4210 6464
164 377 266 439 797

1165 385 1392 446 SCALA
1422 386 1796 448 PARADISL
1826 411 1896 427 -
1920 391 2226 455 GRADUS
2261 396 2360 459 VI.

3285 403 3390 466 798

163 489 199 541 ἃ
220 487 459 560 ἑώρακεν
488 490 546 544 ἐν
573 491 641 562 τῇ
664 491 919 546 ἐκστάσει
950 492 1262 566 ἐξηστηκὼς
1287 496 1510 562 σύννους
1537 496 1732 564 οὕτως,
1760 501 1807 560 Α

1831 517 2025 558 morae
2047 507 2304 560 comtttad
2355 506 2608 580 agitatus,
2639 524 2671 565 a
2732 509 2988 568 fratribus
3043 510 3311 574 inventus,
3339 522 3394 565 et

163 579 240 642 ὡς
272 582 534 651 μηδέποτε
557 583 649 638 ἐπὶ
677 585 880 656 Κυρίου
911 587 988 656 (a)
1014 587 1076 640 τὸ
1101 587 1230 642 ίδιον
1249 584 1379 660 ἦθος
1403 589 1723 657 ἀλλοιώσας,

163 670 280 720 ἀλλ’
307 669 494 734 ἔκνους
517 672 622 737 ἀεὶ,
647 675 740 728 καὶ
762 673 970 746 δάκρυα
1000 676 1177 747 θερμὰ
1197 676 1435 750 ἀψοφητὶ
1460 679 1581 734 καθ’
1603 680 1727 734 ὅλου

165 763 544 832 προχεόμενος.
581 764 709 818 Ὅτε
735 765 791 818 δὲ
822 766 1052 836 ἤμελλεν
1076 766 1349 838 τελευτᾷν,
1383 769 1728 841 ἀναφράξαν-

163 871 254 917 τες
284 855 382 926 τὴν
411 855 579 926 Θύραν
629 855 1072 928 εἰσεληλύθαμεν,
1105 859 1200 912 καὶ
1248 858 1417 912 πολλὰ
1463 861 1722 932 δυσωπή-

166 963 378 1009 σαντες,
435 947 590 1000 τοῦτο
639 949 731 1001 καὶ
784 949 943 1018 μόνον
990 951 1116 1021 παρ’
1162 949 1324 1005 αὐτοῦ
1373 951 1690 1022 ἀκηκόαμεν
1709 970 1724 985 ο

166 1037 562 1107 Συγχωρήσατε
582 1054 598 1069 ·
653 1038 824 1104 οὐδεὶς
881 1041 1097 1110 μνήμην
1157 1041 1388 1096 θανάτου
1453 1041 1727 1110 ἐγνωκὼς,

164 1125 452 1193 δυνήσεται
485 1126 797 1197 ἀμαρτῆσαί
827 1144 976 1182 ποτε.
1020 1129 1212 1199 Ἡμεῖς
1255 1130 1312 1184 δὲ
1343 1131 1728 1202 ἐθαμϐούμεοα

164 1217 257 1270 τὸν
285 1216 456 1280 οὕτως
483 1217 672 1290 πρώην
703 1218 882 1289 άμελῆ
913 1219 1169 1290 ὁρῶντες,
1201 1219 1374 1285 οὕτως
1406 1221 1600 1294 ἀθρόον
1631 1241 1730 1293 με·

163 1311 594 1381 ταμορφωθὲντα
635 1310 734 1380 τὴν
789 1311 1062 1382 μακαρίαν
1100 1312 1383 1368 ἀλλοίωσιν
1432 1316 1528 1368 καὶ
1566 1333 1728 1386 μετα-

168 1402 452 1472 μόρφωσιν
471 1417 484 1431 ο
517 1401 782 1471 θάψαντες
809 1402 866 1455 δέ
889 1403 1052 1458 αὑτδν
1077 1403 1239 1468 ὁσίως
1275 1404 1333 1458 ἐν
1359 1405 1437 1476 τῷ
1463 1423 1730 1478 κοιμητη-

167 1494 274 1565 ρίῳ
304 1493 382 1564 τῷ
407 1493 633 1564 πλησίον
660 1492 754 1547 τοῦ
782 1493 1022 1564 κάπρου
1039 1511 1053 1524 ·
1091 1495 1211 1564 μεθ’
1236 1497 1450 1567 ἡμέραν
1477 1498 1734 1570 ἐπιζητήο

166 1603 364 1649 σαντες
402 1586 463 1639 τὸ
509 1587 663 1654 ἆγιον
704 1585 868 1640 αὐτοῦ
900 1585 1168 1656 λείψανον,
1198 1589 1296 1658 οὐχ
1325 1588 1558 1660 εὕρομεν
1578 1607 1592 1621 ·
1635 1591 1732 1644 τοῦ

163 1676 376 1746 Κυρίου
408 1676 502 1729 καὶ
532 1677 589 1729 ἐν
619 1675 792 1746 τούτῳ
821 1677 921 1747 τὴν
948 1679 1427 1748 μεμεριμνημένην
1457 1679 1618 1734 αὐτοῦ
1639 1681 1734 1733 καὶ

162 1767 480 1832 ἀξιέπαινον
511 1769 796 1838 μετάνοιαν
822 1768 1352 1840 πληροφορήσαντος,
1381 1771 1586 1833 πάντας
1607 1773 1733 1834 τοὺς

167 1860 544 1930 βουλομένους,
581 1859 675 1913 καὶ
721 1860 857 1930 μετὰ
907 1860 1108 1933 πολλὴν
1147 1862 1404 1931 ἀμέλειαν
1438 1863 1734 1934 διορθώσα-
1765 1841 1807 1896 Β

167 1952 297 2005 σθαι
327 1951 403 2022 (6)
426 1968 439 1982 ·
473 1951 660 2024 ὥσπερ
689 1952 789 2023 τὴν
832 1951 1068 2007 ἄϐυσσον
1095 1953 1386 2024 ἀπέρατον,
1422 1955 1565 2018 τινὲς
1597 1951 1734 2010 εἶναι

163 2045 441 2116 ὁρίζονται
455 2060 470 2075 ο
486 2044 646 2098 τόπον
662 2043 768 2115 γὰρ
784 2043 954 2115 αὐτὴν
976 2043 1231 2098 καλοῦσιν
1244 2045 1610 2116 ἁπὺομαντον.
1632 2045 1732 2100 Οὖ-

163 2139 326 2206 τωςή
355 2136 448 2190 τοῦ
479 2135 706 2190 Θανάτου
747 2135 922 2190 ἔννοια
948 2135 1219 2207 ἄφθαρτον
1246 2138 1338 2191 καὶ⁹
1387 2136 1484 2208 τὴν
1511 2137 1737 2205 ἁγνείαν

165 2231 266 2284 καὶ
275 2231 373 2301 τὴν
393 2231 653 2302 ἐργασίαν
669 2230 948 2300 κέκτηται.
965 2228 1285 2284 Βεϐαιοῦται
1301 2229 1360 2283 δέ
1376 2229 1436 2282 τὺ
1451 2231 1569 2301 είρη
1577 2230 1734 2299 μένον

163 2324 196 2376 ὁ
220 2321 616 2394 προειρημένος
639 2321 966 2392 ὃσιος.Φόϐῳ
983 2321 1145 2391 φόϐον
1164 2321 1425 2392 διηνεκῶς
1443 2322 1494 2375 οἱ
1509 2323 1735 2376 τοιοῦτοι

166 2417 702 2489 προσλαμϐάνοντες,
729 2418 792 2470 οὐ
823 2419 1087 2470 παύονται
1113 2416 1274 2488 ἄχρις
1315 2415 1383 2473 ἂν
1411 2418 1504 2470 καὶ
1535 2416 1673 2489 αὕτη
1700 2418 1736 2489 ἠ

165 2510 283 2564 τῶν
313 2510 513 2564 ὀστέων
561 2509 907 2581 ἐκδαωνηοῇ
950 2507 1196 2580 δύναμις.
1247 2508 1428 2581 Δῶρον
1465 2509 1602 2564 Θεοῦ
1642 2511 1737 2564 καὶ

163 2605 334 2660 τοῦτο
365 2605 504 2677 μετὰ
545 2607 762 2660 πάντων
791 2605 1011 2675 ἀγαθῶν
1041 2599 1178 2660 εἶναι
1211 2606 1434 2669 ἑαυτοὺς
1466 2605 1739 2676 πληροφο-

170 2701 465 2771 ρήσωμενο
513 2700 638 2752 ἐπεί
691 2716 810 2762 πως
857 2697 1116 2762 πολλάκις
1161 2697 1256 2752 καὶ
1302 2698 1362 2752 ἐν
1403 2698 1584 2761 αὐτοῖς
1626 2699 1738 2761 τοῖς

171 2796 425 2866 μνήμασι
446 2794 898 2868 παραγενόμενοι,
917 2792 1208 2864 άδάκρυτοί
1229 2808 1372 2855 τινες
1391 2792 1484 2846 καὶ
1513 2791 1738 2862 σκληροὶ

168 2888 504 2960 διαμένομεν
520 2904 534 2919 ο
560 2886 714 2950 ἐκτὸς
742 2886 799 2940 δὲ
822 2885 921 2956 τῆς
947 2885 1200 2956 τοιαύτης
1229 2883 1460 2956 θεωρίας
1488 2883 1739 2938 πλειστά-

171 2998 266 3045 κις
307 2978 788 3050 καταπσσὼμεθα.
845 2979 905 3032 '0
957 2979 1172 3031 πάντων
1219 2977 1528 3047 νεκρωθεὶς,
1583 2969 1738 3038 οὗτος

171 3072 411 3127 θανάτου
438 3072 838 3144 ἐμνημόνευσεν
856 3084 873 3102 θ
903 3072 932 3123 ὁ
959 3070 1018 3124 δὲ
1045 3069 1124 3122 ἐτι
1156 3070 1420 3138 σχετικὺς,
1443 3068 1506 3122 οὐ
1543 3067 1737 3138 σχολά-

1827 608 1996 664 prope
2044 596 2315 652 exanimis
2374 608 2688 670 reportatus
2730 611 2832 657 est.
2886 602 3003 658 Non
3059 601 3391 658 committam

1826 685 1959 755 quin
1996 687 2088 742 tibi
2119 689 2281 743 etiam
2311 690 2536 746 solitarii
2593 691 2738 748 illius
2757 692 3058 750 Chorebitae
3087 695 3286 749 factum
3299 709 3394 748 ex-

1827 791 2048 846 ponam.
2085 778 2184 835 llic
2212 780 2488 852 prioribus
2519 784 2700 850 annis,
2732 784 2972 854 neglecta
3002 801 3224 855 prorsus
3277 785 3394 840 ani-
3457 815 3460 818 ~

1827 884 1930 923 mae
1975 885 2101 925 cura
2131 881 2186 926 et
2213 873 2412 934 salute.
2443 877 2496 930 in
2524 892 2736 930 summa
2767 877 2887 932 vita:
2915 877 3180 948 religiosae
3221 878 3392 947 negfi-

1828 959 2008 1028 gentia
2046 964 2375 1020 versabatur.
2417 963 2656 1020 Tandem
2689 967 2837 1038 gravi
2894 967 3125 1023 alllictus
3177 971 3389 1031 morbo,

1828 1066 1952 1105 cum
1981 1051 2049 1106 ad
2074 1064 2313 1110 extrema
2356 1070 2524 1126 prope
2547 1058 2800 1125 venisset,
2826 1058 2892 1114 ad
2915 1059 3079 1115 unius
3097 1060 3242 1114 horae
3267 1075 3392 1129 spa-

1829 1149 1962 1204 tium
1992 1148 2100 1203 vita
2125 1151 2345 1206 omnino
2377 1151 2608 1208 cessisse
2635 1152 2936 1210 videbatur.
2962 1153 3066 1208 Sed
3098 1154 3190 1209 ubi
3219 1154 3285 1208 ad
3337 1170 3395 1210 se

1830 1241 2009 1306 rediit,
2035 1244 2242 1314 rogavit
2267 1259 2369 1300 nos
2400 1259 2590 1300 omnes
2619 1244 2698 1300 uti
2748 1247 3148 1316 quamprimum
3203 1262 3393 1303 omnes

1830 1333 1900 1386 ab
1928 1331 2020 1387 illo
2065 1335 2453 1391 recederemus.
2483 1335 2786 1407 Statimque
2814 1336 2961 1392 cellae
2993 1351 3108 1392 suae
3165 1327 3393 1406 ianuam

1831 1424 2120 1490 obstruxit,
2151 1426 2455 1496 mansitque
2483 1426 2558 1483 ita
2589 1428 2831 1483 inclusus
2861 1442 3034 1484 annos
3058 1437 3198 1484 totos
3253 1430 3394 1484 duo-

1831 1511 2028 1579 decim,
2058 1513 2268 1570 nullum
2297 1515 2520 1569 verbum
2560 1531 2684 1571 cum
2716 1517 2827 1572 ullo
2862 1517 3097 1584 locutus,
3157 1517 3395 1589 nihilque

1832 1615 2025 1674 praeter
2071 1619 2267 1676 aquam
2305 1614 2361 1662 et
2386 1621 2583 1678 panem
2633 1610 2901 1680 gustabat.
2934 1610 3037 1667 Sed
3090 1611 3278 1667 eodem
3338 1613 3393 1668 in

1833 1695 1951 1750 loco
1991 1697 2270 1763 sessitans,
2301 1711 2362 1753 ea
2396 1713 2517 1767 quae
2547 1699 2600 1753 in
2629 1715 2852 1756 excessu
2885 1702 3094 1757 viderat
3125 1704 3198 1757 ita
3245 1703 3393 1771 cogi-

1835 1787 2110 1843 tabundus
2143 1789 2469 1856 revolvebat,
2495 1800 2556 1847 ut
2587 1808 2866 1864 nunquam
2897 1795 3098 1864 proprii
3151 1795 3392 1865 corporis

1835 1889 2035 1937 statum
2068 1891 2124 1938 et
2153 1883 2397 1938 habitum
2449 1892 2704 1949 mutaret,
2733 1884 2827 1940 sed
2878 1901 3092 1956 semper
3131 1889 3392 1942 attonitus

1833 1981 1888 2025 et
1913 1972 2059 2027 velut
2086 1972 2154 2028 ab
2190 1973 2441 2028 sensibus
2469 1983 2752 2040 avocatus,
2781 1975 2999 2046 altoque
3035 1977 3251 2032 silentio
3302 1979 3394 2033 de-

1835 2061 1975 2117 ﬁxus
2017 2063 2314 2119 calentibus
2357 2063 2615 2136 lacrymis
2649 2067 3019 2122 mandaretur.
3072 2067 3206 2123 Cum
3266 2082 3397 2124 vero

1830 2155 1942 2224 jam
1979 2155 2055 2210 illi
2085 2171 2234 2212 mors
2261 2147 2586 2222 immineret,
2647 2157 2805 2231 1“
2861 2169 2972 2214 tum
3025 2175 3127 2216 nos
3181 2160 3394 2216 effracta

1831 2246 1998 2318 janua
2027 2247 2275 2319 ingressi,
2301 2250 2576 2320 multaque
2608 2252 2808 2320 precati
2862 2252 2965 2306 hoc
2995 2267 3161 2306 unum
3200 2262 3251 2307 et
3305 2268 3397 2307 so-

1836 2337 1945 2392 lum
1994 2339 2064 2394 ab
2096 2341 2188 2394 illo
2241 2341 2602 2396 extorsimus:
2654 2342 2934 2412 Ignoscite,
2993 2343 3183 2413 inquit,
3238 2358 3398 2398 nemo

1837 2429 1929 2500 qui
1953 2431 2144 2486 mortis
2166 2431 2482 2485 memoriam
2512 2430 2693 2484 animo
2727 2430 2982 2496 inﬁxerit,
3006 2448 3243 2504 unquam
3275 2447 3399 2503 pec-

1837 2536 1964 2577 care
1995 2522 2210 2594 poterit.
2241 2521 2362 2587 Quo
2387 2536 2487 2577 nos
2518 2537 2781 2593 responso
2829 2524 3062 2593 perculsi
3114 2525 3398 2594 obstupui-

1838 2629 1982 2680 mus,
2017 2612 2268 2668 admirati
2317 2625 2427 2668 tam
2471 2615 2726 2679 subitam,
2759 2625 2813 2670 et
2842 2616 3052 2670 beatam
3105 2617 3228 2670 vitae~
3285 2632 3400 2672 mo-

1839 2720 2069 2775 rumque
2099 2707 2449 2760 mutationem
2481 2714 2536 2762 et
2563 2708 3047 2778 metamorphosin,
3089 2708 3183 2778 qui
3241 2720 3398 2764 antea

1846 2797 2019 2868 ipsius
2051 2796 2431 2867 negligentiam
2465 2811 2811 2853 noveramus.
2845 2797 3015 2864 Quem
3040 2815 3162 2854 cum
3185 2799 3240 2854 in
3283 2815 3399 2856 cce-

1839 2885 2085 2952 meterio,
2105 2887 2247 2955 quod
2276 2896 2456 2941 castro
2483 2886 2789 2956 proximum
2822 2897 2959 2951 erat,
2982 2888 3388 2958 sepelissemus,

1841 2975 2100 3048 postridie
2123 2977 2421 3032 revisentes
2475 2984 2724 3031 sanctum
2756 2977 2876 3047 ejus
2900 2992 3097 3048 corpus
3121 2979 3175 3033 in
3215 2981 3398 3049 sepul-

1841 3083 1938 3125 cro
1965 3083 2076 3124 non
2115 3068 2348 3138 amplius
2387 3068 2716 3135 invenimus,
2754 3067 2982 3124 Domino
3008 3069 3170 3124 simul
3203 3070 3257 3124 in
3296 3070 3400 3124 hoc

173 3181 262 3218 σει
300 3164 474 3234 ἐαυτῷ
499 3161 879 3224 άντεπίϐουλος
909 3159 1004 3214 ῶν.
1037 3160 1128 3231 Μὴ
1168 3159 1286 3214 Θέλε
1316 3160 1394 3229 (7)
1418 3160 1623 3221 πάντας
1649 3157 1737 3211 διὰ
1764 3177 1806 3236 c

1839 3176 2026 3218 omnes
2054 3161 2301 3224 docente,
2353 3160 2447 3231 qui
2477 3169 2597 3230 post
2629 3160 2843 3230 longam
2906 3162 3068 3216 etiam
3119 3163 3402 3232 praeterita

173 3256 337 3330 λόγον
361 3258 718 3328 πληροφορεῖν
746 3255 845 3327 τὴν
875 3253 1011 3324 πρὸς
1033 3252 1228 3315 αὐτοὺς
1254 3252 1473 3322 ἀγάπην
1494 3265 1510 3282 ο
1540 3250 1738 3321 μᾶλλον

171 3353 234 3406 δὲ
261 3351 397 3405 Θεὸν
435 3348 587 3405 αἰτοῦ
610 3347 811 3417 ταύτην
838 3346 1021 3408 αὐτοῖς
1047 3345 1302 3416 ἀρρήτως
1331 3341 1625 3413 ἐμφανίσαι
1644 3357 1660 3373 ⁸
1689 3342 1740 3395 εί

171 3446 234 3501 δέ
264 3445 364 3517 μὴ,
404 3443 502 3496 οὐκ
527 3441 807 3513 ἐξαρκέσει
842 3456 924 3493 σοι
955 3439 984 3492 ὁ
1013 3436 1201 3508 χρόνος
1229 3435 1365 3506 πρὸς
1405 3435 1615 3506 σχέσεις
1645 3434 1739 3488 καὶ

173 3537 494 3603 κατάνυξιν.
533 3535 624 3604 Μὴ
651 3529 864 3595 άπατῶ,
895 3530 1068 3601 ἄφρον
1097 3528 1320 3599 ἐργάτα,
1349 3527 1523 3598 χρόνῳ
1549 3526 1739 3597 χρόνον

173 3626 529 3699 ἀναπληροῦν
546 3643 561 3658 ο
590 3626 650 3678 οὐ
678 3625 786 3695 γὰρ
807 3622 1027 3694 ἐξαρκεῖ
1048 3622 1083 3691 ἡ
1105 3619 1287 3691 ἡμέρα
1309 3619 1426 3672 οὐδὲ
1453 3618 1513 3671 τὺ
1541 3617 1740 3687 ἐαυτῆς

173 3721 346 3792 χρέος
389 3718 468 3790 τῷ
511 3715 750 3784 Δεσπότῃ
781 3712 1079 3775 ἁνελλιπῶς
1109 3709 1423 3782 πληρῶσαιο
1463 3709 1614 3780 παρὰ
1649 3709 1742 3762 άν-

175 3813 425 3885 Θρὼποις
470 3810 570 3863 οὐκ
614 3807 750 3870 ἔστι,
789 3805 972 3876 φησὶν,
1023 3803 1124 3857 οὐκ
1170 3801 1288 3855 ἐστι
1332 3801 1432 3872 τὴν
1474 3800 1744 3854 ἐνστῶσαν

176 3904 399 3976 ἡμέραν
449 3898 684 3961 εὐσεϐῶς
726 3897 999 3961 διεξιέναι,
1053 3894 1102 3947 εί
1159 3893 1234 3964 μὴ
1288 3892 1461 3963 αὐτὴν
1512 3892 1744 3962 ἐσχάτην

173 3995 388 4058 παντὸς
413 3992 507 4047 τοῦ
543 3992 657 4062 βίου
688 3987 1048 4059 λογισώμεθα.
1083 3987 1192 4040 Καὶ
1221 3985 1406 4056 θαῦμα
1434 3984 1601 4048 ὅντως
1627 3983 1742 4049 πῶς

174 4089 277 4144 καὶ
318 4085 576 4156 Ἕλληνές
621 4100 675 4136 τι
705 4081 940 4135 τοιοῦτον
969 4078 1319 4148 ἐφθέγξαντο,
1355 4075 1477 4130 ἐπεὶ
1518 4075 1612 4129 καὶ
1649 4092 1740 4145 φι-

175 4180 443 4250 λοσοφίαν
466 4177 619 4231 τοῦτο
650 4169 789 4228 εἶναι
812 4171 1102 4244 ὁρίζονται,
1141 4169 1368 4241 μελέτην
1397 4167 1649 4222 θανάτου.

1841 3254 1964 3309 vitae
1989 3252 2370 3315 cessationem,
2401 3259 2458 3307 et
2512 3251 2893 3323 negligentiam
2938 3252 3004 3307 ad
3044 3251 3251 3324 frugem
3317 3268 3403 3309 re-

1843 3346 2030 3410 deunt,
2057 3353 2266 3415 gratam
2299 3344 2402 3401 sibi
2435 3343 2606 3399 fuisse
2639 3342 2824 3413 hujus,
2883 3345 3127 3414 adeoque
3158 3346 3400 3400 omnium

1840 3448 1962 3490 esse
1992 3441 2295 3489 accuratam
2341 3441 2396 3488 et
2422 3432 2744 3487 laudabilem
2770 3433 3165 3503 paenitentiam.
3204 3431 3404 3500 Quem-

1841 3522 2130 3578 admodum
2175 3532 2302 3578 sunt.
2355 3524 2447 3594 qui
2527 3524 2784 3596 abyssum
2838 3539 3099 3594 aquarum
3163 3526 3404 3580 altitudi-

1842 3628 1967 3668 nem
1998 3613 2150 3668 vadis
2198 3623 2468 3668 carentem
2525 3612 2823 3679 deﬁniunt;
2868 3613 3048 3668 locum
3079 3615 3222 3668 enim
3253 3614 3403 3670 illum

1845 3705 2118 3776 appellant
2146 3705 2265 3761 sine
2293 3705 2444 3761 vadis
2470 3704 2663 3778 [fundo
2690 3704 2982 3778 carentem]
3027 3724 3044 3770 ;
3078 3707 3160 3762 sic
3216 3708 3408 3763 mortis

1847 3795 2124 3850 meditatio
2152 3795 2458 3850 castitatem
2492 3805 2772 3860 aeternam,
2806 3805 2860 3851 et
2884 3797 3212 3865 reliquarum
3237 3809 3408 3851 virtu-

1848 3896 1964 3944 tum
1993 3888 2428 3944 exercitationem
2461 3888 2566 3944 ﬁne
2608 3898 2879 3944 carentcm
2911 3889 3188 3958 possidet:
3263 3893 3407 3960 quod

1848 3979 2050 4035 dictum
2082 3988 2304 4035 sanctus
2342 3979 2430 4034 ille
2460 3994 2618 4048 quem
2649 3979 2813 4034 modo
2864 3980 3076 4035 laudavi
3103 3981 3406 4037 conﬁrmat.

1845 4067 1980 4124 Nam
2010 4070 2064 4124 hi
2109 4071 2246 4124 tales
2295 4069 2542 4124 timorem
2577 4071 2774 4124 timore
2802 4079 3003 4140 augent
3030 4070 3269 4137 assidue,
3311 4086 3411 4126 nec

1849 4171 2065 4221 cessant
2129 4165 2320 4219 ahhac
2367 4165 2774 4228 exercitatione,
2833 4164 3003 4219 donec
3075 4164 3238 4220 etiam
3284 4179 3409 4219 ossa

177 4274 530 4332 exhauriant.
600 4269 892 4324 Enimvero
927 4277 983 4323 et
1041 4266 1147 4322 hoc
1200 4279 1416 4336 quoque
1464 4263 1559 4320 Dei
1612 4261 1932 4319 beneﬁcium
1965 4275 2088 4316 esse
2121 4260 2261 4316 inter
2300 4260 2404 4315 alia
2470 4260 2588 4330 ejus
2649 4259 2930 4315 innumera
2998 4261 3139 4317 bona
3199 4263 3413 4333 penitus

177 4368 346 4425 nobis
389 4362 808 4436 persuadeamus
837 4359 1052 4430 quando
1074 4358 1272 4428 saepius
1297 4357 1502 4428 experti
1531 4372 1742 4414 sumus.
1783 4354 1918 4410 Cum
1989 4355 2200 4412 ossaria
2270 4355 2500 4426 tngressi
2552 4354 2755 4409 nullam
2822 4356 3076 4427 lacryma:
3129 4366 3332 4426 guttam
3379 4373 3412 4414 ο

177 4462 366 4524 nobis,
441 4466 697 4528 tanquam
757 4454 946 4511 ferreis
1000 4454 1285 4524 impetrare
1322 4450 1684 4525 [extorquere]
1719 4452 2016 4522 potuimus,
2050 4466 2174 4508 cum
2233 4459 2412 4506 tamen
2463 4459 2615 4506 extra
2679 4451 3047 4521 sepulcrorum
3099 4451 3409 4523 huiusmodi

179 4551 693 4622 contemplationem
723 4549 1017 4618 saepissime
1045 4547 1102 4602 in
1157 4546 1380 4609 luctum,
1409 4553 1464 4599 et
1521 4545 1788 4615 lacrymas
1828 4544 2124 4599 solvamur.
2156 4543 2256 4610 Qui
2293 4542 2536 4598 omnium
2568 4559 2748 4599 rerum
2779 4546 2971 4602 aﬁectu
3001 4544 3288 4602 defunctus
3327 4555 3414 4601 est

179 4647 276 4702 hic
303 4657 431 4700 vere
481 4642 670 4696 mortis
728 4639 1046 4695 memoriam
1121 4637 1435 4708 complexus
1493 4644 1595 4692 est.
1658 4633 1815 4705 145
1852 4636 1954 4702 Qui
1980 4635 2158 4690 adhuc
2186 4649 2365 4689 rerum
2391 4635 2675 4690 desideriis
2714 4645 2948 4699 tenetur,
2989 4637 3103 4706 ipse
3149 4650 3257 4690 non
3288 4648 3411 4688 ces-

181 4750 277 4795 sat
338 4753 463 4794 esse
495 4737 580 4792 sui
654 4735 824 4805 ipsius
873 4733 1175 4789 insidiator.
1215 4730 1338 4786 Noli
1369 4730 1505 4787 velle
1566 4729 1821 4784 omnibus
1857 4728 2108 4784 aﬂectum
2135 4738 2288 4783 tuum
2327 4728 2530 4783 amoris
2551 4743 2679 4796 erga
2723 4729 2844 4785 illos
2876 4729 3150 4784 declarare
3197 4726 3408 4794 verbis;

182 4836 362 4889 Deum
398 4829 575 4900 potius
598 4842 754 4896 roga,
787 4837 846 4881 ut
875 4826 989 4895 ipse
1018 4838 1216 4879 arcano
1245 4836 1354 4893 quo
1381 4828 1557 4891 potest
1585 4819 1748 4875 modo
1787 4828 1906 4875 tuas
1969 4835 2096 4891 erga
2147 4821 2375 4875 alterum
2400 4829 2579 4890 partes
2604 4820 2844 4890 impleat.
2865 4819 3020 4887 Quod
3054 4820 3159 4876 nisi
3199 4819 3410 4878 feceris.

181 4943 298 4983 non
350 4925 519 4979 ullum
563 4921 654 4976 tibi
708 4931 918 4989 tempus
985 4917 1215 4974 sufﬁciet
1265 4917 1334 4972 ad
1384 4915 1774 4972 ostendendum
1839 4915 2080 4970 animum
2138 4924 2290 4970 tuum
2331 4930 2460 4984 erga
2505 4915 2662 4980 alios,
2711 4923 2766 4971 et
2816 4915 2884 4970 ad
2937 4916 3410 4986 compunctionem

183 5016 360 5073 animi
389 5012 756 5070 excitandum.
781 5010 859 5066 Ne
885 5009 1091 5077 fallare,
1152 5009 1348 5066 stolide
1381 5008 1732 5073 mercenarie,
1773 5017 1984 5078 tempus
2032 5017 2274 5078 tempore
2327 5009 2638 5065 redimendo
2669 5027 2684 5063 :
2715 5025 2812 5065 nec
2838 5010 2986 5064 enim
3055 5023 3156 5064 suo
3215 5009 3411 5080 cuique

182 5105 377 5161 debito
405 5102 552 5174 Operi
592 5117 690 5158 sua
712 5101 824 5156 dies
856 5100 1071 5165 suﬂicit,
1103 5107 1162 5153 ut
1221 5099 1354 5154 illud
1387 5097 1497 5152 Deo
1559 5097 1825 5169 integrum
1863 5097 2189 5168 plenumque
2221 5107 2649 5169 repraesentetur.
2685 5098 2828 5156 Fieri
2875 5116 2982 5155 non
3019 5109 3212 5171 potest,
3235 5099 3412 5169 inquit

182 5210 490 5261 nonnemo,
536 5210 644 5250 non
683 5201 858 5264 potest
902 5193 1017 5249 ﬁeri
1045 5194 1186 5248 inter
1244 5192 1541 5256 mortales,
1590 5199 1652 5246 ut
1709 5200 2024 5261 praesentem
2083 5192 2225 5246 diem
2269 5193 2402 5248 satis
2445 5193 2531 5261 pie
2605 5193 2969 5263 religioseque
3022 5191 3401 5261 transigamns,

187 5290 300 5347 nisi
344 5290 501 5344 illum
537 5289 713 5359 ipsum
757 5288 896 5342 diem
941 5287 1105 5342 totius
1171 5285 1292 5339 vitae
1349 5299 1659 5356 supremum
1733 5286 2087 5355 ultimumque
2162 5286 2559 5341 existimemus.
2631 5283 2697 5340 Et
2769 5299 2900 5340 sane
2955 5284 3249 5352 permirum
3302 5287 3406 5345 est,

188 5381 475 5452 quomodo
500 5388 555 5434 et
616 5379 806 5450 pagani
851 5378 1138 5448 scriptores
1173 5377 1247 5448 (b)
1286 5376 1489 5447 aliquid
1549 5375 1613 5433 id.
1644 5392 1818 5448 genus
1851 5378 2276 5448 pronuntiarint,
2315 5378 2410 5448 qui
2459 5378 2699 5434 studium
2763 5376 3040 5447 sapientiai
3086 5375 3222 5430 nihil
3261 5371 3408 5428 aliud

187 5486 317 5527 esse
354 5470 610 5526 dixerunt.
666 5484 828 5539 quam
857 5468 1266 5524 meditationem
1302 5467 1511 5524 mortis.

1926 5695 2001 5766 (b)
2028 5692 2200 5766 Plato.
2223 5690 2355 5749 Vide
2405 5689 2598 5747 Praelat
2662 5701 2901 5748 nostram
2931 5689 2997 5746 ad
3027 5689 3313 5761 Syntagma
3340 5704 3406 5744 ac

268 5707 348 5776 (fa)
578 5700 780 5776 hupiou
823 5701 1038 5776 absunt
1082 5699 1136 5755 in
1188 5697 1502 5771 Augustano
1543 5697 1750 5766 codice,
1926 5695 2001 5776 (b)
2028 5692 2096 5776 Pl:

1861 5763 2211 5822 morientibus.

197 5775 296 5834 sed
322 5774 375 5827 in
399 5771 521 5826 aliis
541 5773 791 5826 omnibus
821 5771 1091 5842 leguntur.
