4210 6464
748 443 854 505 799
1983 422 2043 478 ς.
2069 411 2382 480 JOANNIS

2283 411 2382 472 ΠΒ
2412 412 2710 472 CLlMACI
3840 405 3945 467 800

821 553 922 619 Qui
986 557 1197 603 sextum
1236 546 1380 598 hunc
1424 538 1648 609 gradum
1677 533 1996 596 ascenderit,
2039 530 2296 596 deinceps
2322 523 2372 582 Δ
2465 523 2483 540 ⁸

2287 541 2296 580 ι
2322 523 2372 582 Δ
2465 523 2633 592 Ἕκτη
2659 520 2936 582 ἀνάϐασις·
2963 521 2992 572 ὁ
3008 517 3230 580 ἀναϐας,
3252 536 3312 571 ου
3339 535 3412 588 μη
3438 518 3617 572 Λοιπὸν
3644 520 3949 588 ἀμαρτησει

755 607 865 701 ηαδ
903 639 1142 710 peccabit
1171 607 1448 702 unquam:
1475 649 1493 681 ι
1541 629 1836 684 Memorare
1865 624 2157 681 novissima
2186 629 2300 684 tua,
2401 631 2417 666 ι

2292 660 2300 684 ,
2401 615 2530 667 ποτέ
2583 633 2604 664 r
2642 613 3120 683 ’Υπερμιμνήσκου
3157 609 3227 662 τὰ
3252 610 3452 680 ἐσχατά
3482 627 3593 673 σου,
3630 609 3722 662 καὶ
3748 610 3827 670 εἰς
3859 607 3954 658 τὸν

754 735 877 790 etin
903 704 1160 786 aeternum
1190 739 1294 779 non
1319 719 1567 792 peccabis
1594 718 1688 770 “.o
2401 724 2416 760 ι

1445 719 1567 774 abis
1594 718 1688 770 “.i
2401 707 2572 760 αίῶνα
2600 706 2661 759 οὐ
2689 705 2763 776 μὴ
2788 704 3060 776 ἁμάρτῃς.
3091 723 3107 756 ι

1101 853 1385 912 SCHOLIA
1416 853 1506 906 AD
1547 845 1834 906 GRADUM
1863 845 1948 902 Vl.

1872 845 1948 902 Vl.
2781 841 3027 892 :ontA
3075 839 3183 892 Et:
3216 837 3438 892 ΛΟΓΟΝ
3474 839 3534 906 ς,-

1396 966 1468 1019 De
1495 974 1680 1018 morte.
2949 959 3058 1022 nep

2949 955 3087 1022 Περί
3120 954 3395 1009 θανάτου.

1366 1055 1610 1111 Scholion
1646 1054 1699 1110 1.
2996 1050 3028 1100 Σ

1682 1093 1699 1110 .
2996 1050 3041 1100 Σ
3043 1048 3251 1114 χόλιον
3281 1053 3341 1098 α’.

829 1160 908 1216 Ex
941 1155 1134 1210 mortis
1159 1149 1418 1206 memoria
1451 1149 1532 1202 ha:
1575 1155 1689 1200 tres
1717 1144 1944 1197 virtutes
1979 1139 2253 1195 exsistunt
2292 1157 2303 1192 :

2300 1159 2303 1192 ;
2493 1140 2586 1192 Ἐκ
2628 1141 2725 1209 τῆς
2770 1139 2990 1209 μνήμης
3019 1137 3244 1191 θανάτου
3278 1136 3569 1204 γεννῶνται
3610 1138 3756 1206 τρεῖς
3803 1127 3962 1188 αὗται

764 1251 940 1306 nudus
971 1249 1040 1301 ab
1060 1244 1309 1299 omnibus
1353 1240 1514 1294 rebus
1563 1235 1920 1307 prmsentibus
1947 1233 2190 1297 allectus,
2220 1247 2309 1287 as-
2409 1231 2426 1284 ὲ

2303 1261 2309 1270 -
2409 1229 2622 1301 ἀρεταὶ,
2652 1229 2685 1298 ἡ
2712 1227 3105 1296 ἀπροσπάθεια,
3137 1229 3169 1297 ἡ
3196 1227 3533 1288 ἀδιάλειπτος
3555 1227 3848 1294 προσευχὴ,
3876 1225 3965 1278 καὶ

763 1344 919 1400 sidua
945 1339 1139 1400 oratio,
1171 1343 1226 1390 et
1262 1333 1458 1387 mentis
1483 1328 1748 1386 custodia.
2412 1323 2425 1372 1‘

1304 1333 1458 1387 tentis
1483 1328 1748 1386 custodia.
2412 1323 2447 1391 ἡ
2468 1319 2562 1372 τοῦ
2589 1321 2703 1382 νοὸς
2733 1318 2966 1388 φυλακή.

1374 1422 1620 1477 Scholion
1649 1420 1703 1472 ‘2.
3021 1415 3036 1465 ;

1701 1461 1703 1470 ι
3021 1413 3272 1486 Σχβμισν
3301 1410 3363 1480 β’.

733 1527 736 1531 ’
836 1521 1038 1583 Mortis,
1073 1516 1265 1587 inquit,
1286 1511 1649 1570 consideratio
1679 1509 1800 1564 illos
1822 1507 1916 1578 qui
1934 1507 2036 1562 sub
2066 1505 2317 1575 religiosa

2306 1521 2317 1560 ι
2493 1503 2558 1556 Ἦ
2602 1503 2694 1556 τοῦ
2730 1503 2980 1566 Θανάτου,
3021 1504 3203 1573 φησὶν,
3237 1503 3413 1556 ἔννοια
3463 1504 3585 1564 τοὺς
3631 1503 3688 1554 ὲν
3720 1503 3968 1567 ὑποταγῆ

767 1610 1051 1680 disciplina
1068 1609 1273 1670 vivunt,
1293 1603 1465 1658 reddit
1485 1603 1733 1656 laborum
1759 1599 2039 1670 patientes,
2055 1595 2320 1666 eﬂieitque
2417 1612 2429 1646 ι

2299 1611 2320 1650 e
2417 1595 2746 1667 φερεπόνους
2781 1597 2943 1659 ποιεῖ,
2972 1596 3065 1647 καὶ
3097 1597 3216 1658 ταῖς
3245 1593 3487 1662 ἀτιμίαις
3513 1593 3802 1664 ἡδομένους
3833 1595 3961 1662 μᾶλ-

772 1714 829 1759 υι
863 1701 1173 1772 ignominiis
1212 1696 1386 1767 magis
1437 1694 1774 1749 delectentur
1818 1708 1833 1744 :
1880 1688 2137 1745 sobtariis
2193 1703 2322 1741 vero
2416 1686 2434 1738 2

2310 1706 2322 1738 ι
2416 1686 2526 1748 λον,
2577 1685 2703 1748 τοὺς
2751 1685 2808 1737 δὲ
2852 1686 2913 1736 ὲν
2965 1685 3161 1756 ἡσυχίᾳ
3215 1684 3532 1753 ἀφρόντιδας
3584 1685 3676 1736 καὶ
3727 1684 3862 1754 μόνῃ
3908 1687 3972 1749 τῇ

777 1793 933 1864 146
955 1807 1170 1847 omnem
1200 1803 1378 1842 rerum
1414 1788 1772 1840 humanarum
1813 1795 2001 1835 curam
2028 1779 2218 1836 eximit
2263 1786 2325 1834 ut
2357 1852 2400 1864 _
2421 1796 2439 1832 ε

1931 1797 2001 1835 tm
2028 1779 2218 1836 eximit
2263 1786 2325 1834 ut
2357 1852 2400 1864 _
2421 1780 2576 1850 εὐχῇ.
2600 1780 2696 1832 καὶ
2722 1779 2788 1848 τῇ
2814 1779 3084 1847 προσευχῇ
3112 1776 3464 1844 σχολάζοντας
3489 1775 3593 1828 ἀεί.

773 1889 903 1945 solis
940 1884 1187 1955 precibus
1217 1889 1270 1935 et
1297 1876 1730 1934 meditationibus
1768 1882 1978 1928 vacent.
2357 1852 2403 1912 Β

1329 1970 1576 2026 Scholion
1609 1966 1774 2021 aliud.
2977 1962 2991 2012 λ

1771 2007 1774 2018 .
2977 1959 3232 2027 Σχόλιον
3260 1956 3433 2010 ἄλλο.

846 2065 1191 2122 Αιιιιοιιοτοιεε
1241 2061 1333 2131 qui
1401 2075 1458 2114 se
1517 2058 1720 2112 mundo
1764 2053 2102 2116 abdicarunt,
2147 2066 2332 2106 amore
2498 2053 2508 2072 '

2320 2066 2332 2105 ι
2498 2053 2622 2114 Τοῖς
2639 2052 3019 2122 ἀναχωρήσασι
3047 2050 3142 2121 μὲν
3161 2047 3254 2102 τοῦ
3276 2046 3500 2117 κόσμου,
3527 2044 3600 2115 μὴ
3621 2043 3982 2113 κτησαμένοις

779 2157 1107 2232 paupertatis
1143 2163 1197 2209 et
1234 2153 1461 2223 propriae
1506 2148 1796 2202 voluntatis
1823 2144 2036 2199 excidio
2066 2141 2330 2207 destituti,
2431 2165 2441 2200 4

2323 2182 2330 2206 ,
2431 2144 2829 2216 ἀκτημοσύνην,
2848 2145 2940 2198 καὶ
2959 2141 3198 2213 ἐκκοπὴν
3218 2139 3342 2211 θελη
3350 2139 3553 2210 μάτων,
3574 2136 3798 2204 θόρυϐον
3819 2135 3985 2204 γεννᾷ

779 2255 906 2306 dum
941 2250 990 2303 in
1022 2249 1134 2316 ipsa
1165 2243 1354 2299 mortis
1398 2239 1748 2294 meditatione
1791 2245 2095 2300 versantur,
2124 2242 2334 2304 pertur-
2433 2242 2441 2292 ε

1536 2239 1748 2293 .tatione
1791 2245 2095 2300 versantur,
2124 2242 2334 2304 pertur-
2433 2241 2492 2292 ὲν
2521 2243 2588 2310 τῇ
2621 2238 2808 2310 μνήμῃ
2829 2235 2924 2288 τοῦ
2953 2234 3198 2289 Θανάτου.

782 2344 894 2399 bari
928 2342 1120 2397 solent.

1336 2425 1584 2482 Scholion
1617 2423 1782 2476 aliud.
2991 2420 2998 2469 ;

1777 2460 1782 2475 ι
2991 2414 3243 2484 Σχόλιον
3267 2412 3439 2466 ἄλλο.

859 2525 1006 2596 Apud
1044 2522 1164 2578 illos
1193 2518 1411 2590 quidem
1436 2517 1526 2588 qui
1549 2517 1602 2570 in
1625 2514 1817 2568 mediis
1854 2510 2134 2567 hominum
2163 2509 2339 2566 turbis
2508 2518 2521 2571 1

2321 2525 2339 2566 Β
2508 2513 2665 2585 Παρά
2717 2513 2817 2584 μὲν
2865 2510 2978 2572 τοῖς
3015 2509 3072 2562 ὲν
3115 2507 3262 2578 μέσῳ
3299 2504 3462 2576 γεννᾷ
3505 2504 3696 2565 πόνους
3743 2500 3839 2554 καὶ
3869 2500 3983 2552 ἀδο-

785 2593 993 2678 νίνυ-ιιι,
1036 2620 1183 2668 creat
1233 2611 1446 2665 labores
1500 2616 1555 2661 et
1604 2613 1968 2676 nugamenta,
2014 2614 2110 2657 aut
2165 2603 2343 2672 potius
2441 2611 2447 2662 ξ

2335 2619 2343 2656 ι
2441 2607 2676 2677 λεσχίας,
2713 2603 2912 2674 μᾶλλον
2937 2602 2994 2655 δὲ
3021 2600 3239 2671 ἀτιμίας
3269 2597 3555 2669 ἡδύτητας·
3586 2594 3734 2666 παρά
3775 2594 3833 2646 δὲ
3878 2593 3997 2654 τοῖς

788 2707 1179 2781 ignontiniosas
1202 2705 1501 2773 voluptates
1531 2719 1543 2754 :
1575 2700 1716 2769 apud
1749 2699 1870 2754 illos
1913 2713 2040 2750 vero
2069 2696 2162 2762 qui
2191 2706 2344 2750 extra
2441 2701 2450 2752 Ι

2299 2711 2344 2750 'a
2441 2699 2594 2764 ἐκτὸς
2624 2696 2871 2769 θορύϐου,
2895 2693 3184 2765 φροντίδων
3210 2689 3484 2751 ἀπόθεσιν,
3509 2688 3602 2742 καὶ
3631 2687 3792 2756 εὐχὴν
3817 2685 3961 2754 διηνε

790 2777 1079 2848 tumultum
1121 2792 1344 2861 degunt,
1395 2804 1648 2842 curarum
1704 2785 2058 2852 abjectionem
2100 2793 2264 2854 parit,
2292 2792 2347 2839 et
2444 2810 2452 2844 ε

2337 2793 2347 2837 ι
2444 2792 2537 2862 κῆ,
2572 2790 2667 2844 καὶ
2695 2788 2812 2852 νοὸς
2849 2785 3112 2856 φυλακήν·
3141 2786 3305 2854 ἧγουν
3326 2781 3473 2854 παρὰ
3503 2777 3598 2851 μὲν
3623 2781 3732 2840 τοῖς
3763 2779 3824 2830 ἐν
3848 2777 3999 2845 μέσοι

789 2885 1038 2940 assiduas
1073 2897 1258 2952 preces
1316 2888 1370 2933 et
1409 2878 1604 2932 mentis
1649 2875 1946 2932 custodiant
1977 2895 1990 2930 :
2027 2884 2122 2930 aut
2207 2874 2346 2944 apud
2444 2902 2451 2936 ε

2333 2874 2346 2928 Ι
2444 2885 2648 2952 κόσμου
2695 2881 2944 2951 μοναχοῖς
2992 2877 3208 2947 ἀμελῶς
3246 2875 3400 2939 ζῶσι.
3446 2873 3537 2928 καὶ
3569 2872 3641 2941 μὴ
3669 2870 3811 2924 κατὰ
3837 2868 3995 2923 Θεὸν,

793 2976 1089 3030 monachos
1123 2973 1259 3027 inter
1285 2970 1488 3025 medias
1537 2968 1721 3022 mundi
1765 2966 1950 3022 turbas
1996 2965 2346 3036 negligenter,
2447 2995 2455 3010 ι

2301 2980 2346 3030 Γ,
2447 2973 2639 3036 πόνους
2671 2971 2770 3042 μὲν
2793 2970 2956 3040 γεννᾷ
2983 2969 3102 3038 ητοι
3137 2967 3333 3028 κόπους
3377 2963 3653 3034 ματαίους.
3688 2969 3781 3014 και
3813 2958 3961 3012 ἀδολε

794 3084 895 3123 nec
933 3063 1229 3122 secundum
1257 3063 1422 3117 Deum
1443 3062 1701 3125 viventes,
1732 3061 1945 3115 labores
1965 3059 2183 3129 quidem
2209 3058 2351 3129 parit
2450 3087 2456 3116 ι

2333 3065 2351 3112 ι
2450 3066 2624 3136 σχίας,
2663 3066 2780 3135 ἦτοι
2811 3063 3000 3130 λόγους
3042 3058 3328 3128 ἀνωφελεῖς
3370 3063 3464 3110 καὶ
3508 3070 3856 3125 μωρολογιας,
3906 3053 3995 3102 κα“·

797 3167 894 3213 aut
921 3157 1140 3212 inutiles
1178 3153 1592 3223 defatigationes
1615 3162 1668 3207 et
1701 3152 2038 3220 nugationes,
2070 3161 2163 3205 aut
2183 3151 2351 3204 inuti-
2379 3181 2422 3241 ο
2451 3175 2459 3208 τ

2339 3178 2351 3188 ·
2379 3181 2422 3241 c
2451 3158 2717 3229 ⁴ηδύτητας
2766 3153 3006 3224 ἀτιμίας,
3046 3153 3212 3222 ῆγουν
3255 3148 3610 3218 ἀνηδομένους
3647 3151 3831 3212 ωσπερ
3882 3143 4001 3201 ταῖς

798 3251 876 3305 les
903 3261 1180 3304 sermones
1206 3255 1260 3302 et
1285 3245 1613 3314 stultiloquia
1628 3252 1682 3298 et
1699 3242 2082 3298 delectationes
2099 3240 2349 3298 infames.
2384 3232 2422 3241 V
2452 3273 2460 3305 ι

2341 3283 2349 3298 -
2384 3232 2422 3241 V
2452 3250 2694 3320 ἀτιμίαις
2727 3247 2823 3318 (a)°
2856 3243 3003 3316 παρὰ
3033 3243 3090 3297 δὲ
3121 3243 3231 3304 τοῖς
3263 3239 3416 3301 ὲκτὸς
3451 3234 3697 3306 θορύϐου.
3739 3232 4003 3284 ἀπόθεσιν

1934 3334 2463 3404 ...apudt

2345 3334 2356 3388 Ι
2455 3337 2746 3409 φροντίδων
2782 3334 2874 3390 καὶ
2918 3333 3101 3404 εὐχὴν,
3132 3331 3226 3385 καὶ
3257 3331 3373 3392 νοὸς
3402 3327 3664 3398 φυλακήν
3699 3323 3858 3393 ἔργον
3894 3321 4007 3389 γὰρ

801 3434 921 3488 illos
951 3432 1043 3503 qui
1095 3438 1246 3486 extra
1299 3428 1578 3482 hominum
1629 3435 1801 3480 coetus
1851 3425 2072 3495 degunt,
2103 3439 2355 3480 curarum
2456 3451 2463 3466 ι

2343 3442 2355 3479 I
2456 3431 2661 3493 τούτοις
2687 3431 2740 3483 αί
2760 3427 2969 3481 ἐντολαὶ
3002 3424 3093 3478 τοῦ
3127 3421 3358 3491 Χριστοῦ
3383 3421 3474 3475 καὶ
3493 3420 3527 3490 ἡ
3557 3422 3688 3484 πρὸς
3711 3413 3875 3468 αὐτὸν
3907 3413 4005 3464 ὲπ·

803 3525 1223 3589 abdicationem,
1253 3532 1305 3576 et
1331 3536 1515 3590 preces
1564 3527 1618 3572 et
1663 3516 1861 3572 mentis
1895 3517 2197 3572 custodiam
2227 3536 2242 3573 :
2273 3519 2360 3575 his
2458 3521 2663 3586 ἀνοδος.

802 3619 948 3674 enim
979 3632 1122 3671 cura:
1147 3622 1272 3670 sunt
1293 3622 1553 3682 praecepta
1577 3609 1775 3665 Christi
1809 3618 1862 3664 et
1889 3609 2093 3666 reditus
2120 3625 2214 3664 seu
2231 3625 2357 3665 con-

805 3709 980 3765 versio
1002 3707 1067 3761 ad
1089 3705 1254 3760 illum.

1424 3790 1668 3847 Scholion
1693 3790 1737 3844 5.
3051 3784 3086 3834 Σ

3051 3783 3298 3851 Σχόλιοι·
3344 3789 3405 3848 γ’.

880 3886 1092 3944 Oblivio
1120 3885 1495 3940 mandatorum
1535 3881 1649 3944 Dei,
1681 3889 1736 3936 et
1787 3878 1938 3933 liberi
1995 3879 2204 3934 arbitrii
2243 3895 2354 3950 per-
2531 3895 2542 3933 Α

2344 3912 2354 3920 -
2531 3879 2681 3948 Λήθη
2707 3876 2813 3929 τῶν
2843 3876 2998 3929 θείων
3021 3873 3267 3938 ἐντολῶν,
3297 3872 3389 3925 καὶ
3412 3871 3740 3942 παρατραπη
3768 3866 3859 3920 τοῦ
3883 3869 4006 3920 αυτ-

812 3982 1040 4036 versitas
1055 3994 1148 4034 cor
1170 3984 1463 4039 excaacant,
1486 3982 1539 4028 et
1561 3972 2067 4042 mentemstupidam
2086 3971 2360 4029 efﬁciunt;
2464 3991 2474 4026 ι

2351 3995 2360 4029 ;
2464 3971 2704 4036 εξουσίου
2738 3967 2960 4039 καρδίαν
2990 3966 3418 4035 πεπωρωμένην,
3451 3964 3542 4018 καὶ
3563 3962 3687 4017 νοῦν
3709 3961 4013 4030 αναλγητυν

814 4075 957 4126 sivec
977 4079 1151 4134 ontra,
1187 4079 1416 4121 mentem
1448 4074 1740 4132 excaecant,
1772 4074 1827 4120 et
1854 4079 1948 4120 eor
1972 4065 2225 4120 insensile
2251 4068 2366 4121 sive
2463 4065 2476 4117 ι

2348 4081 2366 4120 3
2463 4060 2879 4132 ἀπεργάζονται·
2934 4056 2968 4122 ἦ
3017 4056 3079 4109 τὸ
3131 4054 3381 4125 ἔμπαλιντ
3421 4053 3546 4107 νοῦν
3589 4050 4010 4120 πεπωρωμένον,

812 4176 1034 4216 saxeum
1077 4156 1322 4213 reddunt.
2467 4174 2474 4208 ε

2467 4155 2560 4208 καὶ
2583 4153 2805 4224 καρδίαν
2833 4149 3148 4220 ἀνάλγητον.

1424 4242 1666 4298 Scholion
1697 4243 1744 4298 4.
3066 4244 3086 4294 1

1743 4283 1744 4294 ι
3066 4242 3320 4310 Σχόλιον

881 4340 1013 4406 Quae
1035 4337 1154 4392 aliis
1180 4344 1306 4390 sunt
1337 4332 1500 4387 ardua
1519 4341 1570 4385 et
1594 4330 1856 4396 difticilia,
1891 4331 2004 4386 haec
2034 4331 2199 4402 probe
2220 4347 2364 4386 exer-
2535 4341 2543 4360 '

2323 4349 2364 4385 I'-
2535 4340 2616 4392 Τά
2640 4335 2844 4406 ἑτέροις
2866 4333 3121 4404 δυσχερῆ,
3150 4336 3259 4396 τοῖς
3288 4337 3428 4384 κατα
3465 4329 3658 4400 πρᾶξιν
3697 4325 3985 4397 εὐδοκιμοῖ)

815 4428 996 4481 citatis
1023 4434 1149 4480 sunt
1181 4422 1359 4492 gaudii
1386 4431 1440 4475 et
1466 4420 1684 4489 tripudii
1709 4436 1869 4474 causa
1903 4429 1956 4474 et
1986 4436 2117 4475 ansa
2143 4439 2157 4476 :
2187 4431 2369 4490 utpote
2470 4448 2477 4478 ι

2348 4437 2369 4475 L3
2470 4445 2554 4480 σιν
2577 4426 2961 4495 ἀγαλλιάσεως,
2997 4423 3089 4476 καὶ
3113 4420 3372 4491 θυμηδίας
3405 4419 3553 4473 αἴτια
3572 4419 3828 4486 γίνονταγ
3862 4417 4010 4484 εὐχά

815 4519 907 4586 ιμιί
938 4515 1040 4571 sibi
1081 4513 1390 4567 facilitatem
1441 4524 1544 4564 usu
1603 4508 1719 4577 ipso
1747 4509 1798 4561 in
1837 4507 1919 4562 his
1945 4518 2283 4577 pepererunt,
2312 4516 2365 4561 et
2393 4517 2438 4574 ι)
2468 4541 2477 4592 1

2353 4516 2438 4574 ιι)
2468 4537 2616 4592 ρειαν
2665 4520 2727 4570 ἐκ
2780 4516 2969 4585 πείρας
3024 4511 3158 4582 πρὸς
3213 4509 3383 4562 ταῦτα
3428 4506 3742 4576 κτωμένοις,
3789 4506 3880 4557 καὶ
3939 4508 4015 4564 εἰς

821 4625 915 4679 per
947 4624 1009 4662 ea
1035 4607 1100 4661 ad
1133 4602 1510 4675 perfectionem
1535 4599 1894 4668 profecerunt.
1920 4597 2216 4668 lmperfecti
2241 4614 2370 4652 vero
2473 4629 2483 4664 τ

2356 4615 2370 4652 ³
2473 4608 2752 4682 προκοπὴν
2797 4604 3129 4674 τελειότητος
3162 4600 3474 4670 φθάνουσιν.
3509 4598 3569 4650 Ol
3597 4597 3640 4649 δ’
3679 4597 3759 4648 ἔτι
3809 4594 4018 4654 ἀτελεῖς

819 4714 928 4754 non
960 4700 1076 4752 sine
1133 4693 1316 4749 labore
1362 4690 1490 4745 talia
1525 4689 1813 4758 attingunt,
1875 4689 1921 4744 si
1975 4698 2152 4743 tamen
2205 4689 2371 4743 attin-
2472 4723 2481 4755 ε

2091 4704 2152 4743 ευ
2205 4689 2371 4743 δηίη·
2472 4705 2622 4772 κόπῳ
2645 4700 2815 4754 ταῦτα
2849 4694 3218 4768 μετέρχονται,
3241 4693 3348 4745 κᾶν
3376 4689 3753 4760 μετέρχωνται.

817 4795 971 4859 gunt.

1433 4868 1683 4925 Scholion
1711 4868 1760 4923 5.
3064 4868 3095 4918 Σ

3064 4867 3109 4918 Σ
3111 4865 3319 4933 χόλων
3363 4870 3423 4914 ε’.

887 4965 1058 5032 Adeo,
1094 4963 1288 5033 inquit,
1318 4959 1508 5016 habuit
1544 4957 1863 5012 familiarem
1893 4959 2205 5014 memoriam
2229 4975 2366 5014 mor--
2541 4964 2549 4982 '

2356 4991 2366 5002 --
2541 4963 2840 5030 Τοσαυτην,
2875 4957 3057 5028 φησὶν,
3092 4955 3246 5024 ἔσχεν
3291 4952 3497 5006 ἔνοικον
3535 4948 3633 5020 την
3668 4950 3888 5017 μνήμην
3923 4949 4018 4999 τοῦ

823 5057 892 5112 tis
923 5054 1222 5111 monachus
1247 5051 1334 5105 hic
1349 5049 1654 5119 Egyptius,
1680 5046 1749 5102 de
1775 5061 1882 5116 quo
1917 5051 2252 5115 memoravit,
2284 5060 2363 5114 ut,
2464 5056 2695 5111 θανάτου
2723 5054 2753 5106 ὁ
2777 5050 2959 5122 ῥηθεὶς
2987 5046 3275 5116 Αἰγύπτιος
3301 5041 3547 5113 μοναχὸς,
3568 5041 3648 5094 ὅτι
3681 5039 3770 5093 καὶ
3791 5037 3895 5090 ὑπὸ
3921 5037 4018 5107 τῆς

821 5148 980 5202 etiam
1004 5143 1292 5198 multorum
1324 5139 1527 5194 dierum
1568 5137 1710 5191 fame
1734 5147 1978 5207 urgente,
2012 5152 2118 5193 non
2135 5142 2368 5208 potuerit
2464 5163 2483 5198 τ

2358 5152 2368 5198 ι
2464 5142 2808 5216 πολυημέρου
2847 5139 3035 5209 πείνης
3059 5133 3516 5204 ἀναγκαζόμενος,
3539 5129 3638 5181 οὐκ
3661 5127 3894 5197 ἠδυνήθη
3918 5126 4020 5196 τὴν

823 5245 1001 5288 tamen
1023 5232 1335 5285 memoriam
1374 5225 1561 5280 mortis
1585 5225 1655 5279 ab
1687 5241 1765 5287 se,
1800 5227 2048 5295 quamvis
2066 5229 2246 5296 vellet,
2276 5247 2363 5287 re-
2467 5257 2485 5308 ι

2349 5259 2363 5272 -
2467 5239 2685 5308 μνήμην
2713 5233 2807 5286 τοῦ
2827 5231 3055 5286 θανάτου
3084 5228 3145 5292 ἐξ
3167 5225 3332 5280 αὐτοῦ
3357 5221 3562 5290 διῶξαι,
3595 5223 3794 5291 καίπερ
3820 5220 4011 5291 βουλη-

823 5322 1038 5394 pellere,
1065 5321 1174 5374 imo
1204 5331 1330 5373 vero
1366 5315 1482 5370 haec
1509 5315 1704 5368 famem
1737 5315 1906 5383 ipsam
1921 5315 2140 5385 depulit.
2464 5329 2485 5384 ρ

2088 5316 2140 5372 it.
2464 5329 2594 5394 θείς’
2626 5326 2759 5383 ἀλλά
2789 5324 2986 5396 μᾶλλον
3014 5321 3151 5392 αὕτη
3180 5320 3281 5392 τὴν
3306 5321 3490 5373 πεῖναν
3516 5316 3750 5381 ἐδίωξεν.

895 5490 936 5521 ’⁸
976 5487 1141 5542 Eccli.
1171 5503 1270 5550 vn,
1301 5486 1390 5540 ιο.

851 5680 863 5693 ,
895 5606 1184 5693 (αγιτοειιε
1217 5614 1534 5693 εριῂτιξνξιξξΑ
1555 5602 1824 5693 ξιξ-ξψιὶ
1852 5604 2362 5693 “tigri-intellectus.
2471 5615 2612 5686 apud
2645 5614 2960 5670 monachos.
2985 5609 3185 5693 Nempe
3213 5622 3319 5662 non
3351 5605 3723 5670 abhorrentes,
3746 5599 4002 5671 dvr;60pé~

824 5672 1004 5764 υςίεεεη
1032 5675 1373 5764 ἐνηδομένοις
1417 5675 1534 5734 ταῖς
1557 5672 1954 5758 ἀτιμίαις,.11ἰ8ἱ
2011 5674 2153 5746 legas
2201 5678 2367 5746 ἦγουν
2471 5705 2486 5740 ι

2349 5701 2367 5734 ν
2471 5672 2602 5764 νοις,
2648 5701 2754 5764 non
2804 5683 3091 5764 respondet
3109 5672 3324 5764 ,ΕΙ-φάε
3365 5677 3516 5748 παρά
3570 5677 3680 5738 τοῖς
3737 5673 4011 5743 μοναγοῖς·

830 5750 904 5822 μὴ
937 5748 1282 5816 ἀνηδθμένοιῖ
1313 5748 1501 5811 ὥσπερ
1524 5748 1642 5822 Im?
1672 5748 1948 5822 ,βτίξὲίαίςν
1984 5748 2097 5800 Si“:
2129 5751 2359 5822 ¹¹⁴³¹¹,ἓ¹¹)·
2473 5748 2813 5814 scribendum
2843 5748 2971 5822 ergo
3001 5748 3362 5821 ἁνηδομένοις.

830 5813 1113 5874 horrentes
1177 5824 1428 5885 tanquam
1488 5813 1554 5866 ab
1612 5813 1902 5868 infamibus
1963 5831 2056 5871 seu
2119 5819 2360 5886 turpibus;
2484 5813 2488 5814 ⁷
2907 5813 2932 5822 "
