4210 6464
232 485 322 545 snt

837 596 1088 664 Σχόλιίιιι
1121 600 1190 657 ς’.

301 691 528 760 Ὥσπερ,
585 691 768 759 φησιν,
830 687 1136 758 ἀμέτρητον
1184 685 1276 738 καὶ
1318 683 1696 752 ἀκατάληπτον
1723 681 1785 733 τὸ

231 784 390 850 βάθος
442 781 543 851 τῆς
594 781 887 850 Θαλάσσης,
944 770 1084 831 οὕτω
1140 780 1235 830 καὶ
1277 779 1338 828 τὸ
1372 775 1522 837 τέλος
1565 775 1785 842 ἁγνείας

225 875 497 943 ἄφθαστον
531 877 626 930 ιηι·
662 873 904 926 τουτέστι
940 871 1088 930 τέλος
1122 870 1196 940 μὴ
1240 869 1362 938 ἔχον
1394 869 1542 937 παρὰ
1583 869 1693 927 τοῖς
1727 865 1784 916 ἑν

227 965 470 1033 αἰσθήσει
503 964 728 1033 καρδίας
757 964 853 1034 τὴν
886 964 1106 1034 μνήμην
1130 960 1224 1014 τοῦ
1254 961 1483 1012 θανάτου
1512 957 1782 1026 κεκτημέ-

225 1076 352 1120 νοις.
400 1057 680 1111 Ἀδύνατον
729 1060 835 1126 γὰρ
887 1054 1170 1125 ἄνθρωπον
1199 1051 1449 1106 ταπεινὸν
1488 1050 1579 1103 καὶ
1610 1049 1784 1117 διηνε-

226 1151 337 1212 κῶς
361 1149 450 1202 τοῦ
481 1149 709 1202 θανάτου
742 1149 1144 1218 μνημονεύοντα
1177 1145 1348 1197 εἰπεῖν
1377 1158 1507 1195 ποτε
1531 1143 1783 1211 φαρισαῖ-

225 1239 359 1302 κῶς,
382 1240 462 1290 ὃτι
488 1238 746 1308 Πέφθακα
769 1240 830 1290 τὸ
854 1237 1002 1300 τέλος
1022 1238 1115 1306 τῆς
1145 1236 1203 1303 ἀγ
1219 1235 1383 1295 νεέας,
1413 1231 1675 1294 τουτέστι,
1699 1228 1784 1281 τέο

226 1333 368 1391 λειος
409 1329 674 1399 ἐγενόμην
703 1332 760 1382 ἐν
794 1328 1139 1398 καθαρότητι·
1175 1333 1204 1378 ο
1230 1325 1339 1396 γὰρ
1367 1323 1588 1376 τοιαῦτα
1613 1319 1783 1388 λέγων

223 1423 325 1474 οὐκ
357 1421 422 1474 ἂν
443 1422 527 1491 εἴη
557 1421 828 1484 ταπεινὸς,
857 1421 951 1473 καὶ
985 1417 1266 1484 συμῧαίνει
1305 1412 1612 1484 θαυμαστὸν
1637 1412 1780 1479 γίνε-

226 1511 371 1573 σθαι,
415 1514 562 1583 παρὰ
603 1512 702 1582 μὲν
731 1511 824 1564 τοῦ
866 1512 1232 1582 τολμήκίαντος
1263 1507 1418 1562 τοῦτο
1449 1505 1640 1568 εἰπεῖν,
1673 1502 1780 1556 οὐδ’

223 1603 418 1674 ἄκροις
463 1602 742 1664 δακτύλοις
789 1599 1122 1670 ἐφάπτεσθαι
1166 1599 1264 1670 τὴν
1294 1596 1578 1653 ἀπάθειαν·
1611 1593 1782 1656 πάθος

223 1695 334 1764 γὰρ
365 1695 398 1762 ἡ
422 1691 692 1755 κενοδοξία
725 1689 1120 1761 χαλεπώτερονο
1151 1688 1302 1759 παρὰ
1326 1685 1382 1740 δὲ
1411 1683 1502 1738 τοῦ
1529 1679 1780 1736 ταπεινοῦ

231 1784 559 1851 ἐφάπτεσθαι
588 1782 684 1852 μὲν
714 1784 792 1844 εἰς
813 1782 991 1850 κόρον·
1020 1783 1085 1850 τῇ
1109 1779 1166 1832 δὲ
1195 1775 1514 1831 ταπεινώσει
1541 1771 1773 1824 ἐλλείπει

230 1875 370 1927 σθαι·
402 1874 542 1926 ὥστε
570 1870 728 1937 εἶναι,
754 1874 856 1925 κάν
875 1874 985 1935 τοῖς
1006 1871 1146 1935 δυσὶ,
1177 1867 1255 1938 τῷ
1281 1884 1342 1919 τε
1360 1861 1601 1933 ταπεινῷ
1622 1860 1700 1928 τῷ
1719 1875 1779 1912 τε

229 1967 484 2037 κενοδόξῳ
503 1967 600 2038 τὴν
624 1967 864 2031 ἇγνειαν,
891 1964 1288 2034 ἀκατάληπτον.

1238 480 1458 536 St:.-\l..-\
1491 475 1856 536 l":\|{.-\DISI.
1989 479 2290 538 ιἰιιριιιιῖς
2333 481 2432 539 Vll

3336 481 3440 542 802

2504 596 2748 648 Scholion
2777 597 2830 646 ti.

1953 682 2436 750 Quemadmodum,
2483 688 2675 756 inquit,
2710 689 2970 741 immensa
3027 690 3081 739 et
3135 687 3438 750 incompre-

1883 767 2050 821 hensa
2082 769 2245 824 maris
2275 781 2358 826 est
2399 772 2651 834 altitudo,
2709 774 2782 828 ita
2847 772 2972 826 linis
3025 780 3188 825 casta:
3244 769 3442 822 mentis

1882 872 2040 926 quem
2073 863 2382 928 assequaris
2408 863 2586 916 nullus
2617 873 2716 925 est,
2747 865 2849 917 hoc
2879 870 2982 927 est,
3014 863 3119 915 line
3139 858 3439 928 caretapntl

1881 960 1975 1002 eos
2003 949 2095 1016 qui
2121 948 2171 1001 in
2203 967 2360 1007 sensu
2391 955 2570 1008 cordis
2597 955 2784 1008 mortis
2806 955 2908 1010 sibi
2933 953 3246 1007 memoriam
3283 951 3438 1023 147

1882 1036 2286 1107 impressernnt.
2327 1042 2465 1098 Fieri
2493 1046 2692 1114 quippe
2715 1047 2858 1098 nulla
2906 1046 3114 1098 ratione
3147 1053 3339 1110 potest.
3379 1051 3439 1096 ut

1883 1124 2044 1180 homo
2088 1127 2376 1193 demissus,
2430 1135 2520 1203 qui
2562 1145 2785 1188 mortem
2825 1134 3040 1189 assidua
3091 1133 3438 1186 meditatione

1881 1215 2123 1279 revolvit,
2148 1233 2268 1272 cum
2307 1220 2576 1277 Pliariszeo
2607 1237 2844 1290 unquam
2865 1223 3037 1275 dicat:
3063 1221 3249 1274 Finem
3276 1221 3442 1274 casti:

1880 1307 2008 1361 tatis
2047 1308 2218 1378 attigi,
2269 1311 2371 1365 hoc
2415 1324 2517 1377 est,
2565 1313 2856 1384 perfectam
2923 1314 3210 1382 puritatem
3263 1312 3440 1367 :naiu

1883 1396 2007 1450 talia
2037 1397 2128 1466 qui
2169 1401 2318 1463 dicit,
2354 1417 2696 1474 nequaquam
2735 1403 2957 1457 humilis
2994 1410 3098 1464 est,
3137 1410 3191 1456 et
3231 1401 3432 1471 permi-

1881 1500 2000 1538 rum
2034 1487 2198 1543 videri
2225 1501 2404 1560 potest
2425 1493 2528 1548 hoc
2548 1496 2763 1564 quidem
2793 1493 2860 1546 ab
2901 1507 2967 1547 eo
2993 1493 3099 1546 dici
3135 1507 3314 1561 posse.
3347 1491 3441 1560 qui

1881 1591 2056 1645 neque
2083 1582 2343 1637 extremis
2366 1584 2548 1654 digitis
2574 1601 2752 1640 veram
2789 1585 2956 1640 animi
2995 1583 3440 1654 tranquillitatem

1882 1673 2113 1744 attigerit
2169 1687 2330 1748 (vana
2379 1685 2578 1754 quippe
2639 1685 2804 1755 gloria
2871 1695 2955 1741 est
3009 1686 3148 1738 inter
3196 1683 3441 1754 graviora

1880 1773 2146 1830 malorum
2173 1777 2457 1836 affectuum
2486 1782 2670 1853 vitia);
2696 1784 2764 1837 ab
2793 1784 2980 1838 humili
2995 1799 3120 1838 vero
3139 1783 3266 1846 dici,
3297 1782 3444 1852 quod

1883 1857 2026 1916 illam
2055 1869 2400 1934 purissimam
2431 1872 2788 1942 integritatem
2815 1883 3094 1927 assecutus
3127 1874 3215 1934 sit,
3244 1882 3326 1926 est
3352 1871 3446 1924 de-

1885 1954 2130 2014 stitutum
2151 1977 2272 2017 esse
2301 1966 2621 2032 humilitate,
2642 1969 2773 2022 adeo
2797 1981 2853 2023 ut
2876 1969 3095 2038 intelligi
3124 1984 3229 2021 non
3250 1968 3440 2036 possit,

226 2059 500 2128 quomodo
522 2060 575 2114 in
596 2059 809 2113 duobus
833 2059 978 2112 hisce
1001 2056 1232 2127 perfecta
1257 2055 1477 2111 castitas
1499 2051 1590 2117 sit,
1607 2049 1663 2103 in
1685 2043 1896 2112 humili,
1923 2047 2164 2120 inquam,
2183 2066 2234 2110 et
2254 2060 2507 2128 superbo,
2525 2076 2619 2115 seu
2640 2077 2789 2116 vana:
2814 2063 2997 2134 gloriae
3021 2063 3201 2117 studio
3234 2062 3440 2117 dedito.

835 2151 1088 2218 Σχόλιον
1115 2148 1178 2212 ζ’.

295 2242 371 2295 Τὸ
395 2241 481 2295 διὰ
515 2241 686 2310 λόγων
722 2241 1074 2312 πληροφορείν
1095 2239 1192 2312 τὴν
1225 2240 1305 2303 εἰς
1325 2238 1529 2302 πάντας
1559 2235 1783 2305 ἀγάπην

222 2332 484 2387 δύσκολόν
512 2332 648 2393 ἐστι,
681 2332 777 2386 καὶ
810 2332 930 2384 λίαν
957 2330 1276 2400 ἀπὸὄλητονο
1307 2330 1368 2383 τὸ
1404 2329 1460 2382 δὲ
1489 2328 1555 2381 δι’
1584 2328 1778 2399 ἔργων,

223 2424 325 2478 καὶ
358 2421 594 2485 εὔκολον,
641 2423 736 2475 καὶ
783 2423 962 2494 ῥᾴδιον
1000 2422 1136 2484 λίαν,
1171 2421 1249 2493 τῷ
1279 2421 1557 2475 σπεύδοντι
1585 2437 1774 2489 κατορ-

226 2514 400 2568 θῶσαι
441 2514 538 2585 τὴν
572 2515 790 2585 ἀρετήν·
828 2515 922 2568 καὶ
956 2513 1090 2580 πῶς,
1118 2513 1368 2569 ἄκουσον.
1423 2512 1652 2582 Ἐπῆλθέ
1697 2529 1782 2576 τις

223 2604 466 2676 ὑϐρίζων
497 2605 641 2676 με,ἢ
673 2605 766 2659 καὶ
789 2604 984 2676 δαίρων
1015 2621 1103 2676 με·
1139 2606 1234 2659 ὲάν
1257 2601 1350 2660 οὖν
1385 2605 1548 2674 λέγω,
1583 2603 1783 2675 καίπερ

223 2697 392 2753 αὐτὸν
414 2697 706 2768 δυνάμενος
729 2695 1052 2767 ἀμύνασθαι,
1079 2697 1154 2768 μὴ
1176 2697 1474 2769 ἀμύνομαι,
1506 2696 1640 2751 ἀλλά
1658 2697 1783 2750 τού-

224 2790 441 2844 ναντίον
460 2791 825 2859 γονοπετήσω,
860 2789 1241 2859 παρακαλέσω,
1275 2789 1650 2862 καταφιλήσω,
1677 2809 1778 2861 χα-

227 2883 457 2953 ρίσομαι
493 2877 575 2947 οἷς
611 2881 863 2952 δύναμαι,
892 2882 1049 2951 δῆλόν
1083 2883 1196 2934 ἐστι
1225 2884 1409 2948 πᾶσιν,
1439 2883 1513 2946 ὡς
1551 2882 1611 2947 ἐξ
1639 2884 1779 2951 ἁγά-

223 2993 338 3047 πης
362 2975 534 3029 ταῦτα
566 2977 862 3047 πεποίηκα·
899 2976 1070 3029 καὶτὸ
1095 2977 1192 3046 μὲν
1220 2977 1286 3030 δι’
1314 2978 1488 3048 ἔργων
1509 2978 1698 3043 οὓτως,
1722 2977 1782 3031 τὸ

220 3070 282 3123 δὲ
311 3069 401 3123 διὰ
422 3070 592 3138 λόγων
613 3071 729 3134 πῶς
747 3072 812 3125 ἂν
828 3071 1057 3140 γένοιτο.
1077 3071 1200 3125 Ἐὰν
1220 3075 1326 3142 γὰρ
1350 3075 1781 3145 προσευχόμενος

222 3165 414 3230 πᾶσιν,
457 3165 676 3236 ἀγαπᾷν
725 3165 920 3229 αὐτοὺς
947 3166 1108 3234 λέγω,
1152 3166 1313 3234 κόλαξ
1349 3168 1640 3238 φανοῦμαι,
1689 3171 1782 3224 καὶ

222 3258 721 3329 ἀνθρωπάρεσκος,
797 3259 1261 3326 ψευδεπίπλαστον
1333 3263 1781 3334 ὲπιτηδευόμενος

221 3351 464 3422 ἀρετὴν,
520 3353 611 3406 καὶ
666 3353 821 3417 δόξαν
876 3352 1035 3423 κενὴν
1089 3354 1153 3406 ὲκ
1202 3355 1388 3409 τούτου
1447 3357 1776 3428 θηρώμενος.

225 3442 540 3511 Παρακαλει
572 3437 663 3496 οὖν
702 3446 731 3497 ὁ
775 3443 975 3514 πατὴρ,
1009 3443 1083 3515 μὴ
1137 3444 1223 3498 διὰ
1263 3444 1435 3514 λόγων
1464 3448 1780 3513 σπουδάζειν
1804 3483 1848 3544 c

222 3534 326 3603 τὴν
355 3535 571 3605 ἀγάπην
601 3535 1016 3599 ἐπιδείκνυσθαι,
1073 3537 1206 3591 ἀλλά
1259 3538 1323 3591 δι’
1351 3539 1546 3608 ἔργων,
1598 3541 1695 3612 τὴν
1723 3543 1779 3595 δὲ

221 3623 367 3692 πρὸς
394 3623 525 3676 Θεὸν
571 3626 808 3697 ἀγάπην,
840 3627 908 3680 δι’
940 3629 1281 3701 ἀμφοτέρων,
1335 3633 1428 3684 καὶ
1488 3631 1666 3685 πλεῖον
1693 3634 1781 3689 διά

222 3716 422 3782 λόγων.
452 3717 680 3787 Σημεῖον
720 3720 824 3790 γὰρ
854 3719 954 3792 τῆς
988 3723 1121 3792 πρὸς
1150 3725 1310 3778 αὑτὸν
1335 3727 1574 3797 ἀγάπης,
1603 3729 1637 3798 ἡ
1660 3729 1778 3800 διη-

221 3806 390 3878 νεκὴς
420 3813 712 3880 προσευχὴ.
738 3811 921 3875 Οὕτως
941 3812 1048 3884 γάρ
1083 3815 1148 3868 ἂν
1169 3815 1481 3888 ἀμφοτέρας
1507 3823 1778 3891 κατορθώ-

225 3913 332 3967 σῃς
364 3896 774 3973 [κατορθώσεις]
807 3901 1026 3970 ἀρετάς·
1052 3905 1173 3957 ἐπεὶ
1194 3906 1287 3958 ἐὰν
1313 3909 1376 3959 ἐκ
1399 3908 1568 3978 λόγων
1602 3911 1777 3979 μόνων

220 3991 328 4061 τὴν
372 3990 508 4062 πρὸς
557 3993 873 4064 ἀνθρώπους
920 3997 1138 4068 ἀγάπην
1185 4002 1487 4073 σπουδάζῃς
1522 4005 1776 4072 ἐκτελεῖν,

221 4083 338 4136 οὐδ’
363 4084 392 4136 ὁ
414 4084 512 4152 τῆς
544 4085 688 4156 ζωῆς
714 4103 805 4140 σου
843 4089 1031 4159 χρόνος
1075 4091 1218 4157 ἅπας
1256 4094 1475 4164 ἀρκέσει
1517 4114 1599 4150 σοι
1646 4101 1779 4168 πρὸς

221 4175 446 4247 σχέσεις
472 4178 567 4231 καί⁹
592 4179 898 4244 κατάνυξιν.

2503 2151 2746 2207 Scholion
2771 2155 2820 2209 7.

1955 2235 2141 2295 Verbis
2171 2241 2306 2297 velle
2329 2252 2576 2299 testatam
2601 2262 2725 2316 erga
2756 2263 2944 2302 omnes
2986 2247 3301 2301 cbaritatem
3358 2242 3439 2298 fa-

1882 2339 2001 2381 Cere
2030 2337 2082 2382 et
2103 2345 2260 2399 grave
2287 2341 2340 2386 et
2364 2335 2520 2402 plane
2552 2337 2917 2391 danmandum
2944 2345 3059 2402 est;
3090 2335 3244 2390 fac'is
3262 2347 3438 2388 autent

1879 2423 1931 2468 et
1959 2415 2249 2472 admodum
2267 2419 2420 2476 facile
2449 2431 2502 2475 et
2523 2434 2827 2493 promptum
2847 2435 2931 2480 est
2952 2425 3026 2477 illi
3053 2440 3116 2494 qt.
3174 2424 3234 2476 ..ιι
3261 2439 3438 2477 veram

1881 2503 2133 2559 virtutem
2160 2510 2514 2564 exercendam
2555 2511 2759 2581 aSpirat
2802 2529 2816 2566 :
2849 2521 2903 2566 et
2934 2510 3206 2581 quomodo
3243 2509 3440 2580 (possit

1881 2592 1988 2649 hoc
2017 2595 2327 2664 ﬁeri)audi.
2381 2599 2535 2655 Venit
2562 2601 2756 2672 aliquis
2785 2602 2875 2671 qui
2922 2617 3008 2655 me
3055 2601 3437 2664 calumniatur,

1881 2688 2149 2742 autetiam
2182 2690 2449 2756 verberat,
2475 2693 2693 2761 quando
2718 2707 2848 2763 ergo
2870 2691 3031 2763 (apud
3062 2693 3169 2760 me)
3201 2691 3389 2744 dixero
3417 2707 3433 2746 :

1880 2775 1992 2832 Etsi
2027 2795 2113 2833 me
2135 2779 2409 2836 vindicare
2465 2798 2710 2853 possum,
2761 2798 2866 2836 non
2902 2782 3185 2836 vindicabo
3233 2790 3433 2854 tamen,

1881 2869 1972 2922 sed
2004 2871 2182 2937 potius
2213 2881 2425 2935 contra,
2464 2888 2634 2943 genua
2665 2888 2878 2944 ponam,
2902 2872 3252 2942 deprecabor,
3277 2886 3436 2926 oscu-

1880 2959 2054 3025 labor,
2115 2961 2456 3030 gratilicabor
2509 2963 2921 3033 quibuscunque
2975 2962 3151 3017 modis
3195 2972 3428 3030 potero:

1879 3059 2083 3104 certum
2114 3059 2167 3104 et
2193 3051 2396 3105 clarum
2421 3053 2670 3107 omnibus
2696 3063 2777 3106 est
2809 3052 2952 3122 quod
2989 3051 3103 3104 haec
3150 3065 3216 3103 ex
3247 3050 3434 3104 chari-

1881 3145 1989 3190 tate
2012 3137 2228 3194 fecerim
2259 3158 2272 3193 :
2307 3149 2360 3194 et
2385 3140 2604 3209 quidem
2662 3139 2818 3194 factis
2849 3141 3086 3194 ebaritas
3136 3138 3209 3192 ita
3238 3139 3427 3207 proba-

1880 3230 1985 3276 tur.
2010 3224 2249 3280 Alterum
2280 3235 2457 3281 autem
2482 3227 2658 3282 verbis
2688 3228 2960 3298 quomodo
2986 3227 3114 3281 fiet?
3142 3224 3354 3281 Etenim
3379 3227 3427 3282 si

1879 3314 2130 3370 omnibus
2151 3316 2285 3370 bene
2310 3318 2579 3386 precando
2639 3326 2806 3372 tester
2857 3334 2944 3372 me
2995 3319 3143 3388 ipsos
3193 3319 3435 3390 diligere,

1881 3405 2127 3459 adulator
2150 3407 2390 3474 videbor,
2412 3418 2464 3463 et
2483 3410 2575 3479 qui
2603 3411 2911 3464 hominibus
2929 3410 3172 3465 studeam
3206 3411 3436 3480 placere,

1879 3495 2082 3563 quique
2132 3495 2330 3566 ﬁngam
2365 3512 2451 3552 me
2499 3499 2752 3552 virtutem
2806 3499 3004 3564 colere,
3037 3507 3091 3553 et
3124 3499 3246 3553 inde
3271 3514 3440 3553 vener
3497 3498 3506 3508 '

1883 3585 2198 3652 popularem
2242 3601 2394 3640 vanae
2432 3587 2614 3657 gloriae
2646 3605 2855 3644 auram.
2889 3573 3138 3645 llbrtatui
3177 3606 3308 3658 ergo
3327 3591 3438 3645 Cli-

1885 3691 2071 3731 macus
2097 3677 2172 3730 uti
2227 3677 2540 3735 studeamus
2573 3694 2812 3734 amorem
2852 3691 3093 3736 nostrum
3147 3697 3273 3753 erga
3303 3683 3438 3738 alios

1884 3780 1991 3820 non
2017 3765 2215 3832 verbis,
2276 3767 2370 3823 sed
2423 3768 2581 3824 factis
2655 3771 3026 3827 demonstrare
3057 3791 3070 3826 ι
3098 3788 3223 3843 erga
3267 3772 3433 3827 Deum

1881 3872 2010 3911 vero
2049 3858 2291 3928 utrisque
2338 3868 2392 3914 et
2451 3861 2630 3915 verbis
2679 3873 2734 3916 et
2770 3861 2947 3928 factis,
2995 3865 3174 3919 verbis
3217 3867 3433 3934 quidem

1881 3949 2111 4018 amplius
2140 3959 2192 4004 et
2215 3951 2503 4020 prolixius;
2551 3963 2927 4022 argumentum
2965 3963 3049 4010 est
3085 3957 3228 4009 enim
3258 3957 3436 4013 chari-

1880 4042 2006 4097 tatis
2041 4057 2163 4110 erga
2185 4040 2349 4096 Deum
2380 4045 2596 4098 assidua
2621 4046 2859 4112 precatio
2891 4061 2906 4099 :
2943 4047 3022 4101 sic
3043 4047 3186 4101 enim
3225 4058 3431 4103 utram-

1877 4146 1982 4201 que
2009 4131 2282 4187 exercebis
2309 4131 2583 4186 virtutem.
2602 4131 2736 4185 Nam
2767 4135 2812 4186 si
2843 4149 3078 4188 auum-em
3103 4148 3227 4203 erga
3253 4135 3432 4189 Immi-

1877 4237 1972 4276 nes
2007 4223 2136 4277 solis
2166 4222 2345 4278 verbis
2364 4223 2636 4278 declarare
2653 4231 2706 4276 et
2729 4238 2978 4278 exercere
2995 4225 3300 4288 conaberis,
3319 4242 3429 4280 non

1879 4311 2113 4367 sufﬁciet
2150 4312 2242 4366 tibi
2294 4312 2459 4365 totius
2501 4311 2623 4364 vitae
2666 4319 2770 4364 tua:
2816 4311 3078 4365 decursus
3105 4310 3172 4366 ad
3206 4312 3429 4368 affectus

1881 4407 2004 4454 tuos
2033 4407 2088 4453 et
2103 4399 2569 4468 compunctionem
2594 4395 3077 4468 comprobandam.

1563 4514 3416 4556 _..__._.______________

863 4576 1078 4632 ΛΟΓΟΣ
1105 4583 1175 4635 Z'.

539 4681 674 4749 Περὶ
702 4684 806 4738 τοῦ
827 4693 1148 4754 χαροποιοῦ
1183 4695 1454 4766 πένθους.

290 4768 498 4829 Πένθος
545 4769 687 4822 κατά
737 4771 866 4826 Θεόν
909 4777 1023 4830 ἐστι
1065 4781 1450 4858 σκυθρωπότης
1485 4790 1660 4862 ψυχῆς
1687 4795 1771 4847 ἐν.

2441 4601 2719 4661 ΟΒΑΜΙΞ
2743 4603 2851 4660 VII.

2126 4710 2282 4782 158
2315 4711 2386 4765 De
2415 4711 2558 4766 luctu
2605 4717 2697 4784 qui
2740 4719 2990 4786 gaudium
3019 4730 3179 4774 creat.

1943 4799 2144 4856 Luctus
2164 4816 2226 4854 ex
2254 4800 2362 4856 Deo
2402 4805 2524 4872 pius
2565 4814 2648 4858 est
2681 4807 2929 4875 quaedam
2971 4812 3165 4866 anima:
3209 4813 3426 4870 tristitia

212 4857 430 4965 Q356Vfu
459 4859 693 4973 καρδίας
715 4861 970 4930 διάθεσις,
990 4868 1076 4920 ἀεὶ
1100 4869 1160 4922 τὸ
1187 4857 1770 4950 διψώμενοννὲμμανῶς
1803 4917 1821 4973 1

1879 4901 1926 4947 et
1954 4893 2184 4948 dolentis
2209 4895 2388 4950 cordis
2411 4895 2640 4962 affectio,
2676 4913 2797 4966 quae
2831 4915 3042 4971 semper
3074 4903 3127 4958 id
3158 4907 3304 4973 quod
3334 4923 3425 4962 ar-

213 4947 483 5019 ζητοῦσα·
524 4950 620 5002 κα)⁵
671 4953 729 5004 ὲν
771 4957 836 5023 τῇ
882 4961 1069 5009 τολτου
1111 4961 1376 5035 ἀποτυχία
1411 4947 1659 5038 ἐμπύνως
1693 4974 1772 5026 δι-

206 5044 464 5105 ώκουσα,
490 5045 585 5096 καὶ
612 5043 830 5098 δπισθεν
875 5047 1063 5102 τούτου
1096 5051 1125 5104 ὀ
1161 5053 1405 5127 δυνηρῶς
1431 5060 1771 5126 ὀλολύζουσα.

209 5133 295 5189 Ἦ
318 5133 516 5197 οὕτως’
539 5134 732 5199 πένθος
761 5138 876 5190 ἐστὶ
905 5140 1127 5212 κέντρον
1150 5145 1376 5214 χρύσεον
1395 5149 1569 5222 ψυχῆς
1592 5155 1772 5227 πάσης

202 5226 619 5303 προσηλώσεως
647 5230 739 5283 καὶ
764 5233 997 5302 σχέσεως
1023 5239 1326 5306 γυμνωθέν-
1350 5245 1445 5297 καὶ
1471 5247 1530 5300 ἐν
1555 5226 1770 5304 ἐπισκο-

200 5323 294 5391 πῇ
365 5319 591 5388 καρδίας
643 5321 746 5374 ὑπὸ
794 5323 892 5394 τῆς
946 5327 1098 5390 ὁσίας
1154 5328 1328 5401 λύπης
1398 5339 1765 5408 καταπηχθέν.

192 5410 527 5475 Κατάνυξίς
556 5411 700 5464 ἐστιν
724 5412 944 5478 ἀένναος
971 5420 1262 5485 συνειδότος
1296 5421 1640 5499 βασανισμὸς,
1679 5433 1766 5488 διὰ

185 5502 409 5570 νοερᾶς
457 5501 858 5577 ἐξαγορεύσεως
901 5507 999 5578 τὴν
1044 5509 1302 5581 ἀνάψυξιν
1337 5516 1430 5570 τοῦ
1467 5521 1636 5591 πυρὸς
1664 5523 1765 5592 τῆς

183 5591 447 5686 καρδίας
479 5598 1012 5686 πραγματευόμενος.
1055 5601 1461 5676 Ἐξομολόγησίς
1491 5611 1605 5665 ἐστι
1627 5591 1760 5686 λήθη

179 5683 456 5752 φύσεως,
485 5682 641 5755 εἴπερ
669 5685 989 5742 ἐπελάϐετό
1021 5707 1108 5757 τις
1135 5692 1241 5746 τοῦ
1270 5696 1480 5764 φαγεῖν
1520 5702 1624 5754 τὸν
1662 5682 1764 5770 dp;

175 5797 214 5828 2
238 5790 318 5825 ω·
346 5773 554 5828 αὐτοῦ.
589 5777 857 5834 Μετάνοιά
885 5782 1031 5833 ἐστιν
1074 5781 1327 5848 ἄθλιπτος
1370 5789 1619 5860 στέρησις
1657 5795 1759 5848 πά-

1871 4982 2185 5036 dentissime
2217 4985 2350 5048 sitit,
2387 4987 2616 5054 quaerit;
2649 5003 2759 5058 quo
2807 4989 2935 5043 dum
2965 5001 3132 5057 caret,
3157 4993 3426 5050 laboriose

1870 5071 1923 5128 id
1957 5074 2130 5140 ipsum
2163 5077 2535 5144 persequitur,
2580 5088 2635 5134 et
2675 5094 2799 5134 cum
2839 5081 3045 5136 ululatu
3084 5092 3138 5138 et
3173 5084 3427 5140 lamentis

1869 5177 1900 5217 a
1922 5171 2072 5231 tergo
2109 5163 2234 5217 dum
2265 5163 2415 5234 fugit,
2447 5165 2722 5222 inclamat.
2772 5170 2882 5223 Aut
2935 5171 3110 5228 luctus
3125 5183 3207 5227 est
3227 5189 3426 5232 aureus

1869 5255 2062 5310 anima:
2082 5257 2353 5324 stimulus,
2405 5259 2497 5327 qui
2542 5259 2810 5329 lugentem
2833 5263 2979 5318 omni
3012 5279 3191 5318 rerum
3227 5266 3422 5322 Imma-

1870 5360 2061 5399 narum
2104 5361 2265 5402 sensu
2307 5357 2359 5402 et
2382 5348 2570 5403 affectu
2604 5353 2752 5406 exuit
2783 5361 2836 5406 et
2869 5355 3054 5418 nudat,
3082 5365 3136 5409 et
3159 5371 3225 5410 ex
3273 5361 3420 5414 luctu

1869 5437 1922 5490 in
1946 5437 2182 5507 vigiliam
2227 5449 2282 5495 et
2308 5443 2606 5496 custodiam
2662 5446 2842 5500 cordis
2887 5446 3078 5516 aftigit.
3141 5451 3419 5519 Compun-

1867 5527 1973 5582 ctio
1991 5528 2172 5599 (quam
2186 5531 2418 5601 religiosi
2443 5547 2543 5588 suo
2571 5535 2785 5591 nomine
2818 5538 3106 5608 appellant)
3123 5548 3418 5599 estaeterna

1867 5620 2210 5674 conscientia:
2237 5622 2475 5685 afﬂictio,
2509 5640 2632 5694 quae
2661 5641 2752 5694 per
2808 5627 3072 5683 internam
3121 5630 3420 5688 confessio-

1866 5724 1987 5764 nem
2039 5713 2288 5768 ardorem
2356 5715 2535 5772 cordis
2594 5729 2745 5788 grato
2803 5720 3081 5791 refrigerio
3135 5732 3413 5795 temperat.

1865 5798 2142 5858 Confessio
2198 5815 2282 5860 est
2325 5805 2524 5864 oblivio
2577 5818 2816 5878 naturae,
2869 5813 3085 5882 quando
3145 5827 3239 5883 per
3291 5829 3412 5870 eam

279 5909 359 5975 (ιι)
415 5908 547 5963 Ἀπὸ
586 5911 680 5966 σοῦ
712 5913 894 5981 φθάνω
922 5915 1214 5987 ἀφθαστον,
1249 5922 1390 5990 quod
1420 5939 1526 5980 non
1562 5928 1737 5995 possis
1759 5932 1969 6000 assequi
