4210 6464
161 393 271 456 805

1169 395 1397 454 suam
1430 390 1805 453 PARADISI.
1833 417 1902 429 —
1939 354 2246 454 camus
2272 392 2404 455 vn.

3278 395 3381 460 806

155 506 253 560 τὸν
272 503 404 560 κύνα
426 506 527 576 τῆς
551 507 856 580 φιληδονίας
876 508 1165 575 λιθάζοντι,
1187 510 1245 573 ὃς
1269 509 1346 580 τῷ
1368 509 1466 580 μὲν
1486 509 1723 579 σχήματι
1751 511 1798 568 Δ

1719 507 1908 568 ,Ανίε
1951 510 2104 563 locus
2168 518 2250 564 est
2314 507 2382 562 ad
2449 505 2653 562 luctum
2722 514 3078 576 opportunus.
3146 504 3246 561 Cui
3304 508 3381 563 la—

154 599 345 651 τούτον
374 597 577 652 διώκει·
616 600 694 670 τῷ
723 600 780 653 δὲ
823 600 1108 671 πράγματι
1145 600 1497 672 παρεδρεύειν
1537 599 1724 655 τοῦτον

156 687 548 758 προτρέπεται.
601 689 640 740 Γ
646 689 756 743 ίνου
816 691 1039 756 σύννους
1098 692 1528 763 ἀφιλένδεικτος,
1589 693 1725 762 πρὸς

156 776 261 846 τὴν
296 776 488 830 ἑαυτοῦ
523 778 747 848 καρδίαν
787 779 1112 850 ἐξεστηκὼς.
1153 781 1434 836 Δεδοίκασι
1465 780 1574 852 γάρ
1597 780 1724 834 σύν-

157 885 309 920 νοιαν
356 870 406 920 οἱ
452 868 722 938 δαίμονες,
750 870 825 935 ὡς
860 873 912 924 οἱ
952 872 1182 928 κλέπται
1219 874 1344 937 τοὺς
1385 875 1570 936 κύνας.
1611 873 1726 926 Οὑκ

154 957 308 1010 ἐστιν
337 959 488 1028 ἡμῖν,
523 953 568 1012 ὦ
605 955 772 1022 οὑτοι,
825 961 1058 1017 ἐνταῦθα
1101 964 1137 1034 ἡ
1187 962 1283 1017 τοῦ
1309 963 1487 1034 γάμου
1512 962 1721 1033 κλῆσις,

151 1049 259 1100 οὑκ
292 1049 460 1111 ἐστιν,
494 1049 687 1104 οῦκουν
708 1069 720 1081 ·
758 1052 975 1115 πάντως
1018 1054 1076 1107 δὲ
1115 1055 1193 1117 είς
1234 1055 1428 1118 πένθος
1461 1055 1668 1108 ἑαυτῶν
1696 1057 1726 1109 ὁ

153 1140 397 1204 καλέσας
433 1145 579 1213 ἡμᾶς
619 1145 850 1198 ἐνταῦθα
889 1146 1133 1202 ἐκάλεσε.
1167 1147 1324 1212 Τινὲς
1361 1147 1438 1218 (8)
1467 1147 1726 1217 δακρύον-

153 1250 271 1297 τες,
309 1235 474 1304 μηδὲν
501 1237 564 1288 τὸ
607 1239 868 1311 παράπαν
906 1239 966 1291 ἐν
999 1238 1076 1310 τῷ
1113 1240 1290 1312 καιρῷ
1341 1241 1420 1311 τῷ
1469 1241 1726 1312 μακαρίῳ

156 1326 467 1394 λογίζεσθαι
494 1329 720 1392 ἐαυτοὺς
747 1330 989 1402 ἀκαίρως
1015 1330 1312 1400 βιάζονται,
1343 1332 1418 1403 μὴ
1447 1331 1726 1402 λογιζόμε-

154 1437 261 1482 νοι,
295 1421 373 1473 ὅτι
399 1421 635 1492 δάκρυον
667 1424 936 1478 ἀνέννοιον
961 1424 1154 1493 ἀλόγου
1181 1423 1394 1494 φύσεως
1430 1423 1578 1489 ἴδιον,
1631 1425 1726 1478 καὶ

149 1512 218 1564 οὑ
253 1511 473 1583 λογικῆς
491 1529 506 1542 ·
541 1513 618 1582 (9)
639 1513 884 1586 γέννημα
913 1515 1129 1569 ἐννοιῶν
1159 1515 1392 1586 δάκρυον
1411 1532 1425 1547 ο
1461 1515 1642 1586 πατὴρ
1667 1515 1726 1570 δὲ

152 1602 364 1665 ἐννοίας
385 1603 642 1674 λογισμὸς
676 1607 769 1659 καὶ
787 1605 928 1670 νοῦς.
956 1606 1191 1661 Γινέσθω
1221 1623 1304 1660 σοι
1328 1607 1361 1678 ὴ
1390 1608 1448 1660 ἐν
1477 1609 1544 1678 τῇ
1571 1606 1727 1680 κλίνῃ

155 1712 254 1747 σου
280 1696 560 1759 ἀνάκλισις
590 1699 691 1768 τῆς
715 1700 774 1751 ἐν
806 1698 885 1770 τῷ
921 1700 1075 1768 τάφῳ
1100 1716 1195 1752 σου
1225 1699 1593 1764 κατακλίσεως
1629 1698 1727 1752 τύ-

153 1804 285 1849 πος,
322 1790 413 1842 καὶ
435 1785 594 1859 ἧττον
615 1790 900 1854 ὑπνὼσεις.
927 1791 1037 1843 Καὶ
1081 1791 1219 1862 αὐτή
1264 1808 1345 1845 σοι
1382 1794 1416 1862 ἡ
1455 1793 1554 1862 τῆς
1589 1809 1725 1863 τρα-

153 1877 331 1949 πέζης
361 1879 673 1938 ἀπόλαυσις.
707 1881 801 1952 τῆς
823 1881 930 1934 τῶν
951 1883 1246 1954 σκωλήκων
1270 1883 1494 1936 ἐκείναιν
1537 1883 1724 1954 όδυνη-
1757 1856 1800 1912 Β

158 1972 263 2039 pi:
307 1970 586 2042 τραπέζης
627 1972 865 2037 γινέσθω
905 1974 1207 2044 ἀνάμνησις
1229 1991 1242 2004 ⁶
1279 1975 1374 2029 καὶ
1407 1969 1568 2046 ἦττον
1593 1992 1725 2046 τρυ-

155 2061 356 2128 φήσεις
379 2076 391 2087 ·
416 2059 551 2129 μηδὲ
596 2060 689 2113 τοῦ
727 2061 887 2114 ποτοῦ
925 2061 1018 2114 τοῦ
1065 2060 1251 2126 ὓδατος
1299 2062 1726 2132 μεταλαμϐάνων

154 2150 260 2220 τῆς
306 2150 465 2222 δίψης
504 2151 606 2222 τῆς
644 2153 840 2222 φλογὸς
884 2153 1098 2225 ἐκείνης
1149 2155 1591 2227 ἀμνημονήσεις·
1633 2157 1726 2210 καὶ

155 2245 380 2307 πάντως
406 2243 566 2316 βιάσῃ
593 2245 691 2316 τὴν
720 2245 900 2314 φύσιν.
940 2247 1064 2298 Ἐπὶ
1082 2247 1139 2300 δὲ
1160 2250 1224 2318 τῇ
1249 2247 1344 2300 τοῦ
1373 2249 1725 2303 ἐπιστατοῦν-

154 2354 252 2399 τος
286 2338 416 2407 ἡμῖν
446 2339 649 2408 ἐντίμῳ
669 2339 861 2410 ἀτιμίᾳ
885 2340 978 2392 καὶ
1010 2339 1314 2411 ἐπιπλήξει,
1351 2342 1442 2396 καὶ
1478 2341 1725 2415 ἐπιτιμία

155 2427 262 2498 τῆς
284 2429 378 2482 τοῦ
406 2429 592 2500 κριτοῦ
619 2429 854 2502 φοϐερᾶς
886 2431 1226 2503 ἐννοηθῶμεν
1253 2433 1578 2502 ἀποφάσεως
1599 2451 1612 2464 ·
1635 2436 1726 2489 καὶ

158 2521 383 2582 πάντως
418 2521 516 2592 τὴν
560 2522 1018 2594 ἐπισπειρομένην
1067 2523 1260 2594 ἄλογον
1303 2524 1480 2597 λύπην
1512 2527 1607 2580 καὶ
1635 2545 1725 2580 πι-

157 2615 326 2686 κρίαν
350 2614 615 2685 πραότητι
641 2615 733 2668 καὶ
767 2615 1028 2686 ὑπομονῇ,
1051 2614 1124 2679 ὡς
1143 2616 1201 2668 ἐν
1220 2617 1456 2688 διστόμῳ
1484 2619 1728 2690 μαχαίρᾳ.

157 2706 606 2777 κατασφάξομεν.
650 2707 858 2776 Χρόνῳ
913 2705 1258 2767 σπανίζεται
1301 2709 1582 2764 θάλασσα
1601 2753 1615 2775 ,
1651 2712 1726 2774 ὥς

160 2814 332 2868 φησιν
364 2798 394 2848 ό
437 2798 574 2863 Ἰὼὸ,
609 2802 703 2854 καὶ
733 2803 906 2872 χρόνῳ
948 2802 1041 2856 καὶ
1073 2803 1314 2874 ὑπομονῇ
1363 2804 1501 2856 κατά
1535 2806 1728 2876 μικρὸν

158 2891 233 2944 τά
267 2893 530 2962 είρημένα
579 2894 637 2944 ἐν
692 2895 822 2964 ἡμῖν
859 2894 1207 2964 προσγίνεται
1260 2896 1354 2949 καὶ
1405 2896 1724 2951 τελειοῦται.

161 2983 346 3053 Πυρὸς
389 2984 606 3036 αἰωνίου
657 2987 843 3056 μνήμη
887 2985 1006 3038 καθ’
1041 2986 1278 3058 ἑσπέραν
1307 2990 1728 3060 συγκοιμηθήτω

163 3089 272 3139 σοι,
291 3075 390 3126 ικαὶ
412 3073 794 3144 συναναστήτω
828 3091 940 3126 σοι·
973 3076 1066 3128 καὶ
1086 3075 1147 3128 οὑ
1180 3077 1254 3146 μή
1281 3092 1373 3128 σου
1406 3075 1645 3147 ῥᾳθυμία
1670 3079 1728 3129 ἐν

161 3161 348 3234 καιρῷ
383 3163 700 3234 ψαλμῳδίας
738 3165 1000 3237 κυριεύσῃ
1035 3165 1183 3220 ποτέ.
1211 3166 1458 3221 Πεισάτω
1491 3183 1550 3219 σε
1592 3167 1725 3239 πρὸς

163 3255 429 3327 ἐργασίαν
479 3257 726 3320 πένθους,
761 3258 866 3312 κάν
895 3258 1029 3311 αὑτό
1057 3275 1152 3311 σου
1179 3258 1238 3312 τὺ
1264 3257 1484 3330 ἔνδυμα.
1521 3260 1726 3326 Πάντες

162 3346 280 3417 γάρ
310 3347 361 3400 oi
396 3348 619 3418 νεκροὺς
670 3348 1012 3422 θρηνοῦντες,
1054 3349 1256 3420 μέλανα
1296 3350 1726 3422 περιϐάλλονται.

165 3440 233 3494 Ei
288 3439 386 3510 μὲν
414 3440 476 3492 ού
506 3440 741 3504 πενθεῖς,
767 3441 855 3495 διὰ
880 3440 1037 3494 τοῦτο
1066 3441 1250 3495 πένθει
1276 3459 1291 3472 ο
1332 3443 1381 3495 εί
1412 3442 1469 3495 δὲ
1494 3443 1730 3508 πενθεῖς,

165 3532 260 3585 διὰ
305 3531 462 3585 τοῦτο
488 3531 674 3603 θρήνει
729 3531 951 3601 μᾶλλον,
979 3534 1061 3587 ὅτι
1095 3533 1152 3601 ἐξ
1190 3534 1389 3587 άπόνου
1413 3533 1618 3600 τάξεως
1652 3535 1732 3597 είς

165 3624 428 3678 ἐπίπονον
477 3625 669 3680 ἑαυτὸν
716 3626 1026 3697 κατήγαγες
1066 3625 1153 3680 διά
1180 3625 1290 3678 τῶν
1320 3625 1430 3678 σῶν
1462 3625 1732 3696 πταισμά-

168 3733 307 3770 των-
355 3718 600 3788 κρίνεται
654 3717 870 3780 πάντως
915 3717 1066 3787 παρὰ
1094 3717 1170 3788 τῷ
1221 3715 1370 3788 καλῷ
1419 3717 1512 3770 καὶ
1541 3717 1733 3788 δικαίῳ

167 3805 334 3877 ἡμῶν
362 3809 540 3877 κριτῇ.
565 3808 640 3870 ὡς
667 3809 730 3860 ἐν
760 3807 956 3869 ἅπασι,
983 3808 1078 3861 καὶ
1105 3808 1162 3859 ἐν
1183 3809 1294 3871 τοῖς
1323 3806 1553 3878 δάκρυσι
1575 3809 1608 3878 ὴ
1636 3809 1732 3880 τῆς

173 3897 392 3966 φύσεως
427 3895 674 3967 δύναμις.
711 3893 864 3949 Εἶδον
890 3895 998 3966 γὰρ
1041 3896 1242 3966 μικράς
1274 3896 1534 3963 σταγόνας
1579 3895 1734 3966 δίκην

171 3989 406 4057 αἵματος
440 3987 576 4059 μετά
628 3988 789 4042 πόνου
821 3988 1187 4059 προχεομένας
1207 4003 1220 4016 °
1255 3989 1348 4042 καὶ
1376 3985 1515 4042 εἶδον
1555 3988 1735 4061 πηγάς

172 4081 393 4144 ἀπόνως
429 4080 817 4150 προχεομένας,
851 4079 1053 4149 καίπερ
1075 4078 1247 4148 ἔγωγε
1283 4079 1422 4133 κατά
1449 4079 1540 4133 τὸν
1577 4082 1736 4136 πόνον

171 4170 402 4242 μᾶλλον,
457 4171 550 4223 καὶ
597 4171 660 4224 οὑ
709 4169 849 4224 κατά
892 4169 951 4222 τὺ
972 4169 1205 4241 δάκρυον
1248 4171 1373 4234 τοὺς
1433 4169 1737 4241 κάμνοντας

171 4263 398 4334 ἔκριναο
449 4257 603 4332 οϊμαι
633 4262 691 4316 δὲ
727 4263 821 4316 καὶ
859 4264 889 4315 ό
910 4261 1060 4326 θεός.
1106 4262 1216 4333 Οὐχ
1250 4263 1328 4333 (α)
1357 4263 1582 4335 ἁρμόζει
1612 4281 1738 4318 πεν-

174 4354 332 4409 θοῦσι
357 4354 620 4423 θεολογία·
650 4353 887 4407 διαλύειν
908 4353 1018 4424 γάρ
1054 4353 1234 4406 αὑτῶν
1261 4353 1323 4406 τὸ
1347 4353 1539 4418 πένθος
1565 4355 1736 4424 πέφυ-

174 4465 294 4503 κεν.
333 4447 395 4500 '0
419 4447 515 4516 μὲν
551 4446 660 4517 γάρ
685 4445 763 4516 τῷ
791 4446 883 4499 ἐπὶ
923 4445 1112 4516 θρόνου
1149 4444 1443 4517 καθημένῳ
1483 4445 1738 4500 διδασκα-

1822 614 2020 670 cryma:
2056 615 2120 655 ex
2154 600 2326 655 oculis
2372 599 2633 656 duntaxat
2682 599 2927 669 corporis
2968 600 3158 664 ﬂuunt,
3202 601 3248 654 is
3276 615 3382 654 non

1823 690 2035 744 desinet
2072 691 2338 745 rationem
2412 691 2674 755 locorum,
2722 701 2776 745 et
2832 707 3044 746 morum
3102 691 3383 745 hominum

1823 781 2130 837 observare.
2188 781 2651 848 Quemadmodum
2717 783 3006 838 thesaurus
3077 783 3386 838 reconditus

1823 874 2004 928 minus
2049 873 2192 929 I‘nrto
2261 883 2426 944 patet,
2484 889 2648 944 quam
2703 873 2748 928 is
2787 875 2878 943 qui
2912 874 2964 928 in
3011 873 3224 942 publico
3266 875 3383 930 l'oro

1823 974 2036 1020 exstat:
2070 966 2143 1019 ita
2186 966 2406 1034 perinde
2457 965 2524 1019 de
2573 966 2742 1030 luctu,
2778 975 2832 1019 et
2875 965 3130 1036 lacrymis
3155 966 3384 1022 occultis

1823 1066 1877 1110 et
1903 1057 2102 1126 apertis
2128 1057 2468 1125 cogitandum
2503 1065 2604 1108 est.
2635 1054 2780 1109 Care
2808 1070 2873 1106 ne
2903 1053 3132 1108 imiteris
3160 1069 3255 1107 ens
3288 1055 3382 1123 qui

1825 1158 2068 1204 mortuos
2093 1148 2382 1216 sepelinnt,
2401 1146 2491 1214 qui
2519 1162 2663 1199 nunc
2695 1145 3201 1212 lngentdel‘mretos,
3237 1161 3383 1198 nunc

1827 1251 2047 1310 propter
2085 1241 2204 1294 illos
2249 1239 2313 1292 ad
2355 1237 2664 1291 ebrietatem
2690 1253 2747 1292 se
2782 1237 3131 1306 ingnrgitant,
3161 1238 3253 1291 sed
3287 1252 3384 1291 co-

1825 1332 1934 1402 gita
1957 1341 2006 1385 te
2036 1331 2088 1384 in
2122 1330 2356 1384 latomiis
2378 1328 2516 1382 inter
2541 1329 2750 1383 vinctos
2790 1330 3003 1398 degere,
3027 1329 3120 1399 qui
3154 1329 3385 1399 singulis

1826 1425 1975 1480 horis
2008 1423 2076 1477 ab
2112 1421 2392 1478 lictoribus
2425 1422 2606 1492 ﬂagris
2634 1423 2931 1477 caeduntur.
2966 1420 3068 1488 Qui
3101 1437 3244 1475 nttuc
3267 1422 3388 1490 qui-

1825 1511 1944 1564 dem
1991 1510 2153 1580 luget,
2209 1525 2352 1564 mmc
2403 1525 2532 1564 vero
2563 1525 2622 1566 se
2664 1511 2718 1564 in
2753 1511 2974 1564 delicias
3001 1519 3054 1564 ct
3087 1510 3255 1564 risum
3282 1510 3387 1563 dil-

1825 1603 2018 1668 fundit,
2056 1604 2275 1673 perinde
2299 1603 2428 1658 lacit
2464 1613 2627 1674 atque
2653 1605 2722 1668 is,
2751 1603 2842 1673 qui
2875 1619 3062 1658 canem
3100 1603 3385 1658 lascivien-

1825 1706 1930 1751 tem
1975 1713 2072 1767 pro
2113 1698 2308 1766 lapide,
2354 1712 2492 1766 pane
2543 1697 2693 1765 petit,
2742 1696 2834 1767 qui
2879 1696 3028 1750 illum
3060 1697 3112 1750 in
3145 1697 3383 1766 speciem

1825 1789 2039 1859 quidem
2100 1788 2266 1857 abigit
2323 1798 2376 1842 et
2430 1789 2792 1858 persequitur,
2851 1788 3028 1857 reipsa
3068 1804 3198 1843 vero
3230 1789 3296 1842 ad
3327 1805 3387 1844 se

1829 1881 2017 1936 inritat
2047 1890 2103 1934 et
2134 1880 2382 1935 advocat.
2417 1882 2640 1935 Attende
2683 1881 2774 1951 qui
2817 1881 2990 1950 luges,
3020 1891 3074 1936 et
3100 1882 3177 1938 sis
3207 1884 3386 1937 omnis

1825 1971 2202 2027 ostentationis
2244 1971 2627 2041 hostis,-atque
2652 1981 2797 2027 totus
2820 1973 2872 2026 in
2899 1973 3077 2028 cordis
3100 1973 3174 2027 tui
3202 1984 3385 2028 custo-

1823 2057 1968 2111 diam
2018 2057 2289 2125 abreptus.
2349 2054 2641 2126 llefugiunt
2679 2055 2822 2108 enim
2873 2066 3124 2123 attentos,
3171 2059 3386 2128 sibique

1825 2149 2057 2204 intentos
2099 2148 2528 2211 eacodremones,
2576 2164 2682 2202 non
2725 2162 2882 2202 secus
2920 2157 3080 2218 atque
3125 2150 3381 2204 nocturni

1823 2251 2160 2312 grassatores
2186 2241 2377 2294 timent
2409 2256 2593 2295 canes.
2617 2239 2662 2294 0
2695 2241 2876 2303 amici,
2913 2255 3020 2295 non
3063 2258 3253 2298 sumus
3279 2244 3387 2298 huc

1823 2337 1889 2390 ad
1916 2334 2134 2404 nuptias
2177 2334 2374 2395 vocati,
2422 2333 2574 2402 151
2603 2349 2707 2387 non
2743 2349 2953 2396 sunms,
2995 2335 3088 2388 sed
3161 2338 3386 2390 onmino

1823 2425 1889 2479 ad
1946 2425 2209 2496 lugendos
2255 2440 2355 2479 nos
2403 2425 2552 2494 ipsos
2597 2424 2704 2479 huc
2751 2440 2780 2479 a
2821 2423 2931 2478 Deo
2963 2427 3137 2480 vocati
3171 2442 3383 2482 sumus.

1823 2515 2052 2582 Quidam
2080 2516 2208 2570 dum
2254 2517 2306 2570 in
2337 2516 2604 2587 lacrymas
2641 2525 2787 2579 eunt,
2815 2515 2868 2570 in
2902 2517 2995 2570 illo
3021 2517 3183 2573 beato
3211 2519 3385 2591 lacry-

1827 2622 2034 2662 marum
2065 2615 2204 2662 statu
2263 2621 2478 2662 omnem
2522 2607 2620 2662 abs
2667 2623 2725 2663 se
2764 2609 3143 2679 Cogitationem
3168 2614 3385 2682 pervim

1824 2698 2137 2755 excludunt.
2175 2700 2345 2769 ignari
2371 2699 2639 2770 lacrymas
2655 2701 2770 2755 sine
2799 2718 2965 2758 sensu
2996 2703 3382 2771 cegitationum

1825 2791 2074 2863 profusas
2103 2791 2542 2860 (crocodilorum)
2558 2803 2610 2846 et
2636 2793 2946 2848 animalimn
2969 2797 3180 2850 ratione
3199 2812 3385 2852 caren-

1825 2885 1961 2940 tium
2013 2884 2260 2954 proprias
2313 2899 2454 2948 esse,
2504 2899 2609 2937 non
2666 2884 2968 2940 hominum.
3001 2885 3385 2958 Laerymarum

1827 2979 1950 3034 l‘ons
1979 2986 2062 3033 est
2087 2979 2363 3050 cogitatio,
2377 2978 2759 3050 cogitationum
2791 2995 3006 3050 parens,
3038 2997 3189 3036 mens
3214 2993 3266 3036 et
3289 2999 3380 3037 ra-

1829 3071 1920 3124 tio.
1982 3068 2210 3136 Quando
2257 3069 2408 3122 vadis
2430 3068 2696 3134 cubitum,
2733 3069 2803 3124 sit
2829 3070 2921 3124 tibi
2949 3069 3063 3138 ipse
3084 3072 3298 3126 cubitus
3331 3074 3386 3127 in

1829 3163 2027 3219 lectulo
2053 3172 2167 3227 tuo,
2210 3159 2381 3216 l‘orma
2413 3161 2633 3217 habitus
2670 3162 2916 3231 corporis
2947 3163 3000 3217 in
3030 3165 3276 3233 sepulcro
3293 3165 3382 3234 ja-

1829 3257 2020 3320 centis,
2077 3264 2133 3310 et
2182 3255 2364 3309 minus
2411 3254 2674 3309 dormies.
2721 3253 2858 3309 Cum
2913 3255 2980 3308 ad
3033 3270 3272 3312 mensam
3295 3273 3387 3312 ae-

1829 3352 2062 3418 cumbis,
2092 3350 2162 3406 sit
2184 3350 2280 3405 tibi
2311 3351 2426 3420 ipsa
2459 3359 2766 3404 comestura
2805 3351 3013 3406 acerbat
3049 3351 3194 3408 illius
3233 3369 3386 3407 men-

1830 3460 1904 3498 sa:
1931 3444 2256 3506 recordatio,
2307 3457 2430 3498 cum
2481 3457 2692 3496 vermes
2714 3441 2768 3496 in
2808 3443 3058 3512 sepulcro
3084 3443 3382 3513 depascen-

1832 3547 1921 3593 tur
1963 3547 2115 3592 artus
2151 3545 2296 3598 tuos.
2335 3545 2390 3589 et
2424 3535 2606 3590 minus
2641 3535 2933 3603 voluptatis
2967 3537 3167 3605 capies.
3201 3536 3387 3606 Neque

1831 3644 1955 3686 cum
1994 3642 2188 3699 aquam
2223 3627 2485 3697 gustabis,
2515 3625 2854 3680 Oblivisceris
2898 3622 3019 3682 sitis
3057 3627 3199 3682 illius
3225 3644 3384 3699 quam

1831 3720 2068 3774 damnati
2126 3719 2180 3773 in
2223 3717 2437 3771 llamma
2477 3717 2774 3786 patiuntur,
2815 3726 2868 3772 et
2914 3718 3137 3773 omnino
3179 3729 3388 3775 natura:

1833 3813 1938 3867 vim
1984 3811 2202 3868 init-res.
2254 3807 2312 3864 In
2358 3809 2682 3865 contumelia
2735 3819 2914 3864 autem
2953 3810 3106 3879 plena
3136 3811 3383 3879 honoris,

1831 3915 1887 3959 et
1923 3903 2319 3975 objurgatione,
2365 3912 2418 3956 et
2456 3901 2686 3971 irrogata
2723 3917 2753 3956 a
2780 3901 3007 3971 praeside
3039 3917 3199 3972 poena
3227 3919 3385 3958 reco-

1833 3995 2065 4065 gitemus
2114 3991 2446 4047 tremendam
2493 3991 2635 4046 illam
2671 3991 2870 4061 judicis
2898 3994 3221 4048 sententiam
3261 3995 3384 4062 (Ile,

1833 4085 2106 4141 maledicti
2137 4085 2240 4155 ¹³),
2263 4093 2318 4138 et
2341 4099 2567 4153 prorsus
2600 4082 2830 4138 inlusam
2869 4085 3052 4138 animo
3084 4095 3276 4155 praeter
3297 4102 3386 4142 ra-

1835 4178 2035 4233 tionem
2065 4175 2401 4240 maestitiam,
2447 4185 2701 4246 tanquam
2725 4177 2944 4247 anclpiti
2979 4179 3243 4234 machaera
3269 4196 3354 4234 ma
3388 4220 3392 4227 .

1834 4279 2031 4325 ctatam
2071 4283 2165 4339 per
2211 4267 2698 4331 mansuetudinem,
2737 4277 2792 4322 et
2835 4270 3148 4338 patientiam
3183 4270 3386 4325 delebi-

1836 4375 1976 4416 mus.
2030 4358 2276 4428 Tempore
2331 4360 2548 4413 rarescit
2583 4375 2746 4424 marc,
2781 4361 2856 4414 uti
2897 4357 3001 4415 Job
3039 4369 3267 4417 testatur
3300 4362 3384 4427 ¹⁶;

1837 4466 1988 4507 mora
2023 4451 2148 4506 item
2177 4466 2271 4506 seu
2298 4461 2540 4522 tempore
2571 4465 2666 4520 per
2702 4452 3014 4520 patientiam
3049 4453 3250 4509 sensim
3273 4453 3386 4518 illa,

174 4539 316 4609 λικῷ
345 4537 551 4592 ἔοικεν·
576 4541 605 4591 ό
633 4538 710 4602 δὲ,
749 4535 828 4608 τῷ
862 4538 955 4591 ἐπὶ
987 4537 1216 4608 κοπρίας
1251 4537 1348 4591 καὶ
1387 4541 1588 4594 σάκκου
1620 4539 1736 4593 δια·
1765 4549 1811 4607 ι)

1722 4569 1736 4581 -
1765 4549 1811 4607 ι)
1837 4557 1956 4613 qua:
1996 4541 2138 4597 dicta
2176 4550 2303 4596 sunt
2353 4541 2406 4596 in
2436 4539 2591 4596 nobis
2613 4542 2900 4609 exsistunt,
2926 4553 2980 4598 et
3012 4544 3384 4614 perﬁciuntur.

174 4631 437 4703 τρίϐοντι.
467 4630 576 4684 Καὶ
604 4629 758 4684 τοῦτό
780 4631 949 4693 ἐστιν,
973 4629 1050 4694 ὡς
1074 4629 1250 4700 οἶμαι,
1271 4631 1408 4704 ὅπερ
1433 4633 1525 4685 καὶ
1551 4631 1734 4700 Δαυῒδ,

175 4724 228 4779 εί
262 4724 356 4776 καὶ
376 4722 688 4786 διδάσκαλος
712 4723 807 4777 καὶ
833 4723 993 4791 σοφὸς
1026 4723 1287 4794 ὑπῆρχεν,
1309 4724 1470 4794 ἡνίκα
1501 4723 1736 4790 ἐπένθει,

176 4817 316 4890 πρὸς
364 4819 491 4879 τοὺς
527 4815 842 4886 ἐρωτῶντας
869 4815 1200 4886 ἀπεκρίνατο
1222 4833 1236 4846 ·
1285 4813 1419 4882 Πῶς
1470 4812 1598 4884 ᾷσω
1623 4817 1739 4886 τὴν

175 4907 344 4975 ᾠδὴν
383 4908 602 4976 Κυρίου
631 4906 728 4960 ἐπὶ
774 4906 885 4978 γῆς
937 4907 1293 4977 ἀλλοτρίας
1325 4907 1512 4978 ἧγουν,
1557 4908 1738 4977 ἐμπα-

179 5001 350 5064 θείας.
373 5000 485 5054 Κάὶ
503 4999 596 5052 ἐπὶ
621 5001 721 5070 τῆς
743 5000 991 5064 κτίσεως,
1018 4998 1112 5052 καὶ
1145 4998 1236 5050 ἐπὶ
1261 4998 1358 5068 τῆς
1397 4999 1735 5064 κατανύξεως

179 5093 330 5144 ἐστιν
363 5090 475 5160 (10)
512 5089 858 5159 αὑτοκίνητος
913 5089 1008 5141 καὶ
1059 5087 1444 5158 ἐτεροκίνητος.
1494 5089 1662 5142 Ὅταν
1701 5091 1735 5162 ή

177 5181 350 5254 ψυχὴ,
372 5181 468 5234 καὶ
494 5180 648 5251 ὑμῶν
687 5179 764 5250 μὴ
804 5180 1172 5242 σπευσάντων,
1202 5177 1338 5249 μηδὲ
1359 5179 1737 5251 ἐπιτηδευσάν⁴

179 5293 289 5330 των
335 5270 652 5342 δακρυώδης
704 5271 798 5324 καὶ
834 5271 1103 5342 κάθυγρος
1160 5271 1254 5326 καὶ
1301 5273 1441 5343 ἡπία
1490 5273 1736 5344 γένηται,

180 5367 498 5436 δράμωμεν,
519 5365 548 5416 ὁ
577 5365 684 5432 γάρ
713 5363 910 5435 Κύριος
943 5363 1188 5434 ἀκλήτως
1215 5363 1437 5434 ἐλήλυθε
1456 5381 1469 5394 ·
1502 5365 1738 5434 σπόγγον

183 5459 316 5528 ημῖν
364 5455 539 5517 διδοὺς
579 5454 750 5524 λύπης
785 5453 1081 5524 θεοφιλοῦς,
1111 5456 1204 5509 καὶ
1245 5453 1387 5526 ὕδωρ
1426 5454 1738 5525 ἀναψύξεως

184 5548 436 5621 δακρύων
489 5545 754 5600 θεοσεϐῶν
802 5544 933 5610 πρὸς
979 5545 1077 5617 τὴν
1125 5545 1394 5616 ἐξάλειψιν
1422 5545 1528 5600 τῶν
1566 5547 1624 5600 ἐν
1659 5545 1739 5618 τῷ

253 5701 300 5724 ’⁸
324 5690 515 5745 Matth.
543 5705 670 5757 xxv,
698 5689 788 5754 41,
865 5693 912 5721 ι’
936 5688 1063 5753 Job,
1098 5702 1210 5754 xw,
1237 5688 1327 5744 tl.

1838 4633 2159 4705 Sempiterni
2191 4634 2485 4690 inferorum
2517 4635 2749 4690 incendii
2794 4637 3053 4692 memoria
3088 4649 3262 4694 tecum
3292 4655 3387 4694 ve-

1835 4728 1979 4799 speri
2031 4728 2402 4798 proﬁciscatur
2453 4728 2716 4792 cubitum,
2755 4737 3042 4799 tecumque
3069 4745 3225 4785 mane
3251 4745 3386 4786 con-

1836 4823 2046 4886 surgat,
2073 4825 2130 4871 et
2157 4830 2429 4885 nunquam
2461 4825 2512 4871 te
2539 4817 2914 4872 somnolentia.
2933 4827 2986 4871 et
3005 4818 3229 4888 pigritia
3253 4829 3407 4874 tem—-

1835 4925 1965 4980 pore
2010 4922 2228 4980 precum
2280 4917 2335 4963 et
2378 4892 2706 4978 psalmornm
2741 4908 3135 4966 recitandorum
3160 4928 3391 4982 occupa-

1842 4995 1940 5050 bit.
1999 4993 2187 5049 Cultus
2246 4994 2360 5063 ipse
2404 4994 2649 5063 corporis
2675 5003 2729 5048 ct
2749 4997 2916 5049 vestis
2947 5003 3036 5050 tua
3065 4998 3312 5068 religiosa
3340 5010 3392 5053 te

1841 5087 1906 5142 ad
1955 5087 2158 5141 luctum
2198 5089 2414 5142 excitet.
2447 5086 2604 5158 152
2634 5086 2832 5143 Omnes
2855 5089 3052 5158 quippe
3074 5091 3166 5160 qui
3198 5089 3390 5146 funera

1842 5179 2044 5248 lugent,
2083 5179 2268 5248 pullati
2306 5177 2579 5234 incedunt.
2606 5180 2759 5246 Quod
2784 5180 2838 5248 {si
2867 5179 3049 5251 lugere
3083 5196 3188 5235 non
3215 5191 3388 5252 potes,

1845 5270 1947 5324 hoc
1978 5270 2156 5340 ipsum
2180 5271 2340 5340 luge;
2369 5271 2412 5324 si
2449 5272 2620 5340 luges,
2647 5272 2748 5328 hoc
2777 5273 2947 5342 magis
2979 5271 3119 5342 luge,
3149 5274 3291 5343 quod
3322 5289 3388 5328 ex

1844 5372 1986 5418 statu
2034 5362 2214 5432 quieto
2247 5361 2312 5416 ad
2349 5377 2714 5419 aerumnosum
2741 5364 2884 5418 hunc
2913 5379 3008 5434 per
3039 5376 3130 5420 tua
3171 5377 3388 5434 peccata

1847 5453 2072 5522 tcipsum
2135 5452 2414 5523 deieceris.
2471 5451 2710 5524 Respicit
2766 5456 2990 5509 omnino
3043 5457 3278 5525 optimus
3336 5465 3390 5511 et

1845 5545 2190 5618 aequissimus
2243 5544 2408 5615 judex
2455 5554 2660 5612 noster,
2682 5556 2742 5601 ut
2771 5546 2824 5600 in
2866 5547 3073 5602 caeteris
3105 5548 3382 5614 omnibus,

253 5783 334 5854 (ιι)
393 5780 548 5837 Hunc
605 5783 784 5857 locum
828 5797 1108 5857 perperam
1169 5781 1430 5840 intellexit
1480 5780 1725 5852 Gerson;
1769 5783 1972 5843 omissa
2008 5784 2153 5844 enim
2187 5784 2472 5857 negatione
2529 5785 2858 5843 contrarium
2922 5782 3130 5842 auctori
3160 5784 3378 5840 sensum

192 5853 381 5912 contra
405 5862 637 5910 mentem
670 5853 839 5926 ipsius
863 5853 1108 5926 protulit.
