4210 6464
157 365 267 428 809

1145 372 1368 428 StlAlA
1403 372 1777 433 I’ARADISI.
1808 402 1869 412 -
1902 378 2209 438 GRADUS
2239 382 2362 440 Vll.

3290 394 3392 458 810

159 477 329 528 λεύων
360 479 436 546 τῷ
482 477 703 544 γέλωτι·
746 475 858 545 (Η)
909 480 1196 545 Πορεύου,
1254 481 1351 532 καὶ
1383 484 1721 549 πορεύεται·
1759 492 1799 544 Α

1759 492 1799 544 Α
1830 487 2014 539 sertint
2047 489 2187 556 apud
2220 491 2442 552 tirones,
2475 495 2616 560 quod
2649 494 2754 548 illa:
2775 512 2838 550 es
2877 497 3057 554 multis
3083 510 3138 555 et
3163 501 3390 562 diversis

156 571 254 622 καὶ
279 569 357 639 τῷ
388 569 647 638 κλαυθμῷ
691 568 768 638 τῷ
799 570 988 637 γλυκεῖ
1010 587 1022 602 ο
1064 572 1310 638 Ἔρχου,
1345 575 1441 625 καὶ
1471 574 1722 642 ἕρχεται’

155 663 252 710 καὶ
279 659 357 728 τῷ
379 658 551 728 δούλῳ
574 659 749 728 ἡμῶν,
776 661 870 710 καὶ
900 661 1146 730 τυράννῳ
1177 666 1392 732 σώματι
1409 679 1420 691 ·
1461 667 1727 734 Ποίησον

153 749 355 813 τοῦτο,
378 751 475 802 καὶ
515 749 686 802 ποιεῖ.
720 750 883 812 Εῖτις
910 751 969 802 τὸ
993 753 1263 823 μακάριον
1297 753 1393 805 καὶ
1423 771 1726 826 κεχαριτω-

158 843 325 910 μένον
355 842 549 904 πένθος
598 841 788 911 ὥσπερ
831 842 1075 894 διπλοΐδα
1104 843 1377 915 νυμφικὴν
1417 846 1722 911 ἐνεδύσατο,

153 929 314 994 οὗτος
342 932 431 985 τὸν
467 934 565 1002 τῆς
587 932 764 1002 ψυχῆς
792 934 1154 1002 πνευματικὸν
1197 936 1460 1006 ἐγνώρισε
1493 937 1724 1005 γέλωτα.

155 1025 255 1085 Τίς
287 1021 395 1095 ἆρα
432 1024 669 1086 τοιοῦτός
704 1025 848 1076 ἐστιν
878 1024 936 1088 ὃς
957 1027 1048 1077 τὸν
1075 1027 1268 1080 ἑαυτοῦ
1302 1031 1491 1099 χρόνον
1515 1029 1729 1084 ἅπαντα

154 1115 247 1166 τὸν
283 1117 341 1166 ἐν
369 1119 435 1186 τῇ
475 1116 734 1184 μοναδικῇ
764 1115 1006 1186 πολιτεία
1035 1117 1206 1181 οὓτως
1241 1118 1613 1189 δεδαπάνηκεν
1636 1123 1728 1174 εύ-

156 1207 355 1271 σεϐὦς,
387 1207 460 1270 ὡς
492 1209 566 1278 μὴ
608 1209 825 1280 ἡμέραν
849 1245 864 1269 ,
900 1211 974 1276 μὴ
1007 1209 1171 1280 ὥραν,
1216 1210 1290 1279 μὴ
1323 1212 1495 1282 ῥοπὴν
1524 1212 1729 1283 ζημιω-

152 1300 270 1352 θεῖν
303 1317 454 1357 ποτε.
481 1300 615 1354 ἀλλὰ
643 1301 720 1372 τῷ
748 1302 936 1373 Κυρίῳ
962 1302 1163 1369 ταύτην
1194 1302 1548 1368 ἐξαναλῶσαι,
1581 1304 1727 1372 λογι-

153 1393 387 1463 ζόμενος
409 1394 484 1457 ὡς
506 1396 608 1448 οὐκ
635 1397 751 1448 ἐστι
771 1396 869 1466 τὴν
889 1396 1057 1466 αὐτὴν
1088 1394 1301 1467 ἡμέραν
1330 1397 1413 1459 δὶς
1445 1398 1501 1448 ὲν
1523 1396 1599 1466 τῷ
1625 1398 1725 1467 βίῳ

152 1483 475 1538 θεάσασθαι.
510 1487 796 1556 Μακάριος
827 1489 926 1556 μὲν
960 1487 1210 1556 μοναχὸς,
1234 1489 1262 1540 ὀ
1288 1490 1400 1550 τοῖς
1420 1488 1518 1556 τῆς
1546 1488 1724 1558 ψυχῆς

152 1576 403 1645 ὄμμασιν
431 1579 553 1641 ταῖς
604 1583 817 1649 νοεραῖς
859 1579 1146 1648 δυνάμεσιν
1189 1579 1514 1642 ἑνατενίζειν
1563 1581 1724 1632 δυνάσ-

155 1685 351 1735 μενος·
401 1668 646 1733 άπτωτος
698 1672 753 1724 δὲ
800 1671 1014 1740 άληθῶς
1060 1673 1089 1723 ὁ
1119 1671 1218 1733 τὰς
1264 1672 1458 1724 ἑαυτοῦ
1490 1672 1724 1741 παρειὰς

149 1760 268 1821 τοῖς
295 1762 567 1828 αέσθητοῖς
585 1760 824 1830 ὄμμασιν
851 1764 914 1813 ἐκ
946 1764 1164 1832 μνήμης
1187 1761 1418 1814 Θανάτου
1445 1763 1538 1816 καὶ
1568 1780 1724 1817 πται-

154 1852 380 1919 σμάτων
426 1853 686 1921 διηνεκῶς
737 1855 1090 1924 καταϐρέχων
1134 1854 1246 1916 τοῖς
1286 1853 1420 1918 ζῶσι
1453 1854 1717 1924 δάκρυσι·
1752 1841 1795 1895 Β

153 1942 336 1994 κοπιὼ
363 1942 421 1995 δὲ
449 1947 722 1998 πιστεύειν
753 1943 828 2008 ὡς
856 1946 1022 2014 χωρὶς
1044 1946 1143 2015 τῆς
1171 1944 1426 2016 δευτέρας
1453 1947 1720 2000 καταστά-

153 2035 387 2102 σεως,ή
449 2034 685 2105 προτέρα
735 2034 1000 2088 ἐϐάὸισεν.
1062 2030 1214 2087 Εἶδον
1259 2036 1369 2103 ἐγὼ
1399 2039 1716 2106 προσαίταις,

150 2125 249 2179 καὶ
297 2126 542 2195 πτωχοὺς
593 2127 849 2189 ἀναιδεῖς,
892 2126 1128 2189 ἀστείοις
1174 2127 1285 2179 τισὶ⁹
1339 2128 1566 2197 ῥήμασι,
1623 2129 1719 2181 καὶ

150 2219 327 2282 αὐτας
347 2219 441 2283 τὰς
479 2219 740 2289 βασιλέων
779 2220 1003 2290 καρδίας
1034 2223 1112 2283 εἰς
1153 2221 1492 2290 συμπάθειαν
1535 2222 1717 2276 συντό-

152 2326 275 2372 μως
310 2310 747 2374 κατακλίναντας.
783 2313 891 2366 Καὶ
930 2310 1066 2365 εἶδον
1093 2314 1341 2384 πτωχοὺς
1365 2315 1459 2368 καὶ
1484 2316 1718 2384 πένητας

150 2403 264 2452 τῶν
294 2402 504 2472 ἀρετῶν
551 2404 650 2456 οὐκ
699 2404 952 2469 ἀστείοις,
1006 2403 1140 2458 ἀλλὰ
1197 2406 1396 2476 μᾶλλον
1445 2409 1719 2472 ταπεινοῖς

149 2507 288 2554 τισι,
331 2492 422 2544 καὶ
453 2495 767 2557 σκοτεινοῖς,
802 2494 896 2548 καὶ
927 2494 1210 2563 ἐξαπόροις
1261 2496 1497 2567 ῥήμασιν
1523 2497 1586 2550 ἐκ
1619 2495 1717 2567 βα-

150 2583 307 2647 θείας
341 2584 432 2638 καὶ
467 2585 894 2656 ἁπεγνωσμένης
925 2587 1149 2656 καρδίας
1184 2587 1320 2657 πρὸς
1345 2587 1437 2641 τὸν
1479 2589 1714 2660 ἐπουρά-

148 2694 265 2729 νιον
289 2676 514 2745 βασιλέα
545 2677 912 2748 ἀναισχύντως
945 2679 1039 2730 καὶ
1071 2679 1344 2748 ἐπιμόνως
1381 2679 1716 2750 άνακράζον-

147 2783 280 2829 τας’
315 2767 406 2821 καὶ
423 2769 488 2838 τῇ
519 2767 698 2821 αὐτῶν
729 2767 820 2840 βίᾳ
839 2768 937 2840 τὴν
965 2769 1225 2823 άδίαστον
1251 2769 1416 2824 αὑτοῦ
1452 2769 1714 2842 βιασαμέ-

145 2876 275 2922 νους
327 2858 727 2929 εύσπλαγχνίαν
782 2860 876 2911 καὶ
909 2860 1100 2928 φύσιν⁸
1146 2860 1176 2912 ό
1209 2862 1301 2913 ἐπὶ
1352 2865 1466 2924 τοῖς
1519 2863 1714 2916 ἑαυτοῦ

145 2950 383 3018 δάκρυσι
411 2949 653 3020 ψυχικῶς
684 2951 1061 3018 φυσιούμενος,
1089 2953 1182 3004 καὶ
1199 2953 1322 3014 τοὺς
1356 2952 1432 3022 μὴ
1463 2951 1715 3022 δακρύον-

147 3059 244 3103 τας
277 3043 335 3091 ἐν
383 3041 562 3110 ἑαυτῷ
617 3041 980 3110 κατακρίνων.
1041 3041 1223 3110 ὅμοιός
1276 3043 1394 3094 ἐστι
1426 3043 1518 3114 ,τῷ
1551 3044 1714 3099 ὅπλον

148 3131 292 3184 κατὰ
324 3130 416 3182 τοῦ
449 3129 643 3183 ἑαυτοῦ
672 3129 867 3200 ἐχθροῦ
896 3133 960 3184 ἐκ
986 3132 1080 3183 τού
1124 3130 1386 3200 βασιλέως
1413 3137 1714 3207 αἰτησαμέ-

148 3242 244 3291 νῳ,
279 3223 468 3275 ἑαυτὸν
491 3224 546 3276 δὲ
587 3225 646 3274 ἐν
676 3223 849 3294 τούτῳ
877 3223 1367 3296 διαχειρησαμέςῳ.
1409 3227 1484 3280 Ού
1513 3227 1711 3292 δέεται,

144 3307 193 3365 ὧ
217 3303 388 3376 οὗτοι,
408 3314 527 3366 οὐδὲ
551 3313 796 3381 βούλεται
823 3314 952 3378 Θεὸς
976 3315 1262 3385 ἄνθρωπον
1282 3316 1341 3381 ἐξ
1371 3317 1562 3389 ὀδύνης
1583 3337 1713 3390 καρ-

144 3405 265 3467 δίας
292 3405 537 3458 πενθεῖν·
589 3404 724 3457 άλλὰ
761 3405 960 3475 μᾶλλον
994 3403 1054 3469 ἐξ
1103 3405 1324 3477 ἀγάπης
1362 3408 1498 3478 πρὸς
1552 3411 1714 3464 αὐτὸν

145 3499 205 3548 ὲν
224 3497 424 3564 γέλωτι
468 3495 646 3566 ψυχῆς
683 3495 1030 3564 ἀγάλλεσθαι.
1068 3481 1262 3550 Ἀνελὲ
1289 3497 1389 3569 τὴν
1419 3501 1709 3573 ἁμαρτίαν,

146 3589 243 3643 καὶ
277 3588 531 3659 περιττὸν
567 3587 626 3640 τὸ
674 3586 979 3640 κατώδυνον
1014 3587 1245 3658 δάκρυον
1286 3592 1400 3652 τοῖς
1435 3591 1711 3661 αἰσθητοῖς

144 3683 410 3751 ὄμμασιν.
457 3679 620 3732 Οὐδὲν
658 3680 766 3748 γὰρ
799 3678 981 3750 ξηρίου
1026 3678 1102 3749 (a)
1136 3679 1209 3750 μὴ
1242 3680 1504 3750 παρόντος
1538 3683 1710 3752 μόλω-

145 3792 267 3836 πος.
301 3775 413 3826 Ούκ
439 3773 505 3843 ἣν
548 3774 604 3826 ἐν
635 3771 710 3842 τῷ
747 3772 918 3840 ’Λδάμ
943 3772 1046 3841 πρὸ
1087 3773 1186 3840 τῆς
1223 3773 1582 3842 παραϐάσεως
1614 3775 1706 3828 δά-

142 3883 314 3936 κρυον
333 3883 346 3896 ο
379 3865 565 3932 ὥσπερ
588 3864 704 3916 οὐδὲ
745 3864 882 3933 μετᾶ
919 3864 1018 3934 τὴν
1044 3865 1339 3917 ἀνάστασιν
1368 3867 1550 3920 λοιπὸν
1582 3885 1711 3920 κατ-

141 3956 489 4027 αργουμένης
524 3956 620 4024 τῆς
668 3954 974 4024 ἁμαρτίας·
1024 3957 1208 4024 Εἴπερ
1245 3956 1474 4025 ἀπέδρα
1521 3959 1708 4030 ὀδύνη

141 4048 302 4108 τότε,
343 4046 508 4112 λύπη
539 4045 635 4097 καὶ
679 4046 1034 4113 στεναγμός.
1071 4043 1221 4098 Εἶδον
1249 4045 1306 4098 ἐν
1335 4063 1445 4100 τισι
1493 4048 1704 4112 πένθος,

141 4135 238 4186 καὶ
271 4128 408 4184 εἱδον
432 4133 488 4185 ἐν
522 4131 726 4199 ἑτέροις
751 4132 1036 4203 διαπορίαν
1066 4134 1323 4198 πένθουςο
1354 4136 1550 4201 πένθος
1581 4140 1704 4191 καί·

142 4242 250 4296 περ
286 4225 524 4294 ἔχοντες,
550 4224 625 4284 ὡς
663 4223 736 4293 μὴ
765 4224 1081 4293 κατέχοντες
1120 4226 1416 4282 διάκεινται
1437 4248 1452 4259 ·
1488 4230 1583 4282 καὶ
1622 4230 1708 4284 διὰ

138 4319 239 4387 τῆς
304 4316 475 4385 καλῆς
513 4315 732 4382 ἁγνείας
781 4316 964 4370 ἄσυλοι
1019 4317 1350 4387 διαμένουσι.
1412 4321 1520 4375 Καὶ
1563 4315 1708 4376 οὗτοι

138 4412 274 4473 εἰσι,
303 4409 431 4477 περὶ
453 4404 528 4460 ὦν
565 4409 777 4476 εἴρηται
794 4425 808 4438 ο
833 4409 1046 4476 Κύριος
1075 4409 1254 4478 σοφοὶ
1279 4413 1546 4480 τυφλούς
1569 4413 1704 4484 (l5).

140 4501 365 4568 Πέφυκε
406 4498 665 4561 πολλάκις
698 4499 821 4561 τοὺς
872 4500 1234 4568 κουφοτέρους
1261 4502 1437 4555 καὶτὸ
1469 4504 1704 4573 δάκρυον
1735 4525 1782 4581 ι)

137 4591 395 4662 ἐπαίρειν
419 4607 432 4620 ⁸
482 4590 671 4660 διόπερ
702 4589 793 4642 καί
837 4606 977 4642 τισιν
1018 4591 1080 4642 οὐ
1106 4591 1304 4644 δίδοται
1327 4610 1341 4624 ο
1388 4594 1580 4656 οἵτινες
1610 4596 1702 4649 ἐπὶ

136 4685 208 4753 τῇ
243 4681 433 4735 τούτου
464 4680 709 4750 ζητήσει,
735 4680 960 4745 ἑαυτοὺς
993 4680 1354 4744 ταλανίζουσι,
1403 4685 1495 4736 καὶ
1534 4701 1702 4738 κατα-

136 4774 442 4836 δικάζουσι,
469 4775 786 4842 στεναγμοῖς
818 4775 914 4826 καὶ
940 4773 1209 4844 κατηφείᾳ
1237 4776 1329 4827 καὶ
1353 4775 1496 4846 λύπῃ
1525 4777 1702 4846 ψυχῆς

137 4863 238 4915 καὶ
269 4861 463 4930 βαθεῖα
491 4860 924 4931 σκυθρωπότητι,
959 4863 1052 4914 καὶ
1087 4862 1368 4935 ἐξαπορίᾳ,
1404 4864 1546 4936 άπερ
1575 4867 1702 4918 ἁνα-

137 4954 387 5026 πληροῦν
428 4953 520 5007 τὸν
560 4953 654 5007 τοῦ
690 4955 923 5024 δακρύου
942 4957 1106 5008 τόπον
1143 4957 1436 5021 ἀκινδύνως
1461 4958 1705 5028 πεφύκαο

140 5066 250 5110 σιν,
286 5047 334 5100 εί
363 5048 457 5099 καὶ
482 5048 562 5099 εἰς
584 5046 733 5099 οὐδὲν
769 5047 898 5118 παρ’
922 5047 1106 5110 αὐτοῖς
1133 5050 1515 5120 συμφερόντως
1555 5050 1702 5119 λογί-

140 5143 354 5207 ζονται.
399 5138 851 5212 Ἐπιτηρήσοντες
883 5138 1136 5202 πολλάκις
1163 5141 1466 5211 εὑρήσομεν
1496 5143 1704 5210 γελοῖον

138 5229 341 5302 πικρὸν
397 5230 525 5299 παρ’
579 5230 762 5292 αὐτοῖς
793 5228 1012 5298 δαίμοσι
1049 5230 1170 5284 καθ’
1215 5231 1370 5300 ἡμῶν
1397 5234 1697 5302 γινόμενον.

137 5321 519 5392 Κορεσθέντας
538 5319 644 5388 γὰρ
679 5321 825 5390 ἡμᾶς
853 5321 1268 5382 κατανύσσουσι.
1297 5324 1392 5376 καὶ
1417 5324 1698 5392 νηστεύον-

138 5430 236 5475 τας
265 5410 679 5482 σκληρύνουσιν,
714 5411 802 5464 ῖνα
838 5413 948 5474 τοῖς
985 5411 1159 5474 νόθοις
1194 5411 1456 5483 δάκρυσιν
1482 5414 1696 5486 ἀπατη-

139 5505 320 5565 θέντες
343 5504 412 5572 τῇ
449 5502 613 5570 μητρὶ
640 5501 748 5554 τῶν
769 5501 954 5555 παθῶν
984 5504 1178 5574 τροφῇ,
1211 5503 1433 5566 ἑαυτοὺς
1459 5504 1698 5557 ἐκδώσω-

214 5682 253 5710 ¹⁷
299 5679 442 5733 Psal.
469 5695 610 5736 cm.
639 5679 721 5735 l0.
801 5682 843 5710 ’⁸
868 5680 1053 5734 Matth.
1076 5698 1194 5744 vttt,
1224 5683 1274 5735 9.

210 5793 286 5862 (ο)
312 5791 508 5864 Ξυρίου
544 5793 696 5856 alias,
735 5797 992 5848 cauterio.

466 5890 730 5951 Ριτιιοι..
783 5891 897 5952 (in.
964 5891 1064 5950 LX
1080 5889 1362 5950 XXVIII.

1828 575 2068 631 fontibus
2091 589 2144 632 et
2173 581 2352 635 causis
2380 583 2512 637 oriri
2542 587 2784 654 possint;
2809 604 2874 643 ex
2902 603 3113 658 natura,
3141 593 3388 664 inquam,

1825 682 1893 722 ex
1924 666 2055 731 Deo,
2087 683 2151 724 ex
2183 669 2471 728 afflictione
2495 675 2575 729 vel
2598 675 2868 733 laudanda
2897 681 2978 735 vel
3009 683 3387 754 vituperanda,

1825 772 1892 812 ex
1925 774 2059 814 vana
2099 761 2291 830 gloria,
2321 778 2388 818 ex
2414 765 2557 834 turpi
2591 782 2798 831 amore,
2830 785 2896 824 ex
2921 786 3051 827 vera
3079 773 3388 843 dilectione,

1825 865 1893 906 ex
1927 854 2190 908 memoria
2223 857 2430 923 mortis,
2460 869 2512 912 et
2545 860 2668 914 aliis
2698 860 2840 915 haud
2872 867 3078 932 paucis.
3131 868 3390 928 Excussis

1826 950 2004 996 autem
2034 943 2119 999 his
2166 945 2418 1001 omnibus
2461 949 2636 1006 modis
2665 967 2762 1021 per
2800 954 3044 1011 timorem
3088 958 3204 1026 Dei,
3251 964 3389 1017 etin

1827 1032 2002 1087 lucem
2030 1037 2339 1103 protractis,
2371 1054 2747 1108 comparemus
2777 1047 2936 1102 nobis
2977 1064 3071 1104 eas
3097 1051 3385 1122 lacrymas,

1824 1139 1964 1194 quas
1993 1125 2201 1196 absque
2233 1130 2506 1200 hypocrisi
2537 1149 2698 1203 puras
2731 1147 2785 1191 et
2813 1138 3055 1194 sinceras
3084 1145 3388 1202 recordatio

1825 1215 2168 1284 ntigrationis
2211 1222 2409 1276 animae
2443 1237 2476 1277 e
2521 1240 2752 1296 corpore.
2792 1230 2970 1298 parit;
3008 1232 3062 1286 in
3108 1233 3194 1290 his
3239 1239 3386 1293 enint

1825 1309 1973 1363 nulla
2004 1308 2152 1366 fraus
2179 1323 2264 1367 est
2307 1326 2401 1368 aut
2443 1319 2718 1386 superbia,
2761 1321 2851 1374 sed
2885 1325 3177 1381 mundities
3205 1330 3384 1403 potius

1823 1409 1879 1452 et.
1907 1401 2112 1456 amoris
2140 1403 2306 1459 divini
2339 1416 2741 1476 argumentum,
2775 1422 3224 1486 peccatorumque
3252 1401 3386 1472 abo—

1825 1489 1944 1544 litio
1969 1531 1984 1553 ,
2033 1501 2087 1545 et
2118 1496 2368 1549 vitiorum
2409 1499 2988 1572 perturbationumque
3021 1508 3264 1562 omnium
3297 1524 3385 1565 se-

1822 1582 1991 1636 datio.
2025 1583 2318 1655 Lacrymas
2341 1587 2409 1640 ab
2438 1587 2644 1652 optimo
2673 1590 2851 1648 luctus
2872 1593 3138 1665 principio
3163 1607 3218 1653 et
3238 1598 3384 1654 fonte

1822 1673 2007 1740 liuere,
2049 1685 2102 1730 et
2138 1676 2355 1732 demum
2394 1678 2463 1732 ab
2495 1695 2555 1733 se
2585 1681 2716 1750 ipsis
2745 1683 2800 1736 in
2841 1685 3038 1739 malum
3068 1698 3122 1741 et
3154 1705 3382 1758 pravum

1823 1763 1982 1818 finem
2007 1764 2353 1836 degenerare,
2383 1783 2488 1822 non
2517 1778 2603 1824 est
2628 1785 2954 1841 magnopere
2981 1776 3382 1844 demirandutn,

1823 1855 1913 1908 sed
1949 1870 1978 1909 a
2023 1857 2161 1911 ntala
2205 1868 2354 1914 ortas
2394 1862 2747 1932 scaturigine,
2797 1873 2891 1920 aut
2939 1871 3169 1924 naturali
3217 1887 3382 1928 sensu

1823 1947 2150 2015 proﬂuentes
2199 1949 2250 2004 itt
2304 1961 2551 2006 sanctum
2591 1965 2644 2008 et
2681 1955 3017 2025 spiritualem
3054 1963 3210 2016 linem
3253 1964 3386 2019 diri-

1821 2053 1965 2106 gere,
2005 2039 2105 2093 hoc
2135 2055 2260 2094 vero
2303 2041 2626 2096 laudandunt
2659 2057 2712 2099 et
2749 2049 3173 2116 praedicandum.
3210 2041 3384 2121 Quam

1821 2128 2142 2183 Sententiant
2178 2132 2381 2199 optime
2413 2133 2718 2206 intelligunt
2764 2137 2798 2190 ii
2827 2141 2918 2208 qui
2951 2143 3016 2195 ad
3051 2159 3241 2200 vanam
3270 2148 3385 2217 glo-

1823 2217 1956 2270 riatn
1981 2228 2111 2273 sunt
2140 2223 2538 2290 propensiores.
2572 2224 2714 2280 Cave
2746 2243 2812 2282 uc
2841 2229 2908 2284 de
2937 2231 3176 2288 fontibus
3207 2238 3386 2308 lacry-

1821 2323 2031 2362 taarum
2063 2319 2276 2365 tuarum
2307 2315 2468 2367 etiattt
2502 2314 2666 2384 largis
2698 2317 2790 2372 tibi
2823 2319 3013 2375 eredas
3035 2363 3050 2387 ,
3092 2334 3381 2396 antequam

1819 2399 1888 2452 ah
1941 2401 2193 2456 omnibus
2242 2415 2586 2472 peccatorum
2637 2409 2891 2464 sordibus
2937 2415 3150 2481 penitus
3194 2431 3384 2487 repur-

1818 2492 1982 2559 geris.
2015 2491 2132 2548 Non
2167 2506 2405 2549 uteretur
2436 2498 2646 2552 laudettt
2679 2515 2772 2554 seu
2808 2502 2962 2556 [idem
2994 2505 3122 2560 illud
3171 2503 3380 2575 viuutit,

1817 2584 1963 2652 quod
1993 2586 2153 2641 modo
2177 2603 2242 2640 ex
2271 2589 2633 2644 torcularibus
2665 2592 2717 2646 itt
2750 2608 2875 2648 vasa
2906 2609 2988 2650 est
3021 2599 3376 2655 transfusum.

1821 2673 2114 2745 Lacrytnas
2137 2692 2258 2746 quae
2281 2677 2390 2734 Deo
2413 2689 2580 2751 gratas
2609 2694 2757 2748 sunt,
2793 2687 2948 2742 nobis
2976 2705 3096 2744 esse
3123 2695 3383 2760 perutiles

1819 2780 1979 2821 nemo
2013 2767 2222 2824 intlcias
2254 2771 2380 2836 ibit;
2412 2774 2535 2841 quis
2572 2786 2749 2830 autem
2790 2775 3000 2835 fructus
3042 2781 3165 2838 inde
3190 2795 3246 2839 et
3274 2786 3382 2841 uti-

1818 2858 1942 2912 litas
1980 2862 2227 2923 exsistat,
2257 2864 2447 2918 mortis
2483 2875 2723 2936 tempore
2752 2883 3162 2939 cognoscemus.
3192 2875 3296 2942 Qui
3323 2881 3377 2932 itt

1818 2965 1944 3003 vero
1973 2952 2168 3006 anima:
2201 2953 2416 3022 Deoque
2441 2966 2594 3025 grato
2634 2957 2780 3014 luctu
2823 2971 3081 3030 perpetuo
3111 2965 3260 3030 vivit,
3290 2968 3379 3024 ille

1815 3044 2156 3110 quotidianas
2182 3045 2456 3100 celebrare
2500 3049 2662 3104 ferias
2697 3067 2802 3106 non
2838 3055 3071 3110 desistit.
3107 3057 3210 3124 Qui
3240 3077 3373 3116 vero

1816 3133 2030 3201 corpori
2075 3135 2315 3203 quotidie
2344 3152 2440 3206 per
2470 3139 2652 3195 luxum
2693 3143 2861 3202 festos
2893 3149 3009 3204 dies
3035 3152 3190 3224 155
3221 3155 3377 3211 insti-

1816 3223 1940 3288 tuit,
1971 3232 2234 3280 aeternum
2267 3227 2394 3283 olim
2430 3231 2657 3301 lugebit.
2684 3235 2812 3294 Reis
2840 3240 2897 3296 in
2930 3258 3148 3300 carcere
3162 3223 3374 3304 nultum

1813 3325 1898 3369 est
1944 3315 2223 3385 gaudium,
2282 3336 2382 3374 nec
2431 3324 2573 3378 veris
2624 3329 2905 3387 monachis
2943 3334 2998 3387 in
3049 3339 3210 3394 terris
3244 3339 3375 3395 festa

1814 3405 2000 3479 [vana]
2049 3407 2254 3464 laetitia.
2302 3410 2368 3465 Et
2409 3413 2638 3470 fortasse
2683 3429 2968 3490 propterea
3011 3425 3100 3482 ille
3131 3431 3224 3499 qui
3255 3446 3380 3487 vere

1813 3509 2105 3569 sancteque
2144 3501 2362 3573 lugebat
2393 3521 2613 3575 gemens
2642 3509 2780 3565 dixit
2807 3529 2822 3566 :
2857 3512 3009 3571 Educ
3047 3524 3110 3574 de
3138 3514 3378 3578 custodia

1811 3591 2046 3643 animam
2078 3595 2332 3660 meam",
2383 3599 2461 3653 uti
2508 3600 2760 3672 deinceps
2803 3609 3036 3665 exsultet
3078 3612 3132 3667 in
3173 3614 3379 3674 lumine

1813 3683 1926 3736 tuo,
1961 3677 2104 3746 quod
2138 3681 2302 3736 nullis
2337 3685 2518 3742 verbis
2561 3691 2787 3758 exprimi
2827 3705 3017 3762 potest.
3070 3699 3203 3756 Esto
3235 3708 3378 3763 velut

1811 3763 2108 3833 imperator
2137 3767 2191 3821 in
2224 3771 2388 3825 corde
2419 3783 2512 3827 tuo
2543 3777 2791 3836 sublimis
2826 3783 2877 3836 in
2915 3787 3219 3847 humilitate
3245 3799 3378 3851 resi-

1809 3853 1964 3917 dens,
1996 3856 2086 3924 qui
2117 3857 2342 3927 imperct
2367 3863 2502 3918 risui
2531 3883 2542 3916 :
2573 3865 2732 3935 Vade,
2753 3881 2802 3924 et
2831 3875 3009 3940 vadit;
3041 3888 3098 3933 et
3123 3882 3375 3942 dulcibus

1809 3942 2060 4015 lacrymis
2091 3965 2104 4002 :
2151 3945 2348 4016 Venite,
2382 3964 2432 4006 et
2464 3958 2671 4012 veniunt
2703 3975 2719 4011 :
2746 3971 2801 4016 et
2823 3967 3002 4022 servili
3035 3978 3249 4042 corpori
3279 3993 3374 4031 tto-

1804 4035 1923 4088 'stro
1947 4036 2188 4108 adeoque
2214 4049 2443 4112 tyranno
2472 4063 2484 4099 :
2515 4047 2626 4103 Fac
2647 4051 2762 4119 hoc,
2793 4065 2842 4108 et
2865 4057 2995 4126 facit
3020 4059 3084 4114 “'.
3109 4035 3372 4138 duisquis

1808 4123 2024 4181 beatum
2056 4138 2109 4182 et
2130 4129 2240 4186 Deo
2273 4143 2488 4202 gratum
2515 4137 2718 4196 luctum
2758 4123 2904 4200 velut
2930 4123 3372 4226 vestemwnupltia;

1809 4215 1912 4270 lem
1966 4218 2224 4286 induerit,
2307 4223 2398 4278 ille
2478 4228 2646 4286 risum
2711 4243 2766 4290 et.
2839 4237 3078 4296 laetitiam
3147 4215 3370 4315 spiritus

1809 4323 1990 4363 veram
2069 4316 2284 4369 sentiet.
2353 4315 2486 4382 Quis
2555 4323 2831 4381 enimvero
2903 4331 3168 4400 ejusmodi
3252 4351 3368 4406 est,

1808 4399 1902 4468 qui
1932 4416 2094 4457 omne
2129 4405 2252 4459 vitae
2295 4423 2410 4462 suae
2437 4418 2650 4481 tempus
2693 4417 2747 4470 in
2780 4399 3041 4491 religione
3071 4427 3142 4482 ita
3185 4443 3370 4487 sancte

1810 4493 2166 4566 religioseque
2191 4503 2546 4572 consumpsit,
2583 4507 2659 4560 uti
2705 4511 2909 4567 nullum
2957 4516 3123 4584 diem,
3165 4523 3369 4578 nullam

1809 4585 2018 4651 horam,
2055 4591 2261 4644 nullum
2296 4608 2630 4652 momentum
2663 4602 2802 4656 male
2835 4605 3114 4661 collocarit
3142 4607 3372 4681 [nullius

1806 4677 1933 4743 diei,
1958 4679 2122 4746 horae,
2147 4686 2404 4738 momenti
2427 4686 2694 4756 jacturam
2726 4691 2978 4767 fecerit],
3027 4698 3119 4752 sed
3143 4677 3365 4756 omnem

1809 4770 1970 4824 vitam
2019 4786 2172 4826 suam
2227 4777 2431 4845 optime
2482 4780 2536 4833 in
2597 4780 2823 4838 Domino
2872 4789 3207 4856 expcnderit,
3260 4809 3367 4848 non

1808 4861 2028 4930 ignarus
2053 4864 2198 4932 quod
2227 4866 2366 4920 diem
2408 4869 2571 4923 semel
2607 4875 2934 4940 praeteritum
2976 4894 3252 4950 nunquam
3299 4884 3370 4938 sit

1806 4962 2148 5022 aspecturus.
2191 4954 2341 5010 Felix
2394 4959 2610 5026 quidem
2660 4961 2751 5016 ille
2802 4975 2884 5018 est
2931 4970 3229 5026 monachus
3272 4973 3367 5041 qui

1804 5044 1978 5098 oculis
2028 5045 2224 5099 anima:
2271 5049 2455 5104 beatas
2510 5051 2750 5107 cmlitum
2796 5067 3002 5112 mentes
3049 5069 3105 5114 et
3147 5062 3366 5131 angelos

1805 5145 1977 5204 potest
2006 5136 2223 5192 intueri.
2270 5141 2374 5196 Sed
2423 5142 2790 5214 impeccabilis
2833 5153 3058 5206 omnino
3103 5153 3227 5219 ille,
3271 5159 3364 5225 qui

1803 5242 1967 5296 genas
1997 5243 2127 5283 suas
2157 5245 2254 5300 per
2283 5235 2472 5290 mortis
2509 5238 2911 5296 meditationem
2940 5254 2994 5298 et
3019 5257 3361 5313 peccatorum

1801 5332 2024 5372 suorum
2093 5322 2578 5380 considerationem
2634 5330 2932 5387 calentibus
2983 5335 3239 5407 lacrymis
3295 5354 3362 5392 ex

1802 5407 1971 5462 oculis
2025 5409 2189 5464 etiam
2249 5416 2492 5483 corporis
2557 5419 2794 5487 profusis
2849 5425 3068 5482 assidue
3113 5425 3357 5482 inundat.

1804 5499 1966 5571 lEgre
1996 5511 2174 5556 autem
2201 5505 2390 5561 adduci
2423 5510 2625 5578 possim
2660 5522 2715 5568 ut
2741 5512 2956 5570 credam
2981 5519 3214 5588 priorem
3243 5519 3362 5575 feli-
