4210 6464
156 427 253 488 Sl'l
655 473 660 480 .
1175 433 1402 492 StJAlA
1437 433 1802 492 PARADISI.

1730 434 1802 492 SI.
1844 457 1909 468 -·
1943 435 2248 492 GIHDUS
2275 436 2398 492 \‘Il.
3291 435 3392 497 818

150 545 510 598 obedientiam
556 545 817 613 subjecit,
867 545 1106 614 quotidie
1151 545 1436 598 cxhilarat.
1480 544 1582 610 Qui
1614 559 1721 598 non
1761 553 2082 598 alterutrum
2147 562 2208 598 ex
2281 545 2364 599 bis
2405 545 2620 598 modum
2660 547 2871 599 sincere
2911 546 3306 616 complectitur,
3347 550 3392 602 is

146 651 280 689 vero
318 635 462 690 luctu
488 635 774 690 destitutus
804 647 902 690 est.
956 635 1124 706 Abige
1165 637 1264 690 abs
1305 645 1355 690 te
1382 650 1572 689 canem
1615 635 2007 704 desperationis
2044 636 2201 706 162
2246 637 2337 705 qui
2378 636 2474 690 tibi
2517 637 2568 690 iu
2610 652 2805 690 sumno
2846 637 2988 690 luctu
3025 637 3192 692 Deum
3225 637 3388 693 incle~

150 738 385 782 mentem
407 770 419 783 .
454 728 710 782 immitem
745 738 799 782 et
832 728 1224 795 implacabilem
1296 727 1447 796 fingit
1483 737 1538 781 et
1581 727 1820 796 subjicit.
1885 724 2016 780 Nam
2061 727 2150 780 ubi
2216 727 2464 783 i-uindcm
2534 727 2816 796 diligenter
2852 729 3224 784 observaveris
3247 768 3263 790 ,
3297 729 3391 784 dc—

147 819 450 885 prebendes
500 819 568 872 ab
611 819 802 872 eodem
853 834 988 872 caue
1027 818 1119 871 tibi
1168 827 1293 872 ante
1342 827 1706 885 perpetratum
1747 827 2025 886 peccatum
2096 821 2345 872 emndem
2381 817 2546 872 Deum
2613 819 2928 886 benignum,
2963 819 3390 878 misericordem.

145 917 200 959 et
223 908 292 961 ad
315 910 526 964 veniam
557 909 768 964 facilem
810 911 1050 979 promitti
1100 923 1156 965 et
1217 911 1518 978 praedicari.
1566 911 1894 965 Exercitatio
1941 911 2265 982 [meditatio]
2302 912 2443 981 parit
2505 911 2904 973 assiduitatem,
2935 912 3226 968 assiduitas
3252 913 3387 966 desi-

150 1001 231 1054 nit
253 1018 306 1054 in
335 1019 491 1057 usum
541 1012 596 1057 et
623 1003 948 1058 facultatem.
1017 1020 1136 1074 quae
1162 1003 1252 1058 ubi
1289 1006 1342 1058 in
1371 1020 1534 1058 sensu
1570 1004 1780 1059 radices
1817 1005 1944 1074 egit,
1985 1021 2088 1057 non
2122 1004 2282 1057 facile
2313 1004 2535 1058 tollitur.
2573 1004 2982 1072 Qualiacunque
3010 1002 3228 1056 demum
3264 1003 3387 1058 vita:

147 1092 326 1145 studia
371 1096 717 1164 quantumvis
754 1095 984 1149 illustria
1026 1111 1350 1166 sequamur,
1383 1095 1427 1150 si
1471 1098 1717 1157 internus
1754 1097 1920 1151 animi
1944 1098 2098 1152 dolor
2118 1109 2171 1151 et
2202 1111 2396 1150 sensus
2421 1096 2579 1156 desit,
2607 1094 2805 1148 frustra
2870 1110 3082 1158 sumus,
3149 1096 3391 1166 nihilque

147 1186 382 1256 agimus.
413 1186 646 1243 Necesse
676 1198 759 1243 est
785 1189 929 1243 enim
957 1231 971 1250 ,
1011 1204 1235 1245 necesse
1263 1189 1517 1253 omnino,
1580 1199 1640 1245 ut
1699 1190 1772 1244 ita
1814 1192 2004 1264 loquar
2030 1232 2042 1254 ,
2088 1191 2199 1253 uti,
2248 1189 2559 1258 quicunque
2595 1187 2934 1257 baptismatis
2980 1188 3126 1244 fonte
3177 1189 3388 1246 luStrati

145 1290 363 1343 sumus,
381 1297 702 1353 rursumque
735 1293 919 1351 postea
945 1283 1088 1338 vitiis
1120 1284 1410 1354 inquinati,
1443 1285 1568 1356 igne
1624 1285 1805 1340 cordis
1858 1301 2133 1354 nunquam
2194 1285 2514 1354 elangucute
2536 1323 2550 1346 ,
2597 1291 2648 1336 et
2679 1282 2799 1336 oleo
2840 1282 3229 1340 misericordia:
3298 1284 3391 1341 Dei

145 1373 320 1441 picem
387 1377 638 1430 vitiorum
685 1394 716 1432 e
755 1378 1006 1432 manibus
1079 1378 1473 1447 abstergamus.
1523 1377 1642 1432 Vidi
1683 1395 1784 1450 ego
1820 1380 2085 1450 quosdam
2129 1379 2196 1432 ad
2241 1393 2555 1447 supremum
2585 1379 2762 1432 luctus
2786 1377 3014 1447 gradum
3045 1378 3389 1440 ascendisse,

145 1468 239 1530 qni
285 1484 393 1536 pra:
426 1472 592 1525 animi
622 1471 808 1526 dolore
844 1483 898 1526 et
939 1473 1134 1526 alllicto
1197 1473 1360 1527 corde
1393 1487 1638 1527 cruorem
1679 1489 1747 1528 ex
1786 1488 1882 1528 ore
1914 1473 2235 1528 eructabant
2260 1511 2277 1535 ,
2311 1480 2366 1526 et
2412 1487 2619 1525 memor
2648 1470 2725 1524 fui
2791 1471 3061 1525 dicentis:
3101 1468 3392 1526 Percussus

149 1579 264 1616 sum
294 1575 351 1616 ut
382 1564 590 1632 fenum,
622 1579 670 1620 et
703 1571 914 1621 exaruit
945 1585 1034 1621 cor
1059 1584 1229 1622 meum
1259 1568 1325 1621 ’³.
1358 1566 1634 1638 Lacrymze
1685 1583 1750 1624 ex
1793 1568 1989 1623 timore
2027 1567 2116 1621 Dei
2143 1567 2395 1637 profectae
2424 1565 2476 1618 in
2507 1582 2565 1620 se
2595 1565 2723 1635 ipsa:
2747 1578 2947 1620 metum
3005 1576 3057 1620 et
3089 1567 3388 1621 custodiam

144 1655 324 1709 cordis
377 1658 590 1713 habent.
643 1638 774 1725 Qua:
818 1676 945 1715 vero
982 1676 1045 1714 ex
1095 1659 1358 1714 cbaritate
1398 1660 1713 1728 profluunt,
1785 1668 1910 1714 ante
1942 1661 2232 1730 perfectam
2264 1658 2583 1712 cbaritatem
2627 1669 2832 1728 partam
2865 1658 2932 1712 ab
2967 1658 3243 1714 nonnullis
3308 1661 3388 1713 fa-

144 1745 246 1799 Cilc
283 1757 630 1813 amittuutur,
691 1751 796 1806 nisi
836 1751 1069 1806 fortasse
1132 1753 1272 1822 ignis
1309 1751 1398 1806 ille
1466 1759 1668 1806 aeterna
1731 1751 1994 1806 memoria
2041 1750 2362 1805 recolendus
2391 1749 2571 1818 Operis
2611 1757 2852 1818 tempore
2892 1763 2985 1802 cor
3017 1748 3386 1803 inflammarit.

144 1841 206 1893 Et
237 1843 436 1898 mirum
466 1845 613 1899 dictu
645 1857 727 1902 est
749 1887 766 1912 ,
831 1849 1105 1916 quomodo
1163 1862 1374 1916 semper
1421 1847 1473 1901 id
1505 1847 1648 1917 quod
1681 1846 1941 1902 humilius
1991 1853 2074 1901 est
2102 1853 2158 1900 et
2213 1844 2476 1914 abjectius
2498 1884 2512 1905 ,
2539 1859 2640 1898 suo
2673 1844 2792 1897 loco
2823 1843 3070 1898 securius
3107 1852 3162 1897 et
3189 1843 3391 1898 certius

141 1933 228 1986 Sit.
269 1932 406 1988 Sunt
445 1951 531 1992 res
588 1953 708 2007 quat
766 1938 1126 2009 lacrymarum
1161 1937 1337 1994 fontes
1371 1939 1424 1993 in
1461 1940 1616 1993 nobis
1653 1940 2022 1994 exhauriunt:
2065 1937 2220 2010 163
2253 1947 2382 1991 sont
2439 1937 2564 1991 item
2607 1936 2727 1991 alia:
2770 1952 2891 2004 quze
2925 1952 2978 1990 ιιι
3039 1936 3173 2005 ipsis
3235 1934 3390 1989 fonti-

142 2028 244 2082 bus
273 2032 445 2086 lutum
474 2041 526 2086 et
556 2034 754 2088 bestias
791 2035 1027 2104 pariunt.
1059 2034 1133 2088 Ex
1193 2035 1478 2090 occasione
1538 2034 1775 2104 priorum
1820 2035 1918 2089 Lot
1964 2036 2227 2087 incestum
2282 2047 2406 2086 cum
2443 2032 2660 2085 liliabus
2698 2031 2812 2084 suis
2848 2030 3140 2086 commisit.
3183 2029 3263 2085 0b
3291 2045 3387 2100 po-

139 2126 404 2182 steriores
430 2128 644 2185 Lucifer
683 2148 710 2183 e
737 2131 876 2184 cielo
906 2131 1222 2186 deturbatus
1244 2140 1345 2186 est.
1379 2129 1714 2185 Incredibilis
1750 2139 1834 2186 est
1865 2129 2105 2183 hostium
2151 2137 2461 2182 nostrorum
2488 2126 2714 2191 malitia,
2736 2124 2827 2194 qui
2868 2125 3126 2179 virtutum
3176 2140 3390 2180 semen-

138 2235 246 2279 ιιιιιι
293 2221 345 2274 in
389 2223 517 2276 vitia
560 2233 917 2287 convertunt,
966 2235 1021 2278 et
1063 2240 1125 2280 ea
1173 2241 1293 2296 qua»
1349 2226 1705 2280 luunilitatem
1743 2233 1960 2285 creant,
2011 2223 2065 2276 in
2111 2221 2420 2290 superbiam
2464 2221 2780 2290 depravant.
2869 2220 3060 2276 Solent
3090 2235 3200 2274 non
3262 2235 3389 2274 raro

136 2317 269 2380 ipsa:
297 2312 693 2370 domiciliorum
731 2327 1041 2371 nostrorum
1071 2320 1262 2380 sedes,
1299 2327 1353 2372 et
1392 2319 1506 2373 loca
1546 2319 1720 2373 oculis
1753 2317 1996 2385 subjecta
2040 2330 2141 2371 nos
2180 2315 2247 2369 ad
2297 2315 2774 2384 compunctiouem
2819 2329 3156 2386 provocare,
3193 2331 3383 2384 quem‘

140 2405 432 2459 aduiodum
495 2407 695 2462 docent
747 2407 928 2474 Jcsus,
960 2421 1015 2465 et
1075 2410 1240 2474 Elias,
1270 2421 1324 2466 et
1382 2410 1652 2477 Joannes,
1686 2411 1779 2482 qui
1815 2411 1868 2465 in
1901 2410 2036 2466 solis
2070 2410 2205 2465 locis
2244 2410 2385 2480 apud
2437 2410 2761 2479 semetipsos
2805 2410 3060 2480 precibus
3102 2416 3386 2462 vacarunt.

142 2493 262 2548 Vidi
305 2505 360 2549 et
402 2497 456 2550 in
505 2498 698 2554 mediis
737 2501 962 2555 urbibus
1004 2511 1060 2557 et
1106 2504 1388 2558 hominum
1437 2503 1608 2558 turbis
1646 2519 1711 2558 ac
1744 2503 1968 2572 strepitu
2029 2516 2418 2571 nonnunquam
2449 2500 2718 2570 religiosis
2744 2501 2876 2556 viris
2934 2499 3182 2570 prosilire
3211 2499 3382 2570 Iacry-

141 2600 284 2650 mas,
319 2596 379 2640 ut
413 2589 514 2644 bac
532 2591 740 2646 ratione
763 2591 965 2648 inducti
991 2594 1367 2648 existimemus
1400 2594 1608 2648 nullum
1646 2610 1744 2647 nos
1791 2608 1854 2648 ex
1885 2609 1987 2648 usu
2014 2591 2295 2646 hominum
2321 2601 2375 2645 et
2396 2591 2723 2644 tumultumn
2766 2589 3146 2644 detrimentum
3171 2602 3384 2657 capere,

140 2673 385 2745 adeoque
415 2677 642 2734 libenter
680 2681 819 2735 inter
849 2683 1098 2736 homines
1111 2693 1165 2738 et
1187 2684 1371 2738 turbas
1405 2700 1685 2738 versemur
1713 2700 1728 2736 :
1755 2682 1843 2736 hic
1867 2683 2010 2736 enim
2041 2682 2162 2735 linis
2189 2690 2272 2736 est
2307 2681 2676 2750 improborum
2699 2681 3006 2736 daamonum
3045 2680 3141 2750 (ut
3165 2679 3387 2738 trahant

145 2784 240 2820 nos
271 2769 336 2822 ad
369 2771 650 2842 saaculum)
683 2789 824 2842 saepe
852 2774 1077 2828 verbum
1109 2776 1328 2830 unicum
1358 2792 1575 2830 munem
1601 2775 1769 2829 animi
1803 2775 2007 2828 luctum
2036 2773 2296 2828 exstinxit
2327 2791 2339 2826 :
2378 2772 2471 2828 sed
2504 2772 2749 2826 miraculi
2781 2771 2951 2826 instar
2995 2783 3080 2827 est
3107 2811 3124 2834 ,
3164 2769 3210 2825 si
3255 2786 3378 2824 ver-

143 2859 272 2911 bum
298 2861 460 2914 ctiam
490 2878 680 2924 unum,
705 2863 908 2920 luctum
939 2867 1170 2922 reduxit.
1204 2865 1578 2936 Nequaquam,
1613 2866 1794 2928 amici,
1830 2866 1883 2918 in
1922 2879 2144 2920 excessu
2180 2866 2376 2918 anima:
2407 2865 2811 2926 accusabimur,
2851 2865 2997 2934 quod
3035 2864 3182 2917 nulla
3214 2863 3379 2916 mirav

142 2949 263 3003 cula
287 2954 702 3019 patraverimus,
729 2965 821 3010 aut
841 2957 908 3011 de
941 2958 1103 3012 rebus
1121 2958 1318 3012 divinis
1349 2959 1720 3028 theologorum
1743 2956 1904 3010 modo
1926 2970 2034 3009 non
2067 2966 2224 3010 acute
2251 2955 2734 3023 disputavcrimus,
2762 2965 2856 3009 aut
2883 2956 2936 3009 in
2968 2954 3382 3024 contemplatio-

143 3062 268 3100 nem
287 3062 396 3101 non
425 3049 627 3118 abrepti
657 3052 919 3106 fuerimus
943 3071 957 3107 ι
992 3053 1085 3107 sed
1114 3063 1262 3107 certo
1292 3054 1555 3108 rationem
1577 3053 1850 3114 dabimus,
1871 3049 2015 3118 quod
2037 3066 2142 3105 non
2173 3053 2510 3104 continenter
2537 3060 2754 3119 peccata
2777 3059 2961 3106 nostra
2979 3049 3375 3104 deﬂeverimus.

211 3143 382 3206 Βάσις
411 3144 615 3215 ἑϐδόμη
637 3163 650 3176 ο
677 3147 705 3199 ὁ
743 3147 996 3212 ἀξιωθεὶς
1029 3152 1194 3222 κάμοὶ¹
1221 3150 1487 3220 βοηθείτω
1507 3167 1520 3179 ·
1548 3149 1711 3212 αὐτὸς
1741 3154 1784 3208 Α

1741 3154 1784 3208 Α
1883 3147 2060 3216 Atque
2093 3147 2181 3199 liic
2213 3156 2297 3200 est
2328 3147 2591 3216 septimus
2617 3149 2818 3217 gradus
2841 3188 2857 3209 ,
2891 3162 3051 3216 quem
3091 3148 3184 3217 qui
3216 3163 3376 3216 supc-

147 3233 252 3302 γέιρ
285 3233 386 3302 ἤδη
435 3235 787 3306 βεὸοήοηται.
835 3237 924 3290 διὰ
950 3238 1044 3291 τοῦ
1089 3241 1316 3310 ἑϐδόμου
1355 3237 1568 3309 βαθμοῦ
1615 3237 1712 3301 τὰς

1813 3239 1990 3299 ravit,
2035 3247 2090 3290 ct
2129 3237 2261 3290 milii
2300 3252 2491 3290 manus
2523 3237 2801 3307 porrigat,
2841 3237 3296 3307 quemadmodum
3327 3248 3381 3294 ct

151 3325 237 3378 τοὺ
267 3326 468 3388 αἰῶνος
498 3327 690 3381 τούτου
721 3329 941 3400 κηλίδας
971 3333 1395 3402 ἀπονιψάμενος.

1815 3330 1926 3398 ipse
1953 3329 2172 3396 adjutus
2207 3329 2352 3383 labes
2383 3330 2504 3383 vitae
2537 3330 2818 3398 praesentis
2858 3329 3131 3384 abstersit.

543 3482 793 3535 sxoau
834 3486 938 3537 Et:
977 3488 1196 3540 Atll‘ON
1239 3490 1309 3541 κ’.
2019 3483 2176 3555 164

2019 3483 2176 3555 164
2236 3484 2526 3538 SCll0L|.\
2588 3486 2676 3540 Al)
2729 3485 3013 3542 GRADUM
3073 3486 3180 3541 Vll.

713 3619 845 3683 Περὶ
873 3619 1054 3672 πένυο
1065 3641 1130 3684 υς

1065 3641 1130 3684 υς
2466 3622 2536 3676 De
2563 3624 2727 3677 luctu.

754 3734 800 3783 Σ
802 3733 1012 3800 χόλων
1044 3741 1114 3784 α’.

1103 3773 1114 3784 .
2429 3737 2680 3790 Scholion
2718 3738 2765 3792 1.

209 3818 403 3887 Ἰὀυτῳ
433 3820 616 3872 πολλοι
642 3822 1014 3892 ἀπατηθέντες
1039 3826 1211 3890 ἀδεῶς
1240 3845 1336 3894 την
1367 3829 1711 3900 συμπάθειαν

141 3913 252 3971 τοῖς
283 3912 690 3982 ἁμαρτάνουσιν
723 3915 1010 3982 ἐπάγουσι,
1043 3913 1126 3981 οἷς
1161 3921 1220 3972 οὐ
1261 3921 1366 3991 χρὴ
1403 3923 1704 3976 πείθεσθαι.

159 3998 316 4067 ’Λλλη
363 4000 471 4069 γὰρ
526 4002 559 4070 ἡ
595 4001 830 4055 ἐνταῦοα
885 4007 1200 4074 συμπάθεια
1251 4010 1390 4081 ὑπὲρ
1444 4011 1705 4082 δύναμιν’

144 4089 492 4157 συμπάθειαν
523 4091 633 4162 γάρ
667 4110 848 4164 φαμεν
891 4096 1087 4159 πένθος
1119 4101 1258 4154 κατὰ
1285 4100 1462 4173 ψυχὴν
1495 4105 1708 4172 ἐγγινὸ-

144 4196 329 4244 μενον.
391 4181 484 4233 καὶ
530 4181 671 4254 ὑπὲρ
723 4185 817 4238 τοῦ
864 4188 1230 4258 ἀγαπωμένου
1285 4193 1706 4264 περτιοέμενον’

139 4270 291 4323 ἔστιν
319 4272 407 4324 ὅτε
437 4274 530 4326 καὶ
567 4277 698 4345 παρ’
729 4278 910 4344 ἀξίαν.
943 4282 1168 4350 Προνοεί
1207 4285 1307 4354 μὲν
1352 4287 1458 4356 γάρ
1483 4304 1564 4350 τις
1615 4289 1707 4341 τοῦ

141 4362 509 4431 ἀγαπωμένου
540 4368 864 4436 συμπαθῶς,
898 4370 1041 4424 ὥστε
1088 4375 1250 4428 αὐτὸν
1300 4377 1436 4446 μήτε
1482 4378 1706 4443 ἀδικεῖν,

1883 3827 1996 3884 lloc
2023 3829 2178 3883 multi
2208 3829 2436 3898 decepti,
2463 3839 2666 3883 temere
2689 3830 3219 3884 commiserationem
3249 3847 3372 3900 erga

1809 3921 2187 3992 delinquentes
2231 3922 2588 3976 adhibendam
2649 3932 2880 3992 putant;
2935 3922 3026 3992 qui
3079 3937 3186 3976 non
3248 3935 3376 3978 sunt

1810 4013 2080 4068 audiendi.
2119 4013 2276 4067 Aliud
2329 4015 2472 4067 enim
2527 4013 2615 4068 bic
2667 4030 2835 4084 genus
2881 4014 3373 4070 commiserationis

1809 4121 1930 4174 qua
1958 4107 2100 4160 vires
2131 4115 2351 4175 superat
2379 4107 2804 4179 intelligendum.
2833 4108 3372 4162 Commiserationcm

1808 4199 1953 4252 enim
1976 4198 2208 4253 dicimus
2237 4199 2434 4253 luctum
2467 4199 2663 4252 animm
2693 4199 2938 4260 insitum,
2973 4209 3025 4254 ct
3058 4216 3155 4268 pro
3181 4200 3374 4256 dilectu

1807 4291 2143 4356 expositum,
2196 4291 2355 4344 etiam
2403 4291 2727 4358 quandoque
2775 4299 2970 4360 printer
3023 4293 3276 4346 meritum
3318 4303 3375 4346 et

1807 4381 2146 4446 dignitatem.
2177 4381 2445 4450 l’rospieit
2485 4380 2718 4452 [cavet]
2751 4384 2892 4437 enim
2950 4383 3222 4452 quispiam
3297 4385 3370 4438 illi

143 4454 282 4558 p.131:
339 4454 676 4510 ἀδικεῖσθαι’
729 4461 758 4511 ὁ
794 4460 851 4514 δὲ
891 4463 1184 4532 ήδυπαΘῶν
1217 4467 1516 4537 ἁμαρτάνει
1539 4510 1555 4530 ,
1616 4474 1709 4524 καὶ
1739 4506 1780 4560 Β

1739 4506 1780 4560 Β
1808 4489 1969 4542 quem
2006 4483 2152 4527 amat
2179 4490 2243 4526 ex
2277 4475 2469 4527 affectu
2489 4517 2503 4537 ,
2541 4485 2599 4528 ut
2625 4475 2801 4544 ipsum
2832 4477 2922 4543 qui
2954 4486 3174 4544 peccat,
3199 4492 3372 4544 neque

140 4544 408 4598 ἀδικεῖται
462 4548 801 4620 ἀσυμπαοῶς
823 4570 835 4580 ν
873 4555 1015 4626 ὑπὲρ
1059 4555 1287 4628 δύναμιν
1318 4559 1397 4621 δὲ,
1431 4562 1491 4613 τὸ
1516 4579 1701 4630 προτι-

140 4635 292 4687 ίιὲνιι
339 4638 441 4707 τὴν
483 4640 618 4694 ἰδίαν
651 4643 828 4716 ψυχὴν
879 4647 1017 4718 ὑπὲρ
1088 4653 1360 4721 σωτηρίαν
1404 4654 1494 4705 τοῦ
1550 4655 1704 4722 φίλου

142 4725 329 4787 αὑτοῦ,
361 4728 482 4798 οὑχὶ
511 4729 566 4782 δὲ
591 4733 726 4802 πρὸς
765 4735 1041 4790 ἀπώλειαν
1065 4756 1078 4769 ·
1113 4741 1210 4792 οὐκ
1240 4742 1355 4795 ἐστι
1390 4744 1497 4813 γὰρ
1532 4747 1704 4816 ἁμαρ-

145 4816 389 4882 τήσαντα
436 4818 537 4888 τὴν
579 4821 855 4892 ἁμαρτίαν
892 4822 1201 4897 διαδρᾶναι,
1230 4831 1280 4881 εί
1315 4830 1390 4902 μὴ
1423 4832 1508 4885 διὰ
1544 4850 1706 4902 μετα-

143 4909 293 4967 νοίας
320 4910 710 4982 ποοστικούσης
741 4912 817 4983 τῷ
847 4915 1144 4986 σηιὰλματι.

405 5095 662 5160 Σχόλιον
695 5095 994 5161 Θεοδώρου
1030 5099 1323 5168 Ἐδέσσης
1347 5106 1434 5167 β’,

212 5181 450 5250 Μακρὰν
475 5183 580 5235 ἀπὸ
603 5181 697 5236 σοῦ
716 5184 777 5236 τὸ
799 5184 1138 5256 πολύρρητον
1156 5189 1427 5244 ἁποδίωκε
1447 5194 1664 5265 πνεῦμα
1685 5214 1698 5224 ·

142 5279 200 5324 εν
227 5273 378 5344 αὐτῷ
393 5273 503 5344 γὰρ
523 5274 794 5342 ἐγκεινται
823 5277 1000 5332 πάντα
1020 5277 1088 5330 τὰ
1105 5279 1255 5335 δεινά
1283 5283 1451 5353 πάοηο
1480 5285 1630 5339 ἔνθεν
1645 5288 1705 5341 τὸ

142 5367 355 5434 -ςκεῦδος,
378 5367 590 5420 ἐκεῖθεν
611 5370 645 5439 ὴ
679 5370 960 5440 παρρησία
981 5387 995 5402 ·
1031 5371 1249 5427 ἄλλοθεν
1288 5377 1322 5446 ὴ
1350 5377 1700 5446 εὐτραπελία,

143 5453 171 5502 ὁ
199 5453 372 5519 γέλως
419 5454 763 5527 ὲτὲρωθεν,ἡ
796 5458 1114 5522 καταλαλία,
1157 5462 1191 5532 ἡ
1233 5462 1485 5536 λοιδορία,
1517 5469 1550 5537 ἠ
1583 5470 1700 5522 aio-

147 5541 365 5610 γρότης,
406 5541 441 5610 ἡ
497 5544 828 5613 μωρολογία,
873 5547 968 5600 καὶ
1024 5549 1350 5616 συνελόντως
1405 5557 1594 5624 φάναι,
1643 5560 1704 5612 τὸ

146 5633 450 5704 εἰρημένον.
489 5638 618 5690 Ὀτι
662 5638 730 5693 ἐκ
777 5643 1143 5711 πολυλογιίις
1200 5647 1308 5700 οὐκ
1358 5647 1702 5717 ἐκφεύξεται

222 5811 269 5840 ³³
293 5811 437 5868 l'sal.
466 5829 539 5877 ei,
575 5818 606 5869 ξι

1813 4564 1972 4619 laedat
1994 4604 2009 4624 ,
2044 4581 2220 4634 neque
2255 4567 2500 4620 laedatur.
2535 4566 2638 4619 Sed
2673 4569 2763 4635 qui
2796 4568 3161 4635 voluptatibus
3195 4569 3342 4622 indul

1811 4672 1942 4725 gens
1986 4666 2212 4726 peccat,
2261 4658 2377 4712 siue
2421 4658 2893 4713 commiseratione
2923 4659 3156 4713 laeditur.
3196 4658 3368 4729 Supra

1810 4750 1951 4804 vires
1979 4759 2156 4804 autem
2190 4752 2452 4804 humanas
2483 4761 2656 4816 amat,
2691 4751 2783 4821 qui
2818 4754 3058 4806 animam
3091 4769 3245 4808 suam
3279 4771 3364 4821 po-

1812 4840 1888 4894 nit
1912 4855 2008 4909 pro
2037 4842 2210 4896 salute
2233 4841 2390 4896 amici
2411 4843 2495 4896 sui
2515 4883 2530 4903 ,
2555 4859 2658 4894 non
2689 4843 2755 4896 ad
2790 4843 2931 4897 illius
2963 4844 3186 4897 exitium
3215 4861 3229 4904 ;
3266 4861 3332 4897 nc

1810 4947 1914 5000 que
1936 4930 2078 4985 enim
2106 4933 2197 5002 qui
2219 4933 2502 5002 delinquit,
2525 4934 2780 4988 delictum
2817 4936 3030 4990 abolere
3052 4944 3245 5004 potest,
3265 4936 3368 4990 nisi

1811 5036 1902 5090 per
1945 5023 2314 5092 paenitentiam
2374 5040 2582 5092 aequam
2622 5041 2742 5092 qtnc
2810 5025 3005 5080 delicto
3061 5027 3344 5095 responch

2144 5113 2391 5168 Scholion
2423 5114 2680 5169 Theodori
2717 5115 2969 5170 Edesseni
2996 5117 3050 5171 2.

1882 5202 2075 5259 Procul
2112 5207 2210 5262 abs
2255 5215 2306 5261 te
2356 5207 2555 5278 repelle
2592 5209 2839 5276 spiritum
2891 5209 3233 5279 loquacitatis
3258 5249 3273 5273 ,
3315 5209 3367 5264 in

1812 5311 1920 5366 quo
1951 5298 2187 5353 resident
2223 5297 2405 5352 omnia
2427 5299 2626 5353 atrocia
2660 5315 2852 5370 genera
2880 5301 3130 5354 vitiorum
3181 5319 3194 5352 :
3244 5301 3366 5355 hinc

1809 5389 2194 5456 mendacium,
2237 5389 2360 5443 inde
2403 5391 2570 5445 nimia
2617 5391 2834 5446 licentia
2862 5432 2878 5456 ,
2912 5393 3128 5447 aliunde
3167 5393 3360 5446 scurri.

1810 5478 1958 5541 litas,
1996 5480 2246 5549 utrinque
2287 5481 2460 5540 risus,
2490 5481 2846 5546 obtrectatio,
2889 5482 3226 5546 convicium,
3249 5490 3364 5535 ειπ-

1812 5567 2132 5636 piloquium,
2178 5567 2570 5638 stultiloquium
2597 5610 2612 5633 ,
2644 5580 2696 5625 et
2726 5580 2785 5624 ut
2812 5587 2918 5626 uno
2951 5573 3114 5627 verbo
3134 5572 3360 5639 complc-

1815 5665 1929 5712 ctar
1988 5659 2130 5729 quod
2185 5660 2384 5716 dictum
2436 5671 2514 5716 cst
2557 5680 2565 5712 :
2613 5663 2872 5727 Quoniam
2921 5681 2972 5718 ea
3035 5664 3365 5732 multiloquiu
