4210 6464
156 399 268 467 ’821

656 521 836 572 ’Λίιο
865 518 1235 573 θαλασσίου.

231 608 375 676 Πρὸς
441 608 562 670 τοὺς
633 607 906 678 λυπηροὺς
964 610 1257 678 λογισμοὺς
1329 611 1721 678 ἀμνησικάκως

157 698 404 751 ἀπανταο
458 699 592 769 πρὸς
638 700 696 753 δὲ
750 702 872 764 τοὺς
921 701 1237 772 φιληδόνους
1283 701 1566 772 ἐχθρωδῶς
1610 702 1720 758 διά-

162 804 332 840 κεισο.

723 883 901 934 Ἄιινιο
935 883 1158 936 Ἰσαάκ.

230 969 404 1022 Βλέπε
438 972 530 1024 καὶ
562 972 772 1042 γράψον
802 972 976 1026 ταῦτα
1005 976 1086 1038 εἰς
1115 975 1212 1046 τὴν
1235 976 1464 1047 καρδίαν
1498 995 1614 1041 σου,
1639 979 1722 1030 ὅτι

159 1067 191 1129 ἡ
234 1063 512 1132 φιληδονία
569 1065 662 1118 καὶ
703 1064 763 1118 τὸ
812 1068 1032 1137 ἀγαπᾷν
1071 1068 1171 1138 τὴν
1222 1069 1530 1123 ἀνάπαυσιν
1570 1069 1718 1123 αἴτιά

157 1157 264 1204 εισι
295 1157 761 1225 παραχωρήσεως.

757 1250 1020 1317 Σχόλιον
1049 1251 1124 1316 η’.

229 1336 410 1401 Τινὲς,
447 1337 582 1407 φησὶ
609 1339 712 1409 (α),
738 1340 1066 1412 δακρύοντες
1097 1342 1156 1394 ἑν
1195 1341 1371 1412 καιρῷ
1415 1344 1721 1415 προσευχῆς

156 1427 217 1491 ἐξ
249 1429 455 1492 ἐννοίας
499 1430 533 1498 ἢ
584 1430 692 1482 τῶν
729 1431 1235 1501 πλημμελημάτων,
1281 1433 1314 1504 ἦ
1358 1433 1460 1503 τῆς
1502 1435 1720 1506 μνήμης

155 1517 412 1582 θανάτου,
450 1520 480 1589 ἢ
507 1520 672 1591 ἄλλης
701 1522 866 1586 τινὸς,
902 1522 1177 1592 βιάζονται
1211 1526 1437 1588 ἑαυτοὺς
1477 1527 1720 1596 ἀκαίρως

152 1614 325 1679 ἤγουν
355 1613 694 1682 ἀπρεπῶς,ῆ
727 1613 923 1683 μωρῶς
945 1613 1021 1683 (b)
1044 1613 1341 1678 ἀποδιῶξαι
1372 1613 1470 1685 τὴν
1491 1614 1716 1680 ἔννοιαν,

153 1700 251 1768 ἀφ’
275 1696 339 1771 ἧς
377 1701 466 1754 τοῦ
505 1702 711 1754 κλαίειν
761 1703 1106 1773 ἀπήρξαντο’
1154 1703 1474 1766 σπεύδοντες
1488 1745 1504 1770 ν
1541 1699 1718 1774 diu"

153 1792 217 1842 τὸ
242 1793 435 1855 πένθος
464 1793 864 1862 ἐπικτήσασθαι
894 1795 1135 1860 ἀλύπως,
1169 1795 1257 1848 διὰ
1282 1795 1608 1860 κενοδοξίαν,
1643 1798 1717 1866 μὴ

1159 403 1385 461 SUALA
1427 402 1796 460 l’:\l{;\DlSl.
1823 428 1886 436 —~
1912 404 2216 463 lill.\DUS
2256 406 2377 463 \‘ll.

2367 523 2521 575 illim!
2560 524 2837 577 Tlmlusst'l.

1908 613 2179 668 Tristibus
2217 624 2266 667 et
2323 615 2564 667 nudestis
2618 614 3035 684 t-Ogilatliottilttts
3066 628 3292 668 occurre
3311 629 3406 682 per

1827 705 2065 758 onmium
2091 704 2410 774 iniuriarum
2445 707 2794 770 oblivionem;
2827 706 3078 760 mollibus
3118 720 3212 759 seu
3252 705 3405 759 luxu-

1829 799 2007 861 riosis,
2035 807 2274 853 extremo
2299 799 2424 852 odio
2449 810 2503 853 et
2525 801 2824 854 aversione.

2311 891 2471 961 166
2523 890 2681 943 Aliud
2703 891 2882 944 Isuaci
2896 918 2911 933 ο

1897 982 2125 1037 Attende
2151 989 2204 1035 et
2231 982 2406 1034 scribe
2431 983 2612 1036 lia-ein
2660 984 2821 1037 corde
2875 995 2984 1047 tuo,
3045 985 3186 1052 quod
3246 998 3402 1037 antur

1826 1073 2160 1142 voluptatum
2185 1081 2240 1126 et
2261 1071 2357 1127 otii
2387 1081 2548 1142 atque
2569 1074 2890 1128 cessationis
2946 1076 3017 1129 sit
3064 1089 3227 1128 causa
3250 1074 3397 1129 del'e-

1824 1163 2040 1218 ctionis.

2451 1253 2698 1309 Scholion
2721 1255 2775 1309 8.

1891 1347 2120 1414 Quidam
2145 1357 2163 1419 (
2189 1351 2364 1418 inquit
2405 1347 2718 1418 Climaeus)
2753 1349 2843 1418 qui
2885 1359 3124 1418 tempore
3175 1347 3400 1402 medita-

1823 1441 1985 1496 tionis
2017 1444 2099 1496 vel
2128 1459 2191 1496 ex
2228 1443 2549 1498 delictorum
2595 1455 2818 1495 suorum
2859 1441 2943 1495 vel
2973 1440 3166 1496 mortis
3190 1455 3398 1494 memo—

1822 1533 1923 1596 ria,
1943 1534 2024 1586 vel
2049 1535 2268 1590 alterius
2297 1534 2370 1589 rei
2402 1531 2831 1588 consideratione
2861 1533 3127 1602 lacrymas
3149 1531 3400 1602 fundunt,

1821 1639 1954 1678 sane
1985 1641 2142 1690 quam
2180 1625 2487 1696 importune
2529 1636 2584 1679 et
2614 1624 2945 1689 indecenter,
2963 1625 3209 1692 adeoque
3236 1623 3402 1678 stulte

1825 1713 2036 1782 seipsos
2061 1727 2126 1768 eo
2156 1713 2398 1783 adigunt,
2431 1723 2490 1768 ut
2511 1727 2628 1768 eam
2661 1712 3063 1780 cogitationem,
3103 1729 3133 1767 a
3177 1729 3283 1784 qua
3311 1715 3401 1767 la—

1819 1819 2064 1874 erymare
2091 1813 2368 1873 coeperunt
2393 1804 2460 1858 ab
2484 1819 2542 1858 se
2569 1805 2812 1874 rejiciant
2836 1813 2892 1860 et
2915 1803 3224 1866 excludant,
3269 1807 3394 1866 rati,

151 1883 462 1946 εννοοῦντες
490 1885 573 1937 ὅτι
601 1886 698 1950 τῆς
731 1885 926 1953 ἀλόγου
967 1887 1082 1938 ἐστὶ
1122 1887 1356 1956 φύσεως,
1378 1889 1440 1940 τὸ
1474 1887 1550 1958 μὴ
1584 1887 1718 1942 εἰδέ-

1820 1891 2030 1956 opinor,
2073 1907 2131 1946 se
2159 1893 2363 1946 luctum
2403 1891 2521 1946 sine
2559 1891 2743 1948 labore
2775 1903 2828 1946 et
2882 1894 3129 1948 molestia
3175 1908 3400 1947 assecu—

148 1988 267 2031 ναι,
296 1971 363 2023 δι’
392 1973 458 2041 ἣν
478 1973 656 2025 αἰτίαν
688 1973 929 2026 κλαίουσι
951 1991 962 2001 ’
997 1973 1217 2044 λογικῆς
1245 1976 1302 2028 δὲ
1327 1975 1387 2028 τὸ
1413 1977 1512 2046 τὴν
1539 1977 1716 2030 αἰτίαν

146 2062 491 2115 εἰδέναι’διὸ
518 2063 592 2126 ὡς
642 2064 828 2127 κακῶς
878 2065 1155 2128 ποιοῦντες
1205 2065 1576 2122 διαϐάλλονται
1623 2071 1717 2122 καὶ

146 2152 467 2216 κακίζονται
501 2155 648 2223 παρὰ
680 2153 771 2206 τοῦ
797 2154 1018 2224 πατρός.

749 2473 792 2523 Σ
795 2475 876 2539 χιε.
891 2475 1004 2524 iter
1053 2477 1118 2524 θ’.

220 2560 304 2612 Τὰ
357 2562 566 2631 δάκρυα
600 2563 665 2615 ὲκ
723 2563 823 2631 τῆς
871 2562 1200 2634 ἀκραιφνοῦς
1249 2563 1559 2633 ἀδολεσχίας
1617 2565 1717 2634 τῆς

137 2655 587 2725 αμετεωρίστου,
622 2657 714 2710 καὶ
749 2657 860 2710 τῶν
906 2657 1180 2727 λογισμῶν
1212 2658 1320 2712 τῶν
1353 2657 1564 2710 πολλῶν
1607 2657 1717 2711 τῶν

143 2746 414 2817 συνεχῶς,
452 2748 560 2800 τῶν
609 2748 841 2811 ἀκλινὼς
889 2752 1208 2819 γινομένων,
1239 2750 1334 2802 καὶ
1387 2751 1451 2801 ἐκ
1496 2750 1716 2820 μνήμης

137 2838 294 2902 τινὸς
330 2838 528 2893 λεπτοῦ
557 2841 844 2909 γινομένου
866 2842 922 2893 ἐν
947 2843 1013 2910 τῇ
1041 2841 1268 2910 διανοίᾳ,
1299 2840 1392 2892 καὶ
1425 2839 1715 2902 λυποῦντος

139 2931 250 3000 τὴν
281 2930 534 3001 καρδίαν,
567 2932 660 2985 καὶ
689 2932 754 2985 ἐκ
783 2931 1038 2986 τοιούτων
1071 2932 1453 3004 πληθύνονται,
1487 2934 1581 2986 καὶ
1624 2933 1718 2986 ἐπὶ

141 3021 315 3075 πλέον
345 3022 686 3087 αὑξάνονται.
722 3061 726 3063 -

771 3096 1028 3162 Σχόλιον
1055 3102 1108 3148 ι’.

232 3186 303 3240 Ἥ
331 3187 750 3257 ἀνεπιτήδευτος
809 3174 1116 3253 κατάνυξις,
1157 3187 1541 3258 αὐτοκίνητος”
1582 3191 1615 3259 ἡ
1656 3190 1713 3242 δὲ

143 3278 480 3350 ὲπιτηδευτὴ
507 3279 880 3350 ὲτεροκίνητος
897 3296 912 3310 ο
948 3280 1118 3348 ἡπίαν
1144 3279 1201 3332 δὲ
1242 3278 1340 3349 τὴν
1365 3281 1598 3350 πραείαν
1623 3283 1716 3334 καὶ

144 3371 404 3438 προσηνῆ
440 3369 510 3438 (c)
537 3369 705 3437 λέγει,
745 3369 835 3422 καὶ
866 3372 946 3422 ὅτι
980 3370 1218 3438 σπόγγος
1253 3371 1534 3440 ἁμαρτιῶν
1571 3375 1715 3425 ἐστιν

140 3457 590 3521 εὐκατάνυκτος,
625 3459 718 3513 καὶ
766 3459 1067 3530 σύνδακρυς
1117 3461 1292 3530 ψυχῆς
1352 3461 1618 3527 διάθεσις,
1658 3465 1717 3517 τὸ

138 3552 201 3602 δὲ
259 3549 390 3621 ἑξῆς
445 3549 698 3618 φύλαξον,
754 3555 948 3622 φησὶν,
1009 3555 1080 3618 ὡς
1125 3555 1291 3625 κόρην
1329 3555 1608 3625 ὀφθαλμοῦ
1658 3558 1717 3610 τὸ

139 3642 402 3710 δάκρυον.

745 3917 997 3980 Σχόλιον
1033 3927 1121 3968 ια’.

214 4003 420 4066 Καλῶς
450 4004 742 4073 ἀνέτρεψεν
777 4006 806 4056 ὁ
834 4008 1014 4078 πατὴρ
1045 4009 1138 4060 καὶ
1175 4009 1268 4061 δυο
1295 4008 1469 4064 ταῦτα
1508 4011 1679 4083 πένθη
1699 4031 1714 4045 ο

137 4097 205 4148 τὸ
225 4096 319 4150 ὅτε
353 4094 601 4164 βούλεται
630 4098 657 4148 ὁ
690 4096 924 4162 πενθῶν,
944 4099 1036 4152 καὶ
1062 4099 1122 4151 τὸ
1145 4100 1203 4152 ἐν
1228 4095 1307 4164 οἷς
1332 4101 1399 4155 ἂν
1427 4102 1680 4175 βούληται
1699 4123 1710 4134 '

138 4187 264 4238 ἔστι
291 4185 404 4254 γάρ
426 4185 710 4255 βούλεσθαί
740 4205 862 4240 τινα
895 4189 1106 4243 κλαίειν
1130 4189 1387 4256 πολλάκις
1407 4195 1536 4248 ὅταν
1569 4195 1719 4268 παρά

134 4294 294 4339 τινος
328 4275 623 4348 ὁνειδισθῇ,
656 4278 688 4347 ἢ
713 4279 804 4330 καὶ¹
824 4278 1074 4349 ὕϐρισθῇ,
1101 4279 1133 4350 ἢ
1161 4280 1410 4354 ζημιωθῇ
1435 4300 1450 4314 ο
1481 4286 1574 4338 καὶ
1593 4287 1717 4338 τού..

138 4385 240 4420 του
273 4367 335 4419 οὑ
384 4365 480 4418 τοῦ
508 4367 715 4436 ἀγαθοῦ
760 4369 988 4433 πένθους
1026 4370 1093 4424 ἂν
1127 4373 1233 4444 εἴη,
1269 4374 1384 4444 ἦτοι
1425 4373 1517 4427 τοῦ
1553 4394 1718 4431 πνευ-

144 4459 415 4528 ματικοῦ,
466 4460 602 4513 ἀλλά
653 4461 747 4514 τοῦ
791 4464 1040 4531 φυσικοῦ.
1092 4465 1426 4537 Πιεζομένης
1470 4469 1576 4538 γὰρ
1619 4471 1717 4541 τῆς

142 4555 382 4626 καρδίας
425 4556 492 4623 τῇ
549 4553 720 4622 θλίψει
758 4554 854 4624 τῆς
888 4554 1096 4624 ῦόρεως
1142 4555 1228 4610 διὰ
1273 4557 1334 4610 τὸ
1389 4558 1464 4632 μὴ
1516 4561 1716 4631 ἰσχύειν
1747 4577 1792 4632 ι)

139 4645 468 4717 ἀμύνασθαι
516 4645 608 4697 τὸν
641 4645 949 4715 βλάπτοντα
982 4648 1050 4700 τὰ
1104 4648 1334 4720 δάκρυα.
1369 4649 1410 4704 Τ
1414 4651 1442 4704 δ
1477 4652 1522 4705 δ’
1588 4653 1720 4707 αὐτὸ

146 4741 364 4807 γίνεται
393 4736 486 4793 καὶ
510 4739 567 4791 ἐν
595 4731 674 4800 οἷς
705 4737 772 4791 ἂν
809 4737 1064 4808 βούληταί
1104 4759 1185 4804 τις
1221 4743 1454 4808 πενθεῖν,
1489 4738 1600 4797 οἷον
1627 4747 1720 4800 ἐπὶ

141 4831 376 4900 θανάτῳ
405 4829 719 4898 συγγενοῦς,
761 4831 855 4884 ἐπὶ
899 4833 1174 4904 εὐπραγίᾳ
1203 4833 1296 4887 τοῦ
1324 4835 1551 4907 πλησίον
1571 4855 1585 4869 ο
1628 4841 1721 4892 καὶ

141 4925 247 4976 ἐπὶ
272 4921 459 4985 ἄλλοις
477 4923 591 4975 τισὶ
623 4921 916 4992 βιωτικοῖς.
953 4925 1156 4977 Ἐκεῖνο
1198 4925 1253 4979 δὲ
1291 4928 1452 4996 μόνον
1480 4927 1583 4999 ἔφη
1620 4949 1714 4984 κα-

139 5015 268 5076 λὸν,
310 5012 374 5065 τὸ
402 5011 686 5082 γινόμενον
711 5012 893 5076 καθὼς
921 5016 949 5066 ό
987 5013 1120 5076 Θεὸς
1150 5015 1396 5084 βούλεται
1419 5036 1432 5048 ·
1471 5019 1720 5090 βούλεται

140 5108 203 5159 δὲ
226 5109 256 5159 ὁ
276 5105 415 5167 Θεὸς
441 5105 652 5158 κλαίειν
679 5106 800 5159 τινὰ
828 5106 1012 5159 ’ἐνεκεν
1035 5107 1140 5159 τῶν
1170 5108 1722 5180 πεπλημμελημένων

143 5197 328 5266 αὐτῷ,
363 5197 551 5249 ἕνεκεν
601 5199 820 5268 μνήμης
854 5199 1121 5265 Θανάτου,
1153 5200 1335 5252 ἕνεκεν
1382 5200 1482 5271 τῆς
1519 5203 1722 5254 ἀποτυ-

145 5291 276 5358 ίίας
310 5288 416 5358 τῆς
446 5289 721 5357 βασιλείας
749 5289 856 5341 τῶν
890 5290 1154 5364 οὐρανῶν,
1195 5292 1290 5344 καὶ
1323 5292 1508 5356 ἁπλῶς
1539 5292 1722 5346 ἕνεκεν

151 5383 381 5435 πάντων
408 5381 514 5434 τῶν
537 5382 617 5445 είς
643 5383 822 5453 ψυχὴν
847 5384 1225 5437 συντεινόντων
1241 5400 1254 5415 ·
1284 5384 1421 5438 ὥστε
1447 5384 1602 5439 τοῦτο
1633 5387 1722 5456 μου

143 5491 246 5528 νον
269 5473 334 5526 τὸ
369 5473 562 5537 πένθος
587 5475 886 5528 ἐπαινετόν.

225 5743 309 5804 (α)
341 5739 498 5808 Φησὶ,
524 5755 628 5794 non
661 5738 824 5805 φασί·
854 5741 1147 5796 Climacum
1191 5759 1330 5795 t‘lllltl
1362 5742 1694 5811 laritloqucn

146 5822 289 5867 tem.

237 5881 302 5928 '9‘
334 5878 832 5950 Rest't‘lltt't'.t'!9w;.
869 5882 933 5937 ita
1002 5898 1140 5936 enim
1196 5899 1384 5940 sensu:
1439 5883 1718 5953 legendum

1823 1989 1977 2037 turos
2033 1993 2250 2052 propter
2284 1997 2479 2037 vanam
2533 1982 2758 2052 gloriam
2806 1982 2933 2037 dum
2985 1998 3093 2038 non
3138 1983 3396 2052 cogitant,

1817 2073 1958 2142 quod
1984 2074 2110 2128 llere
2133 2074 2251 2130 sine
2277 2090 2440 2130 causa
2465 2074 2538 2130 sit
2554 2083 2683 2129 natu
2693 2090 2764 2129 ra:
2787 2075 3014 2130 rationis
3029 2075 3265 2144 expertis
3282 2090 3401 2144 qua:

1819 2167 1990 2222 nescit
2019 2183 2182 2238 quam
2216 2168 2287 2222 ob
2321 2183 2540 2224 causam
2585 2169 2786 2239 ploret:
2809 2171 3073 2239 compotis
3112 2179 3396 2224 autemra-

1819 2260 1998 2323 tionis,
2032 2261 2171 2315 scire
2207 2277 2426 2315 causam
2452 2261 2834 2334 lacrymarmn.
2869 2260 3102 2316 Proinde
3145 2262 3219 2315 illi
3253 2263 3399 2332 quod

1818 2353 1955 2405 male
1976 2350 2216 2406 facianta
2232 2352 2472 2407 Climaco
2492 2351 2954 2422 reprehenduntur
2979 2363 3033 2408 et
3051 2353 3393 2408 damnantur.

2457 2445 2708 2501 Scholion
2745 2445 2796 2500 9.

1884 2536 2156 2607 Lacrymm
2177 2555 2240 2593 ex
2276 2554 2421 2592 mera
2459 2540 2674 2593 levitate
2703 2554 2797 2594 seu
2829 2539 3154 2608 loquacitate
3179 2556 3285 2593 mm
3309 2557 3394 2594 ar--

1815 2639 2041 2697 rogante
2073 2636 2125 2682 et
2158 2629 2412 2698 superba,
2454 2639 2508 2684 et
2576 2629 2990 2701 cegitationibus
3060 2631 3242 2686 multis
3295 2631 3396 2686 sibi

1815 2726 2076 2787 perpetuo
2123 2719 2540 2774 succedentibus
2595 2737 2694 2775 nee
2751 2720 3090 2776 variantibus
3139 2729 3233 2774 aut
3283 2720 3391 2774 alio

1815 2807 1988 2862 versis
2011 2821 2026 2860 :
2049 2823 2114 2862 ex
2137 2809 2396 2863 memoria
2429 2819 2684 2879 praeterea
2703 2811 2934 2880 alicujus
2972 2810 3250 2866 leviusculi
3274 2810 3398 2866 laeti

1815 2912 1910 2970 per
1928 2898 2282 2966 cogitationes
2307 2899 2453 2969 quod
2479 2900 2688 2955 mordet
2713 2900 2954 2955 animum
2978 2908 3032 2955 ct
3056 2900 3394 2968 ex'hujusee-

1815 2991 1959 3047 modi
2011 2991 2215 3055 causis,
2273 2999 2331 3046 ut
2359 2991 2650 3061 plurimum
2685 2991 2984 3046 redundant
3018 3001 3072 3048 et
3098 3003 3388 3063 augentur.

2412 3083 2656 3136 Scholion
2686 3083 2770 3136 10.

1886 3172 2244 3244 Coitipunctio
2274 3182 2359 3228 est
2393 3173 2496 3227 alia
2543 3188 2648 3228 non
2696 3180 3009 3243 procurata,
3061 3173 3154 3227 sed
3201 3189 3296 3243 per
3341 3191 3399 3227 se

1771 3263 1788 3303 Α
1819 3275 1966 3330 nata,
1992 3266 2095 3320 alia
2124 3265 2300 3320 studio
2328 3264 2551 3334 quaesita
2586 3274 2638 3319 et
2662 3264 2878 3318 aliunde
2904 3263 3173 3318 excitata:
3210 3272 3398 3332 sponte

1817 3357 2163 3412 exsistentem
2218 3369 2312 3409 seu
2351 3355 2533 3410 mitem
2582 3354 2752 3417 illam,
2801 3363 3137 3409 mansuetam
3165 3363 3220 3408 et
3250 3355 3394 3408 beni-

1818 3455 1978 3509 gnam
2011 3439 2386 3509 placidamque
2415 3439 2666 3508 appellat,
2706 3446 2759 3492 et
2783 3438 2926 3508 quod
2957 3438 3002 3492 is
3032 3439 3123 3507 qui
3159 3437 3316 3492 facile
3330 3449 3385 3492 et.

1817 3529 1935 3584 sine
1965 3529 2146 3583 labore
2168 3528 2565 3597 compungitur,
2597 3537 2650 3581 et
2677 3528 2742 3580 ad
2779 3527 3043 3597 lacrymas
3069 3543 3272 3596 pronus
3289 3536 3394 3588 est.

1815 3620 1886 3673 sit
1921 3619 2063 3674 velut
2087 3617 2310 3688 spongia
2341 3633 2462 3687 qua:
2489 3619 2668 3671 oinnia
2707 3624 2924 3688 peccata
2956 3616 3094 3669 delet
3128 3635 3140 3670 :
3179 3617 3282 3672 hoc
3300 3633 3394 3670 au-

1820 3719 1948 3773 tem,
1971 3710 2165 3780 inquit,
2209 3709 2410 3764 donutn
2448 3709 2703 3780 deinceps
2738 3708 2883 3762 velut
2950 3709 3211 3778 pupillam
3250 3711 3393 3764 oeuli

1818 3799 2095 3856 custodias

2418 3891 2665 3946 Scholion
2695 3891 2752 3945 ll
2770 3936 2780 3943 .

1887 3985 2028 4041 Bene
2049 3993 2198 4054 pater
2212 3992 2267 4038 et
2284 3984 2396 4038 haec
2415 3983 2524 4037 duo
2542 3998 2738 4053 genera
2763 3984 2938 4038 luctus
2954 3982 3145 4038 evertit
3170 3982 3394 4036 etdam-

1817 4073 1984 4138 navit,
2012 4072 2230 4143 quando
2259 4086 2451 4140 nempe
2472 4071 2564 4141 qui
2589 4071 2754 4140 luget.
2781 4071 2929 4142 luget
2963 4073 3180 4140 quando
3198 4072 3311 4126 vult
3342 4085 3397 4129 et

1818 4173 2034 4236 propter
2049 4179 2166 4233 qua:
2177 4164 2311 4227 vult;
2329 4164 2567 4218 cstenim
2585 4178 2692 4218 non
2714 4179 2836 4219 raro
2853 4179 2975 4218 eum
2995 4166 3118 4234 quis
3131 4165 3392 4235 lacryma'

1817 4267 1924 4321 tur,
1943 4255 2159 4328 quando
2171 4257 2238 4310 ab
2253 4255 2436 4325 aliquo
2451 4256 2660 4326 probris
2683 4256 2984 4320 lacessitur,
3000 4268 3094 4310 aut
3121 4266 3392 4311 contume-

1819 4349 1887 4402 lia
1902 4357 2178 4412 oneratur,
2195 4347 2496 4401 autdamno
2512 4346 2694 4416 aliquo
2712 4355 2997 4402 mactatur.
3018 4347 3083 4400 Et
3103 4348 3206 4402 hoc
3220 4364 3393 4417 genus

1819 4441 1990 4494 luctus
2010 4453 2116 4491 non
2129 4449 2208 4491 est
2225 4437 2277 4490 in
2296 4437 2451 4491 laude
2468 4438 2702 4508 positum
2721 4453 2819 4493 nec
2841 4439 3172 4508 religiosum,
3191 4441 3282 4494 sed
3302 4457 3395 4494 na-

1818 4529 2010 4582 turale.
2035 4526 2376 4582 Excruciatio
2396 4529 2539 4582 enim
2563 4530 2723 4583 corde
2739 4529 2808 4583 ob
2839 4529 3179 4583 alllictionem
3204 4540 3394 4584 contu—

1825 4618 2015 4681 meliae,
2042 4618 2185 4689 quod
2217 4632 2326 4672 non
2367 4620 2738 4689 possitpmnas
2783 4635 3000 4675 sumere
3043 4621 3108 4674 de
3136 4635 3201 4675 eo
3232 4637 3261 4674 a
3284 4637 3396 4690 qiio

1825 4710 1983 4764 laesus
2034 4718 2135 4774 est,
2189 4713 2452 4781 lacrymas
2500 4710 2816 4766 funditJloe
2845 4713 2985 4766 idem
3016 4713 3213 4767 accidit
3248 4713 3302 4767 in
3330 4714 3395 4766 iis

1825 4817 1944 4872 quae
1977 4803 2087 4856 vult
2113 4803 2222 4871 ipse
2255 4802 2458 4874 lugere,
2505 4804 2559 4858 in
2587 4802 2776 4858 funere
2818 4818 3012 4874 nempe
3053 4805 3394 4874 eognati,vel

1827 4895 2050 4949 alterius
2078 4893 2217 4949 felici
2247 4910 2495 4950 successu
2527 4914 2540 4949 :
2575 4896 2730 4968 167
2747 4897 2829 4950 vel
2859 4897 2980 4953 aliis
3019 4898 3393 4968 hujuscemodi

1823 4987 2038 5041 casibus
2062 4989 2186 5041 vita:
2223 4988 2489 5042 humanae.
2521 4986 2652 5043 Illud
2683 4998 2864 5044 autem
2895 4990 3070 5045 solum
3104 5007 3275 5061 genus
3307 4992 3391 5045 lu-

1825 5088 1945 5134 ctus
1974 5079 2173 5143 laudat,
2201 5080 2416 5150 quando
2460 5080 2517 5133 lit
2548 5081 3000 5150 quemadmodum
3025 5081 3134 5136 Deo
3173 5081 3388 5153 placet;

1828 5173 2001 5241 placet
2027 5183 2208 5225 autem
2240 5170 2349 5224 Deo
2378 5172 2685 5240 quempiam
2723 5171 2852 5226 ﬂere
2888 5173 2958 5226 ob
2984 5184 3203 5242 peccata
3241 5189 3392 5228 com-

1830 5262 1992 5316 missa
2046 5261 2113 5316 ab
2163 5262 2300 5330 ipso,
2359 5270 2454 5314 aut
2520 5262 2590 5316 ob
2651 5262 2838 5316 mortis
2900 5265 3240 5326 memoriam,
3298 5276 3392 5319 aut

1826 5353 1968 5423 quod
2007 5353 2243 5408 nondum
2301 5351 2372 5406 sit
2416 5363 2696 5408 assecutus
2744 5369 2966 5424 regnum
3015 5356 3296 5418 cmlorum,
3337 5367 3392 5412 et

1826 5444 2056 5512 denique
2077 5442 2391 5510 simpliciter
2434 5452 2647 5512 propter
2681 5443 3012 5512 omniaque:
3030 5443 3096 5497 ad
3151 5445 3386 5498 animam

1833 5536 2132 5605 pertinent;
2167 5537 2343 5606 itaque
2374 5539 2476 5593 hoc
2512 5538 2686 5592 solum
2726 5537 2904 5593 luctus
2930 5554 3098 5607 genus
3124 5537 3389 5593 laudabile

1833 5637 1934 5681 051.

1835 5740 2010 5814 docet,
2038 5744 2284 5814 quamvis
2313 5745 2704 5814 autograplmm
2739 5743 2930 5800 habeat
2956 5745 3152 5814 μῶρος.

1903 5812 1972 5879 (tl
2009 5813 2269 5884 Ιῐρνισηνεῐ
2299 5829 2508 5884 autogr.
2540 5813 2816 5870 mendose.
