4210 6464
155 369 261 435 825

1168 367 1395 428 SCALA
1429 367 1803 430 PARADISI.
1837 394 1906 404 -
1942 369 2247 430 GRADUS
2273 370 2402 430 Vll.

3278 367 3392 429 826

154 488 392 557 ἑκάστην
420 484 632 557 ἡμέραν
688 486 781 538 καὶ
837 484 1008 538 νύκτα
1039 483 1137 537 τοῦ
1187 485 1398 557 κριτοῦ,
1446 487 1712 556 λέγουσαο

1816 487 1995 557 judice
2026 488 2259 550 vindice,
2287 485 2507 555 quando
2536 498 2747 552 semper
2776 485 3011 538 clamat:
3045 481 3266 540 Vindica
3299 497 3385 538 me

163 578 480 648 Ἐκδίκησόν
511 594 579 647 με
601 577 707 630 ἀπὸ
731 575 824 629 τοῦ
854 576 1125 629 ἀντιδίκου
1156 594 1279 648 μου.

637 671 682 722 Σ
685 669 895 737 χόλιον
923 669 1125 723 Ἰσαὰκ
1148 675 1235 738 ιη’.

221 759 482 812 Γινώσκει
507 760 789 832 ἄνθρωπος
820 761 900 814 ὃτι
927 756 1090 832 ἦλθεν
1118 763 1198 824 εἰς
1231 761 1331 832 τὴν
1365 760 1712 834 καθαρότητα

144 853 180 920 ἡ
218 852 414 920 καρδία
443 851 628 915 αὐτοῦ,
681 854 810 906 ὅταν
859 855 1061 917 πάντας
1115 854 1314 918 καλοὺς
1363 853 1562 926 θεωρῇ,
1617 859 1714 908 καὶ

147 944 249 1012 οὺχ
303 943 494 1013 ὀρᾶταί
540 961 624 1006 τις
667 943 816 1014 αὐτῷ
862 945 1236 1017 ἀκάθαρτοςῆ
1302 945 1559 1018 βέϐηλος·
1591 947 1712 1000 τότε

148 1037 303 1087 ἐστὶν
330 1034 546 1105 ἀληθῶς
567 1035 804 1106 καθαρὸς
829 1038 894 1106 τῇ
923 1037 1118 1108 καρδίᾳ
1142 1054 1156 1069 ο
1187 1036 1306 1102 πῶς
1328 1037 1436 1110 γὰρ
1473 1038 1714 1110 πληροῦ-

147 1143 241 1178 ται
268 1128 297 1178 6
317 1126 471 1193 λόγος
499 1125 592 1178 τοῦ
639 1127 961 1180 ’Λποστὸλου
994 1130 1022 1180 6
1064 1130 1307 1196 φάσκων,
1350 1130 1714 1201 ὑπερέχοντας

148 1215 332 1286 ἐαυτῷ
391 1217 638 1286 ἡγεῖσθαι
698 1218 902 1282 πάντας
955 1219 1016 1284 ἐξ
1072 1219 1394 1291 εἰλικρινοῦς
1464 1222 1712 1291 καρδίας,

148 1309 248 1360 ἐάν
282 1308 354 1378 μή
385 1325 514 1376 φασι
542 1309 600 1360 τὸ
623 1309 929 1380 εἰρημένον,
961 1311 1043 1362 ὃτι
1073 1313 1106 1364 ό
1136 1311 1441 1381 όφθαλμύς
1461 1313 1717 1380 καθαρὸς

148 1403 265 1454 οὐκ
297 1399 503 1468 ὄψεται
526 1401 793 1468 πονηρά;

741 1496 788 1546 Σ
789 1493 997 1560 χόλων
1026 1493 1110 1546 ιθ’.

237 1583 301 1637 'H
335 1585 645 1656 ἀδιάκριτος
697 1584 896 1654 θεωρία
947 1584 1175 1646 πολλοὺς
1207 1583 1362 1655 φέρει
1403 1583 1677 1650 κινδύνους
1699 1598 1715 1614 ⁸

149 1676 252 1728 καὶ
281 1676 389 1746 γὰρ
421 1679 498 1740 εἰς
523 1675 752 1745 ἄγγελον
777 1677 952 1744 φωτὸς
987 1675 1520 1746 μετασχηματίζεται
1545 1676 1575 1728 6
1601 1675 1717 1730 διά-

1818 580 1888 634 ab
1913 580 2226 633 adversario
2263 592 2404 631 meo.

2299 665 2546 722 Scholion
2585 665 2766 721 Isaaci
2809 666 2897 722 18.

1878 757 2018 813 Tum
2053 759 2219 813 sentit
2251 761 2436 822 homo,
2485 758 2630 828 quod
2661 771 2816 810 mens
2865 755 3036 824 ipsius
3066 753 3387 810 munditiem

1814 848 1980 902 animi
2026 859 2271 902 assecuta
2305 849 2396 912 sit,
2454 848 2672 917 quando
2706 861 2898 900 omnes
2927 845 3183 901 mortales
3210 845 3388 900 bonos

1814 945 2111 1009 existimat,
2157 960 2255 999 nec
2285 946 2426 1000 ullus
2466 944 2542 998 illi
2595 945 2846 1014 impurus
2880 953 2974 997 aut
3012 942 3274 1013 profanus
3301 942 3389 997 vi-

1815 1036 2006 1091 detur:
2039 1047 2164 1090 tunc
2190 1037 2332 1090 enim
2356 1049 2482 1091 vcrc
2505 1036 2741 1090 mundus
2756 1045 2836 1092 est
2864 1035 3050 1090 corde.
3092 1034 3380 1101 Quomodo

1816 1127 1962 1181 enim
1992 1125 2125 1179 illud
2157 1124 2400 1195 Apostoli
2459 1125 2741 1180 oraculum
2791 1126 3120 1195 implebitnr,
3167 1123 3391 1194 quando

1815 1215 1992 1272 dicit:
2032 1215 2221 1272 Omnes
2270 1217 2374 1270 sibi
2417 1218 2708 1287 superiores
2739 1216 2957 1270 invicem
2992 1218 3046 1269 in
3086 1214 3392 1268 humilitate

1816 1310 2131 1363 arbitrantes
2158 1309 2224 1373 ³ο,
2275 1309 2320 1363 si
2373 1325 2478 1362 non
2537 1319 2591 1364 et
2638 1308 2766 1362 illud
2803 1308 3008 1362 dictum
3044 1302 3395 1362 attendaturﬁ

1817 1404 1963 1473 quod
1993 1402 2172 1456 oculus
2206 1418 2366 1465 purus
2397 1402 2529 1455 nihil
2555 1401 2682 1454 ntali
2706 1402 2924 1470 aspiciet
2965 1401 3032 1454 3‘.

2421 1491 2670 1546 Scholion
2715 1492 2798 1546 19.

1885 1585 2196 1656 lmportuna
2231 1599 2324 1638 seu
2356 1583 2651 1640 indiscreta
2676 1581 3059 1651 contemplatio
3088 1580 3256 1634 multa
3289 1594 3388 1650 pa-

1819 1678 1891 1733 rit
1916 1677 2156 1748 pericula
2187 1697 2200 1732 :
2232 1676 2482 1731 diabolus
2516 1677 2659 1730 enim
2718 1672 3069 1729 transformat
3111 1689 3170 1727 se
3199 1674 3250 1726 in
3291 1687 3392 1726 an-

149 1768 333 1833 ϐολος,
362 1769 600 1832 καὶτοὺς
629 1769 698 1821 τὰ
729 1769 936 1822 ἑαυτῶν
965 1768 1339 1839 ἁγνοὴσαντας
1364 1768 1557 1840 μέτρα,
1591 1768 1722 1821 πολ-

1823 1768 2002 1839 gelum
2042 1766 2198 1830 lueis,
2234 1777 2289 1820 et
2309 1781 2404 1820 eos
2444 1765 2538 1834 qui
2597 1765 2812 1820 modum
2847 1775 2902 1817 et
2929 1778 3239 1817 mensuram
3277 1778 3392 1818 sua:

149 1860 317 1924 λάκις
343 1862 546 1932 ἀπατᾷ·
575 1861 657 1914 διὸ
680 1861 772 1914 καί
809 1877 892 1924 τις
928 1859 1106 1930 γέρων
1166 1860 1329 1929 φησιν
1359 1875 1376 1894 ο
1435 1860 1578 1930 Ἐγὼ
1619 1860 1728 1912 τὸν

149 1953 416 2022 Χριστὸν
435 1952 691 2008 ἐνταῦθα
725 1951 873 2006 ιδεῖν
893 1953 966 2006 οὐ
991 1950 1162 2006 θέλω.

755 2129 1006 2196 Σχόλιον
1043 2134 1112 2183 κ’.

227 2217 460 2288 Μητέρα
481 2218 538 2270 δὲ
566 2219 673 2272 νόει
697 2219 798 2290 τὴν
830 2219 1144 2292 ἀγαθότητα
1175 2217 1309 2272 Θεοῦ
1339 2219 1437 2290 τὴν
1459 2218 1728 2291 ἔλλαμψιν

153 2311 238 2379 (α)
267 2309 366 2380 τὴν
388 2310 619 2382 Θεωρίαν
639 2328 653 2341 ·
686 2312 876 2383 νήπιον
921 2312 976 2365 δὲ
1004 2311 1102 2376 τὰς
1147 2311 1368 2376 ἐλπίδας
1419 2310 1727 2384 προσευχὴν

150 2399 443 2470 καθαρμὸν
476 2400 705 2471 μοναχοῦ
735 2401 830 2470 (b).
871 2400 1162 2456 Ἐνώδυνον
1188 2401 1244 2454 δὲ
1283 2401 1605 2473 ἐπιζήτησιν
1630 2401 1728 2470 τὴν

155 2493 303 2563 μετά
325 2493 486 2546 πόνου
523 2493 852 2565 τελουμένην
903 2493 1066 2565 εὐχὴν
1128 2495 1277 2564 παρά
1335 2493 1430 2547 τοῦ
1479 2493 1724 2546 τοιούτου

154 2585 382 2654 νηπίου,
411 2584 602 2654 τέρψιν
623 2585 722 2655 τῆς
750 2585 1047 2658 εἰρημένης
1101 2586 1306 2657 μητρὸς
1364 2584 1464 2657 τὴν
1491 2584 1726 2656 ἔμμονον

152 2676 254 2730 τοῦ
284 2677 478 2747 νηπίου
513 2676 765 2748 ζήτησιν,
806 2679 974 2746 ἡγουν
1032 2678 1129 2749 τὴν
1184 2677 1373 2748 δέησιν
1403 2676 1504 2747 τῆς
1549 2678 1730 2748 ἰκετηο

156 2770 307 2837 ρίας.

724 2866 983 2933 Σχόλιον
1024 2870 1128 2918 κα’.

230 2957 455 3017 Δίκαιος
487 2955 691 3028 Κύριος
707 2957 931 3021 δικαίως
968 2955 1182 3026 ἑκάστῳ
1207 2956 1308 3026 τὴν
1335 2954 1585 3026 βοήθειαν
1610 2957 1731 3009 ἐπι-

155 3049 340 3120 νέμει,
368 3047 446 3119 τῷ
472 3066 531 3102 τε
561 3048 883 3120 ἡσυχάζοντι
923 3049 1190 3118 νομίμως,
1215 3049 1306 3102 καὶ
1332 3049 1408 3110 ὡς
1427 3048 1505 3101 δεῖ
1529 3046 1732 3118 ἡσυχά-

1831 1859 2082 1916 nesciunt
2119 1857 2522 1918 imbecillitatis,
2561 1871 2702 1926 ειηρο
2753 1855 2909 1909 fallit.
2945 1853 3083 1908 Hinc
3113 1855 3179 1907 de
3213 1853 3393 1907 senio-

1827 1953 1982 2008 ribus
2008 1951 2223 2022 qnidam
2259 1949 2428 2004 dixit:
2455 1946 2566 2018 Ego
2611 1947 2882 2002 Christum
2929 1946 2985 1999 in
3014 1945 3114 1998 hac
3139 1947 3245 1999 vita
3287 1959 3394 1998 non

1827 2045 1978 2114 cupio
2003 2042 2191 2098 videre.

2423 2131 2664 2187 Scholion
2701 2131 2791 2187 20.

1900 2226 2124 2282 Matrem
2179 2224 2414 2296 intellige
2467 2223 2560 2278 Dei
2592 2223 2907 2288 bonitatem,
2968 2221 3391 2277 illustrationem

1828 2331 1884 2377 et
1940 2317 2489 2388 contemplationem;
2539 2315 2823 2386 parvulum
2879 2323 3058 2368 autem
3134 2313 3390 2368 infantem

1828 2428 1979 2483 spem
2031 2421 2086 2466 et
2134 2409 2400 2465 orationis
2449 2406 2768 2462 munditiem
2822 2407 3122 2472 monacho;
3175 2405 3393 2460 anxiar‘n

1828 2516 2008 2561 autem
2047 2504 2534 2573 investigationem,
2565 2500 2748 2571 accipe
2774 2515 2960 2571 preces
2991 2515 3112 2555 cum
3150 2500 3332 2553 labore
3363 2514 3391 2551 a

1831 2600 1920 2653 tali
1993 2598 2198 2652 infante
2241 2595 2422 2665 peragi
2473 2594 2708 2649 solitas:
2741 2593 3154 2648 delectationem
3213 2602 3393 2646 autem

1831 2686 2020 2742 matris
2047 2683 2313 2755 ejusmodi
2344 2690 2778 2754 perseverantem
2808 2682 2859 2735 in
2901 2679 3130 2750 parvulo
3163 2679 3398 2748 inquisi-

1832 2780 2053 2840 tionem,
2079 2777 2184 2832 hoc
2215 2785 2321 2840 est,
2347 2774 2641 2844 supplicem
2678 2772 3072 2841 precationem.

2416 2864 2662 2918 Scholion
2700 2863 2794 2918 21.

1899 2957 2087 3015 Justus
2140 2955 2405 3011 Dominus
2437 2969 2589 3023 aeque
2626 2954 2858 3025 singulis
2903 2952 3186 3007 auxillium
3241 2949 3402 3021 169

1833 3054 2164 3122 impertitur;
2195 3048 2438 3104 solitario
2477 3055 2536 3102 ut
2561 3048 2718 3115 decet
2755 3057 2812 3102 et
2861 3055 2922 3101 ut
2966 3053 3180 3115 oportet
3209 3043 3401 3099 solita-

157 3142 300 3206 ζειν,
330 3143 424 3196 καὶ
467 3143 544 3213 τῷ
577 3142 822 3212 νομίμως
850 3140 1294 3212 ὑποτασσομένιρ.
1355 3141 1518 3208 Λέγει
1563 3136 1656 3194 οὖν
1702 3140 1731 3192 6

1835 3138 1976 3191 rium
2001 3150 2179 3204 agere,
2204 3146 2259 3188 et
2287 3133 2364 3189 iHi
2389 3135 2483 3202 qui
2523 3133 2678 3188 alteri
2714 3131 2792 3202 (in
2827 3130 3098 3199 coenobio)
3163 3128 3404 3200 legitime

157 3236 373 3305 πατήρ·
409 3235 490 3288 ὃτι
520 3237 548 3287 6
575 3234 832 3305 ἑκάτερον
853 3234 962 3286 τῶν
974 3233 1187 3304 τρόπων
1219 3232 1410 3296 ποιῶν,
1434 3231 1731 3295 τουτέστιν,

156 3327 274 3379 εἴτε
305 3326 404 3395 τὴν
433 3326 664 3396 ἡσυχίαν
694 3325 1040 3395 μετέρχεται,
1063 3323 1172 3377 εἴτε
1199 3324 1298 3394 τὴν
1327 3323 1622 3392 ὑποταγὴν,
1640 3322 1734 3374 ἐὰν

159 3420 266 3489 μὴ,
285 3420 361 3482 ὡς
385 3419 484 3479 δεῖ,
501 3418 670 3471 ταῦτα
688 3418 814 3488 μετέ
822 3434 1074 3488 ρχωνται,
1097 3414 1500 3484 ἀπηλλαγμένοι
1517 3413 1624 3467 εἰσὶ⁸
1641 3410 1734 3466 τοῦ

157 3509 538 3580 πνευματικοῦ
559 3509 804 3574 πένθους,
827 3509 994 3579 ἡγουν
1016 3508 1112 3578 τῆς
1135 3505 1506 3570 κατανύξεως’
1530 3505 1623 3560 καὶ
1647 3503 1736 3558 διὰ

156 3603 324 3654 τοῦτο
348 3599 558 3669 θρήνων
575 3600 680 3652 εἰσὶ
695 3598 903 3652 πολλῶν
924 3599 1083 3663 ἄξιοιο
1109 3597 1169 3650 τὸ
1184 3596 1292 3667 γὰρ
1314 3596 1412 3650 οὐκ
1431 3594 1738 3660 ἀνόθευτον,

157 3693 410 3762 δηλονότι
434 3692 617 3753 κακῶς
642 3690 983 3758 γίνεται.Καὶ
1014 3692 1087 3759 μή
1111 3706 1170 3740 σε
1194 3687 1400 3750 πλανῶ,
1416 3681 1737 3758 ὧάκροατάο

157 3788 225 3841 τὸ
257 3784 600 3854 ἀπηλλάχθαι
630 3783 724 3836 τοῦ
750 3781 1000 3845 πένθους,
1028 3783 1120 3834 ἐπὶ
1145 3781 1296 3851 καλῷ
1316 3779 1604 3833 τεθεῖσθαιο
1622 3779 1744 3832 ἐπεὶ

159 3877 278 3949 γὰρ
300 3877 441 3936 ἄπας
461 3873 642 3945 σχεδὸν
662 3873 816 3942 λόγος
837 3873 964 3943 περὶ
979 3871 1204 3936 πένθους
1221 3871 1453 3944 εἴρηται,
1478 3870 1574 3924 ἐὰν
1584 3871 1743 3940 ἡμεῖς

159 3965 475 4036 δεχώμεθα,
521 3965 580 4018 τδ
625 3964 968 4035 ἀπηλλάχθαι
1012 3961 1128 4036 [τοῦ
1179 3960 1453 4034 πένθους],
1480 3961 1574 4014 τὸν
1610 3963 1742 4030 ἡσυ-

162 4057 404 4128 χαστὴν,
442 4055 594 4126 ἦτον
647 4054 1008 4109 ὑποτακτικὸν
1052 4053 1146 4107 τοῦ
1177 4035 1427 4116 πένθους,
1458 4051 1562 4118 ἔξω
1611 4051 1739 4122 τρέ-

162 4165 343 4222 χομεν
379 4147 473 4200 τοῦ
503 4146 767 4218 πατρικοῦ
795 4145 1019 4208 σκοποῦ,
1044 4146 1136 4200 καὶ
1191 4145 1310 4216 οὐχ,
1351 4145 1428 4208 ὡς
1459 4145 1559 4209 δεῖ,
1592 4143 1741 4198 νοοῦ-

168 4260 279 4315 μεν
301 4258 317 4274 ·
342 4241 436 4294 καὶ
461 4239 550 4293 διὰ
585 4239 740 4293 τοῦτο
766 4239 1114 4310 προσεκτέον.

1839 3237 2006 3300 paret.
2043 3227 2180 3281 Dicit
2205 3240 2335 3295 ergo
2384 3233 2557 3294 pater,
2589 3225 2731 3292 quod
2775 3224 3089 3277 alterutram
3119 3221 3283 3274 vitam
3309 3233 3398 3273 se-

1839 3331 2020 3384 cutus,
2077 3319 2181 3372 hoc
2229 3326 2332 3381 est,
2367 3317 2480 3371 sive
2511 3316 2814 3372 solitariam
2847 3324 3103 3379 sectetur,
3139 3314 3252 3368 sive
3277 3314 3405 3366 obe-

1840 3413 2056 3467 dientia:
2077 3425 2137 3465 se
2165 3408 2439 3477 subjiciat,
2479 3408 2526 3462 si
2580 3423 2688 3462 non
2721 3416 2778 3460 ιιι
2805 3421 2904 3476 par
2925 3414 3030 3471 est,
3066 3419 3226 3459 suum
3257 3412 3406 3458 uter-

1841 3520 1947 3576 que
1975 3511 2172 3556 statum
2193 3501 2354 3564 colat,
2387 3501 2546 3570 eique
2578 3501 2966 3553 convenienter
3007 3499 3171 3563 vivat,
3219 3495 3404 3566 repul-

1839 3610 1933 3651 sus
1968 3595 2040 3650 sit
2075 3610 2105 3648 a
2139 3591 2455 3663 spirirituali
2497 3591 2646 3647 luctu
2679 3601 2733 3646 et
2771 3589 3207 3660 cotnpunetione,
3238 3596 3404 3654 atque

1841 3690 1940 3744 bos
1964 3687 2147 3742 multis
2179 3685 2433 3757 lacrymis
2479 3684 2862 3754 deplorandos.
2921 3682 3076 3749 Quod
3107 3681 3251 3736 enim
3287 3679 3406 3733 sin-

1841 3789 2026 3829 cerunt
2058 3786 2165 3826 non
2192 3781 2277 3826 est
2316 3770 2433 3824 sine
2485 3768 2854 3824 controversia
2898 3765 3138 3836 spurium
3162 3772 3266 3827 est,
3291 3763 3407 3818 sive

1843 3862 2059 3935 quando
2089 3861 2290 3932 aliquid
2325 3875 2433 3915 non
2489 3860 2549 3914 ﬁt
2579 3859 2773 3915 nttieri
2819 3865 3049 3927 oportet,
3085 3854 3288 3910 clarum
3323 3862 3409 3908 est

1847 3955 1976 4012 illud
2022 3953 2160 4008 male
2194 3952 2327 4007 ﬁeri.
2364 3951 2475 4007 Nec
2507 3949 2632 4005 fallo
2684 3959 2755 4012 te,
2793 3949 3034 4014 auditor,
3073 3947 3201 4000 illud
3235 3945 3405 4000 desti-

1845 4057 2021 4104 tutum
2043 4061 2162 4102 esse
2190 4061 2220 4100 a
2256 4046 2402 4100 luctu
2434 4043 2488 4098 in
2534 4043 2729 4098 bonam
2780 4052 2988 4114 partem
3041 4050 3320 4116 acceptum
3351 4044 3408 4089 et

1845 4141 2080 4212 positum
2110 4152 2231 4193 esse
2259 4155 2274 4193 :
2311 4152 2434 4191 nam
2470 4151 2592 4190 cum
2623 4136 2802 4190 omnis
2837 4132 2950 4188 fere
2978 4131 3151 4186 oratio
3191 4135 3269 4197 (in
3301 4127 3406 4181 hoc

1845 4231 2078 4301 septimo
2107 4228 2296 4300 gradu)
2330 4227 2397 4283 de
2418 4227 2567 4282 luctu
2604 4228 2696 4289 sit,
2738 4227 2784 4280 si
2839 4239 2939 4279 nos
2986 4222 3118 4276 illud
3172 4219 3407 4274 solutum

165 4310 268 4390 seu
312 4335 620 4387 destitutum
645 4335 1024 4392 essealuctu,
1089 4330 1157 4385 ad
1219 4329 1521 4384 solitarium
1556 4328 1639 4382 vel
1705 4324 2045 4380 obedientem
2103 4319 2564 4383 transtulerimus,
2627 4327 2778 4372 extra
2833 4313 3166 4386 propositum
3205 4327 3237 4366 a
3297 4310 3408 4366 Cli-

166 4443 335 4483 ntaco
367 4441 592 4496 scopum
626 4439 1016 4488 excurremus;
1055 4438 1151 4476 nec
1185 4434 1245 4479 ut
1272 4433 1486 4494 oportet
1517 4437 1630 4476 rem
1662 4417 2059 4488 intelligemus:
2093 4412 2319 4484 proinde
2353 4411 2739 4466 attendendum
2774 4418 2875 4463 est.

773 4521 818 4572 Σ
821 4520 1030 4588 χόλων
1044 4517 1145 4571 κδ’.

243 4612 372 4676 Τοῖς
395 4614 453 4664 ἐν
487 4610 562 4681 τῷ
592 4609 777 4663 πένθει
799 4610 1146 4680 ἄσπλαγχνον
1177 4609 1268 4662 τὸν
1306 4608 1439 4662 Θεὸν
1466 4609 1514 4661 οἱ
1548 4607 1737 4676 δαίμο-

165 4724 264 4769 νες
295 4703 653 4769 ,ὑποτίθενται
713 4702 850 4773 πρὸς
899 4700 1208 4770 ἀπόγνωσιν
1248 4703 1374 4766 τοὺς
1414 4700 1739 4762 πενθοῦντας

166 4794 531 4849 κατασπᾶσαι
594 4790 929 4861 βουλόμενοι’
987 4791 1092 4860 πρὸ
1144 4791 1202 4844 δὲ
1259 4791 1364 4844 τῶν
1429 4789 1737 4861 πτωμάτων

165 4887 550 4956 εῦσπλαγχνον
577 4884 738 4938 αὐτὸν
771 4884 1070 4938 δεικνύουσι
1100 4883 1342 4948 πιθανοῖς
1372 4881 1739 4954 ἐπιτηδεύμα-

166 5000 282 5047 σιν,
307 4980 457 5042 ὅπως
490 4977 627 5049 πρὸς
657 4977 928 5049 ἁμαρτίας
959 4977 1498 5049 κατακρημνίσωσιν.

736 5154 925 5208 ’Ἄλλο
967 5151 1191 5207 Ἰσαάκ.

179 5254 374 5320 ἰκανη
417 5252 450 5319 ἡ
493 5249 638 5319 λύπη
683 5251 784 5319 τῆς
823 5247 1064 5310 διανοίας
1102 5247 1224 5301 ἀντὶ
1273 5247 1453 5318 πάσης
1480 5245 1743 5320 ἐργασίας

171 5345 522 5418 σωματικῆς·
551 5347 581 5398 ὁ
624 5343 733 5415 γὰρ
782 5343 938 5412 ἅγιος
988 5339 1285 5412 Γρηγόριος
1322 5339 1508 5410 λέγει’
1551 5358 1570 5390 ι
1599 5336 1744 5400 Ναὸς

253 5551 300 5582 ⁸⁸
323 5547 561 5617 Philipp.
591 5562 649 5610 ιι,
680 5546 732 5600 5.
811 5547 854 5578 ³³
893 5546 999 5602 Tit.
1038 5546 1184 5612 1,15.

255 5709 334 5777 ιη)
360 5709 450 5760 Sit:
482 5707 672 5775 legitur
699 5709 752 5760 in
784 5709 892 5762 lilia
919 5708 1180 5769 Cretens‘I.

257 5772 331 5845 τω
358 5779 504 5833 Elias
525 5772 736 5836 melius.
783 5779 873 5830 τὸν
921 5777 998 5831 ἔτι
1031 5777 1192 5844 ἀτελῆ
1257 5776 1383 5838 πρὸς
1445 5772 1745 5835 προσιυιίη

2434 4504 2678 4558 Scholion
2716 4501 2804 4556 22.

1917 4601 2011 4656 llis
2071 4600 2162 4669 qui
2205 4599 2348 4668 (post
2399 4603 2766 4666 perpetratum
2829 4591 3133 4661 peccatum)
3163 4591 3215 4643 in
3259 4590 3408 4643 lnrlu

1847 4701 2152 4756 versantur,
2198 4691 2468 4744 daemones
2525 4688 2696 4741 Deum
2726 4685 2987 4738 immitem
3019 4692 3073 4737 et
3100 4682 3408 4735 inexorabi-

1845 4777 1948 4833 lem
2001 4773 2314 4846 subjiciunt,
2352 4782 2411 4828 ut
2439 4789 2533 4828 eos
2581 4773 2646 4827 ad
2696 4770 3129 4840 desperationem
3164 4769 3406 4837 adigant.

1844 4873 1984 4924 Ante
2027 4869 2222 4924 delicta
2263 4865 2667 4921 misericordem
2703 4873 2759 4919 et
2790 4865 3115 4918 clementem
3147 4861 3403 4931 probabi-

1845 4964 1987 5018 libus
2029 4961 2362 5032 argumentis
2387 4958 2702 5020 ostendunt,
2729 4965 2787 5012 ut
2815 4954 2936 5009 illos
2961 4955 3012 5008 in
3033 4960 3250 5023 peccata
3272 4967 3409 5021 prac—

1845 5062 1891 5117 ci
1898 5060 1948 5131 pi
1958 5068 2089 5114 teut.

2384 5144 2633 5200 Scholion
2672 5142 2868 5196 Isaaci.

1917 5241 2161 5296 Tristitia
2186 5237 2382 5295 mentis
2420 5247 2620 5291 nostra:
2647 5235 2849 5306 gratior
2870 5241 2951 5287 est
2971 5232 3080 5287 Deo
3105 5231 3252 5287 omni
3281 5245 3404 5286 cor-

1848 5337 1996 5408 poris
2025 5334 2280 5389 actione:
2323 5337 2548 5384 sanctns
2588 5327 2732 5382 enim
2783 5324 3095 5395 Gregorius,
3145 5323 3236 5394 qui
3276 5339 3401 5378 cum

1855 5699 2118 5770 καθαράν.
2153 5696 2419 5770 Infantem
2457 5704 2628 5770 autem
2661 5689 3267 5770 intelligcjmpri(cuum
3302 5683 3399 5738 adu

1855 5772 1950 5824 huc
1984 5759 2053 5825 ad
2081 5759 2335 5825 orationis
2366 5765 2670 5821 munditiem
2699 5759 3028 5817 monarhmu.
