4210 6464
187 408 291 471 829

1213 419 1438 478 SCALA
1483 421 1851 481 PARADISI.
1885 446 1952 463 -
1981 422 2284 483 GRADUS
2310 424 2468 486 VIII.

3311 436 3416 500 830

185 527 396 595 κίνησις
424 523 590 594 μύλου
617 525 762 590 ὀξεῖα
791 529 848 579 ἐν
880 530 977 598 μιᾷ
1005 531 1144 601 ῥοπῇ
1169 531 1307 600 ὑπὲρ
1325 533 1424 600 τὴν
1439 534 1533 587 τοῦ
1563 535 1748 606 ἑτέρου
1777 544 1803 599 Α

1819 588 1822 598 γ
1853 537 2114 604 pravatio,
2135 547 2188 592 et
2219 537 2536 594 deformitas
2580 541 2765 594 animi.
2815 540 2883 597 Ut
2909 543 2977 597 ad
3007 545 3138 601 solis
3165 558 3411 604 exortum

177 619 412 688 ἡμέραν,
456 620 601 670 σῖτον
642 618 841 688 ψυχῆς,
875 620 972 673 καὶ
1019 622 1228 693 καρπὸν
1261 625 1619 695 συντρίϐουσα
1646 628 1741 680 καὶ

177 709 604 778 ἐξαφανίζουσαο
627 710 708 763 διὸ
724 714 1050 782 προσεκτέον
1067 715 1348 785 νουνεχῶς.
1375 718 1529 770 Ἐστι
1547 717 1741 787 φλογὸς

173 802 363 870 ἔξαψις
423 803 700 872 συντόμως
739 804 844 856 ὑπὸ
885 805 1114 876 σφοδροῦ
1151 807 1456 877 πνεύματος
1509 811 1738 862 ἀναπτο-

174 893 339 964 μένη,
382 895 477 946 καὶ
502 895 640 966 ὑπὲρ
691 895 860 966 φλόγα
913 898 1259 968 χρονίζουσαν
1301 900 1393 953 τδν
1438 900 1606 970 ἀγρὸν
1641 901 1740 970 τῆς

172 982 402 1049 καρδίας
427 983 851 1053 ἀνεμπιπρῶσα,
877 986 971 1036 καὶ
1006 985 1365 1040 ἀπολλύουσα.
1397 987 1531 1039 Οὑδὲ
1581 987 1739 1040 τοῦτο

167 1073 321 1141 ἡμᾶς
356 1073 634 1127 λανθάνειν
661 1074 881 1143 ὀφείλει,
909 1069 954 1127 ὦ
1009 1075 1170 1144 φίλοι,
1213 1078 1296 1129 ὄτι
1327 1093 1431 1148 περ
1458 1079 1515 1129 ἐν
1567 1078 1740 1148 καιρῷ

165 1165 217 1216 οἰ
242 1166 467 1234 πονηροὶ
484 1165 732 1235 δαίμονες
759 1166 984 1230 ἑαυτοὺς
1007 1168 1283 1237 συντόμως
1302 1168 1738 1234 ὑποστέλλουσιν,

168 1257 238 1307 ἶν’
271 1256 348 1318 ὡς
396 1256 605 1326 μικρῶν
639 1257 749 1310 τῶν
801 1257 1050 1327 μεγάλων
1093 1257 1284 1310 παθῶν
1345 1259 1736 1328 ἀμελήσαντες,

166 1350 368 1402 ἀνίατα
400 1350 583 1402 λοιπὸν
621 1352 952 1420 νοσήσωμεν.
995 1350 1206 1416 Ὠσπερ
1255 1349 1400 1414 λίθος
1446 1350 1734 1418 όξύγωνος,

163 1440 268 1493 καὶ
323 1441 625 1512 ἀπόκροτος
671 1441 876 1511 ἑτέροις
937 1441 1101 1504 λίθοις
1137 1442 1568 1511 συγκρουόμενος
1641 1444 1736 1494 καὶ

166 1532 604 1603 συνδαιρόμενος,
665 1532 882 1588 ἃπασαν
931 1532 1095 1585 αὑτοῦ
1158 1533 1256 1604 τὴν
1323 1532 1590 1601 όξύγωνον
1641 1533 1737 1585 καὶ

161 1625 471 1695 ἀπόκροτον
496 1629 588 1678 καὶ
618 1626 848 1695 στερρὰν
876 1624 1158 1677 διάπλασιν
1201 1623 1605 1694 διαθρύπτεται,
1641 1623 1736 1676 καὶ

167 1717 582 1788 στρογγυλοειδῆ
605 1715 972 1784 ἀπεργάζεται
996 1731 1010 1745 ’
1041 1715 1214 1778 οὕτως
1258 1714 1352 1768 καὶ
1398 1713 1540 1784 ψυχὴ
1587 1711 1736 1778 ὀξεῖα

161 1809 263 1862 καὶ
294 1808 566 1877 ἀπότομος
591 1805 1007 1876 συμμιγνυμένη
1046 1805 1141 1859 καὶ
1182 1805 1538 1872 συνδιάγουσα
1571 1805 1735 1872 σκλη-

163 1906 283 1972 ροῖς
303 1919 436 1962 τισι,
452 1901 594 1953 δυεῖν
617 1900 843 1969 θάτερον
870 1897 1130 1968 ὑπομένει
1151 1913 1167 1927 ·
1196 1897 1227 1967 ἢ
1253 1897 1318 1950 ἐκ
1340 1897 1438 1967 τῆς
1452 1895 1728 1965 ὑπομονῆς

161 1995 225 2047 ’τὸ
288 1994 417 2046 ίδιον
468 1991 689 2063 τραῦμα
735 1989 1080 2061 θεραπεύσει,
1117 1988 1578 2059 ἧὺποχωρήσασα
1631 1986 1728 2055 τὴν

162 2083 307 2136 ἰδίαν
350 2084 564 2145 πάντως
607 2080 890 2134 ἀσθένειαν
926 2079 1218 2148 γνωρίσει;
1263 2078 1361 2147 τῆς
1413 2078 1588 2147 φυγῆς
1631 2077 1725 2146 τῆς

156 2175 467 2246 δειλάνδρου
523 2173 722 2243 ταύτην
763 2172 921 2240 αὐτῇ,
955 2170 1140 2240 ὥσπερ
1191 2170 1452 2237 ἐσόπτρον
1482 2185 1725 2239 φανερω-

160 2271 358 2328 σάστις.
411 2262 676 2334 Θυμώδης
721 2262 867 2314 ἐστὶν
934 2259 1288 2329 ἐπιληπτικὸς
1348 2258 1612 2324 ἑκούσιος,
1666 2262 1724 2328 ἐξ

158 2357 424 2413 ἀκουσίου
445 2355 787 2425 προλήψεως,
814 2350 1328 2423 καταρῤηγνὺμενος
1343 2352 1434 2405 καὶ
1459 2354 1723 2424 ρασσόμε-

156 2471 271 2517 νος.
308 2453 472 2506 υύδὲν
493 2451 634 2504 οὕτω
658 2452 768 2513 τοῖς
795 2448 1142 2519 μετανοοῦσιν
1160 2447 1426 2500 ἀνοίκειον
1459 2447 1534 2510 ὠς
1555 2446 1723 2517 θυμὸς

154 2545 588 2617 ταρασσόμενος,
617 2543 829 2612 εἶπερὴ
860 2539 1161 2611 ἐπιστροφὴ
1182 2539 1381 2610 πολλῆς
1423 2540 1591 2594 δεῖται
1622 2543 1724 2612 τῆς

155 2636 562 2700 ταπεινώσεως.
603 2635 661 2688 ὐ
687 2634 744 2687 δὲ
772 2635 951 2702 πάσης
982 2633 1210 2702 οἰήσεως
1259 2633 1491 2702 ὑπάρχει
1519 2637 1725 2704 τεκμή-

160 2747 302 2800 ριον.
344 2729 408 2782 Εἰ
461 2727 621 2780 τοῦτο
671 2727 748 2795 (4)
802 2726 928 2796 ὄρος
960 2725 1265 2796 ἀκροτάτης
1296 2725 1624 2796 πραότητος,
1663 2727 1724 2780 τὸ

156 2822 261 2875 καὶ
289 2821 551 2892 παρόντος
595 2818 689 2872 τοῦ
733 2816 1066 2888 ἐρεθίζοντος
1113 2815 1358 2887 γαληνῶς
1407 2820 1472 2889 τῇ
1529 2818 1724 2890 καρδίᾳ

156 2914 257 2965 καὶ
315 2909 671 2982 ἀγαπητικῶς
720 2907 856 2979 πρὸς
902 2907 1064 2961 αὑτὸν
1119 2908 1456 2972 διακεῖσθαι,
1512 2909 1724 2975 πάντως

155 3005 323 3058 τοῦτο
376 3004 501 3074 ὄρος
556 2999 856 3072 ἀκροτάτου
893 2999 1088 3070 θυμοῦ,
1133 2999 1196 3052 τὸ
1222 3000 1316 3053 καὶ
1364 2999 1486 3053 καθ’
1533 3001 1724 3054 ἑαυτὸν

154 3097 414 3163 διάγοντα
437 3094 614 3166 μόνον,
636 3093 812 3161 λόγοις
837 3091 931 3144 καὶ
985 3091 1224 3160 σχήμασι
1248 3091 1386 3160 πρὸς
1429 3091 1519 3144 τὸν
1550 3091 1725 3162 λυπή-

159 3205 334 3242 σαντα
372 3183 746 3257 διαμάχεσθαι,
781 3184 874 3237 καὶ
899 3181 1235 3253 θηριοῦσθαι.
1262 3181 1323 3234 Ei
1344 3181 1402 3235 τὸ
1426 3183 1640 3254 πνεῦμα
1664 3183 1725 3236 τὸ

1844 627 2056 695 fugiunt
2099 628 2350 689 tenebrae.
2413 630 2484 684 ita
2513 629 2580 684 ad
2618 633 2837 688 odorem
2884 634 3206 692 humilitatis
3235 641 3417 697 omnis

1841 735 1904 772 ex
1934 721 2114 775 animo
2143 721 2415 776 evanescit
2461 722 2785 785 amaritudo,
2825 735 2878 779 et
2909 726 3272 796 exstinguitur
3304 730 3415 786 ira.

1841 809 2053 864 cundia.
2095 809 2325 874 Quidam
2376 825 2495 864 cunt
2530 826 2597 864 ex
2629 810 2705 864 ira
2755 812 2913 868 facile
2941 826 3409 881 commoveantur,

1841 899 2044 952 nullum
2081 897 2208 952 huic
2256 898 2446 952 morbo
2490 912 2744 969 quaerunt
2795 903 3088 959 remedium
3121 915 3177 960 et
3203 921 3412 972 curam,

1839 990 1966 1042 dum
1995 989 2236 1045 infelices
2270 1005 2377 1044 non
2410 993 2776 1048 meminerunt
2806 994 2935 1048 illud
2978 996 3211 1053 dicentis
3245 1017 3258 1053 :
3292 997 3410 1052 Μυ-

1841 1089 2068 1132 mentum
2097 1079 2294 1148 furoris
2315 1081 2450 1148 ejus,
2489 1083 2640 1136 ruina
2699 1092 2776 1137 cst
2817 1083 2896 1136 illi
2923 1085 2988 1137 ³⁸.
3042 1086 3198 1140 Celer
3238 1089 3407 1142 catilli

1841 1185 1937 1224 seu
1966 1170 2120 1224 mola:
2145 1170 2197 1223 in
2237 1171 2423 1224 orbem
2447 1181 2627 1226 motus
2672 1189 2782 1227 uno
2826 1185 3103 1230 momento
3148 1177 3270 1246 plus
3293 1177 3406 1233 frn-

1838 1261 2004 1314 mcnti
2029 1261 2222 1315 anima:
2251 1268 2306 1315 et
2329 1261 2537 1315 fructus
2559 1265 2856 1318 conteritet
2875 1264 3070 1333 perdit,
3101 1281 3264 1334 quam
3297 1279 3408 1322 tar-

1837 1350 1941 1406 dus
1969 1351 2106 1406 alius
2144 1362 2256 1405 toto
2281 1353 2386 1407 die.
2417 1353 2755 1422 Quapropter
2778 1369 3100 1425 magnopere
3137 1366 3191 1411 et
3239 1361 3410 1413 soler-

1837 1451 1920 1498 ter
1957 1443 2342 1498 attendendum
2391 1454 2494 1499 est.
2541 1445 2633 1498 Est
2661 1446 2894 1500 ﬂamma:
2928 1447 3234 1502 incendium
3268 1453 3409 1518 quod

1836 1533 2138 1588 vehementi
2189 1533 2406 1588 turbine
2455 1543 2741 1589 ventorum
2782 1546 3022 1600 auctum,
3057 1538 3204 1593 brevi
3237 1547 3408 1594 totum

1837 1625 2016 1679 cordis
2047 1641 2236 1695 agrum
2269 1626 2502 1681 incendit
2531 1637 2584 1682 et
2613 1627 2807 1693 perdit,
2844 1644 3002 1698 quem
3050 1629 3228 1685 lentus
3274 1633 3411 1687 alias

1835 1716 1974 1784 ignis
2008 1718 2100 1773 diu
2131 1732 2240 1772 non
2260 1719 2669 1789 absumpsisset.
2695 1719 2798 1774 Sed
2845 1731 2896 1774 et
2929 1721 3030 1776 hoc
3058 1739 3152 1776 vos
3178 1739 3283 1778 non
3315 1740 3408 1780 cc-

1833 1809 2013 1874 Iarim,
2050 1810 2234 1874 amici,
2269 1827 2563 1865 consuesse
2611 1812 2888 1882 improbos
2927 1815 3153 1880 spiritus
3182 1816 3246 1868 ad
3273 1826 3408 1869 tent-

1761 1885 1801 1940 Β
1831 1914 1928 1968 pus
1943 1915 2002 1954 se
2025 1915 2119 1968 per
2146 1909 2322 1954 astum
2355 1915 2386 1953 a
2413 1901 2706 1954 tentatione
2753 1911 3052 1970 Opportune
3081 1903 3406 1960 subducere,

1830 2001 1890 2044 ut
1915 1992 2116 2045 sensim
2140 2006 2331 2061 magna
2371 1992 2500 2046 vitia
2552 2001 2810 2060 tanquam
2852 2008 3016 2062 parva
3047 1994 3402 2064 negligamus,

1827 2094 1880 2135 et
1909 2084 1980 2136 ita
2017 2084 2067 2137 in
2117 2083 2336 2137 morbos
2387 2083 2552 2136 animi
2588 2083 3010 2140 immedicabilcs
3069 2086 3400 2143 incidamus.

1828 2175 1917 2231 Uti
1977 2190 2167 2229 saxum
2225 2174 2400 2229 acutis
2444 2175 2656 2244 angulis
2687 2190 2960 2246 asperum,
3015 2177 3060 2232 si
3109 2193 3232 2232 eum
3282 2179 3405 2236 aliis

1826 2268 1973 2322 saxis
2025 2265 2278 2336 conﬂigat
2323 2266 2734 2336 collidatnrque,
2803 2282 3018 2323 omnem
3073 2269 3404 2324 salcltrosant

1825 2358 2190 2428 asperitatem,
2227 2367 2548 2426 acutamque
2593 2359 2842 2414 duritiem
2873 2360 3057 2414 attritu
3102 2361 3320 2425 amittit,
3349 2369 3406 2417 ct

1827 2451 2113 2505 rotundam
2143 2449 2389 2514 ellicitur,
2427 2450 2582 2520 172
2614 2450 2686 2504 ita
2725 2450 2940 2505 animus
2973 2465 3130 2520 asper
3168 2461 3221 2505 et
3245 2453 3405 2508 bilio-

1826 2559 1941 2607 sus,
2001 2543 2046 2597 si
2097 2557 2220 2598 eum
2263 2544 2470 2612 asperis
2532 2543 2766 2611 ingeniis
2819 2543 2965 2596 vivat
3008 2545 3294 2614 degatqne,
3335 2561 3402 2600 ex

1823 2636 2035 2689 duobus
2063 2635 2288 2689 alterum
2315 2634 2621 2688 necessario
2666 2635 2967 2702 perpetitur
3004 2651 3018 2689 :
3055 2645 3150 2690 aut
3178 2653 3274 2706 per
3305 2652 3402 2706 pa-

1823 2727 2062 2782 tientiam
2095 2727 2292 2780 vulnus
2317 2740 2475 2779 suum
2505 2726 2738 2789 curabit,
2768 2726 2923 2780 autsi
2955 2725 3168 2794 injuriis
3200 2726 3406 2783 fractus

1823 2817 1998 2882 cedat,
2044 2831 2198 2872 suam
2250 2816 2363 2885 ipse
2419 2815 2847 2870 imbecillitatem
2907 2826 3183 2885 agnoscet,
3238 2833 3404 2887 quam

1824 2909 2055 2964 imbellis
2089 2908 2213 2978 fuga
2243 2908 2319 2962 illi
2350 2907 2504 2977 quasi
2527 2907 2580 2961 in
2605 2908 2824 2976 speculo
2865 2908 3130 2962 ostendet.
3163 2907 3406 2964 Furiosus

1822 3001 1917 3056 ira:
1945 2999 2214 3054 obnoxius
2251 3014 2349 3054 sua
2375 2999 2650 3052 voluntate
2677 3009 2760 3052 est
2786 2998 3121 3068 cpilepticns,
3155 2999 3406 3067 quamvis

1823 3092 2024 3148 invitus
2049 3092 2238 3146 morbo
2260 3097 2576 3159 occupetur,
2621 3089 2842 3144 eliditur
2871 3098 3075 3153 tamen,
3130 3089 3405 3158 rumpitur

1823 3193 1876 3238 et
1902 3183 2063 3237 cadit.
2096 3180 2240 3236 Nihil
2272 3191 2378 3235 tam
2404 3180 2681 3235 inimicum
2705 3188 2789 3235 est
2817 3180 3209 3248 paenitentibus
3240 3195 3402 3249 quam

155 3275 318 3341 ἅγιον
370 3246 572 3344 εἰρῆνηἿ
603 3246 780 3342 ψυχῆς
823 3271 916 3325 καὶ
955 3246 1221 3341 ⁷όρίξεται,
1257 3270 1353 3323 καὶ
1394 3246 1625 3342 ὑπάρχει
1649 3288 1664 3301 ⁸
1691 3275 1724 3344 ἠ
1751 3246 1794 3302 c

1827 3274 1994 3330 animi
2024 3273 2177 3328 furor
2203 3273 2298 3343 qui
2332 3281 2563 3326 mentem
2615 3246 2915 3340 perturbat,
2943 3271 3161 3340 quando
3199 3246 3377 3326 vitare
3403 3305 3406 3310 -

153 3366 213 3418 δὲ
240 3364 402 3434 ὀργὴ,
429 3364 638 3434 ταραχὴ
687 3363 916 3433 καρδίας
959 3362 1055 3416 καὶ
1083 3361 1316 3432 ὑπάρχει
1345 3362 1442 3416 καὶ
1485 3362 1718 3431 λέγεται.

154 3458 278 3510 (ὶὺκ
306 3452 400 3509 οὖν
423 3456 572 3509 οὐδὲν
598 3454 740 3508 οὕτω
765 3453 866 3525 τὴν
909 3453 1073 3506 αὑτοῦ
1124 3452 1428 3524 παρουσίαν
1466 3453 1524 3507 ὲν
1571 3455 1721 3525 ἡμῖν,

151 3548 232 3609 ὡς
261 3547 435 3617 θυμὸς
459 3547 816 3617 ὑποτειχίζειν
841 3545 1072 3613 πέφυκε.

1827 3366 2018 3436 ligiosa
2077 3377 2327 3430 magnam
2395 3361 2669 3416 desiderat
2739 3360 3183 3415 submissionem.
3226 3358 3404 3415 Furor

1828 3465 2006 3508 autem
2024 3462 2107 3508 est
2123 3467 2330 3522 magnae
2354 3451 2625 3525 [summm]
2650 3453 2914 3524 superbia:
2931 3453 3209 3508 indicium.
3231 3451 3286 3506 Si
3302 3451 3406 3508 hoc

1827 3546 2069 3601 deﬁnitio
2102 3555 2159 3601 et
2185 3547 2398 3616 signum
2437 3555 2522 3600 est
2540 3560 2770 3602 summae
2817 3545 3251 3601 mansuetudinis
3278 3560 3403 3602 cum

154 3640 290 3712 quis
317 3649 581 3710 praesente
612 3653 678 3693 eo
711 3637 805 3707 qui
847 3652 945 3691 nos
976 3643 1235 3706 provocat
1269 3636 1336 3689 ad
1359 3635 1514 3697 iram,
1549 3651 1740 3692 sereno
1767 3648 1851 3692 est
1904 3638 2086 3699 corde,
2129 3646 2183 3691 et
2218 3647 2467 3691 amanter
2505 3653 2634 3708 erga
2663 3640 2913 3694 eumdem
2971 3638 3223 3702 aﬂicitur;
3252 3648 3404 3698 certe

153 3731 391 3789 extremi
445 3731 648 3786 furoris
702 3739 786 3784 est
831 3737 1230 3797 argumentum,
1279 3743 1403 3782 cum
1436 3730 1562 3797 quis
1590 3730 1732 3800 apud
1771 3730 2009 3799 seipsum
2044 3745 2313 3796 seorsum,
2347 3744 2403 3786 et
2441 3731 2618 3786 solum
2656 3733 2856 3796 verbis,
2895 3741 2950 3785 et
2996 3731 3234 3796 gestibus
3279 3745 3404 3786 cum

153 3833 388 3885 absente
417 3843 447 3882 a
478 3843 589 3898 quo
638 3827 887 3882 molestia
930 3835 1014 3882 est
1061 3824 1308 3890 allectus,
1364 3825 1632 3896 depugnat
1679 3835 1733 3881 et
1769 3825 2040 3882 ell‘erater.
2077 3826 2136 3880 Si
2185 3827 2423 3896 Spiritus
2471 3836 2695 3883 sanctus
2725 3843 2829 3898 pax
2865 3827 3079 3891 animae,
3112 3835 3167 3880 et
3205 3825 3405 3880 dicitur

151 3936 212 3980 et
237 3934 354 3990 est;
387 3925 465 3978 ira
501 3938 649 3988 vero,
681 3922 859 3977 cordis
883 3923 1233 3990 perturbatio,
1267 3930 1320 3976 et
1343 3930 1427 3975 est
1461 3931 1516 3976 et
1547 3923 1880 3992 appellatur;
1921 3922 2226 3978 necessario
2282 3923 2528 3993 sequitur
2563 3923 2702 3978 nihil
2735 3963 2752 3980 .
2796 3962 2808 3975 .
2854 3961 2869 3976 .
2912 3962 2927 3977 .

154 4017 336 4072 smeti
385 4015 682 4084 praesentia:
731 4027 1029 4081 repugnare
1058 4013 1135 4082 (α)
1166 4027 1358 4082 aquam
1401 4013 1560 4065 iram.

229 4105 532 4176 Πάμπολλα
559 4103 656 4157 καὶ
676 4102 885 4173 χαλεπὰ
906 4103 1071 4157 αὑτοῦ
1101 4103 1171 4154 τὰ
1189 4103 1500 4172 γεννήματα
1526 4101 1722 4172 γνωρί-

151 4197 347 4263 ζοντες
362 4213 376 4228 ο
410 4197 505 4248 ἕνα
519 4197 614 4248 καὶ
638 4195 796 4264 μόνον
810 4193 1061 4248 ἀκούσιον
1079 4194 1362 4263 ἀπόγονον,
1377 4195 1425 4247 εί
1447 4193 1542 4246 καὶ
1551 4191 1724 4258 νόθον,

151 4293 312 4358 ὅμως
326 4286 507 4357 ὼφέλη
515 4305 613 4356 μον
622 4285 1026 4357 ἐπεγνώκαμεν.
1046 4282 1197 4340 Εἶδον
1208 4286 1284 4357 (5)
1303 4283 1542 4355 μανικῶς
1561 4282 1724 4352 ἑξαφο

153 4383 380 4446 θέντας,
411 4381 507 4434 καὶ
534 4381 633 4450 τὴν
661 4377 879 4449 χρονίαν
901 4379 995 4432 καὶ
1027 4377 1344 4432 ὲναπόθετον
1367 4374 1729 4447 μνησικακίαν

154 4473 490 4542 ὲμέσαντας,
519 4472 614 4524 καὶ
647 4471 735 4524 διὰ
766 4468 992 4534 πάθους,
1040 4469 1247 4531 πάθους
1283 4466 1725 4534 ἀπαλλαγένταςο

157 4563 296 4631 περὶ
323 4561 423 4631 τῆς
451 4561 662 4631 χρονίου
691 4559 866 4630 λύπης
891 4560 924 4630 ἢ
962 4559 1267 4630 μετάνοιαν,
1293 4559 1326 4630 ἢ
1353 4559 1725 4631 πληροφορίαν
1758 4598 1803 4653 D

154 4657 225 4708 ἐκ
247 4652 346 4706 τοῦ
388 4651 752 4720 λελυπηκότος
780 4651 1201 4720 κομισαμένους.
1234 4651 1344 4704 Καὶ
1385 4646 1524 4704 εῐδον
1555 4650 1617 4702 τὸ
1648 4649 1724 4718 (6)

153 4746 342 4798 δοκεῖν
379 4741 907 4812 μακροθυμήσαντας
933 4741 1161 4808 ἀλόγως,
1193 4740 1284 4793 καὶ
1303 4741 1367 4793 ὲκ
1393 4741 1494 4810 τῆς
1516 4741 1727 4809 σιωπῆς

159 4834 537 4906 μνησικακίαν
578 4832 724 4886 ἔνδον
755 4832 1144 4902 ἀποθεμένους,
1194 4832 1424 4885 καὶτῶν
1467 4831 1727 4901 μαινομέ-

155 4946 271 4981 νων
300 4926 498 4997 μᾶλλον
520 4925 717 4987 αὑτοὺς
743 4924 1052 4986 ὲταλανισα,
1078 4924 1154 4987 ὡς
1178 4923 1266 4976 διὰ
1289 4923 1516 4992 μέλανος
1548 4923 1609 4975 τὸ
1627 4922 1726 4990 τῆς

158 5019 495 5088 περιστερᾶς
525 5015 717 5068 λευκὸν
755 5015 1144 5082 ἀφανίσαντας.
1182 5013 1385 5082 Πολλῆς
1419 5015 1550 5084 ἡμῖν
1591 5014 1727 5083 πρὸς

154 5110 256 5162 τὸν
286 5107 410 5175 ὅφιν
437 5107 518 5159 δεῖ
536 5105 722 5159 τοῦτον
751 5105 848 5174 τῆς
880 5105 1196 5175 ἐπιμελείας
1216 5120 1230 5135 ο
1276 5103 1372 5173 τὴν
1413 5103 1520 5173 γάρ
1560 5103 1722 5171 φύσιν

154 5201 260 5254 καὶ
293 5198 474 5263 αὐτὸς,
508 5197 583 5260 ὡς
612 5197 707 5249 καί⁸
737 5196 767 5248 ό
803 5197 911 5248 τῶν
946 5196 1212 5264 σωμάτιον
1238 5194 1598 5264 συνεργοῦσαν
1625 5195 1726 5248 αὑ-

155 5292 261 5363 τῷ,
296 5290 579 5358 κέκτηται.
633 5286 786 5341 Εἶδον
837 5286 1205 5356 ὀργισθέντας,
1244 5285 1338 5339 καὶ
1395 5288 1457 5340 ὲκ
1505 5286 1728 5357 πικρίας

155 5383 260 5451 τὴν
300 5379 507 5450 τροφὴν
536 5378 948 5448 ἀπωσαμένους.
980 5377 1073 5429 καὶ
1109 5375 1289 5446 μέντοι
1320 5375 1397 5427 ἰὸν
1428 5375 1490 5444 ἰῷ
1517 5375 1604 5428 διὰ
1627 5376 1724 5444 τῆς

159 5472 364 5539 ἀλόγου
396 5468 718 5540 ἐγκρατείας
759 5467 1172 5538 προσελάϐοντο.
1205 5466 1311 5518 Καὶ
1348 5463 1483 5518 εἶδον
1509 5466 1728 5533 ἐτέρους

155 5562 422 5633 ἀφορμῆς
454 5561 615 5627 δῆθεν
649 5559 870 5628 εὐλόγου
901 5558 996 5612 τοῦ
1018 5557 1188 5627 θυμοῦ
1212 5557 1600 5626 δραξαμένους,
1631 5557 1723 5607 καὶ

163 5654 584 5723 τ-αστριμαργξᾳ
607 5653 829 5713 ἑαυτοὺς
864 5650 1306 5721 μεθοδεύσαντας,
1344 5651 1436 5702 καὶ
1468 5651 1529 5701 ἐκ
1576 5648 1724 5716 p005-

243 5769 279 5794 "
313 5765 417 5818 Job
473 5781 499 5814 ν
544 5765 588 5818 2,

2984 3924 3120 3977 adeo
3173 3921 3404 3992 Spiritus

1894 4101 2127 4168 Copiosa
2155 4110 2210 4156 et
2234 4115 2479 4170 Improoa
2510 4101 2727 4156 soboles
2752 4110 2836 4156 est
2857 4101 2974 4166 irae,
3014 4105 3106 4157 sed
3131 4119 3274 4160 unus
3311 4121 3405 4161 ne-

1834 4204 1930 4259 pos
1969 4189 2220 4258 quamvis
2249 4188 2488 4258 spurius,
2518 4171 2572 4242 et
2603 4189 2729 4244 licet
2776 4188 2987 4252 nolens,
3040 4191 3188 4246 utilis
3221 4200 3402 4248 tamen

1832 4282 2010 4336 nobis.
2027 4281 2391 4335 Animadverti
2407 4281 2552 4335 enim
2581 4281 2872 4336 nonnullos
2887 4298 3102 4336 summo
3123 4281 3304 4338 furore
3321 4286 3401 4337 in-

1831 4372 2135 4428 ﬂammatos
2161 4373 2470 4427 diuturnam
2499 4380 2555 4426 et
2592 4371 2699 4426 alte
2727 4372 3015 4441 repositam
3059 4373 3269 4440 injuria:
3287 4391 3402 4430 me-

1833 4461 2058 4514 moriam
2085 4461 2436 4528 revomuisse,
2458 4469 2512 4516 et
2541 4475 2636 4529 per
2667 4461 2860 4515 vitium
2881 4477 2913 4515 a
2945 4462 3073 4516 vitio
3095 4463 3346 4519 liberatos
3374 4482 3388 4518 :

1833 4552 1988 4622 173
2025 4569 2148 4608 cum
2193 4554 2240 4608 is
2271 4568 2301 4607 a
2343 4568 2454 4624 quo
2493 4553 2684 4608 ol‘l'ensi
2732 4561 2910 4617 erant,
2935 4554 3017 4608 vel
3057 4553 3184 4609 facti
3219 4557 3302 4610 sui
3335 4573 3394 4611 se

1831 4647 2090 4715 poenitere
2118 4646 2340 4712 diceret,
2367 4647 2454 4701 vel
2482 4645 2591 4700 illis
2613 4646 2973 4711 satisfaceret,
2999 4645 3145 4702 unde
3171 4649 3240 4703 ab
3287 4651 3404 4703 diu-

1829 4746 1986 4791 turna
2029 4737 2192 4791 animi
2229 4737 2476 4792 molestia
2521 4747 2651 4792 sunt
2687 4740 2886 4792 curati.
2925 4737 3043 4791 Vidi
3090 4738 3250 4802 alios,
3309 4742 3401 4808 qui

1830 4828 1881 4881 in
1913 4829 2146 4895 speciem
2177 4828 2376 4883 rationi
2411 4842 2636 4897 prorsus
2665 4828 2954 4882 adversam
2981 4827 3316 4883 simulabant
3346 4846 3404 4881 se

1828 4933 1922 4988 per
1953 4918 2226 4972 silentium
2259 4919 2523 4987 patienter
2550 4916 2693 4974 ferre
2715 4919 2995 4988 injuriatn,
3026 4919 3185 4988 cujus
3220 4929 3402 4974 tamen

1829 5005 2141 5060 memoriam
2193 5006 2409 5074 penitus
2463 5005 2519 5058 in
2575 5005 2762 5060 animo
2812 5007 2960 5060 intus
3022 5006 3398 5070 condiderant,

1829 5113 1966 5167 quos
1991 5096 2241 5166 equidem
2277 5097 2453 5167 palam
2479 5095 2790 5152 furentibus
2809 5097 3106 5152 deteriores
3132 5097 3396 5167 iudicavi,

1829 5201 1889 5243 ut
1926 5191 2016 5258 qui
2052 5189 2315 5244 columba:
2355 5189 2646 5244 candorem
2691 5198 2813 5244 atro
2840 5188 2946 5243 odii
2980 5187 3162 5243 colore
3199 5189 3400 5243 exstin—

1829 5280 2025 5335 xerint.
2081 5279 2274 5349 Magna
2314 5280 2578 5335 adversus
2629 5279 2777 5335 hunc
2827 5289 3133 5349 serpentem
3174 5295 3203 5333 a
3243 5280 3400 5334 nobis

1829 5385 1957 5425 cura
2005 5371 2305 5425 adhibenda
2350 5380 2451 5424 est.
2503 5369 2679 5425 liabet
2709 5370 2854 5425 enim
2891 5379 2948 5424 et
2994 5370 3112 5440 ipse
3156 5384 3262 5423 non
3316 5383 3398 5423 se-

1828 5479 1925 5517 cus
1984 5470 2146 5530 atque
2203 5461 2430 5516 luxuria:
2475 5463 2704 5532 spiritus
2749 5461 2992 5531 corporis
3043 5459 3394 5530 patrocinan-

1831 5563 1934 5608 tem
1979 5554 2081 5608 sibi
2119 5563 2387 5608 naturam.
2422 5552 2610 5608 Notavi
2663 5553 2828 5606 etiam
2861 5553 3125 5623 quosdam
3165 5552 3240 5604 ira
3267 5566 3393 5604 suc-

1832 5663 2023 5702 censos
2067 5661 2131 5700 cx
2177 5647 2337 5700 animi
2391 5645 2757 5716 indignatione
2803 5663 2830 5698 ει
2875 5645 2996 5700 cibo
3047 5642 3394 5702 abstinuisse,

238 5866 318 5923 Α)
357 5857 706 5915 Rmscnttam
750 5875 952 5925 arcete,
1001 5872 1052 5916 et
1098 5871 1394 5931 prxpeune
1453 5861 1803 5927 ιιςιιιςγέιιι

1877 5872 2008 5910 mam
2042 5866 2368 5910 ma’rmcetc.
