4210 6464
175 411 280 468 κει

1127 416 1350 473 SCAIA
1388 415 1754 475 PARADISI.
1786 441 1853 451 -
1889 417 2192 479 ϐΙὶᾹὶΠΙΒ
2227 423 2380 483 Vill.

3291 441 3395 505 834

172 522 199 570 ὀ
233 518 503 585 πρότερος.
542 519 749 589 ἔρρωσο
775 521 804 571 ὁ
841 521 1110 592 δεύτερος,
1148 527 1414 595 μακάριος
1449 528 1506 578 ὲν
1536 528 1723 596 Κυρίῳ
1753 533 1798 588 Α
1827 545 1834 579 :

1753 533 1798 588 Α
1827 527 2104 594 adjutantc
2134 534 2452 599 perturbare
2496 547 2695 604 potest,
2750 556 2848 592 cur
2902 557 3006 597 non
3045 547 3216 612 possit
3252 565 3393 605 unus

170 608 262 658 καὶ
299 608 593 675 ἀγαλλιῶό
621 611 802 676 τρίτος
840 628 854 639 ·
889 612 1118 666 ἐλεεινὸν
1147 613 1258 684 (12)
1299 616 1731 686 ἑπεσημηνάμην

270 698 504 764 ὁργίλοις
559 698 754 768 θέαμα,
798 700 857 763 ἐξ
915 703 1145 772 οἰήσεως
1191 704 1490 774 λεληθότως
1551 706 1733 768 αὐτοῖς

170 790 486 857 συμϐαῖνον,
536 790 875 860 ὀργιζόμενοι
923 777 1030 863 γὰρ
1070 794 1161 847 διὰ
1206 796 1306 866 τὴν
1333 792 1522 869 ἧτταν,
1571 797 1731 851 πάλιν

166 880 464 948 ὠργίζοντο
492 899 505 910 ”
539 883 630 933 καὶ
663 883 912 952 πτώματι
944 886 1142 955 πτῶμα
1172 887 1561 958 ἐκδιωκόμενον
1590 890 1730 959 ὁρῶν

168 971 504 1040 ἐθαύμαζον·
561 976 654 1026 καὶ
693 977 964 1045 ἁμαρτίαν
1024 979 1270 1049 ἁμαρτίᾳ
1327 981 1730 1045 διεκδικοῦντας

165 1060 360 1125 ἠλέουν
387 1063 674 1129 θεώμενος,
709 1066 799 1116 καὶ
837 1065 1106 1135 δαιμόνων
1136 1069 1468 1138 πανουργίαν
1495 1071 1728 1141 ἐκπλητ-

163 1149 411 1218 τόμενος,
438 1155 531 1220 τῆς
560 1154 756 1206 ἑαυτοῦ
789 1154 932 1224 ζωῆς
970 1159 1166 1226 μικροῦ
1199 1161 1308 1212 δεῖν
1329 1161 1725 1228 ἀπεγίνωσκον.

169 1243 235 1293 Εἴ
264 1260 345 1297 τις
377 1245 566 1296 ἑαυτὸν
601 1248 708 1299 ἀπὸ
751 1249 979 1316 οἰήσεως
1010 1250 1104 1302 καὶ
1142 1252 1439 1320 οξυχολίας,
1467 1254 1728 1324 πονηρίας

163 1352 219 1384 τε
253 1337 345 1386 καὶ
375 1338 712 1408 ὑποκρίσεως
735 1341 975 1410 εὐχερῶς
1005 1342 1318 1412 ἡττώμενον
1343 1345 1606 1410 θεάσοιτο,
1632 1349 1726 1400 καὶ

161 1424 334 1488 οὕτως
401 1430 497 1496 τὴν
541 1429 812 1499 μάχαιραν
850 1431 948 1496 τῆς
1001 1434 1293 1502 πραότητος
1338 1437 1430 1489 καὶ
1474 1438 1725 1503 ἀνεξικα-

161 1519 290 1577 κίας
320 1517 566 1586 δίστομον
595 1520 713 1572 καθ’
743 1523 920 1575 αὐτῶν
964 1525 1231 1593 ἐσκέψατο
1275 1529 1603 1594 σπάσασθαι,
1634 1526 1724 1583 οὗ·

158 1627 252 1667 τος
283 1611 564 1679 πορευθεὶς
598 1614 996 1684 παραγένηται,
1023 1616 1211 1690 ὥσπερ
1263 1622 1320 1672 ἐν
1345 1622 1584 1693 κναφείῳ
1622 1641 1724 1676 σω-

157 1703 378 1768 τηρίας,
403 1706 458 1754 εν
495 1705 703 1776 συνοδίᾳ
737 1706 996 1775 ἀδελφῶν,
1029 1711 1120 1762 καὶ
1156 1711 1388 1779 μάλιστα
1423 1713 1722 1784 σκληροτά-

155 1808 288 1852 των,
322 1797 474 1864 εἰπερ
522 1797 655 1849 αύτά
697 1797 914 1861 τελείως
963 1802 1284 1856 ἐκδύσασθαι
1320 1803 1586 1874 βούλεται,
1639 1808 1722 1861 ἵνα

1830 619 2028 687 aliquis
2076 636 2108 675 e
2165 624 2581 692 sapientissimis
2628 627 2853 685 fratrum
2913 648 3014 702 ope
3063 639 3233 692 sancti
3299 656 3395 694 ao-

1829 708 1964 776 geli,
2039 718 2293 780 tanquam
2337 729 2432 768 vas
2487 716 2608 770 oleo
2657 720 2869 787 plenum
2926 727 3390 792 perturbationum

1828 798 2024 854 fluctus
2085 803 2298 866 sedare,
2357 822 2654 877 navemque
2707 812 2758 865 in
2802 829 3045 870 serenant
3089 823 3392 888 tranquilii-

1829 899 1990 945 tatem
2068 895 2344 959 reducere,
2395 899 2473 954 uti
2543 916 2642 970 pro
2708 904 2786 958 rei
2857 910 3222 976 magnitudine
3297 929 3392 968 ex-

1827 981 2059 1048 emplum
2134 985 2348 1039 virtutis
2389 988 2804 1046 saluberrimum
2881 997 3130 1052 omnibus
3195 997 3390 1067 factus,

1827 1075 2107 1142 praemium
2160 1077 2615 1144 quemadmodum
2681 1085 2832 1153 prior
2873 1085 3136 1154 judicium
3181 1101 3233 1144 et
3274 1107 3392 1161 pm-

1827 1178 1972 1224 uam,
2016 1175 2270 1233 reportet.
2330 1167 2714 1228 Rudimeutum
2765 1176 3002 1242 primum
3056 1178 3225 1232 beatae
3293 1197 3390 1250 pa—

1825 1256 2025 1310 tientiae
2081 1266 2180 1320 est,
2266 1263 2627 1318 contumelias
2695 1281 2817 1319 cum
2863 1268 3032 1322 animi
3087 1271 3391 1326 acerbitate

1824 1357 1878 1400 ct
1930 1347 2117 1402 dolore
2168 1350 2417 1406 tolerare.
2471 1354 2526 1406 In
2579 1356 2752 1410 medio
2821 1371 3086 1424 versatur,
3134 1362 3387 1430 qui-jam

1823 1437 2042 1490 easdem
2097 1439 2440 1508 indignitates
2472 1443 2590 1497 sine
2641 1446 2886 1500 molestia
2934 1449 3098 1501 animi
3133 1452 3385 1506 sustinet.

1823 1525 1903 1580 Ad
1945 1543 2218 1583 summum
2259 1532 2605 1600 perfectionis
2644 1537 2869 1605 gradum
2909 1540 3170 1603 ascendit.
3220 1542 3264 1594 si
3307 1552 3388 1596 ta-

1824 1631 1944 1670 men
1974 1628 2076 1683 cst,
2106 1619 2197 1688 qui
2224 1636 2461 1690 unquam
2499 1626 2762 1687 ascendit,
2792 1628 2889 1695 qui
2927 1629 3254 1698 ignominias
3287 1647 3384 1700 pro

1822 1707 2072 1764 laudibus
2109 1712 2225 1766 suis
2272 1712 2674 1782 interpretatur.
2708 1717 2952 1772 Gaudeat
2985 1719 3214 1787 primus,
3243 1722 3382 1776 vivat

1825 1799 1992 1870 [bene
2039 1802 2246 1875 valeat]
2293 1805 2444 1869 alter,
2488 1805 2609 1861 felix
2651 1817 2706 1862 et
2751 1809 2939 1864 beatus
2981 1813 3276 1881 triumphet
3330 1815 3384 1867 in

155 1887 338 1936 εκεῖσε
375 1887 432 1952 ἐξ
472 1886 680 1957 ὕϐρεων
721 1890 815 1940 καὶ
856 1891 1108 1961 ἀτιμιῶν,
1150 1895 1242 1947 καὶ
1271 1898 1576 1968 τρικυμιῶν
1613 1898 1721 1951 τῶν
1753 1867 1797 1925 Β

1753 1867 1797 1925 Β
1827 1867 2058 1946 ί)οωὶηο
2089 1867 2413 1964 postremus.
2450 1896 2746 1953 Doleudum
2797 1901 3148 1957 animadverti
3181 1905 3234 1958 in
3278 1915 3387 1959 sto-

154 1974 403 2042 aesaes»;
435 1977 760 2046 τεινόμενος,
789 1981 881 2032 καὶ
911 1982 1111 2050 νοερῶς
1138 1986 1543 2058 τυπτόμενος,ἢ
1582 1989 1722 2058 τάχα

153 2082 263 2117 που
299 2067 391 2119 καὶ
428 2067 696 2138 αἰσθητῶς
731 2071 1004 2139 ξεόμενος,
1041 2074 1134 2126 καὶ
1161 2077 1486 2147 πατούμενος
1517 2079 1611 2133 καὶ
1630 2079 1724 2132 la.-

153 2157 494 2226 κτιζὸμενος,
521 2159 612 2212 τὸν
635 2159 804 2228 ῥύπον
831 2162 920 2213 τὸν
951 2164 1319 2234 ἐνυπάρχοντα
1342 2168 1503 2221 αὑτοῦ
1532 2172 1597 2240 τῇ
1639 2171 1722 2223 αί-

153 2249 348 2316 σθήσει
385 2249 484 2317 τῆς
518 2249 694 2322 ψυχῆς
729 2252 1010 2324 ἀποπλύνῃ
1052 2272 1066 2284 ο
1107 2256 1242 2327 αὐτή
1287 2275 1344 2310 σε
1392 2259 1426 2328 ἠ
1469 2258 1720 2330 δημώδης

150 2339 310 2410 φωνὴ
345 2342 582 2394 πεισάτω
632 2343 952 2414 πλυντήριον
1008 2345 1096 2398 τὸν
1135 2348 1436 2418 ὀνειδισμὸν
1478 2351 1582 2404 τῶν
1621 2353 1720 2422 τῆς

145 2431 336 2500 ψυχῆς
359 2433 546 2485 παθῶν
567 2433 921 2489 καθίστασθαι
955 2454 969 2466 ·
1008 2439 1140 2506 φασὶ
1173 2439 1282 2508 γάρ
1313 2457 1456 2502 τινες
1504 2443 1612 2497 τῶν
1657 2445 1717 2496 ὲν

147 2522 232 2588 τῷ
263 2523 451 2592 κόσμῳ
480 2525 639 2593 ἡνίκα
665 2527 786 2579 τινά
819 2527 959 2580 κατά
991 2531 1278 2600 πρόσωπον
1310 2534 1530 2604 ἀτιμίας
1558 2553 1716 2606 περι-

147 2612 432 2665 ξιάλλουσι.
479 2616 820 2684 καυχώμενοι
861 2618 994 2688 πρὸς
1034 2622 1269 2691 ἐτέρους,
1316 2625 1399 2678 ὅτι
1450 2628 1540 2680 τὸν
1570 2628 1715 2682 δεῖνα

143 2700 462 2754 ἁπέπλυνα.
516 2704 582 2755 ’⁷0
630 2721 684 2756 τι
740 2706 832 2757 καὶ
891 2706 1086 2777 ἀληθὲς
1135 2712 1492 2782 καθέστηκεν.
1548 2717 1714 2788 Ἀλλη

142 2791 304 2843 ἐστὶν
342 2794 375 2861 ἡ
403 2794 465 2844 ἐκ
507 2793 730 2858 πένθους
760 2798 818 2848 ἐν
860 2801 970 2861 τοῖς
1009 2802 1386 2869 εἰσαγωγικοῖς
1427 2807 1712 2878 ἀοργησία,

141 2883 245 2934 καὶ
277 2884 457 2954 ἑτέρα,
494 2887 526 2955 ὴ
557 2888 614 2939 ὲν
655 2891 766 2951 τοῖς
808 2888 1029 2954 τελείοις
1064 2893 1379 2965 ὑπάρχουσα
1425 2898 1678 2970 ἀκινησία
1699 2919 1712 2932 ⁸

144 2976 242 3026 καὶ
271 2977 306 3044 η
339 2977 458 3045 μὲν,
506 2978 693 3051 ὥσπερ
735 2981 934 3052 χαλινῴ
974 3001 1077 3036 τινι
1111 2986 1187 3056 τῷ
1235 2987 1453 3059 δακρύῳ
1483 2991 1710 3047 δέδεται.

155 3067 220 3119 ’11
248 3069 331 3130 δὲ,
363 3069 550 3140 ὥσπερ
587 3071 709 3141 ὄφις
745 3075 848 3126 ὑπὸ
882 3076 982 3146 τῆς
1027 3077 1312 3144 ἀπαθείας,
1347 3083 1423 3145 ὡς
1467 3085 1570 3136 ὑπὸ
1613 3103 1714 3156 μα-

142 3162 369 3231 χαίρας,
401 3163 788 3220 τεθανάτωται.
819 3168 978 3238 Τρεῖς
1011 3171 1184 3239 ἔγωγε
1218 3174 1330 3243 (15)
1364 3176 1708 3247 ὁμοθυμαδὸν

141 3256 372 3326 ἑώρακα
421 3268 682 3329 μοναχους
723 3262 1120 3332 ἀτιμασθέντας
1151 3279 1166 3293 ⁸
1209 3266 1302 3318 καὶ
1350 3269 1379 3320 ὁ
1421 3268 1519 3338 μὲν
1564 3268 1714 3340 δέδη-

141 3366 279 3401 κται
310 3349 570 3422 [δέδηκτο,
606 3354 674 3407 al.
710 3354 1004 3427 δέδακται],
1041 3358 1134 3410 καὶ
1188 3359 1494 3429 ἐσιώπησεν
1526 3378 1540 3392 ο
1571 3364 1599 3414 ὁ
1655 3363 1712 3416 δὲ

142 3444 326 3513 ἐχάρη
352 3447 543 3498 ἑαυτοῦ
570 3449 749 3517 χάριν,
779 3449 1076 3520 λελύπηται
1102 3451 1159 3504 δὲ
1191 3454 1318 3524 περὶ
1344 3454 1442 3506 τοῦ
1476 3454 1712 3526 λοιδορή-

144 3552 348 3598 σαντος
375 3553 389 3566 ο
419 3539 447 3590 ὁ
473 3537 529 3590 δὲ
558 3541 736 3608 τρίτος
757 3539 854 3610 τὴν
892 3541 983 3594 τοῦ
1015 3542 1241 3613 πλησίον
1283 3544 1484 3616 βλάϐην
1517 3549 1714 3600 ἀνατυ-

140 3625 340 3688 πώσας
373 3627 632 3699 ἐδάκρυσε
683 3630 934 3702 θερμῶςο
977 3634 1070 3685 καὶ
1114 3630 1183 3704 ἦν
1220 3633 1344 3687 ἰδεῖν
1384 3637 1570 3704 φόὸου,
1619 3640 1712 3693 καὶ

142 3719 370 3788 μισθοῦ,
399 3721 490 3774 καὶ
523 3723 740 3794 ἀγάπης
780 3725 1038 3795 ἐργάτας.
1069 3726 1279 3798 Ὠσπερ
1322 3731 1351 3782 ό
1377 3729 1487 3783 τῶν
1530 3733 1712 3801 σωμά-

137 3829 257 3865 των
291 3814 541 3882 πυρετδς,
572 3809 650 3879 εἷς
699 3816 798 3886 μέν
839 3817 977 3884 ἐστι,
1022 3818 1224 3883 πολλὰς
1265 3820 1321 3872 δὲ
1362 3825 1455 3874 καὶ
1485 3824 1548 3875 οὐ
1581 3824 1710 3893 μίαν

136 3903 244 3972 τῆς
291 3903 456 3957 αὐτοῦ
496 3904 694 3969 ζέσεως
742 3908 842 3978 τὴν
885 3908 1140 3979 ἀφορμὴν
1175 3910 1440 3980 κέκτηται
1474 3928 1488 3940 ·
1540 3912 1710 3976 οὕτως

138 3998 242 4050 καὶ
274 3998 308 4066 ἡ
329 3996 420 4048 τοῦ
449 3997 618 4067 θυμοῦ
649 3997 815 4061 ζέσις,
845 4001 939 4052 καὶ
981 4001 1212 4072 κίνησις,
1245 4005 1340 4055 καὶ
1369 4003 1476 4056 τῶν
1508 4002 1708 4057 λοιπῶν

137 4088 309 4159 ἡμῶν
351 4089 538 4142 παθῶν
589 4090 786 4153 πολλὰς
825 4093 921 4145 καὶ
960 4093 1246 4164 διαφόρους
1285 4095 1464 4158 αἰτίας
1512 4095 1708 4166 ἔχουσα

138 4179 533 4250 καθεστήκασι.
581 4184 670 4234 Διὸ
714 4183 806 4235 καὶ
844 4183 1103 4237 ἀδύνατον
1135 4185 1276 4238 κατὰ
1314 4187 1708 4256 τούτωνιμονο-

137 4273 366 4340 τρόπως
388 4272 690 4342 ὁρίσασθαι.
715 4274 941 4345 Γνώμην
968 4276 1023 4329 δὲ
1044 4276 1230 4348 δίδωμι
1257 4277 1458 4348 μᾶλλον
1493 4280 1551 4331 ἐν
1573 4278 1704 4332 ἐκάε-

141 4380 278 4415 στου
312 4363 496 4416 λοιπὸν
541 4366 649 4418 τῶν
674 4368 969 4420 νοσούντων
1015 4373 1464 4444 μεμεριμνημένῃ
1503 4371 1704 4442 σπουδῇ

136 4455 246 4521 τῆς
273 4456 513 4524 ἰατρείας
540 4455 639 4526 τὴν
669 4456 960 4527 θεραπείαν
989 4459 1284 4530 ἐπιζητεῖν.
1326 4461 1519 4532 Πρώτη
1561 4462 1606 4514 δ’
1636 4462 1704 4514 ἂν

1827 1986 2100 2040 machosis
2141 1990 2532 2056 spectaculum,
2576 1992 2721 2060 quod
2773 1991 2880 2047 illis
2917 2009 2980 2048 ex
3013 2009 3214 2049 arcano
3243 2013 3382 2066 quo-

1824 2077 1948 2132 dam
2010 2067 2177 2132 animi
2231 2089 2445 2135 tumore
2490 2097 2592 2136 usu
2627 2084 2810 2138 venire
2855 2085 3012 2156 176
3049 2087 3207 2151 solet,
3259 2103 3382 2142 cum

1823 2168 1949 2221 victi
1999 2167 2068 2222 ab
2115 2169 2194 2222 ira
2240 2184 2300 2224 se
2345 2171 2520 2226 victos
2557 2171 2892 2238 irascuntur,
2931 2177 3229 2232 admiratus
3257 2195 3380 2233 cum

1824 2252 2059 2314 viderem
2114 2261 2260 2331 quod
2317 2263 2474 2317 ruina
2523 2262 2736 2317 ruinam
2782 2278 3219 2336 persequeretur,
3279 2271 3383 2325 mi-

1823 2357 2142 2418 seratusque
2214 2349 2488 2416 infelices,
2542 2353 2670 2406 dum
2743 2367 3040 2424 spectarem
3109 2360 3384 2428 quomodo

1822 2449 2101 2509 peccatum
2143 2453 2365 2510 peccato
2415 2443 2730 2511 plectercut,
2771 2445 3204 2515 obstupescendo
3242 2467 3382 2505 sum-

1821 2547 1964 2586 mam
2026 2534 2330 2588 da:monum
2397 2535 2815 2604 improbitatem,
2869 2553 2991 2592 cum
3034 2555 3223 2609 parum
3284 2542 3382 2596 ab-

1821 2623 1923 2678 fuit
1965 2626 2094 2694 quin
2147 2625 2412 2695 ejusmodi
2457 2641 2608 2680 suam
2660 2627 2900 2696 ipsorum
2959 2631 3123 2686 vitam
3187 2633 3380 2703 despc-

1819 2725 2021 2768 rarent.
2075 2713 2131 2767 Si
2184 2715 2308 2784 quis
2351 2715 2420 2768 ab
2447 2715 2698 2784 superbia
2746 2727 2798 2772 et
2836 2718 3134 2785 iracundia,
3177 2722 3245 2776 ab
3282 2724 3381 2776 im-

1818 2806 2084 2875 probitate
2121 2815 2175 2859 et
2233 2807 2505 2875 hypocrisi
2557 2807 2715 2863 facile
2797 2825 2855 2864 se
2925 2812 3064 2866 vinci
3127 2815 3380 2882 senserit,

1817 2909 1872 2950 et
1926 2907 2113 2952 contra
2158 2897 2272 2951 haec
2326 2898 2452 2952 vitia
2503 2900 2792 2969 ancipitem
2850 2905 3282 2960 mansuetudinis
3326 2916 3381 2961 et

1819 2988 2089 3058 patientiae
2145 2989 2380 3057 gladium
2431 2989 2694 3060 stringere
2720 2993 2961 3058 molitur,
3003 2996 3379 3063 proficiscatur

1819 3080 1886 3133 ad
1933 3079 2238 3134 coenobium
2302 3081 2676 3148 religiosorum
2728 3083 2953 3138 fratrum
3008 3088 3283 3157 (tanquam
3311 3090 3376 3144 ad

1818 3170 2088 3226 officinam
2147 3173 2384 3241 aliquam
2412 3173 2702 3228 salutarem
2741 3175 3051 3246 fullonum),
3081 3181 3176 3234 sed
3225 3197 3376 3236 seve-

1813 3263 2176 3325 rissimornm,
2229 3264 2275 3318 si
2336 3265 2494 3318 modo
2557 3265 2792 3334 perfecte
2842 3283 3041 3325 exuere
3090 3273 3219 3327 vitia
3264 3285 3379 3329 stu-

1811 3353 1923 3416 drt.
1977 3365 2036 3408 ut
2077 3355 2209 3408 inibi
2250 3355 2614 3422 contumeliis,
2656 3357 2967 3428 ignominiis
3017 3371 3070 3415 et
3125 3363 3380 3419 decuma-

1812 3447 1899 3500 nis
1924 3447 2280 3500 tentationum
2333 3448 2588 3504 fluctibus
2617 3452 2916 3521 expositus,
2966 3455 3208 3524 adeoque
3243 3473 3377 3511 con-

1811 3534 1968 3588 viciis
2022 3535 2390 3601 everberatus,
2445 3536 2554 3592 imo
2585 3553 2713 3592 vero
2762 3541 2923 3595 etiam
2968 3558 3152 3598 revera
3205 3561 3377 3614 quan-

1809 3627 1987 3697 doque
2036 3629 2279 3696 pulsatus
2353 3635 2408 3682 ct
2491 3631 2795 3698 dedolatus,
2849 3635 2978 3703 quin
3044 3645 3098 3690 et
3156 3639 3376 3694 omnino

1811 3721 2070 3788 protritus
2121 3729 2176 3774 ct
2222 3721 2462 3776 calcibus
2505 3725 2871 3791 proculcatus,
2935 3728 3125 3783 sordes
3179 3731 3375 3786 animae

1809 3809 2058 3863 sensibus
2104 3809 2424 3864 inhaerentes
2481 3812 2671 3878 diluat,
2727 3825 2784 3868 ut
2846 3815 2958 3885 ipsa
3011 3833 3112 3872 vox
3167 3821 3373 3888 passim

1809 3911 2064 3968 usurpata
2093 3899 2359 3954 tedoceat
2399 3902 2596 3970 probra
2645 3912 2701 3957 et
2745 3907 3098 3961 contumelias
3146 3924 3268 3965 esse
3291 3911 3374 3964 vi-

1808 3989 2004 4045 tiorum
2031 3991 2227 4046 animm
2271 3990 2564 4048 lavacrum.
2617 3993 2709 4048 Sic
2761 3997 2906 4049 enim
2939 3998 3100 4066 vulgo
3131 4000 3371 4069 loquun-

1809 4090 1917 4146 tur,
1959 4083 2176 4151 quando
2213 4083 2398 4136 multis
2435 4084 2572 4139 alios
2607 4087 2864 4142 convieils
2904 4105 3084 4144 coram
3124 4103 3371 4154 onerant.

1806 4187 1978 4243 eaque
2006 4172 2074 4228 de
2117 4187 2185 4228 re'
2202 4175 2342 4242 apud
2399 4175 2535 4231 alios
2583 4177 2882 4246 gloriantur
2906 4195 2966 4234 se
2999 4181 3141 4237 hunc
3191 4183 3371 4238 illum-

1805 4279 1871 4318 ve
1913 4263 2078 4333 probe
2133 4273 2288 4318 aceto
2340 4265 2644 4335 perfudisse
2693 4277 2748 4322 et
2795 4270 3052 4326 abluisse.
3107 4271 3266 4338 Quod
3316 4286 3371 4330 et

1806 4355 2148 4409 verissimum
2231 4364 2333 4409 est.
2380 4356 2500 4411 Alia
2551 4366 2635 4412 est
2689 4373 2811 4427 quae
2865 4359 2918 4414 in
2977 4361 3244 4420 tironibus
3304 4381 3368 4420 ex

1809 4445 1932 4500 fletu
1996 4455 2050 4500 et
2129 4448 2342 4517 planctu
2423 4450 2665 4503 nascitur
2743 4451 3036 4508 iracundia:
3112 4455 3367 4525 victoria;

137 4547 229 4616 εἴη
265 4545 550 4616 θεραπεία,
585 4547 684 4616 τῆς
718 4549 879 4602 αὑτοῦ
930 4551 1221 4621 ἀλγηδόνος
1251 4552 1350 4622 τὴν
1377 4553 1556 4605 αἰτίαν
1583 4554 1703 4605 ἐπι·
1739 4552 1782 4606 D

1739 4552 1782 4606 ι)
1809 4536 1910 4588 alia
1960 4551 2081 4605 qua:
2136 4538 2188 4590 in
2218 4537 2329 4606 jam
2386 4537 2640 4607 perfectis
2671 4542 2886 4596 exsistit
2927 4544 3219 4600 immobilis
3254 4549 3371 4600 ani-

137 4636 376 4704 γνῶναι,
403 4637 490 4689 ἵνα
523 4637 621 4705 τῆς
650 4639 827 4700 αἰτίας
865 4640 1178 4710 εὑρεθείσης
1213 4643 1347 4711 πρὸς
1382 4643 1568 4713 αὐτὴν,
1614 4643 1709 4695 καὶ

135 4728 244 4798 τὴν
270 4729 615 4798 ἐμπλαστρον
639 4731 702 4782 ὲκ
731 4731 984 4800 προνοίας
1008 4731 1141 4784 Θεοῦ
1178 4734 1272 4785 καὶ
1299 4734 1500 4803 ἰατρῶν
1543 4750 1706 4786 πνευο

139 4819 400 4890 ματικῶν
424 4819 669 4888 λήψεται,
695 4821 770 4885 ώς
798 4825 856 4874 ἐν
887 4823 1277 4893 ὑποδείγμασιν
1304 4826 1352 4876 οἰ
1396 4824 1706 4894 βουλόμενοι

133 4913 279 4980 ἡμῖν
321 4913 381 4961 ἐν
415 4910 601 4980 Κυρίῳ
633 4913 708 4974 είς
734 4912 795 4964 τὸ
822 4913 1004 4983 νοερὸν
1037 4915 1128 4967 καὶ
1168 4914 1601 4986 προϐεϐλημένον
1629 4917 1708 4970 δι-

133 5002 442 5072 καστήριον
469 5003 842 5066 συνεισελθεῖν,
879 5004 1383 5071 συνεισελθέτωσαν,
1431 5009 1527 5060 καί
1559 5008 1704 5076 ἀμυ-

129 5093 289 5165 δρῶς
319 5109 438 5154 πως
467 5094 593 5163 περὶ
623 5093 730 5146 τῶν
758 5095 1167 5166 προειρημένων
1212 5096 1397 5149 παθῶν
1437 5097 1469 5166 ἢ
1517 5098 1704 5150 αἰτιῶν

133 5184 550 5254 βασανίσωμεν.
581 5182 798 5253 Δεθήτω
833 5185 1016 5237 λοιπὸν
1050 5183 1219 5254 θυμὸς
1244 5187 1319 5248 ώς
1345 5184 1604 5255 τύραννος
1647 5187 1704 5239 ἐν

131 5278 366 5345 δεσμοῖς
419 5275 736 5345 πραότητος,
781 5277 872 5330 καὶ
920 5277 1252 5346 τυπτόμενος
1292 5276 1397 5330 ὑπὸ
1428 5276 1701 5346 μακροθυ-

135 5369 277 5437 μίας
307 5366 671 5437 ἐκσυρόμενός
713 5384 772 5420 τε
800 5367 903 5420 ὑπὸ
933 5367 1032 5437 τῆς
1061 5368 1219 5435 ἀγίας
1263 5369 1481 5436 ἀγάπης
1528 5369 1587 5421 ὲν
1629 5368 1708 5438 τῷ

134 5457 356 5528 βήματι
399 5455 568 5526 τούτῳ
610 5457 704 5510 τοῦ
743 5458 897 5526 λόγου
932 5459 1213 5529 παραστὰς
1257 5459 1320 5510 τά
1366 5459 1707 5529 προσήκοντα

134 5546 502 5614 ἐξεταζέσθω.
555 5547 693 5616 Λέγε
739 5551 886 5618 ἡμῖν,
919 5543 964 5602 ὦ
1014 5550 1299 5620 παράφρον
1344 5549 1437 5601 καὶ
1482 5549 1705 5616 ἀσεμνε,

133 5641 245 5710 τήν
271 5656 332 5692 τε
357 5637 452 5691 τοῦ
481 5639 868 5710 γεγεννηκότος
901 5638 1008 5710 [σε]
1035 5639 1426 5710 προσηγορίαν,
1475 5639 1568 5690 καὶ
1611 5639 1709 5709 τῆς

134 5731 335 5794 κακῶς
365 5731 629 5801 τεκούσης
656 5747 715 5784 σε
742 5733 1145 5802 προσωνυμίαν,
1185 5732 1294 5784 τῶν
1324 5732 1432 5783 σῶν
1476 5747 1533 5784 τε
1579 5731 1709 5784 υἱῶν

139 5822 242 5876 καὶ
279 5821 595 5891 θυγατέρων
631 5821 839 5892 μιαρῶν
883 5821 952 5876 τά
1000 5822 1256 5893 ὀνόματα·
1314 5823 1402 5896 οὐ,
1429 5821 1592 5892 μόνον.
1607 5822 1708 5897 δὲ,

1809 4627 1882 4680 mi
1924 4629 2182 4682 adversus
2229 4628 2363 4682 iram
2415 4631 2744 4685 constantia.
2803 4631 2900 4687 Illa
2949 4636 3164 4689 rudium
3195 4639 3370 4710 lacry-

1809 4718 1911 4772 mis
1943 4721 2099 4787 quasi
2135 4720 2285 4774 freno
2312 4729 2611 4788 coercetur,
2664 4725 2777 4778 haec
2804 4739 2930 4779 vero
2961 4736 3219 4796 tanquam
3251 4745 3367 4783 ser-

1810 4827 1940 4882 pens
1985 4828 2079 4881 per
2107 4816 2300 4868 anima:
2331 4816 2774 4884 tranquillitatem
2805 4817 2934 4885 (jam
2999 4820 3068 4872 ab
3113 4821 3368 4875 omnibus

1809 4903 2094 4960 affectibus
2155 4906 2402 4976 liberam)
2491 4907 2639 4962 velut
2726 4910 2904 4978 gladio
2970 4920 3205 4966 mactata
3259 4924 3363 4968 est.

1814 4995 1969 5064 177
1996 4993 2131 5050 Tres
2161 5010 2260 5065 ego
2285 4996 2560 5065 quondam
2591 4997 2752 5052 simul
2786 4998 3068 5070 religiosos
3100 5001 3205 5054 vidi
3233 5016 3364 5056 cou-

1811 5088 2048 5142 tumeliis
2093 5087 2351 5152 alfectos,
2402 5103 2636 5158 quorum
2676 5093 2885 5159 primus
2933 5092 3102 5146 sensit
3148 5093 3366 5161 quidem

1812 5195 2076 5245 morsum,
2112 5181 2204 5234 sed
2229 5180 2470 5234 dolorem
2501 5181 2718 5236 silentio
2745 5184 3047 5252 oppressit;
3098 5183 3235 5238 alter
3265 5199 3366 5238 sua

1811 5270 2028 5340 quidem
2077 5284 2241 5325 causa
2288 5271 2586 5339 gaudebat,
2641 5272 2734 5327 sed
2773 5273 2945 5327 vicem
2985 5274 3366 5330 calumniantis

1814 5359 2070 5415 dolebat:
2107 5371 2415 5429 postremus
2442 5361 2664 5416 omnino
2699 5362 2784 5417 sui
2829 5364 3029 5418 oblitus
3061 5373 3265 5419 tantum
3288 5365 3367 5418 la-

1813 5467 2025 5521 crymas
2056 5462 2109 5507 et
2149 5451 2388 5506 calentes
2431 5451 2647 5520 quidem
2682 5468 2782 5523 pro
2827 5453 3162 5521 oﬂ'endente,
3209 5456 3366 5525 cujus

1813 5543 2068 5598 damnum
2119 5543 2353 5607 videbat,
2409 5559 2475 5597 ex
2523 5544 2787 5599 charitate
2834 5545 3210 5616 profundebat.
3264 5547 3362 5602 Ubi

1813 5634 1974 5688 simul
2005 5634 2158 5689 licuit
2194 5645 2440 5704 spectare
2477 5642 2584 5690 tres
2607 5635 2838 5690 eximios
2861 5636 3078 5692 virtutis
3113 5637 3361 5698 athletas,

1814 5726 2027 5781 timoris
2069 5727 2314 5794 inquam,
2355 5727 2619 5782 mercedis
2658 5738 2712 5782 et
2751 5727 3053 5783 charitatis.
3092 5727 3362 5795 Quemad-

1814 5818 2032 5874 modum
2085 5820 2137 5872 iu
2170 5819 2420 5876 humanis
2451 5817 2770 5890 corporibus
2801 5821 2967 5878 febris
2988 5822 3220 5892 quidem
3247 5837 3364 5882 una
