4210 6464
783 438 891 504 839

2031 422 2087 478 ὃ.
2122 417 2439 478 JOANNIS
2465 417 2768 476 CLIMACI

3915 429 4009 487 8-50

786 552 1102 609 emendetur
1135 548 1229 618 qui
1259 543 1522 616 peccavit,
1559 541 1641 596 vel
1677 549 1740 594 ut
1780 539 1871 594 alii
1895 546 2179 593 metuant:
2213 535 2358 605 quod
2389 545 2434 598 Α

2347 535 2358 587 I
2389 545 2434 598 Α
2463 535 2587 588 κίαν
2619 534 2783 589 αὑτοῦ
2813 550 2823 560 ·
2857 533 2973 588 ἀλλ’
3015 536 3101 587 ἶνα
3141 534 3404 606 διορθωθῇ
3447 536 3755 605 ἄνθρωπος.
3795 537 3830 606 ἦ
3877 538 4009 596 ἄλλοι

791 651 838 704 si
883 642 1169 714 castigatio
1211 653 1295 696 εει
1339 638 1408 692 ab
1456 637 1557 691 liae
1604 634 1856 698 diversa,
1907 647 2015 687 non
2064 640 2148 688 est
2194 630 2356 685 casti-

789 737 954 810 gatio.

1373 820 1432 874 S.
1471 818 1686 872 Antonii
1720 817 1773 872 9.

868 918 1145 972 Adversus
1182 919 1470 983 peccantes
1509 909 1851 964 irascendum
1893 921 2000 960 non
2028 913 2137 971 est,
2169 917 2360 972 quam-

793 1009 879 1064 vis
914 1007 1109 1062 deliCta
1149 1005 1219 1059 ab
1261 1003 1394 1071 ipsis
1427 1007 1731 1070 perpetrata
1763 997 1927 1069 digna
1974 1005 2104 1052 sunt
2127 997 2366 1065 castiga-

793 1101 942 1154 tione
969 1116 982 1149 :
1018 1097 1114 1151 sed
1146 1095 1523 1162 delinquentes
1551 1100 1772 1161 propter
1803 1089 2112 1159 aequitatem
2139 1087 2308 1157 ipsam
2333 1101 2366 1140 a

797 1188 958 1244 nobis
981 1185 1274 1242 reducendi
1302 1195 1357 1238 et
1393 1182 1677 1253 puniendi,
1720 1183 1766 1236 si
1803 1183 1877 1236 ita
1921 1196 2007 1236 res
2046 1179 2205 1244 ferat,
2251 1177 2367 1235 sive

794 1297 894 1352 per
917 1296 1018 1335 nos
1049 1281 1216 1349 ipsos,
1242 1277 1358 1331 sive
1383 1291 1478 1345 per
1504 1274 1662 1329 alios.
1686 1273 1851 1330 Irasci
1881 1283 2062 1328 autem
2086 1283 2142 1329 et
2167 1286 2368 1328 excan-

796 1371 1020 1426 descere
1055 1383 1160 1422 non
1190 1375 1423 1437 oportet,
1449 1365 1577 1435 quia
1615 1365 1695 1419 ira
1727 1366 1801 1420 nil
1831 1365 1934 1420 nisi
1971 1365 2286 1436 perturbate
2313 1373 2371 1419 et

799 1463 993 1517 vitiose
1019 1461 1164 1531 agit,
1199 1459 1331 1514 nihil
1356 1473 1486 1512 vero
1515 1473 1581 1513 ex
1604 1457 1812 1528 judicio
1845 1467 1899 1512 et
1933 1457 2206 1528 aequitate.
2233 1457 2358 1512 Pro--

800 1555 927 1609 inde
955 1570 1053 1608 nec
1091 1553 1164 1606 illi
1198 1551 1460 1619 probandi
1497 1559 1644 1614 sunt,
1680 1549 1773 1621 qui
1819 1559 2017 1620 praeter
2054 1551 2148 1619 jus
2190 1558 2244 1604 et
2287 1547 2369 1605 fas

796 1647 1032 1702 aliorum
1086 1645 1448 1709 miserentur,
1501 1650 1722 1712 propter
1766 1642 2054 1698 honestum
2097 1644 2273 1713 ipsum
2315 1649 2371 1697 et

797 1755 1034 1808 aequum.
1064 1735 1330 1791 Puniendi
1357 1744 1486 1791 sunt
1510 1735 1774 1805 improbi,
1810 1744 1862 1790 et
1903 1752 2007 1790 non
2047 1753 2113 1790 ex
2153 1735 2371 1806 proprio

801 1831 896 1885 ira:
927 1838 980 1884 et
1008 1829 1209 1898 impetu
1236 1835 1291 1881 et
1318 1825 1532 1882 all'ectu.

1398 1916 1646 1974 Scholion
1683 1918 1770 1972 10.

871 2003 1020 2061 Mitis
1054 2015 1108 2060 et
1135 2003 1241 2060 sibi
1280 2003 1382 2073 ipsi
1421 2013 1476 2058 et
1515 2005 1640 2059 aliis
1681 2007 1803 2059 vita:
1847 2007 2290 2077 tranquillitatem
2319 2016 2375 2062 et

803 2098 1148 2152 serenitatem
1192 2097 1364 2165 parit,
1414 2096 1492 2150 ira
1525 2111 1655 2150 vero
1703 2098 1856 2168 181
1911 2101 2109 2153 multos
2143 2100 2375 2155 reddidit

803 2189 1011 2243 feroces
1039 2196 1094 2241 et
1117 2197 1472 2242 contumaces
1507 2190 1803 2257 praesertim
1848 2190 2155 2246 iracundos.

1399 2276 1652 2332 Scholion
1701 2279 1778 2333 ll.

873 2372 1034 2444 Lege,
1077 2370 1276 2434 frater,
1328 2370 1514 2426 Basilii
1553 2371 1729 2443 Magni
1803 2371 2177 2429 Hexaemeron
2205 2416 2220 2440 ,
2261 2377 2375 2431 sive

800 2481 893 2521 seu:
942 2465 1145 2518 dierum
1183 2479 1343 2532 opus,
1394 2474 1450 2518 et
1512 2463 1586 2518 ibi
1642 2467 1878 2534 reperies
1947 2467 2076 2522 illud
2117 2470 2263 2538 quod
2306 2473 2374 2525 de

806 2557 926 2610 oleo
983 2554 1062 2625 (ιι)
1127 2561 1182 2607 et
1218 2553 1475 2608 lluctibus
1524 2554 1846 2610 mirabiliter
1887 2557 2212 2626 explicatum
2269 2569 2370 2615 est.

806 2647 905 2703 llic
957 2656 1162 2712 autem,
1223 2655 1281 2699 ut
1331 2645 1586 2712 arbitror,
1625 2655 1817 2700 auctor
1869 2649 2030 2702 scala.-
2070 2650 2297 2718 ligurate
2321 2661 2374 2707 et

805 2738 1137 2809 trepologiee
1183 2736 1400 2805 accipit,
1441 2737 1589 2806 quod
1618 2737 1684 2792 de
1719 2739 1971 2793 saeviente
2022 2742 2157 2794 mari
2197 2742 2369 2796 dixit:

805 2849 869 2888 ac
901 2847 995 2902 per
1025 2840 1200 2884 utrem
1246 2845 1468 2900 corpus,
1517 2845 1614 2900 per
1668 2831 1847 2886 oleum
1881 2834 2370 2899 mansuetudinem,

805 2940 904 2995 per
939 2922 1138 2977 ﬂuctus
1192 2930 1488 2986 tumentes,
1549 2930 1815 2976 tumorem
1849 2933 1903 2976 et
1931 2923 2220 2978 elationem
2253 2925 2373 2979 ani-

807 3019 904 3081 mi,
976 3013 1236 3071 saavitiam
1266 3027 1363 3068 seu
1403 3011 1706 3079 ferociam;
1762 3028 1856 3083 per
1893 3014 2224 3080 onerariam,
2267 3016 2377 3071 fra-

808 3117 942 3162 trem
994 3121 1090 3161 scu
1145 3102 1562 3160 contubernium
1642 3103 2021 3173 religiosorum
2091 3103 2386 3164 hominum.

813 3196 1086 3268 intelligit.

1443 3284 1693 3339 Scholion
1723 3283 1805 3339 19..

880 3379 1055 3434 Iratus
1106 3377 1208 3432 fuit
1260 3377 1428 3432 David
1496 3377 1757 3432 adversus
1822 3375 2033 3440 Nabal,
2094 3395 2196 3435 nec
2227 3382 2374 3450 quod

814 3471 986 3524 iratus
1023 3467 1158 3532 fuit,
1208 3465 1403 3521 iterum
1454 3466 1730 3529 irascitur,
1785 3467 1879 3521 sed
1926 3469 2130 3538 gratias
2169 3471 2279 3542 egit
2325 3483 2381 3527 et

816 3560 1090 3615 benedixit
1147 3558 1377 3629 Abigaili
1430 3557 1606 3626 (uxori
1638 3557 1779 3626 ejus)
1827 3573 1948 3627 qua:
2011 3573 2205 3615 manus
2259 3563 2379 3632 ejus

815 3670 844 3706 ει
895 3651 1158 3720 sanguine
1213 3648 1408 3702 liberat
1455 3646 1518 3698 ³⁸.
1569 3645 1662 3702 Est
1713 3662 1842 3716 ergo
1872 3663 1997 3702 cum
2043 3664 2109 3703 ex
2168 3662 2380 3720 ρει-ιω-

817 3744 1032 3798 batione
1084 3738 1284 3794 vitiosa
1339 3739 1418 3792 ira
1468 3738 1720 3801 exsistit,
1780 3751 1834 3792 et
1871 3747 1952 3794 cst
2004 3742 2223 3808 quando
2263 3745 2383 3802 sine

817 3836 968 3889 vitio.
1020 3834 1114 3888 Est
1163 3846 1288 3886 cum
1331 3831 1456 3901 quis
1519 3829 1762 3900 seipsum
1811 3831 2190 3900 reprehendit,
2237 3839 2382 3905 quod

817 3929 936 3980 sine
983 3925 1062 3977 ira
1094 3937 1208 3977 rem
1259 3921 1488 3991 gesserit
1517 3938 1532 3974 :
1564 3929 1619 3975 et
1645 3929 1747 3983 est,
1795 3920 1889 3990 qui
1917 3920 2018 3976 sibi
2055 3921 2158 3994 ipsi
2190 3925 2376 3982 irasci-

2400 3229 2448 3290 ο

2461 626 2770 696 φοϐηθῶσιν
2803 643 2817 656 ·
2866 629 2898 698 ἡ
2940 626 2996 680 δὲ
3044 627 3119 698 μὴ
3147 627 3310 697 ὁμοία
3345 623 3478 681 οὖσα
3514 628 3705 699 ταύτῃ,
3759 630 3859 682 οὐκ
3909 629 4016 682 ἐστι

2460 719 2698 772 παιδεία.

2691 809 2946 876 Σχόλιον
2977 807 3083 861 τοῦ
3121 809 3293 877 ἁγίου
3347 809 3685 862 Ἀντωνίου.
3733 810 3797 862 0'.

2545 901 2667 954 Ἐπὶ
2698 903 2810 963 τοῖς
2854 901 3260 971 ἁμαρτάνουσιν
3292 902 3351 953 οὐ
3386 901 3488 972 χρὴ
3534 901 3868 979 ὀργίζεσθαι,
3931 902 4020 954 κᾶν

2464 993 2782 1063 ἐγκλήματα
2825 988 2935 1045 εἷεν
2967 991 3034 1044 τὰ
3069 989 3320 1063 δρώμενα
3375 993 3501 1060 παρ’
3543 991 3724 1044 αὐτῶν
3755 993 4020 1053 κολάσεως

2465 1084 2593 1151 ἄξια
2629 1101 2644 1116 ο
2678 1083 2814 1136 ἀλλὰ
2839 1084 2962 1146 τοὺς
2993 1083 3093 1153 μὲν
3131 1083 3419 1145 πταίοντας
3439 1082 3525 1135 διὰ
3549 1084 3610 1135 τὸ
3648 1083 3855 1136 δίκαιον
3895 1083 4018 1134 αὐτὸ

2465 1178 2815 1248 ἐπιστρέφειν
2835 1175 3122 1245 ὀφείλομεν
3151 1189 3164 1202 ·
3193 1175 3286 1227 καὶ
3321 1174 3590 1236 κολάζειν,
3617 1175 3664 1226 εἰ
3689 1173 3833 1227 οὕτω
3858 1177 4021 1243 τύχοι,

2466 1270 2579 1324 εἴτε
2603 1271 2668 1324 δι’
2696 1270 2894 1334 αὐτῶν,
2922 1270 3031 1322 εἴτε
3058 1269 3124 1320 δι’
3154 1269 3355 1339 ἑτέρων
3377 1285 3389 1296 ·
3437 1266 3752 1338 ὀργίζεσθαι
3791 1268 3849 1320 δὲ
3879 1269 3910 1337 ἢ
3934 1268 4022 1320 θυ-

2471 1363 2702 1437 μοῦσθαι
2730 1365 2792 1418 οὐ
2825 1364 2929 1434 χρή
2955 1380 2968 1393 ·
3003 1361 3137 1416 διότι
3163 1363 3197 1431 ὴ
3237 1359 3374 1432 ὀργὴ
3395 1361 3537 1415 κατὰ
3566 1360 3736 1424 πάθος
3771 1362 3912 1411 ποιεῖ
3933 1360 4020 1428 μό-

2468 1477 2580 1526 νον,
2608 1459 2702 1513 καὶ
2730 1457 2792 1510 οὐ
2833 1457 2976 1510 κατὰ
3011 1455 3224 1526 κρίσιν,
3254 1453 3433 1508 καὶτὸ
3467 1454 3674 1506 δίκαιον
3695 1471 3708 1482 ·
3745 1453 3867 1506 ὅθεν
3914 1451 4025 1505 οὐδὲ

2467 1553 2595 1616 τοὺς
2616 1551 2766 1622 παρὰ
2790 1549 2850 1603 τὸ
2873 1549 2992 1602 δέον
3017 1548 3298 1611 ἐλεοῦντας
3326 1545 3686 1615 ἀποδέχεσθαι
3718 1547 3800 1599 δεῖ
3816 1565 3833 1574 λ
3867 1546 3952 1598 διὰ
3972 1543 4025 1596 δὲ

2469 1645 2532 1698 τὸ
2559 1643 2722 1698 καλὸν
2744 1641 2897 1702 αὐτὸ,
2922 1641 3017 1694 καὶ
3045 1641 3106 1692 τὺ
3132 1639 3361 1702 δίκαιον,
3394 1639 3498 1708 χρὴ
3525 1624 3884 1707 τιμωρεῖσθαι
3910 1639 4025 1698 τοὺς

2471 1734 2762 1804 πονηροὺς,
2793 1732 2888 1785 καὶ
2915 1731 2975 1784 οὺ
3008 1729 3096 1783 διὰ
3118 1729 3180 1782 τὸ
3212 1730 3410 1782 οἰκεῖον
3439 1725 3611 1788 πάθος
3645 1727 3745 1798 τῆς
3771 1726 3959 1792 ὀργῆς.

3087 1909 3344 1976 Σχόλιον
3371 1914 3422 1961 ι’.

2554 2001 2616 2054 '0
2643 2001 2816 2071 πρᾶος
2839 1999 3016 2072 ἑαυτῷ
3035 2017 3117 2065 τε,
3149 2001 3244 2054 καὶ
3273 2002 3386 2061 τοϊς
3412 1999 3640 2071 πλησίον
3665 2001 3872 2071 γαλήνη
3903 2001 4027 2054 καθ-

2473 2095 2670 2164 έστηκε
2692 2093 2807 2164 βίου
2832 2109 2846 2122 °
2873 2093 3233 2164 ὑποϐρυχίους
3253 2093 3310 2147 δὲ
3345 2094 3572 2158 πολλοὺς
3598 2093 3854 2163 ἐποίησεν
3873 2095 3908 2164 ἡ
3943 2093 4029 2162 6p-

2473 2186 2568 2258 γή,
2608 2187 2703 2240 καὶ
2728 2186 2833 2257 πρὸ
2861 2185 2969 2240 τῶν
2991 2186 3164 2240 ἄλλων
3197 2188 3321 2250 τοὺς
3351 2185 3759 2257 ὀργιζομένους.

3064 2280 3328 2346 Σχόλιον
3363 2283 3447 2330 ια’.

2557 2369 2875 2438 ’Λνάγνωθι,
2909 2369 3123 2441 άδελφὲ,
3155 2371 3253 2441 τὴν
3298 2370 3634 2442 Ἕξαήμερον
3664 2387 3755 2422 του
3804 2369 4034 2438 μεγάλου

2476 2461 2776 2526 Βασιλείου,
2803 2464 2899 2516 καὶ
2926 2464 3041 2517 ἐκεῖ
3070 2464 3321 2534 εὑρήσεις
3341 2464 3402 2516 τὸ
3430 2465 3559 2534 περὶ
3591 2463 3683 2516 τοῦ
3713 2463 3916 2524 ἐλαίου,
3951 2463 4037 2515 καὶ

2471 2555 2582 2608 τῶν
2633 2555 2893 2625 κυμάτων
2921 2553 3244 2625 θαυμασίως
3274 2555 3629 2627 ἐξηγημένον.
3672 2555 3934 2610 Ἐνταῦθα
3962 2556 4036 2619 δὲ,

2473 2649 2549 2712 ὡς
2576 2644 2752 2718 οἶμαι,
2784 2651 2814 2703 ὁ
2840 2650 2938 2720 τῆς
2970 2649 3235 2720 κλίμακος
3269 2649 3669 2720 τροπολογικῶς
3710 2650 4038 2720 ἐκλαμϐάνει

2473 2741 2536 2793 τὸ
2556 2745 2685 2814 περὶ
2713 2745 2809 2813 τῆς
2834 2742 3220 2814 ἀγριαινούσης
3249 2743 3520 2813 θαλάσσης
3539 2761 3554 2774 ·
3581 2742 3748 2798 ἀσκὸν
3772 2742 3832 2797 τὸ
3862 2741 4038 2812 σῶμα.

2475 2834 2654 2889 ἔλαιον
2699 2837 2802 2908 τὴν
2834 2837 3138 2909 πραότητα,
3168 2837 3388 2908 κύματα
3437 2837 3498 2890 τὸ
3542 2837 3762 2908 οἴδημα,
3812 2838 3912 2889 καὶ
3947 2837 4040 2905 τὴν

2474 2929 2798 3001 ἀγριότητα,
2830 2931 3032 2986 ὁλκάδα
3072 2931 3163 2984 τὸν
3192 2930 3440 3000 ἀδελφὸν,
3493 2931 3528 3001 ἥ
3559 2931 3659 3003 τὴν
3710 2930 4043 3002 ἀδελφότητα

2478 3021 2750 3095 σημαίνει.

3065 3294 3110 3344 Σ
3113 3293 3321 3360 χόλων
3365 3293 3454 3348 ιδ’.

2561 3381 2819 3454 Ὦργίσθη
2852 3383 2946 3437 ἐπὶ
2969 3382 3061 3437 τὸν
3086 3384 3276 3438 Νάὸαλ
3299 3385 3482 3450 Δαυῗδ,
3515 3385 3610 3440 καὶ
3637 3387 3736 3458 οὐχ
3765 3389 3852 3442 ὅτι
3883 3388 4046 3458 ὼργξ-

2481 3476 2607 3545 σθη,
2657 3475 2819 3530 πάλιν
2848 3475 3143 3547 ὠργίζετο·
3191 3477 3307 3531 ἀλλ’
3340 3479 3644 3549 εὐχαρίστει
3687 3483 3752 3552 τῇ
3800 3482 4050 3550 Ἀϐιγαία

2481 3567 2544 3632 ἐξ
2589 3569 2816 3638 αἵματος
2849 3568 3012 3622 αὑτοῦ
3051 3569 3148 3632 τὰς
3198 3573 3385 3640 χεῖρας
3413 3572 3712 3644 ῥυσαμένη.
3747 3573 3940 3626 Ἔστιν
3961 3570 4049 3626 οὖν

2483 3660 2545 3714 ιν
2587 3663 2654 3732 τῇ
2697 3661 2834 3732 ὀργῇ
2882 3663 3022 3716 κατὰ
3065 3661 3236 3727 πάθος
3272 3663 3613 3734 ὀργίζεσθαιο
3665 3664 3758 3719 καὶ⁸
3798 3664 3948 3719 ἔστιν
3994 3667 4051 3718 οὗ

2487 3753 2632 3807 κατὰ
2659 3754 2828 3817 πάθος
2847 3771 2863 3785 ο
2895 3755 2988 3808 καὶ
3019 3753 3136 3808 ἔστι
3165 3756 3475 3828 μέμφεσθαι
3509 3755 3702 3810 ἑαυτὸν
3731 3758 3816 3811 ὃτι
3840 3763 3904 3810 οὑ
3937 3758 4054 3811 κατ’

2486 3843 2658 3916 ὀργὴν
2683 3845 2967 3917 κινηθῆναι
2988 3845 3242 3918 ὡρμήθη.
3291 3848 3541 3919 ὶεάφορος
3572 3844 3667 3904 οὖν
3692 3850 3792 3921 τῆς
3820 3851 3996 3920 ὀργῆς
4025 3851 4056 3918 ἡ

2493 3935 2848 4006 μεταμέλεια,
2885 3935 2958 4000 ὡς
2989 3938 3258 4005 ἀναγνοὺς
3285 3937 3525 4014 μαθήσῃ.

817 4028 905 4070 tttr
936 4013 1082 4085 quod
1139 4021 1284 4068 totus
1329 4011 1382 4066 in
1421 4011 1559 4066 iram
1605 4013 1906 4069 exarserit:
1949 4021 2043 4069 aut
2104 4019 2249 4087 quod
2289 4019 2493 4094 impetu
2551 4028 2646 4082 ira;
2709 4028 2968 4099 abreptus
3034 4027 3218 4084 fuel-ii.
3283 4030 3442 4087 varia
3471 4011 3556 4088 έει
3596 4047 3726 4105 ergo
3772 4043 3837 4089 ιιι
3890 4037 4058 4090 lector

823 4107 1106 4176 intelligat,
1153 4106 1234 4160 ira
1277 4112 1332 4160 ct
1367 4105 1667 4175 plenitudo.

1405 4217 1656 4273 Scholion
1693 4219 1782 4275 15.

891 4307 986 4364 Hic
1036 4308 1090 4363 in
1134 4307 1316 4362 medio
1360 4309 1833 4378 perturbationum
1859 4313 2157 4370 certamine
2200 4331 2390 4374 versa-

820 4419 929 4466 tus,
966 4410 1144 4457 tacere
1192 4399 1380 4455 didicit
1417 4417 1433 4456 :
1484 4401 1572 4456 ille
1601 4403 1826 4473 strepitu
1869 4405 2209 4462 vinculorum
2248 4409 2388 4464 alni-

820 4506 942 4550 ctus
985 4502 1090 4559 est,
1142 4491 1364 4562 perinde
1407 4492 1566 4561 quasi
1613 4495 1770 4549 alteri
1827 4497 2086 4552 seandalo
2142 4499 2382 4557 fuisset:

823 4585 1016 4638 tertius
1088 4590 1424 4636 mactaturus
1483 4582 1686 4638 malum
1740 4582 2012 4650 aﬂ'ectum,
2071 4602 2172 4656 pro
2211 4589 2387 4644 salute

827 4673 1009 4727 fratris
1067 4671 1212 4742 luget
1262 4670 1523 4724 cbaritate
1566 4671 1768 4726 illatam
1827 4673 2179 4742 ignominiam
2234 4691 2382 4731 com-
2417 4657 2462 4712 Ι)

824 4764 1118 4833 pensando.
1183 4761 1279 4816 lllc
1327 4777 1455 4816 vero
1513 4761 1677 4815 etiam
1741 4763 1967 4833 strepitu
2023 4781 2122 4819 seu
2167 4764 2386 4821 fremitu

824 4855 1184 4916 vinculorum,
1209 4853 1322 4908 sive
1348 4852 1483 4907 adeo
1503 4864 1867 4922 contemnens_
1894 4857 2122 4914 vitiosos
2137 4857 2386 4924 allectus,

829 4958 888 5000 ut
921 4945 1129 5000 levibus
1163 4945 1486 5015 quibusdam
1535 4945 1771 5001 vinculis
1812 4947 1933 5002 illos
1965 4961 2244 5004 coerceret
2297 4950 2386 5020 (eo

829 5037 974 5106 quod
1016 5037 1162 5106 ipsos
1211 5034 1601 5107 contemneret)
1657 5037 1773 5092 sive
1799 5039 2061 5094 oratione
2115 5041 2228 5095 sive
2271 5043 2386 5096 sola

834 5125 1293 5180 interminatione.

3077 4217 3334 4286 Σχόλιον
3370 4214 3430 4285 ιγ’
3445 4258 3458 4270 .

2569 4304 2630 4358 '0
2677 4301 2772 4359 οὖν
2820 4305 2983 4361 ιστῶν
3029 4305 3098 4360 δι’
3144 4309 3372 4376 ἀγώνων
3415 4308 3486 4363 τὰ
3529 4309 3698 4380 πάθη,
3747 4312 4061 4383 occubant:

2486 4397 2788 4468 διδαχθείς
2817 4400 2847 4452 ὁ
2877 4398 2932 4451 δὲ
2966 4398 3200 4471 βρυλλιῳ
3222 4400 3435 4471 δεσμῶν
3465 4400 3782 4474 λελύπηται,
3805 4403 3885 4466 ὡς
3911 4405 4063 4458 ἀδελ-

2490 4491 2589 4559 φὺν
2623 4491 2977 4558 σκανδαλίσας
2997 4513 3009 4523 ·
3031 4495 3061 4547 ὁ
3087 4493 3147 4548 δὲ
3173 4495 3487 4550 ἀποκτενῶν
3511 4497 3648 4569 ὅπερ
3667 4499 3767 4569 τῆς
3790 4500 3888 4554 τοῦ
3921 4501 4064 4555 ἀδελο

2489 4583 2592 4651 φοῦ
2623 4583 2897 4653 σωτηρίας
2921 4584 3106 4639 πενθεῖ
3127 4586 3194 4638 δι’
3221 4587 3443 4657 ἀγάπης
3470 4589 3632 4642 αὐτὸν
3658 4590 4060 4663 άμειὸὁμενος’

2492 4677 2522 4728 ὁ
2567 4675 2625 4729 δὲ
2669 4677 2762 4728 καὶ
2811 4675 3047 4749 spuma,»
3076 4678 3324 4750 δεσμῶνο
3369 4682 3538 4752 ηγουν
3583 4685 3839 4738 τοσοῦτον
3894 4705 4060 4740 κατα-

2491 4766 2704 4838 φρονῶν
2730 4767 2841 4822 τῶν
2863 4768 3054 4823 παθῶν
3083 4771 3224 4824 ὥστε
3248 4774 3366 4842 μετ’
3391 4774 3622 4829 εὐτελῶν
3653 4793 3817 4829 τινων
3848 4776 4066 4847 δεσμῶν

2490 4860 2630 4913 αὐτὰ
2667 4861 2929 4931 συνέχων,
2956 4863 3045 4918 διὰ
3074 4863 3137 4917 τὸ
3166 4869 3544 4936 καταφρονεῖν,
3576 4868 3682 4921 εἴτε
3709 4869 3800 4922 διὰ
3826 4885 4065 4942 προσευ-

2493 4950 2617 5021 χῆς.
2657 4951 2767 5004 εἴτε
2793 4952 2881 5007 διὰ
2913 4954 3080 5024 μόνης
3113 4955 3519 5027 ἐμϐριμήσεως.

851 5200 4043 5247 __.______-_._———__—-——————-——-———————————————-—————-—i—v§

1398 5312 1681 5371 GRADUS
1733 5309 1823 5368 IX.

1104 5431 1176 5485 De
1195 5429 1449 5484 abolenda
1478 5427 1800 5497 injuriarum
1833 5423 2106 5477 memoria.

898 5524 1137 5579 Virtutes
1161 5522 1378 5593 quidem
1396 5529 1598 5575 sanctae
1630 5517 1889 5590 gradibus
1933 5514 2092 5570 scala:
2123 5511 2387 5569 Iacebat:

904 5698 950 5727 ³⁵
980 5694 1152 5764 lReg.
1184 5709 1310 5759 χιιι,
1330 5693 1366 5746 2
1399 5709 1551 5764 seqq.

3105 5297 3322 5351 ΛΟΓΟΣ
3359 5295 3436 5349 Θν.

2981 5410 3120 5480 Περὶ
3140 5410 3566 5481 μνησικακίας.

2565 5505 2632 5558 Ai
2660 5503 2760 5574 μὲν
2791 5503 2870 5573 (Ι)
2913 5505 3055 5558 ὅσιαι
3099 5503 3313 5576 ἀρεταὶ,
3341 5505 3406 5574 τῇ
3462 5503 3555 5555 τοῦ
3594 5501 3789 5554 Ἰακὼϐ
3832 5500 4063 5568 κλίμακι

905 5876 980 5942 (α)
1013 5874 1069 5926 S.
1105 5872 1334 5926 Basilius
1361 5891 1373 5925 :
1399 5871 1580 5927 Oleum
1622 5871 1674 5924 in
1706 5868 1872 5922 altam
1903 5881 2051 5934 uqna'
2103 5863 2406 5934 voraginem
2438 5861 2734 5917 immissum
2770 5864 3004 5918 illustrat
3042 5869 3213 5916 locum
3243 5872 3289 5914 et
3340 5860 3584 5914 τοτηνίκα
3607 5859 4061 5917 υιιτευίειεξιηιτιιις

836 5943 992 5999 Hom.
1016 5943 1053 5998 2
1077 5943 1129 5997 in
1156 5943 1407 5998 llexacnt.
