4210 6464
194 430 291 495 841

1200 431 1425 492 SCALA
1483 427 1853 490 PARADISI.
1877 452 1945 463 --
1968 427 2066 486 GR
2082 426 2269 479 ADUS
2295 425 2373 479 ΙΧ

3301 428 3405 494 8ίὲ

192 536 571 608 παρεοίκασιν,
611 536 669 589 ai
693 535 751 591 δὲ
781 534 984 590 ἀνόσιοι
1013 534 1222 600 κακίαι,
1253 538 1318 607 τῇ
1348 534 1535 588 ἁλύσει
1561 535 1629 594 τῇ
1656 533 1748 577 ὶδι-
1776 556 1787 590 Α

1854 531 2257 593 comparantur,
2290 524 2533 594 improba
2564 542 2694 581 vero
2735 531 2861 583 vitia
2900 548 3021 587 eum
3054 540 3264 596 catena.
3286 553 3408 608 qua:

192 629 436 701 πεσούσῃ
455 629 520 682 ὲκ
539 627 744 699 Πέτρου
764 628 859 682 τοῦ
892 627 1207 699 κορυφαίου.
1233 627 1322 679 Διὸ
1348 626 1406 670 ηδτ
1437 617 1535 686 μὲν
1562 616 1659 687 μία
1676 616 1743 684 τῇ

197 720 298 790 μιᾷ
317 719 648 772 συνδεθεῖσαι
663 722 742 782 είς
759 719 982 789 οὐρανὸν
997 717 1090 771 τὸν
1112 707 1362 782 ιςροαιρού
1371 724 1527 778 μενον
1546 707 1719 775 ἀναφέ
1730 736 1748 747 ·

197 826 411 877 ρουσιν·
434 813 488 863 αἱ
510 812 565 864 δὲ
591 811 750 883 ἑτέρα
776 813 875 877 τὴν
913 802 1103 873 ἑτέραν
1146 800 1339 870 γεννᾷν
1382 801 1477 853 καὶ
1519 798 1746 866 συσφίγο

193 917 314 967 γειν
344 901 666 970 πεφύκασιν,
700 900 786 948 Διὸ
804 894 896 947 καὶ
929 893 1243 963 ἠκούσαμεν
1270 891 1363 942 νῦν
1380 887 1474 943 τοῦ
1489 887 1748 942 ἀσυνέτου

195 990 369 1060 θυμοῦ
395 996 636 1060 γέννημα
656 986 823 1037 αὐτοῦ
850 985 1046 1036 οικεῖον
1076 983 1176 1052 τὴν
1200 979 1560 1053 μνησικακίαν
1578 979 1747 1049 ὑπάρ-

162 1072 176 1113 ί
195 1098 312 1151 χειν
341 1084 413 1149 φή
422 1093 624 1139 σαντος,
647 1075 768 1128 ὄθεν
794 1075 886 1127 καὶ
906 1072 1095 1144 καιροῦ
1129 1071 1224 1124 νῦν
1246 1069 1534 1131 καλοῦντος
1549 1069 1747 1138 ἀρτίως

196 1170 323 1236 περὶ
352 1164 522 1235 αὐτῆς
554 1164 815 1235 εἴπωμεν.
849 1162 1195 1232 Μνησικακία
1229 1160 1348 1214 ἐστὶ
1384 1158 1555 1229 θυμοῦ
1580 1158 1747 1211 κατά-

193 1257 366 1325 ληξις,
392 1255 803 1326 ἁμαρτημάτων
831 1252 1020 1323 φύλαξ,
1046 1250 1386 1319 δικαιοσύνης
1413 1251 1587 1320 μῖσος,
1619 1251 1747 1317 ἁρεο

191 1347 301 1400 τῶν
338 1347 604 1410 απώλεια,
656 1346 733 1409 ib;
773 1345 966 1415 ψυχῆς.
1004 1342 1217 1414 σκώληξ
1260 1341 1398 1407 νοὸς,
1444 1338 1751 1412 προσευχῆς

190 1438 424 1509 αισχύνη
457 1438 555 1507 (‘2),
584 1436 820 1509 δεήσεως
857 1437 1063 1506 ἑκκοπή
1085 1451 1100 1465 ·
1129 1434 1348 1504 ἀγάπης
1378 1429 1748 1501 ἀλλοτρίωσις,

191 1530 369 1598 ψυχῆς
415 1524 542 1600 ἧλος
567 1526 831 1599 πεπηγὼς
847 1569 863 1593 ,
893 1528 1142 1588 ἁνόδυνος
1171 1524 1421 1595 αἴσθησις
1447 1525 1506 1576 ὲν
1531 1520 1751 1592 ήδύτητι

193 1622 419 1691 πικρίας
448 1620 805 1689 ἀγαπωμένη,
837 1617 1086 1689 διηνεκὲς
1120 1616 1382 1687 ἁμαρτία,
1411 1614 1616 1675 ἄυπνος
1644 1628 1748 1665 πα-

191 1731 448 1780 ρανομά.
501 1711 743 1781 καθωρο,
793 1712 977 1765 κακία.
1017 1711 1111 1764 Ἓν
1141 1713 1235 1764 καὶ
1263 1707 1420 1762 τοῦτο
1457 1703 1750 1765 σκοτεινὸν,

188 1804 288 1857 καὶ
328 1807 486 1870 αηόες
530 1803 715 1867 πάθος,
756 1801 897 1871 λέγω
937 1802 1003 1874 δὴ
1035 1803 1095 1854 τὸ
1120 1801 1219 1872 τῆς
1251 1797 1614 1869 μνησικακίας
1644 1793 1752 1846 τῶν

190 1901 546 1967 γεννωμένων
577 1896 668 1952 καὶ
704 1897 765 1948 οὐ
799 1897 877 1966 (5)
902 1891 1231 1964 γεννώντων,
1256 1890 1291 1962 ἢ
1322 1890 1414 1944 καὶ
1443 1901 1753 1954 γεννωντων
1787 1867 1828 1923 Β

189 1990 560 2058 καθέστηκεν·
620 1988 738 2042 ac",
791 1987 918 2058 περὶ
976 1984 1138 2039 αὐτοῦ
1185 1987 1244 2031 οὐ
1295 1979 1522 2032 πλεῖστα
1572 1976 1751 2045 λέγειν

186 2082 511 2151 βοιαὶιῖμεθτι.
573 2081 632 2134 Ὀ
673 2081 888 2136 παύσας
926 2071 1094 2144 ὀργὴν
1139 2072 1315 2127 ἀνεῖλε
1350 2069 1745 2141 μνησικακίαν·

183 2191 285 2226 του
316 2176 422 2243 γὰρ
456 2173 657 2244 πατρὸς
706 2168 905 2226 ςώντος
930 2163 1243 2233 τεκνογονία
1287 2161 1524 2227 γίνεταιο
1553 2164 1583 2216 ό
1621 2177 1752 2231 κτη-

190 2267 427 2334 σάμενος
468 2262 708 2329 ἀγάπην,
741 2256 1043 2323 ὲξενίτευσε
1084 2252 1301 2326 μήνιδος
1323 2270 1337 2283 ·
1386 2255 1416 2307 ὁ
1446 2253 1504 2307 δὲ
1534 2250 1749 2321 ἐχθραί-

186 2373 315 2412 εων,
352 2350 548 2411 κόπους
587 2347 848 2418 ἀκαίρους
884 2344 1062 2415 ἐαυτῷ
1104 2340 1474 2414 συναθροίζει*
1506 2337 1752 2412 τράπεζα

183 2445 528 2516 ἁπρὸσεκτος
563 2456 643 2512 ia)
675 2440 858 2511 μήτηρ
892 2435 1223 2508 παρρησίας,
1270 2434 1364 2488 καὶ
1403 2432 1492 2487 διὰ
1539 2430 1751 2502 θυρίδος

183 2537 411 2605 ἀγάπης
438 2533 757 2604 εἰσπηδήσει
790 2529 1218 2601 γαστριμαργία.
1251 2523 1404 2581 Εἶδον
1432 2527 1585 2596 μίσος
1612 2539 1751 2592 πορ-

186 2646 341 2690 νειας
364 2626 559 2697 δεσμὸν
580 2626 791 2696 χρόνιοι
816 2623 1134 2695 διαρᾕξαι,
1162 2622 1257 2675 καὶ
1282 2618 1361 2690 (4)
1390 2615 1751 2689 μνησικακίαν

187 2724 309 2779 ἐκεῖ
337 2721 569 2789 ἁδεσμον
595 2718 756 2773 αὑτὸν
801 2716 895 2769 τοῦ
924 2713 1108 2769 λοιποῦ
1156 2711 1469 2783 παραδόξως
1499 2708 1750 2778 διατηρή-

190 2827 397 2865 σασλν·
435 2808 479 2860 θ’
509 2807 742 2876 υμαστὸν
769 2806 949 2877 ὅραμα
977 2802 1197 2875 [θέαμα.
1231 2801 1283 2856 al
1333 2797 1606 2871 πρᾶγμα],
1630 2798 1749 2851 δαί-

193 2920 338 2975 μονα
357 2901 446 2952 τὸν
465 2900 695 2970 δαίμονα
726 2896 971 2966 ἰώμενον.
1004 2894 1175 2949 Τοῦτο
1201 2894 1258 2947 δὲ
1282 2893 1411 2957 ἴσως
1439 2893 1598 2964 εργον
1614 2890 1749 2945 Θεοῦ

189 2988 571 3057 οἰκονομικῶς,
609 2987 703 3039 καὶ
742 2985 802 3037 οὐ
851 2984 1118 3054 δαιμόνων
1166 2981 1489 3051 καθέστηκε.
1519 2978 1752 3050 Μακρὰν

197 3082 311 3135 ἀπὸ
340 3080 561 3151 ἀγάπη·
603 3096 663 3131 στ
699 3078 834 3149 (ρᾶς
860 3078 1095 3145 φυσικῆς
1135 3072 1485 3143 μνησικακία,
1515 3072 1753 3143 εὐχερῶς

1847 615 1915 669 de
1970 615 2116 670 Petri
2187 616 2447 687 principis
2487 621 2853 687 apostolorum
2914 637 3141 692 corpore
3184 627 3405 691 decidit,

1847 717 2274 777 componuntur.
2313 707 2496 779 Itaque
2541 709 2646 764 illa:
2691 713 2834 767 velut
2877 716 3064 769 annuli
3094 718 3406 788 singillatim

1849 799 1988 854 inter
2018 814 2077 855 sc
2108 799 2266 870 182
2316 815 2574 857 connexzc
2600 803 2810 859 virtutis
2853 807 3158 863 studiosum
3199 813 3265 868 ad
3308 804 3413 869 cm-

1850 890 1960 944 lum
2019 889 2271 945 elferunt.
2318 890 2442 946 ilmc
2489 908 2619 948 vero
2667 894 2831 950 altera
2858 900 3080 955 alteram
3132 917 3318 972 parere
3354 915 3410 961 et

1849 981 2219 1050 constringere
2246 981 2402 1037 solet.
2435 984 2775 1056 Quapropter
2800 1002 2924 1043 eum
2952 991 3059 1060 iam
3085 993 3409 1063 iniuriarum

1853 1071 2194 1135 memoriam,
2230 1070 2399 1128 fetum
2432 1077 2707 1145 pr0prium
2757 1079 2880 1134 irati
2920 1090 2975 1135 ct
3000 1087 3233 1140 amentis
3290 1090 3410 1142 ani-

1852 1163 1923 1216 mi
1959 1162 2077 1231 ipso
2104 1162 2304 1219 fatente
2363 1165 2803 1235 intellexerimus,
2848 1172 2998 1228 locus
3033 1192 3175 1231 nunc
3225 1190 3411 1237 monet

1856 1264 1914 1309 ut
1938 1258 2004 1310 de
2040 1257 2129 1313 illa
2181 1267 2599 1329 pertractemus.
2652 1261 2976 1331 iniuriarum
3028 1272 3288 1325 memoria
3329 1282 3413 1326 cst

1851 1347 2022 1402 cauda
2084 1354 2138 1404 in
2185 1365 2350 1420 quam
2393 1352 2471 1406 ira
2523 1353 2755 1415 dcsinit,
2806 1367 3148 1425 peccatorum
3206 1372 3409 1423 custos.

1852 1439 2036 1493 odium
2079 1440 2336 1510 iustitiae,
2401 1445 2570 1512 pestis
2631 1446 2934 1513 virtutum,
2990 1451 3138 1506 virus
3187 1454 3410 1515 animm.

1853 1531 2053 1584 vermis
2092 1532 2322 1597 mentis,
2377 1535 2710 1603 precationis
2748 1538 2922 1605 pudor
2948 1578 2964 1601 ,
3009 1541 3272 1597 orationis
3318 1561 3413 1597 ex-

1853 1619 2183 1685 terminatio,
2232 1623 2514 1678 cliaritatis
2573 1628 2806 1694 aversio,
2836 1628 3022 1685 clavus
3062 1633 3257 1688 animm
3295 1634 3414 1689 inli-

1855 1726 1979 1773 xus.
2011 1711 2187 1768 dulcis
2208 1728 2403 1770 sensus
2434 1719 2731 1784 amaritics,
2764 1729 3082 1789 perpetuum
3110 1735 3413 1792 peccatum.

1853 1804 2075 1872 pervigil
2109 1804 2390 1873 iniquitas,
2431 1812 2685 1862 continua
2735 1811 2961 1865 malitia.
3022 1811 3201 1868 Unum
3225 1826 3280 1869 et
3315 1816 3414 1870 hoe

1852 1907 1914 1947 ex
1956 1894 2206 1950 obscuris
2243 1906 2298 1951 et
2346 1898 2590 1955 tristibus
2638 1902 2781 1956 vitiis
2827 1912 2931 1964 cst,
2986 1907 3281 1967 memoriae.
3334 1908 3415 1961 in-

1850 1998 2036 2054 quam,
2065 1986 2409 2056 iniuriarum,
2442 1991 2585 2059 quod
2617 1993 2852 2062 gignitur
2885 2003 2939 2049 et
2970 2010 3078 2051 non
3126 1998 3297 2067 gignit
3333 2001 3409 2052 vi-

1852 2079 1948 2144 tia,
2005 2090 2100 2134 aut
2132 2080 2293 2135 etiam
2328 2081 2546 2153 gignere
2608 2083 2745 2138 solet
2777 2102 2789 2135 -.
2821 2094 3152 2155 quapropter
3208 2104 3316 2142 nun
3348 2091 3414 2142 li-

1852 2170 2240 2240 betcopiosins
2270 2173 2336 2227 de
2365 2172 2459 2227 illo
2506 2172 2801 2244 disputare.
2855 2174 2958 2242 Qui
3010 2176 3145 2231 iram
3198 2193 3416 2246 cumpc-

1852 2262 2015 2324 scuit,
2042 2263 2203 2318 simul
2247 2264 2561 2319 memoriam
2604 2265 2922 2336 iniuriarmn
2967 2268 3243 2324 exstinxit.
3284 2271 3415 2325 Viro

1849 2359 1992 2412 enim
2024 2367 2175 2427 patre
2223 2373 2552 2430 generantur
2580 2360 2751 2414 liberi.
2806 2360 2908 2426 Qui
2940 2361 3258 2417 cliaritatem
3289 2377 3417 2433 pos-

1856 2448 2026 2513 sidrt,
2080 2451 2325 2505 eliminat
2378 2451 2763 2506 iracundiam:
2807 2450 2900 2521 qui
2929 2450 3240 2508 inimicitias
3296 2455 3414 2519 alit,

1851 2538 2196 2609 importunos
2214 2540 2318 2594 sibi
2341 2541 2552 2596 labores
2573 2551 2723 2597 creat
2758 2541 3065 2616 [cumulat].
3096 2544 3415 2601 Convivium

1852 2633 2057 2687 amoris
2084 2631 2412 2706 [charitatis]
2460 2634 2619 2689 solvit
2650 2634 2836 2690 odium
2862 2652 2878 2700 ;
2933 2645 3080 2691 casta
3110 2653 3334 2692 munera
3360 2649 3416 2693 et

1853 2724 2065 2779 sincera
2098 2725 2314 2795 placant
2344 2734 2399 2781 et
2426 2727 2763 2797 permulccnt
2788 2728 3049 2782 animam.
3082 2727 3263 2785 Mensa
3294 2746 3416 2801 qua:

1852 2814 2215 2889 frugalitatem
2249 2822 2492 2892 ncgligit,
2540 2830 2625 2877 est
2682 2837 2880 2892 parcns
2928 2824 3176 2889 licentiae,
3235 2833 3290 2880 et
3322 2842 3417 2897 per

1852 2911 2089 2982 speciem
2117 2911 2399 2968 cliaritatis
2448 2922 2704 2984 tanquam
2754 2928 2855 2984 per
2903 2913 3192 2971 fenestram
3250 2918 3416 2974 insilit

1855 3004 1983 3076 gula
2003 3013 2059 3061 et
2081 3006 2284 3060 ventris
2306 3006 2592 3076 ingluvies.
2617 3007 2737 3063 Vidi
2763 3023 2865 3078 ego
2885 3025 2980 3080 per
2994 3011 3178 3066 odium
3206 3012 3417 3067 diutur-

1854 3112 1985 3153 num
2006 3099 2222 3153 veneris
2244 3114 2440 3154 nexum
2470 3101 2780 3172 abruptum,
2797 3103 3143 3175 solutumque
3168 3105 3241 3161 ibi
3262 3104 3416 3160 dein-

190 3174 253 3228 δὶ
274 3172 499 3244 πορνεία
526 3170 812 3239 πλησιάζε.
834 3169 990 3239 αὐτῇο
1012 3166 1106 3221 καὶ
1123 3166 1199 3238 (5)
1223 3163 1521 3267 λεληθότως
1541 3164 1671 3267 ὁρᾷς
1693 3166 1751 3267 εν
1778 3217 1787 3260 1

1854 3198 1982 3254 ceps
1999 3198 2094 3253 per
2110 3185 2430 3256 iniuriarum
2449 3163 2873 3245 recordationem
2897 3163 3089 3260 praeter
3102 3190 3413 3262 opinionem

192 3266 497 3335 περιστερᾷ
546 3261 789 3332 φθεῖραν.
849 3257 1214 3330 Μνησικακῶν
1262 3256 1586 3327 μνησικάκει
1634 3254 1751 3308 δαί-

195 3375 350 3432 μοσι,
397 3360 491 3410 καὶ
538 3355 836 3427 ἐχθραίνων
866 3352 1113 3423 ἐχθραινε
1146 3349 1223 3420 τῷ
1254 3348 1465 3420 σώματι
1494 3348 1582 3403 διὰ
1619 3366 1756 3404 παν·

192 3451 308 3512 τός.
372 3448 665 3518 Ἀγνὼμιιν
697 3446 791 3499 καὶ
835 3445 1001 3508 δόλως
1043 3443 1195 3512 φίλος
1236 3443 1273 3514 ἡ
1319 3441 1488 3511 σάρξο
1525 3440 1621 3495 καὶ
1664 3439 1755 3494 θε-

195 3540 567 3614 ραπευομένη,
613 3537 875 3609 μειζόνως
922 3537 1095 3590 ἀδικεῖ
1115 3552 1131 3567 ο
1167 3536 1434 3606 γραφικὸς
1474 3533 1754 3604 ὐφηγητὴς

199 3633 565 3706 μνησικακέα’
599 3628 734 3701 πρὸς
759 3627 859 3700 τὴν
890 3627 1025 3682 ἰδίαν
1056 3625 1257 3696 εἴδησιν
1284 3625 1352 3680 τὰ
1380 3624 1476 3678 τοῦ
1503 3626 1753 3694 Πνευμαέ

194 3742 290 3788 τος
333 3723 489 3790 λόγια
536 3719 870 3791 ἀλληγορῶν.
924 3717 1232 3788 Δίσχυνέτω
1276 3716 1439 3771 αὐτὸν
1496 3713 1670 3786 ἰησοῦ
1718 3716 1754 3786 ἡ

196 3814 498 3889 προσευχὴ,
525 3815 594 3884 ἦν
618 3812 797 3880 λέγειν
830 3811 927 3865 σὺν
955 3809 1103 3882 αὐτῷ
1129 3810 1191 3864 οὐ
1218 3808 1492 3880 δυνάμεθα
1513 3825 1528 3838 ·
1559 3806 1758 3869 ὁπόταν

197 3905 371 3958 πολλὰ
411 3902 716 3966 πυκτεύσας
750 3902 814 3956 τὸ
843 3900 1047 3955 σκῶλον
1083 3898 1331 3954 διαλῦσαι
1375 3901 1454 3963 είς
1504 3898 1655 3960 τέλος
1693 3896 1756 3950 οὐ

193 3997 445 4059 δύνασαι,
496 3994 742 4065 μετανόει
786 3992 865 4065 τῷ
912 3991 1109 4065 ἐχθρῷ,
1144 3992 1250 4046 κᾶν
1293 3991 1370 4064 τῷ
1411 3992 1659 4062 στόματι,
1688 3991 1756 4045 ἶν’

194 4092 286 4144 ἐπὶ
324 4093 464 4142 πολὺ
504 4088 794 4159 ὑπόκρισιν
823 4090 922 4155 την
966 4085 1102 4156 πρὸς
1153 4084 1315 4139 αὐτὸν
1352 4083 1631 4147 αἰδεσθεὶς.
1667 4101 1756 4137 τε-

193 4182 359 4246 λείως
385 4181 460 4253 (h)
489 4180 722 4250 ἀποδέξῃ
757 4177 861 4231 ὑπὸ
887 4175 981 4230 τοῦ
1011 4175 1325 4239 συνειδότος,
1353 4175 1429 4238 ὡς
1455 4175 1561 4228 ὑπὸ
1589 4175 1756 4246 πυρὸς

194 4275 524 4345 νυττόμενος
542 4290 557 4304 ο
587 4273 707 4325 τότε
732 4269 915 4343 γνώσῃ
946 4270 1136 4323 ἑαυτὸν
1163 4273 1259 4342 τῆς
1298 4269 1583 4339 σηπεδόνος
1621 4269 1752 4322 ταύο

191 4385 296 4437 της
323 4364 741 4433 ἀπαλλαγέντα’
785 4363 882 4433 οὐχ
930 4362 1057 4415 ὅταν
1081 4361 1245 4431 ,ὑπὲρ
1288 4360 1381 4415 τοῦ
1423 4361 1758 4432 λυπήσαντος

193 4455 329 4526 εὔξῃ
348 4473 361 4484 ·
401 4455 510 4507 οὐδ’
538 4454 664 4506 ὅταν
696 4452 858 4506 αὐτὸν
898 4452 1090 4521 δώροις
1125 4453 1427 4524 ἀνταμείψῃ
1446 4469 1462 4485 ο
1493 4452 1602 4506 οὐδ’
1629 4454 1755 4506 ὅταν

1855 3277 2239 3345 permansisse.
2264 3277 2498 3348 Eratque
2519 3279 2898 3335 admirandum
2928 3284 3298 3352 spectaculum
3332 3286 3412 3340 κί-

1853 3367 1981 3423 dere
1994 3365 2295 3424 daemonem
2319 3384 2351 3423 a
2374 3372 2619 3426 daemone
2640 3381 2910 3427 sanatum.
2933 3373 3036 3429 Sed
3057 3375 3161 3431 hoc
3183 3375 3416 3432 fortasse

1853 3478 1962 3518 non
1990 3473 2100 3519 tam
2128 3467 2437 3519 daemonum
2465 3481 2628 3537 quam
2676 3466 2768 3520 Dei
2806 3467 2888 3524 sic
2920 3484 3033 3525 rem
3078 3471 3414 3542 disponentis

1853 3564 1991 3621 opus
2017 3560 2119 3607 est.
2158 3552 2317 3623 183
2345 3550 2670 3623 iniuriarum
2718 3557 2981 3612 memoria
3024 3559 3178 3615 valde
3206 3571 3412 3618 remota

1852 3653 1937 3698 est
1977 3643 2046 3697 ab
2072 3643 2241 3698 solida
2273 3653 2328 3698 et
2347 3644 2580 3714 genuina
2603 3645 2884 3711 charitate,
2913 3647 3002 3704 cui
3031 3647 3188 3705 facile
3213 3655 3413 3708 misce-

1855 3732 2212 3802 turimpurus
2231 3747 2405 3799 amor,
2425 3734 2878 3803 quemadmodum
2909 3737 2965 3791 in
2993 3738 3242 3794 columba
3270 3742 3410 3798 clam
3470 3782 3473 3787 ι

1853 3819 2228 3890 deprehendas
2274 3821 2661 3891 corruptelam,
2714 3820 2818 3888 Qui
2861 3838 2970 3878 non
3006 3823 3122 3878 vult
3166 3826 3410 3883 oblivisci

1855 3906 2121 3975 iniurias,
2155 3921 2364 3962 memor
2395 3910 2470 3962 sit
2511 3907 2834 3978 iniuriarum
2880 3909 2982 3965 sibi
3017 3926 3047 3965 a
3075 3911 3412 3971 daemonibus

1854 3999 2125 4055 illatarum
2152 4037 2169 4064 ,
2207 4007 2264 4055 et
2300 3999 2408 4056 illis
2448 4001 2737 4056 irascatur.
2784 3999 2888 4066 Qui
2935 4003 3247 4060 inimicitias
3299 4009 3411 4062 vult
3493 4075 3497 4079 ἢ

1853 4104 2143 4153 exercere,
2195 4105 2325 4161 erga
2363 4104 2523 4145 suum
2557 4106 2755 4158 corpus
2804 4095 2998 4163 quovis
3034 4097 3197 4151 modo
3243 4094 3414 4168 (velut

1854 4182 2152 4236 niaximum
2200 4179 2439 4251 hostem)
2464 4192 2730 4238 exerceat.
2770 4181 3019 4255 Ingratus
3038 4195 3093 4241 et
3120 4187 3412 4245 insidiosus

1854 4273 2065 4328 amicus
2090 4280 2176 4328 est
2215 4287 2434 4342 corpus,
2460 4275 2602 4343 quod
2626 4287 2735 4344 quo
2766 4274 2938 4346 magis
2967 4274 3136 4341 fores,
3166 4278 3272 4333 hoc
3299 4295 3413 4335 ma-

1858 4362 1942 4433 gis
1974 4370 2025 4417 te
2072 4366 2369 4432 impugnat.
2402 4360 2680 4418 Pessimus
2714 4362 3008 4434 Scriptura
3048 4382 3218 4425 sacrae
3245 4369 3411 4427 inter-

1855 4470 1985 4525 pres
2011 4463 2098 4510 est
2142 4453 2449 4509 recordatio
2489 4454 2836 4524 iniuriarum,
2872 4474 2996 4528 qua:
3021 4458 3256 4531 Spiritus
3282 4478 3410 4519 san-

194 4549 289 4601 ἐπὶ
315 4545 595 4617 τράπεζαν
636 4546 773 4616 ἄγῃς
793 4560 806 4573 ·
838 4543 951 4595 ἀλλ’
979 4544 1107 4596 ὅταν
1141 4543 1302 4597 αὐτὸν
1331 4543 1363 4614 ἢ
1393 4546 1452 4597 ὲν
1475 4546 1586 4607 τοῖς
1617 4544 1759 4598 κατὰ
1784 4539 1787 4594 ξ

1858 4546 1933 4601 cti
1992 4546 2211 4602 oracula
2263 4544 2332 4601 ad
2373 4561 2533 4601 suum
2572 4562 2793 4604 sensum
2849 4550 3014 4606 trahit
3064 4560 3119 4607 et
3155 4554 3407 4623 explicat.

191 4638 400 4709 ψυχὴν,
432 4635 467 4705 ἢ
500 4636 810 4705 σωμαςικὴν
845 4633 1123 4704 συμφορὰν
1150 4632 1438 4703 δεξάμενον
1481 4635 1718 4710 ἀκούσῃς
1739 4652 1753 4666 ο

192 4732 295 4786 καὶ
334 4730 411 4792 ὡς
448 4727 531 4797 ἐφ’
567 4724 765 4796 ἐαυτῷ,
794 4725 1054 4795 όδυνηθῇς
1089 4728 1183 4778 καὶ
1210 4724 1506 4800 δακρύσῃς.
1547 4729 1750 4800 Μνησί.

192 4826 368 4884 κακός
404 4819 712 4891 ήσυχαστὴς
750 4817 1137 4887 ἐμφωλεύουσα
1180 4816 1379 4882 ἀσπὶς,
1415 4820 1492 4871 ίδν
1526 4819 1755 4888 θανατη-

193 4916 367 4985 φόρον
415 4913 471 4964 ὲν
518 4912 682 4980 ἑαυτῇ
732 4923 1130 4980 αιτεριιλεερουαια⁸
1187 4907 1375 4979 μνῆμα
1418 4909 1755 4981 παθημάτων

206 5002 388 5077 Ἰησοῦ
443 5003 649 5055 ίάσεται
685 5000 1044 5071 μνησικακίαν
1072 5001 1137 5054 ὲκ
1168 4999 1268 5070 τῆς
1295 4999 1459 5054 αὑτοῦ
1498 5000 1753 5066 ἀνεξικα-

192 5097 324 5157 κίας
376 5092 607 5165 ἰσχυρῶς
663 5091 1072 5161 αἰσχυνομένην.
1124 5090 1277 5162 Ξύλῳ
1317 5089 1499 5162 σαθρῷ
1545 5091 1752 5147 ἔνδοθεν

194 5186 642 5240 ἑναποτίκτονται
673 5182 951 5252 σκώληκες
970 5199 984 5215 ·
1010 5180 1102 5234 καὶ
1129 5180 1449 5254 πραοτάτοις
1483 5184 1576 5237 καὶ
1620 5185 1749 5253 ἡσυ-

192 5276 333 5345 χίοις
365 5272 539 5335 νόθοις
571 5270 922 5339 συγκολλᾶται
952 5274 1128 5341 μῆνις.
1168 5270 1227 5323 '0
1246 5269 1562 5326 ἀποϐάλλων
1585 5271 1752 5342 αὐτὴν

192 5361 356 5438 εὗρεν
386 5365 597 5432 ἄφεσιν,
616 5362 646 5414 ὁ
675 5363 730 5416 δὲ
758 5361 1229 5432 προσκολλώμενος
1251 5364 1409 5434 αὐτῇ.
1455 5363 1751 5435 Ἐστερήθη

192 5455 530 5526 οἰκτιρμῶν*
577 5453 658 5514 εἰς
693 5452 886 5513 πόνους
918 5452 1009 5504 καὶ
1039 5451 1263 5522 ἱδρῶτας
1289 5451 1378 5505 διὰ
1405 5452 1752 5524 συγχώρησιν

195 5545 422 5609 ἑαυτούς
440 5562 583 5608 τινες
599 5541 952 5597 ἐκδεδιὶαασιν
969 5562 980 5571 ·
1005 5544 1375 5613 ἁμνησίκακος
1392 5544 1446 5598 δὲ
1462 5546 1600 5618 ἀνὴρ
1620 5564 1750 5618 προ-

263 5750 343 5817 (a)
387 5745 768 5817 ’Λπρόσεκτος.
825 5759 980 5813 cuius
1030 5743 1167 5798 ratio
1219 5759 1324 5799 non
1380 5746 1628 5812 habetur,
1675 5750 1740 5804 ad

197 5815 342 5885 quod
369 5831 476 5870 non
495 5815 812 5868 attenditur.

556 5930 819 5990 Pariter.
872 5934 958 5987 lit‘.
1036 5930 1133 5988 l.\'
1152 5930 1311 5989 XXV
1331 5931 1426 5992 Ill.

1860 4636 2153 4692 Erubescat
2175 4637 2264 4691 hic
2285 4652 2352 4691 ex
2383 4635 2582 4693 Christi
2624 4640 2932 4709 precatione
2965 4641 3059 4713 (ο),
3081 4658 3243 4712 quam
3266 4644 3409 4715 iniu-

1858 4729 2065 4781 riarum
2096 4742 2366 4784 memores
2402 4744 2522 4784 cum
2562 4728 2655 4790 illo
2701 4732 3052 4800 pronuntiare
3078 4748 3185 4788 non
3215 4749 3406 4804 possu-

1856 4832 1999 4873 mus.
2057 4817 2285 4884 Quando
2332 4818 2426 4873 diu
2474 4819 2813 4889 multumque
2844 4821 3098 4888 luctatus,
3154 4825 3298 4881 banc
3322 4835 3407 4881 ta-

1857 4923 1979 4963 men
2007 4908 2216 4978 spinam
2263 4910 2508 4978 stirpitus
2533 4911 2831 4967 convcllere
2865 4929 2973 4968 non
3000 4924 3171 4983 potes,
3214 4916 3405 4973 saltem

1854 4999 2034 5053 verbis
2079 4998 2300 5054 humilia
2340 5008 2392 5055 te
2423 5001 2566 5069 apud
2595 5002 2869 5057 ininucum
2889 5042 2906 5067 ,
2935 5005 3011 5059 uti
3042 5015 3152 5062 tute
3188 5008 3258 5063 ob
3289 5008 3407 5065 lon-

1855 5104 1974 5158 gam
2010 5099 2158 5143 tuam
2192 5089 2592 5155 simulationem
2638 5094 3073 5161 verecundatus,
3117 5107 3174 5152 et
3205 5113 3236 5153 a
3268 5114 3402 5155 con-

1854 5177 2079 5231 scientia
2105 5187 2355 5248 tanquam
2379 5178 2449 5233 ab
2478 5177 2600 5250 igne
2623 5180 2841 5235 assidue
2864 5181 3239 5239 exstimulatus
3257 5223 3273 5247 ,
3298 5183 3404 5239 lio-

1854 5278 1991 5325 stem
2023 5270 2237 5326 tandem
2265 5269 2499 5340 perfecte
2529 5271 2740 5339 diligas.
2796 5270 2948 5327 Tunc
2981 5288 3109 5328 vero
3138 5275 3402 5346 inte‘Jiges

1855 5367 1905 5414 te
1933 5359 2002 5413 ab
2044 5359 2147 5414 hac
2177 5359 2342 5413 animi
2398 5360 2682 5429 putredine
2735 5364 2947 5432 penitus
2988 5372 3259 5430 curatum,
3293 5382 3399 5420 non

1854 5458 2072 5527 quando
2102 5473 2200 5530 pro
2245 5473 2312 5513 eo
2339 5460 2433 5529 qui
2466 5470 2518 5514 te
2549 5460 2744 5530 iniuria
2782 5471 2879 5515 aut
2929 5462 3173 5517 molestia
3202 5462 3401 5528 all‘ecit,

1858 5555 2023 5610 fueris
2062 5564 2330 5626 precatus,
2362 5571 2540 5628 neque
2571 5557 2788 5629 quando
2835 5558 2982 5613 illum
3010 5557 3168 5615 donis
3207 5559 3402 5615 alfecc-

1920 5750 1997 5819 tb)
2029 5749 2215 5824 ‘hlarg.
2252 5751 2634 5824 postssitsiug,
2673 5752 2962 5824 ἀγαπήσῃς
2982 5753 3165 5810 αὐτόν.

1928 5824 1998 5889 te)
2028 5820 2423 5878 Dimitte’uobis
2450 5822 2627 5880 debita
2650 5820 2854 5878 nostra.

3079 5932 3155 6003 Ξῖ
