4210 6464
142 423 248 485 845

1155 422 1382 481 SCALA
1426 414 1801 481 PARADISI.
1826 434 1899 450 ·-·
1938 407 2243 469 GRADUS
2285 405 2352 463 Χ.

3267 405 3371 468 sto

138 536 324 588 ἄνετον
377 536 646 598 παντελῶς
691 536 784 604 τῆς
838 533 1086 606 πορνείας
1141 534 1564 604 διατηρήσασαν,
1611 530 1703 583 καὶ

1747 533 1778 583 Α
1809 523 1912 574 sibi
1941 519 2215 581 devinxit,
2252 516 2480 569 liberum
2515 517 2739 569 omnino
2777 515 2847 570 ab
2887 517 3103 572 luxuria
3149 532 3372 572 conser-

140 628 286 680 τόνδε
322 630 437 698 μετ’
464 628 630 696 αὐτῆς
650 627 832 682 ἅδε-τον
852 644 864 656 ·
902 625 1139 697 εὐχερῶς
1170 627 1269 695 μὲν
1303 628 1415 682 τοῖς
1447 617 1702 687 ἀγαπῶσι

139 721 365 791 πορνεῖα
415 719 813 790 ὲμφιλοχωρεῖ,
865 719 971 771 ἀπὸ
1022 718 1077 771 δὲ
1123 717 1226 770 τῶν
1284 708 1584 781 μισούντων
1627 707 1704 769 ὡς

138 812 477 883 πορρωτάτω
507 812 813 881 ἀφίσταται.

751 898 997 964 rythm-
1024 902 1084 946 ε’.

223 995 280 1047 ’0
313 994 472 1066 φθεὶρ
493 995 590 1066 τὴν
623 986 938 1060 περιστερὰν
961 986 1188 1057 δαμάζει
1221 990 1315 1038 καὶ
1347 985 1666 1054 λυμαίνεται
1693 1001 1698 1006 ·

135 1087 281 1139 οὕτω
334 1093 368 1158 ὴ
421 1082 638 1152 πςρνεία
669 1080 764 1150 τὴν
812 1080 1031 1148 ἀγάπην
1081 1077 1311 1145 δαμάζει
1367 1077 1459 1130 καὶ
1509 1076 1704 1146 λυμαίη

139 1197 305 1231 νεῖαι.

737 1264 989 1332 Σχόλιον
1038 1267 1108 1324 r_-'.

240 1372 283 1413 υ
307 1361 700 1430 χρεωφειλέτης
729 1357 834 1410 τῶν
861 1358 1068 1426 μυοίων
1095 1355 1370 1408 ταλάντων
1408 1351 1710 1404 παιδευέτω

144 1473 200 1505 σε
227 1471 238 1482 ·
271 1456 346 1515 ὡς
377 1454 423 1503 εί
461 1452 533 1521 μὴ
560 1451 788 1518 ἀφήσεις
814 1448 889 1518 τῷ
921 1448 1192 1519 ὀφειλὲτῃ,
1218 1445 1338 1498 οὐδὲ
1364 1445 1526 1507 αὐτὸς
1547 1443 1712 1516 τεύξῃ

135 1548 236 1613 τῆς
277 1545 553 1612 άφέσεως’
596 1541 878 1608 παρέδωκε
928 1539 1029 1608 γὰρ
1062 1539 1245 1595 αὑτὸν,
1280 1536 1434 1605 φησι,
1473 1537 1582 1597 τοῖς
1613 1534 1710 1600 βα-

140 1637 435 1698 σανισταίς.

836 1722 1042 1775 Ἄλλο.

214 1821 381 1872 Ιιὲνῖε
419 1818 554 1869 εἰσὶν
586 1817 635 1866 οἱ
670 1815 856 1882 τρόποι
888 1812 987 1880 τῆς
1025 1807 1338 1879 μετανοίας·
1375 1805 1714 1872 κατά“ί·ιωσις

138 1914 254 1965 τῶν
311 1909 739 1981 ἡμαρτημένων·
797 1906 856 1957 τὸ
911 1902 1126 1970 ἀφιέναι
1176 1902 1288 1960 τοῖς
1345 1897 1572 1968 πλησίον
1646 1897 1711 1949 τὰ

139 2006 517 2076 ἁμαρτήματα
539 2018 554 2031 ·
601 2003 660 2052 τὸ
695 1997 944 2068 εἰιχεσθαι
974 2013 983 2022 ·
1024 1994 1083 2047 τὸ
1113 1993 1279 2045 ἐλεεῖν
1301 2007 1315 2022 ·
1363 1990 1424 2042 τὸ
1465 2006 1708 2042 ταπεινο-

138 2102 380 2170 φρονεῖν.

442 2191 650 2257 Σχόλιι
665 2205 696 2234 ι·
740 2181 842 2235 τοῦ
887 2184 1059 2248 ἁγίου
1105 2180 1321 2233 Νείλου
1359 2177 1421 2238 ζ’.

219 2283 410 2350 Λέγει-ι
449 2279 552 2346 χρὴ
585 2274 672 2327 τὸν
715 2275 790 2345 μὴ
835 2271 974 2326 καλά
1003 2273 1326 2342 πράττοντα,
1366 2272 1510 2332 ὅπως
1543 2267 1708 2338 ἄρξη-

137 2392 257 2437 ται,
290 2374 395 2424 τῶν
427 2369 603 2440 ἔργων
632 2368 757 2430 τοὺς
793 2365 981 2434 λόγους
1008 2361 1410 2434 αἰσχυνόμενος.

1808 611 1974 672 vavit,
2004 609 2362 677 eumdemqnc
2386 620 2491 660 una
2516 621 2638 660 cum
2666 607 2780 676 ipsa
2803 621 2833 660 a
2855 608 3088 663 vinculis
3108 608 3370 664 absolvit:

1809 699 1964 755 facile
1992 699 2302 755 amantibus
2325 713 2384 752 se
2411 697 2590 752 Venus
2621 698 2895 762 insinuat,
2924 699 2994 754 ab
3020 699 3162 756 odiis
3188 710 3373 756 autem

1807 792 2122 864 longissime
2151 792 2318 848 abest.

2418 884 2665 940 Scholion
2703 883 2753 935 ii.

1881 977 2164 1031 Pcdiculus
2184 988 2340 1032 vexat
2365 978 2749 1046 ct.corrnmpit
2784 977 3125 1034 columbam:
3160 977 3371 1032 luxuria

1810 1069 2129 1124 cbaritatem
2163 1069 2338 1138 perdit
2364 1081 2417 1124 et
2439 1070 2635 1125 abolet.

2427 1242 2671 1298 Scholion
2708 1246 2759 1299 6.

1883 1338 1974 1392 Ille
2000 1338 2095 1406 qui
2122 1337 2307 1392 debuit
2346 1337 2533 1392 decem
2575 1337 2739 1391 millia
2790 1337 2986 1392 talenta
3007 1377 3024 1401 ,
3053 1339 3242 1394 doceat
3279 1346 3331 1393 te
3353 1380 3374 1406 ,

1811 1429 1956 1497 quod
1993 1428 2098 1484 nisi
2129 1429 2360 1484 debitori
2413 1439 2506 1484 tuo
2543 1429 2816 1484 remiseris
2843 1470 2858 1493 ,
2907 1445 3010 1486 nec
3051 1440 3109 1485 tu
3160 1433 3375 1488 veniant

1814 1520 2131 1590 impetrabis
2164 1543 2170 1571 ι
2213 1519 2436 1575 tradidit
2475 1521 2660 1576 enim.
2715 1521 2932 1591 inquit,
2979 1523 3156 1592 ipsum
3203 1534 3376 1581 torto-

1816 1613 1982 1665 ribus.

2501 1703 2681 1757 Aliud.

1886 1793 2139 1865 Quinque
2174 1804 2302 1848 sunt
2340 1794 2482 1850 modi
2518 1794 2849 1864 poenitentia:
2881 1813 2894 1849 :
2935 1795 3222 1851 detestatio
3253 1812 3379 1868 pec-

1747 1869 1786 1923 Β
1815 1898 2064 1942 calorum
2087 1887 2524 1949 commissorum,
2555 1887 2828 1942 remittere
2859 1887 3107 1957 proximo
3135 1901 3376 1958 peccata,

1817 1980 2062 2048 precari,
2103 1980 2347 2034 misereri
2391 1979 2620 2034 aliorum
2648 2019 2662 2041 ,
2703 1989 2756 2034 et
2793 1994 2853 2035 se
2895 1995 2993 2050 per
3021 1980 3378 2038 humilitatem

1817 2074 2139 2144 deprimere.

2264 2160 2511 2217 Scholion
2538 2164 2709 2216 sancti
2741 2160 2857 2216 Nili
2882 2164 2934 2219 7.

1891 2253 2048 2309 Decet
2078 2254 2304 2309 honesta
2333 2253 2481 2324 loqui
2510 2255 2672 2310 etiam
2705 2270 2828 2309 eum
2859 2255 2953 2324 qui
2979 2271 3085 2310 non
3120 2256 3249 2312 facit
3279 2257 3378 2312 bo-

1819 2357 1968 2402 nesta
1996 2388 2011 2412 ,
2047 2357 2108 2402 ut
2143 2346 2368 2418 incipiat
2399 2361 2526 2403 eum
2568 2363 2663 2416 per
2693 2349 2858 2403 verba
2885 2385 2900 2411 ,
2948 2349 3112 2405 etiam
3154 2363 3381 2419 operum

1819 2435 2041 2502 pudere.
2055 2458 2070 2523 ο

153 2562 3364 2600 ________________________________________._

777 2653 989 2707 ΛΟΓΟΣ
1028 2652 1082 2705 l'.

656 2771 791 2834 Περὶ
834 2764 1216 2832 καταλαλιάς.

219 2861 411 2922 Οὐδεὶς
446 2861 554 2912 τῶν
601 2857 1001 2929 εὐφρανούντων
1033 2855 1282 2928 ἀντείπῃ,
1311 2851 1487 2926 οἶμαι,
1535 2857 1611 2927 μὴ
1651 2858 1715 2910 ἐκ

141 2955 346 3025 μίσους
379 2953 472 3005 καὶ
514 2950 874 3021 μνησικακίας
903 2949 1002 3020 τὴν
1033 2947 1361 3001 καταλαλιὰν
1403 2947 1712 3002 τίκτεσθαι·

137 3046 226 3101 διὸ
258 3045 356 3098 καὶ
389 3042 525 3113 μετά
563 3043 688 3104 τοὺς
716 3041 888 3111 αὐτῆς
912 3039 1208 3111 προγόνους
1233 3041 1308 3103 ὡς
1338 3040 1398 3092 ὲν
1425 3037 1600 3110 εἰρμῷ
1625 3039 1715 3092 τέ.-

135 3154 366 3192 τακται.
420 3132 732 3187 Καταλαλιά
780 3133 928 3184 ἐστιν
958 3130 1253 3201 ἀποκύημα
1286 3129 1508 3202 μίσους·
1549 3129 1716 3202 λεπτὴ

2303 2631 2462 2700 186
2513 2631 2792 2688 GllAlllIS
2832 2634 2895 2687 Χ.

2389 2743 2462 2798 De
2493 2744 2828 2802 detractione.

1891 2829 2080 2898 Nemo,
2109 2835 2324 2903 opinor,
2353 2845 2497 2890 recte
2543 2839 2890 2895 sentientium
2929 2843 3136 2901 inlicias
3168 2847 3283 2913 ibit,
3315 2865 3384 2906 ex

1820 2923 1945 2977 odio
1970 2931 2025 2980 et
2053 2935 2283 2997 accepta:
2315 2928 2526 2998 injuriae
2555 2935 2820 2989 memoria
2859 2935 3248 2995 detractionem
3282 2957 3382 2999 ex-

1821 3013 2044 3079 sistere,
2095 3017 2173 3070 uti
2207 3017 2434 3087 proinde
2467 3030 2612 3076 recta
2651 3023 2794 3078 serie
2833 3037 2956 3094 post
2994 3027 3163 3098 ipsius
3192 3047 3384 3103 proge-

1819 3105 2024 3161 nitores
2051 3105 2164 3163 hare
2191 3109 2448 3166 collocata
2479 3113 2568 3168 sit.
2614 3114 2882 3172 Detractio
2910 3127 2992 3173 est
3020 3121 3131 3175 odii
3159 3136 3342 3192 partus
3364 3167 3380 3190 ,

137 3230 326 3294 νόσος,
352 3226 572 3296 παχεία,
603 3221 957 3296 κεκρυμμένη
986 3222 1080 3277 καὶ⁸
1121 3196 1458 3277 λανθάνουσα
1505 3196 1716 3292 βδέλλα,

1747 3229 1788 3284 C
1822 3196 2038 3253 subtilis
2065 3199 2306 3261 morbus,
2331 3217 2514 3258 crassa
2543 3212 2722 3261 tamen
2749 3207 2841 3262 sed
2870 3208 3063 3276 latens,
3089 3225 3143 3267 et
3171 3216 3385 3272 occulta

136 3323 370 3392 ἀγάπης
391 3317 748 3374 ὲκδαπανῶσα
769 3317 862 3370 καὶ
884 3313 1274 3385 ὲξαφανίζουσα
1297 3309 1436 3386 αἷμα
1457 3331 1470 3345 ·
1504 3314 1721 3384 ἀγάπης

138 3413 481 3482 ὑπόκρισις·
557 3409 782 3480 καρδίας
829 3407 1000 3478 ῥύπου
1047 3407 1139 3461 καὶ
1188 3407 1386 3478 βάρους
1429 3406 1718 3476 πρόξενος·

136 3504 456 3575 ἀφανισμὺς
489 3501 728 3570 ἁγνείας.
761 3499 969 3569 Ὠσπερ
998 3498 1104 3552 εἰσὶ
1139 3498 1373 3561 νεάνιδες
1405 3499 1480 3566 (l)
1514 3498 1720 3568 άπηρυο

139 3595 498 3668 θριασμὲνως
527 3593 596 3646 τὰ
643 3591 789 3644 κακά
840 3592 1212 3662 πράττουσαι·
1272 3590 1382 3642 είσὶ
1434 3590 1491 3643 δὲ
1539 3589 1721 3660 ἕτεραι

138 3687 453 3759 λεληθότως
478 3685 568 3740 καὶ
589 3681 1046 3753 αίδεστικωτέρως
1072 3679 1424 3753 χαλεπώτερα
1453 3681 1562 3734 τῶν
1589 3699 1723 3754 προς

139 3783 322 3852 τέρων
370 3775 740 3832 ἐπιτελοῦσαν
782 3773 954 3838 οὕτως
982 3775 1076 3828 καὶ
1119 3775 1210 3827 ἐπὶ
1247 3774 1356 3826 τῶν
1386 3773 1575 3827 παθῶν
1623 3777 1722 3846 τῆς

138 3868 382 3939 ἀτιμίας
431 3867 578 3920 ἐστιν
630 3866 776 3918 ἰδεῖν.
837 3864 904 3916 Ai
950 3861 1164 3927 πλείους
1213 3861 1434 3916 ὖπουλοι
1484 3862 1721 3927 νεάνιδες

136 3962 460 4032 ὑπόκρισις,
504 3957 759 4029 πονηρία,
807 3955 974 4026 λύπη,
1024 3955 1378 4025 μνησικακία,
1422 3955 1719 4009 καταλαλιά

136 4052 403 4123 καρδίας,
453 4048 588 4102 ἄλλα
619 4048 718 4118 μὲν
742 4045 820 4116 τῷ
856 4045 1032 4099 δοκεῖν
1070 4044 1472 4115 ὑποτιθέμεναι,
1509 4046 1642 4099 ἄλλα
1665 4045 1722 4099 δὲ

137 4143 578 4200 ἀποὸλέπονσαι.
644 4141 888 4193 Ἤκουσα
949 4137 1026 4209 (‘2)
1085 4137 1524 4192 καταλαλούντων
1547 4178 1562 4201 ,
1629 4139 1722 4191 καὶ

137 4237 382 4304 ἐπληξα,
414 4235 509 4289 καὶ
552 4231 710 4287 τοῦτο
736 4231 870 4304 πρὸς
897 4230 1188 4299 ἀπολογίαν
1218 4231 1265 4284 οἱ
1291 4230 1386 4283 τοῦ
1428 4230 1596 4284 κακοῦ
1627 4231 1720 4302 ἑρ-

136 4332 317 4400 γάται
351 4326 743 4399 ἀπεκρίναντο·
774 4323 848 4386 ὼς
877 4321 937 4386 ἐξ
960 4323 1179 4393 ἀγάπης
1207 4321 1299 4376 καὶ
1324 4322 1601 4392 φροντίδος
1626 4321 1721 4375 τοῦ

138 4419 455 4475 καταλαλου
465 4419 623 4489 μένου
644 4415 799 4469 τοῦτο
821 4413 1085 4468 ποιοῦσιν.
1115 4412 1256 4482 Ἐγὼ
1275 4412 1330 4466 δὲ
1345 4412 1526 4475 αὐτοῖς
1539 4429 1552 4443 ·
1573 4413 1720 4466 Παύ-

139 4510 342 4576 σασθε,
368 4511 524 4580 ἔφην,
555 4509 650 4579 τῆς
675 4506 925 4576 τοιαύτης
953 4505 1171 4575 ἀγάπης
1190 4521 1205 4534 ·
1235 4504 1322 4557 ἴνα
1351 4505 1426 4575 μὴ
1454 4503 1720 4576 ψεύσηται

1824 3287 2036 3356 birudo,
2069 3306 2189 3360 qua:
2212 3293 2491 3350 cbaritatis
2519 3298 2838 3367 sanguinem
2865 3300 3113 3358 exhaurit
3139 3315 3193 3359 et
3220 3307 3386 3363 absu-

1822 3379 1956 3435 mit:
1993 3384 2195 3439 amoris
2225 3385 2522 3450 simulatio,
2552 3397 2605 3442 et
2632 3389 2779 3444 cordi
2811 3393 3002 3449 sordes
3030 3403 3084 3450 et
3108 3399 3387 3456 conscien-

1824 3471 1912 3526 tize
1956 3488 2119 3544 grave
2180 3492 2318 3532 onus
2374 3482 2667 3544 conciliat,
2717 3485 3128 3557 castitatemque
3183 3491 3384 3550 abolet.

1825 3562 1968 3618 Sunt
2017 3569 2293 3624 nonnulla:
2331 3571 2753 3630 adolescentulus
2791 3591 2914 3646 qua:
2941 3577 3060 3634 sine
3089 3582 3194 3636 ulla
3234 3599 3387 3641 vere-

1822 3654 2017 3710 cundia
2053 3669 2278 3726 peccant
2319 3679 2332 3714 :
2389 3671 2511 3716 sunt
2542 3664 2660 3718 aliae.
2698 3681 2820 3736 quae
2863 3668 3002 3725 clam
3032 3679 3086 3726 et
3125 3688 3388 3732 verecun-

1821 3747 1941 3804 dius
1965 3789 1980 3811 ,
2031 3751 2122 3805 sed
2160 3751 2316 3823 longe
2343 3755 2558 3824 gravius
2596 3758 2867 3826 prioribus
2897 3762 3236 3834 delinquunt.
3281 3767 3388 3826 Par

1820 3848 1904 3894 est
1937 3840 2073 3896 ratio
2112 3843 2378 3898 malarum
2419 3847 2582 3900 animi
2617 3848 2962 3906 all‘cctionum
2994 3868 3090 3909 seu
3127 3857 3386 3916 vitiorum

1820 3929 2144 4000 ignominiae.
2176 3933 2366 3990 Plures
2413 3936 2518 3991 illa:
2567 3953 2796 4010 nequam
2836 3944 3025 4012 puellae
3059 3954 3186 4001 sunt
3215 3948 3388 4020 hypo-

1820 4022 1982 4078 crisis
2004 4063 2020 4088 ,
2075 4024 2279 4080 malitia
2303 4067 2319 4090 ,
2351 4027 2573 4084 tristitia
2594 4069 2610 4092 ,
2650 4045 2996 4102 acceptarum
3061 4037 3386 4108 injuriarum

1822 4114 2128 4171 recordatio
2151 4157 2167 4182 ,
2203 4117 2268 4172 de
2301 4117 2479 4174 alieno
2507 4122 2670 4177 corde
2694 4122 2963 4192 judicium
2995 4139 3048 4183 et
3077 4129 3344 4187 detractio
3367 4173 3385 4199 ,

1821 4221 1942 4276 qua:
1972 4207 2116 4263 aliud
2163 4210 2229 4264 ad
2271 4211 2504 4281 speciem
2542 4216 2882 4282 prmtendunt
2906 4258 2920 4284 ,
2958 4229 3011 4275 et
3038 4221 3184 4278 aliud
3215 4225 3388 4294 respi-

1819 4297 1970 4354 ciunt
2002 4309 2163 4368 atque
2193 4311 2379 4371 agunt.
2404 4300 2542 4358 Cum
2571 4304 2936 4364 obtrectantes
2963 4309 3085 4366 aliis
3118 4313 3387 4383 audirem,

1821 4403 1914 4442 eos
1942 4391 2178 4459 graviter
2199 4391 2464 4461 increpui,
2486 4393 2579 4463 qui
2613 4403 2668 4449 ut
2701 4395 2931 4466 improbi
2959 4399 3224 4456 malorum
3257 4417 3391 4458 con-

1823 4478 2132 4534 cinnatores
2165 4480 2477 4536 excusando
2531 4498 2590 4538 sc
2638 4484 2690 4538 id
2731 4499 2796 4539 ex
2839 4486 3105 4544 charitate
3153 4499 3206 4545 et
3257 4507 3392 4548 cura

133 4606 168 4657 ὁ
195 4569 471 4673 εἰρηκὼΙςί
499 4569 618 4655 Τὸν.
631 4569 1090 4653 παταλαλοῦκτα
1113 4569 1302 4664 λάθρα
1459 4569 1718 4663 πλησίον

1752 4575 1798 4632 1)
1826 4569 2019 4625 salutis
2042 4571 2185 4626 illius
2209 4573 2296 4627 cui
2327 4573 2729 4640 obtrectabant,
2767 4579 2870 4636 hoc
2909 4578 3087 4636 facere
3115 4582 3390 4641 dixerunt.

134 4713 178 4750 α
188 4693 361 4756 ὐτοῦ,
375 4692 587 4745 τοῦτον
599 4690 932 4756 ἑξεδίωκον.
949 4689 1010 4741 Ei
1025 4687 1200 4756 λέγεις
1214 4688 1450 4758 ἀγαπᾷν,
1465 4686 1624 4757 εὔχου
1641 4687 1721 4741 λε·-

133 4787 416 4858 ληθὸτως,
434 4782 530 4836 καὶ
546 4782 620 4851 μὴ
638 4781 852 4834 σκῶπτε
869 4779 958 4833 τὸν
972 4779 1138 4849 ἄνδρα
1150 4792 1164 4806 ·
1183 4773 1336 4840 οὗτος
1350 4778 1457 4849 γάρ
1473 4777 1502 4828 ὁ
1520 4777 1716 4848 τρόπος

133 4877 342 4937 δεκτὸς
375 4873 524 4944 παρὰ
554 4871 752 4942 Κυρίῳ.
788 4871 879 4941 Μὴ
899 4872 952 4924 δὲ
973 4869 1132 4924 τοῦτό
1154 4886 1213 4923 σε
1237 4866 1566 4931 λανθανέτω,
1619 4868 1717 4922 καὶ

133 4969 374 5029 πάντως
401 4965 654 5036 ὲκνήψεις
677 4962 770 5017 τοῦ
803 4962 876 5033 μὴ
907 4963 1111 5033 κρίνειν
1135 4963 1228 5016 τὸν
1266 4960 1544 5015 πταίοντα.
1585 4959 1714 5012 Ἰού-

131 5062 244 5122 δας
269 5062 328 5112 ὲν
361 5055 444 5127 τῷ
471 5056 618 5128 χορῷ
647 5056 753 5109 τῶν
782 5054 1035 5124 μαθητῶν
1055 5050 1143 5125 ἦν,
1181 5056 1210 5108 ὁ
1233 5053 1290 5107 δὲ
1316 5052 1517 5125 λῃστὴς
1544 5053 1601 5104 ἐν
1636 5051 1711 5122 τῷ

134 5148 301 5223 χορῷ
324 5146 436 5202 τῶν
469 5145 738 5214 φονευτῶν
758 5163 770 5175 ο
801 5145 895 5198 καὶ
917 5143 1100 5215 θαῦμα
1127 5147 1241 5210 πῶς
1271 5146 1330 5198 ἐν
1366 5145 1463 5215 μιᾷ
1505 5146 1641 5214 ῥοπῇ
1678 5145 1712 5215 ἡ

133 5235 598 5306 ἀντικαταλλαγὴ
640 5236 883 5304 γέγονεν.
929 5237 993 5289 Ei’
1017 5253 1100 5299 τις
1139 5235 1469 5298 καταλαλιάς
1495 5235 1713 5305 πνεῦμα

134 5331 380 5400 νικῆσαι
403 5327 666 5396 βούλεται,
701 5326 776 5398 μὴ
794 5327 872 5398 τῷ
894 5327 1160 5390 πταίοντι,
1186 5326 1322 5382 ἀλλὰ
1362 5327 1439 5398 τῷ
1476 5328 1715 5382 ὑποϐάλ-

135 5423 300 5475 λοντι
328 5417 548 5488 δαίμονι
591 5419 687 5491 τὴν
741 5418 944 5489 μέμψιν
973 5417 1353 5490 ὲπιγραφέτω·
1383 5417 1555 5481 οὐδεὶς
1606 5419 1716 5491 γὰρ

139 5513 302 5566 θέλει
326 5514 410 5573 είς
442 5510 576 5564 θεὸν
595 5511 927 5581 ἀμαρτῆσαι,
959 5512 1008 5563 εί
1037 5511 1133 5564 καὶ
1157 5509 1410 5574 ἀϐίαστος
1428 5513 1533 5574 πᾶς
1561 5511 1717 5581 ἡμῶν

137 5602 437 5674 τυγχάνει.
468 5597 622 5653 Εἶδον
650 5600 941 5671 προφανῶς
969 5603 1379 5672 ἀμαρτήσαντα,
1417 5603 1512 5656 καὶ
1561 5601 1716 5673 λελη-

139 5693 326 5759 eam);
369 5695 799 5766 μετανοήσαντα,
831 5695 923 5749 καὶ
973 5693 1031 5748 ὂν
1064 5693 1357 5764 κατέκρινα
1376 5695 1464 5764 ,ὡς
1496 5694 1712 5766 πόρνον,

217 5875 270 5905 ³⁵
302 5872 432 5927 Psal
483 5892 534 5935 c,
566 5876 598 5924 ἓν

1825 4661 1895 4716 At
1918 4677 2039 4734 ego,
2062 4679 2252 4734 apage,
2286 4665 2528 4736 inquam,
2561 4684 2686 4724 cum
2713 4671 2814 4726 hac
2840 4672 3122 4734 charitate.
3145 4690 3215 4745 ne
3239 4675 3394 4733 illum

1824 4755 2093 4810 mendacii
2116 4758 2424 4828 coargnatis
2450 4760 2545 4829 qui
2574 4761 2714 4816 dixit
2744 4777 2759 4815 :
2797 4763 3168 4821 Delta/tentem
3193 4781 3390 4826 secreto

1821 4849 2060 4918 proximo
2089 4865 2203 4914 suo,
2229 4850 2367 4904 hunc
2393 4853 2738 4922 persequebar
2762 4855 2827 4910 ³⁸.
2861 4857 2920 4911 Si
2954 4867 3005 4913 te
3032 4875 3216 4915 amare
3245 4861 3393 4918 hunc

1821 4939 2058 4996 allirmas
2075 4981 2092 5007 ,
2115 4941 2250 4997 clam
2277 4957 2498 5012 precare
2522 4959 2620 5014 pro
2645 4960 2730 5010 eo,
2759 4957 2814 5002 et
2833 4964 2941 5003 non
2967 4952 3182 5021 exagita
3207 4969 3390 5008 scom-

1821 5035 1982 5090 matis
2006 5036 2202 5090 virum.
2234 5036 2332 5093 Hic
2357 5038 2502 5092 enim
2535 5040 2728 5096 modus
2757 5041 2916 5114 187
2947 5043 3178 5101 Domino
3202 5056 3390 5117 gratus

1815 5136 1919 5182 est.
1945 5126 2090 5193 Quin
2113 5137 2166 5184 et
2194 5129 2298 5184 hoc
2326 5132 2562 5192 attende.
2588 5141 2642 5186 et
2663 5134 2880 5201 penitus
2902 5136 3200 5194 abstinebis
3220 5139 3288 5192 ab
3305 5139 3387 5208 ju-

1819 5221 2088 5287 dicando,
2119 5221 2166 5277 si
2198 5238 2357 5292 quem
2385 5223 2587 5278 videris
2616 5236 2950 5295 peccantem.
2982 5227 3154 5286 Judas
3181 5232 3233 5283 in
3266 5231 3385 5284 col-

1817 5309 1958 5379 legio
2008 5311 2402 5382 discipulorum
2459 5321 2617 5378 erat,
2674 5317 2812 5372 latro
2861 5334 2990 5373 vero
3045 5321 3099 5374 in
3160 5335 3386 5373 numero

1819 5403 2240 5460 homicidarum.
2273 5405 2338 5458 Et
2368 5407 2673 5463 mirandum
2711 5418 2793 5465 est
2825 5423 3028 5479 quanta
3065 5427 3243 5464 rerum
3277 5426 3388 5462 uno

1822 5505 2100 5551 momento
2130 5496 2271 5550 facta
2301 5497 2374 5552 sit
2402 5501 2707 5556 conversio.
2749 5501 3006 5572 Quisquis
3035 5503 3386 5558 obtectratio-

1822 5592 1907 5645 nis
1957 5591 2206 5661 spiritum
2251 5601 2479 5648 conatur
2513 5596 2768 5662 vincere,
2811 5611 2915 5650 non
2957 5595 3196 5665 peccanti
3223 5633 3237 5655 ,
3292 5607 3387 5649 seu

1823 5685 2053 5742 daemonii
2081 5687 2391 5760 suggerenti
2418 5688 2631 5759 culpam
2677 5691 2956 5760 assignet;
2993 5704 3151 5747 nemo
3189 5689 3386 5760 quippe
