4210 6464
827 387 930 448 847

2080 404 2135 456 h'.
2161 402 2473 465 JUANNIS
2505 408 2809 469 CLIMACI

3944 425 4042 487 848

826 492 936 547 vult
959 490 1019 547 τη
1051 491 1217 549 Deum
1248 512 1492 565 peccare,
1523 504 1773 569 quamvis
1796 519 1953 559 nemo
1985 518 2230 559 nostrum
2257 523 2381 561 coa-
2413 511 2488 575 A1

2378 509 2553 582 ιΑῆν
2586 521 2768 575 λοιπὸν
2818 526 2962 594 παρὰ
2999 525 3118 595 Θεῷ
3170 526 3398 594 σώφρων
3444 528 3531 581 διὰ
3577 529 3674 599 τῆς
3717 530 4040 604 ἐπιστροφῆς

822 593 943 638 ctus
973 595 1071 637 aut
1102 599 1211 641 non
1242 600 1434 656 sponte
1465 603 1669 672 peccet.
1705 593 1819 648 V'idi
1859 598 1951 665 qui
1983 598 2157 669 palam
2200 614 2387 668 pecca-

824 682 901 726 ret
934 684 987 725 et
1017 673 1154 727 clam
1188 679 1473 745 paeniteret
1500 719 1517 744 ,
1563 690 1618 734 et
1660 696 1821 750 quem
1859 700 1962 755 ego
2008 696 2067 741 ut
2115 688 2389 757 impurum

820 779 1053 834 nequam
1085 767 1470 823 damnaveram
1495 802 1532 833 ,-
1540 771 1653 838 jam
1687 778 1826 843 apud
1866 775 2034 832 Dequ
2082 787 2390 847 temperans

818 866 875 910 et
918 859 1145 926 pudicus
1178 860 1511 925 habebatur,
1553 878 1675 918 cum
1707 882 1798 936 per
1830 868 2100 924 sinceram
2131 871 2388 927 emenda-

821 950 1020 1003 tionem
1043 949 1210 1028 Deum
1236 951 1343 1007 sibi
1371 956 1740 1023 pr0pitiasset.
1769 957 1845 1012 Ne
1877 963 2173 1017 reverearis
2194 978 2388 1033 quem-

819 1057 983 1110 quam
1016 1042 1173 1096 alteri
1207 1045 1343 1113 apud
1377 1055 1426 1099 te
1455 1046 1824 1118 detrahentem
1855 1091 1868 1114 ,
1915 1052 2008 1105 sed
2038 1054 2385 1110 obtrectatori

815 1133 985 1187 dicito
1012 1151 1023 1185 :
1058 1132 1226 1198 Tace,
1260 1132 1447 1199 frater,
1471 1152 1571 1205 ego
1598 1140 1839 1207 quotidie
1863 1142 2079 1210 gravius
2106 1143 2382 1214 delinquo,

817 1236 870 1280 et
898 1241 1006 1296 quo
1032 1236 1191 1297 pacto
1225 1227 1376 1284 illum
1406 1229 1713 1287 damnabo?
1744 1231 1834 1288 Sic
1857 1250 1966 1289 uno
1991 1237 2385 1293 medicamento

813 1322 927 1377 duo
966 1323 1363 1393 consequeris:
1407 1335 1461 1380 te
1508 1327 1684 1396 ipsum
1728 1329 2013 1396 servabis,
2060 1341 2115 1387 et
2152 1332 2383 1391 alterum

815 1415 1057 1474 sanabis.
1080 1414 1177 1471 Est
1199 1426 1255 1472 et
1276 1418 1391 1474 hac
1413 1419 1733 1477 brevissima
1750 1438 1872 1493 qua:
1894 1424 1961 1479 ad
1986 1425 2381 1495 impetrandam

813 1512 1155 1573 peccatorum
1172 1508 1386 1564 veniam
1404 1508 1557 1566 ducit
1574 1511 1679 1577 via,
1701 1527 1805 1567 non
1825 1513 2092 1583 judicare,
2122 1517 2339 1587 inquam
2366 1542 2377 1573 :

814 1594 873 1649 Si
907 1597 1041 1649 enim
1077 1612 1181 1650 non
1213 1599 1587 1668 judicaveritis
1612 1641 1627 1666 ,
1670 1617 1771 1656 non
1801 1605 2180 1673 judicabimiui
2212 1608 2278 1663 ³⁹.
2314 1610 2384 1665 Ut

813 1691 1121 1746 contrarius
1164 1699 1252 1746 est
1278 1692 1419 1761 ignis
1448 1706 1621 1763 aqua},
1658 1694 1733 1750 ita
1765 1711 2038 1767 quemque
2072 1700 2205 1754 velle
2231 1699 2378 1769 judi-

808 1796 964 1848 care,
991 1792 1257 1854 repugnat
1274 1782 1349 1838 illi
1366 1786 1461 1855 qui
1488 1786 1558 1843 de
1580 1788 1699 1844 suis
1722 1790 1960 1860 peccatis
1977 1790 2169 1846 vultex
2194 1793 2381 1847 animo

2496 608 2734 675 γνησίως
2793 611 2951 662 αὒτίη
3001 619 3501 688 ἐξευμενισάμενος*
3540 621 3809 692 μηδέποτε
3850 624 3929 695 (3)
3958 626 4039 676 αι-

2492 697 2686 769 δεσθῇς
2716 700 2806 751 τὸν
2843 701 2974 768 πρὸς
3002 704 3058 753 σὲ
3101 709 3193 756 τοῦ
3228 708 3357 781 [rev]
3384 710 3603 780 πλησίον
3623 712 4038 768 καταλαλοῢντω

2496 790 2698 860 μᾶλλον
2750 792 2808 844 δὲ
2845 793 2968 860 λέγε
3002 810 3019 824 ·
3047 794 3279 858 Παῦσαι.
3329 802 3519 872 ἀδελφέ
3538 820 3553 836 ο
3584 804 3695 872 ἐγὼ
3725 804 4043 879 καθημέραν

2494 882 2552 935 ὲν
2582 881 2981 954 χαλεπωτέροις
3008 886 3205 954 πταίω,
3230 889 3325 953 καὶ
3362 890 3480 953 πῶς
3529 898 3735 950 ἐκεῖνον
3767 898 4032 970 “tarpi-

2493 992 2605 1029 νειν
2635 976 2904 1045 δύναμαις
2947 978 3050 1031 Δύο
3080 980 3191 1049 γάρ
3208 981 3381 1035 ταῦτα
3411 981 3685 1054 κερδανεῖς
3712 991 3771 1043 ἐν
3802 993 3903 1060 μιᾷ
3948 993 4041 1056 ἑμ-

2493 1066 2779 1136 πλάστρῳ,
2810 1068 2903 1119 καὶ
2942 1068 3185 1128 σεαυτὸν.
3219 1071 3311 1123 καὶ
3339 1072 3427 1123 τὸν
3470 1072 3696 1143 πλησίον
3733 1074 4035 1141 ἰασάμενος·

2494 1158 2592 1229 μία
2621 1158 2716 1211 καὶ
2745 1159 2881 1227 αὕτη
2903 1160 3012 1213 τῶν
3054 1161 3332 1232 συντόμως
3368 1163 3502 1216 ὁδῶν
3536 1164 3672 1233 πρὸς
3711 1164 3809 1233 τὴν
3854 1168 4046 1230 ἄφεσιν

2490 1252 2599 1305 τῶν
2627 1253 2982 1323 πταισμάτων
3003 1252 3338 1325 καθέστηκεν
3368 1255 3701 1326 ὁδηγουσῶνι
3731 1257 3874 1324 λέγω
3896 1257 3953 1308 δὲ
3986 1262 4045 1308 τὸ

2491 1343 2568 1415 μὴ
2607 1344 2810 1415 κρίνειν
2835 1359 2849 1373 ο
2873 1344 3054 1412 Εἴπερ
3070 1344 3153 1413 μὴ
3172 1345 3417 1411 κρίνετε,
3456 1347 3553 1399 καί
3582 1349 3652 1400 οὐ
3665 1347 3751 1415 μὴ
3788 1345 4043 1415 κριθῆτε.

2503 1433 2803 1504 Ἀλλότριον
2831 1434 2894 1487 τὸ
2926 1434 3038 1504 πῦρ
3061 1435 3151 1488 τοῦ
3188 1434 3393 1502 ὓδατος,
3426 1436 3611 1506 ὥσπερ
3638 1438 3698 1489 τὸ
3732 1442 3941 1509 κρίνειν
3968 1439 4049 1509 τῷ

2491 1524 2775 1594 μετανοεῖν
2805 1522 3111 1595 βουλομένῳ
3150 1525 3279 1597 [τῶν
3328 1531 3609 1593 μετανοεῖν
3640 1527 4004 1601 βουλομένων]
4029 1546 4045 1560 ο

2488 1612 2591 1665 κάν
2633 1613 2693 1664 ἐν
2735 1613 2873 1683 αὐτῇ
2939 1618 3005 1683 τῇ
3058 1614 3219 1683 ἐξόδῳ
3278 1616 3400 1668 τινά
3437 1614 3609 1686 θεάσῃ
3642 1613 3926 1677 πταίοντα,
3968 1615 4045 1686 μὴ

2486 1704 2608 1757 τότε
2644 1703 2807 1756 αὐτὸν
2866 1704 3182 1773 κατάκρινε.
3218 1705 3447 1774 Ἀδηλον
3499 1703 3609 1776 γάρ
3650 1702 3969 1775 ἀνθρώποις
3984 1706 4045 1758 τὸ

2484 1794 2579 1848 τοῦ
2607 1795 2741 1848 Θεοῦ
2765 1796 2937 1865 κρῖμα
2958 1792 3310 1864 καθέστηκεν.
3340 1796 3644 1850 Ἔπταισάν
3667 1813 3813 1859 τινες
3834 1796 4047 1866 μεγάλα

806 1878 1093 1946 pmnitere.
1123 1876 1203 1932 Tu
1240 1878 1285 1933 si
1310 1880 1623 1950 quempiam
1638 1881 1803 1939 etiam
1832 1884 1886 1937 in
1921 1893 2166 1940 extremo
2189 1886 2381 1955 spiritu
2413 1882 2455 1936 Β

2380 1932 2381 1939 η
2413 1882 2455 1936 Β
2484 1885 2773 1955 προφανῶς
2792 1903 2805 1915 ·
2836 1885 3160 1956 εἰργάσαντο
3181 1886 3236 1939 δὲ
3262 1886 3442 1954 ἀγαθὰ
3489 1888 3709 1957 μείζονα
3740 1887 4009 1958 κρυπτῶς
4030 1899 4042 1913 ·

808 1969 1009 2024 videris
1037 1984 1260 2040 peccare
1279 2009 1293 2035 ,
1317 1973 1424 2027 noli
1458 1983 1638 2029 tamen
1663 1977 2026 2031 condemnare
2045 2016 2061 2041 ,
2092 1991 2218 2032 nam
2247 1978 2380 2033 divi-

808 2078 936 2117 num
963 2062 1226 2134 judicium
1259 2066 1418 2124 ndJis
1443 2075 1529 2122 est
1559 2068 1911 2138 incognitum.
1932 2066 2160 2134 Quidam
2187 2085 2379 2142 propa-

807 2156 911 2210 lam
935 2158 1166 2228 graviter
1185 2157 1551 2228 deliquerunt,
1577 2160 1790 2216 etclam
1813 2161 1984 2217 multo
2006 2162 2213 2232 maiora
2236 2162 2376 2219 bona

806 2260 1183 2319 perpetrarunt
1202 2290 1218 2315 ,
1243 2261 1294 2306 et
1318 2266 1643 2323 magnopere
1664 2255 1870 2323 decepti
1895 2254 1969 2309 illi
1996 2256 2225 2312 aliorum
2247 2258 2374 2312 irri-

803 2360 978 2408 sores,
1008 2348 1097 2415 q‘ui
1125 2344 1334 2400 l‘unmm
1357 2360 1457 2415 pro
1484 2346 1598 2402 sole
1616 2347 1884 2417 complexi
1918 2348 2080 2420 188
2107 2359 2254 2405 sunt.
2276 2352 2377 2403 Au-

803 2439 913 2493 dite
937 2454 1042 2500 me,
1064 2439 1390 2503 auscultate,
1420 2453 1615 2494 omnes
1639 2439 1871 2510 improbi
1890 2442 2191 2497 alienorum
2210 2442 2375 2497 facto-

803 2547 923 2585 rum
947 2545 1221 2592 censores,
1249 2532 1296 2586 si
1320 2544 1449 2585 vera
1478 2545 1582 2585 vox
1611 2529 1841 2595 Christi,
1864 2539 1923 2585 ut
1944 2542 2028 2586 est
2056 2532 2369 2588 verissima:

805 2621 869 2677 In
896 2640 997 2693 quo
1014 2622 1629 2692 judiciojudicaveritis,
1651 2622 2029 2693 iudicabimini
2049 2624 2115 2688 “,
2134 2624 2251 2680 sine
2270 2626 2371 2680 du-

802 2717 1064 2771 bitatione
1095 2715 1514 2786 quibuscunque
1538 2714 1593 2769 in
1626 2716 1789 2771 rebus
1817 2714 1962 2769 alios
1976 2716 2369 2787 vituperamus,

803 2809 855 2861 in
889 2808 1008 2861 illas
1046 2808 1196 2878 ipsas
1226 2806 1519 2861 incidimus
1549 2821 1646 2860 seu
1676 2819 1967 2875 corporcas
2014 2820 2110 2862 seu
2148 2806 2371 2877 spirita-

802 2900 917 2954 les:
949 2898 1106 2953 aliter
1141 2913 1227 2953 res
1257 2914 1365 2954 non
1397 2898 1576 2954 habet.
1605 2896 1710 2964 Qui
1745 2896 1936 2953 faciles
1966 2907 2021 2954 et
2052 2913 2206 2955 acres
2240 2906 2370 2952 sunt

800 2988 867 3042 ad
906 2988 1083 3043 aliena
1122 2987 1320 3044 delicta
1352 2987 1657 3053 censenda,
1699 2990 1751 3043 in
1798 2986 1902 3043 hoc
1949 2987 2139 3041 vitium
2185 2986 2366 3041 incur-

800 3084 961 3148 runt],
993 3081 1139 3150 quod
1185 3093 1414 3135 suorum
1453 3078 1557 3148 ipsi
1596 3078 1855 3133 vitiorum
1907 3087 1961 3133 et
2016 3086 2363 3147 peccatorum

798 3171 1039 3227 nondum
1084 3169 1379 3242 perfectam
1407 3179 1467 3226 et
1494 3178 1699 3226 certam
1741 3169 2013 3241 fixatnque
2048 3171 2361 3226 memoriam

798 3264 1051 3327 habeant,
1078 3278 1253 3333 neque
1275 3278 1463 3319 curam
1484 3278 1671 3320 eorum
1693 3262 2155 3319 emendandbrum
2181 3278 2365 3319 susce-

795 3358 990 3429 perint.
1020 3356 1344 3427 Quieunque
1377 3356 1524 3411 enim
1555 3371 1655 3412 sua
1678 3356 1854 3427 ipsius
1885 3354 2017 3409 vitia
2048 3355 2166 3411 sine
2208 3368 2363 3411 amo-

796 3452 872 3505 ris
927 3450 1129 3519 proprii
1186 3449 1305 3503 velo
1353 3457 1611 3503 accurate
1652 3447 2004 3518 perspexerit,
2036 3447 2239 3503 nullius
2283 3447 2363 3503 rei

795 3542 1019 3598 alterius
1044 3543 1295 3596 humana
1321 3555 1511 3595 curam
1538 3540 1842 3609 suscipiet,
1874 3548 1935 3594 ut
1968 3540 2063 3609 qui
2103 3538 2362 3611 intelligat

794 3631 1001 3685 nullum
1032 3640 1243 3699 tempus
1273 3625 1344 3687 ad
1382 3641 1485 3683 sua
1527 3628 1644 3682 sibi
1676 3634 1896 3697 peccata
1931 3625 2175 3681 deflenda
2212 3626 2361 3682 suill-

792 3738 919 3780 cere
942 3754 963 3791 ,ι
1010 3722 1226 3778 etiamsi
1268 3729 1487 3777 centum
1536 3733 1712 3776 annos
1764 3718 2004 3785 viveret,
2046 3719 2363 3790 videretque

794 3824 966 3870 totum
988 3812 1279 3870 Jordanem
1303 3812 1356 3867 in
1379 3812 1652 3884 lacrymas
1676 3825 1893 3867 versum
1936 3824 2004 3865 es
2042 3811 2217 3867 oculis
2245 3813 2360 3867 suis

792 3908 1047 3965 deﬂuere.
1082 3905 1378 3964 Observavi
1409 3919 1597 3960 verum
1628 3904 1854 3967 luctum,
1883 3910 1937 3958 et
1964 3902 2171 3958 nullum
2202 3902 2257 3957 in
2292 3918 2359 3958 eo

790 4003 1074 4073 vestigium
1112 4002 1194 4056 vel
1222 3998 1588 4055 detractionis.
1606 4002 1691 4053 vel
1723 3996 1917 4067 judicii
1950 3997 2119 4066 pravi,
2150 4006 2204 4052 et
2231 4011 2360 4052 con-

790 4096 1159 4153 demnationis
1207 4093 1558 4166 deprehendi.
1611 4091 1809 4148 Hostes
1864 4094 2036 4147 nostri
2089 4094 2358 4150 dmones

790 4201 885 4245 aut
938 4190 1005 4246 ad
1053 4187 1381 4261 peccandum
1428 4200 1528 4241 nos
1568 4185 1835 4249 incitant,
1870 4192 1965 4237 aut
2010 4183 2059 4238 si
2102 4184 2204 4240 hoc
2248 4198 2357 4238 non

789 4284 1033 4353 possint,
1065 4282 1256 4337 saltem
1300 4279 1368 4335 ad
1420 4287 1709 4351 peccantes
1749 4275 2104 4348 judicandos,
2155 4284 2215 4329 ut
2262 4291 2357 4346 per

2481 1975 2575 2029 καὶ
2599 1974 2960 2047 ἠπατήθησαν
2984 1977 3033 2029 οἱ
3074 1976 3446 2044 φιλοσκῶπται
3476 1978 3681 2031 καπνὸν
3719 1978 3843 2033 ἀντὶ
3890 1979 4047 2047 ἡλίου

2478 2066 2815 2136 κατέχοντες.
2833 2065 3123 2120 Ἀκούσατέ
3145 2082 3266 2135 μου,
3288 2069 3575 2132 ἀκούσατε,
3596 2068 3795 2132 πάντες
3808 2069 3861 2121 οί
3883 2070 4047 2122 κακοὶ

2475 2159 2582 2212 τῶν
2596 2158 2888 2230 ἀλλοτρίων
2903 2157 3199 2226 λογοθέται·
3219 2159 3264 2211 εί
3279 2157 3498 2228 ἀληθὲς,
3511 2162 3695 2233 ὥσπερ
3710 2161 3805 2218 καὶ
3820 2161 4043 2232 ἀληθὲς,

2474 2252 2556 2303 ὅτι
2570 2250 2666 2304 Ἐν
2680 2243 2729 2317 ᾧ
2740 2249 2974 2319 κρίματι
2992 2250 3241 2319 κρίνετε,
3260 2251 3636 2319 κριθήσεσθε,
3651 2254 3867 2316 πάντως
3882 2255 3946 2306 ἐν
3966 2247 4045 2317 οἷς

2472 2344 2540 2398 ἂν
2559 2342 2899 2415 μεμψώμεθα
2926 2342 3014 2396 τὸν
3038 2340 3282 2413 πλησίον,
3305 2343 3364 2395 ὲν
3379 2343 3560 2405 αὐτοῖς
3575 2344 4041 2412 περιπεσοῦμθα·

2475 2440 2569 2491 καὶ
2603 2437 2828 2502 ἀλλοίως
2850 2439 2950 2491 οὐκ
3000 2437 3165 2500 ἔστιν,
3199 2436 3306 2489 εἴτε
3336 2437 3683 2506 σωματικοῖς,
3721 2434 3832 2487 εἴτε
3872 2435 4045 2504 ψυχι-

2475 2535 2610 2596 κοῖς.
2639 2534 2700 2586 Oi
2720 2531 2860 2596 ὀξεῖς
2900 2534 2990 2585 καὶ
3027 2531 3271 2604 ἀκριϐεῖς
3315 2528 3599 2597 λογοθέται
3630 2528 3736 2580 τῶν
3764 2526 3858 2579 τοῦ
3898 2528 4041 2596 πλη-

2475 2624 2589 2677 σίον
2619 2623 3100 2694 πλημμελημάτων
3127 2622 3481 2692 ὑπάρχοντες,
3534 2618 3691 2672 τοῦτο
3746 2618 3810 2671 τὸ
3860 2618 4041 2681 πάθος

2472 2716 2813 2784 ὑφίστανται,
2837 2713 3022 2784 ἐπειδὴ
3063 2714 3227 2784 μήπω
3243 2712 3371 2782 περὶ
3394 2711 3501 2764 τῶν
3515 2708 3725 2763 οἰκείων
3750 2711 4040 2779 πταισμά-

2468 2820 2577 2857 των
2617 2802 2828 2857 τελείαν
2856 2802 2951 2856 καὶ
2997 2802 3340 2872 ἀρέμὸαστον
3387 2804 3606 2872 μνήμην
3636 2800 3731 2853 καὶ
3776 2799 4041 2871 φροντίδα

2466 2894 2810 2964 ἐποιήσαντο.
2842 2894 2905 2947 Ei
2940 2894 3045 2964 γάρ
3077 2910 3162 2957 τις
3194 2893 3261 2946 τά
3292 2891 3485 2945 ἑαυτοῦ
3514 2891 3667 2946 ’κακὰ
3688 2890 3799 2945 ἀπὸ
3821 2890 3920 2944 τοῦ
3938 2894 4040 2961 τῆς

2467 2986 2753 3056 φιλαυτίας
2779 2986 3264 3057 περικαλύμματος
3305 2982 3547 3054 ἀκριϐῶς
3580 2982 3847 3045 θεάσοιτο,
3879 2983 4038 3036 οὐδε-

2464 3083 2554 3145 νὸς
2582 3081 2768 3135 λοιπὸν
2792 3080 2952 3135 ἄλλου
2967 3080 3076 3133 τῶν
3096 3081 3155 3132 ὲν
3176 3078 3255 3149 τῷ
3283 3076 3383 3150 βίῳ
3433 3076 3689 3149 φροντίδα
3721 3076 4037 3147 ποιήσοιτο,

2470 3173 2819 3244 λογιζόμενος
2869 3173 3000 3244 μηδὲ
3053 3172 3189 3244 πρὸς
3227 3172 3289 3224 τὸ
3325 3172 3520 3225 οίκείον
3549 3168 3744 3232 πένθος
3774 3168 4042 3240 ἐξαρκεῖν

2465 3266 2613 3336 αὐτῷ
2635 3267 2727 3321 τὸν
2749 3264 2937 3321 ἑαυτοῦ
2960 3267 3167 3338 χρόνον,
3190 3264 3289 3319 κᾶν
3311 3264 3503 3318 ἑκατὸν
3534 3261 3627 3332 ἔτη
3653 3260 3871 3333 ζήσειεν
3888 3277 3903 3291 ·
3929 3259 4043 3313 κᾶν

2461 3363 2554 3417 τὸν
2594 3361 2863 3433 Ἰορδάνην
2889 3358 3129 3429 ποταμὸν
3155 3358 3274 3412 ὅλον
3303 3355 3537 3425 δάκρυον
3579 3354 3644 3406 ἐκ
3673 3352 3785 3406 τῶν
3826 3352 4042 3406 ἑαυτοῦ

2462 3453 2759 3525 ὀφθαλμῶν
2793 3451 2891 3506 ίδοι
2942 3449 3389 3522 ἐκπορευόμενον.
3449 3445 3921 3515 Ἐπεσημηνάμην
3969 3444 4040 3497 τὸ

2461 3547 2674 3611 πένθος,
2702 3545 2797 3599 καὶ
2830 3543 2927 3613 οὐχ
2951 3536 3107 3612 εὖρον
3140 3542 3201 3593 ἑν
3233 3537 3380 3606 αὐτῷ
3407 3537 3550 3608 ίχνος
3600 3535 3963 3601 ηταλαλιᾶς,
4001 3536 4041 3608 ἢ

2460 3636 2853 3708 κατακρίσεως.
2885 3636 2956 3688 Ἦ
2989 3632 3301 3704 ἁμαρτῆσαι
3334 3631 3479 3701 ἡμᾶς
3511 3631 3561 3683 οί
3601 3628 3855 3697 δαίμονες
3887 3644 4041 3697 προ-

2458 3731 2769 3802 τρέπονται·
2802 3728 2836 3800 ἢ
2862 3727 2937 3799 μὴ
2969 3727 3411 3797 ἁμαρτήσαντας,
3452 3724 3579 3784 τοὺς
3608 3721 4045 3791 ἁμαρτάνοντας

2460 3822 2694 3894 κρίνειν·
2737 3820 2825 3874 ἵνα
2871 3819 2959 3873 διὰ
2986 3818 3079 3872 τοῦ
3107 3818 3357 3888 δευτέρου
3378 3816 3439 3869 τὸ
3467 3812 3683 3885 πρῶτον
3718 3811 4045 3881 μολύνωσιν

2458 3916 2507 3969 οί
2530 3914 2699 3984 φόνιοι
2720 3911 2818 3985 (ι).
2832 3911 3071 3968 Γίνωσκε
3094 3911 3188 3964 καὶ
3211 3908 3369 3963 τοῦτο
3391 3906 3497 3959 τῶν
3532 3905 3889 3976 μνησικάκων
3935 3902 4050 3956 καὶ

2459 4007 2742 4079 βασκάνων
2767 4000 2906 4060 εἶναι
2937 4004 3229 4073 τεκμήριον
3250 4017 3263 4030 ·
3286 4001 3369 4055 ὅτι
3394 3999 3494 4062 τὰς
3521 3996 3759 4067 διδαχὰς,
3786 3995 3821 4066 ἢ
3842 3998 4048 4066 πράγ-

2460 4118 2626 4172 ματα,
2689 4100 2723 4172 ἢ
2784 4094 3180 4169 κατορθώματα
3234 4093 3404 4165 ἡδέως
3483 4090 3581 4143 καὶ
3636 4087 3881 4160 εὐχερῶς
3934 4087 4049 4140 τοῦ

2458 4192 2682 4264 πλησίον
2700 4191 2976 4262 ψέγουσιν,
3001 4186 3104 4240 ὑπὸ
3133 4185 3440 4253 πνεύματος
3471 4182 3660 4253 μίσους
3677 4179 3989 4235 καταϐαπτ
4000 4200 4052 4233 ι-

2456 4287 2693 4359 ζόμενοι.
2723 4279 2878 4340 Εῖδόν
2906 4298 3059 4344 τινας
3110 4278 3411 4351 λεληθότως
3452 4276 3549 4331 καὶ
3606 4275 4054 4347 ἁδημοσιεύτως

788 4374 1020 4427 alterum
1054 4372 1219 4426 etiam
1248 4372 1482 4441 primum
1515 4376 1899 4439 assequamur,
1928 4374 1983 4421 et
2010 4375 2229 4436 peccato
2254 4380 2354 4421 nos

2455 4379 2710 4434 πάνδεινα
2779 4373 3203 4442 διαπράττοντας
3251 4371 3594 4442 πταίσματα·
3637 4369 3735 4423 καὶ
3791 4370 3863 4440 τῇ
3891 4371 4052 4423 ὐποο

790 4463 1072 4521 homicida:
1099 4464 1388 4533 inquinent
1407 4469 1461 4517 et
1489 4461 1761 4517 occidant.
1793 4458 1946 4515 Scito
1968 4468 2024 4514 et
2058 4462 2199 4514 hanc
2235 4474 2357 4514 esse

2454 4471 2611 4543 λήψει
2660 4471 2759 4540 τῆς
2807 4466 3013 4522 ἑαυτῶν
3059 4464 3423 4537 καθαρότητος
3475 4457 3725 4533 χαλεπῶς
3754 4461 4056 4530 imp-.635-

746 4608 749 4611 .
787 4560 1137 4623 retinentium
1180 4558 1366 4615 animo
1411 4556 1640 4627 injurias
1679 4565 1736 4611 et
1780 4553 2082 4609 invidorum
2131 4563 2408 4635 notam,I

2390 4574 2429 4635 ι)
2455 4583 2641 4631 νοντας
2674 4566 2787 4627 τοῖς
2844 4560 2977 4633 ψιλά
3022 4561 3312 4623 πταίουσι,
3360 4559 3455 4611 καὶ
3507 4557 4052 4627 δημοσιευομένοις.

784 4653 930 4726 quod
960 4652 1189 4707 aliorum
1210 4649 1540 4714 doctrinam,
1566 4648 1704 4704 facta
1728 4654 1786 4703 et
1804 4647 2052 4712 virtutes,
2068 4645 2179 4701 odii
2203 4660 2355 4701 neni-

2452 4656 2652 4731 Κρίναί
2686 4656 2835 4709 ἔστιν
2860 4654 2962 4733 τῆς
2980 4651 3076 4708 τοῦ
3106 4649 3241 4706 Θεοῦ
3264 4648 3422 4717 ἀξίας
3446 4646 3669 4717 ἀναιδὴς
3696 4646 4055 4718 ἁρπαγμάς-

786 4764 852 4819 pe
880 4743 1071 4817 spirﬂh
1101 4747 1292 4801 imbuti
1314 4785 1329 4809 ,
1370 4743 1530 4801 facile
1565 4751 1624 4800 et
1663 4742 1893 4799 libenter
1926 4739 2348 4799 calumnientnr.

2454 4754 2778 4822 κατακριναι
2804 4747 2862 4803 δὲ
2895 4747 2994 4819 τῆς
3019 4742 3212 4800 ἑαυτοῦ
3237 4741 3416 4814 ψυχῆς
3453 4738 3692 4810 ὄλεθρος.
3731 4740 3977 4814 Ὠσπερ
4021 4746 4064 4813 ἡ

784 4842 1155 4897 Animadverti
1188 4840 1456 4911 quosdam
1493 4838 1633 4894 clam
1665 4839 1720 4894 in
1749 4844 1958 4894 secreto
1985 4845 2041 4897 et
2068 4834 2186 4891 sine
2212 4843 2360 4891 teste.

2449 4846 2625 4917 οῐησις
2646 4831 2738 4897 καὶ
2758 4843 2923 4915 χωρὶς
2954 4837 3139 4910 ἑτέρου
3176 4836 3376 4900 πάθους
3402 4833 3658 4891 ἀπολέσαι
3676 4832 3772 4887 τὸν
3790 4833 4062 4907 ἄνθρω-

785 4939 1002 5002 infanda
1025 4938 1227 5007 ﬂagitia
1252 4943 1587 5007 perpetrare,
1605 4935 1700 5004 qui
1718 4948 1818 4989 sua
1834 4932 2016 4988 tanien
2046 4928 2209 5002 189
2234 4930 2351 5002 opio

2452 4956 2554 4995 πον
2584 4937 2794 5009 ἰσχύει·
2830 4935 3001 4998 οὓτως
3051 4933 3144 4987 καὶ
3196 4932 3258 4987 τδ
3303 4929 3508 5000 κρίνειν
3560 4927 3681 4983 καθ’
3716 4929 3903 4981 ἑαυτὸ
3942 4932 4058 4983 καὶ

784 5035 947 5089 nione
974 5034 1151 5090 sancti
1183 5042 1237 5088 et
1256 5034 1531 5088 scelerum
1557 5029 1677 5100 puri
1720 5028 2039 5099 gravissime
2062 5026 2350 5083 imminent

2456 5032 2617 5105 μόνον
2652 5032 2712 5086 ἑν
2735 5032 2866 5103 ήμῖν
2887 5028 3126 5098 ὑπάρχον
3154 5025 3370 5086 τελείως
3385 5022 3646 5076 ἀπολέσαι
3676 5021 3831 5091 ἡμᾶς
3856 5022 4062 5078 δύναη

786 5127 855 5183 iis
889 5129 982 5197 qui
1023 5127 1108 5182 vel
1148 5128 1203 5181 in
1231 5116 1443 5181 levibus
1474 5121 1690 5195 publice
1717 5121 2062 5193 delinquunt.
2094 5117 2349 5176 Judicare

2449 5139 2573 5179 ταιο
2604 5125 2762 5195 ειπερ
2792 5121 3126 5191 διαρισαῖος
3176 5117 3382 5179 ἐκεῖνος
3419 5115 3484 5169 ἑκ
3536 5111 3725 5169 τούτου
3782 5118 4065 5171 καταδε-

782 5221 1015 5275 alterum
1038 5258 1055 5281 ,
1096 5230 1178 5276 est
1213 5216 1381 5273 divini
1413 5217 1639 5274 honoris
1679 5230 1774 5287 per
1806 5214 2172 5285 impudentem
2199 5212 2348 5283 rapi-

2449 5216 2722 5273 δίκασται.
2755 5215 2815 5271 ὀ
2845 5213 3007 5279 καλὸς
3044 5208 3335 5285 ραγολόγος
3370 5208 3469 5273 τὰς
3506 5204 3805 5276 πεποίρους
3844 5210 4065 5280 ῥᾶγας

779 5327 907 5368 nam
954 5312 1271 5381 usurpatio;
1302 5308 1666 5365 condemnare
1685 5348 1703 5374 ,
1730 5320 1969 5380 presens
1997 5305 2194 5363 animai
2218 5319 2347 5377 pro-

2450 5308 2666 5376 ἐσθίων,
2694 5304 2850 5363 οὐδὲν
2876 5306 3004 5378 περὶ
3030 5301 3140 5357 τῶν
3188 5300 3451 5372 ὀμφάκων
3506 5296 4018 5373 ιπιραγολογήσει
4037 5322 4061 5362 ,-

780 5407 912 5476 priae
939 5405 1189 5459 exitium.
1235 5400 1701 5470 Quemadmodum
1733 5399 1986 5472 superbia
2031 5398 2192 5455 etiam
2225 5398 2347 5455 sine
2418 5391 2422 5394 ’

2418 5391 2601 5456 ’καὶό
2631 5396 2928 5469 εὐγνώμων
2973 5394 3066 5451 καὶ
3120 5392 3366 5466 ἐχέφρων
3420 5388 3565 5454 νοῦς,
3609 5390 3745 5454 ὅσας
3794 5394 3933 5462 μὲν
3998 5400 4062 5452 εν

780 5500 886 5551 alio
910 5497 1042 5549 vitio
1072 5495 1345 5549 hominem
1377 5494 1603 5565 perdere
1633 5499 1826 5561 potest,
1861 5490 1936 5546 ita
1975 5488 2223 5561 judicare
2250 5504 2345 5560 per

2446 5505 2590 5545 τισιν
2620 5488 2824 5560 ἀρετάς
2844 5486 3055 5559 etme,
3085 5483 3255 5539 ταῦτα
3272 5481 3572 5544 σπουδαίως
3596 5479 4025 5551 οημειῶσεται
4043 5504 4061 5519 ·

776 5604 833 5640 se
880 5588 991 5657 jam
1040 5587 1214 5640 solum
1250 5582 1451 5639 suflicit
1480 5583 1548 5639 ad
1586 5596 1685 5635 nos
1714 5580 1955 5637 funditus
1993 5579 2292 5650 perdendos
2326 5596 2339 5633 :

2446 5584 2476 5635 δ
2502 5581 2559 5636 δὲ
2586 5580 2777 5652 ἄφρων
2813 5578 2911 5642 τὰς
2966 5573 3199 5647 μέμψεις
3226 5574 3320 5629 καὶ
3345 5572 3444 5636 τάς
3472 5570 3739 5641 ἐλλείψεις
3779 5573 4057 5645 εξερευ-

774 5682 993 5751 quamlo
1021 5678 1327 5735 l’liat-ismus
1366 5680 1454 5735 ille
1488 5679 1558 5733 ob
1610 5678 1711 5731 hoc
1742 5678 2031 5731 damnatus
2059 5686 2143 5733 est
2170 5677 2237 5729 “.
2272 5671 2342 5731 Ut

2448 5675 2623 5746 νήσιι,
2642 5669 2769 5742 περὶ
2785 5662 2849 5724 ob
2876 5664 2971 5723 καὶ
2993 5667 3225 5743 almam-
3259 5661 3702 5732 Ἑξτιρεύνησαν
3714 5658 4059 5735 ἀνομίαν,

847 5859 890 5890 ⁸³
916 5858 1099 5913 Μαιιιι.
1141 5873 1233 5922 vn,
1276 5857 1318 5911 ί.
1399 5859 1439 5887 ³ο
1474 5854 1676 5911 ἰυίιΙ.Ξ.
1758 5856 1797 5887 ⁸·
1830 5854 1959 5911 Luc.
1992 5870 2141 5922 svnt,
2180 5851 2262 5909 10.
