4210 6464
173 357 278 420 849

1166 370 1390 428 διῖΑιΑ
1435 365 1800 427 l‘ARADISI.
1836 394 1901 406 —-
1934 373 2241 435 GllAl)US
2269 377 2337 434 Χ.

3289 386 3397 450 850

165 473 452 538 ἐξέλιπον
478 477 915 548 ἐξερευνωντες
952 535 955 538 ,
983 483 1419 551 ἐξερευνήσας.
1451 481 1600 550 Μηδὲ
1620 484 1732 545 τοῖς
1761 490 1800 546 Α

1831 486 2067 553 prudens
2098 506 2214 545 uva:
2243 492 2439 546 vinitor
2468 501 2710 549 maturos
2746 496 3010 552 duntaxat
3031 497 3220 555 acinos
3245 515 3400 555 com-

170 570 275 628 σθῖς
303 568 598 639 ὀφθαλμοξς
623 573 780 641 ὁρῶν.
812 576 1104 646 κατάκρινε
1135 591 1148 605 ο
1180 575 1439 637 πολλάκις
1473 574 1581 645 γὰρ
1621 575 1714 628 καὶ

170 657 324 708 αὐτοὶ
341 660 727 732 πεπλάνηνται.

1821 575 1952 638 edit,
1986 577 2265 633 labruscas
2308 590 2359 634 et
2397 582 2622 637 acerbas
2669 597 2801 638 uvas
2843 585 3080 655 negligit,
3123 585 3196 640 ita
3253 589 3391 642 bona

1820 677 1978 719 mens
2011 675 2066 720 et
2095 667 2312 738 sapiens
2343 685 2700 739 quascunque
2739 674 2792 726 in
2825 673 2947 729 aliis
2975 677 3206 732 virtutes
3236 679 3394 734 vide-

169 757 238 800 rit
260 789 273 810 .
324 754 565 810 studiose
597 757 832 818 notabit,
886 757 1152 828 insipiens
1183 774 1313 816 vero
1354 769 1564 816 tantum
1600 759 1728 814 vitia
1773 757 2125 831 deiectusque
2172 761 2572 832 pervestigahit.
2605 763 2680 820 De
2719 781 2827 835 qno
2851 767 3016 823 etiam
3039 767 3242 826 dictum
3269 783 3355 828 est
3384 784 3395 818 ε

167 840 402 897 Sci-utan
434 857 558 901 sunt
582 849 900 916 iniquitates,
960 850 1258 919 defecerunt
1307 865 1597 910 scrutantes
1647 853 1904 908 scrutinia
1957 853 2023 908 ".
2081 851 2195 908 lmo
2245 869 2372 908 vero
2427 872 2468 908 si
2520 855 2627 910 tuis
2673 857 2788 926 ipse
2837 861 3014 916 oculis
3074 875 3395 931 peccantem

169 937 406 999 videris.
455 939 563 993 noli
613 939 873 999 damnare
917 960 931 996 :

161 1122 196 1184 ἢ
227 1119 454 1185 πένθους
480 1122 832 1194 καθέστηκεν.

559 1279 857 1332 ΣΧΟΛΙυΝ
884 1283 990 1334 ΕΙΣ
1012 1284 1232 1336 ΛΟΓΟΝ
1265 1287 1318 1338 l'.

677 1391 812 1457 Περὶ
857 1397 1243 1464 καταλαλιάς.

769 1485 816 1535 Σ
816 1485 1026 1552 χόλιον
1051 1492 1115 1538 α’.

248 1569 788 1641 ’Δπηρυθριασμὲναι
812 1576 954 1630 εἰσὶν
982 1579 1243 1644 νεάνιδες,
1288 1585 1721 1655 γαστριμαργία,

164 1657 331 1727 μέθη.
377 1663 620 1728 πορνεία,
687 1665 995 1730 κενοδοξίαο
1039 1672 1368 1741 κρυπταὶτδὲ
1415 1674 1720 1744 ὑπόκρισις,

163 1749 466 1796 natanata
483 1788 496 1808 ,
547 1749 704 1816 μῖσος

162 1836 340 1889 ito-3m.

764 2025 1020 2091 Σχόλιον
1046 2027 1112 2095 β’.

232 2115 548 2178 Καταλαλος
598 2117 742 2186 ψογὴ
790 2119 1036 2189 τρίὸολον
1087 2123 1721 2203 ἔχειγλῶσσαν·ὲαυτὴν

154 2213 272 2276 γὰρ
309 2210 400 2262 καὶ
430 2209 520 2262 τὸν
551 2211 836 2275 ἀκούοντα,
867 2213 978 2267 ἐσθ’
1005 2216 1093 2269 ὅτε
1122 2217 1180 2270 δὲ
1209 2218 1302 2272 καὶ
1337 2220 1428 2273 τὸν
1479 2222 1716 2277 καταλα-

153 2301 251 2354 λού
258 2318 420 2370 μενον
437 2301 684 2369 βλάπτει.

849 2401 1054 2455 Ἄλλο.

226 2486 470 2550 Θανατος
498 2488 675 2559 ψυχῆς
729 2494 884 2560 μῖσος
912 2493 1048 2563 πρὸς
1097 2495 1188 2548 τὸν
1236 2495 1498 2567 πλησίονο
1546 2503 1718 2572 τεῖχός

149 2590 272 2629 εστι
295 2579 404 2630 τῶν
430 2579 488 2631 ὲν
513 2580 710 2646 γνώσει
732 2582 1105 2652 πολεμούντων
1125 2601 1139 2615 ⁸
1177 2587 1236 2640 τὸ
1260 2587 1317 2641 δὲ
1341 2589 1498 2659 ψέξαι
1535 2593 1714 2658 αὑτὸν,

151 2667 415 2721 καταλύει
433 2669 493 2723 τὸ
530 2673 704 2742 τεῖχος
738 2674 796 2726 ἐν
827 2676 1089 2749 ἀγνωσία.

617 2852 875 2916 Σχόλιον
924 2856 1150 2910 ’Ῑσιιΐου
1189 2868 1258 2926 γ’.

242 2933 371 2986 Ἐάν
398 2936 480 2999 τίς
512 2954 592 2991 σοι
614 2939 747 3010 λέγῃ
776 2941 966 3010 λόγους
991 2946 1302 3017 ἀνωφελεῖς,
1361 2955 1436 3026 μὴ
1483 2955 1716 3030 θελήσῃς

147 3023 388 3076 ἀκοῦσαι
411 3028 625 3094 αὐτοὺς,
647 3031 735 3086 ἴνα
759 3033 833 3105 μὴ
858 3036 1048 3109 ἀνέλῃς
1068 3038 1168 3112 τὴν
1185 3023 1370 3115 ψυχήν
1383 3023 1496 3112 σου,
1520 3023 1613 3102 καί

147 3119 413 3190 αἰδεσθῇς
444 3123 504 3174 τὸ
525 3127 814 3190 πρόσωπον
839 3129 1004 3182 αὑτοῦ
1039 3131 1120 3195 εἰς
1173 3133 1235 3186 τὸ
1263 3135 1497 3207 λυπῆσαι
1533 3119 1713 3210 αύτδνξ

150 3212 250 3306 ’καὶ
290 3211 363 3279 μὴ
389 3214 592 3284 ἀνασχῇ
625 3215 731 3268 τῶν
747 3217 1054 3290 λεγομένων
1075 3222 1384 3293 λόγους,ὄτι
1413 3231 1492 3302 Τῇ
1522 3233 1718 3306 καρδία

147 3297 215 3351 οὺ
256 3301 668 3396 παραδέχομαι·
700 3306 774 3378 μὴ
822 3307 982 3381 εἴπης
1027 3310 1204 3368 τοῦτο.
1253 3317 1328 3370 Οὐ
1355 3297 1552 3391 γὰρ’-εἷ
1579 3297 1718 3396 ύπὲῤ

149 3403 247 3443 το»
275 3395 722 3464 πρωτόπλαστον,
754 3398 814 3452 ὃν
840 3401 1073 3458 ἔπλασεν
1100 3408 1129 3460 ὁ
1149 3407 1282 3473 Θεὸς
1308 3413 1376 3482 τῇ
1418 3412 1524 3484 ἰδίᾳ
1554 3395 1717 3486 χειρὶ,

145 3481 208 3534 ὃν
238 3483 340 3536 οὐκ
383 3483 661 3555 ὠςιέλησεν
686 3491 719 3559 ἡ
756 3491 817 3544 οὐ
852 3493 990 3566 καλὴ
1021 3497 1228 3566 ὁμιλία.
1267 3481 1438 3570 Φεῢγε
1624 3481 1719 3561 διαὶ

148 3572 228 3642 μὴ
267 3573 392 3626 θέλε
414 3577 632 3630 ἀκούειν
651 3597 664 3609 ·
693 3581 795 3653 ὅρα
823 3581 880 3636 δὲ
904 3587 1114 3656 μήποτε
1141 3589 1357 3659 φεύγων
1380 3593 1459 3665 τῷ
1507 3595 1718 3668 σώματι

148 3666 423 3737 βουληθῇς
476 3669 679 3736 γνῶναι
729 3674 797 3730 τὰ
838 3677 1108 3747 ῥηθέντα·
1168 3681 1264 3736 ἐὰν
1321 3685 1431 3756 γὰρ
1485 3666 1721 3763 στιγμὴν

146 3755 316 3822 λόγου
377 3758 637 3831 ἀκνεῦσῃς,
685 3764 736 3814 oi
797 3765 1047 3838 δαίμονες
1091 3771 1190 3825 οὐκ
1237 3773 1367 3828 ἐῶσι
1400 3755 1475 3830 τὸ
1504 3755 1720 3849 ῥηθενῆ

149 3848 398 3912 ἤκουσας
417 3889 433 3914 ,
455 3850 592 3906 ἀλλά
621 3855 902 3922 φονεύουσι
927 3859 1028 3933 τὴν
1044 3862 1222 3936 ψυχήν
1249 3882 1342 3920 σου
1360 3880 1375 3898 ⁸
1402 3868 1485 3924 διὸ
1503 3848 1720 3941 φεύγων

147 3944 324 4012 qia-ay:
358 3946 656 4012 παντελῶς.

297 4199 557 4267 Σχόλιον
581 4205 803 4259 Φωτιου
817 4209 1581 4290 Κωνσταντινουπόλεωςξᾶο

221 4289 292 4340 Ai
314 4291 610 4382 atspiapyo:
639 4297 828 4366 φύσεις
864 4317 1001 4372 προς
1038 4305 1138 4374 μὲν
1166 4306 1230 4359 τὸ
1271 4289 1600 4382 κατόρθωμα
1623 4314 1718 4369 τοῦ

151 4379 386 4449 πλησίον
408 4383 508 4436 ούκ
542 4385 781 4442 ἐθέλουσι
809 4389 1053 4461 βλέπειν’
1082 4395 1385 4462 ὁξυωποῦσι
1409 4379 1473 4456 Ϋδὲ
1494 4379 1630 4474 ατρὸς
1661 4408 1722 4463 τὸ

152 4471 484 4543 ἐλάττωμα·
521 4476 623 4530 κᾶν
659 4481 756 4549 μὲν
808 4483 1058 4555 εὖριιισιν,
1112 4490 1364 4560 ἥρπασαν
1404 4495 1497 4548 καὶ
1527 4497 1717 4552 διεκωυ
1755 4460 1800 4517 D

149 4563 409 4623 ὃωνισαν,
426 4565 492 4618 ἂν
513 4569 568 4621 δὲ
597 4571 670 4642 μὴ
695 4573 944 4644 εὕρωσιν,
968 4581 1120 4634 αὐτοὶ
1139 4584 1337 4652 μᾶλλον
1357 4588 1719 4646 εἰδωλοποιείν

155 4657 247 4706 καὶ
275 4656 534 4710 πλάττειν
559 4661 902 4738 αἱροῦνται,ἣ
930 4671 1087 4742 κενὴν
1109 4675 1363 4730 ἀπελθεῖν
1375 4681 1470 4749 τὴν
1498 4699 1714 4752 περιερ-

153 4765 222 4814 γα
230 4749 356 4801 sim
385 4751 692 4823 ἀνέχονται.

848 4937 1048 4993 Ἄλλο.

222 5017 288 5067 Ai
315 5017 607 5087 δυσμενεῖς
650 5025 860 5095 γνῶμαι
913 5031 1009 5082 καὶ
1052 5033 1150 5094 τὰς
1202 5039 1441 5107 χρηστὰς
1494 5042 1714 5111 πράξεις

155 5109 400 5173 καὶτοὺς
420 5111 727 5184 ὠφελίμους
753 5119 942 5188 λόγους
961 5126 1098 5192 πρὸς
1136 5127 1196 5180 τὸ
1251 5131 1429 5199 χεῖρον
1471 5109 1716 5205 διαστρέ-

157 5220 273 5269 φειν
294 5207 676 5274 ἀγωνίζονται.

711 5308 897 5362 Ἄλλο
939 5310 1165 5368 Ἰσαάκ.

237 5391 503 5443 Ἐνὼπιον
531 5393 897 5468 ύψηλὸφρονος
924 5402 1020 5455 καὶ
1066 5405 1347 5470 νοσοῦντος
1383 5407 1473 5462 τὸν
1529 5410 1718 5478 φθόνον

166 5483 296 5546 μετά
325 5487 760 5557 παρατηρήσεως
787 5489 935 5545 λάλει
958 5508 972 5524 °
996 5495 1070 5558 ὡς
1093 5495 1202 5568 γὰρ
1218 5498 1282 5552 σὺ
1318 5497 1514 5565 λαλεῖς,
1558 5501 1719 5568 αὐτὸς

165 5576 298 5625 ποιεῖ
331 5575 394 5627 ἐν
430 5577 498 5646 τῇ
538 5579 729 5650 καρδίᾳ
778 5584 941 5639 αὐτοῦ
985 5586 1241 5659 ἐξήγησιν
1271 5590 1378 5646 τῶν
1408 5593 1578 5664 λόγων
1628 5611 1717 5650 σου

236 5757 277 5785 δ’
319 5757 463 5811 l’sal.
509 5775 665 5815 ani.
704 5762 747 5813 7.

985 962 1092 1002 non
1149 963 1274 1002 raro
1317 950 1462 1003 enim
1511 959 1564 1003 et
1626 947 1726 1017 ipsi
1756 944 1930 1000 delusi
1961 958 2105 1001 sunt.

253 1027 533 1092 ’Λνάὗασις
559 1030 779 1099 δεκάτη.
805 1035 871 1104 ῆν
899 1037 928 1088 ὁ
959 1037 1188 1108 νικήσας
1223 1038 1441 1109 ἀγάπης
1487 1039 1725 1109 ἐργάτης

1899 1036 2133 1091 Gradum
2161 1038 2427 1092 decimum
2459 1040 2550 1108 qui
2583 1040 2730 1104 vicit,
2781 1040 2916 1094 nihil
2951 1044 3054 1096 nisi
3099 1062 3164 1100 ex
3215 1047 3395 1101 eliario

1829 1136 1936 1182 tate
1970 1129 2102 1196 agit,
2139 1129 2190 1182 in
2224 1144 2352 1184 vero
2382 1131 2526 1185 luctu
2559 1132 2906 1187 constitutus.

2193 1279 2481 1335 SCIIOLM
2520 1283 2611 1335 AD
2648 1284 2932 1339 GllADUM
2978 1286 3038 1339 Χ.

2362 1393 2438 1449 De
2471 1395 2858 1450 obtrectatione.

2441 1484 2687 1540 Scholion
2727 1490 2747 1541 Ἰ
2763 1531 2774 1542 .

1900 1567 2168 1626 Eﬂ'rontes
2192 1583 2246 1627 et
2275 1575 2610 1644 impudentes
2643 1579 3060 1636 adolescentultc
3088 1594 3235 1648 sunt,
3269 1600 3397 1640 ven-

1825 1658 1924 1715 tris
1958 1661 2250 1730 ingluvies,
2281 1663 2537 1730 ebrietas,
2578 1666 2814 1736 luxuria,
2847 1669 3024 1723 inanis
3053 1670 3224 1740 gloria
3252 1689 3264 1723 ;
3300 1687 3394 1727 oc-

719 1791 734 1815 ,
788 1750 1015 1820 φθόνος,
1073 1757 1130 1809 αἳ
1192 1758 1284 1809 καὶ
1329 1759 1486 1826 φόνον
1543 1762 1724 1814 ἐπιτεο
1751 1773 1796 1831 Β

1824 1751 1983 1807 culta:
2032 1762 2212 1808 autem
2265 1757 2350 1825 (et
2395 1771 2516 1826 quae
2570 1757 2747 1826 palam
2789 1759 3032 1816 honesta:
3085 1761 3392 1831 apparent),

1825 1843 2127 1912 hypocrisis
2162 1861 2254 1901 seu
2307 1848 2605 1913 simulatio,
2660 1849 3001 1916 obtrectatio,
3055 1853 3263 1916 odium,
3309 1853 3394 1907 in-

1825 1935 1987 1996 vidia,
2019 1952 2139 2006 quae
2168 1941 2330 1994 etimit
2363 1949 2593 1995 mortem
2627 1941 2888 1998 inferunt.

2433 2031 2683 2088 Scholion
2719 2034 2772 2090 2.

1889 2121 2083 2176 Anima
2113 2137 2236 2192 quae
2257 2123 2683 2182 detractionibus
2712 2138 2795 2182 est
2823 2129 3081 2192 obnoxia,
3115 2131 3390 2186 trisulcam

1823 2209 1986 2265 habet
2012 2211 2252 2282 linguam
2288 2233 2300 2267 :
2334 2225 2494 2270 nocet
2519 2218 2663 2271 enim
2695 2229 2748 2272 et
2778 2218 2879 2274 sibi
2922 2219 3024 2290 ipsi
3054 2231 3110 2274 et
3134 2220 3389 2286 auditori,

1819 2311 1874 2355 et
1905 2303 1981 2356 illi
2015 2305 2344 2377 quandoque
2370 2308 2456 2364 cui
2501 2309 2818 2365 detrahitur.

2421 2399 2579 2471 ιω
2615 2402 2794 2457 Aliud.

1890 2485 2126 2543 Exilium
2156 2489 2352 2546 animae
2378 2502 2462 2547 est
2491 2493 2676 2548 odium
2712 2510 2837 2566 erga
2877 2499 3184 2567 proximum
3218 2520 3230 2553 :
3265 2514 3388 2570 pro-

1821 2583 2186 2651 pugnaculum
2228 2583 2320 2654 qui
2353 2584 2486 2640 illud
2525 2587 2762 2642 scienter
2800 2589 2855 2642 in
2905 2589 3091 2645 hostes
3130 2599 3344 2646 vertunt
3375 2610 3389 2648 :

1819 2687 2044 2742 carpere
2090 2683 2270 2730 autem
2306 2678 2632 2746 proximum,
2672 2691 2754 2736 est
2803 2696 2900 2751 per
2932 2682 3198 2737 inscitiam
3245 2683 3385 2739 sub-

1823 2777 1978 2819 ruere
2001 2768 2481 2838 propugnaculum.

2344 2858 2505 2916 Isaia:
2537 2863 2763 2928 abbatis,
2804 2867 2858 2921 5.

1891 2942 1951 2999 Si
1982 2945 2108 3016 quis
2136 2963 2419 3007 sermones
2453 2949 2839 3028 [perniciosos]
2880 2957 3098 3011 inutiles
3127 2956 3390 3024 intulerit,

1822 3044 1881 3090 tu
1924 3053 1991 3093 ne
2031 3040 2166 3097 velis
2194 3042 2315 3098 illos
2347 3046 2557 3108 audire,
2601 3063 2669 3102 ne
2697 3048 2893 3119 perdas
2923 3051 3158 3105 animam
3199 3058 3347 3105 tuam
3373 3091 3389 3116 ,

1818 3140 1918 3181 nec
1945 3130 2242 3186 reverearis
2274 3133 2394 3201 ejus
2419 3135 2648 3200 vultum,
2675 3139 2746 3192 ita
2779 3149 2836 3191 nt
2867 3139 3159 3194 contristes
3194 3139 3342 3194 illum
3370 3158 3387 3206 ;

1818 3231 1918 3273 nec
1932 3217 2226 3276 dicentium
2246 3224 2407 3279 verba
2438 3241 2589 3292 cura,
2611 3243 2731 3282 cum
2777 3229 2967 3284 dicunt
2998 3248 3011 3284 :
3045 3229 3157 3287 Nos
3191 3231 3305 3287 litae
3333 3232 3388 3287 in

1817 3310 2058 3366 animum
2109 3327 2216 3368 non
2250 3316 2616 3385 admittimus;
2648 3335 2716 3374 ne
2746 3321 2949 3376 dixeris
2999 3323 3104 3378 hoc
3140 3343 3155 3378 ;
3185 3321 3301 3378 Non
3331 3339 3390 3381 es

1819 3403 2013 3458 melior
2048 3406 2257 3461 Adamo
2289 3411 2662 3480 protoplasto,
2708 3429 2869 3483 quem
2926 3413 3070 3470 Deus
3116 3416 3233 3487 ipse
3289 3432 3389 3472 sua

1818 3510 1982 3551 manu
2009 3496 2279 3566 formavit,
2309 3501 2397 3556 cui
2424 3517 2533 3557 non
2561 3502 2766 3573 profuit
2793 3505 2935 3560 mala
2970 3506 3384 3565 sermocinatio.

1819 3585 1966 3656 Fuge
2002 3603 2151 3658 ergo,
2183 3605 2252 3646 ne
2278 3591 2436 3657 audi;
2482 3607 2614 3648 cave
2647 3595 2833 3658 etiam,
2866 3610 2953 3662 ne,
2989 3595 3119 3651 dum
3147 3597 3390 3653 declinas

1817 3693 2067 3748 corpore,
2097 3680 2239 3737 dicta
2279 3692 2458 3738 tamen
2488 3684 2620 3741 velis
2651 3686 2721 3740 ab
2758 3686 2880 3742 aliis
2909 3685 3154 3760 (absens)
3183 3702 3387 3758 cogno-

1820 3785 1993 3826 scere.
2028 3769 2164 3827 Nam
2204 3775 2252 3830 si
2298 3775 2580 3831 minimam
2624 3777 2774 3832 verbi
2813 3788 3020 3848 partem
3053 3790 3150 3834 aut
3177 3780 3416 3850 apicem.

1819 3863 2081 3929 audieris,
2112 3863 2384 3922 daemones
2413 3882 2522 3922 non
2567 3867 2846 3924 dimittunt
2870 3869 3074 3926 dictum
3102 3871 3250 3942 quod
3284 3885 3386 3926 au-

1819 3953 1971 4018 disti,
1996 3956 2092 4011 sed
2113 3957 2367 4012 occidunt
2392 3960 2628 4013 animam
2662 3973 2806 4014 tuam
2837 3978 2851 4015 :
2885 3963 3111 4032 proinde
3135 3962 3388 4020 omnibus

1821 4043 1996 4098 modis
2040 4055 2304 4114 quantum
2361 4057 2513 4116 potes
2562 4047 2948 4115 (detractiones
3007 4067 3102 4107 seu
3166 4051 3383 4108 inutiles

1821 4131 2057 4203 fabulas)
2093 4134 2236 4205 fuge.

1988 4223 2166 4279 Phottt
2205 4229 2529 4297 patriarchae
2567 4229 3138 4300 Constantinopolitani
3169 4234 3224 4288 4.

1897 4314 2136 4372 ..ἷιιι-ῑοεεο
2172 4326 2381 4374 mentes
2412 4320 2480 4374 ad
2512 4329 2658 4376 recte
2690 4319 2833 4377 facta
2878 4323 3101 4381 alterius
3146 4341 3240 4381 seu
3273 4327 3384 4382 vir-

1825 4413 1968 4461 tutcs
2017 4408 2208 4464 nolunt
2253 4413 2546 4478 attendere,
2577 4428 2677 4468 nec
2735 4414 3045 4485 respicere;
3095 4416 3381 4474 minimum

1827 4513 1956 4553 vero
1977 4499 2186 4569 lapsum
2214 4511 2468 4572 peracute
2496 4516 2742 4571 cernunt,
2770 4515 2824 4562 et
2854 4506 2900 4561 si
2929 4507 3058 4578 quid
3085 4507 3383 4579 deprellen-

1827 4589 2028 4656 derint,
2062 4593 2369 4663 arripiunt,
2416 4596 2695 4666 exagitant
2720 4606 2775 4653 et
2801 4599 3133 4668 examinant,
3168 4602 3212 4655 si
3248 4601 3379 4656 nihil

1829 4682 2116 4752 εοεαε-ἔειπε,
2154 4683 2260 4755 ipsi
2307 4685 2412 4741 sibi
2463 4688 2673 4742 somnia
2729 4696 2785 4744 et
2833 4689 3095 4761 imagines
3140 4691 3380 4764 lingunt,

1827 4774 2008 4828 potius
2052 4789 2214 4844 quam
2272 4789 2326 4832 ut
2371 4778 2468 4848 ipsi
2521 4780 2739 4835 inanem
2800 4781 3168 4838 curiositatem
3225 4799 3380 4838 suam

1829 4863 1975 4918 abire
2012 4865 2214 4920 sinant.

2519 4961 2697 5017 Aliud.

1896 5045 2162 5119 Malignus
2194 5053 2408 5107 animus
2434 5054 2595 5108 etiam
2630 5063 2774 5110 recte
2802 5054 2943 5112 facta
2989 5065 3044 5112 et
3072 5060 3230 5117 utiles
3269 5075 3380 5115 scr-

1827 5153 2014 5195 mones
2045 5142 2098 5196 in
2129 5143 2449 5199 deteriorem
2478 5155 2688 5218 partem
2715 5148 2932 5204 trahere
2959 5149 3173 5207 nititur.

2499 5329 2694 5385 lsaaci.

1892 5416 2029 5471 Cum
2080 5419 2316 5489 superbo
2359 5431 2414 5475 et
2467 5422 2650 5478 invido
2712 5430 2872 5480 caute
2921 5423 3191 5493 loquitor;
3240 5424 3374 5479 sicut

1823 5507 1966 5562 enim
1997 5509 2260 5580 loqueris,
2292 5529 2391 5582 pro
2425 5516 2634 5570 ratione
2679 5516 2752 5570 tui
2800 5516 3068 5572 sermonis
3107 5527 3162 5570 et
3190 5519 3271 5571 sui
3323 5517 3375 5570 in

1827 5606 1878 5655 lc
1905 5602 2107 5658 amoris
2133 5602 2328 5660 format
2359 5606 2473 5676 ipsc
2505 5608 2556 5661 in
2581 5607 2762 5663 animo
2801 5623 2902 5664 suo
2939 5608 3229 5664 verborum
3254 5620 3373 5664 tuo-
