4210 6464
815 341 914 406 351

2058 349 2452 412 5.]ΟΑΝΝΙΞ
2476 351 2775 412 CLIMAL‘I

3923 359 4034 422 852

818 474 936 510 runt
965 457 1496 529 interpretationem;
1546 473 1597 514 et
1626 480 1690 514 ex
1722 464 1875 518 bonis
1907 466 2015 518 luis
2058 467 2253 534 accipit
2289 481 2375 519 ar-
2403 471 2449 527 Α
2477 487 2480 519 1

2367 495 2375 506 -
2403 471 2449 527 Α
2477 468 2659 530 καθως
2685 468 2779 520 καὶ
2807 470 3023 540 ἀγαπᾷ·
3062 473 3151 525 καὶ
3184 473 3246 524 ὲκ
3283 474 3383 523 τών
3437 471 3652 536 αγαθῶν
3688 472 3790 522 τῶν
3840 486 3899 522 εν
3947 473 4029 523 σοὶ

817 558 1156 616 gumentum,
1186 566 1296 620 quo
1326 555 1570 606 abutitur
1605 557 1742 622 apud
1771 557 1904 609 alios
1932 567 1991 610 ut
2013 557 2374 620 ollendantur,

816 653 869 694 et
904 643 1067 695 verba
1121 653 1212 697 tua
1269 647 1670 700 transferuntur
1712 649 1764 700 in
1818 659 2052 703 mentem
2100 648 2270 717 ipsius
2311 649 2377 702 ad

816 736 1100 789 materiam
1133 745 1188 790 et
1215 738 1479 792 rationem
1510 741 1683 793 morbi
1716 739 1885 796 illius.

1311 950 1460 1018 191
1503 948 1781 1004 (illAllUS
1820 951 1909 1003 ΧΙ.

1213 1055 1292 1108 De
1327 1058 1640 1124 loquacitate
1678 1069 1725 1112 ct
1767 1059 2002 1114 silentio.

897 1146 1214 1216 Expositum
1243 1155 1326 1201 est
1356 1149 1536 1216 priore
1569 1150 1743 1218 capite
1782 1150 2035 1213 breviter,
2074 1166 2238 1220 quam
2277 1156 2384 1220 plc-

827 1253 957 1290 num
989 1238 1060 1291 sit
1088 1237 1332 1306 periculi,
1353 1249 1406 1290 et
1423 1254 1810 1308 nonnunquam
1843 1245 2096 1310 subrepat
2117 1243 2276 1296 etiam
2301 1244 2386 1304 iis,

826 1330 920 1397 qui
955 1330 1207 1382 videntur
1242 1329 1513 1397 religiosi,
1565 1332 1755 1384 vitium
1786 1335 1923 1387 alios
1957 1333 2256 1402 judicandi,
2292 1347 2388 1389 aut

828 1418 1032 1478 potius,
1076 1427 1134 1471 ut
1165 1419 1234 1471 ab
1263 1419 1386 1473 aliis
1411 1419 1738 1488 judiccmnr,
1784 1431 1837 1476 et
1869 1423 1938 1476 ab
1982 1423 2163 1492 lingua
2201 1435 2387 1481 nostra

825 1509 1144 1577 plectamur.
1200 1511 1490 1580 Reliquum
1533 1522 1613 1566 est
1663 1528 1810 1579 ergo,
1869 1525 1928 1569 ut
1979 1533 2123 1572 nunc
2168 1533 2388 1572 causam

825 1604 1154 1669 aperiamus,
1185 1615 1238 1658 et
1276 1605 1497 1672 januam
1535 1621 1628 1674 per
1659 1622 1824 1674 quam
1874 1609 1924 1662 id
1967 1610 2154 1663 vitium
2201 1612 2378 1680 ingre-

824 1695 1023 1758 diatur,
1058 1695 1165 1748 imo
1196 1711 1323 1749 vero
1356 1686 1679 1764 egrediatur,
1712 1713 1775 1752 cx
1803 1700 1990 1754 ordine
2015 1701 2381 1755 ostendamus.

827 1785 1148 1855 Loquacilas
1168 1797 1250 1841 est
1266 1790 1421 1843 sedes
1443 1806 1590 1844 vana:
1611 1791 1811 1858 glorias,
1837 1807 1929 1860 per
1950 1808 2111 1862 quam
2133 1809 2191 1847 se
2213 1795 2382 1864 ipsam

826 1889 1118 1943 ostentare,
1149 1889 1202 1935 et
1231 1882 1284 1934 in
1312 1897 1528 1936 scenam
1557 1897 1619 1936 ac
1646 1883 1918 1937 theatrum
1941 1885 2075 1939 solet
2098 1885 2380 1940 deducere.
2416 1871 2458 1926 Β

827 1971 1152 2040 Loquacitas
1197 1982 1281 2026 est
1327 1975 1644 2041 ignorantiae
1693 1990 2102 2046 argumentum,
2151 1977 2386 2033 fenestra

827 2063 1260 2130 obtrectationis,
1287 2067 1597 2122 scurrilium
1630 2078 2076 2138 nugamentorum
2106 2074 2386 2142 magistra,

827 2157 1078 2211 ministra
1108 2159 1395 2224 mendacii,
1420 2162 1849 2229 eompunctionis
1868 2163 2153 2227 abstersio,
2176 2164 2388 2219 auctrix

827 2257 881 2300 et
906 2249 1240 2304 conciliatrix
1272 2251 1516 2318 ignaviae,
1553 2255 1728 2306 somni
1762 2256 1972 2318 nuntia,
2022 2257 2389 2312 meditationis

828 2341 1129 2406 distractio,
1161 2345 1420 2397 custodite
1457 2347 1638 2400 cordis
1687 2349 1931 2411 abolitio,
1968 2349 2195 2404 fervoris
2220 2351 2387 2406 divini

832 2434 1169 2502 frigidarium
1208 2445 1262 2489 et
1309 2437 1638 2506 gelicidium,
1693 2442 1956 2494 orationis
2008 2442 2234 2510 languor
2291 2460 2388 2498 seu

829 2529 1009 2597 potius
1035 2531 1357 2591 exstinctio;
1385 2533 1658 2586 silentium
1689 2535 1924 2603 prudens
1946 2546 2030 2590 est
2051 2551 2245 2605 parens
2265 2552 2390 2590 ora-

833 2622 1017 2685 tionis,
1051 2638 1079 2674 a
1109 2624 1422 2692 captivitate
1455 2625 1724 2688 liberatio,
1765 2627 1974 2683 ardoris
2005 2628 2172 2682 divini
2202 2642 2388 2683 custo-

829 2713 938 2775 dia,
983 2713 1291 2768 observatio
1340 2716 1758 2784 cogitationum,
1795 2720 2098 2787 speculator
2129 2721 2388 2787 hostium,

829 2806 1010 2859 luctus
1036 2821 1240 2870 carcer,
1282 2822 1474 2862 amans
1508 2808 1887 2878 lacrymarmn,
1924 2811 2158 2864 assidua:
2201 2813 2396 2868 mortis

829 2899 1106 2952 memoria:
1133 2897 1372 2961 ellector,
1404 2900 1790 2969 snppliciormn
1820 2913 2146 2956 :eternorum
2194 2903 2388 2973 pictor,

832 2990 1082 3046 curiosus
1110 2990 1302 3059 judicii
1349 2991 1686 3056 observator,
1720 2994 1966 3048 minister
2011 2995 2268 3051 salutaris
2295 2997 2392 3050 tri-

829 3084 1010 3147 stitite,
1045 3084 1217 3138 hostis
1258 3084 1438 3139 nimia:
1477 3086 1846 3152 conﬁdentiae,
1902 3087 2166 3158 religiosae
2193 3090 2392 3158 quietis

2476 561 2739 630 λαμϐάνει
2769 561 2901 630 ὕλην
2935 564 3013 622 είς
3054 579 3113 612 το
3153 567 3324 615 ποιεῖν
3353 563 3528 624 ἄλλοις
3563 562 3899 632 προσκάᾷαω
3937 578 4033 612 και

2475 652 2827 706 άλλάσσονται
2856 652 2906 704 οἱ
2929 652 3075 719 λόγοι
3101 668 3196 703 σου
3218 652 3277 702 ἐν
3296 653 3363 719 τῇ
3418 651 3625 717 διανοίᾳ
3675 650 3843 706 αὐτοῦ
3895 650 4031 716 πρὸς

2474 742 2572 810 τὴν
2603 743 2733 807 ὓλην
2750 744 2849 813 τῆς
2869 743 3176 814 ἀρρωστίας
3213 739 3399 797 αὐτοῦ.

2077 889 2157 894 μ’
2171 887 2534 895 ---—-....—.—-.—_.

3086 967 3301 1020 ΛΟΓΟΣ
3335 968 3436 1022 1Α⁹.

2798 1083 2932 1150 Περὶ
2954 1085 3321 1153 πολυλογίας
3351 1085 3449 1138 καὶ
3477 1083 3701 1152 σιωπῆς
3716 1127 3728 1139 .

2559 1177 2780 1245 Εἴρηται
2811 1177 2907 1242 μὲν
2939 1177 3070 1245 ἡμῖν
3107 1175 3353 1247 βραχέως
3395 1178 3453 1229 ἐν
3489 1179 3600 1240 τοῖς
3641 1178 3932 1246 φθάσασιν,
3970 1201 4042 1242 ως

2488 1268 2780 1332 ἐπισφαλὲς
2811 1267 2949 1328 λίαν,
2984 1269 3077 1320 καὶ
3112 1269 3295 1328 αὐτοῖς
3331 1270 3442 1330 τοῖς
3479 1274 3872 1337 πνευματικοῖς
3904 1266 4040 1324 ei»:

2485 1358 2701 1410 δοκοῦσι
2731 1357 3080 1428 παρεισδῦνον
3107 1359 3169 1412 τὸ
3190 1359 3266 1428 (l)
3291 1359 3515 1430 κρίνειν·
3543 1359 3738 1429 μᾶλλον
3766 1362 3822 1413 δὲ
3847 1363 3907 1413 τὸ
3929 1380 4018 1429 κρε

2487 1451 2689 1513 νεσθαι,
2724 1452 2816 1504 καὶ
2845 1450 2948 1503 ὑπὸ
2975 1450 3219 1521 γλώττης
3255 1449 3592 1513 κολάζεσθαι·
3627 1453 3744 1504 νυνὶ
3773 1453 3828 1504 δὲ
3861 1454 4045 1506 λοιπὸν

2487 1544 2580 1595 καὶ
2627 1541 2725 1611 τὴν
2770 1543 2967 1605 αἰτίαν,
3009 1542 3102 1594 καὶ
3152 1542 3252 1612 τὴν
3305 1539 3472 1612 θύραν
3512 1542 3579 1595 δι’
3601 1538 3666 1613 ἧς
3713 1545 4041 1614 εἰσέρχεται.

2490 1635 2688 1703 μᾶλλον
2734 1635 2790 1686 δὲ
2844 1635 3142 1705 ἐξέρχεται,
3192 1634 3483 1687 ἀκόλουθον
3529 1635 3588 1687 ἐν
3623 1635 3800 1702 λόγοις
3860 1637 4042 1700 τάξαι.

2487 1726 2784 1793 Πολυλογία
2838 1726 2954 1778 ἐστὶ
2999 1726 3299 1792 κενοδοξίας
3351 1726 3607 1796 καθέδρα,
3650 1727 3716 1778 δι’
3753 1724 3819 1797 ἧς
3849 1729 4046 1798 ἑαυτὴν

2486 1817 2802 1886 ἐμφανίζειν
2860 1817 2952 1868 καὶ
2999 1817 3405 1885 ἀναπομπεύειν
3446 1818 3676 1886 πέφυκε.
3741 1819 4046 1886 Πολυλογία

2484 1910 2629 1961 ἐστὶν
2660 1909 2934 1977 ἀγνωσίας
2959 1910 3276 1980 τεκμήριον,
3305 1909 3631 1972 καταλαλιάς
3655 1910 3815 1982 θύρα,
3849 1912 4038 1981 εὐτρα-

2485 2002 2674 2065 πελίας
2719 2000 3073 2071 χειραγωγδς,
3111 2000 3337 2069 ψεύδους
3369 2001 3657 2072 ὑπουργὸς,
3697 2005 4046 2070 κατανύξεως

2483 2093 2741 2158 διάλυσις,
2780 2093 3004 2164 ἀκηδίας
3056 2092 3292 2164 κλήτωρ,
3339 2091 3507 2145 ὕπνου
3554 2094 3880 2164 πρόδρομος,
3926 2113 4038 2148 συν-

2484 2186 2632 2249 νοίας
2660 2184 3013 2256 σκορπισμὸς,
3057 2184 3302 2254 φυλακῆς
3327 2183 3651 2254 ἀφανισμὸς,
3682 2183 3897 2255 θέρμης
3945 2186 4043 2252 ψυ-

2486 2279 2810 2349 χρηστήριον
2845 2275 3187 2348 μυκτήρων,
3223 2277 3298 2328 al.
3327 2274 3764 2347 ψυχριστήριον1,
3815 2293 4041 2345 πῳσευ-

2485 2370 2586 2438 χῆς
2617 2366 2936 2440 ἀμαύρωσις
2960 2367 3136 2437 σιωπὴ
3160 2369 3217 2420 ἐν
3237 2365 3435 2435 γνώσει
3455 2382 3470 2396 ⁸
3503 2365 3578 2436 (3)
3611 2368 3794 2437 μήτηρ
3826 2383 4026 2437 προδει.

2486 2463 2606 2533 χῆς,
2636 2459 3007 2531 αἰχμαλωσίας
3053 2459 3368 2530 ἀνάκλησις,
3415 2457 3584 2529 πυρὸς
3628 2457 3867 2528 φυλακὴ,
3904 2458 4044 2525 λογι-

2488 2555 2640 2625 σμῶν
2669 2555 2982 2620 ἐπίσκοπος,
3019 2552 3218 2616 σκοπὸς
3245 2552 3541 2622 πολεμίων,
3576 2551 3804 2615 πένθους
3837 2551 4045 2621 δεσμωα

2486 2651 2690 2719 τὴριον,
2733 2647 2981 2718 δακρύων
3024 2647 3173 2715 φίλη,
3226 2644 3456 2700 θανάτου
3521 2646 3738 2715 μνήμης
3785 2645 4046 2713 ἐργάτης.

2489 2740 2759 2802 κολάσεως
2782 2740 3088 2810 ζωγράφος,
3119 2739 3352 2809 κρίσεως
3381 2737 3648 2807 φιλοπράγ
3661 2754 3798 2805 μων,
3845 2737 4044 2806 ἀδημο-

2490 2838 2607 2901 νίας
2633 2835 2923 2906 ὑπουργὸς,
2952 2831 3262 2902 παρρησίας
3298 2829 3487 2901 ἔχθρα,
3521 2829 3747 2899 ἡσυχίας
3795 2828 4050 2896 σύζυγος.

2489 2924 2957 2997 φιλοδιδασκαλίας
3023 2921 3350 2984 ἀντίπαλος,
3413 2919 3667 2987 γνώσεως
3728 2919 4050 2990 προσθήκη,

2491 3018 2858 3089 θεωρημάτων
2883 3013 3230 3085 δημιουργὸς,
3257 3011 3470 3081 ἀφανὴς
3499 3010 3769 3082 προκοπὴ,
3799 3010 4055 3082 λεληθυῖα

2493 3111 2776 3172 ἀνάϐασις.
2847 3109 2905 3161 '0
2960 3105 3214 3174 ἐπιγνοὺς
3267 3102 3722 3176 παραπτώματα,
3781 3103 4051 3174 ἐκράτησε

829 3179 1032 3246 conqu
1067 3177 1320 3249 [comes],
1375 3179 1675 3232 ambitiosa:
1723 3179 1981 3233 doctrinae
2025 3192 2387 3250 oppugnator,
2416 3210 2460 3268 α

2416 3210 2460 3268 C
2491 3203 2758 3272 γλώσσης·
2815 3201 2844 3252 ὁ
2889 3198 2946 3252 δὲ
2988 3197 3279 3264 πολύλογος
3316 3195 3468 3249 ούπω
3507 3195 3719 3263 ἐπέγνω
3758 3195 3961 3248 ἐαυτὸν

829 3271 1071 3325 scientia
1121 3279 1492 3339 augmentum,
1533 3272 2008 3341 contemplationis
2046 3272 2389 3340 infortnator,

830 3364 1074 3418 occultus
1112 3364 1165 3417 in
1197 3365 1491 3418 virtutibus
1524 3366 1680 3434 192
1720 3365 2016 3434 prolectus,
2062 3381 2294 3432 arcanus
2339 3367 2392 3420 in

833 3454 1002 3509 Deum
1039 3469 1320 3510 ascensus.
1368 3455 1470 3520 Qui
1526 3472 1655 3510 suos
1702 3458 1885 3526 lapsus
1929 3457 2192 3526 agnoscit,
2236 3455 2393 3514 facile

831 3563 942 3600 sua:
971 3547 1168 3615 linguae
1190 3547 1439 3616 imperat.
1475 3547 1646 3602 llomo
1682 3549 1940 3604 verbosus
1992 3548 2231 3602 nondum
2262 3550 2394 3605 satis

832 3640 888 3693 in
924 3640 1008 3712 sui
1039 3639 1405 3709 cognitionem
1439 3640 1738 3695 dest-endit.
1773 3641 2066 3696 Studiosus
2089 3642 2287 3695 silentii
2312 3651 2396 3696 est

832 3735 1114 3790 familiaris
1137 3734 1268 3800 Deo,
1298 3742 1352 3788 et
1383 3749 1581 3788 arcano
1619 3735 1853 3803 quodam
1889 3734 2063 3798 modo,
2088 3734 2240 3799 dum,
2268 3750 2393 3788 cum

832 3828 925 3881 illo
957 3827 1297 3882 familiariter
1334 3828 1686 3897 colloquitur,
1734 3843 1763 3879 a
1795 3827 1901 3880 Deo
1936 3827 2259 3904 illustratur.
2305 3827 2388 3880 Si-

831 3919 1054 3972 lentium
1114 3919 1241 3974 Jesu
1284 3919 1510 3974 Pilatum
1554 3921 1619 3972 ad
1673 3920 2024 3973 reverentiam
2071 3919 2193 3986 ejus
2240 3934 2391 3973 com-

833 4009 1032 4071 movit;
1079 4019 1131 4061 et
1175 4009 1330 4077 quies
1383 4025 1413 4062 a
1471 4022 1721 4062 sermone
1765 4023 1915 4061 vanae
1942 4008 2155 4076 ogloriae
2201 4024 2396 4062 nervos

835 4102 1040 4152 incidit.
1076 4101 1267 4156 Petrus
1295 4102 1504 4170 prolata
1539 4117 1669 4154 voce
1698 4101 1843 4155 ﬂevit
1875 4117 2079 4166 amare,
2109 4105 2396 4158 immemor

834 4192 976 4244 illius
1021 4192 1113 4260 qtti
1147 4193 1282 4245 dixit
1313 4210 1326 4245 :
1359 4191 1518 4245 Diti:
1541 4191 1850 4245 Custodiam
1882 4195 1994 4245 vias
2025 4211 2184 4265 atreus,
2217 4205 2394 4247 utnon

832 4282 1130 4350 delinquunt
1165 4285 1216 4336 in
1253 4285 1430 4352 lingua
1476 4301 1588 4338 mea
1616 4285 1695 4350 “;
1740 4295 1792 4339 et
1817 4279 2160 4357 alterius'qui
2184 4288 2395 4341 censuit

835 4385 1091 4443 prmstare
1137 4391 1167 4429 e
1217 4377 1436 4430 sublimi
1488 4377 1540 4429 in
1589 4387 1784 4430 terram
1815 4394 1992 4441 ruere,
2021 4396 2182 4448 quam
2215 4379 2395 4449 lingua

832 4470 1124 4543 ollendere.
1159 4471 1319 4526 Plura
1351 4473 1418 4527 de
1452 4473 1536 4527 Itis
1568 4476 1780 4528 tradere
1816 4476 2166 4544 supersedeo,
2198 4491 2392 4545 quant-

2491 3295 2591 3348 δεῖ.
2631 3295 2690 3346 '0
2716 3292 2922 3360 σιωπῆς
2953 3291 3030 3360 (5)
3058 3289 3207 3358 φίλος
3239 3285 3585 3358 προσεγγίζει
3609 3285 3747 3356 Θεῷ,
3767 3287 3868 3339 καὶ
3902 3286 4054 3356 λελη-

2493 3384 2660 3446 θότως
2700 3379 2998 3449 συνομιλῶν
3031 3379 3323 3447 φωτίζεται
3358 3376 3508 3447 παρὰ
3559 3375 3645 3428 τοῦ
3675 3375 3839 3431 Θεοῦ.
3884 3376 4056 3446 ’1ησοῦ

2493 3476 2670 3544 σιωπὴ
2697 3472 2949 3543 ἐνέτρεψε
2979 3471 3232 3530 Πιλάτον,
3269 3472 3361 3524 καὶ
3397 3469 3585 3538 ἀνδρὸς
3624 3468 3827 3538 ἡσυχία
3877 3470 4058 3538 φωνῆς

2492 3568 2806 3636 κατήργησε
2827 3562 3147 3628 κενοδοξίαν.
3177 3562 3348 3629 Λόγον
3373 3559 3541 3614 εἰπὼν
3561 3560 3764 3626 Πέτρος
3791 3559 4056 3630 ἐθρήνησε

2492 3658 2704 3729 πικρῶς
2736 3656 3123 3725 ἁμνημονήσας
3169 3654 3261 3707 τοῦ
3300 3652 3561 3714 εἰπόντος·
3592 3645 3768 3703 Εἴπα·
3805 3651 4059 3714 Φυλὰξω

2493 3752 2598 3816 τὰς
2625 3750 2802 3815 ὁδούς
2824 3765 2940 3817 μου
2970 3747 3076 3800 τοῦ
3102 3746 3188 3815 μὴ
3219 3745 3574 3815 ἁμαρτάνειν
3597 3760 3674 3812 με
3706 3743 3778 3795 ἐν
3802 3744 4057 3810 γλώσσῃ

2487 3862 2626 3913 μου,
2657 3843 2751 3895 καὶ
2779 3839 2872 3893 τοῦ
2905 3839 3090 3910 ἐτέρου
3114 3841 3402 3908 φήσαντος,
3441 3838 3702 3905 Κρεῖττον
3735 3838 3929 3888 πεσεῖν
3959 3837 4060 3888 ἀπὸ

2493 3937 2660 4004 ὕψους
2681 3937 2759 3996 εἰς
2784 3932 2906 4002 γῆν,
2930 3931 2963 4001 ἢ
2998 3930 3105 3985 ἀπὸ
3141 3927 3410 3996 γλώσσης.
3436 3927 3545 3981 Καὶ
3571 3923 3740 3978 πολλά
3781 3926 3917 3995 περὶ
3946 3925 4058 3978 τού-

2491 4046 2598 4079 των
2639 4025 2812 4094 ἔγωγε
2842 4024 3073 4094 γράφειν
3098 4021 3158 4073 οὐ
3191 4020 3470 4091 βούλομαι,
3500 4019 3602 4072 κᾶν
3635 4019 3689 4070 αἱ
3720 4017 3816 4070 τοῦ
3852 4019 3930 4088 (4)
3962 4038 4056 4071 πα-

2494 4119 2600 4172 θῶν
2644 4115 2970 4187 πανουργίαι
3021 4115 3175 4168 τοῦτο
3221 4117 3392 4166 ποιεῖν
3432 4111 3874 4183 προτρέπω-παι.

2492 4213 2698 4283 ἤκουσά
2735 4209 2865 4262 ποτέ
2913 4225 3057 4270 τινος
3094 4207 3222 4276 περὶ
3262 4205 3490 4276 ἡσυχίας
3517 4204 3780 4274 στόματος
3823 4205 3964 4274 πρός
3996 4221 4057 4272 με

2492 4301 2991 4372 φιλοπευστοῦντος,
3021 4300 3081 4362 ὃς
3130 4298 3302 4367 ἐλεγε,
3336 4298 3434 4369 τὴν
3480 4296 3579 4366 μὲν
3619 4295 3953 4362 πολυλογίαν
4004 4295 4059 4360 ἐξ

2491 4396 2608 4457 ἐνὸς
2646 4394 2847 4447 τούτων
2874 4390 3152 4445 τίκτεσθαι
3185 4391 3417 4452 πάντως,
3447 4388 3480 4459 ἢ
3506 4387 3564 4450 ἐξ
3589 4387 3939 4456 ἀναστροφῆς
3969 4387 4056 4439 καὶ

2494 4483 2780 4553 συνηθείας
2811 4483 3048 4551 πονηράς
3080 4480 3174 4532 καὶ
3203 4477 3493 4550 ἀκρατοῦς·
3533 4477 3690 4547 μέλος
3721 4477 3833 4546 γάρ
3864 4478 3925 4530 ὃν
3960 4496 4054 4546 φυ-

830 4566 916 4619 vis
952 4565 1134 4619 multa:
1162 4581 1248 4619 me
1281 4576 1335 4620 et
1357 4564 1629 4635 improbae
1656 4568 1909 4621 vitiorum
1949 4567 2184 4638 strophae
2228 4569 2294 4623 ad
2338 4569 2390 4622 id
2425 4550 2466 4604 [δ

2425 4550 2466 4604 D
2497 4550 2646 4628 σικδν
2675 4575 2707 4644 ἡ
2732 4550 3069 4641 γλῶσσατοῦ
3094 4571 3363 4640 σώματος,
3387 4568 3510 4620 καθ’
3533 4569 3560 4620 ὃ
3585 4568 3766 4620 λοιπὸν
3791 4568 4056 4638 παιδευθῇ

831 4661 1140 4716 hortentur.
1199 4662 1488 4716 Enimvero
1523 4665 1705 4733 accepi
1744 4678 1846 4733 ego
1907 4679 1944 4741 a.
1987 4664 2222 4732 quodam
2273 4665 2392 4718 viro

832 4753 936 4808 fide
957 4754 1141 4825 digno,
1189 4757 1302 4822 qui,
1334 4756 1402 4809 de
1433 4756 1801 4809 taciturnitate
1829 4756 1941 4811 oris
1971 4772 2180 4810 mecum
2218 4758 2391 4811 collo-

831 4855 1008 4908 culus,
1062 4846 1348 4901 afﬁrmavit
1397 4847 1776 4916 loquacitatem
1809 4863 1870 4900 ex
1910 4863 2018 4901 uno
2049 4849 2241 4902 borum
2271 4849 2384 4902 lon-

832 4941 968 4993 tiutn
995 4941 1220 4993 omnino
1243 4940 1526 5003 exsistere,
1563 4951 1654 4994 aut
1683 4958 1744 4992 ex
1781 4943 1884 4992 vita
1917 4952 1967 4993 et
2003 4943 2392 4995 consuetudine

833 5047 997 5100 prava
1028 5041 1188 5100 atque
1231 5034 1599 5086 incontinente
1642 5033 1860 5102 (lingua
1889 5035 2032 5086 enim
2058 5049 2180 5088 cum
2228 5044 2390 5087 natu-

832 5126 946 5176 ralc
973 5124 1219 5192 corporis
1249 5126 1320 5178 sit
1347 5125 1672 5186 membrum,
1711 5126 1854 5194 quod
1899 5125 2124 5188 didicit,
2175 5128 2275 5178 boc
2302 5130 2392 5191 (ut

833 5220 1130 5287 psittacus)
1169 5221 1422 5290 deinceps
1463 5236 1528 5274 ex
1571 5237 1669 5275 usu
1704 5222 1915 5289 garrit),
1960 5232 2055 5275 aut
2093 5222 2146 5274 in
2190 5221 2257 5276 iis
2297 5225 2388 5290 qui

833 5321 1176 5374 exercentur,
1234 5328 1298 5364 ex
1343 5313 1488 5365 inani
1536 5312 1706 5381 g-loria
1744 5311 2129 5381 potissimum;
2176 5321 2262 5365 est
2305 5321 2380 5365 ta-

836 5416 958 5456 men
992 5417 1114 5455 cmn
1157 5419 1223 5456 ex
1264 5405 1468 5456 ventris
1496 5402 1728 5472 ingluvie
1757 5403 2018 5458 nascitur.
2051 5403 2389 5471 Quapropter

841 5513 940 5551 -|OI'|
985 5499 1139 5566 pauci
1171 5514 1269 5552 nec
1299 5513 1423 5552 raro
1453 5499 1688 5552 coercito
1724 5515 1818 5568 per
1843 5498 2224 5554 abstinentiam
2261 5512 2390 5551 ven-

837 5604 935 5650 tre,
965 5591 1014 5642 vi
1045 5590 1280 5658 quadam
1318 5590 1463 5643 velut
1490 5590 1674 5644 incisis
1703 5593 1881 5646 nervis
1909 5592 2145 5660 linguam
2172 5604 2388 5657 quoque

831 5687 886 5733 et
917 5679 1301 5748 loquacitatem
1335 5681 1539 5736 retudet
1557 5691 1670 5735 unt.
1706 5694 1863 5750 atque
1901 5691 2035 5735 mtta
2077 5691 2224 5748 septa
2255 5680 2383 5733 dcu-

905 5837 946 5868 ⁴³
978 5834 1119 5893 Dsal.
1153 5853 1380 5901 xxxvttt,
1433 5838 1479 5889 Ξ.

2497 4667 2783 4737 συνήθειαν
2813 4665 3182 4734 άπαιτήσειεν,
3215 4661 3249 4732 ἦ
3285 4663 3446 4715 πάλιν
3486 4662 3543 4712 ἐν
3577 4663 3689 4721 τοῖς
3719 4662 4058 4732 ἀγωνιζομέ-

2492 4775 2623 4821 νοις,
2648 4758 2742 4810 καὶ
2779 4756 3011 4826 μάλιστα
3040 4756 3103 4806 ἐκ
3127 4754 3226 4824 τῆς
3262 4751 3584 4815 κενοδοξίαςο
3617 4751 3733 4804 ἔστι
3766 4752 3824 4804 δὲ
3851 4753 3944 4806 ὅτε
3968 4752 4060 4805 καὶ

2493 4853 2556 4902 ἐκ
2581 4849 2679 4919 τῆς
2707 4847 3165 4918 γαστριμαργίας.
3196 4845 3395 4916 Διόπερ
3416 4843 3671 4906 πολλάκις
3697 4843 3885 4897 πολλοὶ
3911 4845 4059 4914 χαλι-

2493 4941 2704 5004 νοῦντες
2729 4940 2826 5009 τὴν
2859 4939 3118 5009 γαστέρα,
3144 4937 3232 5008 βία
3258 4936 3362 4990 τινὶ
3392 4935 3484 4988 καὶ
3509 4933 3693 5003 ἀτονία
3716 4934 4058 4998 συγκλείουσι

2498 5036 2591 5089 καὶ
2619 5035 2719 5102 τὴν
2746 5032 2988 5100 γλῶτταν
3043 5031 3139 5084 καὶ
3165 5031 3264 5100 τὴν
3302 5027 3644 5080 πολυέπειαν.
3692 5026 3755 5078 Ὀ
3790 5029 4060 5096 μεριμνή-

2497 5141 2595 5186 σας
2642 5123 2820 5189 ἐξόδου
2875 5119 3164 5191 περιέκοψε
3218 5118 3426 5185 λόγουςο
3477 5117 3570 5168 καὶ
3633 5117 3662 5168 ὁ
3714 5117 4057 5186 κτησάμενος

2496 5216 2690 5276 πένθος
2731 5214 2926 5283 ψυχῆς,
2977 5214 3052 5275 ώς
3099 5209 3208 5280 πῦρ
3258 5207 3580 5278 ἀπεστράφη
3609 5205 3958 5274 πολυλογίαν.
3997 5206 4056 5258 '0

2494 5309 2780 5378 ἀγαπήσας
2822 5303 3072 5374 ἡσυχίαν,
3101 5301 3388 5355 ἀπέκλεισε
3421 5300 3610 5368 στόμα,
3662 5299 3691 5350 ὀ
3753 5297 3810 5351 δὲ
3854 5300 4059 5368 χαίρων

2495 5402 2617 5462 ταῖς
2646 5397 2910 5468 προόόοις,
2945 5395 3050 5448 ὑπὸ
3073 5393 3166 5446 τοῦ
3196 5391 3399 5454 πάθους
3427 5393 3491 5443 ἐκ
3517 5389 3613 5458 τῆς
3639 5387 3838 5457 κέλλης
3866 5388 4054 5442 διώκε-

2494 5510 2601 5545 ται.
2640 5492 2698 5541 ’0
2730 5489 2887 5558 γνοὺς
2920 5487 3092 5557 ὀσμὴν
3119 5484 3288 5554 πυρὸς
3320 5483 3564 5551 ὑψίστου,
3595 5481 3670 5544 ώς
3691 5481 3921 5550 μέλισσα
3956 5499 4056 5532 κα-

2497 5585 2645 5646 πνον,
2676 5579 2975 5650 ἀνθρώπων
3003 5578 3190 5647 φεύγει
3224 5576 3452 5628 σύνοδον·
3481 5574 3577 5644 τὴν
3621 5574 3718 5643 μὲν
3747 5573 3858 5643 γάρ
3896 5576 3924 5626 ό
3961 5590 4027 5625 κα

2500 5677 2626 5728 πνὺξ
2668 5673 2868 5728 διώκει·
2904 5673 2977 5737 τῷ
3020 5669 3073 5722 δὲ
3105 5666 3401 5741 ἀνθρώπων
3436 5666 3648 5728 σύνοδος
3676 5665 4030 5734 ἀντιπράττει
