4210 6464
226 342 330 406 853

1151 360 1376 421 SCALA
1408 362 1781 428 PARADISI.
1801 389 1870 403 -·
1892 367 2194 431 GRADUS
2224 372 2356 430 ΧΗ.

3293 354 3411 434 854

241 454 459 554 ’ρλίγων
485 455 601 509 λίαν
628 458 687 511 τὸ
706 459 846 531 ὕδωρ
868 462 1140 533 ἄφρακτον
1162 469 1403 523 κωλύειν’
1431 471 1761 544 ὀλιγωτέρων
1789 482 1835 538 Α
1862 478 1898 531 ti

1734 492 1761 527 ν
1789 482 1835 538 Α
1862 478 1996 533 tium
2030 481 2427 536 concluserunt.
2466 481 2565 546 Qui
2592 496 2872 536 excessum
2905 484 3023 538 vitm
3056 501 3259 554 semper
3290 488 3394 540 sol-

224 545 279 596 δὲ
313 546 478 614 στόμα
510 549 746 617 ἀκρατὲς
765 552 1018 622 δαμάσαι.

1866 568 2009 623 licite
2039 572 2346 635 meditatur,
2379 572 2613 640 linguam
2636 573 2744 641 jam
2771 575 3053 627 truncavit.
3090 575 3189 641 Qui
3217 591 3395 628 verum

228 637 424 736 animae
455 638 656 736 luctum
691 643 797 698 sibi
840 649 1195 716 comparavit,
1250 667 1281 707 a
1341 652 1540 711 fabulis
1585 657 1836 715 inanibus
1861 669 2118 731 tanquam
2152 663 2222 716 ab
2270 663 2390 733 igne
2434 637 2650 733 refugit,
2698 666 2789 732 qui
2829 637 3169 720 solitudinem
3225 682 3396 736 amat,

227 729 332 793 iam
362 743 424 783 os
450 730 772 788 observavit.
826 737 978 808 193
1025 740 1128 806 Qui
1174 753 1323 799 extra
1364 748 1552 802 cellam
1584 751 1767 819 vagari
1809 729 2026 821 gaudet,
2059 755 2126 807 ab
2152 756 2254 809 hoc
2288 729 2405 823 ipso
2442 729 2780 824 loquacitatis
2840 758 2969 810 vitio
3006 765 3155 811 extra
3212 729 3398 811 cellam

226 824 561 891 propellitur.
612 826 712 891 Qui
762 828 899 895 ignis
962 832 1198 889 caelestis
1244 850 1337 891 seu
1387 839 1552 893 divini
1599 844 1799 896 amoris
1835 844 2053 898 odorem
2092 845 2297 909 olfecit,
2344 846 2413 909 is,
2445 847 2588 901 velut
2620 848 2827 917 apicula
2861 846 3090 911 fumum,
3127 848 3197 901 ita
3227 849 3403 901 homi-

226 929 358 968 num
386 927 557 971 ctetus
584 917 699 970 odit
728 937 741 971 :
782 919 925 974 illam
992 923 1133 977 enim
1170 926 1352 983 fumus
1392 929 1628 994 infestat,
1685 931 1829 988 hunc
1862 936 2139 990 hominum
2171 936 2472 1005 frequentia
2503 943 2557 990 et
2587 938 2755 990 turba:
2787 937 2969 1004 fugant
2998 947 3049 991 et
3072 952 3403 1005 persequun-

225 1016 339 1098 ωτῖ
382 1008 605 1063 “male
646 1019 732 1065 es‘
777 1029 971 1083 “quam
1015 1018 1131 1072 δίηε
1172 1023 1456 1086 cataractis
1495 1039 1763 1088 coercere,
1796 1026 2069 1083 difﬁcilius
2124 1029 2362 1098 linguam
2408 1038 2463 1083 et
2490 1028 2601 1083 oris
2628 1028 3096 1096 intemperantiam
3130 1027 3404 1081 refrenare

224 1103 281 1149 et
306 1095 545 1150 domare.

295 1189 507 1259 Βαθμδν
532 1191 810 1247 ἑνδέκατον
837 1196 866 1249 ὁ
888 1201 1137 1269 κινήσας,
1160 1201 1360 1272 πλῆθος
1387 1204 1570 1257 κακῶν
1598 1204 1685 1272 ὑςο⁹
1706 1205 1764 1257 ἓν

226 1280 567 1352 περιέκοψεν.

616 1418 861 1475 ΣΧΟΛῙΔ
888 1423 996 1476 ΕΙΣ
1022 1424 1243 1478 ΛΟΓΟΝ
1271 1426 1373 1480 IA’.

502 1529 640 1596 Περὶ
692 1534 1055 1602 πολυλογίας
1094 1535 1192 1589 καί
1235 1537 1489 1605 σιωπῆς.

815 1627 1071 1693 21am-
1112 1634 1181 1683 α’.

296 1707 437 1777 ..Ιρδς
465 1710 659 1774 αὐτοὺς
701 1714 827 1776 τοὺς
863 1714 1209 1786 κρινομένους
1237 1717 1339 1771 ὑπὸ
1368 1716 1488 1771 τῶν·
1506 1736 1767 1791 κατακρι-

221 1797 442 1850 νόντων.
476 1800 536 1852 El
563 1802 668 1872 γὰρ
701 1805 731 1855 ὁ
755 1804 876 1868 νοῦς
909 1806 1013 1872 ἔξω
1038 1806 1279 1877 γένηται,
1309 1808 1376 1862 τά
1397 1810 1569 1863 οίκεῖα
1601 1828 1770 1864 κατα-

222 1887 418 1953 λιπὼν,
448 1893 540 1944 καὶ
565 1892 635 1946 τά
660 1895 766 1947 τῶν
787 1896 958 1951 ἄλλων
978 1899 1356 1967 κατασκοπῶν,
1386 1902 1463 1964 είς
1486 1901 1544 1955 τὸ
1565 1902 1769 1973 κρίνειν

220 1982 330 2036 οὐκ
363 1982 597 2053 ἔρχεται.

828 2078 1082 2145 Σχόνιιον
1110 2079 1175 2150 β’.

296 2164 482 2235 Σιωπὴ
511 2166 570 2217 ὲν
601 2165 816 2232 γνώσει,
847 2168 905 2221 οὐ
940 2168 1096 2237 μόνον
1138 2171 1203 2224 ἐκ
1240 2170 1346 2224 τῶν
1376 2172 1645 2244 πολεμίων
1675 2192 1771 2243 φυ-

222 2252 432 2317 λάττει,
456 2255 568 2309 ἀλλ’
586 2256 705 2310 οὐδὲ
725 2258 788 2329 ἑᾷ
818 2260 1171 2330 προσεγγίσαι
1205 2261 1420 2327 αὐτούς.

760 2522 1017 2589 Σχόλιον
1039 2520 1216 2575 ἄλλο.

299 2609 527 2679 Προθεὶς
557 2608 653 2672 τὰς
681 2609 869 2680 Θύρας.
900 2611 998 2674 τὰς
1041 2613 1108 2666 δι’
1142 2607 1215 2668 ὧν
1239 2614 1331 2667 ἐπὶ
1359 2615 1420 2668 τὸ
1448 2616 1651 2685 κρίνειν
1682 2614 1771 2681 ἐξ·

222 2698 472 2778 ἐρχεται,
509 2698 741 2751 δείκνυσι
783 2700 893 2772 ¹νῦν
942 2703 1034 2756 καί⁹
1077 2703 1196 2770 τάς,
1229 2704 1297 2759 δι’
1329 2696 1405 2760 ὗν
1451 2706 1771 2778 είσέρχεται*

222 2776 421 2858 ὥσπερ
470 2784 562 2841 οὖν
606 2789 895 2859 πολυλογία
921 2792 1111 2863 ἐξῆγεν
1141 2795 1321 2865 αὑτὸν,
1351 2796 1493 2851 οὕτω
1519 2776 1678 2868 καλή
1715 2799 1775 2851 ὲν

224 2878 432 2947 γνώσει
461 2879 637 2933 σιωπὴ
672 2881 881 2950 εἰσάγει
901 2882 1063 2936 πάλιν
1083 2885 1266 2940 αὐτόν.

821 3060 1077 3129 Σχόλιον
1118 3068 1188 3130 γ’.

317 3144 444 3197 Ἐὰν
495 3138 731 3215 φυλάξῃς
775 3144 872 3215 τὴν
899 3145 1146 3215 γλῶσσάν
1180 3164 1297 3212 σου,
1330 3147 1544 3220 άδελφὲ,
1577 3149 1775 3204 δίδοταί

226 3253 316 3289 σοι
346 3233 498 3306 παρὰ
521 3234 653 3288 Θεοῦ
671 3237 705 3306 ὴ
736 3236 893 3306 χάρις
916 3236 1016 3308 τῆς
1042 3237 1379 3303 κατανύξεως
1405 3240 1503 3310 τῆς
1530 3241 1772 3309 καρδίας,

222 3325 326 3379 τοῦ
359 3324 649 3379 θεάσασθαι
680 3329 737 3379 ὲν
763 3328 900 3398 αὐτῇ
927 3329 1024 3400 ἢν
1046 3328 1223 3401 ψυχήν
1249 3345 1365 3394 σου,
1394 3330 1488 3385 καὶ
1517 3332 1575 3385 ὲν
1604 3332 1775 3405 ταύτῃ

224 3416 457 3486 εἰσέρχῃ
506 3418 586 3479 είς
635 3415 733 3486 τὴν
787 3418 959 3487 χαρὰν
1015 3418 1109 3472 τοῦ
1146 3421 1470 3491 πνεύματος
1508 3423 1602 3476 ἐὰν
1642 3423 1698 3476 δὲ
1742 3425 1776 3494 ή

223 3505 455 3574 γλῶσσά
480 3523 572 3559 σου
599 3507 793 3578 νικήσῃ
824 3523 906 3569 σε,
935 3506 1221 3563 πίστευσον
1250 3528 1340 3581 μοι
1373 3512 1453 3576 είς
1484 3512 1617 3583 ὅπερ
1637 3512 1778 3581 λέγω

226 3613 340 3658 σοι,
402 3597 655 3651 οὐδέποτε
682 3598 911 3670 δδυνήσῃ
962 3598 1232 3671 ἐξειλῆσαι
1289 3604 1356 3657 ἐκ
1414 3604 1512 3674 τῆς
1574 3604 1775 3659 σκοτώ-

227 3702 395 3749 σεως.

906 3780 1104 3835 Ἄλλο.

313 3865 567 3922 Ἐὰνςούκ
590 3864 732 3939 ἔχεις
776 3869 1001 3941 καρδίαν
1049 3870 1313 3944 καθαρὰν,
1346 3870 1435 3943 ἔχε
1474 3871 1575 3927 κᾶν
1604 3873 1775 3945 στόμα

226 3957 494 4032 καθαρόν.

818 4053 1072 4123 Σχόλιον
1122 4055 1187 4109 δ’.

300 4142 366 4197 Δί
401 4141 510 4212 γάρ
533 4139 642 4195 τῶν
665 4140 851 4195 παθῶν
882 4144 1198 4215 πανουργίαι
1221 4146 1481 4216 ἐμπαθῶς
1522 4151 1651 4221 περὶ
1676 4167 1778 4204 πα-

1934 1202 2032 1268 Qui
2058 1203 2279 1274 gradum
2307 1204 2650 1257 undecimum
2683 1202 2952 1268 ascendit,
2997 1202 3084 1258 ille
3126 1204 3284 1261 simul
3321 1207 3402 1263 vi-

1865 1292 2063 1347 tiorum
2098 1304 2327 1362 segetem
2355 1306 2464 1346 uno
2497 1288 2648 1345 falcis
2679 1290 2788 1345 ictu
2825 1294 3077 1347 resecuit.

2213 1414 2499 1470 SCHOLIA
2532 1415 2621 1470 AD
2656 1415 2941 1472 GRADUM
2973 1418 3064 1473 XI.

2262 1526 2338 1580 De
2368 1527 2679 1595 loquacitate
2706 1536 2757 1580 et
2785 1528 3012 1587 silentio.

2475 1615 2720 1671 Scholion
2759 1618 2807 1672 1.

1938 1725 1985 1758 ιι
2022 1704 2505 1761 condemnantibus
2532 1706 2598 1761 ad
2636 1707 2782 1777 ipsos
2809 1708 3129 1777 iudicandos
3154 1725 3169 1775 ;
3198 1711 3408 1767 animus

1869 1791 2011 1846 enim
2053 1792 2180 1848 dum
2216 1803 2613 1865 extravagatur.
2652 1805 2706 1850 et
2748 1811 2845 1851 sua
2885 1798 3120 1869 negligit,
3155 1807 3210 1853 et
3235 1800 3406 1854 aliena
3454 1842 3461 1847 .

1869 1892 2044 1945 curat,
2082 1885 2149 1939 ad
2184 1886 2421 1955 seipsum
2453 1885 2803 1955 iudicandum
2836 1900 2942 1942 non
2974 1888 3200 1943 accedit.

2474 2058 2716 2115 Scholion
2752 2061 2806 2115 2.

1941 2147 2221 2202 Silentium
2268 2164 2390 2203 cum
2444 2149 2728 2217 prudentia
2778 2164 2874 2206 seu
2919 2152 3142 2208 scientia
3189 2154 3411 2223 coniun-

1870 2251 2015 2295 ctum
2064 2254 2170 2293 non
2216 2240 2391 2296 solum
2446 2242 2681 2296 animam
2724 2242 2793 2297 ab
2842 2243 3085 2300 hostibus
3134 2244 3407 2309 defendit,

1870 2328 1964 2383 sed
2019 2328 2200 2385 hostes
2258 2345 2360 2385 nec
2422 2332 2679 2388 accedere
2742 2333 2959 2403 quidem
3013 2334 3237 2404 propius
3289 2352 3410 2407 ρει-ο
3450 2394 3452 2397 ,

1870 2417 2049 2473 mittit.

2076 2518 2081 2521 '
2548 2512 2730 2566 Aliud.

1940 2595 2075 2650 Cum
2107 2597 2447 2667 exposuisset
2468 2599 2663 2667 januas
2701 2614 2795 2669 per
2823 2616 2959 2672 quas
2996 2618 3149 2660 mens
3170 2605 3237 2660 ad
3264 2604 3409 2674 judi-

1871 2688 2073 2747 caudos
2102 2689 2240 2745 alios
2293 2689 2599 2762 egreditur,
2643 2678 2879 2749 esteudit
2910 2709 3054 2752 nunc
3087 2705 3140 2750 et
3164 2696 3283 2752 illas
3322 2712 3413 2767 per

1872 2794 2009 2849 quas
2051 2780 2397 2849 ingreditur:
2435 2782 2884 2850 quemadmodum
2930 2786 3071 2840 enim
3118 2786 3414 2855 loquacitas

1872 2880 2107 2925 mentem
2160 2869 2374 2935 eduxit,
2427 2872 2497 2926 ita
2552 2872 2820 2928 silentium
2874 2889 2997 2930 cum
3045 2878 3324 2945 prudentia
3362 2891 3416 2933 et

1804 2939 1847 2999 (ἶ
1875 2961 2097 3017 scientia
2128 2962 2368 3017 eamdem
2402 2963 2627 3017 reducit.

2472 3051 2720 3106 Scholion
2760 3054 2813 3107 5.

1949 3136 2007 3192 Si
2036 3146 2182 3193 tuam
2214 3136 2474 3207 linguam,
2505 3138 2692 3204 frater,
2721 3140 3065 3210 custodieris,
3089 3144 3299 3200 dabitur
3321 3146 3416 3202 tibi

1873 3245 1904 3285 a
1936 3227 2043 3283 Deo
2079 3229 2273 3299 gratia,
2320 3230 2664 3297 compunctio
2712 3244 2905 3300 nempe
2959 3234 3160 3300 cordis,
3211 3235 3264 3289 in
3312 3252 3415 3307 qua

1872 3321 2079 3378 videbis
2111 3321 2344 3375 animam
2374 3328 2543 3386 tuam,
2575 3329 2629 3377 et
2657 3321 2711 3375 in
2740 3321 2842 3375 hac
2874 3323 3186 3394 ingredieris
3209 3327 3262 3380 in
3288 3343 3418 3397 gau-

1873 3414 2023 3470 dium
2056 3414 2279 3483 spiritus
2310 3433 2323 3468 :
2353 3415 2397 3470 si
2426 3426 2608 3471 autem
2640 3417 2820 3488 lingua
2845 3427 2896 3473 te
2920 3418 3114 3473 rexerit
3136 3428 3189 3474 et
3211 3420 3415 3483 vicerit,

1875 3504 2031 3561 crede
2068 3504 2222 3567 mihi,
2264 3505 2408 3574 quod
2447 3506 2570 3561 dico
2598 3506 2717 3571 tibi,
2745 3523 3021 3577 nunquam
3052 3508 3253 3578 poteris
3280 3524 3308 3564 a
3342 3518 3421 3565 te-

1876 3596 2057 3652 nebris
2089 3596 2283 3652 mentis
2311 3610 2607 3664 emergere.
2651 3596 2655 3600 ’

2472 3806 2473 3809 η
2559 3773 2737 3827 Aliud.

2472 3806 2473 3809 η
2559 3773 2602 3825 Α
2633 3773 2645 3786 '
2723 3812 2737 3827 .

1947 3862 2003 3919 Si
2038 3877 2144 3918 non
2177 3861 2433 3918 habueris
2463 3878 2557 3918 cor
2587 3773 2871 3930 timidum,
2897 3864 3083 3919 saltem
3108 3864 3177 3920 da
3202 3880 3417 3937 operam

1874 3962 1933 4009 ut
1959 3953 2151 4010 habeas
2180 3967 2242 4009 os
2270 3953 2553 4009 mundum.

2384 4044 2545 4117 195
2580 4045 2821 4101 Scholion
2858 4045 2911 4100 4.

1944 4136 2079 4193 Nam
2112 4137 2317 4193 malitia
2344 4137 2599 4194 vitiorum
2630 4155 2771 4209 saepe
2795 4152 2915 4201 nos,
2949 4149 3005 4193 ut
3036 4139 3227 4196 vitiose
3258 4141 3324 4196 de
3345 4143 3425 4195 vi-

226 4235 341 4289 θῶν
373 4233 685 4317 ἐξέρχεσθαι
723 4235 867 4305 ἡμᾶς
896 4235 1150 4300 πολλάκις
1179 4237 1590 4309 προτρέπονται,
1615 4242 1777 4311 ἤγουν
1811 4240 1888 4334 Di

1758 4260 1777 4297 υ
1811 4278 1855 4334 D
1880 4230 2032 4286 tiosis
2063 4228 2341 4284 affectibus
2367 4230 2690 4302 disputando
2733 4244 3108 4300 excurramus,
3157 4232 3420 4297 hortatur,

226 4327 363 4395 περὶ
405 4326 745 4394 πολυλογίας,
772 4326 898 4396 περὶ
928 4326 1134 4396 σιωπῆς
1177 4328 1271 4381 καὶ
1314 4331 1438 4401 περὶ
1465 4331 1660 4386 ἄλλων⁸
1690 4330 1778 4399 αἷς

226 4415 343 4485 ἐγὼ
368 4417 429 4470 οὐ
456 4419 799 4488 πειθήσομαι,
820 4419 880 4472 οὑ
901 4418 1008 4490 γάρ
1030 4419 1289 4490 ἀνέχομαι
1311 4421 1440 4493 περὶ
1466 4423 1672 4493 σιωπῆς
1699 4425 1782 4479 λέ-

228 4524 347 4578 γων
378 4508 756 4578 μακρολογεῖν.

838 4602 1091 4671 Σχόλιον
1120 4621 1145 4656 ε
1166 4643 1180 4658 .

304 4691 518 4759 Ὠσπερ
542 4688 772 4757 σπάνιοι,
793 4693 886 4745 καὶ
906 4693 1182 4758 παντελῶς
1204 4693 1370 4763 ὀλίγοι
1399 4694 1527 4759 sict,
1556 4696 1604 4748 οί
1625 4696 1781 4751 δυνά-

228 4799 390 4852 μενοι
418 4781 618 4834 ὑδάτων
643 4782 815 4850 ὁρμὰς
847 4780 1104 4849 κωλύσαι,
1136 4784 1211 4857 μὴ
1252 4785 1510 4858 πρότερον
1546 4786 1782 4859 φράξαν-

223 4888 346 4936 τες*
403 4870 520 4937 πῶς
572 4871 709 4943 γάρ;
763 4873 950 4940 οὖτωςι
978 4874 1286 4948 ὀλιγώτεροι
1330 4879 1465 4931 εἰσιν
1516 4878 1566 4930 ol
1609 4879 1779 4948 στόμα

223 4963 474 5035 ἀκρατὲς
531 4960 812 5031 δυνάμενοι
874 4963 1130 5035 δαμάσαι.
1188 4966 1287 5021 Διὰ
1341 4965 1601 5039 φραγμοῦ
1669 4968 1776 5040 γάρ

224 5053 385 5125 ὓδωρ
415 5051 696 5120 κωλύεται,
721 5052 815 5105 καὶ
843 5051 909 5106 δι’
929 5055 1248 5126 ἐγκρατείας
1270 5060 1303 5129 ἡ
1331 5056 1545 5128 γλῶσσα
1564 5057 1778 5128 δεσμεῖ-

218 5159 351 5198 ται.

849 5282 1064 5338 ΛΟΓΟΣ
1091 5287 1189 5343 IB'.

785 5395 924 5463 Περὶ
956 5397 1241 5466 ψεύδους.

306 5485 563 5554 Γέννημα
592 5485 688 5554 μὲν
729 5486 945 5557 σιδήρου
988 5487 1080 5542 καὶ
1110 5488 1257 5544 λίθου
1285 5487 1414 5563 πῦρ·
1446 5490 1687 5562 γέννημα
1720 5492 1778 5546 δὲ

225 5576 564 5643 πολυλογίας
607 5577 701 5629 καὶ
745 5576 1097 5649 εὐτραπελίας
1133 5578 1341 5647 ψεῦδος.
1383 5580 1589 5643 Ψεῦδός
1633 5582 1779 5638 ἐστιν

222 5668 461 5739 ἀγάπης
488 5667 810 5737 ἀφανισμός
851 5670 1096 5743 ἐπιορκία
1134 5669 1187 5723 δὲ
1231 5670 1367 5725 Θεοῦ
1395 5672 1635 5744 ἄρνησις.
1661 5673 1782 5745 Μη-

1882 4323 1995 4380 sive
2024 4321 2090 4376 de
2118 4321 2447 4393 loquacitate
2475 4334 2530 4379 et
2559 4323 2793 4387 silentio,
2846 4333 2901 4377 et
2936 4323 3039 4380 hoc
3082 4340 3249 4395 genus
3281 4325 3421 4385 aliis.

1880 4414 2078 4485 quibus
2097 4428 2197 4482 ego
2219 4416 2359 4471 haud
2383 4416 2707 4485 persuadeor
2731 4423 2790 4468 ut
2811 4414 3019 4471 faveam
3048 4434 3059 4470 :
3086 4430 3257 4485 neque
3280 4415 3422 4470 enim

1882 4504 2123 4559 sustineo
2151 4514 2211 4559 ut
2240 4506 2409 4559 multa
2440 4504 2506 4558 de
2535 4503 2753 4557 silentio
2780 4506 3034 4574 garriam.

2481 4591 2727 4648 Scholion
2764 4596 2819 4650 5.

1950 4682 2021 4739 Ut
2043 4694 2173 4743 sunt
2204 4684 2383 4757 pauci,
2420 4684 2531 4739 imo
2562 4686 2854 4756 perpauci,
2884 4688 2977 4756 qui
3018 4697 3282 4754 aquarum
3322 4682 3426 4737 im-

1881 4786 2061 4848 petum
2095 4790 2343 4833 coercere
2366 4776 2595 4845 possint,
2631 4778 2736 4832 nisi
2759 4777 2910 4846 prius
2942 4789 3159 4846 aggeres
3195 4782 3426 4838 struant.

1881 4871 2153 4941 quomodo
2184 4870 2328 4925 enim
2354 4868 2712 4939 prohibeant?
2748 4870 2823 4924 ita
2852 4869 3133 4939 pauciores
3160 4878 3309 4933 sunt,
3339 4868 3431 4937 qui

1881 4963 2077 5020 eﬂrene
2112 4980 2175 5020 os
2221 4963 2509 5020 retundere
2555 4965 2781 5034 possint.
2832 4963 2985 5032 Aqua
3042 4977 3138 5046 per
3184 4976 3430 5034 aggerem

1883 5055 2215 5126 prohibetur,
2251 5054 2432 5127 lingua
2464 5070 2561 5125 per
2587 5053 2973 5111 continentiam
3000 5054 3256 5119 _vincitur.

2436 5277 2713 5336 GRADUS
2749 5277 2862 5332 Xll.

2465 5395 2540 5451 De
2580 5394 2853 5451 mendacio

1951 5488 1995 5545 Ε
2025 5489 2169 5547 ferro
2202 5500 2256 5547 et
2290 5487 2465 5561 lapide
2491 5488 2763 5544 excutitur
2793 5487 2954 5560 ignis,
2995 5500 3063 5540 ex
3110 5484 3429 5554 loquacitate

1882 5598 2007 5638 vero
2035 5593 2091 5638 et
2133 5582 2458 5639 scurrilitatc
2506 5580 2783 5636 mendacia
2840 5586 3160 5633 nascuntur.
3214 5573 3433 5629 Menda-

1890 5674 2034 5731 cium
2061 5675 2351 5747 exstinguit
2385 5672 2736 5739 charitatem;
2786 5669 3079 5741 periurium
3108 5681 3236 5723 vero
3278 5678 3434 5738 negat
