4210 6464
785 400 887 462 εῖί.

2021 402 2078 459 δ.
2114 400 2423 461 JOANN'IS
2449 406 2745 464 CLlMACl

3885 406 3986 463 55h

787 512 975 565 Deum.
1005 505 1173 561 Nune
1211 506 1342 559 mihi
1393 508 1736 559 curilatorum
1785 523 2018 561 virorum
2067 513 2340 565 existimet
2366 518 2449 573 Ai

2322 523 2340 565 ι
2366 519 2412 573 Δ
2577 519 2685 570 τῶν
2716 521 3112 588 εὑεὲρονθὺντων
3144 520 3340 586 μικράν
3365 533 3484 567 τινα
3519 534 3614 585 Ὗίι
3643 534 3732 567 ’.θα
3765 520 3984 581 fdi/1'4;

787 600 1122 655 mendaciqu
1162 614 1282 654 esse
1323 600 1439 652 leve
1468 609 1747 666 peccatum
1777 617 1790 652 :
1826 615 1950 652 nam
1991 614 2179 655 contra
2215 604 2338 656 nul-

787 697 895 747 tum
934 693 1117 746 vitium
1148 702 1256 745 tam
1293 700 1530 744 atrocem
1561 701 1614 744 et
1640 693 1975 745 tremendam
2019 696 2336 746 sententiam

791 783 1166 838 sanctissimus
1197 781 1430 851 Spiritus
1455 782 1841 848 pronuntiavit.
1868 781 1927 836 Si
1948 785 2129 851 perdes
2164 800 2339 837 omnes

784 870 874 938 qui
912 871 1193 936 loquuntur
1225 870 1574 930 mendacium,
1605 880 1662 923 ut
1690 869 1856 924 David
1884 871 2051 926 Deum
2074 874 2341 928 allocutus

787 968 1011 1012 testatur
1033 959 1098 1024 “,
1147 957 1276 1028 quid
1313 959 1403 1012 lict
1452 958 1518 1012 iis
1560 962 1654 1028 qui
1699 964 1951 1028 μεηυτὶιε.
1998 965 2339 1017 mendacium

785 1049 1110 1102 confirmant
1137 1051 1159 1100 ?
1189 1048 1379 1102 Notavi
1419 1052 1707 1104 nonnullos
1743 1053 1806 1104 de
1849 1055 2131 1107 mene-ano
2178 1057 2340 1108 etiam

785 1139 888 1192 sibi
919 1140 1128 1209 placere
1157 1148 1211 1192 et
1241 1139 1588 1207 applaudere,
1636 1141 1728 1209 qui
1776 1141 1905 1195 dum
1954 1158 2049 1211 per
2094 1145 2341 1198 scurrili-

786 1239 948 1283 tatem
984 1239 1038 1283 et
1075 1230 1535 1298 vaniloquentiam
1568 1231 1736 1286 risum
1764 1243 2083 1302 captarunt,
2120 1249 2341 1289 sensum

789 1322 876 1390 pie
914 1320 1238 1390 lugentium,
1279 1322 1407 1374 dum
1466 1321 1587 1375 illos
1633 1322 1907 1388 audirent,
1964 1324 2344 1380 miserabiliter

786 1414 1179 1465 exstinxerunt.
1255 1410 1535 1465 Daemones
1585 1413 1676 1465 ubi
1740 1429 1840 1468 nos
1908 1414 2345 1470 animadvertunt

787 1518 818 1556 a
869 1512 1044 1572 empta
1108 1501 1438 1555 urbanarum
1502 1499 1856 1565 facetiarum,
1925 1519 2064 1573 quas
2125 1506 2342 1560 molesti

789 1593 866 1648 illi
920 1600 1228 1647 narratores
1279 1591 1565 1657 effutiunt,
1646 1594 1925 1650 auditione
1996 1605 2252 1665 tauquam
2312 1613 2343 1651 a

793 1687 986 1739 morbo
1070 1683 1253 1752 aliquo
1312 1683 1595 1752 pestilenta
1683 1685 1822 1740 velle
1894 1688 2148 1742 recedere
2224 1696 2341 1742 tum

2437 611 2709 677 ἁμαρτίαν
2740 605 2874 660 εἶναι
2904 609 3206 677 ὑπονοήσει·
3262 608 3467 678 φοϐερᾷ
3493 609 3599 678 γὰρ
3642 609 3780 678 ὑπὲρ
3811 626 3987 660 inv-.2

2436 702 2708 769 ἀποφάσει
2737 700 2876 752 κατὰ
2903 702 3090 752 τούτου
3117 700 3179 752 τὸ
3202 703 3463 768 πανὰγιον
3496 702 3720 769 Πνεῦμα
3749 702 3884 768 ἑχρή
3893 718 3979 752 σα-

2437 808 2517 843 το.
2552 793 2617 843 Εἰ
2657 789 2901 854 ἀπολεῖς
2939 788 3166 854 πάντας
3197 789 3338 854 τοὺς
3380 790 3718 855 λαλοῦντας
3746 791 3805 841 τί
3845 790 3986 856 ψεῦ-

2438 884 2562 948 δος,
2591 882 2667 945 ὦς
2695 899 2857 950 φησιν
2889 883 2918 934 ὁ
2937 881 3096 933 Δαυῒδ
3128 882 3263 950 πρὸς
3286 882 3376 933 τὸν
3403 879 3551 942 Θεὸν,
3579 883 3631 930 τί
3658 883 3840 933 λοιπὸν
3877 882 3989 931 πεί-

2441 991 2621 1052 σονται
2647 978 2696 1026 οι
2723 973 2843 1042 μεθ’
2862 975 3042 1043 ὅρκων
3065 974 3125 1025 τὸ
3147 971 3342 1040 ψεῦδος
3372 973 3807 1040 συρῤἁπτοειτεςς
3837 967 3990 1023 Εἱῶν

2439 1083 2590 1127 τινας
2615 1066 2708 1117 ἐπὶ
2730 1065 2912 1134 ψεύδει
2937 1064 3383 1133 σεμνυνομένους,
3411 1063 3502 1114 καὶ
3521 1062 3588 1114 δι’
3611 1063 3988 1131 εὐτραπελίας.

2441 1157 2535 1211 καὶ
2585 1155 2908 1226 ἀρτολογίας
2958 1156 3140 1224 γελοῖα
3182 1155 3583 1222 ὲξυφαίνοντας·
3632 1157 3726 1206 καὶ
3764 1154 3833 1205 τὰ
3889 1155 3992 1204 τῶν

2441 1248 2949 1317 προσακροωμὲνων
2971 1246 3141 1316 πένθη
3171 1245 3417 1307 ἐλεεινῶς
3469 1245 3545 1312 (l)
3580 1245 3994 1312 ἐξαφανίζοντας

2439 1339 2643 1392 ὁπόταν
2662 1341 2710 1391 οἱ
2731 1338 2984 1408 δαίμονες
3011 1338 3195 1392 ἴδωσιν
3218 1338 3363 1407 ἡμᾶς
3384 1336 3459 1399 ὡς
3480 1338 3542 1388 ἐκ
3565 1335 3814 1404 λοιμικῆς
3842 1337 3992 1387 vdae-

2441 1432 2540 1500 τῆς
2567 1431 2677 1482 τῶν
2705 1430 2936 1483 ἀστείων
2964 1429 3277 1498 ἀκροάσεως
3322 1428 3462 1497 μετὰ
3493 1427 3594 1496 τὴν
3630 1427 3998 1497 προκαταρξιυ

2441 1523 2535 1575 τοῦ
2558 1521 2792 1592 χαλεποῦ
2819 1521 3097 1592 ὑφηγητοῦ
3123 1522 3423 1591 ἀναχωρεῖν
3449 1520 3856 1588 δοκιμάζοντας,
3878 1523 3994 1571 τότι

2443 1615 2627 1667 λοιπὸν
2659 1613 2810 1665 δυσὶν
2839 1615 2986 1683 ἡμᾶς
3017 1613 3283 1676 δελεάζειν
3321 1612 3658 1683 ἐπιχειροῦσι
3699 1612 3993 1680 λογισμοῖς·

2443 1705 2535 1776 Μὴ
2587 1705 2834 1774 λυπήσῃς
2867 1705 2959 1757 τὸν
3001 1704 3286 1774 ἐξηγητὴν,
3318 1704 3708 1766 ὑποϐάλλοντες
3758 1705 3904 1773 ἡμῖν·
3943 1704 4001 1768 ἦ.

793 1774 949 1845 195
978 1775 1205 1845 geminis
1233 1776 1647 1846 cogitationibus
1681 1778 1960 1849 (tanquam
1993 1782 2131 1836 veris
2179 1784 2344 1836 ratio-
2445 1801 2455 1852 ι

2337 1812 2344 1822 ’
2375 1859 2415 1868 _
2445 1774 2538 1868 Μή
2567 1795 2885 1867 φανερὼσῃς
2916 1796 3139 1848 σεαυτὸν
3183 1797 3260 1864 (2)
3294 1794 3682 1864 φιλοοεὼτερον
3715 1795 3822 1846 τῶν
3863 1809 3999 1861 παρ-

791 1869 972 1928 uibus)
1020 1870 1256 1923 suaviter
1298 1879 1502 1940 captos,
1555 1871 1795 1926 detinere
1838 1884 2125 1938 conantur,
2175 1892 2345 1947 quan-
2375 1859 2453 1938 Β.

2335 1909 2345 1918 ’
2375 1859 2420 1920 Β
2448 1859 2634 1944 ὄντων’
2665 1859 2939 1957 ditata-5a,
2968 1887 3042 1958 μὴ
3374 1886 3436 1938 El
3463 1885 3520 1936 δε
3542 1859 3639 1955 μῆ,
3668 1885 3726 1936 ἐν
3749 1886 3815 1954 τῇ
3840 1859 3997 1950 προσο

791 1961 862 2015 do
892 1961 1044 2015 nobis
1073 1970 1366 2032 suggerunt
1395 2005 1403 2014 .
1427 1961 1502 2016 Ne
1527 1965 1816 2019 cetttristes
1859 1976 2203 2035 narrantem;
2231 1979 2346 2034 aut,

792 2051 868 2106 Ne
911 2053 1038 2106 velis
1074 2053 1282 2107 cazteris
1313 2054 1665 2121 prmsentibus
1690 2055 1856 2109 videri
1891 2057 2126 2111 sanctior
2153 2075 2167 2122 ;
2194 2059 2348 2112 ocius

794 2153 844 2198 te
885 2144 1120 2214 proripe,
1157 2160 1222 2199 nc
1249 2146 1536 2200 cunctcris.
1577 2146 1729 2212 Quod
1783 2149 1888 2202 nisi
1937 2147 2151 2213 feceris,
2210 2151 2349 2203 inter

790 2251 980 2308 preces
1040 2236 1261 2292 ridicula
1311 2236 1407 2290 tibi
1465 2239 1662 2292 mentis
1727 2239 2098 2307 phantasmata
2153 2255 2348 2294 occur-

795 2338 933 2385 rent.
971 2330 1084 2384 lmo
1119 2346 1224 2383 non
1255 2328 1376 2399 fuge
1415 2339 1646 2392 tantum,
1678 2330 1768 2383 sed
1799 2346 1902 2401 qua
1935 2340 2086 2400 putes
2124 2342 2238 2386 arte
2264 2332 2350 2402 pia

793 2424 1094 2493 improbum
1150 2422 1298 2476 illum
1350 2429 1546 2475 coetum
1602 2421 1795 2486 iniecta
1858 2423 2047 2478 mortis
2099 2432 2154 2478 et
2202 2424 2347 2493 judi—

791 2515 860 2568 cii
914 2514 1186 2567 mentione
1238 2511 1493 2566 dissolve.
1539 2510 1766 2565 Praestat
1809 2511 1953 2566 enim
1988 2522 2048 2566 ut
2086 2513 2190 2568 levi
2236 2513 2343 2568 ali-

791 2617 898 2672 qua
930 2601 1158 2656 fortasse
1188 2614 1338 2654 vana:
1365 2599 1602 2671 gloriola:
1639 2599 1880 2656 labecula
1912 2617 2165 2671 aspersus
2207 2619 2350 2658 unus

791 2693 1047 2747 omnlbus
1102 2693 1449 2746 emolumenti
1509 2701 1696 2745 auctor
1745 2692 1996 2747 exsistas.
2038 2691 2352 2762 llypocrisis

790 2792 873 2838 est
935 2798 1129 2852 parcns
1182 2781 1465 2846 mendacii,
1527 2798 1669 2852 smpc
1738 2782 1900 2836 etiam
1977 2791 2354 2854 argumentum

790 2885 843 2929 et
883 2874 1125 2929 materia.
1169 2873 1307 2928 Sunt
1349 2875 1492 2928 enim
1532 2875 1622 2945 qui
1663 2875 1858 2930 docent
1909 2876 2218 2945 hypocrisin
2266 2877 2355 2930 ni-

793 2967 865 3021 hil
911 2966 1054 3021 aliud
1094 2980 1213 3020 esse
1252 2982 1415 3036 quam
1466 2966 1914 3036 excogitationem
1966 2983 2061 3022 seu
2125 2967 2354 3022 medita-

793 3059 990 3112 tionem
1047 3057 1285 3127 adeoque
1331 3056 1575 3126 opificem
1636 3057 1900 3112 mendacii
1955 3073 2078 3128 qua:
2124 3058 2355 3128 conjun-

793 3157 945 3201 ctum
1002 3163 1184 3202 secum
1239 3147 1470 3212 habeat,
1523 3159 1577 3202 et
1624 3162 1926 3204 connexum
1986 3147 2352 3204 mendacium.

794 3236 896 3304 Qui
922 3238 1113 3295 timore
1168 3238 1260 3293 Dei
1291 3239 1527 3294 imbutus
1557 3249 1659 3304 est,
1707 3240 1916 3294 alienus
1943 3251 2026 3295 est
2056 3255 2087 3294 a
2132 3240 2356 3295 menda—

794 3331 924 3394 cio;
971 3330 1127 3384 habet
1149 3331 1292 3385 enim
1355 3330 1724 3399 incorruptum
1763 3328 2001 3399 judicem
2073 3329 2355 3383 conscien-

797 3422 924 3475 tiam
973 3438 1148 3477 suam.
1193 3419 1659 3487 Quemadmodum
1726 3421 1776 3472 in
1829 3419 2050 3488 reliquis
2104 3418 2360 3473 omnibus

796 3513 960 3566 animi
997 3512 1200 3566 morbis
1230 3513 1516 3566 discrimen
1547 3527 1611 3565 ex
1643 3511 1842 3565 damno
1883 3509 2357 3579 deprehcmlimus,

799 3612 868 3657 ita
913 3612 965 3658 et
1018 3604 1067 3656 in
1101 3604 1402 3658 mendacio.
1433 3603 1592 3658 Aliud
1629 3603 1772 3656 enim
1801 3601 2066 3672 judicium
2117 3601 2361 3654 imminet

799 3695 872 3748 illi
911 3695 1000 3764 qui
1049 3694 1336 3749 formidine
1398 3709 1567 3764 poma:
1601 3696 1902 3760 mentitur;
1954 3693 2095 3747 aliud
2136 3693 2210 3746 illi
2269 3693 2360 3759 qui

800 3787 950 3841 nullo
1004 3787 1244 3856 periculo
1278 3785 1524 3856 supplicii
1590 3785 1868 3855 proposito
1913 3785 2076 3838 audet
2122 3784 2356 3837 mentiri.

802 3879 897 3935 list
928 3881 1018 3948 qui
1060 3879 1348 3949 voluptatis
1379 3893 1540 3934 causa
1577 3880 1864 3941 mentitur;
1901 3885 1985 3930 est
2013 3877 2105 3944 qui
2140 3884 2363 3944 prepter

804 3972 1065 4025 delicias:
1097 3981 1179 4025 est
1213 3971 1304 4040 qui
1341 3970 1600 4026 mentitur
1653 3985 1719 4023 ex
1770 3967 2075 4022 urbanitate
2128 3974 2187 4020 ut
2243 3965 2364 4020 aliis

807 4072 1018 4117 moveat
1059 4064 1262 4117 risum:
1318 4072 1401 4117 est
1435 4061 1663 4131 denique
1713 4060 1807 4131 qui
1870 4075 1962 4129 per
2025 4057 2363 4113 mendacium

807 4152 1030 4206 insidias
1055 4153 1215 4206 nectit
1243 4151 1418 4218 alteri,
1447 4160 1506 4206 ut
1531 4150 1680 4205 illum
1711 4149 1911 4204 damno
1943 4147 2124 4215 aliquo
2151 4154 2363 4202 mactet.

809 4249 1155 4320 Magistratus
1182 4268 1277 4321 per
1301 4263 1566 4306 tormenta
1591 4251 1938 4306 mendacium
1958 4249 2242 4321 profligant
2275 4249 2368 4304 sed

808 4350 1164 4420 lacrymarum
1193 4350 1540 4404 inundatione
1557 4351 1770 4419 penitus
1799 4351 2176 4419 exstinguitur.
2214 4348 2372 4419 196

809 4451 910 4516 Qui
961 4451 1301 4506 mendacium
1337 4448 1559 4519 profert,
1598 4451 1844 4520 pnctexit
1865 4449 2293 4519 dispensatioues
2318 4458 2374 4502 et

2445 1986 2576 2055 ευχῇ
2627 2001 2720 2036 σου
2769 1982 2975 2036 ἔννοιαν
3015 1981 3238 2048 γελοίων
3283 1977 3677 2040 ἁνατυπὼσεις.
3708 1976 3800 2045 Μὴ
3846 1976 4005 2045 μόνον

2447 2075 2637 2143 φεῦγε,
2667 2073 2805 2128 ἀλλὰ
2832 2074 2926 2125 καὶ
2972 2073 3065 2125 τὸν
3096 2072 3329 2141 πονηρὸν
3368 2072 3725 2140 συνακτήριον
3768 2066 4004 2120 εὐσεϐῶς

2445 2166 2650 2229 διάλυε,
2699 2165 2926 2218 θανάτου
2967 2166 3058 2216 καὶ
3101 2164 3335 2233 κρίσεως
3380 2164 3460 2224 είς
3496 2163 3660 2231 μέσον
3701 2160 4008 2228 ὑπόμνησιν

2447 2259 2902 2330 προδαλλόμενος·
2953 2255 3172 2326 ἄμεινόν
3208 2272 3267 2308 σε
3293 2255 3400 2324 γὰρ
3432 2255 3498 2307 ὲκ
3523 2253 3715 2307 τούτου
3751 2253 3881 2314 ἴσως
3916 2252 4008 2304 καὶ

2452 2353 2624 2423 μικρᾷ.
2652 2353 2782 2420 κενῇ
2814 2349 2939 2420 δόξῃ
2969 2347 3339 2420 ῥαπισθῆναι,
3371 2346 3465 2399 καὶ
3510 2345 3667 2415 μόνον
3695 2346 3832 2396 πᾶσι
3874 2342 4007 2412 :96-

2451 2443 2597 2508 ξενον
2643 2441 2908 2510 ὡφελείας
2964 2437 3276 2510 εὑρεθῆναι.
3322 2437 3398 2506 (3)
3455 2436 3772 2501 ’Υπὸκρισις
3826 2434 4008 2503 μήτηρ

2449 2535 2675 2604 ψεύδους
2721 2531 3000 2595 πολλάκις,
3037 2530 3132 2584 καὶ
3187 2529 3476 2592 ὑπόθεσις·
3512 2528 3664 2580 οὐδὲν
3710 2527 3818 2596 γὰρ
3867 2541 4010 2586 τινες

2453 2629 2739 2697 ὑπόκρισιν
2794 2623 3089 2696 ὁρίζονται,
3134 2621 3250 2676 ἀλλ’
3299 2621 3334 2691 ἢ
3377 2619 3604 2690 ψεύδους
3651 2618 3884 2690 μελέτην
3922 2618 4015 2670 καὶ

2451 2718 2780 2790 δημιουργὸν
2843 2714 3240 2785 κεκολασμένον
3289 2713 3384 2766 καὶ
3428 2709 3939 2780 συμπεπλεγμένον
3989 2710 4017 2760 ὁ

2455 2815 2530 2883 (4)
2562 2811 2724 2882 φόϐον
2755 2808 2959 2879 Κυρίου
3007 2805 3365 2876 κτησάμενος,
3409 2801 3710 2868 ὲξενίτευσε
3762 2798 4016 2868 ψεύδους,

2453 2902 2714 2971 δικαστὴν
2743 2898 3036 2952 ἀδέκαστον
3073 2893 3208 2963 ἔχων
3233 2891 3330 2962 τὴν
3356 2889 3491 2943 ἰδίαν
3522 2886 3849 2956 συνείδησιν.
3885 2885 4016 2937 Ὠσ-

2456 3014 2561 3068 περ
2595 2995 2652 3047 ὲν
2681 2995 2811 3046 πᾶσι
2840 2991 2953 3052 τοῖς
2987 2987 3182 3041 πάθεσι
3223 2983 3482 3053 διαφορὰν
3524 2979 3725 3049 βλάϐης
3759 2977 4017 3048 γνωρίζο-

2461 3107 2580 3160 μεν,
2609 3085 2782 3146 οὕτως
2823 3083 2917 3135 καὶ
2952 3079 3044 3132 ἐπὶ
3073 3075 3168 3130 τοῦ
3196 3073 3442 3144 ψεύδους.
3472 3070 3634 3124 ’Ἄλλο
3673 3070 3748 3139 (ὗ)
3783 3069 3883 3138 μὲν
3913 3069 4019 3137 γὰρ

2458 3182 2518 3234 τὸ
2547 3180 2719 3249 κρῖμα
2761 3174 2854 3230 τοῦ
2887 3173 2975 3226 διὰ
3011 3170 3173 3241 φόϐον
3215 3167 3487 3228 κολάσεως
3526 3162 3877 3233 ψευδομένου·
3927 3160 4020 3212 καὶ

2461 3274 2644 3344 ἕτερον
2674 3267 2756 3332 τὸ,
2787 3265 3032 3322 κινδύνου
3065 3261 3139 3333 μὴ
3167 3257 3526 3332 προκειμένου
3553 3253 3862 3325 ψεύδεσθαι.
3896 3251 4012 3302 ’Λλ-

2463 3367 2550 3426 λος
2598 3362 2686 3415 διὰ
2726 3358 2939 3430 τρυφὴν
2981 3353 3269 3424 ἐψεύσατο,
3324 3353 3508 3419 ἕτερος
3549 3347 3637 3399 δ-ὁι
3686 3344 4016 3414 φιληδονίαν·

2463 3454 2617 3516 ἄλλος
2649 3453 2737 3505 ἵνα
2754 3452 2864 3511 τοῖς
2888 3444 3121 3516 παροῦσι
3153 3441 3462 3513 προξενήσῃ
3492 3437 3722 3503 γέλωτα,
3755 3437 3940 3504 ἕτερος
3967 3432 4023 3484 δὲ

2466 3551 2551 3602 ἵνα
2573 3545 2649 3616 τῷ
2670 3541 2883 3612 ἀδελφῷ
2908 3537 3283 3606 ἐπιϐουλεύσῃ,
3314 3533 3408 3585 καὶ
3437 3527 3624 3582 τοῦτον
3657 3530 4019 3595 κακοποιήσῃ.

2478 3641 2574 3695 Ἐκ
2606 3636 2852 3708 βασάνων
2899 3629 3176 3703 ἀρχόντων
3226 3625 3564 3691 ἐξαλείφεται
3613 3618 3806 3688 ψεῦδος
3873 3619 3937 3669 ἐκ
3968 3616 4024 3668 δὲ

2464 3728 2715 3800 δακρύων
2745 3725 2979 3789 πληοους
3009 3723 3088 3784 εἰς
3111 3719 3259 3781 τέλος
3287 3713 3584 3769 ἀπόλλυται
3633 3709 4024 3780 προφασίζεται

2466 3798 2772 3889 οἰκονομίας
2833 3815 2862 3867 ὁ
2907 3812 3133 3884 ψεύδους
3179 3805 3495 3877 προδολεὺς,
3551 3802 3647 3854 καί¹
3681 3798 4022 3859 δικαιοσύνας

2469 3912 2727 3973 πολλάκις
2747 3905 3022 3974 λογίζεται
3054 3901 3152 3964 τὰς
3181 3898 3358 3970 ψυχῆς
3389 3895 3683 3954 ἀπωλείας.
3718 3893 3829 3962 Τῆς
3857 3889 4024 3944 Ῥαὰϐ

2473 4003 2715 4077 μιμητὴν
2749 3999 2940 4052 ἑαυτὸν
2984 3991 3375 4064 τεκμαίρεσθαι
3423 3985 3831 4056 ψευὼπλάστης
3863 3982 4023 4077 ἀνὴρ,

2469 4075 2563 4149 καί
2597 4095 2663 4147 δι’
2690 4089 2962 4151 ἀπωλείας
2987 4084 3190 4146 οἰκείας
3242 4083 3342 4152 τὴν
3367 4081 3559 4150 ἑτέραν
3583 4077 3853 4146 σωτηρίαν
3881 4075 4026 4140 λέγει

2471 4179 2976 4256 πραγματεύεσθαι.
3019 4175 3250 4231 Ὀπόταν
3280 4170 3505 4241 ψεύδους
3549 4171 3626 4230 εἰς
3661 4168 3808 4220 ᾶπαν
3854 4165 4018 4256 aeaba-

2474 4255 2776 4350 ρεύσωμεν,
2803 4273 2923 4325 τότε
2943 4269 3072 4324 αὐτὸ
3097 4265 3234 4337 μετὰ
3257 4264 3422 4332 φόϐου
3457 4262 3551 4316 καὶ
3569 4257 3761 4330 καιροῦ
3798 4255 4026 4350 καλοῖ»νῖ-

2471 4348 2562 4434 τος
2597 4367 2934 4436 ὑπέλθωμεν.
2960 4363 3073 4415 Οὐκ
3103 4357 3242 4414 οἶδεν
3276 4359 3465 4429 νήπιον
3488 4353 3699 4424 ψεῦδος·
3727 4350 3852 4404 οὐδὲ
3885 4348 4028 4418 ψυχὴ

2475 4459 2734 4530 πονηρίας
2769 4452 3127 4525 ἑστερημένη.
3168 4451 3228 4502 '0
3250 4448 3379 4517 οἴνῳ
3410 4442 3731 4515 εὐφρανοεὶς
3759 4439 4028 4496 ἀκουσίως

807 4548 1030 4603 exitium
1070 4551 1393 4612 animarum,
1421 4547 1686 4616 justitiam
1719 4551 2120 4619 interpretatur.
2179 4548 2370 4602 Arcbi-
2405 4540 2450 4596 Ι)

2366 4577 2370 4585 ’
2405 4540 2450 4596 Ῐ)
2481 4528 2760 4622 ἀληοεύσῃ
2812 4548 2890 4608 εἰς
2917 4545 3113 4597 πάντα·
3148 4542 3241 4594 καὶ
3271 4542 3299 4594 ὁ
3338 4536 3626 4610 μεθυσθεὶς
3655 4530 3942 4594 κατανύξει
3971 4528 4028 4578 οὗ

811 4659 982 4703 tectus
1017 4650 1280 4704 mendacii
1314 4666 1371 4705 se
1401 4649 1549 4704 Raab
1577 4651 1881 4705 meretricis
1927 4649 2230 4720 exetuplum
2284 4665 2360 4704 se-

2478 4646 2759 4716 δυνήσεται
2781 4635 3105 4707 ψεύσασθαι.

812 4751 905 4813 qui
932 4746 1162 4801 affirmat
1189 4749 1252 4804 “.
1283 4758 1336 4801 et
1372 4748 1500 4801 dum
1527 4761 1586 4800 se
1617 4747 1790 4816 ipsum
1825 4748 2016 4817 perdit,
2050 4746 2278 4800 aliorum
2317 4762 2377 4801 se
2408 4750 2633 4801 saiutem
2685 4745 2980 4808 procurare
3037 4737 3286 4783 testatur.
3327 4725 3426 4780 Ubi
3458 4739 3556 4778 nos
3605 4720 3673 4775 ab
3709 4719 3862 4774 omni
3888 4731 4028 4770 meno

815 4837 980 4893 tiendi
1058 4840 1288 4894 vanitate
1332 4841 1529 4896 liberos
1584 4842 1938 4902 senserimus,
1979 4848 2092 4892 tum
2155 4839 2371 4892 demum
2405 4838 2528 4891 loco
2574 4843 2628 4888 et
2679 4845 2782 4885 usu
2820 4825 3088 4894 exigente.
3110 4837 3216 4914 1191³
3244 4819 3364 4914 Si"?
3391 4818 3586 4914 “more
3606 4823 3818 4914 "mlle",
3854 4822 4029 4914 (ιξιῆιξ-

815 4932 992 5000 doque
1031 4932 1212 4987 licebit
1252 4946 1409 4988 caute
1454 4932 1794 4987 mendacium
1845 4930 2131 4999 subjicere.
2195 4927 2378 4984 lnl'ans
2411 4924 2624 4983 mentiri
2683 4919 2876 4977 nescit,
2921 4925 2981 4968 ut
3029 4923 3082 4968 et
3123 4911 3192 4966 ab
3219 4909 3368 4964 onmi
3429 4904 3652 4963 sceleris
3713 4901 4033 4970 improbita-

817 5038 868 5081 te
898 5043 1031 5096 pura
1063 5028 1264 5082 anima.
1320 5026 1387 5081 Ut
1443 5026 1572 5081 vino
1627 5025 1962 5080 exhilaratus
2004 5025 2165 5080 etiam
2222 5022 2410 5077 nolens
2470 5033 2658 5075 verum
2719 5029 2814 5084 per
2881 5009 3061 5066 omnia
3121 5005 3272 5062 dicit.
3331 5004 3404 5056 ita
3466 5000 3732 5066 lacrymas
3775 5005 4035 5060 compun-

816 5119 1010 5174 ctiouis
1055 5119 1238 5173 ebrius
1259 5133 1373 5186 pou
1414 5119 1612 5187 poterit
1651 5117 1886 5171 mentiri.

887 5209 1148 5279 Quisquis
1191 5211 1334 5264 hunc
1364 5209 1746 5263 duodecimum
1792 5209 2017 5277 gradum
2071 5217 2363 5278 superarit.

819 5303 1060 5355 etliuium
1135 5302 1393 5355 virtutum
1425 5300 1836 5354 fundamentum
1865 5297 2068 5368 posuit,

894 5483 941 5508 *‘
969 5480 1105 5535 l‘sal.
1131 5477 1252 5540 r,"i.
1332 5480 1370 5506 ’θ
1411 5474 1577 5531 .losue
1610 5489 1669 5535 II,
1714 5473 1730 5524 l
1768 5487 1896 5542 ;cqq

2561 5194 2838 5252 Ἀναϐασις
2861 5192 3158 5254 meumr
3191 5188 3219 5237 ὁ
3244 5179 3584 5247 ἐπιϐεϐηκως
3625 5177 3780 5245 ῥίςαν
3806 5174 3913 5228 τῶν
3935 5190 4006 5226 κα

2482 5288 2589 5344 λῶν
2619 5285 2897 5353 κέκτηται.
