  <div class='ocr_page' id='page_1' title='image "/cluster/home/n/w/nwhite01/storage/ocr_20150623/88/nnc1.0046980237/438.png"; bbox 0 0 4210 6464; ppageno 0'>
   <div class='ocr_carea' id='block_1_1' title="bbox 192 409 290 470">
    <p class='ocr_par' dir='ltr' id='par_1_1' title="bbox 192 409 290 470">
     <span class='ocr_line' id='line_1_1' title="bbox 192 409 290 470; baseline -0.041 -1"><span class='ocrx_word' id='word_1_1' title='bbox 192 409 290 470; x_wconf 83' lang='grc'><strong>857</strong></span> 
     </span>
    </p>
   </div>
   <div class='ocr_carea' id='block_1_2' title="bbox 556 518 1366 573">
    <p class='ocr_par' dir='ltr' id='par_1_2' title="bbox 556 518 1366 573">
     <span class='ocr_line' id='line_1_2' title="bbox 556 518 1366 573; baseline 0.002 -3"><span class='ocrx_word' id='word_1_2' title='bbox 556 519 848 573; x_wconf 79' lang='grc' dir='ltr'><strong>ΣΧΟΛΙΟΝ</strong></span> <span class='ocrx_word' id='word_1_3' title='bbox 885 519 992 571; x_wconf 64' lang='lat' dir='ltr'><strong>El}:</strong></span> <span class='ocrx_word' id='word_1_4' title='bbox 1023 518 1247 572; x_wconf 83' lang='grc' dir='ltr'><strong>ΛΟΓΟΝ</strong></span> <span class='ocrx_word' id='word_1_5' title='bbox 1275 518 1366 572; x_wconf 87' lang='lat' dir='ltr'><strong>lB&#39;.</strong></span> 
     </span>
    </p>
   </div>
   <div class='ocr_carea' id='block_1_3' title="bbox 730 632 1188 702">
    <p class='ocr_par' dir='ltr' id='par_1_3' title="bbox 730 632 1188 702">
     <span class='ocr_line' id='line_1_3' title="bbox 730 632 1188 702; baseline -0.004 -14"><span class='ocrx_word' id='word_1_6' title='bbox 730 633 868 702; x_wconf 80' lang='grc' dir='ltr'><strong>Περὶ</strong></span> <span class='ocrx_word' id='word_1_7' title='bbox 903 632 1188 700; x_wconf 66' lang='grc' dir='ltr'><strong>ψεύδους.</strong></span> 
     </span>
    </p>
   </div>
   <div class='ocr_carea' id='block_1_4' title="bbox 785 729 1142 793">
    <p class='ocr_par' dir='ltr' id='par_1_4' title="bbox 785 729 1142 793">
     <span class='ocr_line' id='line_1_4' title="bbox 785 729 1142 793; baseline 0 -13"><span class='ocrx_word' id='word_1_8' title='bbox 785 729 831 780; x_wconf 89' lang='grc' dir='ltr'><strong><em>Σ</em></strong></span> <span class='ocrx_word' id='word_1_9' title='bbox 833 729 1038 793; x_wconf 71' lang='grc' dir='ltr'><strong>χόιιιον</strong></span> <span class='ocrx_word' id='word_1_10' title='bbox 1074 732 1142 780; x_wconf 88' lang='grc' dir='ltr'><strong>α’.</strong></span> 
     </span>
    </p>
   </div>
   <div class='ocr_carea' id='block_1_5' title="bbox 259 817 1742 888">
    <p class='ocr_par' dir='ltr' id='par_1_5' title="bbox 259 817 1742 888">
     <span class='ocr_line' id='line_1_5' title="bbox 259 817 1742 888; baseline -0.002 -17"><span class='ocrx_word' id='word_1_11' title='bbox 259 817 324 871; x_wconf 89' lang='grc' dir='ltr'><strong>οι</strong></span> <span class='ocrx_word' id='word_1_12' title='bbox 343 818 698 888; x_wconf 71' lang='grc' dir='ltr'><strong>ἀκροώμενον</strong></span> <span class='ocrx_word' id='word_1_13' title='bbox 733 819 934 888; x_wconf 84' lang='grc' dir='ltr'><strong>βαθμός</strong></span> <span class='ocrx_word' id='word_1_14' title='bbox 959 819 1043 880; x_wconf 90' lang='grc' dir='ltr'><strong>τίς</strong></span> <span class='ocrx_word' id='word_1_15' title='bbox 1075 819 1191 870; x_wconf 83' lang='grc' dir='ltr'><strong>ἐστι</strong></span> <span class='ocrx_word' id='word_1_16' title='bbox 1217 817 1325 870; x_wconf 85' lang='grc' dir='ltr'><strong>τῶν</strong></span> <span class='ocrx_word' id='word_1_17' title='bbox 1345 819 1429 878; x_wconf 72' lang='grc' dir='ltr'><strong>είς</strong></span> <span class='ocrx_word' id='word_1_18' title='bbox 1455 817 1742 884; x_wconf 84' lang='grc' dir='ltr'><strong>μετάνοιαν</strong></span> 
     </span>
    </p>
   </div>
   <div class='ocr_carea' id='block_1_6' title="bbox 200 908 1746 981">
    <p class='ocr_par' dir='ltr' id='par_1_6' title="bbox 200 908 1746 981">
     <span class='ocr_line' id='line_1_6' title="bbox 200 908 1746 981; baseline -0.002 -18"><span class='ocrx_word' id='word_1_19' title='bbox 200 910 462 981; x_wconf 77' lang='grc' dir='ltr'><strong>ἡκόντων,</strong></span> <span class='ocrx_word' id='word_1_20' title='bbox 508 912 559 964; x_wconf 80' lang='grc' dir='ltr'><strong>οἳ</strong></span> <span class='ocrx_word' id='word_1_21' title='bbox 593 910 686 964; x_wconf 78' lang='grc' dir='ltr'><strong>καὶ</strong></span> <span class='ocrx_word' id='word_1_22' title='bbox 739 910 1154 980; x_wconf 77' lang='grc' dir='ltr'><strong>προσκλαίοντες</strong></span> <span class='ocrx_word' id='word_1_23' title='bbox 1197 909 1443 976; x_wconf 74' lang='grc' dir='ltr'><strong>λέγονται</strong></span> <span class='ocrx_word' id='word_1_24' title='bbox 1497 908 1600 973; x_wconf 74' lang='grc' dir='ltr'><strong>ἔξω</strong></span> <span class='ocrx_word' id='word_1_25' title='bbox 1638 909 1746 962; x_wconf 79' lang='grc' dir='ltr'><strong>τῶν</strong></span> 
     </span>
    </p>
   </div>
   <div class='ocr_carea' id='block_1_7' title="bbox 202 1001 1746 1070">
    <p class='ocr_par' dir='ltr' id='par_1_7' title="bbox 202 1001 1746 1070">
     <span class='ocr_line' id='line_1_7' title="bbox 202 1001 1746 1070; baseline -0.001 -13"><span class='ocrx_word' id='word_1_26' title='bbox 202 1004 389 1057; x_wconf 84' lang='grc' dir='ltr'><strong>πυλῶν</strong></span> <span class='ocrx_word' id='word_1_27' title='bbox 408 1003 870 1069; x_wconf 74' lang='grc' dir='ltr'><strong>ἑκκλησιαστικῶν</strong></span> <span class='ocrx_word' id='word_1_28' title='bbox 910 1003 1205 1070; x_wconf 78' lang='grc' dir='ltr'><strong>ἱστάμενοι,</strong></span> <span class='ocrx_word' id='word_1_29' title='bbox 1230 1004 1319 1054; x_wconf 79' lang='grc' dir='ltr'><strong>καὶ</strong></span> <span class='ocrx_word' id='word_1_30' title='bbox 1343 1003 1429 1054; x_wconf 70' lang='grc' dir='ltr'><strong>διὰ</strong></span> <span class='ocrx_word' id='word_1_31' title='bbox 1461 1001 1746 1070; x_wconf 81' lang='grc' dir='ltr'><strong>μετανοίας</strong></span> 
     </span>
    </p>
   </div>
   <div class='ocr_carea' id='block_1_8' title="bbox 197 1092 1745 1169">
    <p class='ocr_par' dir='ltr' id='par_1_8' title="bbox 197 1092 1745 1169">
     <span class='ocr_line' id='line_1_8' title="bbox 197 1092 1745 1169; baseline -0.005 -18"><span class='ocrx_word' id='word_1_32' title='bbox 197 1096 520 1169; x_wconf 67' lang='grc' dir='ltr'><strong>εἰλικρινοῦς</strong></span> <span class='ocrx_word' id='word_1_33' title='bbox 558 1096 650 1150; x_wconf 77' lang='grc' dir='ltr'><strong>καὶ</strong></span> <span class='ocrx_word' id='word_1_34' title='bbox 689 1096 916 1157; x_wconf 82' lang='grc' dir='ltr'><strong>πένθους</strong></span> <span class='ocrx_word' id='word_1_35' title='bbox 958 1095 1271 1164; x_wconf 76' lang='grc' dir='ltr'><strong>ἁκρωτάτου</strong></span> <span class='ocrx_word' id='word_1_36' title='bbox 1317 1094 1413 1164; x_wconf 82' lang='grc' dir='ltr'><strong>τὴν</strong></span> <span class='ocrx_word' id='word_1_37' title='bbox 1452 1092 1745 1163; x_wconf 78' lang='grc' dir='ltr'><strong>ἀνάκλησιν</strong></span> 
     </span>
    </p>
   </div>
   <div class='ocr_carea' id='block_1_9' title="bbox 191 1185 1743 1260">
    <p class='ocr_par' dir='ltr' id='par_1_9' title="bbox 191 1185 1743 1260">
     <span class='ocr_line' id='line_1_9' title="bbox 191 1185 1743 1260; baseline -0.003 -18"><span class='ocrx_word' id='word_1_38' title='bbox 191 1188 592 1260; x_wconf 75' lang='grc' dir='ltr'><strong>ἐπιζητοῦντες·</strong></span> <span class='ocrx_word' id='word_1_39' title='bbox 628 1188 676 1240; x_wconf 84' lang='grc' dir='ltr'><strong>οἳ</strong></span> <span class='ocrx_word' id='word_1_40' title='bbox 717 1188 805 1242; x_wconf 68' lang='grc' dir='ltr'><strong>διὰ</strong></span> <span class='ocrx_word' id='word_1_41' title='bbox 831 1188 939 1240; x_wconf 83' lang='grc' dir='ltr'><strong>τῶν</strong></span> <span class='ocrx_word' id='word_1_42' title='bbox 968 1187 1191 1256; x_wconf 76' lang='grc' dir='ltr'><strong>γελοίων</strong></span> <span class='ocrx_word' id='word_1_43' title='bbox 1223 1188 1320 1255; x_wconf 79' lang='grc' dir='ltr'><strong>τῆς</strong></span> <span class='ocrx_word' id='word_1_44' title='bbox 1349 1185 1556 1257; x_wconf 79' lang='grc' dir='ltr'><strong>ἀγαθῆς</strong></span> <span class='ocrx_word' id='word_1_45' title='bbox 1585 1186 1743 1238; x_wconf 77' lang='grc' dir='ltr'><strong>ἐκπί-</strong></span> 
     </span>
    </p>
   </div>
   <div class='ocr_carea' id='block_1_10' title="bbox 192 1280 703 1352">
    <p class='ocr_par' dir='ltr' id='par_1_10' title="bbox 192 1280 703 1352">
     <span class='ocr_line' id='line_1_10' title="bbox 192 1280 703 1352; baseline 0 -18"><span class='ocrx_word' id='word_1_46' title='bbox 192 1297 387 1334; x_wconf 88' lang='grc' dir='ltr'><strong>πτουσι</strong></span> <span class='ocrx_word' id='word_1_47' title='bbox 421 1280 703 1352; x_wconf 72' lang='grc' dir='ltr'><strong>ἐργασίας.</strong></span> 
     </span>
    </p>
   </div>
   <div class='ocr_carea' id='block_1_11' title="bbox 789 1543 1150 1613">
    <p class='ocr_par' dir='ltr' id='par_1_11' title="bbox 789 1543 1150 1613">
     <span class='ocr_line' id='line_1_11' title="bbox 789 1543 1150 1613; baseline -0.008 -14"><span class='ocrx_word' id='word_1_48' title='bbox 789 1546 1047 1612; x_wconf 69' lang='grc' dir='ltr'><strong>Σχὸλιον</strong></span> <span class='ocrx_word' id='word_1_49' title='bbox 1084 1543 1150 1613; x_wconf 86' lang='grc' dir='ltr'><strong>β’.</strong></span> 
     </span>
    </p>
   </div>
   <div class='ocr_carea' id='block_1_12' title="bbox 265 1635 1746 1707">
    <p class='ocr_par' dir='ltr' id='par_1_12' title="bbox 265 1635 1746 1707">
     <span class='ocr_line' id='line_1_12' title="bbox 265 1635 1746 1707; baseline 0 -18"><span class='ocrx_word' id='word_1_50' title='bbox 265 1637 455 1700; x_wconf 81' lang='grc' dir='ltr'><strong>Ὅστις</strong></span> <span class='ocrx_word' id='word_1_51' title='bbox 486 1635 634 1689; x_wconf 70' lang='grc' dir='ltr'><strong>λαλεῖ</strong></span> <span class='ocrx_word' id='word_1_52' title='bbox 691 1635 838 1700; x_wconf 80' lang='grc' dir='ltr'><strong>ἄλλο,</strong></span> <span class='ocrx_word' id='word_1_53' title='bbox 874 1637 966 1689; x_wconf 82' lang='grc' dir='ltr'><strong>καὶ</strong></span> <span class='ocrx_word' id='word_1_54' title='bbox 1006 1636 1116 1706; x_wconf 75' lang='grc' dir='ltr'><strong>ἔχει</strong></span> <span class='ocrx_word' id='word_1_55' title='bbox 1148 1638 1205 1687; x_wconf 81' lang='grc' dir='ltr'><strong>ἐν</strong></span> <span class='ocrx_word' id='word_1_56' title='bbox 1236 1637 1302 1706; x_wconf 82' lang='grc' dir='ltr'><strong>τῇ</strong></span> <span class='ocrx_word' id='word_1_57' title='bbox 1341 1637 1536 1707; x_wconf 68' lang='grc' dir='ltr'><strong>καρδίᾳ</strong></span> <span class='ocrx_word' id='word_1_58' title='bbox 1580 1636 1746 1689; x_wconf 76' lang='grc' dir='ltr'><strong>αὑτοῦ</strong></span> 
     </span>
    </p>
   </div>
   <div class='ocr_carea' id='block_1_13' title="bbox 191 1725 1744 1798">
    <p class='ocr_par' dir='ltr' id='par_1_13' title="bbox 191 1725 1744 1798">
     <span class='ocr_line' id='line_1_13' title="bbox 191 1725 1744 1798; baseline -0.001 -16"><span class='ocrx_word' id='word_1_59' title='bbox 191 1729 323 1782; x_wconf 72' lang='grc' dir='ltr'><strong>ἄλλο</strong></span> <span class='ocrx_word' id='word_1_60' title='bbox 372 1730 430 1782; x_wconf 81' lang='grc' dir='ltr'><strong>ὲν</strong></span> <span class='ocrx_word' id='word_1_61' title='bbox 476 1725 727 1798; x_wconf 84' lang='grc' dir='ltr'><strong>πονηρίᾳ,</strong></span> <span class='ocrx_word' id='word_1_62' title='bbox 767 1729 917 1780; x_wconf 79' lang='grc' dir='ltr'><strong>πᾶσα</strong></span> <span class='ocrx_word' id='word_1_63' title='bbox 954 1729 987 1798; x_wconf 82' lang='grc' dir='ltr'>ἡ</span> <span class='ocrx_word' id='word_1_64' title='bbox 1020 1727 1325 1798; x_wconf 81' lang='grc' dir='ltr'><strong>λειτουργία</strong></span> <span class='ocrx_word' id='word_1_65' title='bbox 1366 1727 1460 1780; x_wconf 77' lang='grc' dir='ltr'><strong>τοῦ</strong></span> <span class='ocrx_word' id='word_1_66' title='bbox 1505 1727 1744 1780; x_wconf 83' lang='grc' dir='ltr'><strong>τοιούτου</strong></span> 
     </span>
    </p>
   </div>
   <div class='ocr_carea' id='block_1_14' title="bbox 1167 405 2443 472">
    <p class='ocr_par' dir='ltr' id='par_1_14' title="bbox 1167 405 2443 472">
     <span class='ocr_line' id='line_1_14' title="bbox 1167 405 2443 472; baseline 0.002 -2"><span class='ocrx_word' id='word_1_67' title='bbox 1167 411 1392 470; x_wconf 76' lang='lat' dir='ltr'><strong>SCALA</strong></span> <span class='ocrx_word' id='word_1_68' title='bbox 1429 405 1802 469; x_wconf 69' lang='lat' dir='ltr'><strong>l’AﬂADlSl.</strong></span> <span class='ocrx_word' id='word_1_69' title='bbox 1832 430 1901 441; x_wconf 90' lang='grc'><strong><em>-</em></strong></span> <span class='ocrx_word' id='word_1_70' title='bbox 1931 411 2234 472; x_wconf 73' lang='lat' dir='ltr'><strong>GllADUS</strong></span> <span class='ocrx_word' id='word_1_71' title='bbox 2277 413 2443 472; x_wconf 77' lang='lat' dir='ltr'><strong>XIII.</strong></span> 
     </span>
    </p>
   </div>
   <div class='ocr_carea' id='block_1_15' title="bbox 3292 423 3364 481">
    <p class='ocr_par' dir='ltr' id='par_1_15' title="bbox 3292 423 3364 481">
     <span class='ocr_line' id='line_1_15' title="bbox 3292 423 3364 481; baseline 0.014 -1"><span class='ocrx_word' id='word_1_72' title='bbox 3292 423 3364 481; x_wconf 66' lang='lat'><strong>85-</strong></span> 
     </span>
    </p>
   </div>
   <div class='ocr_carea' id='block_1_16' title="bbox 2196 423 3400 578">
    <p class='ocr_par' dir='ltr' id='par_1_16' title="bbox 2196 423 3400 578">
     <span class='ocr_line' id='line_1_16' title="bbox 2196 423 3400 482; baseline 0.009 -11"><span class='ocrx_word' id='word_1_73' title='bbox 2196 423 2234 471; x_wconf 79' lang='grc'>5</span> <span class='ocrx_word' id='word_1_74' title='bbox 2277 423 2443 472; x_wconf 68' lang='grc' dir='ltr'><strong>ΧΠΙ.</strong></span> <span class='ocrx_word' id='word_1_75' title='bbox 3292 423 3400 482; x_wconf 62' lang='grc'><strong>858</strong></span> 
     </span>
     <span class='ocr_line' id='line_1_17' title="bbox 2196 518 3050 578; baseline 0.005 -4"><span class='ocrx_word' id='word_1_76' title='bbox 2196 518 2484 576; x_wconf 70' lang='grc' dir='ltr'><strong>εειιοιιΑ</strong></span> <span class='ocrx_word' id='word_1_77' title='bbox 2510 519 2602 574; x_wconf 79' lang='lat' dir='ltr'><strong>AD</strong></span> <span class='ocrx_word' id='word_1_78' title='bbox 2627 519 2914 577; x_wconf 76' lang='lat' dir='ltr'><strong>GRADUM</strong></span> <span class='ocrx_word' id='word_1_79' title='bbox 2939 521 3050 578; x_wconf 71' lang='lat' dir='ltr'><strong>XII.</strong></span> 
     </span>
    </p>
   </div>
   <div class='ocr_carea' id='block_1_17' title="bbox 2420 636 2849 694">
    <p class='ocr_par' dir='ltr' id='par_1_17' title="bbox 2420 636 2849 694">
     <span class='ocr_line' id='line_1_18' title="bbox 2420 636 2849 694; baseline 0.009 -4"><span class='ocrx_word' id='word_1_80' title='bbox 2420 636 2496 690; x_wconf 86' lang='lat' dir='ltr'><strong>De</strong></span> <span class='ocrx_word' id='word_1_81' title='bbox 2557 638 2849 694; x_wconf 82' lang='lat' dir='ltr'><strong>mendacio.</strong></span> 
     </span>
    </p>
   </div>
   <div class='ocr_carea' id='block_1_18' title="bbox 2460 729 2790 785">
    <p class='ocr_par' dir='ltr' id='par_1_18' title="bbox 2460 729 2790 785">
     <span class='ocr_line' id='line_1_19' title="bbox 2460 729 2790 785; baseline 0.006 -2"><span class='ocrx_word' id='word_1_82' title='bbox 2460 729 2711 784; x_wconf 76' lang='lat' dir='ltr'><strong>Scholion</strong></span> <span class='ocrx_word' id='word_1_83' title='bbox 2741 731 2790 785; x_wconf 83' lang='lat' dir='ltr'><strong>l.</strong></span> 
     </span>
    </p>
   </div>
   <div class='ocr_carea' id='block_1_19' title="bbox 1917 819 3404 897">
    <p class='ocr_par' dir='ltr' id='par_1_19' title="bbox 1917 819 3404 897">
     <span class='ocr_line' id='line_1_20' title="bbox 1917 819 3404 897; baseline 0.005 -23"><span class='ocrx_word' id='word_1_84' title='bbox 1917 819 2210 876; x_wconf 84' lang='lat' dir='ltr'><strong>Audientes</strong></span> <span class='ocrx_word' id='word_1_85' title='bbox 2237 821 2352 891; x_wconf 89' lang='lat' dir='ltr'><strong>(a):</strong></span> <span class='ocrx_word' id='word_1_86' title='bbox 2391 823 2590 894; x_wconf 86' lang='lat' dir='ltr'><strong>gradus</strong></span> <span class='ocrx_word' id='word_1_87' title='bbox 2639 831 2722 878; x_wconf 90' lang='lat' dir='ltr'><strong>est</strong></span> <span class='ocrx_word' id='word_1_88' title='bbox 2795 821 3016 892; x_wconf 86' lang='lat' dir='ltr'><strong>quidam</strong></span> <span class='ocrx_word' id='word_1_89' title='bbox 3066 841 3254 880; x_wconf 90' lang='lat' dir='ltr'><strong>eorum</strong></span> <span class='ocrx_word' id='word_1_90' title='bbox 3311 827 3404 897; x_wconf 85' lang='lat' dir='ltr'><strong>qui</strong></span> 
     </span>
    </p>
   </div>
   <div class='ocr_carea' id='block_1_20' title="bbox 1849 910 3404 984">
    <p class='ocr_par' dir='ltr' id='par_1_20' title="bbox 1849 910 3404 984">
     <span class='ocr_line' id='line_1_21' title="bbox 1849 910 3404 984; baseline 0.005 -21"><span class='ocrx_word' id='word_1_91' title='bbox 1849 910 1913 964; x_wconf 88' lang='lat' dir='ltr'><strong>ad</strong></span> <span class='ocrx_word' id='word_1_92' title='bbox 1983 911 2354 979; x_wconf 70' lang='lat' dir='ltr'><strong>pmnitentiam</strong></span> <span class='ocrx_word' id='word_1_93' title='bbox 2419 913 2662 977; x_wconf 90' lang='lat' dir='ltr'><strong>veniunt,</strong></span> <span class='ocrx_word' id='word_1_94' title='bbox 2719 914 2812 982; x_wconf 88' lang='lat' dir='ltr'><strong>qui</strong></span> <span class='ocrx_word' id='word_1_95' title='bbox 2853 923 2907 968; x_wconf 91' lang='lat' dir='ltr'><strong>et</strong></span> <span class='ocrx_word' id='word_1_96' title='bbox 2964 918 3404 984; x_wconf 75' lang='grc' dir='ltr'><strong>προσκλαίοντες,</strong></span> 
     </span>
    </p>
   </div>
   <div class='ocr_carea' id='block_1_21' title="bbox 1852 1001 3410 1072">
    <p class='ocr_par' dir='ltr' id='par_1_21' title="bbox 1852 1001 3410 1072">
     <span class='ocr_line' id='line_1_22' title="bbox 1852 1001 3410 1072; baseline 0.007 -19"><span class='ocrx_word' id='word_1_97' title='bbox 1852 1001 1951 1053; x_wconf 80' lang='lat' dir='ltr'><strong>hoc</strong></span> <span class='ocrx_word' id='word_1_98' title='bbox 2012 1011 2095 1056; x_wconf 91' lang='lat' dir='ltr'><strong>est</strong></span> <span class='ocrx_word' id='word_1_99' title='bbox 2146 1002 2571 1072; x_wconf 80' lang='lat' dir='ltr'><strong>allacrymantes,</strong></span> <span class='ocrx_word' id='word_1_100' title='bbox 2610 1016 2904 1069; x_wconf 84' lang='lat' dir='ltr'><strong>vocantur,</strong></span> <span class='ocrx_word' id='word_1_101' title='bbox 2967 1015 3020 1062; x_wconf 89' lang='lat' dir='ltr'><strong>et</strong></span> <span class='ocrx_word' id='word_1_102' title='bbox 3065 1017 3216 1062; x_wconf 77' lang='lat' dir='ltr'><strong>extra</strong></span> <span class='ocrx_word' id='word_1_103' title='bbox 3269 1017 3410 1064; x_wconf 84' lang='lat' dir='ltr'><strong>tem-</strong></span> 
     </span>
    </p>
   </div>
   <div class='ocr_carea' id='block_1_22' title="bbox 1849 1091 3375 1168">
    <p class='ocr_par' dir='ltr' id='par_1_22' title="bbox 1849 1091 3375 1168">
     <span class='ocr_line' id='line_1_23' title="bbox 1849 1091 3375 1168; baseline 0.007 -26"><span class='ocrx_word' id='word_1_104' title='bbox 1849 1091 2059 1160; x_wconf 86' lang='lat' dir='ltr'><strong>plorum</strong></span> <span class='ocrx_word' id='word_1_105' title='bbox 2107 1091 2292 1146; x_wconf 81' lang='lat' dir='ltr'><strong>limina</strong></span> <span class='ocrx_word' id='word_1_106' title='bbox 2324 1093 2644 1158; x_wconf 85' lang='lat' dir='ltr'><strong>consistunt,</strong></span> <span class='ocrx_word' id='word_1_107' title='bbox 2683 1104 2735 1148; x_wconf 86' lang='lat' dir='ltr'><strong>et</strong></span> <span class='ocrx_word' id='word_1_108' title='bbox 2778 1111 2871 1161; x_wconf 82' lang='lat' dir='ltr'><strong>per</strong></span> <span class='ocrx_word' id='word_1_109' title='bbox 2905 1097 3172 1151; x_wconf 83' lang='lat' dir='ltr'><strong>sinceram</strong></span> <span class='ocrx_word' id='word_1_110' title='bbox 3234 1102 3375 1168; x_wconf 73' lang='lat' dir='ltr'><strong>pceni</strong></span> 
     </span>
    </p>
   </div>
   <div class='ocr_carea' id='block_1_23' title="bbox 1850 1182 3408 1252">
    <p class='ocr_par' dir='ltr' id='par_1_23' title="bbox 1850 1182 3408 1252">
     <span class='ocr_line' id='line_1_24' title="bbox 1850 1182 3408 1252; baseline 0.006 -17"><span class='ocrx_word' id='word_1_111' title='bbox 1850 1182 2067 1235; x_wconf 86' lang='lat' dir='ltr'><strong>tentiam</strong></span> <span class='ocrx_word' id='word_1_112' title='bbox 2112 1191 2520 1252; x_wconf 82' lang='lat' dir='ltr'><strong>extremumque</strong></span> <span class='ocrx_word' id='word_1_113' title='bbox 2589 1183 2794 1238; x_wconf 89' lang='lat' dir='ltr'><strong>luctum</strong></span> <span class='ocrx_word' id='word_1_114' title='bbox 2843 1195 3051 1252; x_wconf 90' lang='lat' dir='ltr'><strong>petunt,</strong></span> <span class='ocrx_word' id='word_1_115' title='bbox 3111 1196 3170 1242; x_wconf 93' lang='lat' dir='ltr'><strong>ut</strong></span> <span class='ocrx_word' id='word_1_116' title='bbox 3211 1189 3408 1244; x_wconf 71' lang='lat' dir='ltr'><strong>admit-</strong></span> 
     </span>
    </p>
   </div>
   <div class='ocr_carea' id='block_1_24' title="bbox 1850 1277 3408 1345">
    <p class='ocr_par' dir='ltr' id='par_1_24' title="bbox 1850 1277 3408 1345">
     <span class='ocr_line' id='line_1_25' title="bbox 1850 1277 3408 1345; baseline 0.006 -19"><span class='ocrx_word' id='word_1_117' title='bbox 1850 1281 2032 1326; x_wconf 84' lang='lat' dir='ltr'><strong>tantur</strong></span> <span class='ocrx_word' id='word_1_118' title='bbox 2078 1288 2172 1328; x_wconf 92' lang='lat' dir='ltr'><strong>seu</strong></span> <span class='ocrx_word' id='word_1_119' title='bbox 2213 1283 2554 1339; x_wconf 88' lang='lat' dir='ltr'><strong>revocentur,</strong></span> <span class='ocrx_word' id='word_1_120' title='bbox 2610 1277 2704 1345; x_wconf 86' lang='lat' dir='ltr'><strong>qui</strong></span> <span class='ocrx_word' id='word_1_121' title='bbox 2750 1286 2930 1331; x_wconf 91' lang='lat' dir='ltr'><strong>tamen</strong></span> <span class='ocrx_word' id='word_1_122' title='bbox 2976 1294 3070 1345; x_wconf 91' lang='lat' dir='ltr'><strong>per</strong></span> <span class='ocrx_word' id='word_1_123' title='bbox 3137 1281 3408 1336; x_wconf 86' lang='lat' dir='ltr'><strong>levitatem</strong></span> 
     </span>
    </p>
   </div>
   <div class='ocr_carea' id='block_1_25' title="bbox 1849 1363 3406 1438">
    <p class='ocr_par' dir='ltr' id='par_1_25' title="bbox 1849 1363 3406 1438">
     <span class='ocr_line' id='line_1_26' title="bbox 1849 1363 3406 1438; baseline 0.006 -20"><span class='ocrx_word' id='word_1_124' title='bbox 1849 1375 2085 1418; x_wconf 87' lang='lat' dir='ltr'><strong>suamet</strong></span> <span class='ocrx_word' id='word_1_125' title='bbox 2155 1363 2381 1418; x_wconf 87' lang='lat' dir='ltr'><strong>ridicula</strong></span> <span class='ocrx_word' id='word_1_126' title='bbox 2432 1367 2681 1436; x_wconf 66' lang='lat' dir='ltr'><strong>qumdam</strong></span> <span class='ocrx_word' id='word_1_127' title='bbox 2747 1367 2887 1422; x_wconf 79' lang='lat' dir='ltr'><strong>facta</strong></span> <span class='ocrx_word' id='word_1_128' title='bbox 2916 1367 2991 1438; x_wconf 75' lang='grc' dir='ltr'><strong>(ὁ)</strong></span> <span class='ocrx_word' id='word_1_129' title='bbox 3044 1368 3223 1424; x_wconf 76' lang='lat' dir='ltr'><strong>fructu</strong></span> <span class='ocrx_word' id='word_1_130' title='bbox 3282 1373 3406 1427; x_wconf 90' lang='lat' dir='ltr'><strong>boni</strong></span> 
     </span>
    </p>
   </div>
   <div class='ocr_carea' id='block_1_26' title="bbox 1849 1459 2792 1528">
    <p class='ocr_par' dir='ltr' id='par_1_26' title="bbox 1849 1459 2792 1528">
     <span class='ocr_line' id='line_1_27' title="bbox 1849 1459 2792 1528; baseline 0.006 -17"><span class='ocrx_word' id='word_1_131' title='bbox 1849 1459 2028 1528; x_wconf 89' lang='lat' dir='ltr'><strong>operis</strong></span> <span class='ocrx_word' id='word_1_132' title='bbox 2053 1467 2346 1515; x_wconf 89' lang='lat' dir='ltr'><strong>caruerunt</strong></span> <span class='ocrx_word' id='word_1_133' title='bbox 2372 1467 2426 1515; x_wconf 88' lang='lat' dir='ltr'><strong>et</strong></span> <span class='ocrx_word' id='word_1_134' title='bbox 2453 1461 2792 1517; x_wconf 82' lang='lat' dir='ltr'><strong>exciderunt.</strong></span> 
     </span>
    </p>
   </div>
   <div class='ocr_carea' id='block_1_27' title="bbox 2463 1550 2792 1606">
    <p class='ocr_par' dir='ltr' id='par_1_27' title="bbox 2463 1550 2792 1606">
     <span class='ocr_line' id='line_1_28' title="bbox 2463 1550 2792 1606; baseline 0 0"><span class='ocrx_word' id='word_1_135' title='bbox 2463 1550 2713 1606; x_wconf 80' lang='lat' dir='ltr'><strong>Scholion</strong></span> <span class='ocrx_word' id='word_1_136' title='bbox 2738 1552 2792 1606; x_wconf 77' lang='lat'><strong>‘2.</strong></span> 
     </span>
    </p>
   </div>
   <div class='ocr_carea' id='block_1_28' title="bbox 1917 1639 3410 1712">
    <p class='ocr_par' dir='ltr' id='par_1_28' title="bbox 1917 1639 3410 1712">
     <span class='ocr_line' id='line_1_29' title="bbox 1917 1639 3410 1712; baseline 0.005 -18"><span class='ocrx_word' id='word_1_137' title='bbox 1917 1639 2177 1711; x_wconf 84' lang='lat' dir='ltr'><strong>Quisquis</strong></span> <span class='ocrx_word' id='word_1_138' title='bbox 2212 1642 2360 1696; x_wconf 86' lang='lat' dir='ltr'><strong>aliud</strong></span> <span class='ocrx_word' id='word_1_139' title='bbox 2402 1641 2584 1711; x_wconf 83' lang='lat' dir='ltr'><strong>lingua</strong></span> <span class='ocrx_word' id='word_1_140' title='bbox 2639 1652 2967 1712; x_wconf 86' lang='lat' dir='ltr'><strong>promptum,</strong></span> <span class='ocrx_word' id='word_1_141' title='bbox 3025 1645 3171 1699; x_wconf 82' lang='lat' dir='ltr'><strong>aliud</strong></span> <span class='ocrx_word' id='word_1_142' title='bbox 3246 1646 3410 1702; x_wconf 88' lang='lat' dir='ltr'><strong>corde</strong></span> 
     </span>
    </p>
   </div>
   <div class='ocr_carea' id='block_1_29' title="bbox 1848 1741 3410 1813">
    <p class='ocr_par' dir='ltr' id='par_1_29' title="bbox 1848 1741 3410 1813">
     <span class='ocr_line' id='line_1_30' title="bbox 1848 1741 3410 1813; baseline 0.004 -18"><span class='ocrx_word' id='word_1_143' title='bbox 1848 1741 2090 1795; x_wconf 88' lang='lat' dir='ltr'><strong>clausum</strong></span> <span class='ocrx_word' id='word_1_144' title='bbox 2123 1741 2282 1794; x_wconf 88' lang='lat' dir='ltr'><strong>habet</strong></span> <span class='ocrx_word' id='word_1_145' title='bbox 2325 1757 2418 1810; x_wconf 90' lang='lat' dir='ltr'><strong>per</strong></span> <span class='ocrx_word' id='word_1_146' title='bbox 2465 1741 2750 1806; x_wconf 89' lang='lat' dir='ltr'><strong>malitiam,</strong></span> <span class='ocrx_word' id='word_1_147' title='bbox 2801 1742 2964 1811; x_wconf 74' lang='lat' dir='ltr'><strong>huius</strong></span> <span class='ocrx_word' id='word_1_148' title='bbox 3015 1751 3125 1797; x_wconf 90' lang='lat' dir='ltr'><strong>tota</strong></span> <span class='ocrx_word' id='word_1_149' title='bbox 3152 1756 3322 1813; x_wconf 81' lang='lat' dir='ltr'><strong>pietas</strong></span> <span class='ocrx_word' id='word_1_150' title='bbox 3355 1755 3410 1802; x_wconf 87' lang='lat' dir='ltr'><strong>et</strong></span> 
     </span>
    </p>
   </div>
   <div class='ocr_carea' id='block_1_30' title="bbox 196 1817 1858 1925">
    <p class='ocr_par' dir='ltr' id='par_1_30' title="bbox 196 1817 1858 1925">
     <span class='ocr_line' id='line_1_31' title="bbox 196 1817 1858 1925; baseline -0.001 -53"><span class='ocrx_word' id='word_1_151' title='bbox 196 1818 420 1890; x_wconf 80' lang='grc' dir='ltr'><strong>ματαία.</strong></span> <span class='ocrx_word' id='word_1_152' title='bbox 445 1820 534 1889; x_wconf 83' lang='grc' dir='ltr'><strong>Μὴ</strong></span> <span class='ocrx_word' id='word_1_153' title='bbox 555 1817 819 1888; x_wconf 84' lang='grc' dir='ltr'><strong>κολληθῇς</strong></span> <span class='ocrx_word' id='word_1_154' title='bbox 844 1835 948 1871; x_wconf 86' lang='grc' dir='ltr'><strong>τινι</strong></span> <span class='ocrx_word' id='word_1_155' title='bbox 973 1817 1219 1889; x_wconf 81' lang='grc' dir='ltr'><strong>τοιούτῳ,</strong></span> <span class='ocrx_word' id='word_1_156' title='bbox 1246 1819 1331 1870; x_wconf 76' lang='grc' dir='ltr'><strong>ἵνα</strong></span> <span class='ocrx_word' id='word_1_157' title='bbox 1362 1818 1436 1895; x_wconf 63' lang='grc' dir='ltr'><strong>μὴ</strong></span> <span class='ocrx_word' id='word_1_158' title='bbox 1469 1817 1743 1889; x_wconf 78' lang='grc' dir='ltr'><strong>σπιλωθῇς</strong></span> <span class='ocrx_word' id='word_1_159' title='bbox 1771 1870 1812 1925; x_wconf 72' lang='grc' dir='ltr'><strong>Β</strong></span> <span class='ocrx_word' id='word_1_160' title='bbox 1848 1850 1858 1887; x_wconf 67' lang='grc' dir='ltr'><strong>ε</strong></span> 
     </span>
    </p>
   </div>
   <div class='ocr_carea' id='block_1_31' title="bbox 1745 1817 3407 1925">
    <p class='ocr_par' dir='ltr' id='par_1_31' title="bbox 1771 1832 3407 1925">
     <span class='ocr_line' id='line_1_32' title="bbox 1771 1832 3407 1925; baseline 0.001 -37"><span class='ocrx_word' id='word_1_161' title='bbox 1771 1870 1812 1925; x_wconf 72' lang='grc' dir='ltr'><strong>Β</strong></span> <span class='ocrx_word' id='word_1_162' title='bbox 1848 1833 2125 1888; x_wconf 86' lang='lat' dir='ltr'><strong>servitium</strong></span> <span class='ocrx_word' id='word_1_163' title='bbox 2147 1832 2388 1885; x_wconf 84' lang='lat' dir='ltr'><strong>divinum</strong></span> <span class='ocrx_word' id='word_1_164' title='bbox 2434 1843 2517 1887; x_wconf 85' lang='lat' dir='ltr'><strong>est</strong></span> <span class='ocrx_word' id='word_1_165' title='bbox 2566 1833 2768 1887; x_wconf 89' lang='lat' dir='ltr'><strong>inane:</strong></span> <span class='ocrx_word' id='word_1_166' title='bbox 2806 1847 2906 1888; x_wconf 89' lang='lat' dir='ltr'><strong>nec</strong></span> <span class='ocrx_word' id='word_1_167' title='bbox 2947 1841 2998 1888; x_wconf 93' lang='lat' dir='ltr'><strong>te</strong></span> <span class='ocrx_word' id='word_1_168' title='bbox 3023 1834 3148 1890; x_wconf 87' lang='lat' dir='ltr'><strong>huic</strong></span> <span class='ocrx_word' id='word_1_169' title='bbox 3177 1836 3269 1890; x_wconf 91' lang='lat' dir='ltr'><strong>tali</strong></span> <span class='ocrx_word' id='word_1_170' title='bbox 3305 1853 3407 1890; x_wconf 91' lang='lat' dir='ltr'><strong>un-</strong></span> 
     </span>
    </p>
   </div>
   <div class='ocr_carea' id='block_1_32' title="bbox 193 1910 1174 1981">
    <p class='ocr_par' dir='ltr' id='par_1_32' title="bbox 193 1910 1174 1981">
     <span class='ocr_line' id='line_1_33' title="bbox 193 1910 1174 1981; baseline 0.003 -17"><span class='ocrx_word' id='word_1_171' title='bbox 193 1929 260 1966; x_wconf 85' lang='grc' dir='ltr'><strong>εκ</strong></span> <span class='ocrx_word' id='word_1_172' title='bbox 290 1912 385 1966; x_wconf 75' lang='grc' dir='ltr'><strong>τοῦ</strong></span> <span class='ocrx_word' id='word_1_173' title='bbox 423 1910 501 1963; x_wconf 80' lang='grc' dir='ltr'><strong>ἰοῦ</strong></span> <span class='ocrx_word' id='word_1_174' title='bbox 537 1911 700 1964; x_wconf 66' lang='grc' dir='ltr'><strong>αὑτοὺ</strong></span> <span class='ocrx_word' id='word_1_175' title='bbox 728 1910 821 1964; x_wconf 80' lang='grc' dir='ltr'><strong>τοῦ</strong></span> <span class='ocrx_word' id='word_1_176' title='bbox 845 1911 1174 1981; x_wconf 78' lang='grc' dir='ltr'><strong>ἀκαθάρτου.</strong></span> 
     </span>
    </p>
   </div>
   <div class='ocr_carea' id='block_1_33' title="bbox 787 2107 1150 2176">
    <p class='ocr_par' dir='ltr' id='par_1_33' title="bbox 787 2107 1150 2176">
     <span class='ocr_line' id='line_1_34' title="bbox 787 2107 1150 2176; baseline 0.006 -15"><span class='ocrx_word' id='word_1_177' title='bbox 787 2108 1038 2176; x_wconf 72' lang='grc' dir='ltr'><strong>Σχρλιον</strong></span> <span class='ocrx_word' id='word_1_178' title='bbox 1082 2107 1150 2176; x_wconf 86' lang='grc' dir='ltr'><strong>γ’.</strong></span> 
     </span>
    </p>
   </div>
   <div class='ocr_carea' id='block_1_34' title="bbox 274 2196 1746 2268">
    <p class='ocr_par' dir='ltr' id='par_1_34' title="bbox 274 2196 1746 2268">
     <span class='ocr_line' id='line_1_35' title="bbox 274 2196 1746 2268; baseline 0 -16"><span class='ocrx_word' id='word_1_179' title='bbox 274 2196 336 2252; x_wconf 89' lang='lat'><strong>&#39;0</strong></span> <span class='ocrx_word' id='word_1_180' title='bbox 383 2196 701 2268; x_wconf 80' lang='grc' dir='ltr'><strong>ὑποκριτὴς,</strong></span> <span class='ocrx_word' id='word_1_181' title='bbox 755 2198 859 2262; x_wconf 85' lang='grc' dir='ltr'><strong>’ἐως</strong></span> <span class='ocrx_word' id='word_1_182' title='bbox 901 2199 1000 2267; x_wconf 85' lang='grc' dir='ltr'><strong>μὲν</strong></span> <span class='ocrx_word' id='word_1_183' title='bbox 1040 2199 1188 2253; x_wconf 72' lang='grc' dir='ltr'><strong>δοκεῖ</strong></span> <span class='ocrx_word' id='word_1_184' title='bbox 1227 2198 1526 2265; x_wconf 80' lang='grc' dir='ltr'><strong>λανθάνειν,</strong></span> <span class='ocrx_word' id='word_1_185' title='bbox 1553 2201 1652 2268; x_wconf 71' lang='grc' dir='ltr'><strong>τὴν</strong></span> <span class='ocrx_word' id='word_1_186' title='bbox 1683 2201 1746 2252; x_wconf 80' lang='grc' dir='ltr'><strong>ἐκ</strong></span> 
     </span>
    </p>
   </div>
   <div class='ocr_carea' id='block_1_35' title="bbox 188 2289 1746 2362">
    <p class='ocr_par' dir='ltr' id='par_1_35' title="bbox 188 2289 1746 2362">
     <span class='ocr_line' id='line_1_36' title="bbox 188 2289 1746 2362; baseline 0.001 -20"><span class='ocrx_word' id='word_1_187' title='bbox 188 2289 288 2344; x_wconf 73' lang='grc' dir='ltr'><strong>τοῦ</strong></span> <span class='ocrx_word' id='word_1_188' title='bbox 309 2289 484 2342; x_wconf 85' lang='grc' dir='ltr'><strong>δοκεῖν</strong></span> <span class='ocrx_word' id='word_1_189' title='bbox 503 2289 705 2354; x_wconf 88' lang='grc' dir='ltr'><strong>δίκαιος</strong></span> <span class='ocrx_word' id='word_1_190' title='bbox 725 2289 882 2355; x_wconf 82' lang='grc' dir='ltr'><strong>δόξαν</strong></span> <span class='ocrx_word' id='word_1_191' title='bbox 903 2291 1215 2362; x_wconf 82' lang='grc' dir='ltr'><strong>θηρώμενος</strong></span> <span class='ocrx_word' id='word_1_192' title='bbox 1234 2290 1499 2361; x_wconf 78' lang='grc' dir='ltr'><strong>φαίνεται·</strong></span> <span class='ocrx_word' id='word_1_193' title='bbox 1531 2291 1746 2344; x_wconf 79' lang='grc' dir='ltr'><strong>ἐπειδάν</strong></span> 
     </span>
    </p>
   </div>
   <div class='ocr_carea' id='block_1_36' title="bbox 189 2380 1745 2455">
    <p class='ocr_par' dir='ltr' id='par_1_36' title="bbox 189 2380 1745 2455">
     <span class='ocr_line' id='line_1_37' title="bbox 189 2380 1745 2455; baseline 0.002 -22"><span class='ocrx_word' id='word_1_194' title='bbox 189 2381 253 2434; x_wconf 72' lang='grc' dir='ltr'><strong>δὲ</strong></span> <span class='ocrx_word' id='word_1_195' title='bbox 280 2380 528 2452; x_wconf 80' lang='grc' dir='ltr'><strong>φωραθῇ,</strong></span> <span class='ocrx_word' id='word_1_196' title='bbox 559 2381 962 2454; x_wconf 73' lang='grc' dir='ltr'><strong>θανατηφόρους</strong></span> <span class='ocrx_word' id='word_1_197' title='bbox 989 2383 1363 2455; x_wconf 76' lang='grc' dir='ltr'><strong>ὑπεισέρχεται</strong></span> <span class='ocrx_word' id='word_1_198' title='bbox 1387 2383 1597 2452; x_wconf 89' lang='grc' dir='ltr'><strong>λόγους,</strong></span> <span class='ocrx_word' id='word_1_199' title='bbox 1629 2387 1745 2448; x_wconf 84' lang='grc' dir='ltr'><strong>ταῖς</strong></span> 
     </span>
    </p>
   </div>
   <div class='ocr_carea' id='block_1_37' title="bbox 193 2471 1748 2546">
    <p class='ocr_par' dir='ltr' id='par_1_37' title="bbox 193 2471 1748 2546">
     <span class='ocr_line' id='line_1_38' title="bbox 193 2471 1748 2546; baseline 0.003 -22"><span class='ocrx_word' id='word_1_200' title='bbox 193 2473 321 2524; x_wconf 76' lang='grc' dir='ltr'><strong>κατ’</strong></span> <span class='ocrx_word' id='word_1_201' title='bbox 341 2471 516 2526; x_wconf 79' lang='grc' dir='ltr'><strong>ἄλλων</strong></span> <span class='ocrx_word' id='word_1_202' title='bbox 533 2473 819 2542; x_wconf 76' lang='grc' dir='ltr'><strong>λοιδορίαις</strong></span> <span class='ocrx_word' id='word_1_203' title='bbox 833 2473 926 2546; x_wconf 76' lang='grc' dir='ltr'><strong>τὴν</strong></span> <span class='ocrx_word' id='word_1_204' title='bbox 941 2475 1142 2529; x_wconf 78' lang='grc' dir='ltr'><strong>οἰκείαν</strong></span> <span class='ocrx_word' id='word_1_205' title='bbox 1158 2475 1331 2529; x_wconf 84' lang='grc' dir='ltr'><strong>δοκῶν</strong></span> <span class='ocrx_word' id='word_1_206' title='bbox 1352 2476 1748 2544; x_wconf 81' lang='grc' dir='ltr'><strong>συγκαλύπτειν</strong></span> 
     </span>
    </p>
   </div>
   <div class='ocr_carea' id='block_1_38' title="bbox 191 2565 1748 2639">
    <p class='ocr_par' dir='ltr' id='par_1_38' title="bbox 191 2565 1748 2639">
     <span class='ocr_line' id='line_1_39' title="bbox 191 2565 1748 2639; baseline 0.003 -21"><span class='ocrx_word' id='word_1_207' title='bbox 191 2565 605 2636; x_wconf 75' lang='grc' dir='ltr'><strong>ἀσχημοσύνην·</strong></span> <span class='ocrx_word' id='word_1_208' title='bbox 634 2566 694 2619; x_wconf 82' lang='grc' dir='ltr'><strong>ὃν</strong></span> <span class='ocrx_word' id='word_1_209' title='bbox 724 2566 936 2637; x_wconf 74' lang='grc' dir='ltr'><strong>ἐχίδνης</strong></span> <span class='ocrx_word' id='word_1_210' title='bbox 955 2569 1288 2639; x_wconf 83' lang='grc' dir='ltr'><strong>γεννήματα,</strong></span> <span class='ocrx_word' id='word_1_211' title='bbox 1311 2566 1389 2632; x_wconf 85' lang='grc' dir='ltr'><strong>ὡς</strong></span> <span class='ocrx_word' id='word_1_212' title='bbox 1417 2567 1748 2639; x_wconf 73' lang='grc' dir='ltr'><strong>παλίμϐολον</strong></span> 
     </span>
    </p>
   </div>
   <div class='ocr_carea' id='block_1_39' title="bbox 191 2657 1749 2731">
    <p class='ocr_par' dir='ltr' id='par_1_39' title="bbox 191 2657 1749 2731">
     <span class='ocr_line' id='line_1_40' title="bbox 191 2657 1749 2731; baseline 0.001 -19"><span class='ocrx_word' id='word_1_213' title='bbox 191 2659 541 2727; x_wconf 80' lang='grc' dir='ltr'><strong>παρεικάσας</strong></span> <span class='ocrx_word' id='word_1_214' title='bbox 569 2660 599 2712; x_wconf 85' lang='grc' dir='ltr'><strong><em>ὁ</em></strong></span> <span class='ocrx_word' id='word_1_215' title='bbox 623 2657 779 2728; x_wconf 60' lang='grc' dir='ltr'><strong>λόγος</strong></span> <span class='ocrx_word' id='word_1_216' title='bbox 809 2660 990 2726; x_wconf 79' lang='grc' dir='ltr'><strong>ἀξίους</strong></span> <span class='ocrx_word' id='word_1_217' title='bbox 1045 2659 1146 2730; x_wconf 84' lang='grc' dir='ltr'><strong>τῆς</strong></span> <span class='ocrx_word' id='word_1_218' title='bbox 1187 2659 1474 2731; x_wconf 80' lang='grc' dir='ltr'><strong>μετανοίας</strong></span> <span class='ocrx_word' id='word_1_219' title='bbox 1506 2661 1749 2730; x_wconf 83' lang='grc' dir='ltr'><strong>καρποὺς</strong></span> 
     </span>
    </p>
   </div>
   <div class='ocr_carea' id='block_1_40' title="bbox 191 2749 1752 2823">
    <p class='ocr_par' dir='ltr' id='par_1_40' title="bbox 191 2749 1752 2823">
     <span class='ocr_line' id='line_1_41' title="bbox 191 2749 1752 2823; baseline 0.001 -20"><span class='ocrx_word' id='word_1_220' title='bbox 191 2749 532 2821; x_wconf 80' lang='grc' dir='ltr'><strong>προσέταξεν</strong></span> <span class='ocrx_word' id='word_1_221' title='bbox 559 2750 708 2822; x_wconf 83' lang='grc' dir='ltr'><strong>αὐτῷ</strong></span> <span class='ocrx_word' id='word_1_222' title='bbox 731 2753 924 2804; x_wconf 77' lang='grc' dir='ltr'><strong>ποιεῖν’</strong></span> <span class='ocrx_word' id='word_1_223' title='bbox 956 2752 1224 2815; x_wconf 83' lang='grc' dir='ltr'><strong>τουτέστι,</strong></span> <span class='ocrx_word' id='word_1_224' title='bbox 1250 2751 1385 2823; x_wconf 83' lang='grc' dir='ltr'><strong>πρὸς</strong></span> <span class='ocrx_word' id='word_1_225' title='bbox 1406 2752 1533 2814; x_wconf 82' lang='grc' dir='ltr'><strong>τοὺς</strong></span> <span class='ocrx_word' id='word_1_226' title='bbox 1565 2769 1752 2820; x_wconf 85' lang='grc' dir='ltr'><strong>φαινο-</strong></span> 
     </span>
    </p>
   </div>
   <div class='ocr_carea' id='block_1_41' title="bbox 192 2840 1746 2915">
    <p class='ocr_par' dir='ltr' id='par_1_41' title="bbox 192 2840 1746 2915">
     <span class='ocr_line' id='line_1_42' title="bbox 192 2840 1746 2915; baseline 0.003 -23"><span class='ocrx_word' id='word_1_227' title='bbox 192 2840 400 2910; x_wconf 76' lang='grc' dir='ltr'><strong>μένους</strong></span> <span class='ocrx_word' id='word_1_228' title='bbox 425 2841 659 2909; x_wconf 88' lang='grc' dir='ltr'><strong>τρόπους</strong></span> <span class='ocrx_word' id='word_1_229' title='bbox 689 2842 1097 2912; x_wconf 79' lang='grc' dir='ltr'><strong>μεταποιεῖσθαι</strong></span> <span class='ocrx_word' id='word_1_230' title='bbox 1123 2843 1221 2913; x_wconf 75' lang='grc' dir='ltr'><strong>τὴν</strong></span> <span class='ocrx_word' id='word_1_231' title='bbox 1246 2843 1627 2915; x_wconf 81' lang='grc' dir='ltr'><strong>κρυπτομένην</strong></span> <span class='ocrx_word' id='word_1_232' title='bbox 1649 2845 1746 2914; x_wconf 79' lang='grc' dir='ltr'><strong>τῆς</strong></span> 
     </span>
    </p>
   </div>
   <div class='ocr_carea' id='block_1_42' title="bbox 194 2931 699 2999">
    <p class='ocr_par' dir='ltr' id='par_1_42' title="bbox 194 2931 699 2999">
     <span class='ocr_line' id='line_1_43' title="bbox 194 2931 699 2999; baseline 0.004 -14"><span class='ocrx_word' id='word_1_233' title='bbox 194 2932 428 2999; x_wconf 68' lang='grc' dir='ltr'><strong>καρδίας</strong></span> <span class='ocrx_word' id='word_1_234' title='bbox 447 2931 699 2987; x_wconf 81' lang='grc' dir='ltr'><strong>διάθεσιν.</strong></span> 
     </span>
    </p>
   </div>
   <div class='ocr_carea' id='block_1_43' title="bbox 797 3116 1171 3184">
    <p class='ocr_par' dir='ltr' id='par_1_43' title="bbox 797 3116 1171 3184">
     <span class='ocr_line' id='line_1_44' title="bbox 797 3116 1171 3184; baseline -0.003 -14"><span class='ocrx_word' id='word_1_235' title='bbox 797 3116 1056 3184; x_wconf 75' lang='grc' dir='ltr'><strong>Σχόλιον</strong></span> <span class='ocrx_word' id='word_1_236' title='bbox 1107 3116 1171 3170; x_wconf 82' lang='grc' dir='ltr'><strong>δ’.</strong></span> 
     </span>
    </p>
   </div>
   <div class='ocr_carea' id='block_1_44' title="bbox 1850 1923 3409 1996">
    <p class='ocr_par' dir='ltr' id='par_1_44' title="bbox 1850 1923 3409 1996">
     <span class='ocr_line' id='line_1_45' title="bbox 1850 1923 3409 1996; baseline 0.003 -17"><span class='ocrx_word' id='word_1_237' title='bbox 1850 1939 2013 1996; x_wconf 89' lang='lat' dir='ltr'><strong>quam</strong></span> <span class='ocrx_word' id='word_1_238' title='bbox 2038 1925 2350 1991; x_wconf 79' lang='lat' dir='ltr'><strong>sociaveris,</strong></span> <span class='ocrx_word' id='word_1_239' title='bbox 2378 1941 2447 1979; x_wconf 87' lang='lat' dir='ltr'><strong>ne</strong></span> <span class='ocrx_word' id='word_1_240' title='bbox 2476 1924 2690 1993; x_wconf 87' lang='lat' dir='ltr'><strong>impuro</strong></span> <span class='ocrx_word' id='word_1_241' title='bbox 2737 1923 2882 1980; x_wconf 86' lang='lat' dir='ltr'><strong>illius</strong></span> <span class='ocrx_word' id='word_1_242' title='bbox 2941 1940 3151 1980; x_wconf 89' lang='lat' dir='ltr'><strong>veneno</strong></span> <span class='ocrx_word' id='word_1_243' title='bbox 3199 1927 3409 1983; x_wconf 75' lang='lat' dir='ltr'><strong>inlicia-</strong></span> 
     </span>
    </p>
   </div>
   <div class='ocr_carea' id='block_1_45' title="bbox 1851 2018 1949 2073">
    <p class='ocr_par' dir='ltr' id='par_1_45' title="bbox 1851 2018 1949 2073">
     <span class='ocr_line' id='line_1_46' title="bbox 1851 2018 1949 2073; baseline 0 -1"><span class='ocrx_word' id='word_1_244' title='bbox 1851 2018 1949 2073; x_wconf 84' lang='lat' dir='ltr'><strong>ris.</strong></span> 
     </span>
    </p>
   </div>
   <div class='ocr_carea' id='block_1_46' title="bbox 2461 2107 2818 2165">
    <p class='ocr_par' dir='ltr' id='par_1_46' title="bbox 2461 2107 2818 2165">
     <span class='ocr_line' id='line_1_47' title="bbox 2461 2107 2818 2165; baseline 0 -2"><span class='ocrx_word' id='word_1_245' title='bbox 2461 2107 2708 2163; x_wconf 79' lang='lat' dir='ltr'><strong>Scholion</strong></span> <span class='ocrx_word' id='word_1_246' title='bbox 2765 2110 2818 2165; x_wconf 80' lang='grc'><strong>5.</strong></span> 
     </span>
    </p>
   </div>
   <div class='ocr_carea' id='block_1_47' title="bbox 1921 2197 3410 2274">
    <p class='ocr_par' dir='ltr' id='par_1_47' title="bbox 1921 2197 3410 2274">
     <span class='ocr_line' id='line_1_48' title="bbox 1921 2197 3410 2274; baseline -0.001 -19"><span class='ocrx_word' id='word_1_247' title='bbox 1921 2199 2213 2274; x_wconf 79' lang='lat' dir='ltr'><strong>llypocrita</strong></span> <span class='ocrx_word' id='word_1_248' title='bbox 2239 2199 2478 2270; x_wconf 85' lang='lat' dir='ltr'><strong>quandiu</strong></span> <span class='ocrx_word' id='word_1_249' title='bbox 2505 2201 2721 2268; x_wconf 86' lang='lat' dir='ltr'><strong>quidem</strong></span> <span class='ocrx_word' id='word_1_250' title='bbox 2781 2197 2993 2253; x_wconf 91' lang='lat' dir='ltr'><strong>videtur</strong></span> <span class='ocrx_word' id='word_1_251' title='bbox 3052 2198 3239 2261; x_wconf 89' lang='lat' dir='ltr'><strong>latere,</strong></span> <span class='ocrx_word' id='word_1_252' title='bbox 3294 2199 3410 2270; x_wconf 84' lang='lat' dir='ltr'><strong>glo-</strong></span> 
     </span>
    </p>
   </div>
   <div class='ocr_carea' id='block_1_48' title="bbox 1851 2291 3410 2361">
    <p class='ocr_par' dir='ltr' id='par_1_48' title="bbox 1851 2291 3410 2361">
     <span class='ocr_line' id='line_1_49' title="bbox 1851 2291 3410 2361; baseline -0.003 -12"><span class='ocrx_word' id='word_1_253' title='bbox 1851 2299 1986 2350; x_wconf 88' lang='lat' dir='ltr'><strong>riam</strong></span> <span class='ocrx_word' id='word_1_254' title='bbox 2034 2309 2100 2347; x_wconf 74' lang='lat' dir='ltr'><strong>ex</strong></span> <span class='ocrx_word' id='word_1_255' title='bbox 2139 2291 2390 2361; x_wconf 84' lang='lat' dir='ltr'><strong>Opinione</strong></span> <span class='ocrx_word' id='word_1_256' title='bbox 2420 2300 2669 2352; x_wconf 87' lang='lat' dir='ltr'><strong>venatus,</strong></span> <span class='ocrx_word' id='word_1_257' title='bbox 2704 2291 2884 2358; x_wconf 79' lang='lat' dir='ltr'><strong>justus</strong></span> <span class='ocrx_word' id='word_1_258' title='bbox 2909 2301 3170 2360; x_wconf 88' lang='lat' dir='ltr'><strong>apparet;</strong></span> <span class='ocrx_word' id='word_1_259' title='bbox 3205 2291 3294 2345; x_wconf 91' lang='lat' dir='ltr'><strong>ubi</strong></span> <span class='ocrx_word' id='word_1_260' title='bbox 3319 2307 3410 2346; x_wconf 88' lang='lat' dir='ltr'><strong>au-</strong></span> 
     </span>
    </p>
   </div>
   <div class='ocr_carea' id='block_1_49' title="bbox 1851 2382 3409 2453">
    <p class='ocr_par' dir='ltr' id='par_1_49' title="bbox 1851 2382 3409 2453">
     <span class='ocr_line' id='line_1_50' title="bbox 1851 2382 3409 2453; baseline -0.003 -11"><span class='ocrx_word' id='word_1_261' title='bbox 1851 2397 1955 2442; x_wconf 88' lang='lat' dir='ltr'><strong>tem</strong></span> <span class='ocrx_word' id='word_1_262' title='bbox 1992 2385 2154 2440; x_wconf 81' lang='lat' dir='ltr'><strong>fuerit</strong></span> <span class='ocrx_word' id='word_1_263' title='bbox 2198 2384 2586 2453; x_wconf 72' lang='lat' dir='ltr'><strong>deprehensus,</strong></span> <span class='ocrx_word' id='word_1_264' title='bbox 2625 2382 2781 2452; x_wconf 78' lang='lat'><strong>197</strong></span> <span class='ocrx_word' id='word_1_265' title='bbox 2819 2382 3099 2438; x_wconf 90' lang='lat' dir='ltr'><strong>virulentis</strong></span> <span class='ocrx_word' id='word_1_266' title='bbox 3149 2392 3204 2436; x_wconf 91' lang='lat' dir='ltr'><strong>et</strong></span> <span class='ocrx_word' id='word_1_267' title='bbox 3260 2397 3409 2437; x_wconf 86' lang='lat' dir='ltr'><strong>mor-</strong></span> 
     </span>
    </p>
   </div>
   <div class='ocr_carea' id='block_1_50' title="bbox 1854 2472 3412 2544">
    <p class='ocr_par' dir='ltr' id='par_1_50' title="bbox 1854 2472 3412 2544">
     <span class='ocr_line' id='line_1_51' title="bbox 1854 2472 3412 2544; baseline -0.004 -10"><span class='ocrx_word' id='word_1_268' title='bbox 1854 2479 2026 2534; x_wconf 78' lang='lat' dir='ltr'><strong>til‘cris</strong></span> <span class='ocrx_word' id='word_1_269' title='bbox 2058 2476 2344 2531; x_wconf 88' lang='lat' dir='ltr'><strong>calumniis</strong></span> <span class='ocrx_word' id='word_1_270' title='bbox 2369 2475 2436 2529; x_wconf 94' lang='lat' dir='ltr'><strong>de</strong></span> <span class='ocrx_word' id='word_1_271' title='bbox 2467 2474 2588 2528; x_wconf 89' lang='lat' dir='ltr'><strong>aliis</strong></span> <span class='ocrx_word' id='word_1_272' title='bbox 2613 2474 2894 2544; x_wconf 84' lang='lat' dir='ltr'><strong>iuspersis,</strong></span> <span class='ocrx_word' id='word_1_273' title='bbox 2949 2488 3108 2527; x_wconf 92' lang='lat' dir='ltr'><strong>suum</strong></span> <span class='ocrx_word' id='word_1_274' title='bbox 3171 2472 3412 2528; x_wconf 84' lang='lat' dir='ltr'><strong>dedecus</strong></span> 
     </span>
    </p>
   </div>
   <div class='ocr_carea' id='block_1_51' title="bbox 1851 2564 3411 2640">
    <p class='ocr_par' dir='ltr' id='par_1_51' title="bbox 1851 2564 3411 2640">
     <span class='ocr_line' id='line_1_52' title="bbox 1851 2564 3411 2640; baseline -0.006 -14"><span class='ocrx_word' id='word_1_275' title='bbox 1851 2581 1906 2626; x_wconf 92' lang='lat' dir='ltr'><strong>et</strong></span> <span class='ocrx_word' id='word_1_276' title='bbox 1941 2568 2290 2640; x_wconf 82' lang='lat' dir='ltr'><strong>ignominiam</strong></span> <span class='ocrx_word' id='word_1_277' title='bbox 2341 2566 2520 2620; x_wconf 82' lang='lat' dir='ltr'><strong>velare</strong></span> <span class='ocrx_word' id='word_1_278' title='bbox 2551 2565 2705 2629; x_wconf 87' lang='lat' dir='ltr'><strong>velle,</strong></span> <span class='ocrx_word' id='word_1_279' title='bbox 2735 2565 2863 2620; x_wconf 90' lang='lat' dir='ltr'><strong>huic</strong></span> <span class='ocrx_word' id='word_1_280' title='bbox 2927 2565 3094 2619; x_wconf 89' lang='lat' dir='ltr'><strong>veluti</strong></span> <span class='ocrx_word' id='word_1_281' title='bbox 3152 2564 3411 2633; x_wconf 85' lang='lat' dir='ltr'><strong>genimini</strong></span> 
     </span>
    </p>
   </div>
   <div class='ocr_carea' id='block_1_52' title="bbox 1850 2654 3414 2733">
    <p class='ocr_par' dir='ltr' id='par_1_52' title="bbox 1850 2654 3414 2733">
     <span class='ocr_line' id='line_1_53' title="bbox 1850 2654 3414 2733; baseline -0.006 -15"><span class='ocrx_word' id='word_1_282' title='bbox 1850 2663 2181 2733; x_wconf 80' lang='lat' dir='ltr'><strong>viperarum,</strong></span> <span class='ocrx_word' id='word_1_283' title='bbox 2212 2668 2266 2713; x_wconf 89' lang='lat' dir='ltr'><strong>et</strong></span> <span class='ocrx_word' id='word_1_284' title='bbox 2301 2657 2586 2712; x_wconf 86' lang='lat' dir='ltr'><strong>vcteratori</strong></span> <span class='ocrx_word' id='word_1_285' title='bbox 2617 2658 2868 2726; x_wconf 71' lang='lat' dir='ltr'><strong>prmcepit</strong></span> <span class='ocrx_word' id='word_1_286' title='bbox 2897 2654 2991 2710; x_wconf 85' lang='lat' dir='ltr'><strong>Dei</strong></span> <span class='ocrx_word' id='word_1_287' title='bbox 3039 2655 3284 2720; x_wconf 78' lang='lat' dir='ltr'><strong>verbum,</strong></span> <span class='ocrx_word' id='word_1_288' title='bbox 3352 2663 3414 2709; x_wconf 93' lang='lat' dir='ltr'><strong>ut</strong></span> 
     </span>
    </p>
   </div>
   <div class='ocr_carea' id='block_1_53' title="bbox 1852 2745 3414 2819">
    <p class='ocr_par' dir='ltr' id='par_1_53' title="bbox 1852 2745 3414 2819">
     <span class='ocr_line' id='line_1_54' title="bbox 1852 2745 3414 2819; baseline -0.004 -13"><span class='ocrx_word' id='word_1_289' title='bbox 1852 2753 2060 2807; x_wconf 83' lang='lat' dir='ltr'><strong>fructus</strong></span> <span class='ocrx_word' id='word_1_290' title='bbox 2091 2750 2281 2819; x_wconf 79' lang='lat' dir='ltr'><strong>dignos</strong></span> <span class='ocrx_word' id='word_1_291' title='bbox 2317 2747 2520 2802; x_wconf 77' lang='lat' dir='ltr'><strong>faceret</strong></span> <span class='ocrx_word' id='word_1_292' title='bbox 2571 2745 2918 2816; x_wconf 57' lang='lat' dir='ltr'><strong>paenitentiae,</strong></span> <span class='ocrx_word' id='word_1_293' title='bbox 2957 2745 3062 2801; x_wconf 90' lang='lat' dir='ltr'><strong>hoc</strong></span> <span class='ocrx_word' id='word_1_294' title='bbox 3093 2754 3196 2810; x_wconf 89' lang='lat' dir='ltr'><strong>est,</strong></span> <span class='ocrx_word' id='word_1_295' title='bbox 3233 2754 3287 2799; x_wconf 90' lang='lat' dir='ltr'><strong>ut</strong></span> <span class='ocrx_word' id='word_1_296' title='bbox 3318 2760 3414 2800; x_wconf 85' lang='lat' dir='ltr'><strong>oc-</strong></span> 
     </span>
    </p>
   </div>
   <div class='ocr_carea' id='block_1_54' title="bbox 1851 2835 3414 2905">
    <p class='ocr_par' dir='ltr' id='par_1_54' title="bbox 1851 2835 3414 2905">
     <span class='ocr_line' id='line_1_55' title="bbox 1851 2835 3414 2905; baseline -0.004 -9"><span class='ocrx_word' id='word_1_297' title='bbox 1851 2843 2054 2898; x_wconf 90' lang='lat' dir='ltr'><strong>cultum</strong></span> <span class='ocrx_word' id='word_1_298' title='bbox 2095 2849 2149 2895; x_wconf 93' lang='lat' dir='ltr'><strong>et</strong></span> <span class='ocrx_word' id='word_1_299' title='bbox 2211 2847 2412 2893; x_wconf 91' lang='lat' dir='ltr'><strong>tectum</strong></span> <span class='ocrx_word' id='word_1_300' title='bbox 2473 2835 2895 2905; x_wconf 89' lang='lat' dir='ltr'><strong>simulatumque</strong></span> <span class='ocrx_word' id='word_1_301' title='bbox 2956 2835 3136 2891; x_wconf 87' lang='lat' dir='ltr'><strong>cordis</strong></span> <span class='ocrx_word' id='word_1_302' title='bbox 3188 2849 3414 2892; x_wconf 82' lang='lat' dir='ltr'><strong>sensum</strong></span> 
     </span>
    </p>
   </div>
   <div class='ocr_carea' id='block_1_55' title="bbox 1852 2928 3410 2998">
    <p class='ocr_par' dir='ltr' id='par_1_55' title="bbox 1852 2928 3410 2998">
     <span class='ocr_line' id='line_1_56' title="bbox 1852 2928 3410 2998; baseline -0.003 -10"><span class='ocrx_word' id='word_1_303' title='bbox 1852 2943 2041 2998; x_wconf 88' lang='lat' dir='ltr'><strong>mutet,</strong></span> <span class='ocrx_word' id='word_1_304' title='bbox 2071 2943 2124 2988; x_wconf 90' lang='lat' dir='ltr'><strong>et</strong></span> <span class='ocrx_word' id='word_1_305' title='bbox 2157 2947 2338 2987; x_wconf 88' lang='lat' dir='ltr'><strong>mores</strong></span> <span class='ocrx_word' id='word_1_306' title='bbox 2371 2930 2494 2986; x_wconf 90' lang='lat' dir='ltr'><strong>illos</strong></span> <span class='ocrx_word' id='word_1_307' title='bbox 2539 2929 2750 2985; x_wconf 85' lang='lat' dir='ltr'><strong>sincere</strong></span> <span class='ocrx_word' id='word_1_308' title='bbox 2797 2928 2987 2984; x_wconf 87' lang='lat' dir='ltr'><strong>induat</strong></span> <span class='ocrx_word' id='word_1_309' title='bbox 3026 2938 3082 2986; x_wconf 84' lang='lat' dir='ltr'><strong>et</strong></span> <span class='ocrx_word' id='word_1_310' title='bbox 3137 2930 3410 2994; x_wconf 79' lang='lat' dir='ltr'><strong>exhibeat,</strong></span> 
     </span>
    </p>
   </div>
   <div class='ocr_carea' id='block_1_56' title="bbox 1851 3027 2518 3098">
    <p class='ocr_par' dir='ltr' id='par_1_56' title="bbox 1851 3027 2518 3098">
     <span class='ocr_line' id='line_1_57' title="bbox 1851 3027 2518 3098; baseline -0.001 -17"><span class='ocrx_word' id='word_1_311' title='bbox 1851 3043 1991 3098; x_wconf 90' lang='lat' dir='ltr'><strong>quos</strong></span> <span class='ocrx_word' id='word_1_312' title='bbox 2023 3035 2180 3082; x_wconf 83' lang='lat' dir='ltr'><strong>antea</strong></span> <span class='ocrx_word' id='word_1_313' title='bbox 2213 3027 2518 3082; x_wconf 88' lang='lat' dir='ltr'><strong>simularat.</strong></span> 
     </span>
    </p>
   </div>
   <div class='ocr_carea' id='block_1_57' title="bbox 2456 3119 2786 3175">
    <p class='ocr_par' dir='ltr' id='par_1_57' title="bbox 2456 3119 2786 3175">
     <span class='ocr_line' id='line_1_58' title="bbox 2456 3119 2786 3175; baseline -0.009 0"><span class='ocrx_word' id='word_1_314' title='bbox 2456 3119 2704 3175; x_wconf 84' lang='lat' dir='ltr'><strong>Scholion</strong></span> <span class='ocrx_word' id='word_1_315' title='bbox 2733 3134 2786 3172; x_wconf 77' lang='grc'><strong>4.</strong></span> 
     </span>
    </p>
   </div>
   <div class='ocr_carea' id='block_1_58' title="bbox 263 3206 1925 3282">
    <p class='ocr_par' dir='ltr' id='par_1_58' title="bbox 263 3206 1925 3280">
     <span class='ocr_line' id='line_1_59' title="bbox 263 3206 1925 3280; baseline 0.002 -20"><span class='ocrx_word' id='word_1_316' title='bbox 263 3206 341 3260; x_wconf 80' lang='grc' dir='ltr'>Τὸ</span> <span class='ocrx_word' id='word_1_317' title='bbox 387 3207 610 3277; x_wconf 79' lang='grc' dir='ltr'><strong>ἀγαπᾷν</strong></span> <span class='ocrx_word' id='word_1_318' title='bbox 638 3206 738 3278; x_wconf 78' lang='grc' dir='ltr'><strong>τὴν</strong></span> <span class='ocrx_word' id='word_1_319' title='bbox 770 3208 926 3272; x_wconf 79' lang='grc' dir='ltr'><strong>δόξαν</strong></span> <span class='ocrx_word' id='word_1_320' title='bbox 968 3207 1076 3261; x_wconf 87' lang='grc' dir='ltr'><strong>τῶν</strong></span> <span class='ocrx_word' id='word_1_321' title='bbox 1130 3206 1432 3280; x_wconf 73' lang='grc' dir='ltr'><strong>ἀνθρώπιον</strong></span> <span class='ocrx_word' id='word_1_322' title='bbox 1473 3208 1648 3263; x_wconf 86' lang='grc' dir='ltr'><strong>τίκτει</strong></span> <span class='ocrx_word' id='word_1_323' title='bbox 1687 3208 1750 3262; x_wconf 81' lang='grc' dir='ltr'><strong>τδ</strong></span> <span class='ocrx_word' id='word_1_324' title='bbox 1775 3214 1818 3275; x_wconf 83' lang='lat' dir='ltr'><strong>c</strong></span> <span class='ocrx_word' id='word_1_325' title='bbox 1919 3210 1925 3264; x_wconf 73' lang='lat'>1</span> 
     </span>
    </p>
   </div>
   <div class='ocr_carea' id='block_1_59' title="bbox 1750 3206 3412 3282">
    <p class='ocr_par' dir='ltr' id='par_1_59' title="bbox 1775 3209 3412 3282">
     <span class='ocr_line' id='line_1_60' title="bbox 1775 3209 3412 3282; baseline -0.001 -18"><span class='ocrx_word' id='word_1_326' title='bbox 1775 3214 1818 3275; x_wconf 75' lang='grc' dir='ltr'>ο</span> <span class='ocrx_word' id='word_1_327' title='bbox 1919 3210 2255 3266; x_wconf 79' lang='lat' dir='ltr'><strong>Mendacium</strong></span> <span class='ocrx_word' id='word_1_328' title='bbox 2289 3211 2432 3282; x_wconf 84' lang='lat' dir='ltr'><strong>parit</strong></span> <span class='ocrx_word' id='word_1_329' title='bbox 2489 3213 2839 3267; x_wconf 83' lang='lat' dir='ltr'><strong>ambitionem</strong></span> <span class='ocrx_word' id='word_1_330' title='bbox 2901 3210 3086 3281; x_wconf 73' lang='lat' dir='ltr'><strong>gloria:</strong></span> <span class='ocrx_word' id='word_1_331' title='bbox 3141 3209 3412 3263; x_wconf 69' lang='lat' dir='ltr'><strong>humana.</strong></span> 
     </span>
    </p>
   </div>
   <div class='ocr_carea' id='block_1_60' title="bbox 185 3296 1755 3370">
    <p class='ocr_par' dir='ltr' id='par_1_60' title="bbox 185 3296 1755 3370">
     <span class='ocr_line' id='line_1_61' title="bbox 185 3296 1755 3370; baseline 0.001 -20"><span class='ocrx_word' id='word_1_332' title='bbox 185 3296 391 3366; x_wconf 75' lang='grc' dir='ltr'><strong>ψεῦδος</strong></span> <span class='ocrx_word' id='word_1_333' title='bbox 412 3313 428 3328; x_wconf 87' lang='grc'><strong>·</strong></span> <span class='ocrx_word' id='word_1_334' title='bbox 459 3297 519 3351; x_wconf 79' lang='grc' dir='ltr'><strong>τὸ</strong></span> <span class='ocrx_word' id='word_1_335' title='bbox 545 3298 603 3352; x_wconf 80' lang='grc' dir='ltr'><strong>δὲ</strong></span> <span class='ocrx_word' id='word_1_336' title='bbox 638 3297 932 3370; x_wconf 75' lang='grc' dir='ltr'><strong>ἀνατρέψαι</strong></span> <span class='ocrx_word' id='word_1_337' title='bbox 966 3299 1096 3351; x_wconf 79' lang='grc' dir='ltr'><strong>αὐτὸ</strong></span> <span class='ocrx_word' id='word_1_338' title='bbox 1121 3301 1178 3352; x_wconf 88' lang='grc' dir='ltr'><strong>ὲν</strong></span> <span class='ocrx_word' id='word_1_339' title='bbox 1210 3299 1554 3364; x_wconf 85' lang='grc' dir='ltr'><strong>ταπεινώσει,</strong></span> <span class='ocrx_word' id='word_1_340' title='bbox 1607 3302 1755 3354; x_wconf 80' lang='grc' dir='ltr'><strong>ποιεῖ</strong></span> 
     </span>
    </p>
   </div>
   <div class='ocr_carea' id='block_1_61' title="bbox 186 3380 1573 3464">
    <p class='ocr_par' dir='ltr' id='par_1_61' title="bbox 186 3380 1573 3464">
     <span class='ocr_line' id='line_1_62' title="bbox 186 3380 1573 3464; baseline 0.004 -22"><span class='ocrx_word' id='word_1_341' title='bbox 186 3388 285 3444; x_wconf 80' lang='grc' dir='ltr'><strong>τὸν</strong></span> <span class='ocrx_word' id='word_1_342' title='bbox 304 3387 472 3458; x_wconf 76' lang='grc' dir='ltr'><strong>φόϐον</strong></span> <span class='ocrx_word' id='word_1_343' title='bbox 504 3389 600 3444; x_wconf 81' lang='grc' dir='ltr'><strong>τοῦ</strong></span> <span class='ocrx_word' id='word_1_344' title='bbox 631 3389 765 3444; x_wconf 83' lang='grc' dir='ltr'><strong>Θεοῦ</strong></span> <span class='ocrx_word' id='word_1_345' title='bbox 791 3391 1010 3462; x_wconf 82' lang='grc' dir='ltr'><strong>μείζονα</strong></span> <span class='ocrx_word' id='word_1_346' title='bbox 1043 3393 1101 3445; x_wconf 77' lang='grc' dir='ltr'><strong>ὲν</strong></span> <span class='ocrx_word' id='word_1_347' title='bbox 1131 3394 1200 3463; x_wconf 76' lang='grc' dir='ltr'><strong>τῇ</strong></span> <span class='ocrx_word' id='word_1_348' title='bbox 1229 3380 1424 3464; x_wconf 80' lang='grc' dir='ltr'><strong>καρδίᾳ</strong></span> <span class='ocrx_word' id='word_1_349' title='bbox 1456 3408 1573 3448; x_wconf 87' lang='grc' dir='ltr'><strong>σου.</strong></span> 
     </span>
    </p>
   </div>
   <div class='ocr_carea' id='block_1_62' title="bbox 793 3575 1155 3629">
    <p class='ocr_par' dir='ltr' id='par_1_62' title="bbox 793 3575 1155 3629">
     <span class='ocr_line' id='line_1_63' title="bbox 793 3575 1155 3629; baseline 0 -1"><span class='ocrx_word' id='word_1_350' title='bbox 793 3575 1050 3629; x_wconf 69' lang='grc' dir='ltr'><strong>Σγόλιον</strong></span> <span class='ocrx_word' id='word_1_351' title='bbox 1093 3582 1155 3628; x_wconf 81' lang='grc' dir='ltr'><strong>ε’.</strong></span> 
     </span>
    </p>
   </div>
   <div class='ocr_carea' id='block_1_63' title="bbox 259 3593 1748 3740">
    <p class='ocr_par' dir='ltr' id='par_1_63' title="bbox 259 3593 1748 3740">
     <span class='ocr_line' id='line_1_64' title="bbox 793 3593 1155 3629; baseline 0 -1"><span class='ocrx_word' id='word_1_352' title='bbox 793 3593 833 3628; x_wconf 69' lang='lat'><strong>2.</strong></span> <span class='ocrx_word' id='word_1_353' title='bbox 881 3593 1050 3629; x_wconf 67' lang='grc' dir='ltr'><strong>ολιον</strong></span> <span class='ocrx_word' id='word_1_354' title='bbox 1093 3593 1155 3628; x_wconf 82' lang='grc' dir='ltr'><strong>ε’.</strong></span> 
     </span>
     <span class='ocr_line' id='line_1_65' title="bbox 259 3593 1748 3740; baseline -0.001 -17"><span class='ocrx_word' id='word_1_355' title='bbox 259 3667 488 3732; x_wconf 77' lang='grc' dir='ltr'><strong>ΔίδαξΟν</strong></span> <span class='ocrx_word' id='word_1_356' title='bbox 510 3666 609 3740; x_wconf 78' lang='grc' dir='ltr'><strong>τὴν</strong></span> <span class='ocrx_word' id='word_1_357' title='bbox 626 3593 878 3738; x_wconf 64' lang='grc' dir='ltr'><strong>γλῶσσάῇε</strong></span> <span class='ocrx_word' id='word_1_358' title='bbox 908 3683 1000 3720; x_wconf 86' lang='grc' dir='ltr'><strong>σου</strong></span> <span class='ocrx_word' id='word_1_359' title='bbox 1031 3667 1112 3730; x_wconf 87' lang='grc' dir='ltr'><strong>είς</strong></span> <span class='ocrx_word' id='word_1_360' title='bbox 1143 3669 1268 3731; x_wconf 77' lang='grc' dir='ltr'><strong>τοὺς</strong></span> <span class='ocrx_word' id='word_1_361' title='bbox 1287 3666 1479 3737; x_wconf 84' lang='grc' dir='ltr'><strong>λόγους</strong></span> <span class='ocrx_word' id='word_1_362' title='bbox 1500 3668 1592 3723; x_wconf 79' lang='grc' dir='ltr'><strong>τοῦ</strong></span> <span class='ocrx_word' id='word_1_363' title='bbox 1613 3668 1748 3723; x_wconf 86' lang='grc' dir='ltr'><strong>Θεοῦ</strong></span> 
     </span>
    </p>
   </div>
   <div class='ocr_carea' id='block_1_64' title="bbox 189 3758 1442 3830">
    <p class='ocr_par' dir='ltr' id='par_1_64' title="bbox 189 3758 1442 3830">
     <span class='ocr_line' id='line_1_66' title="bbox 189 3758 1442 3830; baseline 0.002 -17"><span class='ocrx_word' id='word_1_364' title='bbox 189 3762 251 3814; x_wconf 74' lang='grc' dir='ltr'><strong>ἒν</strong></span> <span class='ocrx_word' id='word_1_365' title='bbox 286 3759 508 3829; x_wconf 83' lang='grc' dir='ltr'><strong>γνώσει,</strong></span> <span class='ocrx_word' id='word_1_366' title='bbox 544 3761 638 3814; x_wconf 79' lang='grc' dir='ltr'><strong>καὶ</strong></span> <span class='ocrx_word' id='word_1_367' title='bbox 665 3759 724 3814; x_wconf 79' lang='grc' dir='ltr'><strong>τὺ</strong></span> <span class='ocrx_word' id='word_1_368' title='bbox 749 3758 941 3828; x_wconf 78' lang='grc' dir='ltr'><strong>ψεῦδος</strong></span> <span class='ocrx_word' id='word_1_369' title='bbox 983 3761 1175 3830; x_wconf 81' lang='grc' dir='ltr'><strong>φεύγει</strong></span> <span class='ocrx_word' id='word_1_370' title='bbox 1200 3760 1308 3814; x_wconf 78' lang='grc' dir='ltr'><strong>ἀπὸ</strong></span> <span class='ocrx_word' id='word_1_371' title='bbox 1327 3761 1442 3816; x_wconf 80' lang='grc' dir='ltr'><strong>σοῦ.</strong></span> 
     </span>
    </p>
   </div>
   <div class='ocr_carea' id='block_1_65' title="bbox 730 3932 1203 4003">
    <p class='ocr_par' dir='ltr' id='par_1_65' title="bbox 730 3932 1203 4003">
     <span class='ocr_line' id='line_1_67' title="bbox 730 3932 1203 4003; baseline -0.002 -12"><span class='ocrx_word' id='word_1_372' title='bbox 730 3936 987 4003; x_wconf 71' lang='grc' dir='ltr'><strong>Σχόλιον</strong></span> <span class='ocrx_word' id='word_1_373' title='bbox 1028 3932 1203 3990; x_wconf 66' lang='grc' dir='ltr'><strong>ἄλλο.</strong></span> 
     </span>
    </p>
   </div>
   <div class='ocr_carea' id='block_1_66' title="bbox 263 4026 1752 4099">
    <p class='ocr_par' dir='ltr' id='par_1_66' title="bbox 263 4026 1752 4099">
     <span class='ocr_line' id='line_1_68' title="bbox 263 4026 1752 4099; baseline 0.002 -18"><span class='ocrx_word' id='word_1_374' title='bbox 263 4026 430 4082; x_wconf 81' lang='grc' dir='ltr'><strong>Κατὰ</strong></span> <span class='ocrx_word' id='word_1_375' title='bbox 477 4027 575 4099; x_wconf 77' lang='grc' dir='ltr'><strong>τὴν</strong></span> <span class='ocrx_word' id='word_1_376' title='bbox 616 4027 878 4099; x_wconf 73' lang='grc' dir='ltr'><strong>διαφορὰν</strong></span> <span class='ocrx_word' id='word_1_377' title='bbox 922 4027 1032 4082; x_wconf 86' lang='grc' dir='ltr'><strong>τῶν</strong></span> <span class='ocrx_word' id='word_1_378' title='bbox 1068 4027 1449 4098; x_wconf 82' lang='grc' dir='ltr'><strong>ψευδολογιῶν,</strong></span> <span class='ocrx_word' id='word_1_379' title='bbox 1505 4029 1603 4084; x_wconf 74' lang='grc' dir='ltr'><strong>καὶ</strong></span> <span class='ocrx_word' id='word_1_380' title='bbox 1643 4029 1752 4084; x_wconf 83' lang='grc' dir='ltr'><strong>τῶν</strong></span> 
     </span>
    </p>
   </div>
   <div class='ocr_carea' id='block_1_67' title="bbox 193 4121 1753 4196">
    <p class='ocr_par' dir='ltr' id='par_1_67' title="bbox 193 4121 1753 4196">
     <span class='ocr_line' id='line_1_69' title="bbox 193 4121 1753 4196; baseline 0 -20"><span class='ocrx_word' id='word_1_381' title='bbox 193 4121 486 4194; x_wconf 66' lang='grc' dir='ltr'><strong>κριμάτων</strong></span> <span class='ocrx_word' id='word_1_382' title='bbox 527 4123 556 4175; x_wconf 89' lang='grc' dir='ltr'><strong>ό</strong></span> <span class='ocrx_word' id='word_1_383' title='bbox 587 4121 772 4190; x_wconf 82' lang='grc' dir='ltr'><strong>λόγος’</strong></span> <span class='ocrx_word' id='word_1_384' title='bbox 813 4121 848 4192; x_wconf 76' lang='grc' dir='ltr'>ἦ</span> <span class='ocrx_word' id='word_1_385' title='bbox 883 4122 992 4192; x_wconf 84' lang='grc' dir='ltr'><strong>γὰρ</strong></span> <span class='ocrx_word' id='word_1_386' title='bbox 1032 4122 1174 4176; x_wconf 81' lang='grc' dir='ltr'><strong>κατὰ</strong></span> <span class='ocrx_word' id='word_1_387' title='bbox 1225 4121 1437 4196; x_wconf 78' lang='grc' dir='ltr'><strong>ἡδονὴν,</strong></span> <span class='ocrx_word' id='word_1_388' title='bbox 1475 4122 1510 4194; x_wconf 81' lang='grc' dir='ltr'>ἢ</span> <span class='ocrx_word' id='word_1_389' title='bbox 1542 4123 1753 4177; x_wconf 80' lang='grc' dir='ltr'><strong>ἀστειό-</strong></span> 
     </span>
    </p>
   </div>
   <div class='ocr_carea' id='block_1_68' title="bbox 189 4209 1750 4286">
    <p class='ocr_par' dir='ltr' id='par_1_68' title="bbox 189 4209 1750 4286">
     <span class='ocr_line' id='line_1_70' title="bbox 189 4209 1750 4286; baseline -0.013 -23"><span class='ocrx_word' id='word_1_390' title='bbox 189 4209 420 4283; x_wconf 73' lang='grc' dir='ltr'><strong>τητα,ιῆ</strong></span> <span class='ocrx_word' id='word_1_391' title='bbox 465 4209 764 4280; x_wconf 82' lang='grc' dir='ltr'><strong>δολιότητα,</strong></span> <span class='ocrx_word' id='word_1_392' title='bbox 807 4211 840 4282; x_wconf 73' lang='grc' dir='ltr'>ἢ</span> <span class='ocrx_word' id='word_1_393' title='bbox 883 4211 1169 4283; x_wconf 82' lang='grc' dir='ltr'><strong>ὑπόκρισιν</strong></span> <span class='ocrx_word' id='word_1_394' title='bbox 1212 4213 1420 4281; x_wconf 89' lang='grc' dir='ltr'><strong>γίνεται</strong></span> <span class='ocrx_word' id='word_1_395' title='bbox 1458 4212 1750 4286; x_wconf 59' lang='grc' dir='ltr'><strong>ψεῦδος-..ἢ</strong></span> 
     </span>
    </p>
   </div>
   <div class='ocr_carea' id='block_1_69' title="bbox 194 4300 1754 4378">
    <p class='ocr_par' dir='ltr' id='par_1_69' title="bbox 194 4300 1754 4378">
     <span class='ocr_line' id='line_1_71' title="bbox 194 4300 1754 4378; baseline 0.004 -24"><span class='ocrx_word' id='word_1_396' title='bbox 194 4304 292 4354; x_wconf 75' lang='grc' dir='ltr'><strong>ὅτε</strong></span> <span class='ocrx_word' id='word_1_397' title='bbox 321 4300 518 4372; x_wconf 73' lang='grc' dir='ltr'><strong>καιρὸς</strong></span> <span class='ocrx_word' id='word_1_398' title='bbox 541 4302 694 4354; x_wconf 88' lang='grc' dir='ltr'><strong>καλεί</strong></span> <span class='ocrx_word' id='word_1_399' title='bbox 724 4303 864 4373; x_wconf 85' lang='grc' dir='ltr'><strong>ὑπὲρ</strong></span> <span class='ocrx_word' id='word_1_400' title='bbox 897 4304 1169 4372; x_wconf 83' lang='grc' dir='ltr'><strong>σωτηρίας</strong></span> <span class='ocrx_word' id='word_1_401' title='bbox 1195 4304 1290 4357; x_wconf 83' lang='grc' dir='ltr'><strong>τοῦ</strong></span> <span class='ocrx_word' id='word_1_402' title='bbox 1323 4305 1550 4378; x_wconf 86' lang='grc' dir='ltr'><strong>πλησίον</strong></span> <span class='ocrx_word' id='word_1_403' title='bbox 1580 4323 1754 4360; x_wconf 87' lang='grc' dir='ltr'><strong>κατα-</strong></span> 
     </span>
    </p>
   </div>
   <div class='ocr_carea' id='block_1_70' title="bbox 190 4393 1752 4470">
    <p class='ocr_par' dir='ltr' id='par_1_70' title="bbox 190 4393 1752 4470">
     <span class='ocr_line' id='line_1_72' title="bbox 190 4393 1752 4470; baseline 0.012 -25"><span class='ocrx_word' id='word_1_404' title='bbox 190 4395 399 4456; x_wconf 85' lang='grc' dir='ltr'><strong>πείσας</strong></span> <span class='ocrx_word' id='word_1_405' title='bbox 441 4393 533 4447; x_wconf 72' lang='grc' dir='ltr'><strong>τὸν</strong></span> <span class='ocrx_word' id='word_1_406' title='bbox 570 4393 900 4464; x_wconf 86' lang='grc' dir='ltr'><strong>ἀληθεύοντα</strong></span> <span class='ocrx_word' id='word_1_407' title='bbox 941 4396 1167 4461; x_wconf 78' lang='grc' dir='ltr'><strong>ἀλλάξαι</strong></span> <span class='ocrx_word' id='word_1_408' title='bbox 1206 4396 1238 4467; x_wconf 76' lang='grc' dir='ltr'>ἢ</span> <span class='ocrx_word' id='word_1_409' title='bbox 1272 4397 1444 4467; x_wconf 80' lang='grc' dir='ltr'><strong>ῥῆμα,</strong></span> <span class='ocrx_word' id='word_1_410' title='bbox 1473 4397 1507 4468; x_wconf 84' lang='grc' dir='ltr'>ἢ</span> <span class='ocrx_word' id='word_1_411' title='bbox 1539 4394 1690 4470; x_wconf 79' lang='grc' dir='ltr'><strong>ἦθος,</strong></span> <span class='ocrx_word' id='word_1_412' title='bbox 1717 4398 1752 4470; x_wconf 78' lang='grc' dir='ltr'>ἢ</span> 
     </span>
    </p>
   </div>
   <div class='ocr_carea' id='block_1_71' title="bbox 190 4484 1752 4557">
    <p class='ocr_par' dir='ltr' id='par_1_71' title="bbox 190 4484 1752 4557">
     <span class='ocr_line' id='line_1_73' title="bbox 190 4484 1752 4557; baseline 0.004 -20"><span class='ocrx_word' id='word_1_413' title='bbox 190 4484 460 4538; x_wconf 75' lang='grc' dir='ltr'><strong>ὑπόθεσιν</strong></span> <span class='ocrx_word' id='word_1_414' title='bbox 484 4500 498 4515; x_wconf 88' lang='grc'><strong>·</strong></span> <span class='ocrx_word' id='word_1_415' title='bbox 527 4485 620 4539; x_wconf 76' lang='grc' dir='ltr'><strong>καὶ</strong></span> <span class='ocrx_word' id='word_1_416' title='bbox 661 4485 803 4557; x_wconf 78' lang='grc' dir='ltr'><strong>ἔχεις</strong></span> <span class='ocrx_word' id='word_1_417' title='bbox 837 4486 934 4557; x_wconf 81' lang='grc' dir='ltr'><strong>τὴν</strong></span> <span class='ocrx_word' id='word_1_418' title='bbox 975 4488 1164 4553; x_wconf 81' lang='grc' dir='ltr'><strong>Ῥαὰϐ,</strong></span> <span class='ocrx_word' id='word_1_419' title='bbox 1192 4489 1283 4542; x_wconf 78' lang='grc' dir='ltr'><strong>τὸν</strong></span> <span class='ocrx_word' id='word_1_420' title='bbox 1317 4489 1497 4549; x_wconf 77' lang='grc' dir='ltr'><strong>Δαυτδ.</strong></span> <span class='ocrx_word' id='word_1_421' title='bbox 1522 4489 1614 4542; x_wconf 78' lang='grc' dir='ltr'><strong>τὸν</strong></span> <span class='ocrx_word' id='word_1_422' title='bbox 1648 4491 1752 4543; x_wconf 81' lang='grc' dir='ltr'><strong>Σα-</strong></span> 
     </span>
    </p>
   </div>
   <div class='ocr_carea' id='block_1_72' title="bbox 195 4546 1828 4653">
    <p class='ocr_par' dir='ltr' id='par_1_72' title="bbox 195 4546 1828 4653">
     <span class='ocr_line' id='line_1_74' title="bbox 195 4546 1828 4653; baseline 0.003 -23"><span class='ocrx_word' id='word_1_423' title='bbox 195 4578 379 4648; x_wconf 85' lang='grc' dir='ltr'><strong>μουήλ</strong></span> <span class='ocrx_word' id='word_1_424' title='bbox 401 4595 415 4608; x_wconf 79' lang='grc'><strong><em>⁸</em></strong></span> <span class='ocrx_word' id='word_1_425' title='bbox 447 4579 540 4631; x_wconf 67' lang='grc' dir='ltr'><strong>καὶ</strong></span> <span class='ocrx_word' id='word_1_426' title='bbox 563 4546 722 4646; x_wconf 61' lang='grc' dir='ltr'><strong>λόγον</strong></span> <span class='ocrx_word' id='word_1_427' title='bbox 754 4546 853 4649; x_wconf 76' lang='grc' dir='ltr'><strong>μὲν</strong></span> <span class='ocrx_word' id='word_1_428' title='bbox 888 4546 1166 4646; x_wconf 71' lang='grc' dir='ltr'><strong>άλλάσσει,</strong></span> <span class='ocrx_word' id='word_1_429' title='bbox 1199 4580 1276 4645; x_wconf 85' lang='grc' dir='ltr'><strong>ὡς</strong></span> <span class='ocrx_word' id='word_1_430' title='bbox 1301 4584 1336 4653; x_wconf 78' lang='grc' dir='ltr'><strong>ἠ</strong></span> <span class='ocrx_word' id='word_1_431' title='bbox 1387 4546 1556 4636; x_wconf 75' lang='grc' dir='ltr'><strong>Ῥαάϐ</strong></span> <span class='ocrx_word' id='word_1_432' title='bbox 1577 4597 1591 4610; x_wconf 85' lang='grc'><strong>·</strong></span> <span class='ocrx_word' id='word_1_433' title='bbox 1622 4577 1753 4652; x_wconf 80' lang='grc' dir='ltr'><strong>ἦθος</strong></span> <span class='ocrx_word' id='word_1_434' title='bbox 1782 4546 1828 4602; x_wconf 75' lang='lat' dir='ltr'><strong>D</strong></span> 
     </span>
    </p>
   </div>
   <div class='ocr_carea' id='block_1_73' title="bbox 194 4670 1752 4747">
    <p class='ocr_par' dir='ltr' id='par_1_73' title="bbox 194 4670 1752 4747">
     <span class='ocr_line' id='line_1_75' title="bbox 194 4670 1752 4747; baseline 0.006 -27"><span class='ocrx_word' id='word_1_435' title='bbox 194 4670 274 4732; x_wconf 79' lang='grc' dir='ltr'><strong>δὲ,</strong></span> <span class='ocrx_word' id='word_1_436' title='bbox 301 4670 377 4733; x_wconf 85' lang='grc' dir='ltr'><strong>ὡς</strong></span> <span class='ocrx_word' id='word_1_437' title='bbox 405 4670 433 4722; x_wconf 85' lang='grc' dir='ltr'><strong>ὁ</strong></span> <span class='ocrx_word' id='word_1_438' title='bbox 464 4671 659 4723; x_wconf 78' lang='grc' dir='ltr'><strong>Δαυῖδο</strong></span> <span class='ocrx_word' id='word_1_439' title='bbox 694 4672 946 4726; x_wconf 80' lang='grc' dir='ltr'><strong>ὑπόθεσιν</strong></span> <span class='ocrx_word' id='word_1_440' title='bbox 973 4673 1030 4726; x_wconf 83' lang='grc' dir='ltr'><strong>δὲ</strong></span> <span class='ocrx_word' id='word_1_441' title='bbox 1069 4673 1146 4736; x_wconf 84' lang='grc' dir='ltr'><strong>ὡς</strong></span> <span class='ocrx_word' id='word_1_442' title='bbox 1185 4675 1215 4727; x_wconf 89' lang='grc' dir='ltr'><strong>ό</strong></span> <span class='ocrx_word' id='word_1_443' title='bbox 1242 4675 1491 4746; x_wconf 81' lang='grc' dir='ltr'><strong>Σαμουὴλ</strong></span> <span class='ocrx_word' id='word_1_444' title='bbox 1533 4677 1628 4731; x_wconf 75' lang='grc' dir='ltr'><strong>ἐπὶ</strong></span> <span class='ocrx_word' id='word_1_445' title='bbox 1683 4678 1752 4747; x_wconf 78' lang='grc' dir='ltr'><strong>τῇ</strong></span> 
     </span>
    </p>
   </div>
   <div class='ocr_carea' id='block_1_74' title="bbox 195 4761 722 4832">
    <p class='ocr_par' dir='ltr' id='par_1_74' title="bbox 195 4761 722 4832">
     <span class='ocr_line' id='line_1_76' title="bbox 195 4761 722 4832; baseline 0.004 -18"><span class='ocrx_word' id='word_1_446' title='bbox 195 4763 380 4832; x_wconf 71' lang='grc' dir='ltr'><strong>χρίσει</strong></span> <span class='ocrx_word' id='word_1_447' title='bbox 421 4761 514 4815; x_wconf 78' lang='grc' dir='ltr'><strong>τοῦ</strong></span> <span class='ocrx_word' id='word_1_448' title='bbox 539 4763 722 4817; x_wconf 81' lang='grc' dir='ltr'><strong>Δαυῖδ.</strong></span> 
     </span>
    </p>
   </div>
   <div class='ocr_carea' id='block_1_75' title="bbox 197 5047 1088 5066">
    <p class='ocr_par' dir='ltr' id='par_1_75' title="bbox 197 5047 1088 5066">
     <span class='ocr_line' id='line_1_77' title="bbox 197 5047 1088 5066; baseline -0.004 -6"><span class='ocrx_word' id='word_1_449' title='bbox 197 5047 1088 5066; x_wconf 52' lang='lat' dir='ltr'><strong>*..__—_—_————_——a—</strong></span> 
     </span>
    </p>
   </div>
   <div class='ocr_carea' id='block_1_76' title="bbox 801 5095 1162 5152">
    <p class='ocr_par' dir='ltr' id='par_1_76' title="bbox 801 5095 1162 5152">
     <span class='ocr_line' id='line_1_78' title="bbox 801 5095 1162 5152; baseline 0.006 -2"><span class='ocrx_word' id='word_1_450' title='bbox 801 5095 1022 5152; x_wconf 86' lang='grc' dir='ltr'><strong>ΛΟΓΟΣ</strong></span> <span class='ocrx_word' id='word_1_451' title='bbox 1063 5097 1162 5152; x_wconf 85' lang='lat' dir='ltr'><strong>ll&quot;.</strong></span> 
     </span>
    </p>
   </div>
   <div class='ocr_carea' id='block_1_77' title="bbox 749 5210 1204 5278">
    <p class='ocr_par' dir='ltr' id='par_1_77' title="bbox 749 5210 1204 5278">
     <span class='ocr_line' id='line_1_79' title="bbox 749 5210 1204 5278; baseline 0.007 -15"><span class='ocrx_word' id='word_1_452' title='bbox 749 5211 888 5278; x_wconf 76' lang='grc' dir='ltr'><strong>Περὶ</strong></span> <span class='ocrx_word' id='word_1_453' title='bbox 935 5210 1204 5278; x_wconf 80' lang='grc' dir='ltr'><strong>ἀκηδίας.</strong></span> 
     </span>
    </p>
   </div>
   <div class='ocr_carea' id='block_1_78' title="bbox 276 5314 1754 5394">
    <p class='ocr_par' dir='ltr' id='par_1_78' title="bbox 276 5314 1754 5394">
     <span class='ocr_line' id='line_1_80' title="bbox 276 5314 1754 5394; baseline 0.007 -22"><span class='ocrx_word' id='word_1_454' title='bbox 276 5315 367 5383; x_wconf 77' lang='grc' dir='ltr'><strong>Εἷς</strong></span> <span class='ocrx_word' id='word_1_455' title='bbox 396 5321 495 5372; x_wconf 79' lang='grc' dir='ltr'><strong>καὶ</strong></span> <span class='ocrx_word' id='word_1_456' title='bbox 525 5314 676 5384; x_wconf 78' lang='grc' dir='ltr'><strong>οὗτος</strong></span> <span class='ocrx_word' id='word_1_457' title='bbox 715 5321 971 5387; x_wconf 84' lang='grc' dir='ltr'><strong>πολλάκις</strong></span> <span class='ocrx_word' id='word_1_458' title='bbox 1001 5324 1109 5378; x_wconf 82' lang='grc' dir='ltr'><strong>τῶν</strong></span> <span class='ocrx_word' id='word_1_459' title='bbox 1146 5325 1243 5394; x_wconf 85' lang='grc' dir='ltr'><strong>τῆς</strong></span> <span class='ocrx_word' id='word_1_460' title='bbox 1268 5325 1594 5394; x_wconf 86' lang='grc' dir='ltr'><strong>πολυλογίας</strong></span> <span class='ocrx_word' id='word_1_461' title='bbox 1621 5329 1754 5384; x_wconf 89' lang='grc' dir='ltr'><strong>κλά-</strong></span> 
     </span>
    </p>
   </div>
   <div class='ocr_carea' id='block_1_79' title="bbox 203 5409 1752 5492">
    <p class='ocr_par' dir='ltr' id='par_1_79' title="bbox 203 5409 1752 5492">
     <span class='ocr_line' id='line_1_81' title="bbox 203 5409 1752 5492; baseline 0.01 -31"><span class='ocrx_word' id='word_1_462' title='bbox 203 5409 329 5473; x_wconf 80' lang='grc' dir='ltr'><strong>δων,</strong></span> <span class='ocrx_word' id='word_1_463' title='bbox 364 5409 443 5472; x_wconf 77' lang='grc' dir='ltr'><strong>ὡς</strong></span> <span class='ocrx_word' id='word_1_464' title='bbox 482 5411 575 5464; x_wconf 84' lang='grc' dir='ltr'><strong>καὶ</strong></span> <span class='ocrx_word' id='word_1_465' title='bbox 604 5411 705 5482; x_wconf 69' lang='grc' dir='ltr'><strong>ἤδη</strong></span> <span class='ocrx_word' id='word_1_466' title='bbox 735 5413 1034 5480; x_wconf 82' lang='grc' dir='ltr'><strong>φθάσαντες</strong></span> <span class='ocrx_word' id='word_1_467' title='bbox 1049 5416 1298 5488; x_wconf 83' lang='grc' dir='ltr'><strong>εἴπομεν,</strong></span> <span class='ocrx_word' id='word_1_468' title='bbox 1319 5419 1456 5486; x_wconf 78' lang='grc' dir='ltr'><strong>ἐστὶ,</strong></span> <span class='ocrx_word' id='word_1_469' title='bbox 1479 5421 1574 5474; x_wconf 82' lang='grc' dir='ltr'><strong>καὶ</strong></span> <span class='ocrx_word' id='word_1_470' title='bbox 1595 5422 1752 5492; x_wconf 84' lang='grc' dir='ltr'><strong>πρῶ-</strong></span> 
     </span>
    </p>
   </div>
   <div class='ocr_carea' id='block_1_80' title="bbox 207 5498 1753 5586">
    <p class='ocr_par' dir='ltr' id='par_1_80' title="bbox 207 5498 1753 5586">
     <span class='ocr_line' id='line_1_82' title="bbox 207 5498 1753 5586; baseline 0.012 -35"><span class='ocrx_word' id='word_1_471' title='bbox 207 5516 296 5563; x_wconf 88' lang='grc' dir='ltr'><strong>τος</strong></span> <span class='ocrx_word' id='word_1_472' title='bbox 332 5498 618 5567; x_wconf 80' lang='grc' dir='ltr'><strong>ἀπόγονος,</strong></span> <span class='ocrx_word' id='word_1_473' title='bbox 656 5501 799 5571; x_wconf 83' lang='grc' dir='ltr'><strong>λέγω</strong></span> <span class='ocrx_word' id='word_1_474' title='bbox 836 5503 900 5575; x_wconf 80' lang='grc' dir='ltr'><strong>δὴ</strong></span> <span class='ocrx_word' id='word_1_475' title='bbox 931 5507 960 5558; x_wconf 89' lang='grc' dir='ltr'><strong>ό</strong></span> <span class='ocrx_word' id='word_1_476' title='bbox 988 5506 1085 5578; x_wconf 87' lang='grc' dir='ltr'><strong>τῆς</strong></span> <span class='ocrx_word' id='word_1_477' title='bbox 1118 5507 1368 5580; x_wconf 82' lang='grc' dir='ltr'><strong>ἀκηδίας.</strong></span> <span class='ocrx_word' id='word_1_478' title='bbox 1411 5511 1503 5566; x_wconf 83' lang='grc' dir='ltr'><strong>Διδ</strong></span> <span class='ocrx_word' id='word_1_479' title='bbox 1534 5513 1627 5566; x_wconf 80' lang='grc' dir='ltr'><strong>καὶ</strong></span> <span class='ocrx_word' id='word_1_480' title='bbox 1653 5515 1753 5586; x_wconf 80' lang='grc' dir='ltr'><strong>ἁρ-</strong></span> 
     </span>
    </p>
   </div>
   <div class='ocr_carea' id='block_1_81' title="bbox 1091 5046 1356 5058">
    <p class='ocr_par' dir='ltr' id='par_1_81' title="bbox 1091 5046 1356 5058">
     <span class='ocr_line' id='line_1_83' title="bbox 1091 5046 1356 5058; baseline 0.004 -3"><span class='ocrx_word' id='word_1_481' title='bbox 1091 5046 1356 5058; x_wconf 43' lang='grc' dir='ltr'><strong>-ᾒ-ῴ</strong></span> 
     </span>
    </p>
   </div>
   <div class='ocr_carea' id='block_1_82' title="bbox 280 5696 1748 5781">
    <p class='ocr_par' dir='ltr' id='par_1_82' title="bbox 280 5696 1748 5781">
     <span class='ocr_line' id='line_1_84' title="bbox 280 5696 1748 5781; baseline 0.014 -32"><span class='ocrx_word' id='word_1_482' title='bbox 280 5696 358 5777; x_wconf 72' lang='grc' dir='ltr'><strong>(α)</strong></span> <span class='ocrx_word' id='word_1_483' title='bbox 389 5698 686 5781; x_wconf 71' lang='lat' dir='ltr'><strong>Audientes</strong></span> <span class='ocrx_word' id='word_1_484' title='bbox 715 5712 868 5758; x_wconf 85' lang='lat' dir='ltr'><strong>erant</strong></span> <span class='ocrx_word' id='word_1_485' title='bbox 903 5707 1294 5781; x_wconf 83' lang='lat' dir='ltr'><strong>catechumeni,</strong></span> <span class='ocrx_word' id='word_1_486' title='bbox 1326 5719 1382 5765; x_wconf 87' lang='lat' dir='ltr'><strong>ct</strong></span> <span class='ocrx_word' id='word_1_487' title='bbox 1427 5714 1748 5781; x_wconf 65' lang='lat' dir='ltr'><strong>paenitentes</strong></span> 
     </span>
    </p>
   </div>
   <div class='ocr_carea' id='block_1_83' title="bbox 210 5771 1743 5842">
    <p class='ocr_par' dir='ltr' id='par_1_83' title="bbox 210 5771 1743 5842">
     <span class='ocr_line' id='line_1_85' title="bbox 210 5771 1743 5842; baseline 0.016 -25"><span class='ocrx_word' id='word_1_488' title='bbox 210 5771 312 5842; x_wconf 74' lang='lat' dir='ltr'><strong>qui</strong></span> <span class='ocrx_word' id='word_1_489' title='bbox 324 5779 442 5842; x_wconf 81' lang='lat' dir='ltr'><strong>post</strong></span> <span class='ocrx_word' id='word_1_490' title='bbox 464 5771 881 5842; x_wconf 74' lang='lat' dir='ltr'><strong>catechumenos</strong></span> <span class='ocrx_word' id='word_1_491' title='bbox 909 5771 1293 5838; x_wconf 77' lang='lat' dir='ltr'><strong>consistebant.</strong></span> <span class='ocrx_word' id='word_1_492' title='bbox 1321 5771 1451 5838; x_wconf 73' lang='lat' dir='ltr'><strong>Vide</strong></span> <span class='ocrx_word' id='word_1_493' title='bbox 1471 5783 1592 5840; x_wconf 86' lang='lat' dir='ltr'><strong>Bar.</strong></span> <span class='ocrx_word' id='word_1_494' title='bbox 1615 5795 1652 5839; x_wconf 87' lang='lat' dir='ltr'><strong>t.</strong></span> <span class='ocrx_word' id='word_1_495' title='bbox 1685 5784 1743 5842; x_wconf 83' lang='lat' dir='ltr'><strong>ll.</strong></span> 
     </span>
    </p>
   </div>
   <div class='ocr_carea' id='block_1_84' title="bbox 213 5839 733 5905">
    <p class='ocr_par' dir='ltr' id='par_1_84' title="bbox 213 5839 733 5905">
     <span class='ocr_line' id='line_1_86' title="bbox 213 5839 733 5905; baseline 0 -15"><span class='ocrx_word' id='word_1_496' title='bbox 213 5852 262 5905; x_wconf 88' lang='lat' dir='ltr'><strong>p.</strong></span> <span class='ocrx_word' id='word_1_497' title='bbox 297 5839 384 5902; x_wconf 72' lang='lat'><strong>52,</strong></span> <span class='ocrx_word' id='word_1_498' title='bbox 411 5851 465 5894; x_wconf 87' lang='lat' dir='ltr'><strong>et</strong></span> <span class='ocrx_word' id='word_1_499' title='bbox 495 5841 556 5894; x_wconf 89' lang='lat' dir='ltr'><strong>Ill</strong></span> <span class='ocrx_word' id='word_1_500' title='bbox 583 5849 632 5895; x_wconf 84' lang='lat' dir='ltr'><strong>et</strong></span> <span class='ocrx_word' id='word_1_501' title='bbox 669 5840 733 5894; x_wconf 87' lang='lat' dir='ltr'><strong>IV</strong></span> 
     </span>
    </p>
   </div>
   <div class='ocr_carea' id='block_1_85' title="bbox 1847 3303 3416 3376">
    <p class='ocr_par' dir='ltr' id='par_1_85' title="bbox 1847 3303 3416 3376">
     <span class='ocr_line' id='line_1_87' title="bbox 1847 3303 3416 3376; baseline -0.003 -17"><span class='ocrx_word' id='word_1_502' title='bbox 1847 3305 2180 3362; x_wconf 83' lang='lat' dir='ltr'><strong>Mendacium</strong></span> <span class='ocrx_word' id='word_1_503' title='bbox 2216 3315 2393 3362; x_wconf 88' lang='lat' dir='ltr'><strong>autem</strong></span> <span class='ocrx_word' id='word_1_504' title='bbox 2426 3321 2522 3376; x_wconf 87' lang='lat' dir='ltr'><strong>per</strong></span> <span class='ocrx_word' id='word_1_505' title='bbox 2550 3307 2907 3362; x_wconf 82' lang='lat' dir='ltr'><strong>humilitatem</strong></span> <span class='ocrx_word' id='word_1_506' title='bbox 2932 3307 3111 3360; x_wconf 87' lang='lat' dir='ltr'><strong>delere</strong></span> <span class='ocrx_word' id='word_1_507' title='bbox 3127 3317 3176 3360; x_wconf 89' lang='lat' dir='ltr'><strong>et</strong></span> <span class='ocrx_word' id='word_1_508' title='bbox 3207 3303 3416 3358; x_wconf 80' lang='lat' dir='ltr'><strong>exstin-</strong></span> 
     </span>
    </p>
   </div>
   <div class='ocr_carea' id='block_1_86' title="bbox 1847 3395 3414 3468">
    <p class='ocr_par' dir='ltr' id='par_1_86' title="bbox 1847 3395 3414 3468">
     <span class='ocr_line' id='line_1_88' title="bbox 1847 3395 3414 3468; baseline -0.002 -16"><span class='ocrx_word' id='word_1_509' title='bbox 1847 3413 2033 3468; x_wconf 79' lang='lat' dir='ltr'><strong>gnere,</strong></span> <span class='ocrx_word' id='word_1_510' title='bbox 2091 3398 2289 3454; x_wconf 82' lang='lat' dir='ltr'><strong>excitat</strong></span> <span class='ocrx_word' id='word_1_511' title='bbox 2346 3397 2609 3468; x_wconf 88' lang='lat' dir='ltr'><strong>majorem</strong></span> <span class='ocrx_word' id='word_1_512' title='bbox 2669 3398 2726 3453; x_wconf 88' lang='lat' dir='ltr'><strong>in</strong></span> <span class='ocrx_word' id='word_1_513' title='bbox 2787 3398 2949 3454; x_wconf 87' lang='lat' dir='ltr'><strong>corde</strong></span> <span class='ocrx_word' id='word_1_514' title='bbox 2993 3405 3087 3451; x_wconf 93' lang='lat' dir='ltr'><strong>tuo</strong></span> <span class='ocrx_word' id='word_1_515' title='bbox 3165 3395 3414 3450; x_wconf 87' lang='lat' dir='ltr'><strong>timorem</strong></span> 
     </span>
    </p>
   </div>
   <div class='ocr_carea' id='block_1_87' title="bbox 1847 3488 1962 3545">
    <p class='ocr_par' dir='ltr' id='par_1_87' title="bbox 1847 3488 1962 3545">
     <span class='ocr_line' id='line_1_89' title="bbox 1847 3488 1962 3545; baseline 0 -3"><span class='ocrx_word' id='word_1_516' title='bbox 1847 3488 1962 3545; x_wconf 89' lang='lat' dir='ltr'><strong>Dei.</strong></span> 
     </span>
    </p>
   </div>
   <div class='ocr_carea' id='block_1_88' title="bbox 2457 3577 2796 3634">
    <p class='ocr_par' dir='ltr' id='par_1_88' title="bbox 2457 3577 2796 3634">
     <span class='ocr_line' id='line_1_90' title="bbox 2457 3577 2796 3634; baseline 0.003 -1"><span class='ocrx_word' id='word_1_517' title='bbox 2457 3577 2703 3634; x_wconf 78' lang='lat' dir='ltr'><strong>Scholion</strong></span> <span class='ocrx_word' id='word_1_518' title='bbox 2740 3579 2796 3634; x_wconf 85' lang='lat'><strong>5.</strong></span> 
     </span>
    </p>
   </div>
   <div class='ocr_carea' id='block_1_89' title="bbox 1915 3668 3417 3742">
    <p class='ocr_par' dir='ltr' id='par_1_89' title="bbox 1915 3668 3417 3742">
     <span class='ocr_line' id='line_1_91' title="bbox 1915 3668 3417 3742; baseline -0.002 -15"><span class='ocrx_word' id='word_1_519' title='bbox 1915 3670 2082 3727; x_wconf 84' lang='lat' dir='ltr'><strong>Erudi</strong></span> <span class='ocrx_word' id='word_1_520' title='bbox 2135 3671 2376 3742; x_wconf 87' lang='lat' dir='ltr'><strong>linguam</strong></span> <span class='ocrx_word' id='word_1_521' title='bbox 2407 3680 2553 3725; x_wconf 88' lang='lat' dir='ltr'><strong>tuam</strong></span> <span class='ocrx_word' id='word_1_522' title='bbox 2581 3671 2650 3726; x_wconf 87' lang='lat' dir='ltr'><strong>ad</strong></span> <span class='ocrx_word' id='word_1_523' title='bbox 2706 3670 2930 3725; x_wconf 87' lang='lat' dir='ltr'><strong>verbum</strong></span> <span class='ocrx_word' id='word_1_524' title='bbox 2962 3668 3058 3724; x_wconf 86' lang='lat' dir='ltr'><strong>Dei</strong></span> <span class='ocrx_word' id='word_1_525' title='bbox 3122 3670 3174 3723; x_wconf 90' lang='lat' dir='ltr'><strong>in</strong></span> <span class='ocrx_word' id='word_1_526' title='bbox 3227 3669 3417 3741; x_wconf 77' lang='lat' dir='ltr'><strong>cogni-</strong></span> 
     </span>
    </p>
   </div>
   <div class='ocr_carea' id='block_1_90' title="bbox 1847 3759 3418 3834">
    <p class='ocr_par' dir='ltr' id='par_1_90' title="bbox 1847 3759 3418 3834">
     <span class='ocr_line' id='line_1_92' title="bbox 1847 3759 3418 3834; baseline -0.002 -18"><span class='ocrx_word' id='word_1_527' title='bbox 1847 3761 2017 3828; x_wconf 89' lang='lat' dir='ltr'><strong>tione,</strong></span> <span class='ocrx_word' id='word_1_528' title='bbox 2053 3772 2106 3817; x_wconf 90' lang='lat' dir='ltr'><strong>ct</strong></span> <span class='ocrx_word' id='word_1_529' title='bbox 2143 3771 2352 3834; x_wconf 87' lang='lat' dir='ltr'><strong>tergum</strong></span> <span class='ocrx_word' id='word_1_530' title='bbox 2387 3772 2562 3818; x_wconf 86' lang='lat' dir='ltr'><strong>vertet</strong></span> <span class='ocrx_word' id='word_1_531' title='bbox 2612 3760 2886 3832; x_wconf 80' lang='lat' dir='ltr'><strong>fugietque</strong></span> <span class='ocrx_word' id='word_1_532' title='bbox 2936 3759 3034 3813; x_wconf 90' lang='lat' dir='ltr'><strong>abs</strong></span> <span class='ocrx_word' id='word_1_533' title='bbox 3093 3767 3145 3812; x_wconf 91' lang='lat' dir='ltr'><strong>tc</strong></span> <span class='ocrx_word' id='word_1_534' title='bbox 3193 3759 3418 3813; x_wconf 85' lang='lat' dir='ltr'><strong>menda-</strong></span> 
     </span>
    </p>
   </div>
   <div class='ocr_carea' id='block_1_91' title="bbox 1849 3853 2016 3910">
    <p class='ocr_par' dir='ltr' id='par_1_91' title="bbox 1849 3853 2016 3910">
     <span class='ocr_line' id='line_1_93' title="bbox 1849 3853 2016 3910; baseline -0.03 0"><span class='ocrx_word' id='word_1_535' title='bbox 1849 3853 2016 3910; x_wconf 84' lang='lat' dir='ltr'><strong>ciunt.</strong></span> 
     </span>
    </p>
   </div>
   <div class='ocr_carea' id='block_1_92' title="bbox 2136 3943 2800 4008">
    <p class='ocr_par' dir='ltr' id='par_1_92' title="bbox 2136 3943 2800 4008">
     <span class='ocr_line' id='line_1_94' title="bbox 2136 3943 2800 4008; baseline -0.009 -6"><span class='ocrx_word' id='word_1_536' title='bbox 2136 3998 2144 4008; x_wconf 81' lang='lat'><em>_</em></span> <span class='ocrx_word' id='word_1_537' title='bbox 2464 3943 2718 3999; x_wconf 81' lang='lat' dir='ltr'><strong>Scholion</strong></span> <span class='ocrx_word' id='word_1_538' title='bbox 2745 3943 2800 3996; x_wconf 87' lang='lat'><strong>6.</strong></span> 
     </span>
    </p>
   </div>
   <div class='ocr_carea' id='block_1_93' title="bbox 1920 4034 3416 4104">
    <p class='ocr_par' dir='ltr' id='par_1_93' title="bbox 1920 4034 3416 4104">
     <span class='ocr_line' id='line_1_95' title="bbox 1920 4034 3416 4104; baseline -0.003 -13"><span class='ocrx_word' id='word_1_539' title='bbox 1920 4036 2026 4091; x_wconf 86' lang='lat' dir='ltr'><strong>Pro</strong></span> <span class='ocrx_word' id='word_1_540' title='bbox 2053 4035 2312 4092; x_wconf 86' lang='lat' dir='ltr'><strong>varietate</strong></span> <span class='ocrx_word' id='word_1_541' title='bbox 2342 4035 2751 4092; x_wconf 88' lang='lat' dir='ltr'><strong>mendaciorum</strong></span> <span class='ocrx_word' id='word_1_542' title='bbox 2811 4042 2867 4090; x_wconf 93' lang='lat' dir='ltr'><strong>et</strong></span> <span class='ocrx_word' id='word_1_543' title='bbox 2919 4034 3252 4104; x_wconf 77' lang='lat' dir='ltr'><strong>judiciorum</strong></span> <span class='ocrx_word' id='word_1_544' title='bbox 3315 4048 3416 4087; x_wconf 88' lang='lat' dir='ltr'><strong>na-</strong></span> 
     </span>
    </p>
   </div>
   <div class='ocr_carea' id='block_1_94' title="bbox 1851 4127 3418 4198">
    <p class='ocr_par' dir='ltr' id='par_1_94' title="bbox 1851 4127 3418 4198">
     <span class='ocr_line' id='line_1_96' title="bbox 1851 4127 3418 4198; baseline -0.002 -15"><span class='ocrx_word' id='word_1_545' title='bbox 1851 4129 2021 4183; x_wconf 83' lang='lat' dir='ltr'><strong>scitur</strong></span> <span class='ocrx_word' id='word_1_546' title='bbox 2065 4129 2282 4182; x_wconf 86' lang='lat' dir='ltr'><strong>oratio:</strong></span> <span class='ocrx_word' id='word_1_547' title='bbox 2314 4135 2408 4183; x_wconf 91' lang='lat' dir='ltr'><strong>aut</strong></span> <span class='ocrx_word' id='word_1_548' title='bbox 2438 4128 2583 4183; x_wconf 90' lang='lat' dir='ltr'><strong>enim</strong></span> <span class='ocrx_word' id='word_1_549' title='bbox 2649 4139 2868 4198; x_wconf 90' lang='lat' dir='ltr'><strong>propter</strong></span> <span class='ocrx_word' id='word_1_550' title='bbox 2926 4127 3255 4195; x_wconf 82' lang='lat' dir='ltr'><strong>voluptatem</strong></span> <span class='ocrx_word' id='word_1_551' title='bbox 3321 4132 3418 4180; x_wconf 84' lang='lat' dir='ltr'><strong>aut</strong></span> 
     </span>
    </p>
   </div>
   <div class='ocr_carea' id='block_1_95' title="bbox 1850 4214 3413 4286">
    <p class='ocr_par' dir='ltr' id='par_1_95' title="bbox 1850 4214 3413 4286">
     <span class='ocr_line' id='line_1_97' title="bbox 1850 4214 3413 4286; baseline -0.003 -13"><span class='ocrx_word' id='word_1_552' title='bbox 1850 4218 2230 4286; x_wconf 87' lang='lat' dir='ltr'><strong>urbanitatem,</strong></span> <span class='ocrx_word' id='word_1_553' title='bbox 2283 4227 2375 4274; x_wconf 89' lang='lat' dir='ltr'><strong>aut</strong></span> <span class='ocrx_word' id='word_1_554' title='bbox 2401 4218 2585 4273; x_wconf 91' lang='lat' dir='ltr'><strong>dolum</strong></span> <span class='ocrx_word' id='word_1_555' title='bbox 2625 4234 2722 4274; x_wconf 86' lang='lat' dir='ltr'><strong>seu</strong></span> <span class='ocrx_word' id='word_1_556' title='bbox 2774 4217 3041 4283; x_wconf 80' lang='lat' dir='ltr'><strong>fraudem,</strong></span> <span class='ocrx_word' id='word_1_557' title='bbox 3074 4227 3169 4271; x_wconf 91' lang='lat' dir='ltr'><strong>aut</strong></span> <span class='ocrx_word' id='word_1_558' title='bbox 3238 4214 3413 4270; x_wconf 89' lang='lat' dir='ltr'><strong>simu-</strong></span> 
     </span>
    </p>
   </div>
   <div class='ocr_carea' id='block_1_96' title="bbox 1851 4307 3414 4381">
    <p class='ocr_par' dir='ltr' id='par_1_96' title="bbox 1851 4307 3414 4381">
     <span class='ocr_line' id='line_1_98' title="bbox 1851 4307 3414 4381; baseline -0.003 -15"><span class='ocrx_word' id='word_1_559' title='bbox 1851 4312 2106 4366; x_wconf 88' lang='lat' dir='ltr'><strong>lationem</strong></span> <span class='ocrx_word' id='word_1_560' title='bbox 2127 4326 2220 4366; x_wconf 89' lang='lat' dir='ltr'><strong>seu</strong></span> <span class='ocrx_word' id='word_1_561' title='bbox 2246 4311 2554 4381; x_wconf 79' lang='lat' dir='ltr'><strong>hypocrisin</strong></span> <span class='ocrx_word' id='word_1_562' title='bbox 2577 4310 2635 4364; x_wconf 82' lang='lat' dir='ltr'><strong>ﬁt</strong></span> <span class='ocrx_word' id='word_1_563' title='bbox 2659 4307 3022 4373; x_wconf 88' lang='lat' dir='ltr'><strong>mendacium,</strong></span> <span class='ocrx_word' id='word_1_564' title='bbox 3037 4315 3264 4362; x_wconf 87' lang='lat' dir='ltr'><strong>autcum</strong></span> <span class='ocrx_word' id='word_1_565' title='bbox 3280 4321 3414 4361; x_wconf 83' lang='lat' dir='ltr'><strong>usus</strong></span> 
     </span>
    </p>
   </div>
   <div class='ocr_carea' id='block_1_97' title="bbox 1850 4397 3414 4475">
    <p class='ocr_par' dir='ltr' id='par_1_97' title="bbox 1850 4397 3414 4475">
     <span class='ocr_line' id='line_1_99' title="bbox 1850 4397 3414 4475; baseline -0.004 -16"><span class='ocrx_word' id='word_1_566' title='bbox 1850 4403 2016 4474; x_wconf 81' lang='lat' dir='ltr'><strong>exigit</strong></span> <span class='ocrx_word' id='word_1_567' title='bbox 2067 4404 2312 4475; x_wconf 84' lang='lat' dir='ltr'><strong>[cogente</strong></span> <span class='ocrx_word' id='word_1_568' title='bbox 2363 4405 2620 4472; x_wconf 88' lang='lat' dir='ltr'><strong>temporis</strong></span> <span class='ocrx_word' id='word_1_569' title='bbox 2654 4399 2998 4472; x_wconf 81' lang='lat' dir='ltr'><strong>necessitate]</strong></span> <span class='ocrx_word' id='word_1_570' title='bbox 3041 4415 3142 4470; x_wconf 89' lang='lat' dir='ltr'><strong>pro</strong></span> <span class='ocrx_word' id='word_1_571' title='bbox 3187 4397 3414 4453; x_wconf 85' lang='lat' dir='ltr'><strong>alterius</strong></span> 
     </span>
    </p>
   </div>
   <div class='ocr_carea' id='block_1_98' title="bbox 1853 4494 3416 4564">
    <p class='ocr_par' dir='ltr' id='par_1_98' title="bbox 1853 4494 3416 4564">
     <span class='ocr_line' id='line_1_100' title="bbox 1853 4494 3416 4564; baseline -0.007 -11"><span class='ocrx_word' id='word_1_572' title='bbox 1853 4497 2051 4561; x_wconf 90' lang='lat' dir='ltr'><strong>salute,</strong></span> <span class='ocrx_word' id='word_1_573' title='bbox 2084 4497 2298 4564; x_wconf 86' lang='lat' dir='ltr'><strong>quando</strong></span> <span class='ocrx_word' id='word_1_574' title='bbox 2327 4495 2534 4550; x_wconf 89' lang='lat' dir='ltr'><strong>inducit</strong></span> <span class='ocrx_word' id='word_1_575' title='bbox 2565 4508 2691 4549; x_wconf 79' lang='lat' dir='ltr'><strong>vera</strong></span> <span class='ocrx_word' id='word_1_576' title='bbox 2730 4494 2995 4549; x_wconf 88' lang='lat' dir='ltr'><strong>dicentem</strong></span> <span class='ocrx_word' id='word_1_577' title='bbox 3017 4501 3078 4547; x_wconf 93' lang='lat' dir='ltr'><strong>ut</strong></span> <span class='ocrx_word' id='word_1_578' title='bbox 3105 4499 3276 4545; x_wconf 89' lang='lat' dir='ltr'><strong>mutet</strong></span> <span class='ocrx_word' id='word_1_579' title='bbox 3295 4505 3416 4544; x_wconf 88' lang='lat' dir='ltr'><strong>ver-</strong></span> 
     </span>
    </p>
   </div>
   <div class='ocr_carea' id='block_1_99' title="bbox 1854 4585 3414 4655">
    <p class='ocr_par' dir='ltr' id='par_1_99' title="bbox 1854 4585 3414 4655">
     <span class='ocr_line' id='line_1_101' title="bbox 1854 4585 3414 4655; baseline -0.007 -11"><span class='ocrx_word' id='word_1_580' title='bbox 1854 4590 2004 4655; x_wconf 88' lang='lat' dir='ltr'><strong>bum,</strong></span> <span class='ocrx_word' id='word_1_581' title='bbox 2055 4598 2148 4643; x_wconf 90' lang='lat' dir='ltr'><strong>aut</strong></span> <span class='ocrx_word' id='word_1_582' title='bbox 2185 4588 2424 4642; x_wconf 90' lang='lat' dir='ltr'><strong>habitum</strong></span> <span class='ocrx_word' id='word_1_583' title='bbox 2455 4587 2566 4641; x_wconf 91' lang='lat' dir='ltr'><strong>oris</strong></span> <span class='ocrx_word' id='word_1_584' title='bbox 2609 4595 2664 4641; x_wconf 89' lang='lat' dir='ltr'><strong>et</strong></span> <span class='ocrx_word' id='word_1_585' title='bbox 2696 4585 2960 4655; x_wconf 87' lang='lat' dir='ltr'><strong>corporis,</strong></span> <span class='ocrx_word' id='word_1_586' title='bbox 2995 4591 3092 4638; x_wconf 91' lang='lat' dir='ltr'><strong>aut</strong></span> <span class='ocrx_word' id='word_1_587' title='bbox 3121 4596 3414 4651; x_wconf 83' lang='lat' dir='ltr'><strong>argumen-</strong></span> 
     </span>
    </p>
   </div>
   <div class='ocr_carea' id='block_1_100' title="bbox 1853 4670 3409 4745">
    <p class='ocr_par' dir='ltr' id='par_1_100' title="bbox 1853 4670 3409 4745">
     <span class='ocr_line' id='line_1_102' title="bbox 1853 4670 3409 4745; baseline -0.005 -13"><span class='ocrx_word' id='word_1_588' title='bbox 1853 4690 1966 4732; x_wconf 92' lang='lat' dir='ltr'><strong>tum</strong></span> <span class='ocrx_word' id='word_1_589' title='bbox 2021 4678 2121 4734; x_wconf 90' lang='lat' dir='ltr'><strong>rei.</strong></span> <span class='ocrx_word' id='word_1_590' title='bbox 2175 4676 2244 4733; x_wconf 86' lang='lat' dir='ltr'><strong>Et</strong></span> <span class='ocrx_word' id='word_1_591' title='bbox 2279 4677 2444 4731; x_wconf 88' lang='lat' dir='ltr'><strong>habes</strong></span> <span class='ocrx_word' id='word_1_592' title='bbox 2503 4674 2809 4745; x_wconf 79' lang='lat' dir='ltr'><strong>exemplum</strong></span> <span class='ocrx_word' id='word_1_593' title='bbox 2883 4671 3102 4736; x_wconf 63' lang='lat' dir='ltr'><strong>Raabae,</strong></span> <span class='ocrx_word' id='word_1_594' title='bbox 3172 4670 3409 4733; x_wconf 87' lang='lat' dir='ltr'><strong>Davidis,</strong></span> 
     </span>
    </p>
   </div>
   <div class='ocr_carea' id='block_1_101' title="bbox 1856 4763 3414 4827">
    <p class='ocr_par' dir='ltr' id='par_1_101' title="bbox 1856 4763 3414 4827">
     <span class='ocr_line' id='line_1_103' title="bbox 1856 4763 3414 4827; baseline -0.008 -2"><span class='ocrx_word' id='word_1_595' title='bbox 1856 4769 2164 4827; x_wconf 86' lang='lat' dir='ltr'><strong>Samuelis:</strong></span> <span class='ocrx_word' id='word_1_596' title='bbox 2199 4771 2423 4825; x_wconf 85' lang='lat' dir='ltr'><strong>verbum</strong></span> <span class='ocrx_word' id='word_1_597' title='bbox 2459 4768 2635 4822; x_wconf 84' lang='lat' dir='ltr'><strong>variat</strong></span> <span class='ocrx_word' id='word_1_598' title='bbox 2695 4774 2754 4820; x_wconf 92' lang='lat' dir='ltr'><strong>ut</strong></span> <span class='ocrx_word' id='word_1_599' title='bbox 2816 4763 2996 4827; x_wconf 83' lang='lat' dir='ltr'><strong>Raab;</strong></span> <span class='ocrx_word' id='word_1_600' title='bbox 3057 4763 3297 4817; x_wconf 87' lang='lat' dir='ltr'><strong>habitum</strong></span> <span class='ocrx_word' id='word_1_601' title='bbox 3353 4769 3414 4814; x_wconf 90' lang='lat' dir='ltr'><strong>ut</strong></span> 
     </span>
    </p>
   </div>
   <div class='ocr_carea' id='block_1_102' title="bbox 1855 4837 3412 4931">
    <p class='ocr_par' dir='ltr' id='par_1_102' title="bbox 1855 4837 3412 4931">
     <span class='ocr_line' id='line_1_104' title="bbox 1855 4837 3412 4931; baseline -0.006 -14"><span class='ocrx_word' id='word_1_602' title='bbox 1855 4837 2481 4931; x_wconf 37' lang='lat' dir='ltr'><strong>Davum-argumentum</strong></span> <span class='ocrx_word' id='word_1_603' title='bbox 2514 4867 2570 4913; x_wconf 91' lang='lat' dir='ltr'><strong>et</strong></span> <span class='ocrx_word' id='word_1_604' title='bbox 2600 4872 2822 4914; x_wconf 87' lang='lat' dir='ltr'><strong>causam</strong></span> <span class='ocrx_word' id='word_1_605' title='bbox 2872 4867 2929 4910; x_wconf 92' lang='lat' dir='ltr'><strong>ut</strong></span> <span class='ocrx_word' id='word_1_606' title='bbox 2957 4852 3172 4908; x_wconf 85' lang='lat' dir='ltr'><strong>Samuel</strong></span> <span class='ocrx_word' id='word_1_607' title='bbox 3217 4863 3412 4907; x_wconf 88' lang='lat' dir='ltr'><strong>unctu-</strong></span> 
     </span>
    </p>
   </div>
   <div class='ocr_carea' id='block_1_103' title="bbox 1856 4955 2546 5021">
    <p class='ocr_par' dir='ltr' id='par_1_103' title="bbox 1856 4955 2546 5021">
     <span class='ocr_line' id='line_1_105' title="bbox 1856 4955 2546 5021; baseline -0.009 -10"><span class='ocrx_word' id='word_1_608' title='bbox 1856 4973 1950 5011; x_wconf 92' lang='lat' dir='ltr'><strong>rus</strong></span> <span class='ocrx_word' id='word_1_609' title='bbox 1994 4955 2243 5010; x_wconf 71' lang='lat' dir='ltr'><strong>Daviulem</strong></span> <span class='ocrx_word' id='word_1_610' title='bbox 2267 4956 2321 5007; x_wconf 88' lang='lat' dir='ltr'><strong>in</strong></span> <span class='ocrx_word' id='word_1_611' title='bbox 2344 4966 2546 5021; x_wconf 85' lang='lat' dir='ltr'><strong>regem.</strong></span> 
     </span>
    </p>
   </div>
   <div class='ocr_carea' id='block_1_104' title="bbox 2406 5097 2854 5158">
    <p class='ocr_par' dir='ltr' id='par_1_104' title="bbox 2406 5097 2854 5158">
     <span class='ocr_line' id='line_1_106' title="bbox 2406 5097 2854 5158; baseline -0.007 0"><span class='ocrx_word' id='word_1_612' title='bbox 2406 5099 2685 5158; x_wconf 79' lang='lat' dir='ltr'><strong>GRADUS</strong></span> <span class='ocrx_word' id='word_1_613' title='bbox 2713 5097 2854 5155; x_wconf 81' lang='lat' dir='ltr'><strong>Xlll.</strong></span> 
     </span>
    </p>
   </div>
   <div class='ocr_carea' id='block_1_105' title="bbox 2328 5215 2931 5272">
    <p class='ocr_par' dir='ltr' id='par_1_105' title="bbox 2328 5215 2931 5272">
     <span class='ocr_line' id='line_1_107' title="bbox 2328 5215 2931 5272; baseline -0.005 -2"><span class='ocrx_word' id='word_1_614' title='bbox 2328 5215 2406 5270; x_wconf 80' lang='lat' dir='ltr'><strong>De</strong></span> <span class='ocrx_word' id='word_1_615' title='bbox 2431 5215 2587 5272; x_wconf 70' lang='lat' dir='ltr'><strong>taedio</strong></span> <span class='ocrx_word' id='word_1_616' title='bbox 2612 5231 2704 5270; x_wconf 77' lang='lat' dir='ltr'><strong>seu</strong></span> <span class='ocrx_word' id='word_1_617' title='bbox 2727 5215 2931 5270; x_wconf 80' lang='lat' dir='ltr'><strong>acedia.</strong></span> 
     </span>
    </p>
   </div>
   <div class='ocr_carea' id='block_1_106' title="bbox 1924 5317 3414 5395">
    <p class='ocr_par' dir='ltr' id='par_1_106' title="bbox 1924 5317 3414 5395">
     <span class='ocr_line' id='line_1_108' title="bbox 1924 5317 3414 5395; baseline -0.004 -11"><span class='ocrx_word' id='word_1_618' title='bbox 1924 5328 1993 5385; x_wconf 85' lang='lat' dir='ltr'><strong>Et</strong></span> <span class='ocrx_word' id='word_1_619' title='bbox 2036 5328 2126 5384; x_wconf 88' lang='lat' dir='ltr'><strong>hic</strong></span> <span class='ocrx_word' id='word_1_620' title='bbox 2163 5327 2415 5384; x_wconf 88' lang='lat' dir='ltr'><strong>surculus</strong></span> <span class='ocrx_word' id='word_1_621' title='bbox 2441 5341 2586 5382; x_wconf 89' lang='lat' dir='ltr'><strong>unus</strong></span> <span class='ocrx_word' id='word_1_622' title='bbox 2630 5335 2715 5383; x_wconf 90' lang='lat' dir='ltr'><strong>est</strong></span> <span class='ocrx_word' id='word_1_623' title='bbox 2747 5341 2812 5381; x_wconf 79' lang='lat' dir='ltr'><strong>ex</strong></span> <span class='ocrx_word' id='word_1_624' title='bbox 2850 5323 3220 5395; x_wconf 86' lang='lat' dir='ltr'><strong>loquacitatis,</strong></span> <span class='ocrx_word' id='word_1_625' title='bbox 3248 5317 3414 5378; x_wconf 87' lang='lat' dir='ltr'><strong>ramis</strong></span> 
     </span>
    </p>
   </div>
   <div class='ocr_carea' id='block_1_107' title="bbox 1859 5415 3413 5492">
    <p class='ocr_par' dir='ltr' id='par_1_107' title="bbox 1859 5415 3413 5492">
     <span class='ocr_line' id='line_1_109' title="bbox 1859 5415 3413 5492; baseline -0.006 -14"><span class='ocrx_word' id='word_1_626' title='bbox 1859 5422 1938 5477; x_wconf 88' lang='lat' dir='ltr'><strong>uti</strong></span> <span class='ocrx_word' id='word_1_627' title='bbox 1973 5434 2137 5492; x_wconf 90' lang='lat' dir='ltr'><strong>supra</strong></span> <span class='ocrx_word' id='word_1_628' title='bbox 2168 5419 2473 5485; x_wconf 87' lang='lat' dir='ltr'><strong>docuimus,</strong></span> <span class='ocrx_word' id='word_1_629' title='bbox 2495 5429 2550 5476; x_wconf 91' lang='lat' dir='ltr'><strong>et</strong></span> <span class='ocrx_word' id='word_1_630' title='bbox 2572 5435 2640 5476; x_wconf 82' lang='lat' dir='ltr'><strong>ex</strong></span> <span class='ocrx_word' id='word_1_631' title='bbox 2664 5418 2950 5490; x_wconf 87' lang='lat' dir='ltr'><strong>nepotibus</strong></span> <span class='ocrx_word' id='word_1_632' title='bbox 2975 5416 3205 5488; x_wconf 82' lang='lat' dir='ltr'><strong>primus,</strong></span> <span class='ocrx_word' id='word_1_633' title='bbox 3227 5415 3413 5471; x_wconf 80' lang='lat' dir='ltr'><strong>acedia</strong></span> 
     </span>
    </p>
   </div>
   <div class='ocr_carea' id='block_1_108' title="bbox 1859 5505 3411 5586">
    <p class='ocr_par' dir='ltr' id='par_1_108' title="bbox 1859 5505 3411 5586">
     <span class='ocr_line' id='line_1_110' title="bbox 1859 5505 3411 5586; baseline -0.006 -16"><span class='ocrx_word' id='word_1_634' title='bbox 1859 5516 2098 5586; x_wconf 81' lang='lat' dir='ltr'><strong>inquam.</strong></span> <span class='ocrx_word' id='word_1_635' title='bbox 2130 5512 2361 5569; x_wconf 86' lang='lat' dir='ltr'><strong>Proinde</strong></span> <span class='ocrx_word' id='word_1_636' title='bbox 2410 5511 2818 5569; x_wconf 87' lang='lat' dir='ltr'><strong>convenientem</strong></span> <span class='ocrx_word' id='word_1_637' title='bbox 2845 5510 2923 5566; x_wconf 87' lang='lat' dir='ltr'><strong>illi</strong></span> <span class='ocrx_word' id='word_1_638' title='bbox 2970 5509 3147 5566; x_wconf 87' lang='lat' dir='ltr'><strong>locum</strong></span> <span class='ocrx_word' id='word_1_639' title='bbox 3199 5507 3256 5562; x_wconf 89' lang='lat' dir='ltr'><strong>in</strong></span> <span class='ocrx_word' id='word_1_640' title='bbox 3309 5505 3411 5561; x_wconf 78' lang='lat' dir='ltr'><strong>im-</strong></span> 
     </span>
    </p>
   </div>
   <div class='ocr_carea' id='block_1_109' title="bbox 1921 5711 3407 5781">
    <p class='ocr_par' dir='ltr' id='par_1_109' title="bbox 1921 5711 3407 5781">
     <span class='ocr_line' id='line_1_111' title="bbox 1921 5711 3407 5781; baseline -0.002 -15"><span class='ocrx_word' id='word_1_641' title='bbox 1921 5714 1997 5781; x_wconf 73' lang='grc' dir='ltr'><strong>(ὁ)</strong></span> <span class='ocrx_word' id='word_1_642' title='bbox 2020 5713 2402 5769; x_wconf 70' lang='lat' dir='ltr'><strong>Ptenitentium</strong></span> <span class='ocrx_word' id='word_1_643' title='bbox 2435 5713 2760 5769; x_wconf 86' lang='lat' dir='ltr'><strong>irrisionem.</strong></span> <span class='ocrx_word' id='word_1_644' title='bbox 2783 5711 2864 5767; x_wconf 87' lang='lat' dir='ltr'><strong>An</strong></span> <span class='ocrx_word' id='word_1_645' title='bbox 2893 5713 3130 5769; x_wconf 88' lang='lat' dir='ltr'><strong>riserunt</strong></span> <span class='ocrx_word' id='word_1_646' title='bbox 3150 5712 3325 5768; x_wconf 80' lang='lat' dir='ltr'><strong>ritus?</strong></span> <span class='ocrx_word' id='word_1_647' title='bbox 3340 5727 3407 5764; x_wconf 85' lang='lat' dir='ltr'><strong>an</strong></span> 
     </span>
    </p>
   </div>
   <div class='ocr_carea' id='block_1_110' title="bbox 1854 5783 3410 5853">
    <p class='ocr_par' dir='ltr' id='par_1_110' title="bbox 1854 5783 3410 5853">
     <span class='ocr_line' id='line_1_112' title="bbox 1854 5783 3410 5853; baseline -0.001 -16"><span class='ocrx_word' id='word_1_648' title='bbox 1854 5785 2224 5853; x_wconf 62' lang='lat' dir='ltr'><strong>paenitentiam</strong></span> <span class='ocrx_word' id='word_1_649' title='bbox 2285 5783 2648 5846; x_wconf 88' lang='lat' dir='ltr'><strong>simularunt,</strong></span> <span class='ocrx_word' id='word_1_650' title='bbox 2704 5793 2764 5838; x_wconf 89' lang='lat' dir='ltr'><strong>ut</strong></span> <span class='ocrx_word' id='word_1_651' title='bbox 2812 5783 3088 5840; x_wconf 84' lang='lat' dir='ltr'><strong>Climacus</strong></span> <span class='ocrx_word' id='word_1_652' title='bbox 3137 5784 3293 5847; x_wconf 88' lang='lat' dir='ltr'><strong>dicit.</strong></span> <span class='ocrx_word' id='word_1_653' title='bbox 3356 5790 3410 5837; x_wconf 84' lang='lat' dir='ltr'><strong>et</strong></span> 
     </span>
    </p>
   </div>
   <div class='ocr_carea' id='block_1_111' title="bbox 1854 5854 2746 5916">
    <p class='ocr_par' dir='ltr' id='par_1_111' title="bbox 1854 5854 2746 5916">
     <span class='ocr_line' id='line_1_113' title="bbox 1854 5854 2746 5916; baseline -0.004 -6"><span class='ocrx_word' id='word_1_654' title='bbox 1854 5858 2080 5910; x_wconf 85' lang='lat' dir='ltr'><strong>aliorum</strong></span> <span class='ocrx_word' id='word_1_655' title='bbox 2120 5860 2384 5916; x_wconf 82' lang='lat' dir='ltr'><strong>lacrvmas</strong></span> <span class='ocrx_word' id='word_1_656' title='bbox 2409 5854 2746 5910; x_wconf 81' lang='lat' dir='ltr'><strong>deriserunt?</strong></span> 
     </span>
    </p>
   </div>
  </div>
