4210 6464
763 389 866 451 859

1999 377 2057 434 S.
2082 376 2392 436 JOANNIS
2421 377 2723 436 CLIMACI

3848 377 3950 439 860

760 497 922 562 proba
987 494 1236 545 vitiorum
1297 499 1483 545 catena
1538 487 1942 556 aSsignavimus.
1994 488 2185 540 Acedia
2233 489 2422 554 estA,

2288 498 2315 539 ιι
2343 489 2389 545 Α
2419 487 2690 556 μόζουσαν
2713 488 2859 558 αὐτῷ
2897 489 3048 552 τάξιν
3091 491 3147 541 ἐν
3179 491 3244 559 τῇ
3293 491 3500 560 πονηρᾷ
3522 490 3706 544 ἁλύσει
3735 489 3950 542 ἀπενεί-

759 586 922 636 animi
993 583 1259 641 remissio,
1313 582 1508 635 mentis
1566 579 1858 637 enervatio,
1907 578 2178 645 neglectus
2225 591 2310 629 rc-

760 674 957 739 lgiosa:
995 671 1410 730 exercitationis,
1464 667 1646 719 odium
1682 665 2053 734 professionis,
2122 665 2310 716 lauda-

759 766 860 815 trix
895 779 1070 812 rerum
1101 763 1458 818 sa'cularium,
1512 774 1630 826 qua:
1661 773 1766 810 non
1829 755 1988 824 198
2054 769 2312 807 Verecun-

757 854 919 903 tlatur
970 850 1132 902 hrum
1172 853 1342 917 ipsum
1377 848 1713 904 calumniari.
1746 846 1884 912 quod
1936 846 2004 896 sit
2041 843 2210 896 durus
2262 851 2315 895 et

763 943 1025 992 intittitis.‘
1088 938 1360 1006 Languida
1417 947 1495 989 est
1561 937 1612 988 in
1685 949 1835 987 sacra
1875 931 2189 1001 psalmodia,
2247 929 2312 982 ad

765 1049 946 1098 pri-res
996 1030 1241 1092 inﬁrma,
1283 1027 1450 1080 ferrea
1481 1027 1544 1078 ad
1604 1024 1921 1082 ministeria,
1979 1023 2200 1090 impigra
2246 1020 2313 1074 ad

762 1126 971 1176 labores
1019 1132 1291 1176 externos,
1329 1120 1448 1170 licta
1473 1118 1537 1168 ad
1591 1117 1904 1181 parendum.
1943 1111 2034 1164 Vir
2062 1113 2315 1166 obediens

763 1214 930 1267 nescit
957 1212 1085 1281 quid
1117 1214 1181 1264 sit
1222 1212 1452 1278 ignavia.
1491 1222 1584 1276 per
1619 1207 1858 1260 actiones
1896 1215 2144 1258 externas
2169 1219 2316 1258 men-

760 1303 864 1360 lem
901 1306 1130 1374 perlicit.
1159 1302 1478 1356 Caenobiutn
1536 1309 1790 1367 repugnat
1855 1297 2070 1352 acedim.
2131 1294 2314 1350 Virum

761 1394 1060 1447 solitarium
1095 1393 1292 1459 ubique
1331 1391 1620 1441 comitatur
1651 1388 1857 1450 acedia,
1893 1400 1989 1439 nec
2014 1395 2137 1439 ante
2169 1400 2314 1439 mor-

761 1498 866 1535 tem
921 1484 1065 1534 illum
1107 1481 1320 1533 deserit.
1361 1480 1450 1532 sed
1486 1480 1549 1530 ad
1602 1477 1758 1530 linem
1808 1490 1976 1543 usque
2019 1475 2138 1528 vita:
2175 1489 2314 1542 quo-

765 1577 888 1627 tidie
915 1582 1206 1640 olopugttat.
1242 1570 1340 1623 libi
1383 1569 1718 1622 anaeltoretze
1768 1567 1952 1619 Collum
1987 1565 2147 1627 videt,
2182 1563 2311 1616 sub-

763 1668 918 1723 ridet,
1009 1673 1059 1715 et
1113 1661 1332 1730 prepius
1382 1659 1663 1717 accedens,
1719 1655 2076 1724 juxta.illum
2133 1655 2314 1708 sedem

2417 597 2612 648 μαμεν.
2655 581 2872 647 Ἀκηδία
2912 582 3026 632 ἐστὶ
3075 583 3299 650 πάρεσις
3335 581 3508 650 ψυχῆς
3557 582 3653 648 (Ι),
3696 580 3792 633 καὶ
3837 579 3951 641 νοδς

2412 671 2649 732 ἔκλυσις,
2693 672 2947 738 ὀλιγωρία
3010 673 3308 740 ἀσκήσεως,
3347 675 3502 741 μῖσος
3544 672 3639 725 τοῦ
3683 672 3948 740 ἑπαγγέλο

2417 776 2602 827 ματος,
2637 761 2911 827 κοσμικῶν
2949 763 3332 831 μακαρίστρια,
3357 761 3487 814 Θεοῦ
3515 762 3844 832 διαῦλήτωρ,
3877 763 3950 824 ὼς

2412 849 2757 916 ἀσπλάγχνου
2795 851 2886 902 mi.
2931 850 3364 920 ἀφιλανορώπου,
3405 852 3586 904 ἀτονία
3620 852 3950 922 ψαλμφδίας,

2413 941 2470 991 ἐν
2501 943 2772 1008 προσευχῇ
2811 941 3127 1001 ἀσθενοῦσα.
3157 943 3216 992 ὲν
3243 941 3485 1011 διακονίᾳ
3518 942 3727 1011 σιδηρᾷ..
3768 945 3827 995 ὲν
3859 943 3953 1010 ιρ-

2413 1031 2645 1098 γοχείρῳ
2685 1031 2891 1092 ἄοκνος.
2924 1032 2980 1082 ὲν
3014 1031 3224 1101 ὑπακοῇ
3247 1031 3468 1100 δόκιμος
3489 1033 3589 1100 (α).
3632 1033 3796 1102 Ἀνὴρ
3827 1035 3955 1085 ὑποο

2412 1120 2666 1182 τακτικὸς
2699 1119 3050 1187 ἀγνώριστος,
3109 1121 3198 1174 διά
3242 1120 3350 1173 τῶν
3391 1122 3664 1191 αίσθητῶν
3694 1123 3762 1175 τὰ
3793 1125 3955 1190 νοητά

2416 1206 2792 1278 κατορῦωκὼς.
2857 1209 3135 1261 Κοινόὸιον
3207 1209 3434 1280 ἀκηδίας
3506 1209 3795 1262 ἀντίπαλον
3841 1209 3953 1279 (2)·

2414 1297 2566 1366 ἀνδρὶ
2603 1297 2659 1349 δὲ
2706 1298 2978 1367 ἡσυχαστῇ
3016 1297 3244 1366 σύζυγος
3290 1297 3522 1360 αἰώνιος,
3574 1300 3678 1368 πρὸ
3727 1299 3955 1352 θανάτου

2415 1385 2575 1437 αὐτοῦ
2605 1385 2768 1454 ούκμὴ
2798 1386 3181 1455 ἀποστήσεταιι
3204 1401 3217 1414 ⁶
3249 1391 3344 1438 καὶ
3382 1387 3487 1454 πρὸ
3521 1387 3771 1456 τελευτῆς
3796 1385 3956 1440 αὑτοῦ

2415 1475 2732 1545 καθημέραν
2787 1475 3061 1530 παλαίσει.
3113 1475 3322 1528 Κέλλαν
3365 1477 3716 1546 ἀναχωρητοῦ
3780 1474 3959 1528 ἰδοῦσα

2415 1567 2708 1636 ἐμειδίασε,
2764 1569 2858 1620 καὶ
2893 1567 3298 1636 προσεγγίσασα
3339 1565 3486 1636 αύτῷ
3541 1567 3766 1637 πλησίον
3795 1567 3959 1638 ἐσκή-

2415 1674 2582 1710 νωσεν
2614 1658 2710 1725 (ὅ).
2767 1657 2967 1726 Ἰατρὸς
3022 1657 3310 1720 νοσοῦντας
3340 1657 3507 1711 ἔωθεν
3531 1656 3917 1710 ἑπισκέπτεται
3940 1671 3956 1684 ·

764 1758 931 1823 ponit.
976 1753 1210 1808 Medicus
1238 1767 1407 1821 a‘gros
1458 1766 1612 1804 mane
1641 1749 1822 1803 invisit
1847 1767 1860 1802 :
1895 1746 2076 1802 acedia
2103 1745 2312 1813 religio-
2343 1806 2385 1823 ﬁ
2415 1767 2426 1800 ι

2295 1773 2312 1785 -
2343 1806 2385 1823 ἢ
2415 1748 2510 1802 καὶ
2545 1748 2742 1816 ἀκηδία
2767 1747 3066 1810 ἀσκοῦντας
3117 1749 3244 1820 περὶ
3271 1749 3431 1818 μέσον
3461 1749 3703 1819 ἡμέρας.
3735 1748 3957 1803 Ξενόδο-

764 1863 852 1900 sos
891 1848 992 1899 sub
1028 1845 1324 1900 meridiem.
1355 1844 1549 1897 Acedia
1576 1842 1769 1912 gaudet
1796 1839 2091 1909 frequentia
2129 1837 2308 1904 hospi-

764 1951 897 1999 tum,
929 1947 979 1989 et
1017 1946 1196 1990 monet
1247 1934 1648 1994 anachoretam,
1682 1942 1740 1983 ut
1775 1944 1949 1998 operte
1986 1929 2212 1998 pretium
2230 1925 2310 1982 fa-

762 2030 889 2090 ciat,
930 2043 1036 2094 quo
1088 2028 1257 2096 possit
1288 2026 1657 2094 eleemosynas
1709 2021 1931 2091 largiri:
1964 2021 2208 2074 hortatur
2255 2019 2312 2074 ut

761 2117 888 2185 :t-gri
922 2126 1137 2170 strenue
1196 2115 1516 2177 invisantur,
1547 2116 1602 2167 in
1646 2111 1959 2166 memoriam
2013 2108 2312 2165 revocando

763 2207 892 2262 illud
919 2207 1118 2262 Christi
1147 2225 1161 2260 :
1201 2205 1450 2274 Inﬁrmus
1497 2221 1660 2262 cram,
1701 2217 1745 2253 rt
1786 2203 1993 2256 venistis
2021 2201 2090 2254 ad
2125 2215 2202 2254 me
2227 2198 2310 2265 “;

762 2311 913 2367 rogat
946 2307 1004 2351 ut
1025 2298 1091 2351 ad
1118 2296 1551 2366 desperabundos
1570 2306 1621 2350 et
1641 2295 2005 2364 pusillanimes
2032 2292 2312 2359 adeamus,
2356 2287 2366 2297 ’

763 2391 1097 2459 suggerendo
1147 2388 1505 2444 consolandos
1552 2402 1669 2442 esse
1733 2387 2122 2456 pusillanimes,
2188 2401 2312 2441 cum

763 2481 876 2547 ipsa
929 2482 999 2534 sit
1046 2481 1424 2550 pusillanimis.
1482 2478 1623 2534 Inter
1669 2494 1855 2548 preces
1902 2479 2116 2549 negotia
2167 2492 2314 2548 quae-

762 2573 882 2623 dam
916 2581 1168 2639 tanquam
1201 2571 1504 2625 necessaria
1538 2568 1791 2640 suggerit,
1825 2577 1879 2623 et
1945 2567 2148 2621 nullum
2206 2581 2312 2621 non

765 2671 942 2712 movet
973 2659 1198 2728 lapidem
1234 2669 1292 2713 ut
1319 2675 1417 2713 nos
1455 2658 1617 2713 stulta
1654 2657 1799 2712 velut
1826 2657 2049 2726 sapienti
2081 2655 2315 2725 capistro

765 2769 792 2802 a
846 2752 1091 2818 precibus
1145 2751 1356 2803 avellat.
1398 2747 1594 2804 Tribus
1626 2749 1774 2804 horis
1801 2757 1923 2802 ante
1959 2762 2168 2802 coenam
2203 2747 2314 2816 spi-

765 2842 899 2894 ritus
950 2841 1147 2893 aeedia:
1217 2849 1382 2893 tentat
1422 2839 1720 2910 religiosos,
1777 2847 1831 2892 et
1883 2853 2027 2892 nunc
2094 2837 2316 2891 horrore

765 2927 1027 2999 percellit,
1087 2943 1230 2980 nunc
1277 2926 1460 2981 dolore
1494 2927 1707 2994 capitis,
1758 2939 1901 2979 nunc
1954 2924 2108 2990 iebri,
2171 2939 2315 2979 nunc

767 3021 1023 3089 vertigine
1061 3027 1291 3090 torquet.
1329 3016 1467 3072 Hora
1502 3033 1641 3072 nona
1687 3020 1827 3086 (qua:
1867 3015 2018 3070 tertia
2042 3025 2123 3071 est
2175 3012 2314 3084 apud

2409 1842 2530 1911 χεῖα
2570 1839 2795 1908 ἀκηδίας
2849 1837 3105 1909 ύποδολὴ,
3151 1840 3245 1892 καὶ
3278 1841 3645 1909 ἐλεημοσύνας
3694 1839 3762 1893 δι’
3800 1840 3960 1912 ἐργο-

2408 1931 2606 2002 χείρων
2632 1931 2871 1984 δυσωπεῖ
2909 1929 3258 2002 ἐργάζεσθαι.
3316 1931 3776 1985 Ἐπισκέπτεσθαι
3797 1933 3958 1986 ἀσθε-

2406 2023 2625 2086 νοῦντας
2645 2023 2999 2094 προτρέπεται
3021 2022 3332 2094 προθύμως,
3356 2023 3840 2094 ὑπομιμνήσκουσα
3865 2024 3960 2078 τοῦ

2409 2115 2653 2183 λέγοντος
2666 2130 2681 2145 ο
2711 2113 2996 2181 ’Λσθενὴς
3013 2113 3174 2183 ἤμην
3192 2115 3291 2168 καί
3304 2113 3516 2182 ἤλθετε
3541 2116 3794 2184 πρόςμε.
3815 2117 3962 2187 Πρὸς

2407 2204 2747 2274 ἀθυμοῦντας
2801 2205 2895 2257 καὶ
2942 2203 3288 2274 ὀλιγοψύχους
3327 2205 3564 2258 δυσωπεῖ
3591 2207 3957 2277 ἀπέρχεσθαιο

2409 2295 2744 2365 παρακαλεῖν
2759 2312 2815 2348 τε
2826 2296 2948 2358 τοὺς
2962 2294 3308 2364 ὀλιγοψύχους
3329 2297 3362 2365 ὴ
3383 2296 3695 2366 ὀλιγόψυχος
3723 2297 3959 2352 ὑποϐάλ-

2408 2384 2574 2438 λουσα
2593 2400 2606 2413 ·
2635 2386 2692 2438 ὲν
2720 2389 2994 2456 προσευχῇ
3033 2385 3326 2449 σταθέντας
3353 2386 3666 2454 ἀναγκαίων
3700 2389 3960 2456 πραγμά-

2409 2492 2516 2530 των
2549 2476 2972 2548 ὑπομιμνήσκει,
3024 2478 3118 2530 καὶ
3155 2479 3333 2530 πᾶσαν
3368 2477 3612 2548 μηχανὴν
3640 2480 3788 2530 ποιεῖ
3817 2479 3962 2531 ἐκεῖ·

2411 2567 2502 2622 θεν
2531 2569 2677 2640 ἡμᾶς
2729 2568 2927 2639 φορΰιᾷ
2977 2568 3180 2639 εὐλόγῳ
3221 2568 3494 2640 ἀποσύραι
3524 2571 3558 2638 ἡ
3592 2568 3798 2637 ἄλογος.
3833 2568 3960 2638 Τρί-

2410 2674 2550 2727 ωρον
2599 2648 2800 2728 φρίκην
2853 2661 2944 2712 καὶ
2992 2658 3378 2726 κεφαλαλγίαν,
3437 2660 3700 2730 πρότερόν
3747 2676 3808 2712 τε
3860 2659 3958 2713 καὶ

2415 2748 2643 2819 στρόφον
2671 2748 2899 2818 ἀκηδίας
2925 2749 3129 2820 δαίμων
3152 2751 3436 2821 πεποίηκε.
3465 2750 3577 2818 Τῆς
3605 2751 3964 2824 ὲννάτης.κατ

2412 2837 2752 2908 ταλαϐούσης
2797 2841 2988 2911 μικρὸν
3034 2841 3321 2892 ἀνένευσε·
3350 2841 3450 2909 τῆς
3485 2856 3544 2892 τε
3574 2838 3853 2911 τραπέζης
3879 2857 3968 2893 τε·-

2422 2927 2625 2998 θείσης,
2656 2930 2751 2998 τῆς
2782 2933 3063 2999 στρωμνῆς
3093 2929 3328 2999 ὲπήδησε
3357 2944 3370 2957 ·
3403 2929 3495 2981 καὶ
3536 2930 3629 2998 τῆς
3667 2929 3830 2999 εὐχῆς
3865 2947 3967 2982 καο

2413 3017 2746 3088 ταλαὸούοης
2789 3017 3032 3070 πάλιντὺ
3079 3018 3236 3087 σῶμα
3294 3018 3608 3090 βεϐάρηται.
3662 3018 3749 3072 Ἑν
3792 3037 3965 3089 προσ-

767 3126 867 3165 nos
921 3111 1308 3178 pomeridiana)
1345 3110 1678 3172 imminente,
1719 3106 2108 3176 aliquantulunt
2143 3105 2314 3174 respi-
2343 3132 2386 3192 α
2419 3127 2429 3161 ι

2306 3132 2386 3192 ια
2419 3113 2548 3180 ευχῇ
2621 3109 2882 3163 σταθέντα
2940 3108 3018 3179 τῷ
3077 3108 3228 3180 ὕπνῳ
3265 3109 3549 3173 ὲδάπτισε,
3595 3112 3688 3164 καὶ
3732 3113 3968 3181 χάσμοις

768 3212 870 3256 rat.
905 3201 974 3254 At
1013 3216 1197 3254 mensa
1247 3201 1356 3268 jam
1406 3202 1597 3267 posita,
1663 3201 1842 3253 exsilit
1895 3213 1926 3251 e
1984 3199 2169 3251 lecto:
2226 3197 2318 3250 ubi

768 3304 981 3362 tempus
1021 3293 1272 3361 precandi
1321 3292 1477 3357 redit,
1531 3307 1748 3345 rursum
1777 3304 1971 3358 corpus
2030 3288 2320 3359 gravedine

769 3386 1006 3453 languet.
1064 3382 1206 3437 Inter
1239 3385 1379 3451 ipsas
1429 3399 1554 3438 vero
1612 3384 1721 3452 jam
1782 3397 1967 3451 preces
2015 3389 2320 3434 versantem

775 3471 934 3541 199
967 3487 1157 3526 somno
1203 3481 1370 3525 totum
1417 3472 1610 3539 mergit
1645 3479 1700 3523 et
1741 3470 1944 3537 irrigat,
1989 3465 2251 3534 {cedisque
2271 3474 2324 3519 et

773 3564 1095 3627 importunis
1146 3558 1556 3612 oscitationibus
1591 3565 1644 3610 et
1677 3553 1983 3627 gannitibus
2019 3568 2232 3608 versum
2257 3567 2324 3606 ex

770 3667 865 3704 ore
901 3649 1180 3718 psallentis
1205 3647 1447 3717 subripit.
1497 3647 1713 3702 Cteleris
1741 3646 1886 3699 vitiis
1917 3643 2122 3710 singula
2144 3643 2325 3712 singu-

771 3743 850 3794 las
875 3742 1095 3795 virtutes
1132 3750 1387 3794 enervant
1415 3757 1429 3805 ;
1467 3740 1650 3792 acedia
1673 3753 1800 3791 vero
1825 3736 2075 3805 religioso
2098 3745 2323 3788 mortem

774 3830 928 3882 all‘vtt
949 3829 1272 3898 generalem.
1303 3827 1569 3883 Generosa
1595 3841 1744 3882 mens
1765 3835 2068 3880 emortuum
2087 3823 2322 3877 animum

775 3922 828 3974 in
854 3923 1014 3974 vitam
1047 3930 1276 3975 revocat.
1317 3921 1511 3976 Acedia
1546 3934 1673 3974 vero
1701 3929 1754 3975 et
1790 3917 1997 3988 ignavia
2027 3927 2195 3972 totum
2221 3915 2326 3968 vir-

775 4013 904 4066 tutis
942 4005 1248 4065 thesaurum
1297 4013 1535 4082 dissipat.
1575 4010 1676 4065 Sed
1714 4025 1838 4064 cum
1880 4011 1978 4064 hoc
2016 4009 2203 4063 vitium
2254 4008 2327 4063 sit

775 4116 942 4153 unum
976 4116 1040 4154 rx
1064 4111 1184 4154 octo
1212 4101 1535 4171 capitalibus
1562 4101 1961 4171 gravissimum,
1993 4107 2238 4166 superest
2268 4107 2326 4154 ut

771 4193 836 4245 de
857 4206 922 4246 eo
954 4193 1172 4260 perinde
1202 4202 1360 4261 atque
1387 4191 1507 4246 aliis
1536 4201 1844 4245 tractemus.
1878 4187 1980 4244 Sed
2007 4200 2060 4243 et
2098 4192 2200 4246 hoc
2228 4191 2326 4246 ad-

779 4283 1055 4348 dendum;
1118 4284 1428 4339 intermisso
1485 4283 1812 4353 psalmorum
1874 4291 2078 4346 cantu,
2142 4281 2327 4337 acedia

777 4373 946 4425 notari
975 4387 1080 4425 non
1126 4381 1336 4440 potest:
1367 4381 1582 4442 peracto
1603 4386 1732 4425 vero
1777 4385 1944 4439 penso
1988 4369 2125 4423 oculi
2163 4370 2331 4425 reclu-

2419 3203 2666 3271 ἀκαίροις
2685 3201 2778 3253 τοῦ
2805 3201 3064 3270 στόματος
3089 3202 3178 3254 τὸν
3204 3201 3381 3271 στίχον
3411 3202 3726 3272 διήρπασεν.
3759 3203 3840 3256 Τὰ
3865 3204 3968 3274 μὲν

2421 3291 2580 3343 λοιπά
2621 3291 2764 3361 παθη
2804 3293 2901 3362 μιᾷ
2927 3308 3031 3344 τινι
3075 3292 3243 3362 ἀρετῇ
3287 3293 3513 3346 ἕκαστον
3545 3291 3721 3344 αὐτῶν
3761 3296 3972 3366 κατήρ-

2421 3397 2603 3450 γηται.
2648 3381 2867 3450 Ἀκηδία
2899 3382 2953 3433 δὲ
2982 3382 3058 3450 τῷ
3089 3381 3306 3452 μοναχῷ
3330 3383 3675 3454 περιεκτικός
3701 3383 3932 3448 θάνατος
3953 3401 3969 3415 ⁶

2422 3472 2640 3541 ἀνδρεία
2697 3470 2840 3542 ψυχὴ
2883 3470 3009 3526 νοῦν
3060 3473 3396 3527 ἀποθανόντα
3423 3474 3746 3541 ἀνέστησεν·
3771 3476 3976 3544 ἀκηδία

2421 3562 2478 3614 δὲ
2506 3563 2600 3614 καὶ
2627 3562 2857 3632 ὀκνηρία
2900 3562 3020 3614 ὅλον
3053 3564 3143 3616 τὸν
3187 3563 3411 3618 πλοῦτον
3438 3565 3778 3634 ὲσκόρπισεν.
3821 3566 3974 3630 Ἐνὺς

2422 3654 2517 3706 καὶ
2567 3651 2753 3705 τούτου
2806 3653 2902 3705 καὶ
2943 3654 3159 3707 πάντων
3197 3655 3496 3726 βαρυτάτου
3545 3655 3652 3708 τῶν
3681 3655 3827 3708 ὀκτὼ
3868 3657 3976 3725 τῆς

2422 3735 2616 3807 κακίας
2666 3745 2980 3814 προστατῶν
3037 3745 3368 3814 ὑπάρχοντος
3428 3745 3570 3798 κατὰ
3625 3747 3722 3816 τὴν
3747 3748 3977 3800 ἐκείνων

2420 3833 2760 3901 ἀκολουθίαν,
2809 3835 2903 3888 καὶ
2951 3836 3009 3888 ὲν
3053 3835 3226 3904 τούτῳ
3288 3835 3619 3906 ποιήσωμεν.
3671 3835 3817 3906 Πλὴν
3871 3839 3978 3890 κά-

2423 3927 2566 3975 κεῖνο
2601 3923 3009 3994 προσθήσομενο
3037 3923 3354 3996 ψαλμῳδίας
3390 3925 3464 3994 μὴ
3504 3925 3802 3996 παρούσης.
3833 3927 3978 3996 ἀκη-

2422 4013 2509 4067 δία
2556 4015 2616 4066 οῦ
2655 4015 2901 4083 φαίνεται
2936 4029 2948 4044 ⁸
2987 4018 3083 4067 καὶ
3132 4015 3350 4077 κανόνος
3385 4013 3722 4076 τελεσθέντος
3767 4016 3976 4084 ὀφθαλ-

2427 4107 2518 4177 μοὶ
2540 4105 2936 4178 διηνοίχθησαν.
2977 4107 3064 4159 Ἐν
3087 4105 3260 4176 καιρῷ
3288 4105 3511 4176 ἀκηδίας
3529 4109 3576 4160 οἱ
3598 4105 3815 4176 βιασταὶ
3843 4109 3974 4176 φαίο

2425 4215 2604 4252 νονται
2630 4216 2641 4228 ·
2681 4198 2833 4252 οὐδὲν
2867 4198 2974 4269 γὰρ
3023 4197 3315 4264 στεφάνους
3365 4197 3611 4267 προξενεῖ
3648 4197 3723 4260 ὡς
3769 4199 3979 4267 ἀκηδία.

2427 4289 2660 4359 μοναχῴ.
2692 4291 3054 4360 Κατανόησον,
3075 4290 3166 4341 καὶ
3191 4289 3439 4361 εὑρήσεις
3473 4291 3532 4342 ὲν
3558 4291 3625 4359 τῇ
3657 4291 3841 4342 στάσει
3861 4287 3978 4340 τῶν

2427 4383 2600 4435 ποδῶν
2640 4383 3002 4437 παλαίουσαν’
3040 4382 3132 4434 καὶ
3157 4383 3215 4435 ὲν
3263 4382 3498 4452 καθέδρᾳ
3543 4382 3847 4435 ἀνακλίνειν
3882 4382 3978 4434 δο-

774 4464 972 4518 duntur
990 4462 1369 4535 [aperiuntur].
1393 4463 1603 4517 Acediaa
1623 4473 1857 4529 tempore
1878 4471 2126 4530 apparent
2152 4462 2207 4525 ii,
2232 4460 2325 4530 qui
2357 4468 2402 4524 ι)
2427 4488 2436 4522 ι

2315 4460 2325 4514 ί
2357 4468 2402 4524 D
2427 4471 2664 4540 κιμάζει,
2687 4471 2764 4540 τῷ
2785 4465 2945 4540 τοίχῳ
2973 4470 3063 4524 τὸν
3106 4469 3304 4540 κέλλης
3334 4469 3710 4536 παρακύπτειν
3740 4469 3977 4538 προτρέ-

774 4555 874 4608 sibi
895 4556 998 4607 vim
1025 4555 1260 4608 inferunt
1277 4556 1491 4608 violenti
1514 4571 1529 4609 :
1555 4553 1686 4607 nihil
1707 4553 1846 4605 enim
1868 4562 1948 4606 est
1966 4550 2110 4622 quod
2137 4561 2214 4605 tot
2236 4567 2325 4606 co-

776 4662 935 4700 ronas
971 4647 1141 4715 pariat
1172 4645 1454 4710 mbnacho,
1483 4655 1615 4712 quot
1651 4659 1824 4714 pugna
1847 4658 1968 4697 cum
1991 4642 2194 4698 acedia.
2219 4643 2326 4698 0b-

772 4753 948 4796 serva.
964 4747 1016 4791 et
1032 4737 1394 4805 deprehendes
1415 4735 1482 4789 ab
1499 4735 1609 4799 illa,
1637 4735 1942 4789 insistentes
1971 4735 2192 4803 pedibus
2212 4735 2328 4788 suis

771 4828 1086 4899 oppugnari,
1116 4829 1361 4882 sedentes
1395 4837 1453 4881 ut
1484 4827 1537 4881 in
1570 4826 1716 4881 cella
1742 4828 1969 4894 parietes
1995 4827 2247 4880 inclinent
2272 4834 2326 4878 et

770 4922 1213 4990 circumspiciant
1263 4921 1499 4982 invitari,
1559 4929 1612 4974 et
1655 4920 1934 4985 strepitum
1981 4919 2324 4985 sonitumque

773 5013 997 5081 pedibus
1030 5012 1281 5065 excitent.
1301 5009 1403 5076 Qui
1432 5011 1576 5077 luget
1617 5009 1850 5065 animam
1876 5024 2051 5072 suam,
2085 5009 2218 5062 liber
2245 5017 2327 5063 est

771 5105 841 5158 ab
873 5102 1080 5156 acedia.
1120 5101 1274 5156 Enim
1331 5117 1457 5156 vero
1507 5101 1774 5155 vinciatur
1797 5110 1851 5153 et
1886 5101 1971 5155 hic
1999 5111 2322 5171 tyrannusa

771 5195 1029 5250 memoria
1063 5197 1400 5262 propriorum
1447 5203 1787 5265 peccatorum
1815 5234 1829 5258 ,
1875 5203 1926 5246 et
1952 5195 2323 5249 diverberetur

769 5291 839 5344 ab
861 5304 1024 5358 opere
1059 5303 1316 5342 manuum
1351 5297 1403 5341 et
1443 5287 1641 5349 labore,
1687 5294 1888 5339 tractus
1916 5299 1945 5338 ιι
1977 5285 2318 5340 meditatione

773 5381 1076 5435 futurorum
1120 5382 1416 5439 bonorum,
1456 5386 1511 5431 et
1537 5377 1704 5446 (velut
1751 5376 1815 5430 ad
1849 5374 2101 5441 tribunal)
2133 5378 2315 5431 consi-

771 5482 940 5532 stens,
981 5480 1037 5524 ut
1062 5483 1157 5537 par
1178 5480 1263 5524 est
1284 5469 1637 5538 interrogetur
1667 5485 1680 5521 :
1716 5467 1843 5537 Age,
1867 5465 2050 5531 fatere,
2081 5477 2319 5523 cessator

845 5629 888 5657 ³⁵
918 5626 1103 5682 Matth.
1141 5642 1262 5694 xxv,
1295 5628 1383 5684 36.

2428 4577 2605 4620 πεται.
2633 4560 2834 4628 ψόφους
2880 4559 2974 4612 καὶ
3008 4558 3242 4620 κτύπους
3281 4555 3456 4610 ποδῶν
3491 4556 3716 4610 ποιοῦσα
3737 4573 3752 4587 ’
3780 4558 3809 4608 ό
3837 4556 3978 4609 ἑαυ-

2423 4650 2518 4704 τοῦ
2544 4649 2754 4703 πενθῶν
2778 4649 3001 4720 ἀκηδίαν
3027 4650 3126 4702 οὐκ
3157 4644 3315 4701 οἶδεν.
3351 4648 3662 4719 Δεσμείσθω
3691 4649 3781 4700 καὶ
3816 4645 3976 4713 οὗτος

2423 4741 2452 4791 ὁ
2486 4739 2750 4808 τύραννος
2784 4739 2887 4792 ὑπὸ
2906 4739 3122 4809 μνήμης
3149 4738 3522 4808 πταισμάτων,
3560 4739 3652 4792 καὶ
3683 4739 3976 4794 τυπτέσθω

2425 4831 2851 4902 ὑπἠὲργοχείρου
2878 4849 2892 4862 ·
2920 4829 3212 4902 συρόμενός
3239 4847 3298 4884 τε
3327 4831 3429 4885 ὑπὸ
3463 4831 3670 4893 ἐννοίας
3693 4833 3802 4885 τῶν
3834 4835 3974 4902 μελ-

2424 4923 2619 4978 λόντων
2637 4923 2855 4990 ἀγαθῶν
2871 4963 2887 4988 ,
2931 4925 3024 4976 καὶ
3050 4922 3333 4992 παραστὰς
3359 4925 3427 4976 τὰ
3452 4924 3798 4994 προσήκοντα
3821 4928 3974 4997 ἐρω-

2419 5015 2637 5067 τάσθωο
2667 5014 2807 5082 Λέγε
2850 5013 3031 5066 λοιπὸν
3080 5014 3163 5079 σὺ,
3196 5007 3243 5067 ὦ
3281 5013 3573 5084 παριιμένε
3613 5015 3706 5068 καὶ
3749 5015 3971 5084 ξκλυτε,

2419 5105 2500 5168 τίς
2527 5106 2555 5156 ὁ
2574 5077 2806 5167 τετοκῶς
2840 5121 2898 5157 σε
2942 5077 3165 5169 κακῶς
3190 5105 3333 5169 τίνες
3359 5077 3409 5157 οἱ
3447 5077 3530 5156 σοὶ
3567 5077 3822 5172 ἀπόγονοι
3847 5123 3860 5169 ;
3886 5109 3976 5161 τί-

2420 5212 2506 5258 νες
2541 5195 2598 5249 δὲ
2619 5196 2671 5248 οῖ
2692 5211 2751 5246 σε
2781 5191 3174 5263 πολεμοῦντεςς
3202 5197 3295 5248 καὶ
3322 5194 3408 5256 τίς
3443 5195 3472 5246 ό
3501 5195 3593 5249 σοῦ
3621 5196 3918 5266 ἀναιρέτης
3951 5214 3970 5262 ;

2430 5285 2490 5340 '0
2509 5287 2566 5342 δέ
2594 5303 2778 5357 φησιν,
2816 5284 2904 5339 Ἑν
2922 5285 3030 5347 τοῖς
3065 5283 3162 5356 μὲν
3193 5283 3417 5356 ἀληθείᾳ
3444 5283 3703 5356 ὑπηκόοις
3731 5283 3830 5336 οὐκ
3855 5283 3976 5354 ἔχω

2422 5375 2532 5446 ἐγὼ
2556 5375 2660 5430 ποῦ
2690 5375 2790 5447 τὴν
2833 5373 3072 5446 κεφαλὴν
3101 5375 3309 5429 κλῖναι⁸
3355 5374 3414 5427 ὲν
3455 5369 3538 5440 οἷς
3585 5373 3642 5427 δὲ
3686 5371 3814 5444 ἔχω,
3840 5376 3972 5428 καθ’

2421 5467 2650 5539 ἡσυχίαν
2674 5465 2938 5533 συνδίαγω
2963 5465 3188 5529 τούτοις.
3227 5464 3290 5518 Δί
3314 5464 3372 5519 δὲ
3398 5464 3500 5536 μοῦ
3533 5463 3782 5535 κλήτριαι
3809 5464 3969 5518 πλεῖ-

853 5749 931 5815 (τ)
966 5745 1105 5818 Lege
1137 5744 1410 5816 ἀδόκιμος,
1463 5744 1705 5816 quamvis
1757 5742 1935 5800 omnia
2002 5741 2324 5813 exemplaria
2355 5737 2515 5798 habet

1628 5744 1705 5802 vis
1757 5742 1935 5800 omnia
2002 5741 2324 5813 exemplaria
2355 5737 2553 5798 habent
2576 5738 2815 5808 δόκιμος,
2841 5743 3028 5794 contra
3049 5747 3288 5792 sensum.
