4210 6464
219 381 318 442 861

1227 380 1452 439 SCALA
1490 379 1860 439 PARADISI.
1885 400 1953 411 —
1987 367 2290 436 GRADUS
2321 375 2486 435 X111.

3335 374 3438 433 862

223 508 344 544 σται
370 506 386 523 ο
421 489 549 544 ποτὲ
582 490 680 562 μὲν
708 489 1030 558 ἀναισθησία.
1067 489 1266 560 ψυχῆς,
1333 487 1463 541 ποτὲ
1505 487 1564 541 δὲ
1601 488 1776 557 ἀμνη-
1804 491 1848 548 Α
1876 503 1885 538 ι

1804 491 1848 548 Α
1876 495 1930 541 et
1959 485 2127 554 piger,
2174 485 2298 555 quis
2331 493 2382 538 te
2407 484 2567 539 talem
2591 491 2699 537 tam
2729 482 2868 538 male
2908 481 3093 552 genuit
3133 497 3348 550 parens,
3385 491 3439 535 et

226 582 433 651 μοσύνη
462 579 568 633 τῶν
593 581 704 634 ἄνω
725 595 742 613 ο
770 579 886 633 ἐστι
914 580 972 633 δὲ
1001 581 1089 633 ὅτε
1125 580 1218 632 καὶ
1255 578 1524 650 ὑπερϐολὴ
1559 577 1773 646 καυμά-

219 686 330 723 των
361 671 435 741 (a)
460 688 474 702 ·
499 669 632 742 ἐμοῦ
661 672 913 739 ἀπόγονοι
948 670 1272 741 μεταϐάσεις
1299 669 1479 722 τόπων
1515 669 1612 721 σὺν
1643 667 1772 736 ἐμοὶ

221 763 496 831 γινόμεναι
527 764 604 831 (4)
629 778 642 793 ο
685 763 935 833 παρακοὴ
965 761 1194 832 πατρὸς,
1253 760 1608 832 ἀμνημοσύνη
1653 759 1774 832 κρί-

221 870 364 916 σεως
385 869 400 885 υ
435 853 616 906 ἔστιδὲ
630 855 716 906 ὅτε
739 855 832 906 καὶ
847 854 1158 920 κατάλειψις
1190 853 1284 906 τοῦ
1319 853 1564 920 ἁπαγγέλ
1572 869 1738 922 ματος
1756 868 1772 884 ο

218 945 276 996 αἱ
307 944 441 1013 ἐμοῦ
469 943 748 1007 ἀντίδικοι,
769 944 858 1012 ὑφ’
887 937 961 997 ὧν
999 944 1216 1013 δέδεμαι
1246 943 1360 1008 νῦν,
1378 942 1662 1012 ψαλμῳδία
1679 943 1777 996 σὺν

221 1030 522 1100 ἐργοχείρῳ
548 1047 562 1060 ·
594 1030 725 1100 ἐμοῦ
763 1030 974 1102 ἐχθρὸς,
1007 1031 1238 1085 θανάτου
1268 1031 1443 1083 ἔννοια
1468 1046 1480 1058 ·
1514 1033 1546 1100 ἡ
1579 1030 1636 1083 δὲ
1674 1029 1774 1097 ἐμὲ

221 1120 526 1174 θανατοὺσα
553 1122 652 1190 (5),
684 1122 798 1175 ἐστὶ
835 1121 1108 1192 προσευχὴ
1149 1120 1285 1192 μετὰ
1312 1120 1520 1183 ἐλπίδος
1552 1118 1772 1188 βεϐαίας

215 1210 326 1260 τῶν
356 1210 554 1265 καλῶν.
581 1212 676 1274 Τίς
705 1211 760 1264 δὲ
783 1211 811 1264 ὁ
829 1209 1063 1274 τετοκὼς
1084 1210 1411 1282 προσευχὴν,
1441 1208 1610 1280 αὐτὴν
1635 1209 1772 1278 ἐρω-

215 1318 439 1371 τησατε.

1874 578 1967 648 qui
2006 587 2130 632 sunt
2156 576 2387 645 improbi
2411 584 2630 645 nepotes
2662 573 2764 640 tui,
2803 575 3004 644 quique
3030 575 3212 628 hostes
3239 574 3316 628 tui
3341 574 3436 642 qui

1875 681 1927 725 te
1956 670 2262 739 perimunt?
2298 669 2426 735 Qui,
2449 669 2645 737 inquit,
2681 678 2811 723 sunt
2843 669 3080 738 germani
3123 666 3437 722 obcdientiae

1876 757 2164 825 discipuli,
2218 757 2271 810 in
2331 756 2417 811 his
2462 770 2572 808 non
2633 756 2804 810 habeo
2842 755 2934 809 ubi
2979 755 3232 809 reclinem
3277 763 3435 824 caput

1877 864 2054 901 meum
2085 867 2096 900 :
2133 848 2186 900 in
2225 848 2427 915 quibus
2467 861 2597 901 vero
2631 846 2811 900 locum
2843 846 3036 911 habeo,
3081 856 3207 901 sunt
3244 846 3335 914 qui
3384 845 3436 898 in

1877 940 2166 994 solitudine
2196 947 2495 1004 versantur,
2523 938 2850 1007 quibuscum
2883 940 3019 1009 dego
3050 951 3280 1005 semper.
3309 936 3439 1002 Qua’

1873 1046 2040 1100 porro
2072 1046 2156 1084 me
2181 1031 2342 1100 200
2386 1040 2582 1086 vocant
2608 1039 2662 1084 et
2689 1041 2993 1096 accersunt,
3026 1036 3154 1084 sunt
3174 1029 3436 1097 plurimae.

1871 1117 2175 1188 Aliquando
2205 1127 2293 1174 est
2338 1117 2559 1186 quidam
2597 1117 2766 1172 animi
2810 1126 3016 1187 stupor,
3053 1117 3190 1172 alias
3241 1117 3438 1170 oblivio

1872 1223 2054 1262 rerum
2093 1209 2439 1263 caelestium:
2468 1219 2554 1264 est
2595 1208 2686 1262 ubi
2743 1209 2906 1264 etiam
2952 1208 3264 1277 magnitudo
3291 1207 3436 1260 labo-

1874 1314 1993 1354 rum
2055 1309 2109 1355 et
2135 1299 2398 1354 sudorum
2440 1315 2527 1356 me
2554 1301 2764 1354 invitat.
2810 1299 2912 1355 Mei
2947 1299 3162 1354 demum
3196 1308 3438 1369 nepotes,

213 1392 532 1460 etimproha
562 1394 842 1463 progenies
893 1406 1020 1448 sunt
1051 1395 1292 1447 locorum
1331 1391 1638 1461 frequentes
1672 1387 1998 1443 mutationes
2035 1389 2168 1443 mihi
2201 1389 2491 1459 ingenitae;
2532 1389 2895 1444 inobedientia
2943 1403 3069 1458 erga
3128 1389 3436 1458 religiosum

215 1493 446 1552 patrem,
498 1473 695 1540 oblivio
716 1485 927 1554 judicii.
970 1496 1024 1540 et
1052 1500 1437 1555 nonnunquam
1485 1482 1756 1554 neglectus
1803 1491 2072 1535 votorum.
2126 1482 2432 1537 Adversarii
2473 1482 2578 1536 mei
2617 1491 2798 1536 sunta
2836 1483 3035 1552 quibus
3057 1496 3202 1536 nunc
3226 1480 3436 1538 vinctus

213 1586 422 1644 teneor,
467 1578 763 1646 psalmodia
804 1592 859 1634 et
894 1579 1046 1632 labor
1089 1578 1324 1640 :hostis,
1365 1577 1554 1633 mortis
1598 1574 1892 1630 meditatio.
1925 1573 2056 1640 Quae
2103 1575 2320 1630 demum
2353 1575 2574 1630 omnino
2609 1589 2697 1629 me
2743 1575 2960 1628 conficit
3007 1583 3064 1628 et
3111 1581 3330 1642 mactat,
3355 1579 3436 1628 est

212 1673 391 1726 oratio
422 1688 544 1727 cum
608 1688 704 1742 spe
740 1682 882 1728 certe
933 1671 1237 1728 futurorum
1302 1673 1588 1728 bonorum.
1645 1667 1953 1723 Orationem
1994 1684 2122 1725 vero
2155 1669 2274 1740 quis
2313 1670 2387 1739 (ὁ)
2413 1669 2848 1741 genueritipsam
2874 1669 3218 1738 interregate.

287 1765 716 1836 Τρισκαιδεκάτη
769 1765 915 1836 νίκη,
970 1767 1039 1834 ἢν
1081 1766 1298 1829 δντωςό
1327 1764 1666 1835 κτησάμενος
1717 1763 1775 1814 ὲν
1804 1767 1848 1821 Β
1945 1775 1949 1803 ¹

1773 1767 1848 1821 ΙΒ
1945 1759 2048 1827 Qui
2080 1762 2219 1817 hanc
2275 1763 2486 1816 tertiam
2531 1762 2795 1816 decimam
2823 1760 3103 1814 victoriam
3135 1760 3202 1816 de
3254 1759 3435 1816 acedia

212 1857 398 1914 παντὶ.
421 1857 637 1927 δόκιμος
668 1857 969 1927 κατέστηκε
991 1857 1157 1928 καλῷ.

561 1989 859 2043 ΣΧΟΛΙΟΝ
887 1989 995 2042 ΕΙΣ
1038 1990 1262 2045 ΛΟΓΟΝ
1291 1990 1389 2043 ll".

751 2125 891 2191 Περὶ
955 2123 1232 2190 ἀκηδίας.

825 2217 1084 2284 Σχόλιον
1116 2223 1184 2270 α’.

281 2306 402 2356 ’Ὁτι
438 2306 470 2374 ἡ
503 2305 700 2375 ἁκηδία
728 2320 786 2358 εν
821 2304 1150 2374 προσευχαῖς
1185 2303 1280 2356 καὶ
1312 2302 1646 2374 ψαλμῳδίαις
1676 2304 1769 2356 ἀν·-

203 2395 487 2468 δραγαθεί,
521 2394 800 2449 ὑπτιοῦται
831 2395 886 2448 δὲ
914 2395 1006 2449 καὶ
1023 2396 1466 2467 καταρρήγνυται
1491 2396 1550 2448 ὲν
1586 2395 1760 2448 διακο-

203 2489 351 2552 νίαις
396 2490 492 2541 καὶ
544 2487 878 2559 ὲργοχείρῳο
911 2488 1006 2541 καὶ
1052 2487 1274 2558 θρασεῖς
1327 2486 1424 2557 μὲν
1474 2487 1768 2557 ἐργάζεται

201 2578 336 2641 τοὺς
389 2578 640 2648 χαύνους,
685 2578 963 2648 ὑπἀὑτῆς
1000 2577 1458 2648 πολεμουμένους,
1483 2577 1770 2645 ἐκλελυμέ-

201 2687 330 2734 νους
351 2671 407 2723 δὲ
432 2673 569 2740 πρὸς
600 2669 693 2735 οὓς
714 2669 781 2724 τὰ
828 2672 1114 2742 νικητήρια
1158 2670 1330 2740 ἔσχεν.

692 2849 880 2902 ’Ἄλλο
914 2849 1284 2902 Balatro-Iov.

291 2941 517 3012 Ἀκηδία
546 2942 693 2994 ἐστὶν
722 2939 982 3010 ὀλιγωρία
1023 2940 1202 3009 ψυχῆς
1223 2957 1234 2969 °
1261 2939 1515 3012 ὀλιγωρεῖ
1541 2939 1598 2994 δὲ
1623 2939 1770 3010 ψυχὴ

204 3033 519 3105 φιληδονίαν
549 3032 799 3086 νοσοῦσα.

949 3124 1150 3176 "Ar-31.20.

285 3214 495 3284 Ἰησοῦν
523 3216 750 3284 ἀγαπῶν
779 3215 1112 3285 γυμνάζεται
1161 3217 1218 3268 ὲν
1248 3215 1460 3278 πόνοις·
1494 3232 1761 3287 καρτερια

194 3305 256 3358 δὲ
298 3309 477 3358 πόνων
524 3305 766 3360 ἐκδιώκει
808 3305 1056 3378 ἀκηδίαν.
1089 3307 1153 3358 Ἣ
1186 3306 1382 3377 άκηδία
1416 3308 1480 3359 ἐκ
1507 3307 1598 3360 τοῦ
1632 3325 1760 3377 μετ-

195 3394 480 3466 εωρισμοῦ
522 3396 620 3465 τῆς
658 3396 916 3460 διανοίας,
956 3396 1049 3448 καὶ⁵
1095 3397 1123 3449 6
1171 3397 1542 3466 μετεωρισμὸς
1567 3399 1628 3450 ὲκ
1665 3400 1764 3467 τῆς

193 3485 400 3555 ἀργίας
427 3485 532 3537 τῶν
557 3484 756 3556 ἔργων,
781 3486 874 3538 καὶ
912 3486 975 3537 ἐκ
1005 3487 1103 3553 τῆς
1141 3485 1517 3554 ἀναγνώσεως,
1546 3487 1640 3540 καὶ
1664 3489 1761 3559 τῆς

197 3575 439 3638 ματαίας
465 3576 820 3646 συντυχίας,ἢ
850 3577 957 3629 ἀπὸ
977 3577 1208 3647 γαστρὸς
1241 3578 1688 3649 πεπληρωμένης.

792 3667 1048 3732 meum
1092 3665 1154 3734 β’.

270 3757 420 3820 ’Ἕως
455 3757 520 3809 ἂν
547 3756 712 3820 πάθος
761 3759 840 3820 εἰς
887 3756 998 3820 ἕξιν
1039 3757 1200 3822 ἔλθοι,
1241 3758 1482 3828 σφοδρῶς
1515 3761 1564 3813 οἱ
1604 3761 1759 3815 πολέ-

197 3866 314 3917 μιοι
339 3849 683 3901 συνίστανται
702 3864 716 3877 ο
750 3847 885 3901 ἐπάν
914 3848 970 3901 δὲ
1000 3851 1056 3901 ἐν
1080 3848 1190 3913 ἕξει
1223 3852 1290 3921 τῇ
1319 3850 1578 3922 συνηθείᾳ
1593 3853 1758 3922 γένη·

191 3956 314 4003 ται,
353 3938 667 4009 μετριοὺται
708 3940 736 3992 6
769 3940 1003 4010 πόλεμος
1027 3955 1041 3970 °
1069 3942 1162 3994 xui.
1201 3941 1234 4012 ἡ
1285 3942 1540 4012 συνήθεια
1578 3944 1647 3997 τὰ
1672 3944 1758 3997 δο-

193 4029 404 4082 κοῦντα
460 4029 761 4094 εὑθυὸὀλως
805 4031 1078 4085 ὲπιτελεῖ’
1130 4033 1236 4086 τῶν
1279 4034 1618 4104 ἡττηθέντων
1665 4031 1757 4089 οὖν

194 4117 584 4188 ὑποχωροῦσι’
621 4119 920 4190 πολεμοῦσι
968 4121 1025 4173 δὲ
1068 4123 1193 4185 τοὺς
1235 4123 1758 4194 ἁνταγωνιζομένους

193 4204 482 4277 κραταιῶς
507 4221 520 4234 ⁸
559 4205 834 4278 δύσμαχος
875 4208 1057 4263 τοίνυν
1080 4205 1237 4274 οὖσα,
1284 4212 1422 4265 κατά
1451 4212 1557 4265 τῶν
1601 4214 1756 4284 εὑχο-

196 4297 402 4367 μένων,
453 4297 546 4350 καὶ
581 4297 910 4367 ψαλλόντων,
958 4301 1054 4354 καὶ
1096 4301 1473 4373 ἡσυχαζόντων
1504 4304 1759 4359 καθοπλί-

193 4387 376 4451 ζεται,
454 4390 548 4441 καὶ
595 4390 904 4461 ἁνδριοῦται
935 4408 949 4423 ο
1003 4393 1116 4446 ἐσθ’
1168 4394 1256 4447 ὅτε
1305 4395 1362 4448 δὲ
1415 4397 1506 4450 καὶ
1559 4397 1757 4471 ἀνδρα-

191 4481 377 4548 γαθεῖ.

781 4754 1040 4820 Σχόιῑιον
1073 4761 1143 4823 γ’.

279 4840 632 4913 Ἑγκαρτέρει
663 4845 720 4896 ὲν
752 4837 796 4911 ᾧ
834 4845 1037 4918 καθέζῃ
1064 4847 1212 4918 τόπῳ
1249 4850 1313 4920 τῇ
1343 4849 1602 4922 ὀλιγωρίᾳ
1630 4855 1755 4908 ἅνθ-

187 4934 486 5002 ιιιτάμενος
505 4949 520 4962 ⁸
558 4935 617 4986 οὑ
673 4935 780 5004 γάρ
809 4937 872 4988 ὲν
892 4939 958 5006 τῇ
990 4939 1279 5007 μεταδάσει
1310 4941 1405 4995 καὶ
1429 4945 1754 5013 μεταστάσει

186 5021 486 5092 ἐξημεροίς
507 5021 575 5074 τὰ
597 5021 761 5092 πάθη,
788 5022 902 5076 ἀλλ’
935 5029 991 5076 ἐν
1019 5029 1084 5096 τῇ
1106 5026 1198 5080 τοῦ
1225 5027 1316 5081 νοῦ
1340 5036 1596 5102 προσοχῇ·
1620 5033 1753 5088 ὑπο-

184 5111 364 5182 μονῆς
399 5111 596 5180 ἔχομεν
630 5113 837 5182 χρείαν,
865 5115 954 5168 ἵνα
977 5116 1038 5169 τὸ
1061 5117 1267 5189 θέλημα
1303 5121 1395 5174 τοῦ
1427 5123 1559 5176 Θεοῦ
1601 5129 1753 5196 ποιή-

183 5221 391 5263 σαντες
436 5203 686 5274 τύχωμεν
730 5205 838 5258 τῶν
896 5209 1234 5277 ἐπαγγελιῶν
1257 5230 1271 5244 ·
1307 5215 1336 5265 ό
1359 5213 1417 5266 δὲ
1452 5217 1517 5285 τῇ
1559 5217 1755 5290 ἀκηδίᾳ

182 5294 762 5364 συμπεριφερόμενος,
785 5299 1001 5370 μακράν
1027 5302 1299 5372 ἀφέστηκε
1331 5303 1429 5374 τῆς
1453 5305 1750 5378 ὑπομονῆς,

177 5387 450 5456 καθάπερ
495 5388 588 5440 καὶ
617 5390 646 5442 6
676 5391 848 5443 νοσῶν
903 5391 1001 5460 τῆς
1055 5394 1258 5462 ὑγείας.
1291 5394 1500 5451 Οὐκοῦν
1551 5401 1648 5454 οὑκ
1695 5405 1751 5455 ὲν

175 5484 252 5548 τῇ
291 5480 496 5550 ἀκηδίᾳ
524 5482 555 5550 ἡ
584 5483 772 5554 ἁρετὴ,
803 5483 916 5536 ἀλλ’
947 5487 1004 5536 ἐν
1035 5489 1100 5557 τῇ
1131 5489 1372 5562 ὑπομονῇ
1395 5493 1714 5568 γνωρίζεται
1735 5512 1750 5527 ·

180 5574 215 5640 ἡ
255 5571 315 5623 δὲ
372 5571 618 5641 ὑπομονὴ
671 5574 1036 5647 ἀνανεουμένη
1068 5579 1389 5650 κρατύνεται
1438 5585 1494 5638 ἐν
1537 5586 1614 5657 τῷ
1663 5589 1753 5659 τὴν

259 5766 347 5836 (α)
376 5771 638 5840 καμάτων
667 5771 866 5829 habent
895 5778 1243 5848 exemplaria.

1789 3125 1836 3188 C

1868 1851 2081 1919 retulit,
2119 1850 2174 1906 in
2203 1853 2351 1906 omni
2387 1851 2646 1905 virtutum
2677 1864 2870 1919 genere
2894 1849 3129 1904 excellit.

2195 1979 2483 2036 SCIIOLIA
2522 1981 2614 2035 AD
2641 1979 2927 2036 GRADUM
2975 1979 3114 2035 Klll.

2295 2117 2372 2171 De
2417 2117 2629 2187 pigriiia
2665 2133 2755 2171 seu
2797 2119 3000 2173 acedia.

2497 2203 2747 2259 Scholion
2776 2205 2828 2260 1.

1937 2293 2158 2366 Pigritia
2207 2309 2303 2351 seu
2355 2296 2538 2351 acedia
2591 2296 2906 2351 dominatur
2953 2296 3095 2352 inter
3140 2312 3328 2367 preces
3385 2310 3432 2352 et

1869 2390 2202 2461 psalmorum
2237 2389 2671 2443 decantationem
2721 2406 2736 2442 :
2783 2389 3058 2444 extollitur
3129 2400 3182 2444 et
3226 2399 3434 2444 tantum

1871 2499 1979 2538 non
2027 2482 2297 2552 rumpitur
2329 2481 2381 2535 in
2411 2481 2692 2536 subeundo
2723 2482 3027 2536 tninisterio
3077 2489 3134 2537 et
3162 2496 3325 2551 opere
3363 2483 3432 2537 la-

1869 2574 2109 2643 boreque
2137 2573 2408 2644 corporis,
2431 2582 2485 2628 et
2507 2572 2771 2642 superbos
2806 2573 3023 2643 quidem
3055 2572 3181 2629 facit
3201 2575 3435 2630 audaces

1871 2666 1967 2736 qui
1991 2666 2094 2721 sub
2117 2666 2231 2736 ipsa
2258 2665 2527 2736 stipendia
2563 2664 2769 2720 faciunt
2803 2684 2818 2721 :
2847 2665 3055 2722 solutos
3081 2673 3264 2722 autem
3293 2667 3433 2728 illos.

1870 2773 2008 2827 quos
2043 2758 2159 2827 jam
2191 2757 2563 2827 triumphavit.

2415 2848 2575 2903 Aliud
2626 2849 2909 2905 Thalassii.

1945 2940 2146 2996 Acedia
2172 2948 2257 2996 est
2302 2941 2482 3012 inopia
2513 2941 2728 3005 animae,
2769 2944 2927 3013 inops
2976 2951 3156 2999 autem
3187 2945 3433 2999 mendica

1869 3041 1953 3089 est
1985 3032 2188 3099 anima,
2233 3049 2353 3104 qua:
2400 3034 2730 3104 voluptatum
2767 3035 2966 3091 atl'ectu
3000 3037 3228 3093 laborat.

2571 3124 2753 3179 Aliud.

1933 3209 2036 3278 Qui
2075 3212 2259 3268 Jesum
2299 3223 2478 3279 amat,
2512 3226 2728 3271 exercet
2759 3232 2818 3272 se
2853 3218 3151 3285 laboribus,
3184 3219 3431 3276 laborum

1863 3315 2043 3361 autem
2074 3308 2329 3377 patientia
2369 3309 2644 3378 pigritiam
2683 3310 3002 3368 insectatur.
3034 3313 3232 3368 Acedia
3260 3315 3431 3369 oritur

1862 3410 1929 3450 ex
1951 3397 2184 3451 elatione
2216 3397 2422 3462 animi,
2461 3399 2624 3454 elatio
2666 3416 2732 3455 ex
2776 3402 3022 3456 laborum
3062 3405 3339 3460 vacatione
3379 3416 3434 3461 et

1862 3486 2121 3550 lectione,
2153 3503 2295 3542 vano
2327 3489 2619 3559 colloquio,
2667 3501 2761 3546 aut
2783 3507 2850 3546 ex
2880 3493 3089 3549 ventris
3127 3496 3314 3566 repleti
3345 3495 3431 3553 in-

1862 3578 2064 3649 gluvie.

2313 3672 2470 3742 201
2521 3672 2775 3728 Scholion
2803 3674 2860 3728 2.

1928 3762 2116 3828 Quoad
2147 3763 2335 3818 vitium
2380 3765 2438 3819 in
2479 3781 2638 3821 usum
2687 3773 2740 3821 et
2804 3766 3048 3822 habitum
3093 3768 3426 3836 deducatur,

1857 3853 2202 3908 vehementer
2224 3855 2406 3911 hostes
2435 3864 2626 3927 urgent
2651 3868 2703 3912 et
2725 3857 2957 3924 instant;
2988 3870 3272 3930 postquam
3300 3877 3429 3916 vero

1857 3943 1914 3999 in
1969 3943 2216 3998 habitum
2269 3961 2334 4000 ex
2395 3946 2785 4002 consuetudine
2819 3957 2902 4003 est
2934 3948 3220 4003 deductum
3248 3989 3263 4014 ,
3311 3957 3426 4004 tum

1859 4043 2161 4104 temperant
2209 4051 2443 4107 pugnam
2479 4056 2494 4091 :
2526 4039 2862 4094 consuetudo
2895 4041 3038 4094 enim
3085 4051 3329 4110 prompte
3363 4057 3428 4095 ea

1855 4143 1976 4197 qua:
1999 4128 2235 4198 placent,
2262 4129 2608 4200 exsequitur;
2635 4147 2663 4186 a
2691 4132 2848 4187 victis
2878 4147 3006 4202 ergo
3031 4149 3088 4188 se
3117 4133 3429 4189 subducunt

1857 4221 2072 4291 (nempe
2108 4237 2138 4275 a
2165 4221 2344 4292 suis);
2376 4234 2740 4294 repugnantes
2787 4234 2970 4281 autem
3016 4233 3069 4280 et
3104 4227 3428 4282 reluctantes

1857 4313 2122 4367 acerrime
2164 4325 2494 4384 oppugnant.
2547 4313 2683 4370 Cum
2721 4331 2850 4388 ergo
2894 4332 3034 4388 aegre
3069 4331 3420 4388 expugnetur,

1860 4403 2094 4475 insurgit
2119 4405 2460 4476 potissimum
2484 4408 2744 4463 adversus
2772 4424 2867 4464 eos
2892 4409 2986 4481 qui
3019 4411 3269 4480 precibus
3297 4411 3430 4467 dant

1861 4512 2078 4567 operam
2131 4507 2184 4552 et
2217 4498 2558 4568 psalmodia,
2610 4509 2665 4554 et
2700 4501 2868 4557 vitam
2902 4503 3200 4559 solitariam
3241 4514 3424 4575 agunt,

1863 4604 2001 4660 quos
2023 4589 2274 4645 omnibus
2314 4589 2482 4647 armis
2529 4603 2820 4664 oppugnat
2852 4602 2907 4650 et
2941 4595 3170 4664 viribus,
3223 4605 3278 4652 et
3320 4605 3423 4663 est,

1864 4692 1987 4731 cum
2016 4677 2180 4732 etiam
2202 4677 2388 4734 vincit.

2425 4765 2675 4824 Scholion
2697 4771 2750 4826 3.

1928 4855 2221 4914 Persevera
2275 4859 2329 4914 in
2381 4860 2502 4916 loco
2543 4863 2599 4916 in
2642 4879 2751 4932 quo
2791 4863 3014 4931 resides,
3065 4875 3119 4921 et
3163 4868 3425 4925 adversus

1859 4949 2234 5019 negligentiam
2267 4950 2472 5007 luctare
2499 4972 2512 5007 :
2542 4969 2715 5022 neque
2750 4957 2894 5010 enim
2935 4956 3188 5013 ferociam
3215 4962 3423 5030 passio-

1857 5054 1986 5092 num
2018 5041 2310 5097 mutatione
2333 5051 2387 5097 et
2416 5045 2734 5099 transitione
2760 5046 2998 5102 locorum
3019 5050 3309 5120 migitabis,
3329 5054 3421 5108 sed

1859 5132 2057 5186 mentis
2083 5132 2416 5197 attentione,
2452 5136 2708 5204 patientia
2760 5137 2915 5192 nobis
2957 5141 3259 5195 necessaria
3315 5151 3419 5206 est,

1857 5229 1918 5274 ut
1949 5218 2042 5274 Dei
2081 5222 2407 5278 voluntatem
2433 5225 2796 5295 perficiamus,
2829 5235 2884 5283 et
2924 5229 3126 5285 Christi
3175 5233 3416 5300 promis-

1857 5313 2037 5370 siones
2075 5331 2429 5385 assequamur
2457 5335 2471 5384 ;
2499 5319 2591 5389 qui
2623 5329 2801 5374 autem
2850 5321 2920 5377 ab
2951 5324 3133 5377 acedia
3183 5325 3416 5379 circum-

1857 5404 2055 5473 agitur,
2096 5406 2281 5476 procul
2317 5407 2470 5464 abest
2503 5425 2535 5464 a
2568 5409 2872 5478 tolerantia,
2916 5413 3057 5469 sicut
3083 5423 3140 5469 et
3169 5431 3306 5485 aeger
3351 5418 3418 5472 ab

1859 5496 2108 5553 Sanitatc.
2165 5498 2278 5552 Non
2307 5515 2435 5571 ergo
2469 5501 2522 5555 in
2555 5501 2792 5572 pigritia,
2833 5505 2925 5559 sed
2957 5505 3014 5561 in
3042 5506 3296 5576 patientia
3323 5522 3417 5560 co-

1861 5590 2142 5660 gnoscitur
2174 5610 2186 5646 :
2215 5592 2470 5662 patientia
2501 5604 2682 5651 autem
2720 5607 2977 5656 renovata
3033 5600 3275 5658 redditur
3301 5598 3416 5658 for--

1933 5790 2006 5861 (ὁ)
2041 5789 2170 5849 Vide
2194 5793 2458 5850 scholium
2484 5795 2748 5853 Graecum.
