4210 6464
166 415 270 477 869

1204 413 1429 472 SCALA
1452 405 1821 472 PARADISI.
1849 426 1914 437 ·-
1939 401 2240 461 GRADUS
2271 400 2418 461 XIV.

3250 407 3367 468 870'

171 521 267 575 σοῦ
296 519 565 574 Δεσπότου
600 519 675 590 μὴ
706 518 888 592 παύσῃ
930 519 1149 574 ἑννοῶνο
1190 524 1285 575 καὶ
1312 524 1523 582 πάντως
1553 522 1587 589 ἦ
1614 522 1703 586 ἐγ-

1803 512 2056 573 distento,
2115 511 2257 563 nullo
2312 510 2457 561 illum
2510 509 2719 579 negotio
2784 510 2965 565 vinccs
3001 521 3052 565 et
3113 511 3350 581 dejicivs-

170 611 468 683 κρατεύση,
495 610 529 678 ἢ
563 610 850 674 στενάξεις,
880 611 911 680 ἢ
948 612 1037 664 καὶ
1067 613 1442 681 ταπεινότερον
1470 612 1707 680 ποιήσεις

165 703 225 755 τὸ
253 704 527 772 φρόνημα.
555 703 645 772 Μὴ
675 703 877 764 πλανῶ,
911 704 970 756 οὑ
999 704 1071 773 μὴ
1092 703 1183 756 τοῦ
1210 705 1404 775 Φαραὼ
1423 704 1709 774 ἐλευθεριο-

166 791 329 862 θήσῃ,
355 791 473 845 οὐδὲ
500 792 558 844 τὸ
587 793 699 845 ἄνω
739 794 923 862 Πάσχα
953 792 1137 861 θεάσῃ,
1168 794 1232 845 ἂν
1263 796 1322 846 οὐ
1349 794 1594 862 πικρίδας
1621 793 1711 844 καὶ

164 883 349 949 ἄζυμα
398 883 574 954 φάγῃς
614 881 857 953 [γεύσῃς]
900 882 989 933 διὰ
1036 884 1253 945 παντός.
1292 884 1539 951 Πικρίδες
1566 883 1710 936 ἐστὶν

166 974 200 1042 ή
219 976 319 1042 τῆς
342 974 591 1041 νηστείας
616 974 706 1043 βία
732 974 824 1025 καὶ
849 973 1006 1035 πόνος
1040 988 1054 1001 ·
1081 972 1263 1042 ἄζυμα
1288 974 1365 1035 δὲ,
1401 975 1460 1026 τὸ
1488 975 1561 1043 μὴ
1611 992 1711 1041 φυ-

168 1059 411 1129 σώμενον
438 1061 719 1130 φρόνημα·
757 1063 821 1129 τῇ
858 1063 920 1130 σῇ
954 1062 1190 1131 ἀναπνοῇ
1225 1062 1636 1131 συγκολληθήτω
1682 1065 1710 1115 ὁ

165 1152 319 1219 λόγος
346 1150 438 1204 τοῦ
472 1150 717 1219 λέγοντος
741 1166 755 1182 ⁸
802 1152 945 1220 Ἐγὼ
964 1150 1030 1203 δὲ
1067 1152 1137 1203 ἐν
1180 1150 1253 1214 τῷ
1304 1155 1426 1213 τοὺς
1455 1153 1709 1220 δαίμονας

164 1244 560 1311 παρενοχλεῖν
584 1258 720 1311 μοι,
778 1242 1103 1311 ἐνεδυόμηι·
1145 1243 1253 1313 (Si)
1296 1244 1550 1296 σάκκοι-ο
1612 1245 1709 1297 καὶ

163 1334 520 1388 ἐταπείνουν
558 1333 627 1385 ἐν
664 1335 912 1401 νηστείᾳ
957 1334 1068 1401 τὴν
1100 1334 1308 1402 ψυχήν
1333 1354 1448 1402 μου
1476 1353 1486 1364 ·
1529 1338 1624 1388 καί
1652 1337 1708 1403 Δἡ

164 1424 472 1493 προσευχή
509 1442 627 1492 μου
659 1427 745 1489 είς
771 1429 997 1477 κόλπον
1034 1425 1239 1493 ψυχῆς
1253 1445 1369 1494 μου
1394 1426 1709 1493 erexi/lun-

164 1530 251 1567 to.
304 1514 414 1583 (22)
448 1514 687 1583 Νηστεία
726 1516 842 1567 ἐστὶ
884 1516 972 1585 βία
1033 1518 1264 1584 φύσεως,
1310 1518 1403 1570 καὶ
1441 1519 1708 1588 περιτομὴ

164 1601 424 1670 ἠδύτητος
474 1601 783 1670 λάρυγγος,
835 1602 1129 1674 πυρώσεως
1183 1603 1412 1674 ἑκτομὴ,
1458 1605 1709 1674 πονηρῶν

164 1693 382 1744 ἐννοιῶν
404 1695 632 1761 ὲκκοπὴ,
676 1693 1053 1762 ἑνυπνιασμῶν
1078 1694 1373 1763 ἐλευθερία,
1401 1696 1709 1765 προσευχῆς

166 1782 705 1854 καθαρότης·ψυχῆς
754 1783 993 1853 φωστὴρ,
1056 1784 1173 1847 νοὸς
1218 1784 1467 1855 φυλακή·
1517 1786 1710 1855 πωρὼ-

166 1886 303 1931 σεως
341 1869 513 1932 λῦσις,
540 1870 876 1935 κατανύξεως
914 1870 1074 1941 θύρα,
1108 1873 1405 1941 στεναγμὸς
1433 1874 1709 1938 ταπεινὸς,

167 1962 501 2032 συντριμμὸ’ς
527 1962 1052 2034 ί).αρδς,πο>.υλογίας
1081 1963 1267 2034 ἀργία,
1294 1965 1520 2035 ἡσυχίας
1548 1965 1713 2036 ἀψορ-

168 2051 268 2121 μὴ,
304 2050 545 2119 ὑπακοῆς
572 2049 767 2118 φύλαξ,
798 2050 963 2103 ὕπνου
1004 2051 1320 2119 κουφισμὸς,
1351 2050 1507 2119 ὑγεία
1532 2050 1714 2120 σῶμα·

162 2158 285 2203 τος,
334 2139 600 2202 ἀπαθείας
664 2140 938 2210 πρόξενος,
1010 2140 1417 2210 ἁμαρτημάτων
1491 2140 1712 2208 ἄφεσις·

167 2230 280 2301 (25)
322 2230 644 2301 παραδείσου
669 2230 805 2300 θύρα
839 2230 931 2282 καὶ
966 2232 1161 2301 τρυφή.
1199 2230 1605 2301 ’Δπαιτήσωμεν
1622 2230 1717 2283 καὶ

165 2320 374 2384 τοῦτον,
414 2320 609 2390 μᾶλλον
644 2320 699 2372 δὲ
734 2320 840 2390 πρὸ
880 2319 1100 2373 πάντων
1124 2319 1326 2383 τούτων
1361 2320 1451 2373 τὸν
1477 2320 1715 2391 προστά-

166 2430 269 2481 την
300 2413 408 2464 τῶν
430 2412 625 2465 κακῶν
668 2412 823 2481 ἡμῶν
844 2412 1116 2482 πολέμιον,
1142 2412 1241 2481 τὴν
1266 2411 1433 2482 θύραν
1469 2412 1578 2465 τῶν
1614 2428 1719 2465 πα-

111 2501 310 2568 m,
340 2502 439 2573 τὴν
490 2502 696 2555 πτῶσιν
740 2502 832 2555 τοῦ
881 2502 1071 2572 Ἀδὰμ,
1112 2502 1209 2572 τὴν
1249 2504 1343 2557 τοῦ
1409 2502 1578 2556 Ἠσαῦ
1612 2504 1719 2556 ἀπ-

169 2572 403 2660 ώλειαν,
446 2595 554 2647 τῶν
608 2593 950 2665 Ἰσραηλιτῶν
980 2595 1069 2647 τὸν
1094 2593 1329 2664 δλεθρον,
1360 2594 1455 2665 τὴν
1478 2594 1569 2647 τοῦ
1595 2594 1715 2647 Νῶε

165 2685 536 2755 ἀσχημοθέαν,
557 2683 657 2756 τὴν
691 2683 801 2737 τῶν
829 2684 1119 2755 Γομόρῤων
1160 2685 1440 2755 προδότην,
1488 2685 1585 2756 τὴν
1624 2685 1717 2739 τοῦ

165 2772 288 2827 Λὼτ
316 2774 542 2844 μέμψιν,
586 2767 686 2842 την
718 2773 826 2826 τῶν
855 2773 989 2826 υίῶν
1023 2773 1169 2826 Ἠλεὶ
1204 2773 1296 2826 τοῦ
1329 2774 1512 2843 ἱερέως
1542 2773 1719 2839 ὲξολό-

166 2861 413 2931 θρευσιν,
462 2863 561 2932 τὴν
600 2861 711 2914 τῶν
747 2860 1033 2931 μολυσμῶν
1072 2861 1421 2931 χειραγωγὸν.
1468 2860 1633 2913 Πόθεν
1664 2860 1720 2913 δὲ

162 2952 429 3013 τίκτεται,
445 2951 537 3004 καὶ
558 2952 701 3014 τίνες
722 2951 771 3003 οί
798 2951 1002 3020 ταύτης
1042 2950 1324 3019 ἀπόγονοι;
1360 2951 1454 3012 Τίς
1476 2968 1536 3004 τε
1554 2953 1581 3005 ό
1606 2968 1725 3003 συν-

160 3044 371 3115 τρίϐων
396 3044 599 3112 abripi;
630 3042 737 3096 Καὶ
770 3041 855 3105 τίς
878 3044 908 3096 ό
935 3040 1212 3096 ἀπολλύων
1237 3042 1405 3112 αὐτὴν
1428 3045 1505 3104 είς
1531 3044 1716 3109 τέλος;

1810 593 1949 664 Ergo
2004 596 2176 649 malus
2213 596 2301 649 ille
2356 596 2565 649 veneris
2602 597 2834 661 satelles,
2871 600 2958 651 ubi
2986 599 3153 659 venit,
3190 600 3347 661 ridet,

1808 694 1861 740 et
1887 686 2117 755 primum
2146 701 2239 755 per
2265 700 2511 740 somnum
2547 687 2737 741 vinctis
2767 690 3016 742 manibus
3039 700 3091 742 ct
3109 689 3354 758 pedibus,

1808 776 2001 831 deinde
2053 776 2310 845 quidquid
2364 774 2664 839 lihetlacit,
2720 778 3062 847 animamque
3108 779 3265 831 simul
3303 786 3358 830 et

1808 883 2004 937 corpus
2049 868 2203 921 {tedis
2252 868 2500 922 sordibus
2543 878 2597 921 et
2627 870 3041 937 phantasmatis.
3083 870 3357 922 obscenis-

1809 972 1911 1025 que
1936 956 2472 1026 egestis’humoribus
2503 956 2748 1026 inquinat
2776 967 2828 1009 et
2858 967 3199 1025 conspurcat.
3233 958 3357 1008 Stu-

1808 1046 2038 1115 pendum
2060 1057 2141 1099 est
2171 1045 2350 1099 videre
2381 1061 2489 1116 quo
2522 1058 2677 1116 pacto
2706 1064 2854 1099 mens
2888 1049 2955 1099 ali
2983 1048 3126 1099 oiuni
3164 1063 3353 1115 corpo-

1808 1138 1882 1190 ris
1931 1136 2268 1190 concretione
2307 1136 2509 1198 libera,
2553 1152 2581 1189 ει
2611 1151 2834 1204 corpore
2888 1148 3059 1189 tamen
3110 1138 3356 1204 inquine-

1809 1235 1894 1279 tur
1923 1235 1977 1281 ct
2005 1227 2319 1280 obscuretur
2352 1243 2365 1280 :
2405 1235 2458 1280 ct
2489 1236 2673 1280 contra
2714 1242 2806 1295 per
2833 1243 3044 1280 C(Imnln
3078 1237 3129 1279 et
3166 1229 3356 1293 lutum,

1808 1317 1860 1371 id
1888 1319 2031 1386 quod
2082 1318 2196 1372 sine
2237 1318 2456 1371 materia
2485 1326 2537 1373 et
2575 1334 2802 1386 corpore
2835 1327 2935 1380 est,
2983 1334 3195 1370 rursum
3231 1334 3359 1384 pur—

1807 1420 1961 1479 getur
2000 1420 2053 1463 et
2107 1419 2441 1463 extenuetur.
2487 1408 2541 1462 Si
2572 1410 2787 1464 Christo
2825 1426 2916 1477 per
2965 1420 3247 1476 angustam
3308 1418 3360 1461 et

1808 1515 2052 1569 asperam
2084 1502 2223 1553 viam
2273 1482 2599 1554 ambulando
2652 1502 2992 1553 adluesurnni
3027 1511 3075 1553 te
3118 1502 3361 1567 promisi-

1809 1594 1898 1655 sti,
1928 1606 2117 1646 coercc
2148 1602 2383 1646 ventrem
2416 1599 2569 1643 tuum
2601 1608 2615 1641 :
2646 1592 2787 1644 hunc
2824 1591 2964 1643 enim
3018 1592 3062 1643 si
3097 1591 3230 1643 bene
3266 1606 3361 1643 cu-

1810 1682 2035 1740 rat-eris.
2067 1691 2119 1735 et
2149 1682 2451 1749 saginatum
2499 1680 2824 1742 cxtenderis,
2866 1689 3015 1747 pacta
3047 1695 3166 1733 eum
3212 1679 3364 1733 Chri-

1811 1782 1894 1826 sto
1927 1771 2056 1825 inita
2094 1771 2377 1826 rescidisti.
2420 1769 2669 1833 Attende,
2693 1776 2746 1821 et
2784 1770 2970 1824 audies
3001 1779 3303 1823 mouentem
3347 1781 3362 1820 :

1814 1863 1949 1917 Lata
1977 1873 2023 1917 et
2055 1866 2286 1931 spatiosa
2342 1864 2425 1915 via
2455 1870 2532 1916 est
2572 1862 2761 1913 ventris
2799 1876 2914 1929 quae
2971 1862 3035 1914 ad
3089 1861 3363 1914 interitum

1812 1956 2039 2012 luxuria:
2061 1958 2285 2021 deducit,
2316 1966 2363 2011 et
2401 1956 2548 2008 multi
2576 1964 2692 2008 sunt
2723 1956 2809 2023 qui
2836 1956 3033 2007 intrant
3054 1970 3143 2022 per
3163 1954 3360 2007 eam".

1812 2050 1985 2116 Quam
2038 2058 2262 2118 angusta
2296 2057 2348 2102 et
2380 2057 2527 2101 arcta
2578 2056 2661 2100 est
2709 2046 2791 2099 via
2850 2046 3207 2108 ahstinentim,
3247 2059 3365 2113 qua:

1814 2142 1964 2197 ducit
1985 2140 2050 2195 ad
2074 2142 2233 2194 vitam
2264 2138 2549 2201 castitatis,
2594 2146 2647 2191 et
2680 2138 2832 2205 pauci
2867 2147 3012 2200 sinit,
3043 2138 3134 2204 qui
3167 2138 3367 2189 intrant

1813 2246 1908 2301 per
1928 2246 2070 2287 eam.
2116 2230 2325 2285 Lucifer
2384 2231 2629 2299 princeps
2679 2230 2981 2282 dzeInonum
3036 2236 3139 2287 est,
3184 2227 3272 2294 qui
3302 2226 3368 2278 de

1813 2325 1954 2379 calo
1983 2324 2175 2379 cecidit
2204 2343 2216 2378 :
2250 2332 2303 2378 et
2329 2324 2449 2391 gula
2482 2320 2704 2383 ventris,
2735 2328 2894 2388 caput
2945 2317 3215 2371 vitiorum.
3265 2313 3365 2371 Ubi

1814 2415 1882 2470 ad
1906 2414 2223 2484 capiendum
2271 2412 2450 2468 cibum
2507 2411 2843 2475 accnbueris,
2893 2410 2945 2462 in
3004 2409 3181 2461 medio
3231 2424 3370 2476 pone

1816 2504 2009 2560 mortis
2037 2512 2086 2558 et
2109 2503 2298 2571 judicii
2330 2503 2663 2564 memoriam,
2692 2516 2830 2570 περι-ε
2872 2500 3015 2554 enim
3039 2500 3114 2551 νιιΙ
3149 2501 3227 2554 sic
3255 2514 3371 2553 mo-

1816 2597 1933 2652 dice
1962 2596 2140 2666 gulam
2170 2595 2488 2649 refrt-nabis.
2510 2592 2607 2647 Uhi
2642 2594 2889 2663 poculum
2924 2592 3189 2646 bibitnrus
3219 2605 3369 2644 sum-

1818 2665 2012 2759 pseris,
2055 2689 2190 2742 accti
2222 2697 2275 2741 et
2316 2687 2455 2742 fellis
2489 2685 2696 2738 Domini
2732 2685 2804 2737 tui
2845 2686 3122 2759 immittam
3179 2681 3371 2735 oblivi-
3439 2665 3447 2672 ’

1819 2778 2008 2839 sceris,
2038 2787 2092 2830 et
2116 2778 2336 2830 omnino
2357 2776 2437 2829 vel
2460 2774 2729 2827 moderate
2753 2772 2903 2825 bibes
2930 2773 3009 2823 vel
3035 2771 3369 2839 ingemiscrs,

1820 2870 1902 2923 vel
1947 2878 2093 2923 certe
2120 2868 2376 2921 humilior
2412 2866 2533 2919 inde
2566 2874 2617 2919 et
2638 2863 2945 2917 modestior
2973 2862 3185 2916 exades.
3210 2859 3375 2930 208

1819 2960 1960 3014 Cave
1980 2975 2147 3022 erres,
2178 2973 2282 3012 non
2315 2957 2625 3011 Iiberahcris
2656 2972 2685 3009 a
2716 2954 3013 3017 Pharaone,
3045 2968 3140 3007 ncc
3167 2952 3372 3006 Pascha

1820 3051 2039 3105 caeleste
2094 3050 2299 3103 videbis
2344 3046 2712 3119 {celebratus},
2760 3046 2863 3099 nisi
2912 3046 3107 3099 herbas
3160 3059 3373 3098 amaras

162 3139 308 3206 Λέγε
338 3138 486 3206 ἡμῖν,
518 3130 562 3188 ὧ
608 3136 642 3206 ἡ
698 3136 913 3188 πάντων
965 3132 1073 3187 τῶν
1132 3133 1336 3205 βροτῶν
1376 3137 1648 3206 τυραννὶς.
1682 3138 1715 3205 η

1821 3152 1875 3197 ει
1914 3156 2100 3211 azyma
2133 3156 2227 3209 per
2256 3152 2485 3195 omnem‘
2530 3139 2692 3196 vitam
2742 3138 3039 3193 comederis
3063 3135 3367 3208 [gustaris].

164 3232 376 3293 πάντας
427 3226 749 3297 ὠνησαμένη
796 3225 1003 3297 χρυσίῳ
1051 3225 1372 3296 ἀπληστίας,
1420 3227 1581 3279 πόθεν
1619 3228 1716 3298 τὴν

162 3319 372 3373 είσοδον
404 3319 462 3370 ιν
493 3319 621 3388 ἡμῖν
657 3318 943 3386 κέκτησαις
977 3315 1071 3370 καὶ
1115 3316 1168 3369 τί
1206 3317 1342 3387 μετά
1387 3318 1483 3388 τὴν
1519 3319 1718 3374 εἴσοδον

162 3410 371 3464 τίκτειν
405 3408 675 3479 πέφυκαςς
707 3408 799 3460 καὶ
824 3407 907 3470 τίς
950 3408 985 3478 η
1018 3406 1109 3461 σοῦ
1142 3406 1200 3471 ἐξ
1228 3409 1384 3478 ἡμῶν
1422 3407 1617 3473 ἔξοδοςς
1652 3409 1718 3462 Ἦ

161 3501 221 3554 δὲ
248 3501 346 3553 ἐπὶ
376 3502 498 3563 ταῖς
523 3498 710 3569 ὕϐρεσι
738 3496 1194 3574 πονήσασα,”πρδς
1220 3500 1362 3570 ἡμᾶς
1386 3500 1718 3571 τυραννιιῶς

110 3627 115 3631 -
163 3594 199 3663 η
235 3590 646 3663 μιμάσπυσα,
672 3589 769 3644 καὶ
790 3589 955 3661 ἀγρία
983 3590 1302 3665 ἀπεκρίνετο
1324 3607 1338 3621 ·
1357 3591 1422 3643 Τί
1458 3608 1522 3661 με
1557 3591 1720 3644 λοιδο-

166 3683 314 3753 ρίαις
346 3682 589 3751 βάλλετε,
622 3684 669 3735 oi
698 3682 821 3752 ιμοὶ
859 3675 1148 3735 ὑπεύθυνοι
1182 3682 1567 3751 τυγχάνοντες
1596 3682 1720 3746 Πῶς

160 3774 223 3827 δε
254 3790 361 3841 Ιιιου
384 3772 712 3841 χωρισθῆναι
741 3772 1101 3837 στωυδάζετες
1131 3771 1298 3839 Κάγὼ
1319 3775 1385 3842 τῇ
1416 3773 1572 3841 φύσει
1598 3790 1721 3825 συν-

161 3859 409 3929 διδεμαν
436 3858 569 3928 ἐμοῦ
591 3858 751 3929 θύρα,
780 3857 940 3926 φύσις
963 3857 1283 3929 βρωμάτων
1315 3859 1450 3929 ιμοῦ
1475 3860 1532 3913 δὲ
1554 3861 1720 3931 ἀπλη-

166 3950 347 4012 στίαις
374 3949 483 4019 (25)
511 3949 763 4017 συνήθεια
782 3932 971 4011 «vulgi
999 3947 1133 4019 ιμοῠ
1154 3948 1211 4001 δι
1245 3949 1447 4012 πάθους
1466 3951 1719 4016 ὑπόθεσις

166 4041 432 4112 συνήθεια
476 4038 838 4112 προλαϐοῦσα,
878 4041 975 4094 καὶ
1024 4039 1324 4111 ἀναλγησια
1371 4040 1565 4111 ψυχῆς,
1625 4044 1720 4097 καὶ

164 4130 525 4207 ἀμνημοσύνη
551 4130 800 4184 θανάτου·
833 4130 950 4193 πῶς
969 4130 1026 4184 δι
1045 4130 1153 4183 τῶν
1174 4130 1321 4201 ἱμῶν
1346 4131 1625 4199 ἀπογόνων
1651 4131 1719 4185 τά

163 4229 410 4299 ὀνόματα
436 4223 645 4295 ζητεῖτε
668 4222 899 4292 ’μαθεῐνς
924 4222 1357 4294 ἐξαριθμήσομαι
1380 4224 1595 4287 αὐτοὺς,
1625 4224 1720 4277 καὶ

165 4319 313 4390 ὑπὲρ
356 4316 536 4386 ἄμμον
568 4311 1050 4384 πληθυνθήσονται·
1094 4315 1241 4384 ὅμως
1287 4315 1411 4377 τοὺς
1447 4315 1718 4385 πρωτοτό-

165 4427 301 4475 κους
350 4426 449 4479 μου
494 4408 586 4461 καὶ
631 4405 944 4475 ἀγαπητοὺς
979 4404 1241 4460 ἀκούσατε
1284 4407 1428 4470 τίνες
1455 4424 1720 4476 προσαγο-

1816 3236 2028 3288 Amara:
2053 3232 2234 3285 herba:
2282 3244 2375 3284 seu
2410 3230 2631 3283 lactuca:
2657 3238 2897 3298 agrestes
2943 3238 3069 3281 sunt
3115 3226 3370 3280 violentia

1818 3336 1871 3379 et
1897 3324 2053 3378 labor
2079 3320 2444 3392 ieiuniorum;
2500 3333 2688 3389 azyma
2723 3332 2847 3371 vero
2882 3332 3034 3371 mens
3056 3332 3147 3370 seu
3180 3331 3371 3370 sensus

1817 3418 1882 3472 ad
1924 3416 2240 3472 modestiam
2282 3415 2397 3469 sine
2429 3413 2565 3468 fastu
2599 3411 2945 3481 compositus.
2995 3408 3127 3463 Dum
3161 3409 3298 3461 vivis
3318 3419 3372 3462 et

1818 3506 2011 3576 spiras,
2038 3506 2295 3558 inlimreat
2330 3502 2509 3556 animo
2540 3512 2631 3554 luo
2679 3516 2773 3553 vos
2799 3500 3027 3553 dicentis
3077 3517 3089 3552 :
3130 3497 3235 3568 Ego
3256 3517 3372 3553 vero

1818 3600 1943 3651 dum
1973 3597 2119 3658 mihi,
2148 3596 2439 3659 dtcmones,
2474 3594 2709 3662 inquam,
2746 3594 3155 3655 molestiessent,
3190 3593 3372 3644 indue-

1820 3687 1915 3743 bar
1939 3688 2132 3750 cilicio,
2167 3696 2214 3741 et
2240 3684 2580 3739 humiliabam
2610 3684 2662 3737 iu
2687 3683 2892 3753 jejunio
2919 3684 3148 3735 animum
3180 3672 3369 3744 meam,

1819 3789 1869 3836 et
1893 3782 2061 3834 oratio
2091 3795 2201 3833 mea
2227 3779 2281 3831 in
2306 3777 2421 3829 sinu
2446 3778 2636 3827 animi:
2684 3790 2811 3827 mea:
2840 3774 3141 3826 adhcrebat
3170 3774 3235 3825 “.
3284 3771 3374 3826 Je-

1814 3871 2027 3941 junium
2061 3878 2146 3924 est
2173 3869 2255 3923 vis
2296 3876 2500 3921 natura:
2530 3864 2703 3928 illata;
2730 3863 2956 3933 jejunio,
2981 3865 3219 3917 suavitas
3239 3865 3376 3931 gula

1818 3966 2115 4020 coercetur,
2173 3956 2386 4009 ﬂamma
2429 3953 2608 4007 carnis
2651 3952 3037 4021 exstinguitur,
3090 3953 3373 4021 cogitatio.

1817 4062 1914 4103 nes
1938 4046 2093 4101 mala
2109 4044 2518 4106 exscinduntur,
2555 4042 2823 4096 insomnia
2848 4043 3133 4107 tolluntur,
3170 4056 3234 4096 ex
3256 4059 3367 4112 quo

1818 4148 2004 4204 preces
2049 4148 2196 4202 pura!
2227 4140 2545 4186 nascuntur.
2590 4128 2865 4199 lrjunium
2897 4139 2980 4184 est
3007 4130 3099 4185 lux
3160 4132 3373 4195 animre,

1819 4223 2065 4279 custodia
2123 4222 2340 4286 mentis,
2390 4221 2515 4276 circi
2567 4221 2745 4276 cordis
2807 4220 3150 4284 illuminatio,
3200 4220 3371 4287 janua

1820 4310 2283 4380 compunctionis,
2342 4310 2562 4363 humilis
2619 4311 2883 4378 gemitus,
2945 4308 3095 4362 la~tus
3152 4311 3369 4365 contriti

1823 4399 2002 4455 cordis
2024 4400 2217 4465 luctus,
2233 4400 2569 4469 loquacitatis
2594 4399 2842 4464 cessatio,
2858 4399 3164 4453 solitudinis
3181 4401 3376 4468 quietae

141 4561 149 4567 _
166 4474 441 4571 ρεύονται.
469 4497 595 4559 Υίδς
620 4474 958 4567 πρωτότοκός
987 4509 1108 4564 μου,
1141 4495 1394 4565 πορνείας
1434 4474 1723 4566 ὑπουργδς,

1797 4485 1802 4521 ’
1828 4493 2061 4558 occasio,
2083 4492 2396 4549 obedientiz
2419 4500 2622 4553 custos.
2648 4490 2823 4545 somni
2852 4489 3061 4554 levatio,
3080 4490 3226 4546 salus
3256 4506 3376 4546 cor-

166 4592 382 4646 εκείνου
404 4591 463 4643 δὲ
485 4590 730 4659 δεύτερος
771 4585 1070 4657 σκληρότης
1092 4586 1332 4657 καρδίας·
1356 4590 1385 4639 ό
1414 4587 1579 4654 ὕπνος
1606 4591 1725 4661 τρι.

164 4700 280 4746 τος,
313 4681 427 4752 (26)
461 4680 705 4735 θάλασςα
721 4676 1013 4747 λογισμῶν,
1042 4675 1260 4746 κύματα
1294 4678 1602 4750 μολυσμῶνο
1639 4682 1731 4752 βυο
1762 4664 1767 4671 ’

166 4770 265 4835 οδς
286 4770 580 4839 ἀγνώστων
604 4770 697 4823 καὶ
720 4769 972 4839 ἀρρήτων
996 4765 1105 4837 (27)
1134 4765 1481 4837 ἀκαθαρσίων
1505 4771 1564 4835 ἑξ
1592 4772 1725 4841 ἐμοῦ

167 4860 580 4931 εκπορεύονται.
622 4858 787 4929 ἐμοῦ
818 4858 1109 4930 θυγατίρες
1131 4858 1377 4929 όκνηρία,
1414 4859 1721 4931 πολυλογία,

167 4953 478 5025 παρρησία,
492 4952 865 5021 γελωτοποιΐα,
881 4949 1225 5023 εὐτραπελία,
1244 4948 1538 5018 ἀντιλογία,
1564 4953 1728 5025 σκλη-

172 5042 532 5115 ροτραχηλία,
571 5042 817 5112 ἀνηκοΐα,
863 5041 1207 5111 ἀναισθησία,
1236 5039 1598 5109 αίχμαλωσία,
1628 5060 1728 5113 με-

165 5128 469 5198 γαλαυχία,
528 5127 825 5199 θρασύτης,
888 5128 1236 5199 φιλοκοσμία,
1304 5127 1371 5198 ἢν
1429 5127 1729 5201 διαδέχεται

131 5224 138 5233 ⁵
169 5216 459 5288 προσευχὴ
491 5218 729 5289 ῥυπαρὰ,
759 5220 851 5272 καὶ
874 5218 1174 5289 ῥεμδασμοὶ
1200 5208 1489 5289 λογισμῶν.
1524 5221 1728 5277 Πολλά-

140 5294 264 5367 ⁴κις
297 5302 363 5357 ει
402 5308 500 5359 καὶ
536 5307 810 5379 συμφοραὶ
836 5308 1143 5362 ἀνέλπιστοι
1184 5307 1277 5361 καὶ
1315 5307 1727 5380 ἀπροσδόκητοι,

168 5389 264 5458 αῖς
284 5396 680 5469 προσωμίλησε
707 5396 1018 5453 ἀνελπιστία
1050 5401 1084 5470 ἡ
1113 5399 1333 5454 πάντων
1356 5396 1725 5472 χαλεπωτέρα·

168 5480 275 5551 iis!
322 5480 555 5551 πολεμεῐ
601 5487 719 5555 μιν,
753 5488 814 5540 οὐ
843 5488 968 5559 νικᾷ
1007 5488 1066 5542 δὲ
1112 5489 1296 5561 μνήμη
1353 5490 1725 5559 πταισμάτων·

1827 4586 1998 4658 poris,
2027 4585 2195 4640 beata:
2223 4581 2625 4651 tranquillitatis
2671 4589 2879 4647 auctor,
2912 4593 3253 4651 peccatorum
3290 4598 3377 4649 re-

1828 4674 2035 4738 missio,
2089 4670 2321 4742 paradisi
2372 4679 2527 4739 porta
2570 4679 2625 4723 et
2684 4670 2952 4742 voluptas.
2984 4671 3301 4740 Quaeramus
3323 4682 3377 4726 et

1824 4765 2014 4819 exhoc
2051 4754 2258 4821 uestro,
2314 4758 2425 4812 imo
2473 4761 2714 4815 omnium
2760 4762 3023 4817 malorum
3069 4762 3375 4817 nostrarum

1824 4858 2118 4913 architecto
2139 4865 2193 4909 et
2238 4855 2475 4910 hostium
2530 4858 2769 4911 maximo
2798 4859 2963 4929 (grtia,
2998 4859 3236 4927 inquam)
3260 4873 3379 4911 om-

1826 4949 1975 5003 nium
2033 4944 2286 5000 vitiorum
2322 4946 2561 5015 principe
2599 4956 2651 5003 et
2699 4958 2940 5012 auctore,
2968 4962 3032 5000 es
3073 4960 3180 5015 quo
3219 4963 3380 5003 casus

1828 5024 2019 5092 Adami
2052 5043 2211 5090 natus
2255 5042 2358 5100 est,
2390 5036 2482 5105 qni
2509 5036 2648 5092 Esau
2690 5037 2939 5107 perdidit,
2968 5034 3227 5099 lsraelitis
3261 5040 3379 5094 cxi-

1831 5129 1961 5184 tium
1987 5126 2191 5188 attulit,
2241 5110 2448 5182 Noe‘ad
2478 5127 2826 5198 ignominiam
2869 5126 3112 5189 nudavit.
3145 5128 3378 5182 Gomor-

1831 5219 1983 5274 rham
2032 5216 2295 5291 prodidit,
2354 5216 2456 5273 Lot
2518 5216 2846 5287 inquinavit,
2906 5214 3021 5271 Heli
3087 5219 3381 5273 sacerdotis

1777 5372 1783 5378 _
1831 5313 1970 5370 ﬁlios
1993 5310 2060 5367 ad
2084 5313 2501 5368 internecionem
2539 5310 2757 5373 occidit,
2816 5311 2907 5381 qui
2934 5313 3177 5367 omnium
3201 5310 3380 5381 inqui-

1834 5405 2114 5460 nationum
2161 5419 2326 5459 causa
2363 5412 2418 5458 et
2454 5401 2564 5456 dux
2589 5410 2689 5457 est.
2719 5400 2821 5456 Sed
2845 5401 2986 5458 unde
3011 5402 3134 5480 gula
3168 5410 3222 5455 et
3257 5399 3380 5469 qui-

1835 5496 1939 5565 bus
1970 5508 2035 5547 ex
2086 5494 2399 5564 parentibus
2445 5492 2704 5557 nascitur,
2750 5507 2872 5563 qua!
2902 5492 3066 5563 hujus
3090 5490 3379 5561 progenies

169 5569 454 5644 ἔχθραίνει
492 5587 581 5642 μοι
622 5576 701 5639 είς
745 5576 891 5632 ἀίων
922 5576 1097 5632 ἔννοια
1130 5578 1381 5642 θανάτου,
1434 5578 1496 5632 τὸ
1531 5578 1586 5634 δι
1637 5582 1732 5653 ἐμὲ

1835 5582 1999 5655 209
2021 5592 2076 5641 et
2107 5584 2371 5657 nepotes?
2411 5583 2537 5656 quis
2570 5583 2714 5642 illius
2744 5584 2915 5669 hostis
2941 5582 3035 5656 qui
3062 5580 3209 5637 illam
3229 5579 3378 5636 elidit

243 5746 296 5781 ⁵³
323 5743 514 5802 latth.
542 5749 753 5815 vu,t3.
828 5753 874 5785 δ’
906 5753 1051 5811 Psal.
1089 5770 1276 5820 sunt,
1308 5753 1375 5808 13
