4210 6464
1213 429 1439 488 SCALA
1474 426 1850 486 PARADISI.
1895 452 1950 466 -
1985 426 2291 487 GRADUS
2321 427 2473 487 XIV.

701 550 959 618 Σχόλιον
983 545 1229 618 Μάρκου
1260 554 1328 613 γ’.
1814 561 1859 616 Α

1260 554 1328 613 γ’.
1814 561 1859 616 Α
2405 545 2576 604 Marci
2600 546 2849 603 Eremitlc
2868 549 2919 603 '5.

298 638 508 710 Ὠσπερ
543 639 691 710 λύκῳ
735 638 1004 710 πρόϐατον
1033 641 1095 692 οὐ
1129 639 1444 711 συνέρχεται
1487 639 1567 702 είς
1594 655 1780 692 τεκνοο
1948 646 1960 704 l

1948 642 2410 710 Quemadmodum
2468 641 2586 698 ovis
2617 656 2726 695 non
2764 639 3014 695 convenit
3039 655 3162 695 cum
3211 641 3338 712 lupo
3377 648 3443 700 all

213 730 424 798 γονίανο
451 733 623 796 οὕτως
650 731 772 785 οὔτε
797 733 942 801 κόρῳ
979 732 1139 795 πόνος
1163 732 1452 802 καρδιακὸς
1474 734 1553 795 εἰς
1586 733 1780 802 κύησιν

1879 735 2246 804 εθηεεοηάυω
2295 733 2484 800 fetum,
2529 736 2603 789 ita
2660 749 2763 787 nec
2797 722 2946 787 labor
2974 733 3156 788 cordis
3188 749 3312 788 cum
3342 735 3447 790 cibi

212 821 444 892 ἀρετῶν.
1879 829 2161 881 saturitate
2193 827 2258 880 ad
2283 828 2671 896 concipiendas
2704 827 2955 880 virtutes.

217 426 326 494 8'13
1213 429 1439 488 SCALA
1474 426 1850 486 PARADISI.
1895 452 1950 466 -
1985 426 2291 487 GRADUS
2321 427 2473 487 XIV.
3345 437 3451 504 874

685 914 724 966 Σ
727 915 939 982 χόλων
973 911 1221 967 Ἡσαΐου
1245 911 1307 966 δ’.

285 1001 388 1057 Διὰ
413 1004 694 1077 τεσσάρων
727 1004 1070 1076 πραγμάτων
1114 1003 1445 1074 πληθύνεται
1477 1006 1512 1074 ή
1557 1007 1781 1074 πορνεία

207 1095 304 1148 τοῦ
330 1097 600 1166 σώματος,
633 1096 724 1149 διὰ
762 1095 857 1149 τοῦ
887 1095 1215 1166 κοιμηθῆναι
1244 1096 1326 1158 εἰς
1349 1095 1528 1166 κόρον,
1555 1097 1650 1150 καὶ
1679 1114 1781 1166 φα-

209 1189 327 1255 γεῖν
355 1188 435 1250 είς
464 1187 802 1259 πλησμονὴν,
838 1187 932 1241 καὶ
973 1187 1082 1240 ἀπὸ
1109 1173 1493 1256 εὐτραπελίας,
1537 1188 1632 1239 καὶ
1671 1188 1780 1242 ἀπὸ

209 1281 534 1350 κοσμήσεως
555 1279 649 1331 τοῦ
683 1278 954 1348 σώματος.

816 1374 859 1422 Σ
862 1371 1076 1439 χόλιον
1105 1377 1166 1423 ε’.

277 1459 394 1513 Οὐκ
433 1461 488 1510 ἐν
511 1460 842 1522 οίνοποσίαις
868 1458 966 1522 τὰς
1006 1457 1199 1530 ἑορτὰς
1227 1459 1332 1529 χρὴ
1363 1456 1622 1511 ἐκτελεῖν·
1661 1457 1776 1512 ἀλλ’

205 1551 266 1604 ἐν
315 1548 648 1602 ἀνακαινίσει
679 1549 796 1612 νοὸς
826 1548 919 1602 καὶ
945 1549 1123 1619 ψυχῆς
1158 1548 1507 1618 καθαρότητι·
1535 1553 1562 1601 ὁ
1585 1548 1642 1602 δὲ
1674 1565 1777 1617 γα-

205 1638 575 1708 στριζόμενος,
607 1641 700 1693 καὶ
747 1641 1041 1693 οἰνοποτῶν
1081 1639 1405 1712 παροργίζει
1449 1640 1649 1712 μᾶλλον
1685 1640 1777 1693 τὸν

200 1726 301 1798 τῆς
329 1727 688 1798 πανηγύρεως
713 1728 1137 1801 προεξάρχοντα.

799 1823 1061 1890 Σχόλιον
1104 1822 1181 1888 ς’.

2422 918 2585 973 Isaia:
2612 918 2820 973 abbatis
2853 919 2907 973 4.

1947 1008 2194 1074 Quatuor
2221 1010 2387 1064 rebus
2415 1019 2643 1079 augetur
2682 1010 2897 1064 luxuria
2937 1010 3184 1079 corporis
3215 1029 3230 1062 :
3261 1011 3433 1065 multo

1877 1116 2071 1156 somno
2116 1116 2288 1170 usque
2314 1101 2379 1154 ad
2431 1101 2754 1166 satietatem,
2795 1103 2919 1156 cibo
2967 1100 3439 1168 ad'saturitatem,

1877 1191 2207 1247 scurrilitate
2233 1208 2330 1247 seu
2358 1192 2600 1256 levitate,
2633 1201 2687 1246 et
2715 1193 2862 1247 cultu
2888 1192 3154 1263 corporis.

2493 1353 2739 1409 Scholion

1948 1445 2075 1502 Dies
2101 1446 2221 1502 festi
2253 1461 2359 1501 non
2392 1456 2520 1502 sunt
2541 1445 2925 1501 exbanriemlis
2955 1444 3151 1500 Bacchi
3180 1445 3442 1501 calicibus

1876 1538 2202 1603 celebrandi,
2233 1539 2328 1593 sed
2371 1537 2681 1592 renovando
2708 1537 2900 1606 spiritu
2935 1537 3135 1592 mentis
3167 1546 3223 1591 et
3251 1552 3441 1606 repur-

1875 1629 2053 1700 gando
2082 1631 2243 1684 corde
2277 1649 2292 1685 :
2331 1630 2424 1698 qui
2452 1630 2596 1682 enim
2625 1629 2796 1682 ventri
2829 1639 2881 1682 et
2914 1627 3126 1683 Baccho
3155 1628 3295 1693 litat,
3327 1645 3440 1683 ma.

1875 1722 1958 1792 gis
1993 1721 2060 1776 ad
2093 1722 2228 1776 iram
2259 1729 2564 1775 commovet
2587 1720 2868 1790 praesidem
2895 1720 3246 1775 celebritatis.

2492 1809 2742 1866 Scholion
2773 1810 2828 1865 6.

274 1911 465 1965 Ἔστιν
508 1914 536 1966 ὁ
566 1912 734 1966 ποιῶν
775 1913 1014 1979 ἐντολὴν,
1055 1915 1150 1969 καὶ
1181 1915 1472 1986 προφανῶς
1507 1915 1774 1970 δουλεύων
1806 1930 1848 1985 Β

1806 1930 1848 1985 Β
1943 1905 2040 1960 Est
2069 1905 2166 1976 qui
2191 1903 2445 1960 observat
2482 1914 2836 1974 praeceptum,
2875 1903 2980 1959 sed
3011 1903 3190 1974 palam
3223 1903 3436 1960 vitiosis

198 2000 386 2067 πάθει,
424 2003 516 2056 καὶ
541 2002 632 2056 διὰ
661 2003 913 2074 πονηρῶν
955 2003 1229 2076 λογισμῶν
1257 2006 1468 2077 ἀγαθὴν
1497 2005 1773 2075 ἀφανίζων

198 2093 424 2164 πρᾶξιν.

896 2186 1100 2241 Ἄλλο.

279 2276 340 2329 ὐ
367 2276 498 2342 Θεὸς
522 2277 622 2343 τὰς
655 2277 882 2350 πράξεις
903 2278 1045 2333 κατὰ
1064 2279 1164 2342 τὰς
1189 2279 1456 2343 διαθέσεις
1475 2279 1766 2348 λογίζεταισ

192 2367 319 2439 Δῲη
370 2371 478 2441 γάρ
523 2388 626 2459 σοι,
674 2373 865 2444 φησὶν,
914 2374 944 2426 ὁ
993 2373 1195 2443 Κύριος
1233 2373 1374 2426 κατὰ
1419 2373 1516 2445 τὴν
1546 2371 1770 2443 καρδίαν

195 2480 320 2516 σου.

851 2555 1106 2628 Σχόλιον
1127 2554 1192 2619 ζ’.

281 2645 639 2718 Ἐμπαίζεται
664 2648 768 2702 ὑπὸ
793 2648 1086 2719 δαιμόνων,
1107 2650 1137 2702 ὁ
1154 2651 1222 2721 τῇ
1250 2649 1357 2720 ἰδίᾳ
1381 2648 1594 2702 συνέσει
1623 2665 1766 2702 στοιο

193 2736 310 2806 χῶν
359 2739 453 2792 καὶ
482 2739 633 2811 παρὰ
654 2738 724 2793 τὰ
749 2738 1146 2810 διατεταγμένα
1169 2739 1492 2812 βουλόμενος
1522 2738 1617 2810 ἀφ’
1639 2740 1766 2795 ἑαυ-

195 2827 292 2881 τοῦ
315 2827 645 2900 νομοθετεῖν.

593 2983 600 2991 _
671 2980 680 2992 ,
796 2923 1165 2995 Σχόλιονιηκ
1220 2919 1232 2978 ἶ

270 3013 544 3084 Ἀμετρος
572 3011 792 3083 νηστεία
825 3014 992 3078 ἐστὶν,
1014 3015 1049 3082 ἡ
1087 3013 1179 3067 τὺν
1208 3012 1400 3085 καιρὸν
1425 3012 1518 3067 τὸν
1549 3030 1767 3084 νενομι-

192 3101 395 3170 σμένον
420 3103 784 3172 ἅναμένουσα,
817 3103 1158 3174 ἀχαλινώτως
1183 3103 1239 3156 δὲ
1261 3105 1320 3158 ὲν
1346 3106 1412 3175 τῇ
1439 3102 1541 3174 τῆς
1558 3103 1767 3174 τροφῆς

193 3191 318 3264 ὥρᾳ
348 3193 485 3264 πρὸς
504 3194 603 3262 τὴν
627 3193 906 3262 τράπεζαν
935 3193 1163 3264 ὀρμῶσα
1192 3195 1286 3247 καὶ
1319 3194 1460 3276 μετὰ
1498 3196 1598 3266 τῆς
1629 3211 1762 3266 σαρ-

1871 1998 1988 2054 suis
2016 1997 2299 2054 aﬂ'ectibus
2333 1996 2598 2068 indulget,
2625 2006 2680 2052 et
2708 2012 2803 2068 per
2841 1997 3117 2068 improbas
3147 1997 3438 2068 cogitatio-

1840 2117 1847 2125 -
1872 2107 1971 2147 nes
2005 2089 2303 2162 exstinguit
2331 2089 2537 2144 bonum
2565 2103 2724 2159 opus.

2559 2180 2744 2235 Aliud.

1942 2273 2087 2331 Deus
2117 2275 2362 2330 actiones
2393 2288 2489 2329 seu
2510 2287 2676 2343 opera
2704 2287 2766 2328 ex
2792 2271 2986 2328 aﬂ’ectu
3011 2271 3210 2328 mentis
3234 2280 3434 2328 nostrae

1869 2367 2141 2422 aestimat:
2177 2365 2296 2433 Det,
2327 2366 2524 2438 inquit,
2572 2365 2669 2420 tibi
2727 2365 2979 2420 Dominus
3015 2365 3302 2420 secundum
3341 2381 3432 2419 cor

1871 2469 2020 2513 tuum
2042 2459 2110 2514 ⁵⁸.

2486 2549 2733 2606 Scholion
2766 2550 2816 2605 7.

1936 2642 2217 2699 Deluditur
2237 2658 2269 2698 a
2295 2643 2653 2707 daemonibus,
2677 2645 2770 2713 qui
2793 2657 2892 2714 pro
2917 2657 3019 2698 suo
3037 2643 3245 2712 privato
3267 2656 3428 2697 sensu

1866 2735 2111 2791 ambulat
2135 2743 2192 2790 et
2219 2736 2370 2803 vivit,
2403 2743 2460 2790 et
2485 2743 2680 2806 praeter
2702 2735 3019 2806 praescripta
3052 2732 3299 2799 Patrum,
3324 2734 3428 2789 sibi

1867 2828 1968 2898 ipsi
1998 2827 2144 2898 leges
2167 2827 2320 2884 dicit.
2877 2881 2880 2884 .

2474 2919 2725 2975 Scholion
2748 2919 2802 2974 8.

1933 3009 2662 3082 lmmoderatumjcjunium
2713 3019 2819 3078 est,
2857 3010 3002 3080 quod
3050 3009 3425 3081 praescriptum

1863 3102 2077 3173 quidem
2109 3112 2323 3174 tempus
2368 3105 2639 3170 observat,
2681 3104 2776 3159 sed
2821 3102 3136 3157 imminente
3178 3100 3284 3156 cibi
3335 3117 3428 3157 ca-

1862 3192 2046 3262 piendi
2097 3194 2233 3248 liora
2272 3193 2462 3249 eﬂreni
2507 3194 2743 3265 quodam
2791 3193 2992 3263 impetu
3041 3192 3312 3262 abripitur
3357 3193 3427 3247 ail

192 3283 315 3347 κὸς,
364 3286 459 3338 καὶ
521 3284 614 3338 τὸν
662 3285 786 3338 νοῦν
843 3285 980 3355 πρὸς
1030 3284 1128 3368 την
1175 3285 1289 3341 τῶν
1343 3287 1763 3358 παρακειμένων
1788 3277 1832 3336 C

1788 3277 1832 3336 (Ξ
1867 3300 2133 3348 mensam,
2159 3295 2212 3341 et
2237 3301 2362 3341 cum
2389 3301 2619 3357 corpore
2647 3295 2881 3341 mentem
2912 3300 3130 3356 quoque
3159 3286 3228 3340 ad
3257 3299 3426 3355 appo-

190 3375 472 3447 δεσμοῶα
497 3377 708 3448 ἡδονήν.

883 3469 1084 3522 Ἄλλο.
1132 3527 1138 3542 ι

265 3559 473 3613 Κακῶν
499 3548 707 3632 ἀνδρῶν
745 3560 846 3624 τὰς
880 3560 1209 3632 συμϐουλίας
1245 3563 1609 3634 ἀτιτοστρέιρον.)⁹
1641 3561 1763 3616 δού-

193 3651 322 3713 λους
363 3653 472 3722 γὰρ
511 3653 862 3723 παρέστησαν
890 3655 1116 3718 ἑαυτοὺς
1158 3650 1396 3724 γαστρός
1422 3671 1506 3720 τε,
1532 3655 1625 3710 καὶ
1653 3655 1765 3710 τῶν

193 3743 303 3795 ὑπὸ
325 3743 570 3814 γαστέρα
602 3743 814 3798 παθῶν.

685 3868 695 3877 -
764 3838 946 3890 Ἄλλο
985 3836 1214 3892 Ἰσαάκ.

276 3923 347 3977 Ἦ
394 3924 492 3996 μὲν
538 3926 843 3990 ἀνάπαυσις
895 3929 1020 3991 τοὺς
1068 3928 1220 3992 νέους
1273 3929 1465 3998 μόνους
1514 3927 1761 3999 βλάπτει,

188 4018 228 4087 ἡ
292 4014 446 4079 λύσις
505 4016 563 4071 δὲ
627 4019 728 4071 καὶ
779 4019 906 4084 τοὺς
955 4019 1192 4082 τελείους
1242 4019 1336 4073 καὶ
1389 4019 1514 4083 τοὺς
1573 4020 1763 4094 ⁴ινέρον-

188 4123 318 4171 τας.

655 4197 916 4264 Σχὸλιον
962 4196 1207 4267 Μάρκου
1237 4198 1305 4253 θ’.

268 4283 455 4337 Ἔστω
483 4301 565 4338 σοι
597 4287 702 4349 πᾶς
743 4287 773 4339 ὁ
814 4289 1225 4360 ἐναντιούμενος
1259 4285 1395 4362 πρὸς
1426 4290 1765 4362 κατόρθωσιν

191 4374 430 4428 ἐντολῶν
451 4375 608 4441 Θεοῦ,
632 4375 918 4447 βδελυκτὸς
950 4379 1045 4432 καί
1084 4380 1332 4451 μισητός⁶
1359 4380 1437 4453 τῷ
1464 4381 1687 4454 τοιούτῳ
1706 4383 1763 4436 δὲ

195 4465 276 4540 μὴ
301 4465 603 4522 συνεσθίειν
626 4468 808 4523 καλόν.

884 4561 1086 4614 Ἄλλο.

277 4650 371 4703 Ἑν
424 4649 647 4718 ἀγαθοῖς
700 4651 796 4703 καὶ
842 4650 1100 4714 πλασθεὶς
1147 4653 1175 4706 ὁ
1211 4651 1512 4723 ἄνθρωπος,
1543 4657 1637 4709 καὶ
1676 4673 1758 4710 τεο
1790 4614 1835 4670 D

191 4743 338 4808 θεὶς,
375 4745 558 4798 ἐκεῖνα
589 4745 684 4797 καὶ
721 4744 1051 4812 φαντάζεται
1089 4745 1183 4799 καὶ
1213 4746 1483 4818 ὀρέγεται·
1520 4748 1641 4802 ὅθεν
1680 4767 1764 4803 τι-

191 4835 285 4897 νὲς
350 4836 414 4904 τῇ
476 4834 614 4905 πρὸς
669 4835 738 4888 τὰ
784 4835 1006 4887 τοιαῦτα
1053 4835 1230 4908 θέρμῃ
1279 4839 1398 4892 ἀντὶ
1440 4838 1549 4892 τῶν
1597 4843 1766 4897 ὄντων

193 4926 338 4996 πρὸς
369 4926 438 4979 τὰ
473 4925 713 4996 παρόντα
741 4927 1033 4997 κεχήνασιν
1065 4928 1265 4995 ἁγαθὰο
1300 4928 1380 4982 διὸ
1403 4931 1494 4984 καὶ
1522 4932 1766 5004 ἠπάτην-

189 5035 308 5070 ται.

811 5110 1068 5178 Σχόλιον
1095 5106 1148 5164 ι’.

265 5199 416 5269 Ὅρα
461 5198 514 5252 τί
559 5214 742 5267 φησιν,
786 5199 869 5252 ὅτι
911 5203 1011 5270 τῆς
1059 5202 1356 5274 πυρώσεως
1385 5206 1461 5269 ὡς
1504 5206 1764 5278 μάστιγος

187 5290 562 5363 λυτρούμεθα,
606 5291 698 5344 διὰ
741 5291 842 5361 τῆς
887 5292 1094 5357 ἐνδείας
1131 5295 1231 5365 τῆς
1276 5299 1532 5368 γαστρός·
1579 5298 1760 5352 λοιπὸν

187 5382 327 5453 ἄρα,
364 5382 460 5435 καὶ
497 5380 585 5434 διὰ
616 5384 713 5452 τῆς
750 5383 1068 5454 πλησμονῆς
1113 5386 1282 5457 αὐτῆς
1319 5389 1696 5460 ἐπεισέρχεται
1724 5392 1759 5461 ἡ

189 5474 465 5545 πύρωσις·
499 5474 533 5542 ἡ
563 5473 666 5542 γὰρ
709 5474 1096 5548 μεμετρημένη
1129 5476 1303 5532 ἔνδεια
1351 5480 1406 5532 ὲν
1447 5482 1756 5553 μετριότητι

187 5566 293 5628 τὰς
336 5565 578 5636 κινήσεις
624 5560 730 5618 οἶδε
777 5566 1186 5634 κατασιγάζειν·
1217 5570 1250 5640 η
1286 5568 1343 5622 δὲ
1371 5570 1508 5640 μετὰ
1533 5573 1759 5642 οἰήσεως

189 5654 406 5718 ἀσιτία,
443 5654 538 5706 καὶ
561 5655 802 5723 κινήσεις
836 5657 926 5707 καὶ
952 5656 1226 5727 πυρώσεις
1261 5659 1647 5731 ἐμπυρεύεται.

264 5856 310 5887 θ’
347 5855 494 5910 Psal.
511 5871 624 5921 xix,
645 5857 696 5911 ὃ.

474 5945 740 6010 ΡΑΠιοι.
775 5950 889 6012 Gn.
923 5952 1281 6019 LXXXVIII.

1863 3377 2095 3433 sitorum
2128 3377 2458 3434 ferculorum
2489 3379 2820 3450 voluptatem
2851 3380 3090 3435 vinctam
3125 3379 3312 3436 trahit.

2455 3473 2616 3544 εις
2652 3473 2834 3527 Aliud.

1931 3561 2203 3619 Malorum
2246 3562 2487 3619 virorum
2536 3563 2764 3619 consilia
2815 3578 3102 3632 aversare;
3155 3564 3424 3635 mancipia

1862 3655 2062 3725 quippe
2107 3654 2330 3723 ventris,
2357 3665 2414 3711 et
2458 3671 2580 3727 qua:
2625 3656 2729 3712 sub
2771 3665 2958 3712 ventre
3001 3665 3130 3713 sunt
3168 3658 3422 3712 vitiorum

1862 3760 1984 3802 sese
2003 3763 2066 3802 ex
2075 3747 2280 3803 bibent.

2442 3839 2606 3893 Aliud
2637 3838 2839 3895 Isaaci.

1931 3926 2099 3995 Quies
2152 3929 2286 3985 solis
2338 3929 2632 4000 juvenibus
2679 3941 2857 3996 nocet,
2912 3931 3199 3988 dissolutio
3241 3942 3421 3988 autem

1863 4020 2116 4092 perfectis
2138 4023 2302 4078 etiam
2328 4032 2383 4078 et
2407 4025 2650 4080 senibus.

2508 4195 2680 4250 Marci
2716 4197 2778 4250 9-

1932 4285 2192 4356 Quisquis
2238 4287 2553 4342 adversatur
2608 4287 2976 4344 observationi
3031 4297 3420 4359 praeceptorum

1865 4374 1980 4440 Dei,
2015 4379 2086 4434 sit
2129 4391 2439 4435 exsecratus
2467 4389 2522 4434 et
2566 4379 2800 4447 invisus,
2828 4395 2953 4436 cum
2982 4397 3092 4451 quo
3126 4397 3226 4436 nec
3267 4381 3423 4436 cibus

1865 4467 2082 4536 quidem
2117 4469 2416 4525 sumendus
2453 4480 2556 4524 est.

2551 4561 2737 4618 Aliud.

1937 4647 2111 4704 Homo
2145 4649 2199 4704 in
2234 4650 2390 4707 bonis
2420 4651 2683 4707 formatus
2714 4662 2770 4707 et
2800 4655 3014 4724 positus
3052 4654 3142 4708 illa
3174 4656 3290 4725 ipsa
3316 4655 3420 4708 sibi

1866 4741 2197 4811 imaginatur
2221 4753 2277 4796 et
2298 4745 2520 4813 appetit.
2545 4743 2698 4799 Unde
2728 4743 2930 4800 factum
2969 4755 3054 4801 est
3082 4755 3140 4802 ut
3175 4748 3421 4802 nonnulli

1865 4833 1935 4889 ab
1966 4833 2273 4902 hujusmodi
2301 4835 2534 4904 quodam
2572 4837 2739 4891 animi
2772 4836 2986 4894 fervore
3023 4839 3252 4908 abrepti,
3282 4855 3422 4910 pra:-

1865 4925 2110 4980 sentibus
2145 4925 2306 4980 bonis
2350 4941 2448 4995 pro
2501 4929 2639 4983 veris
2691 4939 2803 4985 tota
2851 4941 3033 4987 mente
3080 4931 3340 4987 mhiarint
3367 4942 3420 4986 et

1865 5017 2073 5087 decepti
2101 5018 2231 5073 sint.

2462 5113 2709 5170 Scholion
2736 5114 2824 5169 10.

1931 5199 2064 5256 Vide
2089 5203 2219 5271 quid
2251 5203 2416 5263 dicat.
2451 5207 2594 5275 quod
2638 5221 2731 5274 per
2771 5208 2910 5277 gula:
2934 5217 2988 5263 et
3015 5209 3220 5262 ventris
3250 5210 3418 5264 casti-

1860 5293 2127 5361 gationem
2158 5297 2227 5349 ab
2265 5295 2514 5352 incendio
2563 5297 2778 5367 impuro
2803 5301 3048 5368 corporis
3089 5310 3347 5371 tanquam
3386 5318 3415 5355 a

1861 5381 2070 5453 ﬂagello
2117 5383 2410 5440 liberemur
2465 5406 2478 5440 ;
2537 5402 2630 5456 per
2677 5388 2967 5459 ingluviem
3015 5405 3146 5445 vero
3200 5393 3417 5446 ﬂamma

1861 5474 2176 5529 exardcscat
2209 5476 2260 5529 in
2293 5477 2469 5533 nobis.
2499 5477 2787 5535 Mediocris
2815 5480 3034 5535 aﬂlictio
3057 5483 3264 5537 ventris
3291 5498 3415 5537 cum

1862 5566 2026 5622 modo
2054 5567 2318 5631 adhibita,
2351 5579 2530 5625 motus
2579 5572 2822 5642 corporis
2853 5572 3150 5642 compescit
3187 5589 3201 5626 :
3241 5572 3415 5627 inedia

1863 5675 1992 5714 vero
2039 5675 2162 5713 cum
2210 5662 2295 5716 sui
2342 5663 2744 5719 existimatione
2791 5664 3078 5734 conjuncta
3115 5671 3414 5719 commovet

1865 5765 2066 5820 corpus
2093 5761 2146 5806 et
2181 5751 2404 5809 libidine
2434 5753 2748 5811 inﬂammat.

3030 5965 3104 6025 28
