4210 6464
728 384 835 448 875

1261 492 1558 546 Solomonis
1601 490 1765 558 .rcgis.

803 589 1040 649 Domine,
1075 585 1288 637 divi.ias
1319 595 1366 638 et
1396 592 1757 650 paupertatem
1786 596 1846 631 ne
1889 577 2090 630 dederis
2120 578 2283 629 mihi;

729 681 818 736 sed
847 689 1051 734 tantum
1074 678 1370 730 necessaria
1397 686 1444 728 et
1482 673 1790 743 sufficientia
1823 670 2015 722 ordiua
2053 669 2181 721 mihi
2206 671 2250 699 "
2275 688 2288 722 :

729 772 946 826 divitias
1003 768 1395 823 abundantiam
1449 765 1857 833 interpretatus,
1898 769 2289 828 paupertatem,

732 863 1032 920 absolutam
1062 874 1244 914 rerum
1273 857 1528 925 inopiam,
1569 869 1690 924 qua:
1726 853 1789 906 ad
1823 854 1943 905 vita:
1976 866 2137 904 usum
2173 866 2294 920 per--

734 955 925 1009 tinent.

1330 1036 1577 1093 Scholion
1618 1035 1702 1089 ll.

801 1135 1084 1190 Perfectus
1121 1128 1452 1204 (religiosus)
1480 1128 1571 1197 qui
1604 1139 1792 1181 omnes
1835 1122 2112 1192 improbas
2141 1120 2294 1189 cupi-

733 1229 932 1282 ditates
959 1226 1105 1288 vicit,
1147 1223 1402 1289 deinceps
1463 1220 1581 1272 sine
1639 1231 1767 1270 cura
1801 1213 1968 1268 libere
1993 1214 2145 1277 vivit,
2202 1228 2296 1264 nc-

735 1333 842 1386 que
872 1325 1113 1383 tempore
1149 1311 1364 1380 quidem
1411 1307 1608 1360 ltetitiae
1659 1304 1854 1373 qttterit
1885 1302 2023 1356 nl'as
2052 1301 2295 1362 delicias,

736 1420 830 1462 aut
873 1405 1119 1475 sequitur
1174 1402 1448 1455 allectum.
1474 1396 1576 1462 Qui
1626 1404 1806 1447 autrm
1835 1393 2010 1446 adhuc
2051 1407 2171 1444 cum
2215 1390 2294 1442 vi-

737 1496 891 1554 tiosis
918 1495 1086 1550 animi
1137 1488 1638 1562 perturbationibus
1668 1486 1932 1547 luctatur,
1965 1483 2126 1536 etiam
2167 1494 2298 1534 con-

738 1588 1021 1645 solationis
1062 1595 1298 1654 tempore
1341 1582 1408 1634 de
1445 1580 1592 1633 lucta
1632 1576 1853 1646 cogitat,
1894 1581 1948 1624 et
1977 1571 2298 1640 cupiditates

735 1691 971 1744 coercet,
1006 1687 1061 1733 et
1103 1677 1210 1732 illis
1240 1674 1458 1728 modum
1489 1670 1730 1737 lincsque
1761 1674 1939 1720 certos
1972 1663 2296 1734 prrcscribit.

737 1773 1016 1831 Obnoxius
1059 1778 1239 1824 autem
1272 1762 1658 1834 cupiditatibus
1711 1775 1924 1829 semper
1964 1756 2166 1826 appetit
2204 1770 2298 1809 vo-

1977 381 2035 438 S.
2061 378 2376 438 JOANNIS
2409 380 2710 438 CLIMACI

3855 381 3961 441 876

2875 491 3050 541 Ἄλλο
3082 488 3472 557 Σολομῶντος,

2463 581 2656 644 Κύριε,
2689 578 2956 632 πλοῦτον
2992 579 3090 632 καὶ
3128 582 3341 633 πενίαν
3380 581 3464 649 μή
3501 598 3603 650 μοι
3632 581 3766 646 δῷς·
3809 583 3950 634 σύγ·-

2393 671 2576 734 τιιξον
2628 670 2694 722 δέ
2737 688 2841 740 μοι
2885 671 2954 723 τὰ
2997 670 3208 723 δέοντα
3253 672 3347 724 καὶ
3403 671 3688 739 abuier
3731 670 3964 724 πλοῦτον

2396 764 2494 832 μὲν
2540 761 2679 816 εἶναι
2743 763 2843 832 τὴν
2896 763 3212 833 πλησμονὴν
3267 763 3604 833 ὁριζόμενος·
3667 765 3856 817 πενίαν
3904 766 3964 817 δὲ

2393 856 2490 924 τὴν
2556 857 2793 927 παντελῆ
2855 856 3091 926 ἀπορίαν
3156 856 3264 908 τῶν
3320 855 3457 926 πρὸς
3515 857 3575 910 τὸ
3629 856 3728 928 ζῇν
3791 858 3964 927 ἀναγ-

2394 965 2584 1001 καιων.

2996 1041 3041 1091 Σ
3042 1039 3255 1106 χόλων
3280 1045 3370 1092 ια’.

2478 1133 2534 1185 '0
2570 1132 2668 1201 μὲν
2695 1131 2900 1191 τέλειος
2923 1129 2994 1181 τὰ
3025 1129 3172 1200 πάθη
3201 1131 3450 1200 νικήσας,
3486 1132 3544 1183 ὲν
3577 1132 3739 1183 πᾶσιν
3765 1133 3963 1204 ἀμερί-

2401 1241 2545 1293 μνως
2570 1224 2858 1285 διάκειται,
2889 1223 2984 1274 καὶ
3014 1221 3137 1273 οὗτε
3167 1223 3226 1272 ἐν
3249 1221 3326 1290 τῷ
3352 1223 3450 1290 τῆς
3484 1222 3818 1292 εὐφροσύνης
3844 1239 3966 1274 και-

2399 1316 2477 1386 ρῷ
2510 1315 2783 1385 φροντίζει
2810 1313 2957 1376 τινὸς
3004 1312 3124 1365 καθ’
3154 1311 3350 1382 ἡδονὴν
3377 1311 3410 1382 ἢ
3445 1313 3768 1380 ὲμπάθειαν.
3819 1315 3876 1366 '0
3909 1315 3966 1367 δὲ

2397 1406 2475 1458 ἔτι
2504 1405 2640 1476 πρὸς
2669 1408 2738 1458 τὰ
2769 1405 2915 1475 πάοη
2945 1403 3364 1472 ἀγωνιζόμενος,
3396 1405 3489 1456 καὶ
3517 1405 3610 1456 τὸν
3648 1408 3746 1472 τῆς
3783 1423 3934 1475 παρα

2399 1497 2643 1567 κλήσεως
2687 1499 2898 1566 καιρδν,
2922 1495 3112 1565 καιρὸν
3151 1495 3327 1565 πάλης
3371 1497 3532 1557 ποιεῖ,
3575 1493 3816 1557 κολάζων
3871 1496 3968 1564 τὴν

2399 1589 2576 1659 ὄρεξιν
2615 1589 2710 1640 καὶ
2746 1588 2920 1658 μέτρα
2953 1589 3044 1640 καὶ
3073 1588 3232 1656 ὄρους
3265 1587 3435 1657 ταύτῃ
3456 1587 3644 1650 τιθείς.
3691 1589 3750 1640 ὐ
3781 1588 3836 1640 δὲ
3867 1589 3967 1656 ἐμ·-

2401 1681 2597 1750 παθὴς,
2626 1680 2712 1732 ἀεὶ
2743 1681 2862 1742 ταῖς
2896 1679 3106 1750 ἡδοναῖς
3129 1679 3303 1748 ἐφιεὶς
3334 1681 3392 1730 ἐν
3413 1679 3491 1747 τῷ
3511 1679 3607 1748 τῆς
3627 1678 3970 1747 εὐφροσύνης

2402 1772 2596 1843 καιρῷ,
2637 1771 2827 1841 ὥσπερ
2857 1772 3108 1841 ἀφορμῆς
3163 1788 3310 1834 τινος
3354 1771 3669 1842 λαϐόμενος,
3703 1772 3822 1832 ὅλος
3862 1769 3971 1822 τῶν

739 1867 992 1935 lnptatcs.
1036 1872 1088 1915 et
1122 1871 1363 1927 tempore
1407 1857 1530 1910 laeto
1556 1854 1777 1915 abusus,
1809 1861 1981 1904 totum
2006 1864 2063 1903 se
2090 1847 2298 1902 deliciis
2331 1838 2372 1893 B
2399 1887 2401 1894 .

2331 1838 2372 1893 Β
2399 1864 2762 1937 ἡδυπαθειῶν,
2802 1864 2894 1916 καὶ
2941 1863 3293 1917 ἀπολαύσεων
3335 1864 3565 1930 γίνεται,
3609 1864 3830 1914 ἀπαιτεῖ
3860 1863 3965 1930 γὰρ

737 1967 793 2013 ct
820 1953 1179 2024 voluptatibus
1219 1950 1402 2014 tradit,
1458 1946 1686 2016 singulis
1723 1944 1867 1997 enim
1901 1941 2050 1996 horis
2087 1951 2141 1995 et
2179 1954 2300 1993 mo-

741 2049 936 2113 mentis
966 2047 1072 2100 illis
1094 2043 1350 2098 oblectari
1386 2039 1601 2108 fruique
1631 2036 1926 2092 desiderat.

1332 2132 1582 2188 Scholion
1613 2129 1701 2182 19..

808 2232 1104 2288 Λαθοιίιηιε
1133 2226 1419 2297 indulgens
1440 2221 1641 2295 gaudet
1680 2219 1834 2274 festis
1873 2227 1930 2271 et
1971 2213 2300 2270 celebritati-

741 2329 865 2390 hus,
889 2325 981 2380 sed
1009 2322 1209 2376 athleta
1236 2317 1437 2373 Christi
1460 2315 1658 2385 gaudet
1686 2311 1844 2380 213
1875 2319 2116 2377 tempore
2145 2305 2301 2358 lucta:

739 2428 796 2474 ct
829 2414 1164 2478 certaminis,
1204 2409 1496 2483 propositis
1532 2405 1631 2460 sibi
1680 2402 1899 2457 coronis
1942 2408 1996 2454 et
2035 2396 2297 2467 przcraiis,

739 2517 862 2580 qua!
889 2523 953 2562 ex
1005 2503 1350 2576 proportione
1390 2497 1794 2569 respondebunt
1827 2491 2125 2546 laboribus.
2167 2485 2300 2540 Per-

741 2576 914 2656 fectus
947 2608 1123 2652 autem
1169 2595 1283 2647 lucc
1316 2590 1551 2647 celebrat
1589 2583 1828 2640 Sabbata
1873 2589 1928 2636 ct
1968 2578 2134 2635 ferias
2182 2576 2303 2630 sine

739 2691 846 2747 alia
869 2704 1021 2747 cura.

1343 2771 1592 2827 Scholion
1620 2768 1706 2822 15.

810 2869 1104 2928 Eum'chos
1163 2863 1450 2933 intelligit,
1501 2861 1568 2915 de
1625 2857 1825 2929 quibus
1871 2853 2004 2908 dicit
2038 2849 2305 2905 Dominus

735 2959 884 3032 quod
935 2957 1143 3025 seipsos
1199 2949 1559 3007 castraverint
1615 2953 1833 3017 propter
1879 2956 2103 3012 regnum
2133 2939 2300 2994 ρατιο-

743 3066 862 3107 rum
887 3049 956 3114 ⁵⁸,
986 3048 1188 3118 quique
1211 3049 1279 3099 ab
1323 3042 1576 3098 omnibus
1607 3038 1900 3093 abstinent.
1942 3033 2077 3088 Nam
2109 3032 2301 3101 reliqui

739 3143 974 3201 eunuchi
1008 3141 1144 3195 nihil
1176 3138 1432 3193 differunt
1461 3135 1529 3189 ab
1565 3133 1687 3188 aliis
1731 3129 2071 3194 hominibus,
2110 3124 2300 3179 iisdem

743 3237 889 3293 vitiis
917 3232 1160 3290 obnoxii.

1335 3315 1582 3373 Scholion
1623 3313 1710 3366 Η.

815 3418 966 3474 Mens
1011 3411 1336 3471 continentis
1383 3417 1466 3463 est
1500 3405 1758 3475 templum
1808 3401 2044 3470 Spiritus
2090 3397 2304 3461 sancti;

749 3527 904 3568 utens
933 3508 1149 3582 gulonis
1181 3513 1265 3561 est
1298 3503 1457 3558 nidus
1485 3511 1796 3555 corvorum.

1344 3593 1594 3649 Scholion
1624 3587 1712 3641 15.

818 3698 1046 3768 Quando
1071 3704 1260 3751 venter
1310 3691 1558 3746 satietate
1601 3682 1886 3746 humescit,
1918 3687 2171 3734 arescunt
2227 3675 2308 3729 la-

755 3804 948 3860 rrymze
976 3807 989 3842 :
1015 3784 1231 3855 quando
1263 3790 1440 3836 autem
1480 3791 1574 3847 per
1602 3772 1838 3829 inediam
1870 3778 2056 3824 venter
2088 3764 2308 3828 arescit,

754 3887 1077 3938 humescnnt
1098 3889 1152 3933 et
1183 3874 1454 3931 inundant
1476 3871 1748 3939 lacrymm.

1353 3959 1603 4018 Scholion
1633 3955 1718 4010 16.

829 4059 1086 4131 Voluptas
1107 4053 1401 4124 persimilis
1435 4060 1517 4105 est
1544 4047 1688 4111 cani,
1720 4058 1882 4115 quem
1914 4041 1960 4098 si
1989 4037 2312 4109 insequaris,

2399 1961 2606 2034 ἑκάστῃ
2646 1961 2766 2030 ὥρᾳ
2791 1959 2859 2012 τὰ
2878 1959 2936 2011 ὲν
2962 1959 3156 2022 αὐταῖς
3185 1958 3524 2028 ἐπιτελῆσαι.

2991 2136 3038 2187 Σ
3041 2135 3253 2201 χόλων
3278 2131 3366 2201 ιβ’.

2484 2229 2542 2282 Ὁ
2567 2228 2664 2297 μὲν
2688 2225 2940 2296 ἐμπαθὴς
2978 2226 3158 2296 χαίρει
3192 2223 3250 2275 ἐν
3273 2224 3490 2294 ἑορταῖς
3522 2223 3617 2275 καὶ
3655 2223 3971 2292 πανηγύρε-

2405 2337 2508 2374 σιν·
2547 2321 2576 2372 ὁ
2600 2319 2656 2372 δὲ
2681 2317 2987 2388 ἀγωνιστὴς
3016 2318 3074 2370 ἐν
3104 2316 3280 2386 καιρῷ
3302 2314 3498 2384 πάλης,
3531 2312 3974 2383 προστιθεμένων
4037 2313 4044 2319 ”

2402 2412 2551 2482 αύτῷ
2589 2411 2868 2479 στεφάνων
2891 2409 3032 2463 κατά
3052 2410 3151 2478 τὴν
3175 2406 3462 2475 ἀναλογίαν
3492 2407 3601 2458 τῶν
3627 2407 3910 2477 καμάτων·
3945 2410 3976 2460 ὁ

2401 2503 2458 2557 δὲ
2477 2504 2680 2565 τέλειος
2700 2501 2872 2554 ταῦτα
2893 2499 3212 2570 ἀμερίμνως
3231 2497 3608 2551 ὲσαϐὅάτισεν.

3004 2753 3259 2820 Σχόλιον
3280 2757 3367 2819 ιγ’.

2477 2847 2778 2916 Εὐνούχους
2806 2846 2993 2914 φησιν,
3027 2844 3122 2907 οὓς
3162 2847 3191 2896 ὁ
3231 2842 3434 2913 Κύριος
3468 2840 3693 2904 ἑαυτοὺς
3726 2841 3977 2908 εὐνουχί-

2407 2953 2496 2989 σαι
2527 2932 2669 2999 εἷπε,
2695 2936 2784 2988 διὰ
2803 2937 2903 3005 τὴν
2931 2934 3040 2986 τῶν
3079 2932 3324 3003 οὐρανῶν
3360 2931 3653 3001 βασιλείαν,
3686 2931 3781 2983 καὶ
3818 2947 3980 3002 περι-

2405 3028 2635 3090 εκτικῶς
2659 3029 2756 3095 ἐγκ
2767 3027 3175 3097 ρατευομένους·
3201 3025 3252 3077 οἱ
3279 3024 3386 3094 γὰρ
3413 3023 3586 3076 λοιποὶ
3609 3022 3762 3075 οὐδὲν
3790 3023 3978 3092 διαφὲ-

2411 3137 2582 3191 ρουσι,
2609 3123 2722 3183 τοῖς
2745 3120 2928 3182 αὐτοῖς
2949 3117 3369 3183 περιπίπτοντες
3397 3114 3614 3168 πάθεσι.

3000 3295 3048 3345 Σ
3049 3293 3261 3359 χόλων
3283 3289 3362 3342 ιδ’.

2491 3387 2546 3441 ’0
2567 3387 2688 3450 νοῦς
2708 3384 3011 3457 ἐγκρατοῦς
3034 3385 3158 3446 ναὸς
3180 3383 3280 3434 τοῦ
3311 3381 3468 3448 ἁγίου
3503 3381 3838 3449 Πνεύματος,
3864 3382 3894 3434 ὁ
3920 3381 3980 3432 δὲ

2409 3481 2502 3534 τοῦ
2532 3481 2948 3551 γαστριμάργου
2975 3478 3396 3546 κατοικητήριον
3424 3476 3692 3546 κοράκων.

3006 3572 3266 3639 Σχόλιον
3305 3569 3386 3623 ιε’.

2492 3663 2756 3734 Ὀπηνίκα
2788 3663 3103 3734 ὐγραίνεται
3146 3662 3359 3733 γαστὴρ
3397 3659 3489 3714 διὰ
3513 3661 3695 3728 κόρου,
3730 3657 3980 3726 ξηραίνε-

2412 3775 2500 3811 ται
2525 3757 2754 3825 δάκρυαο
2798 3756 2886 3808 ὅτε
2927 3754 2983 3808 δὲ
3016 3755 3084 3806 δι’
3115 3754 3440 3825 ἐγκρατείας
3465 3756 3500 3822 ἡ
3531 3751 3705 3804 κοιλία
3730 3750 3979 3819 ξηραίνε-

2411 3868 2525 3915 ται,
2549 3847 2768 3912 αὔξουσι
2800 3847 2869 3900 τὰ
2893 3847 3003 3899 τῶν
3021 3845 3273 3916 δακρύων
3300 3845 3486 3899 ὕδατα.

3006 3941 3052 3991 Σ
3054 3939 3264 4007 χόλων
3289 3943 3383 4000 ις’.

2487 4035 2621 4087 Κυνὶ
2659 4034 2833 4086 ἔοικεν
2877 4034 2911 4103 ἡ
2937 4031 3101 4102 ἠδονη
3120 4048 3136 4062 ’
3167 4029 3262 4083 ἐὰν
3285 4029 3504 4099 διώξῃς,
3534 4027 3743 4095 ψεύγει,
3786 4026 3883 4078 ἐὰν
3923 4025 3982 4076 δὲ

759 4156 931 4224 fugit,
970 4118 1014 4207 si
1045 4118 1182 4212 alas,
1227 4155 1426 4202 manet.
1476 4141 1624 4212 Fuge
1654 4135 2072 4194 delectationem
2101 4138 2317 4201 propter
2417 4137 2421 4172 ι

2316 4149 2317 4154 ‘
2417 4127 2641 4200 θρέψῃς,
2673 4127 2997 4198 παραμένει.
3020 4123 3192 4192 Φεῦγε
3215 4122 3313 4192 τὴν
3331 4121 3519 4190 τέρψιν
3546 4120 3632 4174 διὰ
3659 4121 3758 4189 τὴν
3782 4118 3978 4187 θλίψιν,

757 4247 1119 4306 alllictionem,
1149 4256 1216 4294 ne
1244 4240 1502 4294 adversus
1535 4247 1586 4290 te
1616 4231 1873 4287 membris
1891 4227 2002 4282 tuis
2031 4241 2128 4296 pro
2152 4223 2318 4279 armis

759 4349 938 4394 utatur
973 4334 1241 4391 diabolus.
1503 4393 1505 4395 ι

1356 4421 1600 4479 Scholion
1638 4418 1725 4473 Π.

827 4523 1128 4578 Prudenter
1179 4534 1310 4573 cura
1349 4525 1404 4570 et
1451 4511 1694 4568 studiose
1749 4506 2127 4576 laborioseque
2177 4504 2320 4558 circa
2354 4527 2397 4581 ι)

763 4618 904 4672 hanc
933 4612 1188 4682 advigila,
1220 4621 1277 4664 ut
1303 4624 1397 4678 per
1428 4604 1633 4660 ventris
1667 4599 1986 4655 alllictiones
2014 4614 2078 4652 os
2099 4595 2322 4651 conclu-

761 4711 880 4774 das,
912 4722 979 4761 ne
1003 4722 1109 4776 qua
1139 4704 1320 4772 lingua
1347 4697 1564 4753 exsiliat
1586 4703 1678 4747 aut
1704 4699 1974 4762 erumpat,
2001 4698 2056 4743 et
2078 4688 2322 4743 habitum

763 4797 1104 4870 loquacitatis
1134 4791 1440 4850 contrahat.

1303 4881 1552 4937 Scholion
1586 4876 1786 4930 Isaaci.

837 4985 1055 5039 Vitiosa:
1083 4978 1404 5048 cupiditates
1445 4969 1751 5042 persimiles
1788 4975 1916 5022 sunt
1946 4963 2176 5026 catellis,
2223 4962 2316 5032 qui

769 5071 1007 5128 macellis
1033 5071 1408 5126 assueverunt,
1431 5075 1571 5130 quos
1601 5057 1715 5113 sola
1738 5071 1839 5110 vox
1869 5054 2106 5109 hominis
2133 5051 2316 5122 fugat:

767 5166 861 5221 sed
893 5159 1116 5232 neglecti
1143 5169 1398 5225 tanquam
1422 5153 1670 5223 ingentes
1699 5149 1884 5204 leones
1915 5146 2180 5200 insiliunt.

1453 5329 1634 5385 Aliud.

839 5433 1010 5489 Nemo
1042 5438 1214 5500 potest
1244 5440 1437 5497 pravas
1475 5423 1800 5493 cupiditates
1840 5419 2058 5473 vincere
2091 5413 2195 5469 nisi
2231 5428 2324 5483 per

768 5529 1020 5590 virtutes,
1052 5535 1173 5593 qua:
1207 5537 1297 5590 per
1342 5532 1552 5582 sensus,
1599 5513 1837 5568 adhibita
1885 5509 2050 5564 animi
2083 5514 2323 5563 contem-

771 5619 1029 5692 platione,
1057 5621 1394 5670 exercentur.

848 5823 889 5852 ⁵⁸
920 5819 1085 5875 ἒῖιη.
1125 5813 1302 5875 nx?
1395 5808 1439 5838 "’
1465 5806 1646 5861 Matth.
1684 5820 1799 5869 xix,
1838 5803 1917 5855 l9.

2421 4221 2495 4290 μὴ
2515 4222 2626 4281 τοῖς
2654 4220 2762 4279 σοῖς
2789 4218 2995 4288 μέλεσι,
3031 4215 3209 4286 βέλεσι
3235 4213 3378 4266 κατά
3405 4211 3498 4265 σοῦ
3527 4213 3796 4281 χρήσηται
3822 4212 3853 4261 ὁ
3872 4209 3984 4264 διὰ-

2420 4311 2591 4375 ϐολος.

3015 4399 3272 4467 £16110:-
3301 4395 3387 4460 ιζ’.

2507 4491 2912 4562 Ἐπιστημὸνως
2944 4487 3204 4559 ἐπιμελοῦ
3231 4491 3324 4541 καὶ
3354 4485 3605 4557 ὲμπᾶνως
3635 4484 3762 4554 περὶ
3786 4483 3990 4552 ταύτην

2424 4585 2784 4656 καρτέρησον,
2821 4586 2909 4636 ἵνα
2945 4582 3036 4634 διὰ
3072 4581 3183 4633 τῶν
3208 4578 3588 4648 ὐπωπιασμῶν
3629 4578 3726 4644 τῆς
3754 4575 3992 4646 γαστρὸς

2423 4676 2484 4728 τὸ
2531 4674 2704 4744 στόμα
2725 4705 2728 4710 -
2751 4672 3107 4742 ἀποκλείηται
3159 4669 3295 4740 πρὸς
3340 4669 3399 4722 τὺ
3450 4668 3525 4738 μὴ
3564 4665 3846 4738 προπηδᾷν
3892 4667 3994 4734 τὴν

2424 4768 2695 4836 γλῶσσαν,
2728 4767 2819 4819 καὶ
2853 4767 2910 4818 ὲν
2940 4763 3050 4828 ἕξει
3079 4762 3324 4832 γίνεσθαι
3350 4761 3688 4826 πολυλογίας.

2987 4857 3166 4910 Ἀλλο
3211 4855 3430 4911 Ἰσαάκ,

2507 4952 2744 5006 Ἐοίκασι
2765 4951 2835 5003 τά
2858 4949 3004 5020 πάθη
3034 4949 3310 5019 κυναρίοις
3333 4947 3448 5009 τοῖς
3474 4943 3686 4997 εἰωθόσι
3714 4942 3996 5011 σχολάζει-ι

2425 5047 2535 5108 τοῖς
2571 5043 2972 5113 μακελλαρίοις,
3004 5041 3162 5095 ἅτινα
3205 5039 3342 5111 μόνῃ
3386 5039 3537 5107 φωνῇ
3563 5033 3994 5102 ἀποδιδράσκου-

2431 5155 2504 5201 σι,
2560 5135 2906 5206 ἀμελούμενα
2959 5133 3016 5186 δὲ
3063 5132 3138 5196 ὡς
3201 5131 3412 5193 λέοντες
3465 5124 3845 5196 παμμεγέθεις
3897 5127 3999 5174 ἐπ-

2433 5236 2704 5306 ἔρχονται.

3112 5321 3320 5373 Ἀλλο.

2503 5421 2687 5481 Οὐδεὶς
2713 5419 2931 5471 δύναται
2978 5414 3186 5484 νικῆσαι
3213 5411 3281 5465 τά
3305 5408 3474 5480 πάθη,
3508 5410 3556 5461 εἰ
3587 5405 3660 5477 μὴ
3695 5403 3761 5457 δι’
3784 5397 3998 5473 ἀρετῶν

2436 5509 2706 5580 αἰσθητῶν
2729 5507 2939 5578 θεωρουρ
2988 5519 3121 5559 ενον.
