4210 6464
138 366 315 433 -8’Π

810 473 1065 542 Σχττλιων·
1098 475 1185 534 ιη’.

283 569 500 638 Δαεμων
527 568 753 637 δαίμονα
796 567 896 616 οὐκ
933 560 1202 622 ἐκϐάλλει,
1247 555 1607 626 παραπέμπει
1647 552 1705 604 δὲ
1747 551 1776 602 ὁ

211 661 312 729 τῆς
352 657 793 730 γαστριμαργίας
841 655 976 723 πρὸς
1022 651 1112 703 τὸν
1152 650 1251 716 τῆς
1299 648 1574 717 πορνείας·
1611 647 1639 695 ὁ
1679 644 1777 713 τῆς

213 751 513 816 κενοδοξίας
557 749 691 818 πρὸς
733 746 824 797 τὸν
851 746 950 807 τῆς
978 739 1370 812 ὑπερηφανίας·
1411 741 1440 792 ὁ
1470 740 1567 807 τῆς
1589 736 1778 805 ὁξυχο-

214 844 349 908 λίας,
376 842 512 910 πρὸς
531 843 622 894 τὸν
643 841 739 909 τῆς
766 856 872 907 μνη
883 836 1151 896 τικακίοις⁸
1179 836 1205 885 ὁ
1223 833 1320 902 τῆς
1346 831 1622 898 λαγνείας,
1645 829 1780 898 πρὸς

1224 355 1452 414 SCAIA
1493 351 1869 411 PARADISI.
1898 377 1965 389 -·-
1987 353 2292 413 GRADUS
2319 354 2472 414 XIV.

1801 471 1848 526 Α

3332 364 3435 428 878

2477 463 2726 520 Schonon
2756 468 2844 522 18.

1948 555 2167 610 Dzemon
2196 559 2494 612 dannonem
2550 573 2657 613 non
2694 560 2865 630 pellit,
2904 560 2998 616 sed
3042 561 3267 632 spiritus
3301 564 3438 636 guie

1879 648 2199 703 transmittit
2229 649 2476 718 gulosum
2509 652 2573 706 at"
2614 651 2866 722 spiritum
2892 647 3181 710 ‘luxurize:
3214 658 3440 726 spiritus

1877 754 2031 792 vana:
2049 740 2254 808 gloriae,
2273 741 2458 812 gloria:
2486 743 2742 811 cupidum
2773 744 2840 799 ad
2866 744 3115 814 spiritum
3140 749 3439 816 superbiae;

1883 829 2174 884 iracundiae
2201 829 2424 900 spiritus
2459 833 2779 887 iracundum
2805 833 2872 888 ad
2898 834 3148 904 spiritum
3178 838 3272 907 qui
3299 838 3443 910 inju-

211 938 305 988 τὸν
333 936 432 1005 τῆς
469 931 828 1000 ἀπογνώσεως
852 947 863 960 ο
898 928 990 980 καὶ
1031 925 1214 988 ἁπλῶς
1243 926 1290 976 οἱ
1322 923 1450 992 ἑξῆς
1489 921 1626 991 πρὸς
1657 919 1781 982 τοὺς

1881 921 1992 974 rias
2033 925 2329 989 praeteritas
2377 923 2628 990 tnjuriam
2682 939 2845 994 passo
2874 941 3088 997 semper
3128 926 3186 982 in
3237 944 3442 984 memo-

215 1024 368 1094 ἑξῆς.

815 1303 1074 1356 Σγὸλιον
1098 1299 1184 1353 ιϐ’.

815 1320 1074 1368 λιχονιιον
1098 1320 1184 1353 tU'.

291 1401 466 1470 Εὖχου
514 1396 767 1464 γενέσθαι
823 1395 932 1447 τῶν
995 1394 1212 1459 ὀλίγων,
1257 1389 1520 1444 Σπάνιον
1565 1387 1675 1457 γὰρ
1719 1389 1785 1440 τὸ

1884 1008 2019 1060 riam
2054 1022 2261 1065 revocw
2287 1029 2300 1076 ;
2330 1014 2555 1080 spiritus
2600 1015 2904 1070 mnuritatis
2936 1016 3207 1086 impurum
3235 1019 3302 1074 ad
3332 1023 3446 1090 spi-

1884 1101 2046 1153 ritum
2077 1100 2456 1159 dcsue'atien‘:
2498 1122 2510 1159 :

1884 1189 2042 1244 alios.

2702 1109 2937 1199 timur
2962 1109 3050 1163 alii
3080 1110 3337 1181 deinceps
3378 1115 3447 1168 ad

2482 1285 2731 1342 Schefion
2767 1290 2851 1343 ia.

1957 1370 2185 1430 Precare
2216 1375 2382 1429 Deum
2416 1388 2473 1432 ut
2503 1378 2580 1433 sis
2605 1395 2643 1432 e
2678 1395 2904 1434 numero
2935 1395 3252 1449 paucorum.
3289 1383 3452 1456 215

216 1463 463 1558 draﬂiir.
499 1463 590 1539 Διὸ
623 1488 716 1539 καὶ
762 1485 930 1552 ὀλίγοι
975 1485 1113 1536 εἰσὶν
1165 1484 1213 1535 oi
1256 1482 1646 1549 εἰσερχόμενοι.
1697 1478 1787 1547 Μὴ

1889 1463 2089 1518 Rarum
2114 1477 2192 1520 est
2230 1467 2368 1537 quod
2414 1471 2604 1523 bonum
2653 1480 2749 1536 est,
2782 1473 3008 1542 proinde
3047 1477 3205 1544 pauci
3251 1475 3450 1531 caelum

216 1581 426 1642 πάντας
451 1577 666 1646 λογίζου
694 1579 822 1636 τοὺς
861 1578 918 1626 ὲν
955 1579 1022 1643 τῇ
1045 1573 1228 1642 κέλλῃ,
1263 1572 1533 1636 σώζεσθαι
1556 1569 1790 1630 φαύλους

1889 1559 2282 1626 ingrediuntur.
2321 1559 2443 1616 Noli
2478 1573 2672 1632 putare
2698 1579 2890 1619 omnes
2931 1567 3020 1635 qui
3051 1567 3105 1620 in
3149 1568 3303 1623 cellis
3331 1582 3453 1622 mo-

213 1689 276 1724 τε
312 1671 408 1723 καὶ
425 1670 712 1741 χρηστούς·
748 1671 808 1720 οὐ
839 1667 948 1737 γὰρ
971 1666 1144 1729 οὕτως
1175 1664 1309 1735 εχει·
1340 1662 1526 1716 πολλοὶ
1554 1663 1652 1733 μὲν
1683 1662 1790 1731 γὰρ

219 1765 616 1834 προσέρχονται
656 1759 734 1830 τῷ
779 1759 1016 1829 ἐναρέτῳ
1049 1757 1166 1828 βίῳ·
1199 1757 1369 1824 ὀλίγοι
1399 1756 1455 1808 δὲ
1485 1755 1577 1807 τὸν
1624 1752 1790 1806 αὑτοῦ

223 1855 630 1924 καταδέχονται.

434 1949 690 2015 Σχόλιον
716 1945 821 1998 τοῦ
857 1945 1122 2015 μεγάλου
1160 1943 1481 1997 Βασιλείου
1507 1941 1574 1997 κ’.

298 2035 531 2098 Πολλοὺς
558 2031 698 2087 εἶδον
729 2034 926 2088 πάθεσι
967 2033 1335 2103 κρατηθέντας
1361 2035 1418 2085 ὲν
1452 2032 1610 2102 ὑγεία
1636 2049 1792 2099 γενο-

227 2128 442 2198 μένους·
469 2127 566 2178 ἕνα
602 2128 658 2179 δὲ
693 2127 758 2178 ἐκ
779 2127 995 2179 πάντων
1016 2125 1358 2196 λαϐροφάγον
1391 2125 1423 2193 ἢ
1450 2126 1794 2196 γαστρίμαρ-

222 2240 344 2290 γον,
372 2223 472 2275 οὑκ
501 2218 661 2276 εἶδον·
697 2222 810 2274 ἀλλ’
838 2223 871 2294 ἦ
903 2223 1312 2293 ἀπορῤαγέντας
1352 2223 1446 2275 τοῦ
1492 2221 1794 2292 ἐγκρατοῦς

224 2312 366 2380 βίου’
393 2312 426 2382 ἢ
449 2311 528 2380 τῷ
562 2313 751 2381 κόσμῳ
783 2311 1354 2382 συνδιαφθαρένταςιῆ
1389 2314 1502 2374 τοῖς
1533 2311 1794 2379 ἐγκρατέ-

226 2421 313 2455 σιν
341 2403 852 2473 ἐναποκρύπτεσοαι
897 2404 1298 2475 πειρωμένους,
1328 2403 1424 2456 καὶ
1459 2401 1535 2472 τῷ
1566 2401 1798 2471 διαϐόλῳ

1891 1651 2189 1705 nachorum
2225 1654 2488 1721 residunt,
2513 1655 2684 1710 bonos
2713 1656 2935 1725 perinde
2969 1672 3033 1712 ac
3077 1658 3247 1711 malos
3275 1660 3455 1712 salvos

1894 1741 2037 1808 ﬁeri;
2069 1755 2282 1800 nonest
2309 1746 2382 1799 ita
2414 1765 2426 1800 :
2473 1747 2630 1802 multi
2666 1747 2811 1802 enim
2839 1749 3192 1804 aceeduntad
3231 1751 3454 1819 probam

1822 1819 1864 1872 Β
1893 1834 2081 1900 vitam,
2109 1836 2204 1890 sed
2232 1837 2390 1906 pauci
2421 1838 2610 1906 jugum
2637 1837 2753 1904 ejus
2779 1841 3102 1910 suscipiunt.

2350 1930 2545 1985 Basilii
2583 1931 2765 2002 Magni
2789 1931 2865 1989 20
2903 1932 3001 2004 (al.

1965 2023 2161 2078 Multos
2204 2039 2304 2095 ego
2351 2025 2844 2096 animadverti,qui
2897 2041 3022 2080 cum
3065 2027 3213 2082 vitiis
3249 2027 3370 2084 aliis
3407 2040 3461 2083 et

1897 2115 2178 2172 all‘ectibus
2205 2117 2384 2186 pravis
2413 2118 2742 2185 laborarent,
2761 2119 2825 2173 ad
2859 2119 3144 2174 sanitatem
3169 2119 3457 2175 reductos:

1897 2209 1987 2278 qui
2016 2219 2199 2263 autem
2240 2210 2344 2264 hoc
2367 2210 2557 2265 morbo
2589 2211 2928 2277 tenebantur,
2956 2219 3014 2264 ut
3043 2221 3139 2266 aut
3167 2211 3221 2265 in
3247 2212 3463 2268 occulto

1897 2303 2192 2365 esitarcnt,
2251 2313 2346 2356 aut
2388 2303 2511 2372 gula
2555 2304 2913 2358 ducerentur.
2959 2305 3306 2360 emendatum
3353 2305 3464 2360 vidi

1900 2394 2204 2460 neminem;
2239 2394 2330 2448 sed
2361 2403 2455 2448 aut
2483 2411 2514 2449 a
2559 2396 2954 2449 continentium
3004 2395 3360 2452 contubernio
3406 2411 3467 2452 se

222 2499 291 2566 τῇ
337 2494 1202 2570 ἡδυ-παοξίᾳνσμνασπᾳξομένουςο
1246 2495 1475 2564 ψεῦσται
1515 2495 1622 2565 γάρ
1661 2497 1800 2547 εἰσιν

1900 2486 2119 2551 penitus
2156 2485 2491 2552 abruperunt
2523 2495 2577 2540 et
2623 2487 2743 2540 vitae
2784 2486 2946 2555 hujus
2982 2487 3165 2541 mundi
3199 2487 3467 2543 illecebris

223 2581 393 2640 οὖτοι’
427 2577 751 2657 πολύορκόιξ
779 2587 1118 2656 ἀντιστάται,
1143 2585 1522 2655 ἀντιπλῆκται,
1557 2585 1800 2653 ἀνακράσ-

225 2689 378 2739 κται,
413 2668 800 2751 ἁρεῖῆσιφᾶγὸι,
830 2676 1193 2746 ἀνελεύθεροι,
1220 2676 1568 2746 ἁϐροδίαιτοι,
1601 2673 1802 2744 μεμψί-

230 2791 436 2842 μοιροι,
468 2771 1261 2843 ἐρευνηταὶ,’σκοτεινοχάρεις·
1287 2770 1468 2840 πάσης
1492 2769 1589 2839 τῆς
1615 2768 1804 2838 ἐναρέο

225 2879 327 2914 του
374 2861 648 2924 πολιτείας
691 2861 1018 2931 ἀντεργάται
1047 2859 1302 2912 ἑκούσιοι.
1340 2858 1457 2912 Ἵνα
1482 2857 1540 2910 δὲ
1579 2857 1676 2926 τῆς
1705 2874 1804 2924 γα-

229 2954 605 3022 στριμαργίας
635 2953 806 3014 πάοος
841 2953 1174 3013 σκεπάσωσι,
1200 2951 1280 3020 τῷ
1299 2948 1452 3021 ὲσμῷ
1479 2949 1590 3001 τῶν
1618 2948 1805 3002 κακῶν

231 3043 678 3112 περιπίπτουσιν.
729 3043 938 3105 υἵτινες
995 3040 1074 3110 τῷ
1133 3039 1234 3111 μὲν
1289 3038 1525 3109 σχήματί
1570 3039 1706 3090 εἰσιν
1747 3037 1807 3090 ὲν

229 3136 349 3196 τοῖς
381 3133 728 3203 σωζομένοις.
759 3133 922 3201 mea
955 3131 1240 3202 πράγματι
1268 3132 1375 3183 εισι
1402 3128 1808 3199 κατακεκριμέ-

232 3242 343 3279 νοι.

1903 2587 2024 2628 sese
2063 2573 2414 2638 dediderunt;
2448 2585 2542 2628 aut
2582 2574 2711 2629 dum
2756 2573 2895 2628 inter
2923 2574 3258 2628 abstinentes
3285 2575 3470 2629 occul-

1906 2674 2020 2716 tare
2067 2679 2124 2718 se
2154 2665 2499 2728 studuerunt,
2535 2663 2902 2732 voluptatibus
2935 2665 3146 2725 ,addicti
3185 2665 3320 2719 duce
3354 2665 3471 2718 dia-

1906 2756 2030 2810 bolo
2059 2756 2324 2825 stipendia
2351 2766 2684 2810 meruerunt.
2710 2755 2842 2811 Nam
2863 2758 2956 2826 qui
2984 2757 3289 2812 istiusmodi
3320 2768 3469 2820 sunt,

1905 2847 1942 2902 ii
1969 2858 2096 2902 sunt
2135 2847 2444 2911 mendaces,
2480 2848 2794 2917 perjuriosi,
2825 2849 3070 2918 litigiosi,
3099 2849 3192 2918 qui
3225 2849 3469 2920 percussi

1906 2941 2296 3012 repercutiunt,
2330 2941 2579 3006 clamosi,
2611 2949 2666 2995 et
2711 2941 2804 3010 qui
2854 2955 2913 2997 se
2946 2941 3124 2996 edisse
3156 2950 3470 3010 pernegcnt,

1906 3031 2221 3095 illiberales,
2273 3033 2365 3102 qui
2396 3031 2538 3087 victu
2577 3032 2808 3088 delicato
2839 3032 3128 3103 gaudeant,
3171 3032 3470 3103 querulosi,

1909 3124 2140 3178 aliorum
2187 3124 2386 3179 curiosi
2436 3124 2841 3193 exploratores,
2870 3123 3251 3191 tenebriones,
3292 3124 3475 3179 omnis

1831 3203 1874 3259 (οἶ
1908 3216 2149 3269 honesta:
2203 3217 2323 3270 vita:
2371 3216 2438 3269 de
2490 3216 2754 3269 industria
2807 3216 3051 3282 inimici;
3086 3215 3181 3286 qui
3227 3225 3287 3271 ut
3331 3215 3476 3284 gula:

233 3315 430 3368 vitium
479 3315 770 3380 obtegant,
823 3312 1304 3367 innumerabilibus
1354 3326 1414 3365 se
1459 3310 1581 3364 aliis
1638 3308 1797 3362 noxis
1836 3307 2164 3360 involvunt:
2199 3306 2292 3374 qui
2334 3321 2458 3360 cum
2495 3306 2674 3375 specie
2701 3321 2797 3361 seu
2865 3306 3049 3362 habitu
3092 3307 3232 3362 inter
3293 3307 3474 3363 salvos

232 3421 363 3462 esse
391 3406 694 3469 videantur,
722 3404 900 3474 rcipsa
934 3404 1072 3458 inter
1105 3403 1443 3458 damnandos
1482 3398 1804 3456 numerandi
1846 3405 1993 3454 sunt.

833 3498 1090 3566 Σχόλιον
1118 3504 1223 3550 κα’.

310 3591 737 3660 Καλλωπισμοῖς
787 3589 1035 3659 ἱματίων,
1077 3589 1172 3642 καὶ
1213 3589 1498 3659 πλησμονῇ
1553 3585 1810 3657 γαστρὸς,

242 3682 552 3747 ἐντευξεσιν
582 3681 868 3751 βλαϐεραῖς
890 3681 1015 3743 τοὺς
1046 3681 1312 3748 πονηροὺς
1346 3679 1636 3748 γεννᾶσθαι
1662 3679 1812 3746 λογι-

242 3774 421 3842 σμοὺς
460 3774 517 3826 ὲν
552 3775 616 3844 τῇ
642 3772 787 3842 ψυχῇ
832 3775 896 3824 ὲκ
935 3773 1042 3825 τῶν
1069 3773 1346 3843 ἐμπείρων
1378 3774 1472 3825 καὶ
1496 3770 1813 3845 πρακτικῶν

243 3881 308 3926 γε
318 3864 522 3933 ρὸντων
541 3855 775 3932 ἀκήκοα.

336 3958 352 3968 ‘
833 3952 876 4002 Σ
879 3950 1088 4018 χόλιον
1113 3950 1213 4019 κβ’,

333 4043 522 4112 Ὠραία
552 4044 585 4112 ἡ
635 4043 879 4111 νηστεία,
918 4043 950 4111 ἡ
999 4041 1347 4112 βραχυφαγίᾳ
1390 4042 1673 4111 χαίρουσα,
1721 4041 1816 4095 καὶ

243 4133 573 4201 λιτοφαγίαν
642 4133 834 4202 ἔχουσα
860 4173 874 4196 ,
946 4136 1040 4185 καὶ
1098 4132 1616 4203 ἁνΟρωπαρεσκείαν
1682 4133 1814 4201 φεύ-

244 4244 350 4293 γου
358 4243 448 4279 σα.

840 4318 1097 4384 Σχόλιον
1125 4323 1229 4383 κγ’.

333 4409 426 4461 Ἑν
463 4407 692 4476 ἀφθονίᾳ.
738 4406 956 4472 ἀγαθῶν
1008 4407 1104 4475 τὴν
1152 4406 1258 4459 τῶν
1304 4406 1603 4476 ἀνθρώπων
1655 4407 1818 4473 φύσιν

241 4498 599 4566 ὑπεστήσατο
627 4495 721 4548 ἀπ’
750 4497 921 4567 ἀρχῆς
947 4499 974 4548 ὁ
999 4496 1151 4558 Θεὸς·
1173 4496 1252 4548 διὸ
1282 4497 1315 4566 ὴ
1337 4497 1444 4549 τῶν
1470 4497 1817 4553 ἀπολαύσεων

242 4587 468 4656 ἐκκοπὴ
503 4586 578 4649 ὼς
634 4588 784 4656 παρὰ
829 4588 926 4655 τὴν
972 4587 1230 4638 σύστασιν
1271 4583 1424 4650 οὖσα,
1461 4586 1566 4640 κᾶν
1597 4587 1815 4659 ὑπάρχῃ

240 4679 396 4734 κατὰ
432 4678 772 4747 προαίρεσιν,
817 4678 964 4747 ὅμως
1010 4675 1320 4740 ἐκϐιάζεται
1370 4678 1459 4730 τὸν
1509 4678 1814 4743 συστάσεως

2515 3490 2759 3546 Scholion
2787 3493 2878 3546 21.

1981 3582 2144 3637 Cultu
2172 3583 2426 3647 vestium,
2454 3585 2661 3638 ventris
2690 3585 2949 3653 ingluvie,
2999 3587 3180 3655 pravis
3216 3597 3270 3642 et
3297 3589 3476 3646 noxiis

1913 3677 2234 3730 occursibus
2264 3691 2358 3730 seu
2393 3675 2678 3746 colloquiis
2720 3678 2892 3733 malas
2949 3678 3003 3731 in
3051 3679 3228 3734 anima
3270 3681 3478 3751 cogita-

1913 3765 2092 3818 tioncs
2139 3765 2386 3834 generari
2408 3773 2462 3820 et
2491 3767 2750 3821 exsistere
2774 3780 2806 3819 a
2834 3765 3043 3835 pet’ttis,
3063 3775 3120 3821 et
3158 3767 3226 3822 iis
3257 3767 3348 3837 qui
3389 3784 3476 3822 re-

1913 3869 2036 3909 rum
2066 3869 2226 3909 usum
2256 3855 2473 3921 habent,
2509 3857 2730 3912 senibus
2756 3857 2959 3912 audivi.

2508 3946 2762 4003 Scholion
2793 3948 2884 4003 ‘22.

1981 4037 2252 4108 Jejunium
2310 4042 2684 4110 tempestivum
2752 4040 2969 4112 Deoquc
3029 4053 3239 4110 gratum
3284 4044 3479 4114 gaudet

1915 4131 2061 4185 brevi
2090 4147 2300 4198 mensa,
2330 4144 2384 4189 et
2419 4135 2568 4189 tenui
2594 4135 2858 4204 inopeque
2899 4134 3070 4199 victu,
3115 4145 3169 4189 et
3200 4133 3336 4206 fugit
3365 4137 3480 4207 pla-

1917 4238 2037 4290 cere
2066 4225 2394 4281 hominibus.

2514 4316 2763 4373 Scholion
2793 4319 2884 4373 25.

1987 4410 2126 4464 Deus
2154 4410 2222 4465 ab
2259 4411 2410 4465 initio
2445 4411 2720 4466 hominem
2756 4410 2811 4466 in
2843 4411 2992 4465 omni
3030 4411 3292 4466 bonorum
3326 4411 3480 4482 copia

1918 4499 2220 4562 constituit,
2254 4515 2318 4555 ac
2347 4509 2623 4569 propterea
2667 4501 3006 4569 voluptatum
3050 4497 3388 4570 exstirpatio,
3423 4515 3484 4555 ut

1917 4603 2038 4657 qua:
2069 4598 2264 4657 prater
2292 4600 2498 4644 naturae
2525 4592 2966 4646 constitutionem
2992 4591 3082 4657 sit,
3113 4595 3362 4662 quamvis
3391 4595 3483 4648 de-

1919 4681 2145 4734 liberate
2175 4682 2360 4736 animo
2391 4681 2502 4746 ﬁat,
2529 4694 2704 4738 tamen
2736 4685 2843 4738 vim
2866 4684 3030 4739 infert
3061 4695 3287 4742 naturae.
3319 4685 3483 4743 Recte

240 4774 432 4840 λόγον·
487 4769 658 4840 ὀρθῶς
690 4766 783 4822 οὖν
818 4772 851 4836 ἠ
905 4770 1244 4840 ἐστερημένη
1286 4770 1394 4823 τῶν
1442 4770 1564 4824 καθ’
1603 4769 1810 4843 ἡδονὴν,

1849 4753 1892 4806 θ
1923 4772 2088 4841 igitur
2116 4773 2382 4842 jejunium
2431 4775 2704 4844 voluptate
2747 4774 3018 4845 privatum
3075 4777 3329 4832 violentia
3384 4794 3483 4832 na-

242 4866 343 4935 βία
367 4861 504 4918 εἶναι
533 4863 744 4931 φύσεως
773 4863 1010 4928 λέγεται.

850 4954 1104 5018 Σκόλιον
1133 4953 1227 5008 κδ’.

314 5044 386 5097 Ei.
414 5044 707 5114 κρατήσεις
736 5043 989 5110 γαστρὸς,
1013 5043 1254 5112 οἰκήσεις
1280 5042 1368 5095 τὸν
1397 5045 1736 5112 παράδεισον·
1767 5048 1815 5099 εἰ

234 5137 304 5190 δὲ
341 5136 407 5188 οὐ
442 5135 757 5203 κρατήσεις,
790 5133 1020 5200 γέγονας
1049 5135 1277 5186 θανάτου
1316 5136 1708 5205 παρανάλωμα.

741 5227 786 5277 Σ
787 5226 999 5291 χόλων
1023 5223 1217 5276 Ἰσαάκ
1250 5233 1344 5277 κε’.

327 5317 396 5369 Ὀ
432 5315 650 5386 τρέφων
693 5314 818 5382 παρ’
851 5313 1025 5383 ἐαυτῷ
1064 5313 1370 5384 συνήθειαν,
1418 5317 1492 5380 ὼς
1533 5318 1816 5390 ἄνθρωπός

233 5427 405 5465 εστιν
431 5408 648 5477 τρέφων
683 5408 811 5478 πῦρ·
844 5408 903 5460 τὸ
931 5407 1037 5473 γάρ
1071 5406 1263 5476 μέτρον
1281 5407 1378 5477 τῆς
1405 5409 1682 5480 δυνάμεως
1708 5413 1818 5468 τῶν

231 5503 371 5567 δύο,
394 5501 456 5552 ἐν
475 5499 576 5572 ὖλῃ
599 5498 972 5571 συ[νί]σταται.

325 5748 410 5816 (u)
444 5747 520 5800 De
544 5747 878 5802 abdicatione
905 5764 1071 5801 rerum
1109 5763 1138 5817 p
1205 5746 1328 5802 250.

1923 4870 2059 4917 tura:
2089 4862 2306 4917 dicitur.

2517 4952 2768 5008 Scholion
2801 4955 2892 5009 2L

1998 5043 2053 5098 Si
2105 5053 2344 5100 ventrem
2391 5063 2486 5102 seu
2526 5055 2704 5117 gulam
2765 5049 3133 5113 restrinxeris,
3167 5049 3479 5118 paradisum

1927 5137 2165 5201 iueolcs;
2200 5139 2244 5190 si
2281 5139 2569 5203 laxaveris,
2599 5141 2788 5194 mortis
2813 5141 3066 5210 pabulum
3100 5141 3276 5196 factus
3307 5157 3386 5196 es.

2465 5230 2710 5285 Scholion
2744 5230 2944 5285 lsaaci.

1997 5318 2097 5385 Qui
2142 5321 2337 5373 malam
2382 5324 2825 5378 consuetudinem
2872 5325 2967 5378 alit
3010 5325 3151 5394 apud
3199 5323 3358 5394 215
3403 5340 3480 5386 se.

1927 5412 2148 5481 perinde
2182 5413 2308 5468 facit
2333 5425 2493 5485 atque
2525 5418 2566 5470 is
2593 5417 2683 5486 qui
2717 5417 2812 5472 alit
2834 5416 3043 5487 ignem;
3075 5417 3315 5472 medium
3339 5416 3482 5471 enim

1926 5517 2024 5557 seu
2077 5505 2270 5562 modus
2305 5504 2576 5563 facultatis
2621 5509 2904 5565 amborum
2935 5549 2949 5574 ,
2999 5507 3056 5564 in
3101 5509 3323 5566 materia
3352 5522 3486 5563 con-

1933 5593 2092 5649 siSIil.
