4210 6464
223 385 327 446 885

1153 384 1165 397 ’
1251 389 1476 446 SC.\L.\
1507 389 1878 449 PkRADiSI.
1909 417 1972 426 -
2007 395 2307 458 ΟΙὶΛΒΕΞ
2342 403 2456 461 XV.

3315 414 3416 476 886

221 490 642 561 τ-;ιρασθέ·.ιτες,
695 494 968 563 μακάριοι.
1021 493 1312 563 libidinem:
1361 499 1440 558 εἰς
1487 496 1630 549 ἅπαν
1675 498 1771 564 τῆς
1803 504 1883 557 Λ⁴

1753 515 1771 593 ς
1803 504 1842 557 Λ
1876 501 2001 567 quid
2024 519 2151 574 ergo
2183 517 2236 560 et
2260 525 2387 565 caro
2406 517 2658 569 carnem?
2679 535 2838 586 quam
2867 531 3040 576 tainru
3063 525 3415 593 deceptricem

219 585 386 638 αὐτοῦ
416 587 669 654 τοιαύτης
719 585 1054 656 λυτρωθῆναι
1093 587 1322 657 πείρας·
1364 590 1414 640 οἱ
1457 589 1565 658 γὰρ
1612 591 1668 641 ὲν
1695 589 1771 658 τῷ

219 676 600 747 προειρημένῳ
628 675 1114 748 κατολισθήσαντες
1148 677 1324 748 βόθρῳ
1350 679 1458 740 τῷν
1492 680 1673 750 ἐκείνῃ
1701 682 1768 750 τῇ

220 770 448 842 κλίμακι
500 768 902 840 ἁνερχομὲνων,
955 768 1050 822 καὶ
1100 769 1510 839 κατερχομὲνων
1555 772 1769 842 μακρὰν

216 863 602 925 ἁποπίπτουσι,
652 863 746 914 καὶ
773 862 909 931 πρὸς
930 860 932 862 ⁷
954 860 1052 930 τὴν
1077 859 1285 914 ἐκεῖθεν
1312 861 1572 915 ἀνάϐασιν
1613 863 1769 934 ίδρὼ-

213 971 326 1006 των
373 954 581 1006 πολλῶν
611 953 750 1023 μετὰ
793 953 950 1023 λιμοῦ
979 953 1187 1005 δέονται
1212 953 1530 1022 ἀκροτάτου.
1561 955 1768 1026 Σκοπὴ-

217 1062 404 1114 σωμεν
432 1047 628 1115 μήπως
655 1044 747 1097 ἐπὶ
778 1043 884 1097 τῶν
912 1043 1116 1114 νοερῶν
1133 1044 1341 1113 ἐχθρῶν
1369 1045 1549 1114 ήμῶν,
1580 1044 1766 1117 ῶσπερ

215 1140 278 1190 ἐν
304 1135 545 1206 αἰσθητῷ
573 1135 812 1205 πολέμῳ,
842 1134 900 1186 ἐν
927 1136 991 1204 τῇ
1015 1135 1314 1204 παρατάξει
1342 1136 1518 1188 αὐτῶν
1536 1139 1602 1206 τῇ
1631 1138 1766 1207 πρὸς

213 1229 364 1299 ἡμᾶς
387 1227 593 1280 οἰκείαν
616 1227 737 1279 τινὰ
757 1226 984 1287 ἕκαστος
1005 1225 1182 1278 αὐτῶν
1200 1218 1298 1296 τὴν
1326 1227 1634 1296 ἐγχείρησιν
1654 1230 1765 1301 (l6)

219 1318 579 1388 μετέρχεσθαι
609 1316 859 1370 τέτακται
879 1331 895 1348 ο
939 1316 1076 1386 ὅπερ
1105 1315 1289 1386 θαῦμα
1335 1318 1767 1389 ὲπεσημηνάμην

212 1414 276 1464 ἐν
301 1412 414 1474 τοῖς
455 1407 898 1480 πειραζομένοις·
945 1408 1039 1460 καὶ
1073 1405 1293 1478 ἑώρακα
1324 1408 1586 1475 πτώματα
1629 1428 1771 1465 πτωο

213 1502 403 1571 μάτων
429 1500 802 1570 χαλεπώτεραο
827 1499 921 1552 καὶ
949 1498 1088 1568 ἔχων
1112 1497 1238 1552 νοῦν
1263 1498 1479 1553 ἀκούειν
1501 1500 1762 1561 ἀκουέτω,

1873 606 1972 681 nos
2014 595 2106 662 qui
2162 608 2364 654 natnr:e
2392 611 2444 656 et
2477 620 2640 674 regno
2704 611 2907 666 ccclesti
2964 617 3066 668 vim
3119 616 3417 681 inferimus,

1870 680 2106 775 illudque
2128 687 2518 759 desideramus,
2550 699 2709 753 certis
2755 704 2962 759 artibus
3023 716 3074 759 et
3126 708 3224 775 piis
3280 680 3419 762 dolis

1869 771 2261 834 circumvenire
2298 789 2350 835 et
2381 783 2565 842 fallere
2618 804 2898 847 conamur.
2927 794 3028 849 Sed
3070 771 3210 850 enim
3241 799 3419 853 felices

1871 861 1947 956 illi
1984 870 2073 931 qui
2113 865 2234 921 belli
2282 871 2393 938 jam
2426 874 2554 929 dicti
2585 879 2730 946 (cuiu
2764 895 2926 937 carne
2949 893 3001 938 et
3033 885 3267 956 luxuria)
3303 889 3422 940 nul-

1869 951 1979 1042 lum
2025 958 2446 1024 experimentum
2480 965 2697 1031 habent,
2755 973 3124 1042 rogandusque
3176 992 3206 1030 a
3249 951 3421 1031 nobis

1868 1039 2008 1098 Deus
2035 1057 2088 1098 nt
2113 1061 2142 1100 a
2166 1050 2254 1101 tali
2284 1056 2615 1122 experientia
2641 1059 2760 1114 belli
2793 1039 2951 1130 huius
2985 1039 3205 1118 omnino
3226 1067 3417 1120 libere-

1867 1147 2008 1187 mur.
2034 1135 2087 1188 lu
2105 1137 2247 1191 illam
2271 1145 2438 1203 etiim,
2469 1145 2536 1199 tle
2565 1162 2670 1216 qua
2695 1150 2899 1206 dictum
2923 1165 3025 1213 est.
3059 1157 3300 1210 scrobem
3339 1158 3421 1210 Iu-

1865 1224 2030 1277 xuria:
2058 1227 2314 1298 prolapsi,
2344 1231 2412 1286 ab
2443 1235 2527 1288 illa
2559 1237 2764 1291 cmlesti
2823 1244 2964 1295 scala
3019 1243 3418 1298 asccmlentium

1865 1321 1918 1364 et
1947 1314 2384 1374 descendentium
2415 1326 2730 1394 angelorum
2762 1334 2948 1398 procul
2989 1334 3310 1404 recidertlnt,
3336 1344 3418 1389 at-

1870 1425 1974 1478 que
2007 1413 2162 1482 221
2205 1427 2262 1470 ut
2292 1421 2534 1477 eamdem
2570 1441 2758 1481 rursus
2808 1430 2990 1484 multis
3036 1431 3320 1487 sudoribus
3368 1441 3422 1487 et

1873 1506 2144 1566 laboribus
2206 1518 2639 1578 condescendere
2691 1528 2919 1596 possint,
2975 1544 3185 1584 smnma
3241 1523 3438 1585 rerum'

215 1595 462 1652 omnium
527 1595 855 1650 abstinentia
912 1593 1160 1693 et‘l'an-re
1215 1609 1354 1664 opus
1422 1605 1530 1693 est,
1584 1596 1849 1693 Accurate
1903 1618 2121 1673 quoque
2170 1609 2563 1669 observandum
2611 1593 2713 1684 est,
2762 1623 3004 1689 nunquid
3065 1638 3170 1677 non
3227 1602 3423 1693 singuli

211 1695 452 1751 hostium
503 1700 808 1746 nostrorum
865 1687 1250 1754 spiritualium,
1305 1689 1754 1759 quemadmodum
1811 1693 1864 1748 in
1924 1711 2050 1751 vero
2101 1701 2242 1758 bello
2301 1707 2558 1763 adversus
2601 1725 2699 1766 nos
2749 1713 2802 1766 in
2837 1687 2951 1769 acie
2998 1717 3264 1782 collocati,
3297 1687 3421 1786 pro~

209 1790 392 1858 prium
420 1796 476 1840 et
504 1785 775 1853 singulare
822 1797 1020 1837 munus
1072 1782 1424 1852 exsequendi,
1484 1781 1614 1837 dum
1673 1797 1772 1840 nos
1827 1802 1871 1856 ag

1757 1802 1772 1840 ς
1827 1790 2230 1858 aggrediuntur,
2287 1802 2609 1868 acceperint.
2643 1802 2902 1874 Qtimlqae
2931 1811 3124 1860 mirum
3171 1819 3273 1871 est,
3298 1781 3419 1862 ani-

207 1883 472 1939 inadverti
505 1882 562 1934 in
615 1881 683 1936 iis
729 1879 822 1950 qui
871 1887 1169 1944 tentantur,
1212 1876 1352 1934 alios
1400 1879 1523 1935 aliis
1548 1878 1786 1949 lapsibus
1835 1898 1957 1939 esse
2003 1891 2328 1959 graviores;
2378 1897 2469 1965 qui
2528 1896 2687 1952 habet
2747 1912 2977 1952 lllt‘tllt‘ltt
3035 1901 3282 1955 ειηιιῑωιιιί
3323 1916 3426 1956 au.

204 1981 346 2035 diat.

283 2073 530 2129 Είθισται
559 2071 640 2142 τῷ
683 2070 896 2140 δαίμονι
938 2071 1036 2124 καὶ
1077 2071 1308 2141 μάλιστα
1338 2072 1397 2124 ὲν
1427 2073 1538 2136 τοῖς
1571 2073 1768 2140 ἀγωνι-
1799 2067 1842 2124 Β
1935 2072 1945 2119 t

1755 2100 1768 2111 -
1799 2067 1842 2124 Β
1935 2067 2222 2126 Consuevit
2240 2073 2514 2143 improbus
2541 2077 2773 2142 daemon,
2803 2096 2906 2147 tum
2927 2097 3048 2135 raro
3070 2100 3282 2139 onmem
3310 2089 3417 2144 vim

203 2167 478 2236 ζομὲνοις,
522 2164 618 2218 καὶ
647 2163 738 2218 τὸν
781 2163 991 2233 μονήρη
1030 2161 1144 2233 βίον
1177 2162 1591 2234 μετερχομένοις
1634 2162 1767 2216 πολ-

203 2258 368 2321 λάκις
420 2257 604 2310 πᾶσαν
647 2253 814 2310 αὐτοῦ
860 2254 960 2324 τήν
1001 2253 1200 2325 ὁρμὴν,
1251 2253 1346 2307 καὶ
1390 2255 1491 2325 τὴν
1533 2254 1768 2325 σπουδὴν

207 2347 308 2403 καὶ
338 2345 605 2416 μηχανήν,
634 2344 729 2398 καὶ
757 2345 1114 2412 πανουργίαν,
1157 2343 1254 2396 καὶ
1286 2341 1545 2404 ἐπίνοιαν.
1571 2344 1630 2396 ὲν
1654 2345 1767 2406 τοῖς

205 2439 366 2507 παρὰ
407 2437 567 2504 φύσιν
603 2437 714 2507 (Π)
749 2435 906 2503 μόνον
955 2433 1226 2506 [μᾶλλον],
1272 2436 1368 2488 καὶ
1405 2435 1510 2489 οὐκ
1553 2437 1612 2488 ἐν
1656 2439 1767 2498 τοῖς

205 2532 357 2585 κατά
377 2529 538 2597 φύσιν
557 2529 750 2592 αὐτοὺς
777 2527 1211 2598 παρασκευάζειν
1237 2526 1584 2597 πολεμεῖσθαι
1604 2542 1621 2559 ·
1646 2526 1768 2580 ὅθεν

205 2623 311 2676 καὶ
341 2621 598 2684 πολλάκις
631 2619 708 2691 τῷ
741 2619 894 2690 θήλει
933 2617 1327 2684 συνδιάγοντες,
1365 2616 1499 2687 πρὸς
1524 2616 1661 2670 αὐτὸ
1688 2619 1768 2681 είς

206 2711 527 2783 ἰπιθυμξαν,
565 2711 600 2780 ῆ
645 2710 850 2762 ἔννοιαν
895 2710 1032 2772 ὅλως
1082 2707 1158 2778 μή
1203 2706 1614 2776 πολεμούμενοι,
1644 2707 1773 2760 ἑαυ-

203 2806 338 2867 ab;
387 2800 826 2873 μεμακαρίκασιν
846 2838 861 2862 ,
909 2799 1274 2869 ἀινοήσαντες
1321 2798 1382 2850 oi.
1423 2796 1649 2860 τάλανες
1685 2797 1767 2849 ὅτι

204 2897 347 2949 ὅπου
398 2891 599 2962 μείζων
641 2892 671 2943 6
707 2889 947 2960 ὄλεθρος,
999 2889 1117 2941 ἐκεῖ
1161 2887 1255 2942 τοῦ
1287 2887 1568 2950 ἑλάττονος
1609 2880 1772 2959 χρεία,

205 2982 657 3053 (οὐ-καθέστηκεν.
688 2976 854 3051 Οἶμαι
880 2981 1026 3047 δυοῖν
1048 2981 1254 3034 τούτων
1285 2980 1474 3034 αίτιῶν
1516 2981 1565 3032 oi
1595 2980 1766 3046 φόνιοι

206 3077 360 3148 ἡμᾶς
395 3076 519 3138 τοὺς
549 3073 764 3136 ἀθλίους
792 3075 842 3126 oi
877 3071 1161 3128 πανάθλιοι
1193 3065 1392 3143 τοῖς
1431 3071 1580 3141 παρὰ
1609 3071 1768 3139 φύσιν

205 3168 464 3238 ὲπορθεῖν
508 3166 847 3235 πεφύκασιν,
901 3165 978 3228 ὡς
1019 3164 1118 3234 τῆς
1154 3163 1286 3235 ὕλης
1336 3162 1433 3218 τοῦ
1478 3161 1768 3233 πτώματος

205 3257 488 3328 πανταχοῦ
527 3257 685 3327 ήμῶν
727 3255 1130 3326 εὐπορούντων·
1179 3255 1275 3308 καὶ
1299 3253 1374 3318 ὡς
1407 3253 1627 3324 μείζονα
1671 3253 1768 3323 τήν

204 3348 481 3421 τιμωρίαν
532 3344 900 3418 κεκτημένων.
957 3342 1078 3399 Οἵδε
1135 3345 1196 3398 τὸ
1262 3345 1548 3415 εἰρημένον
1599 3347 1629 3398 6
1670 3345 1768 3415 τῆς

1869 2175 2044 2226 suam,
2068 2178 2303 2232 operam,
2331 2168 2592 2231 studium,
2664 2179 2808 2226 artes
2833 2188 3038 2238 omnes,
3099 2189 3422 2249 omnemque

1869 2251 2286 2322 improbitatem,
2317 2259 2573 2313 malitiam
2603 2271 2656 2315 et
2693 2265 2919 2318 consilia
2951 2281 3015 2319 eo
3037 2265 3326 2332 destinare,
3362 2279 3419 2324 ut

1869 2355 2074 2400 asevtas
2107 2349 2444 2414 potissimum
2497 2360 2549 2404 et
2579 2352 2938 2409 anachoretas
2975 2355 3041 2411 iis
3095 2357 3148 2410 in
3207 2357 3431 2428 ﬂagitiis-

1867 2449 2155 2504 oppugnet,
2187 2456 2309 2508 quae
2357 2451 2484 2496 sunt
2539 2455 2732 2511 praeter
2761 2453 2815 2497 et
2848 2461 2952 2498 non
2997 2448 3291 2502 secundum
3327 2465 3415 2503 na-

1869 2533 2043 2579 turam
2074 2545 2086 2580 :
2135 2530 2276 2582 unde
2309 2529 2509 2584 factum
2543 2531 2866 2602 frequenter,
2902 2548 2961 2588 ut
2995 2535 3132 2590 inter
3192 2536 3420 2591 fetnioas

1868 2631 2146 2674 versantes
2177 2621 2322 2675 nulla
2350 2623 2674 2690 cogitatione
2705 2633 2804 2678 aut
2843 2625 3112 2680 desiderio
3164 2642 3273 2680 ne"

1870 2711 2005 2766 Sollii
2026 2711 2136 2766 itati
2166 2728 2286 2767 sese
2315 2713 2504 2767 beatos
2540 2716 2922 2779 existimarint,
2952 2717 3086 2770 dum
3132 2720 3311 2772 miseri
3366 2703 3436 2772 et:

1871 2804 2111 2859 infelices
2139 2819 2245 2858 non
2272 2806 2668 2870 intellexm-unt,
2695 2824 2781 2875 qm
2826 2809 2835 2857 ἶ
2877 2811 2962 2860 mli
3012 2808 3184 2876 majus
3240 2809 3420 2861 immi-

1869 2907 1960 2950 net
1986 2897 2134 2950 exitii
2175 2899 2496 2965 periculum,
2544 2899 2613 2951 ἰιιὶ
2641 2913 2744 2951 non
2785 2900 2854 2950 sit
2895 2904 3034 2966 opus
3073 2900 3277 2953 minore
3304 2911 3421 2954 ten-

1871 2989 2089 3043 tatione.
2125 2988 2268 3043 Duas
2296 2992 2575 3058 opinoroh
2601 3005 2796 3044 causas
2827 2991 3111 3044 miserrimi
3141 2991 3216 3042 illi
3249 2992 3414 3044 homi-

1869 3082 2002 3135 cida:
2043 3097 2141 3135 nos
2172 3081 2478 3134 miserosail
2509 3078 2707 3148 ﬂagitia
2749 3097 2868 3148 qua:
2903 3088 3105 3132 natura:
3130 3081 3424 3134 adversan-

1869 3181 1976 3238 tur,
2026 3182 2083 3229 ut
2117 3189 2216 3228 nos
2258 3173 2501 3226 funditus
2557 3181 2819 3236 evertant,
2877 3171 3167 3226 sollicitare
3227 3171 3422 3236 solent,

1871 3275 1982 3320 tum
2021 3267 2164 3335 quod
2194 3264 2450 3334 peccandi
2477 3263 2698 3318 materia
2721 3265 2980 3318 adversus
3013 3273 3258 3317 naturam
3281 3278 3426 3318 sem-

1873 3371 1967 3424 per
2015 3365 2067 3409 et
2105 3354 2382 3422 ubiqnein
2411 3362 2665 3425 promptu
2711 3355 2802 3420 sit,
2837 3365 2948 3407 tum
3005 3362 3062 3407 ut
3131 3353 3426 3421 majoribus

203 3441 461 3509 ὀνάγροις
511 3438 702 3510 πρώην
753 3439 852 3508 μὲν
898 3438 1210 3508 ἐπιτρέπων
1229 3454 1245 3470 ο
1292 3433 1518 3509 ἔσχατον
1557 3436 1613 3490 δὲ
1661 3436 1766 3489 ὑπὸ
1790 3433 1835 3492 C

1762 3433 1835 3492 >C
1867 3446 2144 3514 suppliciis
2175 3444 2394 3499 obnoxii
2425 3445 2735 3500 reddantur.
2750 3444 3013 3512 Expertus
3039 3453 3121 3499 est
3157 3445 3257 3498 hoc
3281 3442 3424 3513 quod

203 3532 321 3586 τῶν
336 3530 543 3601 ἀγρίων
565 3530 810 3600 ὀνάγρων
834 3529 1080 3592 ἐλεεινῶς
1115 3529 1434 3596 ἐπιτραπεὶς
1453 3529 1548 3582 καὶ
1567 3527 1769 3598 ὲμπαιυ

161 3607 168 3612 .
206 3624 382 3694 χθεὶς,
430 3624 523 3677 καὶ
571 3621 806 3694 οὐρανίῳ
850 3619 1178 3690 τρεφόμενος
1221 3617 1392 3691 ἄρτῳ,
1441 3616 1666 3688 ὕστερον
1712 3617 1769 3671 δὲ

204 3717 305 3771 τοῦ
337 3715 503 3768 καλοῦ
537 3713 838 3786 στερηθεὶς,
867 3713 961 3766 καὶ
998 3713 1062 3765 τὸ
1086 3714 1150 3783 δή
1191 3711 1648 3783 θαυμαστότερον,
1686 3713 1770 3765 ὃτι

205 3808 309 3862 καὶ
345 3806 482 3876 μετὰ
511 3807 796 3875 μετάνοιαν
822 3803 1019 3866 Στύλος
1051 3804 1150 3872 μὲν
1194 3805 1362 3874 μέγας
1407 3804 1620 3869 ἔπεσεν,
1650 3804 1770 3857 ὀδυ-

206 3905 452 3976 νιίιμενος
493 3901 704 3976 πικρῶς
746 3901 776 3952 6
805 3899 1122 3969 καθηγητὴς
1157 3898 1313 3968 ήμῶν
1341 3899 1540 3968 ἔφησεν
1579 3897 1768 3952 Ἄντώ-

207 4014 323 4061 νιος
344 4012 360 4025 ·
405 3996 497 4048 τδν
522 3996 580 4048 δὲ
606 3993 805 4064 τρόπον
855 3991 954 4061 τῆς
981 3991 1240 4053 πτώσεως
1273 3993 1302 4043 6
1326 3989 1484 4058 σοφὸς
1527 3989 1770 4063 ἀπέκρυ-

138 4122 145 4128 ι
206 4090 350 4162 ψενο
397 4087 655 4150 ἐγίνωσκε
703 4087 811 4156 γὰρ
844 4078 983 4137 εἶναι
1019 4083 1271 4154 πορνείαν
1300 4080 1645 4152 σωματικῶς,
1677 4080 1770 4134 καὶ

208 4180 371 4242 ἐκτὸς
413 4179 600 4247 ἑτέρου
646 4177 935 4246 σώματος’
983 4175 1096 4229 ἐστι
1143 4192 1228 4238 τις
1265 4174 1492 4238 θάνατος
1537 4175 1596 4226 ἐν
1641 4174 1772 4243 ήμϊν

210 4276 307 4330 καὶ
339 4271 584 4327 ἀπώλεια
612 4270 901 4341 πτώματος
941 4270 1001 4321 ἐν
1035 4266 1188 4338 ήμῖν,
1219 4268 1314 4321 καὶ
1354 4267 1474 4338 μεθ’
1505 4266 1661 4337 ἡμῶν
1686 4267 1774 4320 ἀεὶ

210 4363 777 4436 συμπεριφερόμενος,
821 4362 880 4412 ἐν
916 4360 1127 4429 νεότητι
1178 4359 1445 4430 μάλισταο
1495 4357 1556 4411 ὃν
1599 4360 1772 4427 ἔγωγε

211 4460 402 4528 γραφῇ
437 4439 775 4522 παραδούναι
821 4451 882 4504 οὐ
912 4451 1252 4520 τετόλμηκαο
1289 4451 1485 4520 ἐπέσχε
1526 4449 1635 4520 γάρ
1671 4467 1773 4520 μου

209 4550 316 4620 τὴν
343 4551 500 4618 χεῖρα
525 4548 555 4600 6
591 4541 824 4615 εἰρηκώς
844 4556 863 4624 ἰ
887 4542 964 4594 Τὰ
988 4540 1098 4610 γὰρ
1124 4540 1324 4610 κρυφῇ
1353 4543 1632 4610 γινόμενα
1656 4544 1777 4599 ὑπό

212 4655 418 4700 τινων.
452 4638 709 4706 αἰσχρόν
737 4635 868 4688 ἐστι
899 4631 994 4684 καί
1028 4630 1246 4699 λέγειν.
1282 4634 1375 4684 καὶ
1397 4631 1650 4701 γράφειν,
1681 4635 1774 4687 καὶ.

213 4730 461 4787 ἀκούειν.
512 4729 625 4798 Τήν
661 4728 760 4799 μὲν
808 4725 946 4794 ἐμὴν
997 4721 1200 4792 ταύτην
1231 4722 1341 4792 (18)
1371 4725 1464 4775 καὶ
1505 4724 1604 4777 οὐκ
1633 4727 1775 4797 ἐμὴν
1802 4769 1849 4830 D

214 4820 420 4894 ἐχθρὰν
448 4819 609 4888 φίλην
639 4819 836 4888 σάρκα,
880 4812 1087 4875 Παῦλος
1119 4813 1216 4882 μὲν
1245 4810 1469 4867 θάνατον
1498 4817 1773 4887 προσηγό-

216 4928 414 4986 ρευσε’
456 4910 550 4976 Τίς
565 4927 640 4979 με
665 4909 793 4976 γὰρ,
825 4907 977 4984 φησὶ,
1001 4906 1248 4972 ῥύσεται
1279 4903 1347 4956 ἐκ
1378 4904 1484 4959 τοῦ
1503 4904 1776 4975 σώματος

213 5007 328 5063 τοῦ
369 5001 629 5058 θανάτου
658 5002 908 5080 ratirati;
956 4998 1183 5066 Ἕτερος
1206 4997 1262 5048 δὲ
1285 4995 1531 5063 θεολόγος
1557 4999 1778 5070 ἐμπαθῆ

216 5102 314 5153 καὶ
361 5094 552 5163 δούλην
599 5093 693 5144 καὶ
743 5089 1098 5160 νυκτερινήν·
1138 5089 1278 5152 τίνος
1317 5087 1394 5151 δὲ,
1429 5088 1568 5151 tivo;
1614 5091 1772 5160 χάριν

216 5188 495 5248 τοιαύταις
540 5183 677 5252 πρὸς
707 5179 874 5250 αὐτὴν
902 5173 1288 5251 προσηγορίαις
1321 5172 1635 5248 ἐχρήσαντο,
1674 5199 1772 5251 μα.

217 5281 334 5333 θεῖν
369 5277 584 5346 ἐδίψων.
636 5273 699 5326 Ei
741 5271 985 5334 θάνατος,
1029 5270 1105 5333 ὼς
1147 5269 1518 5341 προλέλεκται,
1564 5272 1718 5343 σὰρξ,
1747 5274 1775 5325 ὁ

217 5371 426 5440 ταύτην
467 5369 690 5438 νικήσας
746 5366 958 5427 πάντως
1008 5366 1108 5418 οὐκ
1154 5363 1518 5433 ἀποθνήσκειο
1570 5368 1662 5419 καὶ
1694 5366 1775 5427 τίς

220 5465 373 5516 ἔστιν
398 5461 508 5531 ἄρα
550 5462 580 5514 6
605 5457 882 5529 ἄνθρωπος
912 5458 1136 5519 ἐκεῖνος,
1166 5455 1224 5517 ὃς
1268 5453 1512 5524 ζήσεται,
1545 5458 1637 5512 καὶ
1680 5458 1778 5509 οὐκ

220 5555 413 5628 δψεται
444 5553 674 5606 θάνατον
708 5548 982 5620 μολυσμοῦ
1032 5547 1231 5616 σαρκὸς
1263 5547 1463 5614 αὐτοῦς
1513 5548 1778 5619 Ζητητέον

292 5688 341 5722 ιδ
369 5686 566 5756 Ephcs.
596 5703 649 5750 τ’,
679 5686 762 5742 l9...
843 5679 891 5713 "
921 5683 1077 5738 Rom.
1117 5697 1208 5750 vn,
1234 5680 1322 5738 “li.

295 5810 376 5882 (α)
407 5809 630 5880 Gregor.
669 5807 1054 5864 Nazianzenus.

1869 3547 1952 3591 est
1997 3536 2222 3597 dictum,
2262 3535 2350 3590 ille
2378 3535 2472 3606 qui
2498 3535 2650 3606 prius
2678 3536 2900 3604 onagris
2931 3546 3286 3590 consueverat
3328 3535 3427 3588 im-

1871 3627 2120 3696 peritare,
2147 3626 2241 3682 sed
2271 3636 2546 3696 postremo
2579 3641 2611 3680 a
2637 3625 2765 3681 l‘eris
2794 3626 2964 3698 (orei)'
2995 3628 3213 3696 onagris
3268 3627 3429 3680 mise-

1869 3721 2096 3772 randum
2128 3719 2181 3772 in
2211 3718 2432 3771 modum
2487 3717 2891 3776 Circumcutus
2951 3725 3008 3770 et
3058 3716 3276 3770 delusus
3323 3725 3428 3776 est,

1871 3811 2073 3864 cmlesti
2107 3819 2262 3862 antea
2295 3821 2436 3876 pane
2461 3817 2666 3876 pastus,
2705 3816 2888 3875 postea
2934 3805 3081 3858 omni
3136 3805 3277 3858 bono
3319 3803 3429 3872 pri-

1869 3909 2046 3954 vatus.
2073 3900 2234 3968 222
2261 3899 2522 3968 Quodque
2550 3896 2722 3966 magis
2757 3896 3064 3949 mirandum
3095 3905 3195 3957 cst,
3229 3902 3431 3962 postea-

1869 4007 2030 4062 qnam
2081 3993 2126 4044 is
2155 3993 2221 4044 de
2268 3990 2565 4044 commisso
2614 3986 2818 4056 ﬂagitio
2875 3986 3244 4055 pcenitentiain
3301 3983 3427 4052 egit,

1869 4083 2135 4136 Antonius
2167 4093 2344 4136 tamen
2379 4081 2654 4136 institutor
2683 4088 2867 4132 noster
2915 4079 3106 4133 acerbe
3137 4091 3321 4130 casum
3371 4077 3433 4130 il-

1872 4175 1977 4229 lius
2005 4173 2321 4244 deplorans,
2364 4173 2574 4241 lugens,
2629 4168 2826 4236 inquit,
2870 4169 3120 4222 columna
3175 4165 3429 4219 concidit.

1874 4267 2092 4322 Modum
2129 4279 2306 4320 tamen
2342 4275 2394 4319 et
2435 4263 2666 4316 formam
2698 4262 2902 4332 peccati
2930 4257 3202 4314 connnissi
3238 4257 3320 4310 vir
3341 4272 3432 4310 sa-

1874 4359 2027 4430 piens
2053 4373 2158 4412 nou
2185 4355 2452 4426 expressit
2481 4372 2494 4407 :
2528 4362 2753 4408 noverat
2779 4353 2921 4408 enim
2970 4346 3228 4416 ﬂagitiutn
3280 4349 3434 4402 luxu-

1873 4449 1969 4502 rite
1997 4463 2104 4501 non
2139 4461 2261 4501 cum
2288 4445 2484 4505 alieno,
2536 4442 2630 4497 s'ed
2658 4457 2761 4497 suo
2794 4441 2963 4506 ipsius
3002 4451 3231 4505 corpore
3289 4451 3436 4490 eom-

1875 4539 2122 4594 missum.
2150 4537 2245 4591 Est
2265 4535 2512 4604 quaedam
2545 4549 2690 4588 mors
2709 4534 2759 4586 in
2778 4529 2934 4583 nobis
2963 4538 3015 4582 et
3046 4530 3217 4583 ruiuze
3245 4520 3434 4582 exitia-

1875 4631 1942 4686 lis
1991 4647 2181 4692 cansa,
2213 4642 2375 4697 quam
2405 4627 2668 4681 habemus
2717 4624 2770 4676 in
2809 4620 2985 4685 nobis,
3052 4631 3106 4676 et
3157 4621 3433 4674 nobiscum

1875 4729 1926 4781 in
1955 4739 2182 4793 corpore
2229 4737 2442 4791 semper
2465 4715 2924 4776 circumferimns,
2951 4713 3244 4785 praesertim
3275 4710 3327 4763 in
3348 4711 3435 4778 ju-

1876 4819 2108 4873 ventutis
2133 4816 2353 4878 ardore,
2391 4815 2558 4884 quani
2586 4825 2686 4879 ego
2726 4808 2780 4862 in
2820 4809 3026 4862 litteras
3056 4805 3268 4858 mittere
3326 4816 3434 4853 non

1877 4907 2067 4966 audeo,
2117 4904 2260 4972 quod
2293 4901 2338 4957 is
2370 4901 2706 4954 mihimauus
2726 4897 2970 4968 injecerit
2999 4893 3090 4962 qui
3118 4891 3252 4945 dixit
3272 4909 3284 4944 :
3307 4890 3438 4955 Qua:

1867 4991 1929 5049 in
1968 5006 2164 5047 secreto
2195 5011 2227 5046 a
2266 4991 2576 5062 quibusdam
2631 4991 2786 5056 limit,
2847 4998 2992 5052 turpe
3025 4993 3099 5035 est
3159 4981 3328 5033 dicere
3368 4980 3436 5043 “,

1879 5088 2137 5152 scribere,
2177 5100 2231 5141 et
2299 5083 2506 5137 audire.
2544 5079 2694 5135 lianc
2746 5091 2964 5135 carnem
3014 5089 3209 5138 meam,
3262 5071 3438 5126 inimi-

1879 5194 1997 5231 rant
2042 5191 2093 5232 et
2120 5178 2371 5236 amicam,
2409 5173 2600 5226 beatus
2632 5171 2826 5223 Paulus
2857 5172 3082 5219 mortem
3114 5163 3435 5234 appellarit:

1882 5270 2030 5336 Quis,
2061 5258 2250 5338 inquit,
2289 5265 2531 5318 liberabit
2562 5280 2640 5316 me
2667 5280 2697 5312 η
2721 5274 2932 5328 corpore
2965 5259 3147 5309 mortis
3172 5256 3322 5323 hujus
3352 5254 3441 5306 ⁵³⁵3

1883 5363 2034 5416 Alius
2072 5374 2231 5428 porro
2290 5357 2572 5424 theologus
2598 5353 2674 5421 (ιι)
2703 5350 2947 5403 eamdem
2989 5349 3236 5402 ritiOsam
3263 5353 3316 5398 et
3347 5359 3441 5396 an-

1884 5455 2061 5508 cillam
2124 5460 2440 5503 nocturnam
2499 5451 2669 5498 vocat.
2723 5438 2827 5494 Sed
2873 5455 3090 5494 causam
3147 5451 3263 5504 ego.
3311 5450 3437 5486 eau-

1886 5562 2021 5609 Sam,
2066 5542 2310 5610 inquam,
2353 5539 2672 5606 magnopere
2714 5532 2996 5601 cupiebam
3030 5528 3324 5600 [sitiebaml
3356 5526 3447 5578 di-
