4210 6464
687 389 788 452 δεῖ
1936 391 1994 446 s.
2027 388 2345 449 JOANNIS
2366 392 2670 452 CLIMACI
3812 397 3939 459 888

684 516 858 562 scere,
900 515 998 552 rur
1028 498 1112 552 his
1139 513 1257 550 eam
1302 498 1612 552 nominibus
1639 500 1945 554 voeitarint.
1984 500 2040 552 Si
2099 515 2250 563 caro,
2282 510 2323 564 Α

2282 510 2323 564 Α
2353 504 2587 555 δυσωπῶ
2636 505 2768 572 (19),
2815 505 2896 564 τίς
2934 505 3132 572 μεὲἷων
3201 509 3229 556 ο
3259 505 3432 557 θανὼν
3466 507 3558 557 καὶ
3594 506 3848 570 ἀναστὰς,
3887 510 3933 578 ῆ

682 589 761 641 uti
795 588 1000 641 dictum
1029 596 1134 647 est,
1185 601 1331 640 mors
1379 596 1482 648 est,
1522 600 1653 654 ergo
1687 587 1780 655 qui
1840 603 2058 640 carnem
2107 589 2249 642 hanc

2348 596 2379 645 ὁ
2414 593 2535 663 μηδ’
2567 593 2702 654 ὅλως
2737 591 2914 644 θανών
2937 608 2952 621 ⁶
2991 596 3080 644 καὶ
3118 595 3147 644 ὁ
3194 597 3293 663 μὲν
3325 595 3415 646 τὸν
3459 595 3707 664 δεύτερον
3735 613 3932 664 μακα-

683 679 834 742 vieit,
861 692 1083 747 prorsus
1135 691 1241 730 non
1274 677 1556 731 morietur.
1587 677 1690 730 Sed
1720 677 1786 730 da
1817 679 1952 732 mihi
1979 678 2127 732 illmn
2153 681 2250 732 ho-

2354 685 2529 756 ρίσας,
2549 685 2804 753 ἔψευσται
2834 683 3010 737 θανὼν
3052 686 3162 752 γὰρ
3193 689 3222 738 ὁ
3274 687 3525 756 Χριστὸς,
3550 686 3779 755 ἀνέστη·
3810 687 3933 740 ὅδὲ

683 769 909 826 "tinem.
946 767 1036 836 qui
1065 767 1207 820 vivet
1228 777 1281 820 et
1327 776 1556 820 mortem
1591 767 1738 821 nulla
1774 768 2091 838 inquinatus
2119 771 2240 824 labe

2348 776 2442 830 τὸν
2459 779 2692 847 πρῶτον,
2713 777 2979 846 μηδεμίαν
3000 777 3151 846 παρά
3166 781 3277 840 τοῖς
3303 777 3620 849 θνήσκουσι,
3644 779 3840 848 μᾶλλον
3860 779 3935 832 δὲ

682 861 864 914 carnis
893 875 1007 914 sua:
1036 875 1142 914 non
1174 860 1412 914 videbit?
1475 859 1664 930 Operae
1729 864 1960 930 pretium
2012 863 2115 916 erit
2166 864 2253 917 hic

2351 869 2608 922 πίπτουσι
2625 869 2723 939 τὴν
2747 869 3056 936 ἀπόγνωσιν
3085 865 3223 923 εἶναι
3249 869 3515 922 δυσωπεῖ·
3541 871 3938 938 φιλάνθρωπον

682 968 928 1022 quterere
967 962 1084 1007 uter
1111 955 1280 1022 major
1311 954 1400 1017 sit,
1435 953 1551 1008 isne
1581 953 1672 1022 qui
1705 965 1953 1008 mortuus
1978 955 2045 1008 ad
2085 955 2250 1009 vitam

2353 959 2463 1027 γὰρ
2498 960 2590 1011 τὸν
2611 959 2745 1011 Θεὸν
2770 962 2800 1012 ὁ
2822 960 3185 1029 ἀπάνθρωπος
3227 960 3415 1029 ἐχθρθις
3452 969 3477 1012 τι
3517 963 3616 1030 τῆς
3663 962 3938 1032 πορνείας

682 1046 864 1110 rediit,
903 1062 972 1100 an
1007 1047 1054 1099 is
1081 1047 1172 1114 qui
1208 1061 1484 1116 nunquam
1513 1056 1596 1101 est
1634 1059 1899 1102 mortuus.
1962 1046 2062 1112 Qui
2125 1050 2252 1103 bea-

2352 1050 2668 1121 προστάτης
2697 1050 2846 1118 λέγει
2871 1068 2885 1081 ·
2913 1055 3008 1103 καὶ
3049 1052 3247 1122 πολλὴν
3283 1051 3612 1122 συγγνώμην
3643 1053 3718 1121 τῷ
3757 1053 3937 1106 πάθει

681 1145 798 1189 tum
845 1137 1153 1205 prmdicavit
1185 1137 1506 1201 secundum,
1541 1137 1800 1208 deceptus
1842 1149 1946 1193 est.
1999 1141 2251 1194 Christus

2352 1144 2527 1213 τούτῳ
2591 1143 2668 1206 ὡς
2724 1143 2940 1212 φυσικῷ
2999 1143 3346 1214 παρέχοντα”
3393 1145 3812 1214 ἑπιττιρήσωμεν
3861 1144 3937 1196 δὲ

681 1230 825 1284 enim
860 1239 1105 1284 mortuus
1135 1230 1455 1284 resurrexit.
1487 1230 1590 1297 Qui
1651 1247 1783 1285 vero
1835 1233 2069 1301 primum
2127 1234 2252 1287 bea-

2351 1236 2536 1298 δόλους
2571 1235 2860 1304 δαιμόνων,
2889 1233 2984 1287 καὶ
3008 1235 3149 1304 μετὰ
3177 1235 3274 1304 τὴν
3319 1237 3518 1305 πρᾶξιν
3549 1235 3937 1306 δικαιοκρίτην

685 1329 796 1372 tum
853 1329 1025 1388 putat,
1061 1320 1260 1374 nullam
1301 1321 1442 1390 apud
1475 1323 1770 1376 morientes
1798 1324 1878 1376 vel
1913 1324 2089 1392 potius
2125 1339 2248 1391 pec-

2353 1327 2540 1389 αύτὸν,
2568 1327 2664 1378 καὶ
2703 1325 3094 1395 ἀσυγχώρητον
3150 1326 3457 1394 εὑρήσομεν
3499 1327 3694 1388 αὐτοὺς
3720 1327 3927 1396 ὀνομά-

680 1417 869 1461 cantes
898 1408 1330 1476 desperationem
1365 1411 1555 1465 salutis
1586 1426 1709 1466 esse
1755 1415 2070 1477 existimat;
2124 1431 2253 1483 sing-

2353 1421 2542 1483 ζοντας
2564 1437 2577 1448 ·
2613 1421 2728 1472 ἐκεῖ
2756 1419 2856 1487 μὲν
2891 1419 2999 1488 γὰρ
3048 1420 3138 1471 ἵνα
3179 1420 3273 1471 ἐπὶ
3304 1419 3405 1488 τὴν
3452 1420 3724 1489 ἁμαρτίαν
3780 1437 3933 1488 προ-

682 1497 820 1561 gerit
849 1497 1009 1567 223
1046 1498 1191 1552 enim
1252 1501 1428 1554 malus
1482 1509 1537 1555 et
1583 1501 1815 1557 infestus
1868 1504 2023 1558 nobis
2079 1505 2254 1560 hostis

2351 1511 2654 1580 τρέψωνται
2727 1510 2902 1572 οὕτως
2957 1513 3291 1580 ἐχρήοηανῖτο⁹
3331 1509 3426 1561 νῦν
3473 1509 3528 1561 δὲ
3579 1509 3780 1571 λοιπὸν,
3828 1511 3927 1562 ἵνα

681 1600 869 1644 noster
909 1600 962 1645 et
988 1591 1218 1646 luxuria:
1243 1605 1452 1657 auctor,
1527 1595 1696 1650 Deum
1746 1613 1865 1651 esse
1907 1599 2249 1662 clementem,

2352 1603 2445 1654 ἐπὶ
2468 1603 2568 1672 τὴν
2601 1602 2908 1669 ἀπόγνωσιν
2950 1604 3095 1671 ἡμᾶς
3141 1602 3602 1654 τ.αταποντίσωσι.
3657 1603 3768 1670 Τῆς
3819 1603 3939 1671 μὲν

678 1680 775 1750 qui
802 1679 1015 1735 facilem
1042 1681 1170 1737 huic
1203 1683 1332 1738 vitio
1364 1694 1572 1739 naturae
1622 1695 1729 1740 tam
1790 1698 1990 1757 agnato
2039 1689 2248 1741 veniam

2353 1692 2527 1762 λύπης
2563 1694 2659 1745 καὶ
2685 1692 3049 1760 ἀπογνώσεως
3102 1693 3520 1760 συνισταμένης.
3575 1693 3794 1754 ἑαυτοὺς
3822 1697 3933 1744 ἐπὶ

680 1771 917 1826 tribuat.
944 1773 1299 1828 Attendamus
1327 1775 1392 1828 ad
1421 1775 1696 1844 improbas
1733 1776 2044 1832 daemonum
2077 1788 2248 1842 artes,

2354 1783 2431 1854 τῷ
2453 1784 2754 1853 πταίσματι
2800 1783 3066 1836 ἐκδιδόναι
3108 1784 3271 1837 πάλιν
3301 1785 3364 1836 οὐ
3392 1785 3714 1850 πεφύκαμεν
3737 1801 3748 1811 ·
3786 1785 3937 1836 ταύο

677 1874 732 1917 et
780 1865 1122 1934 experiemur
1163 1875 1286 1935 post
1337 1868 1687 1922 commissum
1741 1878 2019 1939 peccatum
2079 1869 2247 1924 Deum
2285 1857 2330 1912 Β

2285 1857 2453 1944 Βτης
2493 1873 2550 1926 δὲ
2590 1874 3078 1943 κατασῦεσθείσης,
3127 1875 3292 1928 πάλιν
3327 1878 3357 1928 ὀ
3399 1876 3498 1944 τῆς
3521 1876 3939 1946 φιλανθρωπίας

677 1957 835 2013 nobis
860 1958 930 2010 ab
955 1956 1059 2011 illis
1087 1973 1356 2021 severum,
1385 1959 1591 2029 justum
1624 1971 1676 2015 et
1704 1962 2093 2016 inexorabilem
2155 1963 2246 2030 ju-

2354 1969 2504 2037 ἡμᾶς
2554 1984 2815 2036 τυραννος
2856 1966 3176 2036 διαδέχεται.
3235 1968 3480 2020 Καθόσον
3517 1968 3783 2038 ἄερθαρτος
3828 1971 3940 2020 καὶ

675 2049 848 2104 dicem
882 2051 1006 2120 tingi
1035 2060 1089 2104 et
1147 2055 1395 2122 pr0poni.
1459 2056 1598 2109 Ante
1653 2062 2016 2124 perpetratum
2074 2057 2250 2111 scelus

2351 2053 2640 2124 ἀσώματος
2659 2057 2689 2106 ο
2713 2054 2936 2125 Κύριος,
2983 2057 3126 2108 κατά
3150 2058 3406 2109 τοσοῦτον
3431 2060 3496 2128 τῇ
3519 2058 3711 2130 ἁγνείᾳ
3741 2062 3832 2112 καὶ
3850 2062 3937 2126 τῇ

677 2144 834 2198 nobis
866 2142 1078 2198 facilem
1109 2154 1160 2197 et
1179 2146 1496 2200 clementem
1525 2148 1813 2213 affirmant,
1845 2156 1904 2201 ut
1940 2163 2041 2204 nos
2087 2150 2152 2203 ad
2181 2151 2246 2202 il-

2354 2147 2636 2218 ὰφθαρσία
2680 2147 2777 2200 τοῦ
2827 2147 3080 2216 σώματος
3119 2148 3278 2220 ἡμῶν
3321 2149 3698 2220 εὐφραίνεται,
3743 2151 3941 2203 οὐδενὶ

677 2237 767 2291 lud
791 2237 1086 2307 impellant,
1133 2238 1394 2308 impulsos
1429 2249 1488 2293 ut
1515 2240 1581 2294 ad
1643 2241 2076 2312 desperationem
2130 2243 2248 2296 adi~

2353 2239 2526 2301 οὕτως
2555 2239 2727 2310 ἑτέρῳ
2748 2239 2824 2302 ὡς
2849 2240 2914 2308 τῇ
2941 2239 3175 2308 δυσωδία
3195 2239 3295 2308 τῆς
3315 2240 3572 2308 πορνείας
3597 2242 3735 2302 τινές
3757 2258 3940 2307 quam

676 2340 825 2400 gant,
906 2340 959 2384 et
1027 2331 1337 2387 submerso:
1395 2333 1741 2387 absorbeaut.
1807 2334 2088 2388 Premente
2151 2351 2251 2389 nos

2356 2331 2662 2403 ἐπιχαίρειν
2692 2332 2817 2394 τοὺς
2834 2331 3095 2400 δαίμονας
3118 2348 3132 2360 ·
3154 2333 3256 2384 οὐκ
3284 2326 3378 2385 οὖν
3394 2332 3517 2384 οὐδὲ
3541 2332 3698 2386 πάθει
3727 2333 3940 2402 ἑτέρῳ,

677 2424 826 2492 gravi
857 2424 1073 2477 tristitia
1105 2435 1158 2478 et
1177 2424 1557 2490 desneratione
1584 2443 1688 2480 non
1721 2425 1878 2481 facile
1905 2443 2125 2482 rursum
2151 2442 2252 2482 nos

1606 2443 1688 2480 |0ll
1721 2425 1878 2481 facile
1905 2443 2125 2482 rursum
2151 2442 2252 2482 nos
2355 2424 2432 2486 ὡς
2463 2422 2544 2474 τῶ
2571 2421 2665 2475 τοῦ
2706 2420 2958 2491 σώματος
2985 2423 3268 2494 μολυσμῷ.

679 2513 1195 2581 peccatidipcriculo
1252 2527 1307 2569 et
1359 2515 1532 2569 ruina:
1579 2531 1850 2584 exponere
1901 2518 2138 2573 solemus
2182 2536 2196 2570 :
2244 2516 2336 2570 ubi
2363 2514 2581 2569 tristitia
2609 2528 2735 2568 cum
2762 2515 3140 2583 desperatione
3172 2517 3414 2572 abstersa
3441 2528 3546 2581 est,
3579 2532 3794 2572 rursum
3829 2535 3946 2573 no-

680 2610 765 2662 bis
808 2620 1067 2679 tyrannus
1106 2612 1445 2667 clementiam
1479 2613 1563 2678 (ut
1591 2612 1787 2668 iterum
1834 2613 1889 2667 in
1944 2614 2158 2668 ruinam
2206 2611 2524 2683 praecipitet)
2570 2611 2626 2664 in
2683 2611 3003 2665 memoriam
3051 2621 3291 2666 revocat.
3324 2611 3445 2679 Quo
3486 2614 3672 2682 purior
3700 2623 3782 2668 est
3810 2613 3944 2668 Do-

682 2705 886 2766 minus,
917 2713 971 2758 et
996 2703 1066 2757 ab
1090 2704 1253 2756 omni'
1298 2703 1544 2773 corporis
1601 2705 1922 2775 contagione
1980 2705 2256 2769 remOtior,
2298 2704 2401 2758 hoc
2442 2703 2615 2774 magis
2666 2703 2917 2758 castitate
2941 2712 2996 2756 et
3024 2706 3270 2773 corporis
3299 2705 3465 2758 nostri
3518 2704 3779 2759 munditia
3826 2721 3945 2760 ca-

683 2797 828 2866 pitur
854 2805 907 2849 et
937 2803 1213 2849 recreatur
1242 2813 1254 2847 :
1287 2795 1362 2848 uti
1393 2805 1582 2850 contra
1612 2796 1809 2865 impuri
1840 2811 1954 2848 orci
2002 2806 2244 2849 monstra
2276 2795 2426 2848 nulla
2484 2808 2544 2848 re
2569 2793 2764 2862 magis,
2793 2802 2854 2846 ut
2878 2793 3098 2862 quidam
3145 2805 3319 2852 aiunt.
3369 2810 3534 2863 quam
3582 2794 3744 2850 fetore
3797 2796 3946 2854 libi.

680 2891 842 2952 diuis,
877 2905 975 2944 nec
1010 2889 1119 2942 ullo
1172 2890 1343 2958 magis
1389 2905 1552 2958 quam
1579 2891 1826 2960 corporis
1881 2891 2258 2960 inquinatione
2285 2891 2642 2946 delectantur.

753 2983 989 3040 Castitas
1015 2999 1113 3037 nos
1147 2982 1253 3037 Deo
1284 2983 1601 3050 familiares,
1633 2995 1688 3038 et
1713 2995 1977 3054 quantum
2011 2986 2250 3040 humana

2439 2985 2657 3052 ’Δγνεία
2685 2984 2823 3037 Θεοῦ
2856 2984 3130 3048 οἰκείωσις
3165 2986 3258 3038 καὶ
3289 2987 3548 3050 ὁμοίωσις
3577 2987 3715 3041 κατὰ
3737 2989 3798 3042 τὸ
3828 2990 3941 3044 δυ-

683 3089 877 3131 natura
910 3078 1134 3144 patitur.
1192 3076 1397 3141 similes
1437 3075 1617 3130 eﬂicit.
1675 3075 2015 3132 Procreatrix
2066 3078 2255 3130 dulce-

2360 3076 2518 3129 νατὺν
2560 3075 2883 3144 ἀνθρώποις.
2950 3074 3150 3144 Μήτηρ
3200 3074 3297 3142 μὲν
3332 3074 3686 3143 γλυκύτητος,
3719 3078 3791 3147 γῆ
3825 3081 3945 3132 καὶ

681 3168 827 3222 diuis
852 3177 936 3221 est
966 3177 1110 3219 terra
1169 3166 1389 3234 irrigata
1452 3182 1572 3219 rore
1606 3187 1618 3220 ε
1653 3168 1920 3222 castitatis
1951 3183 2146 3237 parens
2171 3176 2258 3222 est

2359 3166 2580 3235 δρόσος⁰
2614 3165 2798 3233 μήτηρ
2824 3162 2883 3215 δὲ
2911 3163 3134 3229 ἁγνείας
3169 3164 3369 3233 ἡσυχία
3411 3165 3509 3216 σὺν
3529 3166 3740 3237 ὑπακοῇ
3767 3168 3889 3238 (9.0)
3916 3187 3937 3203 -

685 3255 936 3324 religiosa
967 3255 1122 3322 quies
1151 3270 1274 3308 cum
1305 3255 1613 3309 obedieutta
1654 3256 1962 3326 conjuncta.
1995 3257 2255 3326 Corporis
2283 3305 2328 3363 ε

2283 3305 2328 3363 c
2361 3256 2396 3324 η
2431 3254 2530 3323 μὲν
2559 3253 2619 3316 ἐξ
2646 3252 2874 3322 ἡσυχίας
2918 3252 3326 3321 κατορθουμένη
3373 3253 3467 3305 τοῦ
3501 3254 3748 3324 σώματος
3774 3259 3941 3312 ἀπά-

2363 3345 2390 3363 Λ
2549 3344 2726 3363 ,,'-,,,
2773 3342 3028 3363 _-‘.\!_-_,_
3065 3342 3320 3363 _\_--_!,9_
3379 3362 3418 3363 κν
3529 3346 3542 3362 ο
3640 3347 3653 3363 1
3713 3348 3749 3363 οι

687 3353 868 3398 motus
898 3360 961 3397 ex
995 3345 1308 3398 solitudinis
1338 3346 1518 3413 quiete
1557 3347 1847 3416 compositi
1893 3355 1949 3401 et
1987 3347 2181 3411 sedati,
2211 3346 2259 3400 si
2284 3342 2328 3363 ν

2285 3342 2328 3363 ν
2361 3345 2506 3408 θεια,
2546 3344 2736 3414 κόσμῳ
2768 3342 3028 3405 πολλάκις
3057 3342 3438 3412 πλησιάζουσα
3490 3346 3590 3398 ούκ
3629 3347 3947 3416 ἀσάλευτος

685 3451 827 3506 saepe
857 3437 911 3489 in
947 3435 1220 3505 publicum
1262 3446 1318 3490 ct
1364 3437 1625 3490 mundum
1660 3439 1971 3507 prodeatur,
2021 3453 2129 3492 non
2174 3439 2260 3492 in—

2359 3439 2662 3507 διέμεινενδ
2695 3438 2729 3506 ἡ
2761 3437 2818 3488 δὲ
2851 3436 2909 3501 ἐξ
2958 3436 3204 3504 ὑπακοῆς
3251 3439 3672 3510 προσγενομένη,
3717 3457 3944 3497 πανταο

689 3529 945 3583 eoncussi
977 3539 1318 3598 permanent.
1363 3527 1570 3584 Sensus
1603 3547 1732 3584 vero
1764 3532 2012 3600 corporis
2046 3531 2261 3601 [carnis

2359 3530 2456 3601 χοῦ
2485 3530 2706 3598 δόκιμος
2726 3529 2822 3581 καὶ
2843 3529 3176 3599 ἀκράδαντος
3203 3545 3217 3557 ⁸
3249 3525 3387 3581 εἶδον
3405 3530 3777 3601 ὑπερηφανίαν
3807 3533 3943 3602 (2|)

690 3621 905 3692 motus]
937 3637 1033 3690 per
1061 3621 1424 3675 obedientiam
1457 3625 1761 3678 exstinctus
1790 3639 2068 3694 nunquam
2113 3627 2258 3677 revi-

2359 3621 2866 3692 ταπεινοεξροσύνης
2893 3619 3173 3690 πρόξενον,
3220 3622 3316 3673 καὶ
3350 3622 3444 3674 τοῦ
3479 3623 3724 3692 λέγοντος
3745 3608 3939 3698 *ἐμνη-

688 3713 866 3775 ιὶεοίῑ,
895 3713 988 3765 sed
1023 3712 1280 3766 immotus
1308 3713 1510 3783 ubique
1546 3726 1630 3769 est
1660 3725 1714 3770 ct
1745 3716 2020 3784 probatus.
2057 3717 2260 3771 Obser~

2363 3715 2630 3784 μὸνευσα·
2673 3714 2768 3778 Τίς
2798 3711 2954 3781 ἔγνω
2992 3711 3144 3764 νοῦν
3171 3715 3424 3779 κυρίους
3467 3716 3666 3780 λάκκος
3705 3719 3796 3770 καὶ
3825 3722 3941 3772 κὺ-

691 3806 811 3860 ravi
838 3821 1011 3859 cume
1044 3807 1295 3874 superbia
1333 3807 1611 3869 humilitas
1644 3809 1870 3871 exstitit.
1908 3809 2072 3880 225
2098 3821 2150 3864 et
2171 3825 2259 3862 re-

2361 3821 2478 3872 ημα
2505 3804 2696 3872 τύφου,
2722 3803 2924 3872 πτῶμα
2945 3819 2955 3828 ’
2987 3801 3188 3870 πτῶμα
3211 3800 3270 3852 δὲ
3295 3801 3554 3865 πολλάκις
3576 3806 3634 3856 ἐν
3665 3808 3775 3866 τοῖς
3798 3805 3939 3875 βου-

689 3896 765 3951 dii
797 3897 850 3949 in
884 3895 1201 3949 memoriam
1235 3896 1356 3964 ejus
1379 3897 1472 3965 qui
1497 3897 1635 3950 dixit
1668 3915 1681 3949 :
1720 3897 1849 3962 Quis
1880 3901 2020 3951 novit
2049 3914 2259 3952 sensum

2360 3893 2609 3964 λομένοις
2674 3892 3176 3963 ταπεινοφροσύνης
3233 3891 3507 3956 ὑπόθεσις.
3557 3895 3615 3946 ’0
3656 3899 3791 3966 μετά
3819 3914 3945 3964 γα-

689 3985 965 4058 [mentem]
1000 3986 1209 4040 Domini
1229 3987 1317 4039 “?
1346 3985 1516 4040 Fovea
1546 3997 1598 4040 et
1635 3997 1832 4048 tumor.
1863 3987 2038 4042 fastus
2067 4004 2130 4042 ac
2165 4005 2260 4041 su-

2362 3986 2730 4056 στριμαργίας
2770 3987 2864 4038 καὶ
2902 3987 3065 4056 κόρου
3117 3986 3208 4038 τον
3267 3989 3367 4056 τῆς
3399 3989 3659 4054 πορνείας
3700 3989 3940 4057 νικῆσαι

687 4079 872 4149 perbia
904 4080 1185 4149 Empellunt
1217 4081 1284 4134 ad
1318 4081 1526 4148 lapsum
1563 4083 1766 4149 peccati
1805 4099 1817 4132 :
1853 4083 2036 4150 lapsus
2075 4095 2256 4134 autem

2361 4077 2678 4145 βουλόμενος
2724 4077 2974 4146 δαίμονα,
3021 4079 3206 4148 ὅμοιός
3259 4082 3376 4133 ἐστι
3418 4080 3497 4149 τῷ
3565 4081 3703 4150 μετὰ
3742 4081 3948 4136 ἐλαίου

689 4172 743 4225 in
797 4173 1124 4226 voluntariis
1173 4171 1272 4242 [iis
1310 4172 1401 4240 qui
1439 4182 1630 4240 sponte
1686 4170 1940 4241 peccant]
1999 4187 2140 4240 sa'pe
2176 4181 2260 4225 est

2362 4169 2670 4222 σϐεννύοντι
2740 4171 3091 4241 ἐμπρησμόν.
3143 4174 3204 4225 '0
3255 4174 3393 4243 μετὰ
3459 4174 3776 4244 ὲτκμιτείας
3828 4176 3951 4230 καὶ

687 4279 853 4318 causa
891 4265 1236 4317 humilitatis.
1281 4263 1385 4328 Qui
1423 4273 1576 4318 satur
1607 4275 1793 4318 ventre
1838 4264 1974 4317 bene
2016 4265 2260 4332 saginan

2365 4264 2534 4333 μόνης
2570 4263 2809 4332 πόλεμον
2851 4264 3155 4334 δοκιμάσας
3191 4266 3305 4334 (2‘2)
3345 4267 3712 4330 καταπαῦσαι,
3740 4267 3951 4334 ὅμοιός

687 4353 802 4408 vult
836 4354 1085 4422 spiritum
1117 4355 1346 4409 luxuria:
1380 4356 1612 4415 vincere,
1657 4370 1883 4425 prorsus
1930 4354 2078 4417 facit,
2113 4357 2257 4423 quod

2359 4351 2476 4402 ἐστι
2512 4349 2592 4418 τῷ
2624 4351 2724 4419 μιᾷ
2747 4351 2892 4419 χειρὶ
2934 4353 3236 4420 νηχομένῳ,
3271 4355 3362 4404 καὶ
3395 4353 3659 4420 πελάγους
3700 4353 3949 4423 λυτροῦ-

686 4446 734 4500 is
781 4446 878 4514 qui
924 4444 1233 4498 incendium
1287 4456 1519 4499 conatur
1568 4447 1689 4500 oleo
1741 4447 2108 4515 exstinguere.
2153 4445 2255 4510 Qui

2363 4440 2488 4494 σθαι
2517 4439 2928 4507 φιλονεικούντι.
2966 4440 3230 4505 Σύξευξον
3287 4444 3583 4513 ἐγκρατείᾳ
3603 4445 3950 4496 ταπείνωσιν

685 4535 802 4590 sola
841 4535 1167 4589 abstinentia
1203 4536 1400 4589 bellum
1433 4537 1537 4590 hoc
1581 4553 1908 4606 componere
1948 4539 2049 4591 sibi
2098 4552 2257 4605 posse

2363 4530 2473 4596 (‘27:)
2497 4549 2510 4560 ·
2547 4531 2701 4592 ἐκτὸς
2729 4531 2837 4600 γάρ
2861 4533 2958 4600 τῆς
2985 4531 3245 4602 δευτέρας
3282 4537 3314 4603 ἡ
3359 4536 3601 4604 προτέρα
3641 4535 3947 4607 ἀνωφελὴς

686 4627 926 4688 videtur,
962 4627 1209 4680 imitatur
1248 4628 1398 4680 illum
1433 4630 1526 4698 qui
1560 4645 1662 4681 una
1699 4645 1862 4682 manu
1888 4646 1918 4683 e
1949 4631 2119 4699 pelagi
2151 4628 2254 4682 ῆιι-
2287 4653 2331 4704 η

2290 4653 2331 4704 η
2359 4623 2690 4693 εὑρίσκεται.
2714 4624 2904 4684 Ὅστις
2949 4625 3138 4675 ἑαυτὸν
3182 4625 3287 4677 ὑπό
3329 4643 3470 4688 τινος
3501 4627 3699 4688 πάθους
3737 4626 3952 4680 πλεον-

686 4717 866 4772 ctibus
923 4719 1159 4771 natando
1214 4729 1444 4772 conatur
1498 4718 1746 4772 eluctari.
1801 4720 2080 4788 Conjuuge
2130 4734 2254 4773 cum

2363 4710 2686 4781 εκτούμενον
2744 4710 3016 4774 θεάσεται,
3080 4713 3202 4765 κατ’
3268 4714 3434 4768 αὐτοῦ
3476 4719 3569 4768 καὶ
3614 4715 3768 4784 μόνου
3815 4720 3950 4787 πρὸ

687 4810 1015 4864 abstinentia
1070 4810 1467 4874 humilitatem;
1517 4812 1635 4865 sine
1668 4811 1836 4864 altera
1885 4811 2030 4866 enim
2082 4813 2256 4881 prima

2365 4804 2583 4855 πάντων
2610 4803 2884 4855 ὁπλισάτω
2938 4803 3150 4868 ἑαυτὸν,
3187 4807 3278 4858 καὶ
3302 4807 3533 4875 μάλιστα
3559 4807 3648 4859 τοῦ
3665 4808 3949 4876 ἐμφυλίου

687 4903 829 4958 nihil
876 4903 1090 4973 proficit
1142 4913 1235 4957 aut
1282 4915 1478 4972 potest.
1536 4905 1639 4970 Qui
1694 4921 1754 4958 se
1789 4906 1922 4958 vitio
1962 4905 2124 4958 alicui
2158 4905 2256 4958 ob-

2365 4893 2582 4965 ὲχθροῦ.
2606 4893 2812 4946 Τούτου
2844 4893 2958 4965 γὰρ
2977 4896 3052 4964 μὴ
3088 4896 3525 4966 καθαιρεθέντος,
3555 4899 3704 4951 οὐδὲν
3736 4901 3802 4951 ὲκ
3822 4901 3949 4971 τῆς

689 4997 914 5050 noxium
971 4995 1384 5060 animadvertit,
1429 5005 1555 5050 ante
1601 4997 1781 5049 omnia
1831 4997 2092 5051 adversus
2127 4996 2256 5050 illud

2366 4989 2475 5040 τῶν
2510 4987 2712 5041 λο.πῶν
2768 4987 2926 5058 νίκης
2971 4988 3348 5058 ὠφελούμεθα.
3396 4991 3502 5043 Τὸν
3542 4991 3600 5043 δὲ
3633 4990 3951 5057 Αἰγύπτιον

689 5103 860 5142 ιιιιιιιιι
895 5103 954 5142 se
981 5088 1250 5148 obarmet,
1289 5088 1586 5156 praesertim
1638 5088 1684 5140 si
1717 5088 1892 5142 hostis
1922 5087 2257 5141 domesticus

2364 5080 2577 5143 τοῦτον,
2618 5081 2712 5132 καὶ
2745 5081 2906 5150 ἡμεῖς
2952 5080 3290 5144 πατάξαντες
3323 5083 3540 5144 πάντως
3574 5084 3631 5135 ἐν
3677 5085 3744 5152 τῇ
3777 5082 3948 5155 βάτῳ

687 5183 743 5229 et
775 5175 1026 5229 internus
1054 5175 1144 5238 sit,
1181 5191 1343 5244 quem
1374 5177 1476 5229 nisi
1510 5178 2003 5244 prostraverimus,
2055 5177 2258 5231 frustra

2364 5177 2461 5242 της
2485 5171 2864 5233 ταπεινώσεως
2899 5171 2992 5223 τὸν
3033 5170 3166 5223 Θεὸν
3207 5171 3471 5242 ὀψόμεθα.
3511 5172 3785 5243 ᾘσθὸμην
3811 5175 3949 5242 ἐγὼ

690 5269 744 5322 in
772 5268 897 5321 aliis
919 5267 1252 5323 debellandis
1284 5269 1670 5323 laborabimus.
1696 5268 1848 5324 (Σιεεο
1875 5279 2056 5324 autem
2092 5269 2260 5340 Egy-

2366 5262 2756 5334 πειραζόμενος
2798 5263 2889 5314 τδν
2922 5263 3084 5315 λύκον
3131 5263 3340 5330 τοῦτον,
3375 5266 3548 5334 χαρὰν
3588 5266 3800 5332 ἄλογον,
3831 5273 3951 5322 καὶ

690 5360 808 5428 ptio
832 5359 1059 5414 omnino
1093 5357 1260 5414 Deum
1297 5361 1347 5413 in
1382 5361 1518 5414 rubo
1550 5361 1871 5416 humilitatis
1905 5361 2256 5416 intuebimur.

2361 5357 2596 5425 δάκρυα,
2641 5355 2735 5408 καὶ
2785 5355 3128 5425 παρᾶκληξιν
3178 5357 3245 5425 τῇ
3290 5355 3436 5426 ψυχῇ
3478 5357 3774 5426 ἀπατηλῶς
3807 5375 3952 5414 ποι-

693 5451 847 5505 Sensi
891 5467 993 5521 ego
1051 5453 1182 5506 olim
1237 5463 1474 5508 tentatus
1521 5455 1706 5523 lupum
1762 5454 1944 5517 hunc,
2001 5454 2255 5523 gaudium

2362 5448 2544 5507 οὓντα,
2576 5447 2671 5498 καὶ
2709 5446 2926 5498 ἐδόκουν
2968 5444 3245 5517 νηπιώδης
3284 5447 3497 5516 καρπὸν
3521 5447 3614 5498 καὶ
3637 5447 3698 5498 οὐ
3721 5446 3951 5517 φθορὰν

693 5557 887 5615 ιιι-αξιοι·
940 5549 1248 5611 rationem,
1296 5559 1348 5601 et
1385 5550 1684 5619 lacrymas,
1731 5561 1784 5602 et
1828 5549 2254 5602 consolationem

2365 5540 2633 5608 κατέχειν.
2673 5538 2736 5591 Εἰ
2759 5539 2908 5591 πᾶσα
2939 5539 3185 5609 ἁμαρτία
3216 5539 3284 5608 ἦν
3315 5539 3380 5591 ἂν
3407 5541 3606 5609 ποιήσῃ
3645 5537 3949 5609 ἄνθρωπος

695 5655 791 5708 per
827 5639 1052 5696 insidias
1085 5642 1217 5696 mihi
1257 5641 1610 5709 ingerentem,
1647 5652 1700 5696 et
1735 5643 1958 5712 simplex
2008 5656 2106 5710 ego
2147 5639 2257 5693 fru-

2363 5631 2521 5694 ἐκτὸς
2552 5629 2646 5684 τοῦ
2676 5631 2923 5700 σώματός
2949 5633 3119 5684 ἐστιν.
3155 5632 3182 5684 ὀ
3211 5631 3266 5684 δε
3300 5631 3576 5698 πορνεύων
3611 5633 3692 5697 είς
3711 5624 3773 5686 τδ
3799 5630 3953 5689 ἴδιον

771 5819 812 5848 ³⁷
844 5817 1010 5876 lCor.
1049 5835 1108 5886 II,
1139 5821 1228 5874 26.
