4210 6464
220 363 326 428 889

1224 367 1447 424 SCALA
1487 367 1858 426 PABMHSI.
1899 393 1964 402 --
1999 370 2304 429 GRADUS
2339 373 2452 429 XVI.

3346 369 3450 432 890

223 476 378 546 σῶμα
417 476 735 546 ἁμαρτάνει,
795 477 1007 538 πάντως
1042 475 1128 529 διὰ
1167 477 1342 540 τοῦτο,
1395 479 1580 548 ἐπειδὴ
1611 479 1780 550 αὐτὴν
1807 488 1885 541 Α·

1807 488 2026 541 Actum
2075 498 2160 535 me
2200 498 2306 534 non
2361 485 2720 550 corruptelam
2771 483 3075 551 percepisse
3123 481 3443 538 arbitrabar.

218 570 319 639 τὴν
349 568 448 637 τῆς
481 567 678 639 σαρκὸς
708 568 893 620 ούσίαν
925 568 1172 638 μολύνειν
1199 573 1266 640 τῇ
1297 573 1392 639 ῥοῇ
1419 570 1742 641 πεφύκαμεν
1763 590 1776 602 ο

219 661 360 730 ὅπερ
407 661 491 712 ἐπ’
547 659 714 729 ἄλλης
756 661 1030 730 ἁμαρτίας
1074 661 1319 730 γίνεσθαι
1354 663 1642 716 ἀδύνατον·
1683 665 1779 735 ζη-

218 753 299 806 τῶ
327 753 385 806 δὲ
412 753 523 820 ἐγὼ
557 751 674 816 πῶς
719 755 808 804 ἐπὶ
855 753 1035 822 πάσης
1085 755 1355 826 ἁμαρτίας
1381 757 1782 826 σφαλλομένους

217 844 344 906 τοὺς
375 842 695 914 ἀνθρώπους
729 844 864 914 (ﬂ),
899 846 993 897 καὶ
1024 845 1200 915 μόνον,
1241 848 1672 917 σεσυνηοίκαμεν
1695 849 1781 901 λέ-

218 955 336 1005 γειν
361 953 374 967 ·
410 939 546 990 ἐπάν
573 936 627 990 δέ
674 953 795 988 τινα
843 937 1246 1005 πεπορνευκότα
1289 939 1626 1008 ἀκούσωμεν,
1663 941 1782 993 ὀδυ-

221 1031 401 1102 νηρῶς
427 1032 655 1100 λέγομεν
681 1030 702 1104 ί
724 1031 934 1102 βοῶμεν
958 1032 972 1103 j
1001 1048 1015 1061 '
1059 1032 1116 1083 '0
1147 1033 1293 1084 δεῖνα
1323 1034 1628 1089 πέπτωκεν.
1652 1036 1785 1088 Φεύ-

219 1141 309 1193 γει
340 1125 634 1196 ἄγκιστρον
663 1124 815 1195 ἰχθὺς
836 1124 1023 1190 ὀξέως,
1061 1125 1154 1177 καὶ
1190 1125 1475 1197 φιλήδονος
1505 1127 1650 1199 ψυχὴ
1671 1127 1783 1198 (25)

219 1215 623 1284 ἀποστρέφεται
671 1216 920 1286 ἡσυχίαν.
959 1217 1128 1269 Ὅταν
1158 1217 1296 1288 πρὸς
1332 1216 1595 1287 ἀλλήλους
1633 1218 1785 1279 τινάς

219 1308 514 1372 ὁδιάὸολος
538 1308 736 1379 δεσμὸν
779 1307 1000 1378 αἰσχρὸν
1046 1307 1205 1379 δῆσαι
1255 1309 1522 1380 βούλεται,
1563 1311 1630 1363 τὰ
1659 1310 1783 1364 ἑκά-

218 1418 356 1470 τερα
394 1401 532 1472 μέρη
581 1399 904 1470 δοκιμάσας,
947 1395 1154 1454 ἐκεῖθεν
1194 1402 1288 1454 τοῦ
1328 1403 1497 1473 πυρὸς
1538 1403 1783 1474 ἄρχεται.

221 1491 490 1553 Πολλάκις
524 1490 574 1542 οἱ
601 1491 730 1560 περὶ
756 1489 816 1542 τὸ
845 1488 1126 1559 φιλήδονον
1160 1489 1436 1559 ῥέποντες,
1484 1489 1787 1560 συμπαθεῖς

224 1583 324 1636 καὶ
382 1582 693 1653 ἐλεήμονες,
747 1581 840 1634 καὶ
879 1581 1229 1652 ουνδάκρυες,
1279 1582 1368 1634 καὶ
1390 1581 1618 1644 κόλακες
1649 1578 1786 1634 εἶναι

221 1674 534 1742 πεφύκασιν
561 1691 572 1704 ·
598 1675 648 1726 oi
685 1673 742 1726 δὲ
781 1673 1000 1741 ἁγνείας
1037 1664 1453 1742 ἐπιμελούμενοι
1496 1672 1592 1740 οὐχ
1615 1671 1786 1733 οὕτως

220 1766 296 1819 τὰ
355 1765 532 1818 τοιάδε
583 1765 844 1834 κέκτηται
901 1763 1289 1837 [κέκτηνται].
1349 1765 1651 1826 Γνωστικὸς
1720 1781 1784 1833 με

1883 572 2018 624 Cum
2072 588 2231 626 omne
2277 583 2556 642 peccatum
2612 578 2755 643 quod
2803 588 3028 643 peccare
3073 574 3210 630 solet
3252 575 3446 638 homo,

1882 675 2032 717 extra
2074 681 2270 734 corpus
2297 668 2388 726 sit,
2433 668 2583 721 solus
2619 678 2798 720 autem
2845 656 3160 719 luxuriosus
3199 669 3251 720 in
3288 681 3446 721 suum

1883 770 2082 823 corpus
2117 767 2300 824 peccet
2330 759 2398 819 ⁵⁷,
2439 758 2601 825 idque
2633 757 2756 809 inde
2788 758 3009 812 omnino
3042 758 3270 822 accidat,
3303 761 3448 827 quod

1884 862 1980 916 per
2003 847 2222 900 obsceni
2245 847 2488 902 humoris
2514 849 2807 902 finitionem
2829 850 3083 918 carojpsa
3110 850 3446 917 inquinetur,

1885 938 2026 1006 quod
2073 940 2195 993 aliis
2231 938 2281 992 in
2317 942 2554 1008 peccatis
2586 941 2700 994 fieri
2737 956 2841 992 non
2874 950 3085 1008 potest;
3138 955 3323 1010 quaero
3352 955 3452 1010 ego

1886 1029 2014 1098 quid
2061 1031 2132 1084 sit
2179 1030 2534 1101 quamobrem
2568 1033 2620 1085 in
2661 1031 2916 1086 omnibus
2952 1034 3071 1087 aliis
3105 1033 3338 1102 peccatis
3369 1032 3453 1085 di-

1885 1135 2010 1175 cere
2051 1121 2326 1178 soleamus
2373 1123 2625 1178 homines
2671 1125 2926 1194 deceptos
2975 1141 3117 1186 esse,
3153 1141 3274 1178 cum
3327 1139 3455 1178 vero

1887 1212 2121 1281 aliquem
2153 1223 2339 1267 contra
2370 1215 2670 1270 castitatem
2703 1229 2958 1284 peccasse
2984 1216 3311 1278 audivimus.
3337 1225 3452 1270 tum

1887 1318 2016 1358 vero
2048 1319 2152 1357 non
2189 1304 2305 1358 sine
2332 1307 2532 1370 gemitu
2563 1316 2618 1361 et
2642 1305 2828 1362 dolore
2853 1309 3222 1362 exclamamus
3249 1325 3262 1361 :
3293 1307 3454 1378 225

1889 1393 1980 1449 Ille
2032 1396 2247 1450 cecidit.
2304 1396 2476 1453 Piscis
2523 1401 2754 1454 solerter
2809 1401 3044 1454 declinat
3095 1401 3347 1463 hamum,
3400 1411 3456 1454 et

1887 1485 2068 1540 anima
2134 1488 2503 1557 voluptatibus
2565 1491 2745 1545 dedita
2811 1490 3122 1559 religiosam
3193 1489 3450 1560 quietem.

1887 1576 2116 1643 Quando
2141 1578 2390 1634 diabolus
2421 1580 2558 1634 duos
2593 1583 2806 1650 aliquos
2843 1582 2983 1634 inter
3017 1596 3074 1634 se
3121 1581 3260 1648 turpi
3305 1594 3457 1634 amo-

1889 1669 1965 1724 ris
1996 1669 2214 1724 vinculo
2259 1671 2374 1726 vult
2409 1671 2688 1741 colligare,
2735 1673 3010 1740 explorata
3047 1682 3330 1739 utriusque
3361 1685 3457 1724 na-

1890 1767 2032 1819 tura,
2068 1756 2190 1811 inde
2219 1758 2490 1828 subjicere
2527 1759 2674 1814 faces
2704 1759 2914 1831 incipit.
2947 1760 3137 1814 Solent
3164 1760 3200 1814 ii
3232 1759 3323 1828 qui
3362 1775 3457 1814 voc

221 1857 364 1928 ἀνὴρ
420 1855 648 1928 φοϐερὸν
717 1826 844 1926 (έϐ)
890 1826 1210 1928 ἐπηρώτησε
1250 1826 1588 1928 δπρὸϐλημα,
1629 1826 1783 1919 Ποία,
1819 1826 1860 1880 Β

1819 1826 1860 1880 Β
1894 1848 2190 1917 luptatilnts
2208 1826 2520 1916 capiuntur,
2540 1865 2665 1920 erga
2689 1826 3034 1906 alios—affectu
3057 1852 3202 1912 duci,
3227 1826 3454 1907 aliorum

223 1953 428 2021 φήσας,
457 1950 719 2020 ἁμαρτία,
757 1949 918 2018 φόνου
955 1950 1048 2002 καί
1071 1952 1350 2019 ἀρνήσεως
1401 1950 1586 2019 χωρὶς,
1622 1949 1788 2020 βαρυ-

219 2040 359 2110 τέρα
388 2039 601 2092 πάντων
629 2037 933 2105 καθέστηκε
959 2054 974 2103 ;
1018 2035 1232 2107 Κάμοῦ,
1261 2035 1325 2088 τὸ
1362 2039 1439 2098 εἰς
1461 2035 1670 2105 αἵρεσιν
1691 2052 1787 2087 πει

225 2135 342 2185 σεῖν
374 2130 818 2203 εἰρηκότοςοῐίαι
874 2129 1014 2192 πῶς,
1067 2129 1248 2199 φησιν,
1296 2128 1604 2199 αἱρετικοὺς
1665 2127 1788 2181 Ἐκ-

224 2223 427 2292 κλησία
454 2223 549 2293 μὲν
573 2221 832 2292 καθολικὴ
870 2221 1131 2292 δεχομένη
1181 2220 1278 2274 σὺν
1329 2220 1405 2291 τῷ
1446 2221 1653 2290 γνησίῳ
1689 2221 1787 2290 τῆς

220 2316 431 2379 οἰκείας
452 2315 712 2385 αἱρέσεως
749 2311 1178 2384 ἀναθεματισμῷ
1201 2312 1300 2382 τῆς
1335 2311 1444 2364 τῶν
1475 2313 1788 2385 μυστηρίων

222 2411 426 2473 αὐτοὺς
453 2409 595 2476 ἀξιοί
623 2408 979 2479 μεταλήψεως
1002 2423 1017 2438 ·
1047 2405 1213 2459 τδνηδὲ
1237 2405 1641 2476 πεπορνευκάτα
1667 2405 1786 2472 ἔξιθ’

224 2504 645 2575 μολογούμενον,
694 2501 786 2554 καὶ
823 2501 919 2568 τῆς
950 2499 1220 2568 ἁμαρτίας
1265 2498 1571 2566 παυόμενον
1615 2497 1787 2549 sicas-

221 2596 434 2666 χομένη
467 2595 558 2648 ἐπὶ
582 2593 806 2663 χρόνους
831 2591 993 2644 αὑτὸν
1017 2589 1128 2642 τῶν
1164 2590 1448 2661 άχράντων
1477 2589 1789 2658 μυστηρίων

219 2685 508 2758 ἀφορίζειν
532 2685 684 2756 παρὰ
723 2684 832 2736 τῶν
869 2680 1240 2738 ἁποστολικῶν
1289 2679 1652 2751 ὑποτρέπεται
1693 2698 1790 2733 κατ

221 2781 428 2832 γόνων·
467 2777 657 2845 Κάμοῦ
703 2779 770 2847 τῆ
821 2775 1025 2846 ἀπορίᾳ
1065 2773 1526 2840 καταπλαγέντος,
1558 2772 1620 2825 τὸ
1656 2772 1788 2825 ἄπο-

225 2887 324 2939 ρον
365 2869 669 2938 μεμένηκεν
721 2866 924 2936 ἄπορον
971 2866 1063 2919 καὶ
1117 2865 1413 2918 αδιάλυτον.
1455 2865 1787 2933 Ἐρευνήσω-

225 2977 332 3028 μεν
375 2961 468 3011 καί
508 2958 887 3028 μετρήσωμεν,
930 2958 1022 3009 καὶ
1059 2956 1390 3026 τηρήσωμεν
1431 2955 1560 3008 ποία
1605 2957 1701 3024 μὲν
1732 2957 1789 3007 ἐν

223 3055 293 3123 τῇ
320 3051 610 3121 ψαλμῳδίᾳ
636 3053 697 3104 ἐκ
734 3050 830 3104 τοῦ
861 3050 960 3120 τῆς
1003 3051 1256 3120 πορνείας
1290 3051 1544 3120 δαίμονος
1590 3050 1790 3118 ήδύτης

1895 1941 2034 1996 mala
2073 1943 2352 2007 miserari,
2404 1943 2777 1997 misericordia
2839 1945 3006 2013 tangi,
3048 1945 3454 2016 collacrymari,

1895 2035 2016 2090 aliis
2049 2035 2313 2101 blandiri;
2373 2037 2571 2105 quibus
2611 2053 2740 2090 vero
2787 2038 3108 2093 castimonia
3153 2038 3306 2093 cordi
3351 2047 3456 2101 est,

1895 2127 2058 2182 nullis
2093 2127 2404 2197 hujusmodi
2453 2129 2702 2183 sensibus
2737 2129 3062 2183 afficiuntur.
3119 2129 3244 2184 Fuit
3293 2145 3324 2184 e
3370 2146 3456 2185 sa-

1895 2221 2163 2290 pientibus
2192 2233 2240 2274 et
2286 2221 2542 2285 eruditis,
2595 2221 2689 2290 qui
2735 2222 2866 2276 mihi
2913 2223 3051 2277 hanc
3089 2223 3377 2293 ancipitem
3405 2233 3460 2278 et

1895 2329 2026 2368 sane
2049 2329 2264 2383 gravem
2291 2329 2352 2368 ac
2373 2313 2642 2368 dillicilent
2673 2317 3024 2383 quaestionem
3050 2316 3249 2385 posuit.
3280 2313 3456 2380 Quod,

1895 2407 2088 2476 inquit,
2123 2422 2294 2476 genus
2342 2405 2572 2475 pet-cati,
2621 2416 2846 2476 excepta
2881 2409 3024 2461 caede.
3077 2417 3130 2461 et
3176 2407 3461 2477 negatione

1898 2497 2010 2560 Dei,
2040 2505 2126 2551 est
2157 2497 2381 2566 reliquis
2411 2497 2667 2551 omnibus
2697 2498 2953 2566 gravius?
2976 2497 3183 2567 Meque,
3213 2512 3336 2550 eum
3366 2497 3458 2566 qui

1896 2590 1948 2643 in
1976 2590 2201 2642 hazrestu
2233 2589 2518 2657 prolapsus
2559 2598 2722 2651 esset,
2756 2589 3140 2658 respondente,
3173 2588 3462 2654 Quomodo

1895 2696 2043 2750 ergo,
2086 2680 2296 2749 inquit,
2339 2678 2580 2734 Ecclesia
2629 2680 2898 2734 catholica
2930 2680 3214 2735 haereticos
3246 2690 3428 2750 postea

1895 2791 2058 2844 quatit
2113 2775 2342 2830 lueresiu
2399 2791 2498 2830 sua
2566 2775 2808 2845 ipsorum
2865 2780 3075 2832 sincera
3125 2778 3468 2833 confessione

1895 2870 2237 2930 damnarunt,
2270 2866 2451 2921 statim
2487 2866 2554 2921 ad
2587 2867 2970 2938 mysteriorum
3001 2869 3309 2923 divinorum
3342 2883 3468 2938 par-

1895 2959 2266 3028 ticipationem
2319 2959 2599 3014 admittit:
2635 2960 2785 3014 illum
2837 2974 3015 3014 autem
3069 2961 3160 3031 qui
3207 2977 3266 3016 se
3297 2961 3468 3014 forni-

1897 3062 2080 3106 ctttum
2114 3051 2425 3116 confitetur,
2471 3059 2526 3106 et
2558 3066 2587 3104 a
2618 3061 2840 3120 peccato
2879 3052 3126 3114 desistit,
3158 3040 3466 3122 postquam

223 3146 366 3215 ἡμῖν
400 3144 751 3211 προσγίνεται
771 3161 786 3173 ·
830 3143 957 3195 ποία
983 3141 1038 3194 δὲ
1069 3144 1133 3194 ὲκ
1169 3142 1276 3195 τῶν
1313 3142 1484 3211 λόγων
1506 3143 1598 3195 τοῦ
1624 3145 1786 3196 Πνεύο
1819 3183 1862 3240 C

1896 3145 2106 3199 veniam
2156 3144 2468 3215 impertivit,
2513 3143 2580 3198 ad
2644 3152 2859 3211 tempus
2919 3153 2975 3198 et
3037 3161 3211 3198 :muos
3263 3145 3331 3198 ab
3370 3160 3465 3199 sa-

229 3251 404 3305 ματος
432 3237 520 3288 καὶ
549 3236 646 3305 τῆς
685 3238 743 3288 ἐν
773 3237 954 3297 αὐτοῖς
982 3233 1332 3304 ὑπαρχούσης
1354 3235 1573 3304 χάριτος
1596 3235 1794 3288 καὶδυ-

224 3328 470 3396 νάμεως.

1900 3235 2204 3290 crosauctis
2262 3243 2316 3288 et
2381 3235 2748 3289 immaculatis
2791 3235 3148 3291 Eucharistize
3178 3237 3468 3308 mysteriis,

1900 3328 1979 3382 uti
2016 3327 2384 3397 apostolorum
2436 3329 2648 3382 decreta
2709 3329 3094 3396 przescribnnt,
3149 3329 3332 3384 arcet?
3372 3327 3472 3383 Hic

228 3437 320 3474 me
349 3420 416 3474 ad
445 3421 835 3475 dubitationem
860 3420 999 3474 hanc
1052 3421 1288 3476 haerente
1345 3431 1397 3473 et
1454 3423 1706 3487 attonito,
1755 3425 1987 3494 quaestio
2055 3440 2274 3494 quoque
2310 3424 2362 3476 in
2414 3425 2590 3478 medio
2635 3425 2815 3489 haesit,
2852 3441 2950 3477 nec
2987 3424 3160 3479 Saluta
3191 3434 3292 3480 est.
3340 3423 3470 3482 Per-

227 3523 546 3566 serutetnur
571 3522 624 3566 et
649 3514 1015 3575 dimetiatnur,
1038 3525 1091 3566 et
1122 3513 1476 3568 absolvemus
1539 3531 1661 3582 qua:
1709 3516 1867 3570 nobis
1908 3517 2046 3570 inter
2082 3516 2436 3585 psalmodiam
2471 3515 2539 3569 ab
2582 3516 2811 3569 luxuriae
2840 3515 3032 3584 spiritu
3065 3515 3348 3570 delectatio
3389 3515 3472 3570 itt-

225 3615 483 3676 geratur;
519 3619 640 3673 qua:
684 3605 811 3658 item
865 3620 926 3657 ex
978 3603 1211 3674 Spiritus
1253 3606 1426 3659 sancti
1479 3608 1716 3662 oraculis
1742 3649 1756 3672 ,
1811 3624 2038 3678 quaeque
2075 3609 2126 3661 in
2162 3608 2271 3663 illis
2301 3619 2383 3662 est
2414 3610 2494 3661 vis
2528 3608 2715 3676 gratia».
2743 3619 2795 3660 et
2828 3608 3066 3662 virtutis.

303 3699 399 3768 Μὴ
419 3699 585 3768 λάθῃς
613 3698 860 3760 σεαυτὸν,
885 3690 930 3749 ῶ
958 3697 1065 3750 νέε.
1109 3694 1260 3750 Εἶδον
1280 3698 1385 3769 γὰρ
1423 3702 1486 3753 ἐκ
1515 3700 1691 3770 ψυχῆς
1720 3718 1800 3752 τι-

229 3809 332 3853 νας
385 3792 497 3852 τοῖς
542 3789 750 3841 ἑαυτῶν
806 3788 1124 3859 προσφιλέσι
1170 3791 1660 3858 προσευχομένους,
1709 3792 1800 3842 καὶ

228 3887 296 3935 ἑκ
341 3881 598 3950 πορνείας
639 3879 966 3946 κινούμενοι,
1022 3879 1236 3931 ἐδόκουν
1280 3881 1498 3948 μνήμην
1540 3880 1631 3930 καί
1679 3879 1796 3931 θεσπ-

232 3978 339 4046 μὸν
368 3976 585 4043 ἀγάπης
613 3972 867 4024 ἐκτελεῖν.
912 3973 1066 4022 Ἔστι
1089 3971 1151 4023 δι’
1179 3973 1321 4039 ἁφῆς
1347 3971 1668 4040 σωματικῶς
1687 3970 1800 4042 (:27)

231 4065 598 4136 μολυνεσοαι·
649 4063 802 4114 οὐδὲν
847 4063 956 4131 γὰρ
1004 4061 1300 4132 βαρύτερον
1344 4061 1547 4131 ταύτης
1593 4061 1689 4130 τῆς
1726 4064 1796 4114 αἱ-

229 4159 491 4228 σοήσεως
519 4171 533 4185 ⁶
573 4157 821 4224 μέμνησο
845 4155 937 4206 τοῦ
971 4153 1378 4224 συμπλέξαντος
1412 4153 1526 4223 (‘28)
1564 4156 1629 4224 τῇ
1660 4154 1802 4224 χειρὶ

223 4251 295 4303 τὸ
337 4249 645 4318 ῢέριστρον,
679 4247 772 4299 καὶ
796 4246 971 4317 νάρκα
1009 4247 1170 4316 χεῖρα
1205 4246 1296 4298 ἐπὶ
1327 4245 1586 4313 φυσικῶν,
1624 4246 1717 4297 καὶ
1742 4245 1801 4296 ού

227 4340 524 4410 φυσικῶν,
563 4339 761 4389 οἰκείου
791 4354 850 4389 τε
884 4337 978 4390 καὶ
1017 4336 1296 4406 ἀλλοτρίου
1337 4335 1605 4404 σώματος.
1635 4333 1801 4407 Οἶμαι

229 4433 315 4502 μὴ
351 4429 607 4498 λέγεσθαί
647 4446 767 4482 τινα
823 4429 884 4481 τὸ
934 4429 1194 4499 παράπαν
1251 4431 1402 4497 ἅγιον
1445 4429 1802 4500 φερωνύμως,

225 4527 284 4576 εἰ
322 4523 402 4593 μὴ
442 4521 704 4592 πρότερον
727 4521 823 4589 τὴν
856 4519 956 4587 γῆν
987 4521 1189 4588 ταύτην
1228 4521 1307 4582 εἰς
1341 4519 1610 4588 άγιασμὸν
1637 4534 1805 4587 μετα-

226 4619 470 4687 ποιήσῃ,
523 4616 679 4684 εἴπερ
737 4616 830 4667 καὶ
873 4615 1048 4667 ἔνεστι
1102 4613 1553 4685 μεταμορφῶσαι.
1611 4613 1699 4667 Ἐν
1738 4615 1804 4683 τῇ

225 4710 505 4780 στρωμνῇ
542 4708 922 4771 ἁναπεσόντες,
962 4706 1084 4759 τότε
1133 4708 1390 4777 νήφωμεν
1419 4723 1431 4736 ’
1470 4705 1607 4759 διότι
1635 4704 1807 4768 ὁνοῦς

217 4803 364 4854 τότε
407 4801 575 4870 χωρὶς
601 4797 695 4850 τοῦ
741 4796 989 4868 σώματος
1025 4797 1354 4866 συμπαλαίει
1397 4799 1510 4859 τοῖς
1551 4795 1802 4865 δαίμοσι·

217 4895 344 4948 κᾶν
362 4893 423 4944 εὖ
430 4890 562 4962 ρεθῇ
576 4888 876 4961 φιλήδονος,
897 4889 1158 4959 προδότης
1180 4889 1344 4958 ἡδέως
1361 4887 1587 4955 γίνεται.
1602 4887 1722 4958 Μνή
1733 4905 1806 4957 μη

219 4984 482 5040 Θανάτου
507 4983 722 5042 πάντως
744 4980 1162 5052 συγκοιμηθήτω
1183 4997 1287 5044 σοι,
1311 4980 1406 5033 καὶ
1428 4984 1812 5052 συναναστήτω
1840 4961 1882 5016 θ

219 5095 326 5133 σοι
353 5116 371 5140 ,
414 5075 510 5128 καὶ
561 5073 934 5144 μονολόγιστος
983 5072 1154 5143 Ἰησοῦ
1193 5074 1360 5145 εὐχή·
1405 5075 1557 5127 οὐδὲν
1596 5076 1703 5145 γὰρ
1735 5075 1812 5138 ὡς

212 5170 421 5223 ταῦτα
455 5163 619 5236 ὲντῷ
663 5163 814 5234 ὕπνῳ
857 5164 1110 5234 εὑρήσεις
1158 5163 1499 5235 βοηθήματα.
1551 5166 1706 5228 Τινὲς
1748 5168 1813 5218 ὲκ

218 5258 558 5334 βρωμάτων
587 5256 762 5326 μόνων
783 5257 909 5318 τοὺς
949 5256 1216 5322 πολέμους
1255 5257 1349 5308 καὶ
1386 5256 1484 5318 τὰς
1541 5257 1813 5326 ἐκκρίσεις

215 5351 392 5408 εἶναι
417 5347 800 5418 δοκιμάζουσιν
826 5362 840 5376 ’
868 5345 978 5412 ἐγὼ
1012 5345 1067 5399 δὲ
1101 5348 1343 5417 ἐσχάτως
1388 5347 1692 5409 νοσοῦντας,
1721 5349 1813 5401 καὶ

213 5448 324 5506 εἰς
350 5442 526 5511 ἄκρον
543 5438 920 5508 νηστεύοντας,
932 5438 1154 5502 ταύταις
1176 5439 1408 5509 ἰσχυρῶς
1422 5440 1810 5510 μολυνομένους

210 5533 540 5602 τεθέαμαι.
571 5528 859 5601 Ἦρώτησά
886 5530 1016 5583 ποτέ
1047 5547 1168 5584 τινα
1193 5530 1321 5601 περὶ
1351 5531 1554 5583 τούτων
1587 5531 1694 5582 τῶν
1730 5531 1815 5583 δο-

217 5648 265 5684 x
279 5624 584 5696 εμωτάηῖων
604 5621 951 5692 διακριτικῶν
972 5621 1222 5692 μοναχῶν
1244 5642 1256 5654 ·
1281 5624 1373 5675 καὶ
1393 5622 1626 5687 ἐδίδαξεν
1649 5625 1675 5675 ὁ
1708 5639 1808 5692 μα-

315 5805 365 5838 ’*
409 5803 576 5859 ICor.
615 5815 687 5865 vt.
723 5805 802 5858 18.

1961 3703 2017 3755 ,Ο
2065 3701 2307 3770 juvenis,
2361 3703 2589 3770 teipsum
2628 3701 2916 3770 diligenter
2940 3701 3178 3768 explora.
3211 3699 3471 3754 Animad-

1904 3795 2037 3848 verti
2087 3811 2187 3865 ego
2223 3797 2513 3849 nommllos
2555 3795 2684 3848 dum
2731 3810 2797 3848 ex
2832 3794 3016 3846 animo
3063 3809 3160 3861 pro
3197 3792 3378 3846 charis
3416 3801 3473 3846 et

1903 3886 2095 3941 amicis
2130 3885 2296 3940 Deum
2335 3887 2497 3955 226
2541 3886 2982 3956 deprecarentur,
3029 3885 3243 3952 impuro
3275 3884 3468 3952 spiritu

1905 3978 2112 4032 alllatos
2169 3988 2222 4031 ct
2269 3986 2574 4032 commotos
2634 3977 2977 4032 existimasse
3033 3993 3092 4030 se
3146 3977 3468 4030 memoriam

1903 4071 2038 4142 grati
2073 4071 2238 4124 animi
2285 4086 2409 4138 erga
2463 4085 2593 4124 suos
2637 4069 2948 4123 exercuisse
2980 4077 3034 4121 ct
3073 4067 3307 4120 oﬂicium
3343 4066 3474 4120 cha-

1906 4163 2080 4214 ritatis
2111 4160 2451 4230 praestitisse.
2502 4161 2596 4213 list
2642 4174 2766 4212 cum
2808 4174 2872 4212 ex
2919 4158 3036 4210 solo
3085 4173 3280 4210 manus
3328 4167 3470 4210 tactu

1909 4270 2109 4322 corpus
2167 4252 2512 4321 inquinatur;
2570 4251 2702 4304 nihil
2751 4251 2893 4305 enim
2943 4251 3048 4304 isto
3089 4265 3248 4304 sensu
3299 4258 3474 4304 tactus

1905 4343 2286 4413 petieulositts.
2325 4339 2442 4394 Non
2481 4341 2692 4394 excidat
2735 4341 2828 4392 tibi
2877 4340 2965 4392 ille
2992 4355 3082 4409 qut
3128 4338 3478 4409 (gestaturus

1906 4451 2104 4502 aegram
2141 4434 2403 4501 matrem)
2439 4450 2655 4486 manum
2691 4449 2844 4487 suam
2877 4443 3023 4486 veSIe
3054 4433 3297 4492 involvit,
3333 4444 3386 4486 et
3414 4440 3472 4485 ιιι

1906 4528 2146 4582 vicissim
2177 4543 2204 4580 a
2237 4535 2381 4580 tactu
2433 4526 2755 4580 naturalium
2803 4534 2855 4578 et
2881 4541 2986 4578 non
3033 4525 3399 4584 naturalium,
3440 4540 3470 4577 a

1907 4633 2134 4688 corpore
2164 4629 2270 4672 tam
2311 4619 2530 4688 proprio
2564 4633 2725 4687 quam
2772 4617 2954 4670 alieno
2988 4631 3206 4668 manum
3245 4616 3475 4684 reprime

1905 4720 1959 4765 ct
1989 4727 2194 4764 coerce.
2228 4708 2398 4763 Nemo
2427 4725 2666 4778 prorsus,
2699 4718 2759 4762 ut
2793 4708 3049 4772 arbitror,
3076 4707 3199 4776 jure
3241 4722 3476 4775 vereque

1909 4803 2232 4872 cognomine
2261 4801 2432 4856 sancti
2459 4799 2594 4854 allici
2628 4809 2821 4868 potest,
2847 4801 2938 4868 qui
2969 4813 3078 4852 non
3109 4798 3260 4865 prius
3285 4798 3474 4850 limum

1909 4893 2055 4948 hunc
2086 4902 2240 4946 terrae
2277 4892 2496 4962 (corpus
2523 4891 2764 4960 inquam)
2801 4891 2868 4945 ab
2895 4890 3046 4945 omni
3075 4889 3195 4944 labe
3220 4905 3478 4960 repurga-

1916 4995 2051 5048 tum,
2067 4999 2260 5052 purum
2289 4992 2644 5052 sanctumque
2668 4981 2982 5047 reddiderit,
2998 4990 3051 5035 et
3075 4979 3478 5050 quodammodo

1915 5076 2335 5141 transformat-it,
2359 5075 2402 5129 si
2433 5085 2613 5127 tamen
2639 5074 2808 5127 ullum
2838 5071 3213 5127 transformari
3241 5071 3316 5141 (in
3341 5085 3476 5139 pra:-

1917 5168 2052 5222 senti
2081 5166 2209 5238 vita)
2243 5173 2436 5235 potest.
2466 5163 2602 5218 Cum
2638 5165 2925 5219 dormituri
2954 5165 3007 5217 in
3037 5163 3236 5218 lectulo
3265 5178 3476 5216 recum-

1919 5259 2121 5323 himus,
2164 5269 2276 5311 tum
2306 5271 2433 5310 vero
2466 5265 2622 5310 caute
2667 5256 2932 5325 agendum
2980 5263 3036 5311 et
3073 5254 3474 5324 advigilandum

1919 5361 2001 5403 est
2030 5367 2042 5401 :
2078 5348 2284 5402 natn'id
2315 5349 2577 5415 temporis
2615 5363 2769 5401 mens
2809 5346 2927 5401 siue
2954 5360 3182 5416 corpore
3208 5346 3321 5400 sola
3349 5361 3474 5400 cum

1921 5438 2260 5494 dtemonibus
2305 5437 2564 5499 decertat,
2617 5445 2670 5491 et
2715 5435 2758 5489 si
2806 5435 3020 5490 animus
3071 5435 3127 5488 in
3175 5435 3477 5503 voluptates

1925 5530 2228 5599 proclinat,
2287 5525 2443 5581 facile
2493 5544 2587 5598 per
2636 5528 2990 5598 proditionem
3043 5541 3165 5581 cum
3229 5526 3478 5581 hostibus

1925 5621 2191 5689 coniurat.
2228 5616 2416 5673 Mortis
2451 5620 2706 5673 nit-moria
2735 5634 2854 5673 cum
2884 5617 3185 5672 dormituro
3220 5617 3473 5682 dormiat,
