4210 6464
203 399 300 464 397
1231 377 1457 450 seua
1493 384 1873 448 PARADISI.
1901 406 1968 417 ——
1995 381 2300 440 omnes
2331 381 2446 438 xv.
3325 374 3432 437 898

208 537 320 572 σαν·
361 517 534 581 πάθος
578 518 633 571 δὲ
666 515 867 586 κυρίως
907 509 1046 566 εἶναι
1084 510 1334 574 λέγουσιν
1365 505 1426 557 τὸ
1453 503 1629 575 κρίνῳ
1665 519 1769 572 μα·
1801 508 1842 560 Α

1801 508 1842 560 Α
1875 495 2138 549 violenter
2159 507 2213 547 et
2240 495 2462 546 invitum
2494 492 2648 560 quasi
2681 507 2773 557 per
2802 489 2906 542 vim
2932 489 3197 559 abripitur
3229 488 3296 541 ab
3347 488 3431 541 in-

1867 583 2008 651 jecta
2060 583 2240 652 specie
2298 591 2391 635 aut
2439 590 2812 650 perseverante
2873 579 3251 644 conjunctione
3308 592 3431 629 eum

1874 690 1933 728 rc
1981 674 2215 743 objecta,
2264 688 2386 741 qua:
2434 671 2696 740 nptinmm
2751 670 2946 722 anima:
2992 679 3192 722 nostra:
3234 676 3432 721 statum

1876 763 2122 817 funditus
2158 762 2350 814 evertit
2398 771 2450 813 rt
2504 761 2817 828 exstinguit.
2853 758 3013 829 233
3064 756 3305 828 Puguam
3340 773 3434 811 seu

204 881 630 950 αὐτομολοῦσαν.

1872 862 2072 916 luctam
2106 860 2390 921 definiunt,
2416 875 2538 911 eum
2572 858 2686 927 pari
2715 858 2909 909 virtute
2936 857 3197 910 adversus
3227 856 3436 909 hostem

207 949 494 1043 pugnatur,
520 981 575 1025 et
620 971 852 1024 luctator
889 967 968 1020 vel
997 974 1190 1034 sponte.
1214 963 1399 1024 vim-it,
1433 960 1512 1012 vel
1549 968 1741 1027 sponte
1785 955 2038 1010 vincitur.
2073 951 2319 1006 Morbum
2351 967 2443 1004 seu
2479 951 2786 1020 passionem
2815 949 3007 1002 animae
3038 949 3224 1001 dicunt
3249 949 3438 1001 vitium

204 1039 349 1136 quod
406 1065 567 1132 longo
608 1071 850 1130 tempore
909 1062 1313 1129 quodammodo
1361 1053 1654 1106 nidilicavit
1694 1051 1744 1103 in
1792 1047 1994 1109 anima,
2045 1060 2109 1099 ac
2138 1043 2394 1111 deinceps
2443 1042 2599 1110 quasi
2645 1043 2695 1093 iu
2728 1040 2971 1094 habitum
3007 1050 3061 1092 et
3095 1053 3253 1093 nsunt
3293 1039 3437 1090 illam

204 1129 444 1222 deduxit,
478 1129 552 1208 uti
585 1129 801 1208 demum
826 1166 921 1205 sua
945 1161 1135 1218 sponte
1169 1156 1222 1200 et
1250 1146 1392 1198 ultro
1422 1143 1756 1197 familiariter
1781 1139 1847 1194 ad
1903 1137 2091 1191 vitium
2134 1135 2262 1188 illud
2292 1133 2433 1202 quod
2485 1132 2538 1184 in
2586 1133 2703 1200 ipso
2729 1132 2909 1185 sedem
2941 1129 3142 1200 posuit,
3168 1141 3438 1183 accurrat.

274 1251 491 1304 Τούτων
521 1249 738 1303 πάντων
777 1247 838 1300 τὺ
879 1246 976 1316 μὲν
1011 1244 1224 1316 πρῶτον
1267 1240 1671 1310 ἀναμάρτητον,
1711 1235 1772 1288 τὸ

1947 1232 2024 1286 Ex
2051 1231 2137 1284 his
2165 1230 2422 1284 omnibus
2463 1227 2717 1298 gradibus
2748 1228 2953 1294 prinms
2978 1225 3316 1293 cogitationis
3345 1239 3439 1278 seu

203 1345 261 1399 δὲ
294 1344 542 1410 δεύτερον
570 1340 631 1393 οὐ
659 1340 896 1401 πάντως,
951 1337 1011 1389 τὸ
1049 1337 1107 1389 δὲ
1145 1337 1328 1406 τρίτον
1361 1333 1495 1402 πρὸς
1538 1331 1636 1400 τὴν
1677 1328 1772 1382 τοῦ

1875 1323 2187 1377 tentationis
2227 1321 2463 1375 assultus
2513 1326 2564 1370 et
2598 1317 2829 1384 impetus
2857 1325 3076 1383 peccato
3100 1316 3251 1367 caret
3276 1330 3290 1377 ;
3313 1313 3444 1365 alter

205 1430 608 1502 ἀγωνιζομένου
634 1429 968 1483 κατάστασιν
1020 1429 1132 1498 ἡδὲ
1167 1427 1308 1493 πάλη
1343 1425 1376 1494 ἢ
1405 1423 1706 1490 στεφάνων,
1739 1418 1770 1488 ἦ

1875 1428 2004 1468 vero
2041 1427 2150 1466 non
2184 1410 2408 1464 omnino
2449 1416 2604 1460 vacat
2636 1407 2830 1474 culpa;
2864 1404 3053 1457 tertius
3081 1420 3177 1458 seu
3211 1417 3438 1457 consen-

203 1495 484 1597 τιμωριῶν
514 1525 703 1584 αἴτιος.
739 1522 803 1574 Ἥ
831 1522 938 1592 γὰρ
968 1495 1313 1590 αἰγμαλωσία
1335 1516 1534 1586 ἑτέρως
1564 1518 1621 1567 ἐν
1656 1529 1772 1566 και-

1879 1521 1974 1562 sus
2012 1519 2111 1574 pro
2142 1504 2356 1556 ratione
2401 1510 2456 1555 et
2483 1512 2626 1553 statu
2657 1498 2915 1551 luctantis
2963 1512 3022 1549 se
3066 1495 3226 1550 habet
3258 1513 3271 1548 :
3304 1495 3445 1548 lucta

208 1585 290 1686 ρῷ
312 1585 636 1684 προσευχῆς,
669 1612 763 1664 καὶ
797 1585 998 1682 ἑτέρως
1125 1608 1295 1677 ἑτέρῳ
1329 1585 1526 1677 καιρῷ,
1557 1603 1650 1656 καὶ
1678 1602 1774 1655 άλ-

1879 1605 2059 1650 autem
2101 1605 2194 1646 aut
2223 1606 2481 1646 coronam
2515 1591 2670 1658 parit,
2700 1598 2794 1642 aut
2827 1587 3172 1656 supplicium.
3211 1585 3447 1654 Captivi-

347 1679 440 1756 ἐπὶ
473 1679 676 1773 μέσοις,
705 1703 800 1757 καὶ
828 1679 1002 1759 άλλως
1027 1700 1122 1753 ἐπὶ
1147 1702 1399 1770 πονηροῖς
1426 1695 1775 1766 ἐνθυμήμασι
1810 1755 1849 1773 __

1810 1755 1830 1773 I
1882 1699 1969 1741 tas
2011 1687 2168 1738 aliter
2210 1694 2451 1752 tempore
2490 1681 2779 1744 orationis,
2820 1681 2976 1734 aliter
3025 1679 3132 1733 alio
3185 1688 3444 1746 tempore,

208 1755 485 1865 κρίνετιιιιοι
530 1755 917 1851 τδδίὲπάοος
959 1755 1343 1860 ἀναμφιὸόλώς
1380 1755 1456 1840 ’ὲν
1502 1755 1686 1845 στάσιν.
1738 1786 1771 1856 ἢ
1810 1755 1850 1812 ﬂ

1810 1755 1850 1812 ,⁵
1879 1779 2040 1833 aliter
2071 1778 2123 1830 in
2162 1774 2383 1830 incertis
2417 1774 2612 1828 mediis
2656 1787 2751 1827 seu
2794 1771 3228 1826 imliﬂercutibus
3249 1813 3262 1836 ,
3295 1770 3450 1824 aliter

207 1863 488 1956 ἀντιζύγῳ
544 1885 800 1956 μετανοίᾳ
833 1885 967 1954 (45),
1026 1883 1058 1954 ἦ
1108 1886 1173 1954 τῇ
1221 1881 1488 1954 μελλούσῃ
1553 1881 1772 1934 κολάσει

1884 1871 1938 1924 in
1995 1868 2258 1938 improbis
2297 1867 2716 1938 cogitationibus
2758 1863 3032 1934 judicatur
3073 1881 3086 1916 :
3119 1863 3311 1918 vitiosa
3348 1878 3447 1916 au-

206 1981 513 2033 ύπὸκειταν
540 1981 569 2032 ὁ
595 1979 774 2032 τοίνυν
809 1977 870 2031 τὸ
897 1977 1109 2047 πρῶτον
1148 1975 1374 2038 ἀπαθῶς
1407 1974 1772 2046 λογιζόμενος,

1883 1972 1987 2016 tem
2057 1961 2223 2016 animi
2276 1961 2488 2016 affectio
2544 1959 2660 2013 sine
2721 1959 2827 2012 ulla
2888 1957 3294 2023 controversia,
3344 1959 3448 2010 nisi

207 2073 390 2125 πάντα
415 2074 478 2125 τὲ
503 2072 704 2141 ἔσχατα
728 2073 815 2140 ὑφ’
842 2070 898 2123 ἓν
920 2069 1265 2140 περιέκοψεν.
1297 2070 1450 2122 Ἔστι
1485 2068 1635 2139 παρά
1664 2069 1776 2132 τοῖς

1882 2057 1998 2125 pari
2062 2055 2387 2125 pwnitentia
2442 2053 2676 2114 eluitur,
2713 2051 2978 2122 supplicio
3021 2050 3287 2122 expianda
3346 2063 3447 2106 est.

204 2167 627 2236 ἀκριῦεστάτοις
671 2165 778 2218 τῶν
805 2163 1124 2233 γνωπικῶν
1157 2163 1445 2234 Πατέρων,
1490 2163 1582 2214 καὶ
1615 2161 1778 2229 ἑτέρα

1883 2145 1987 2213 Qui
2030 2147 2263 2216 primum
2291 2146 2548 2214 impetum
2585 2142 2894 2198 tentatiouis
2915 2141 3146 2208 fortiter,
3181 2143 3327 2198 nulla
3357 2144 3449 2197 ad-

203 2275 296 2320 τις
327 2257 529 2309 τούτων
569 2255 869 2325 λεπτοτέρα
910 2253 1107 2314 ἔννοια,
1141 2254 1279 2323 ὅπερ
1315 2253 1392 2322 (a)
1436 2251 1776 2322 παραρῥιπι-

1884 2240 2050 2294 missa
2075 2239 2318 2308 improba
2347 2237 2694 2306 cegitatione,
2717 2236 2995 2296 su5tinuit.
3026 2234 3454 2290 simulomnibus

207 2351 353 2420 σμὸν
374 2349 448 2416 (ὁ)
472 2348 588 2409 νοός
616 2364 760 2409 τινες
793 2345 1154 2417 ὀνομάζεσθαι
1183 2346 1452 2413 λέγουσιν,
1475 2344 1624 2404 ὅστις
1653 2341 1780 2412 χρό-

1885 2331 2240 2401 sequentibus
2283 2331 2583 2384 assultibus
2627 2328 2765 2382 viam
2817 2327 3167 2398 prasclusitet
3193 2325 3451 2396 praecidit.

203 2418 306 2492 νου
342 2439 532 2508 χωρὶς,
561 2437 656 2490 καὶ
676 2437 834 2504 λόγου
869 2437 962 2490 καὶ
988 2436 1193 2498 εἰκόνος
1225 2435 1491 2503 ὀξυτέρως
1521 2433 1580 2486 τὸ
1612 2432 1780 2496 πάθος

1886 2424 2082 2478 Adhuc
2113 2423 2218 2476 alia
2257 2424 2502 2491 qumdam
2553 2421 2638 2474 his
2692 2421 2846 2502 longe
2881 2418 3129 2472 subtilior
3155 2419 3223 2472 ab
3247 2418 3456 2472 studio-

203 2527 291 2596 τῷ
347 2527 606 2596 πάσχοντι
661 2527 943 2596 σημαίνειν
985 2526 1216 2594 πέφυκε.
1251 2524 1456 2578 Θᾶττον
1493 2525 1642 2577 οὐδὲν
1687 2523 1781 2575 τοῦ

1888 2513 2128 2568 sissimis
2153 2514 2440 2568 doctorum
2471 2513 2694 2567 Patrum
2726 2509 2982 2580 cogitatio
3016 2509 3454 2578 deprehenditur,

209 2616 360 2689 {sui}
405 2617 515 2670 τῶν
566 2619 853 2687 σωμάτων,
899 2615 1154 2688 ὀξύτερον
1216 2616 1248 2686 ἦ
1300 2617 1664 2684 ἀφανέστερον
1725 2617 1782 2666 ὲν

1894 2625 2058 2678 quam
2093 2609 2315 2679 quidam
2349 2609 2766 2662 insinuationem
2803 2621 2895 2659 seu
2933 2605 3334 2674 subreptionem
3365 2619 3459 2674 ap-

207 2708 526 2780 πνεύμασιν
555 2703 694 2761 εἶναι
729 2707 958 2776 πέφυκε,
1007 2708 1194 2781 μνήμῃ
1222 2707 1348 2778 ψιλῇ
1395 2709 1489 2760 καὶ
1531 2707 1785 2761 ἀσυνόιά-

1891 2701 2077 2773 pellari
2112 2699 2404 2764 affirmant,
2441 2714 2560 2768 qua!
2590 2713 2647 2752 se
2679 2699 2729 2752 iu
2756 2699 2943 2751 tentati
2983 2697 3225 2750 animum
3259 2696 3313 2749 in
3345 2712 3460 2749 Ino-

208 2819 354 2870 στῳ,
386 2802 598 2869 ἀχρὸνῳ
625 2816 685 2851 τε
721 2799 814 2852 καὶ
845 2800 1106 2872 ἀφράστῳ
1155 2800 1255 2872 [(ιΙ.
1295 2799 1600 2872 ἀφθάρτῳ],
1640 2800 1790 2872 παρά

1895 2802 2097 2858 mento,
2127 2793 2245 2847 sine
2275 2791 2422 2844 verbi
2451 2792 2688 2851 notione,
2721 2789 2837 2843 sine
2873 2789 3081 2858 objecta
3107 2787 3343 2858 lmagine
3376 2789 3459 2840 in-

205 2907 330 2944 ’τισι
359 2889 417 2942 δὲ
448 2889 540 2942 καὶ
576 2887 837 2960 ἀγνώστῳ
864 2889 962 2959 τὴν
1001 2889 1193 2942 ἑαυτοῦ
1233 2891 1293 2941 ὲν
1325 2892 1389 2959 τῇ
1413 2891 1558 2959 ψυχῇ
1586 2907 1790 2960 παρου-

1895 2887 2114 2942 sinuare
2141 2885 2298 2939 solet.
2323 2883 2464 2936 Nihil
2495 2884 2545 2935 in
2576 2897 2800 2950 corpore
2830 2881 3083 2944 celerius,
3118 2881 3247 2935 nihil
3274 2882 3326 2934 in
3352 2882 3462 2950 spi-

209 2979 345 3032 σίαν
381 2977 658 3040 ποιοῦντος
694 2976 1004 3048 [ἐμφαῖνον.
1041 2977 1116 3031 al.
1151 2977 1381 3048 ποιοῦν],
1421 2979 1588 3041 Εῐτις
1615 2979 1789 3032 τοίνυν

1898 2980 2092 3035 ritibus
2125 2977 2428 3048 promptius
2465 2985 2557 3029 aut
2589 2976 2844 3029 subtilius
2875 2974 2986 3028 fieri
3017 2975 3319 3028 consuevit.
3351 2974 3462 3028 Me—

207 3073 321 3142 τὴν
349 3069 609 3139 τοιαύτην
643 3068 806 3122 αὑτοῦ
831 3068 1134 3138 λεπτότητα
1168 3067 1256 3120 διὰ
1287 3067 1516 3132 πένθους
1551 3069 1792 3122 καταλα-
1820 3117 1860 3142 η

1820 3117 1860 3142 ,η
1899 3073 2073 3128 moria
2105 3073 2248 3125 nuda
2275 3072 2393 3124 sine
2412 3069 2772 3125 collocutione
2800 3078 2895 3122 aut
2917 3068 3318 3137 conjunctione,
3349 3069 3465 3122 sine

210 3165 340 3216 δεῖν
387 3161 648 3232 ἠδυνήθη,
669 3157 830 3224 οὗτος
865 3163 1016 3231 ἡμᾶς
1061 3160 1268 3225 διδάξαι
1314 3160 1557 3223 δύναται,
1586 3162 1703 3226 πῶς
1733 3162 1792 3214 τέ
1821 3157 1862 3175 ν

1821 3157 1862 3175 ν
1897 3182 2083 3229 mora,
2129 3179 2193 3218 ex
2237 3164 2570 3231 improviso,
2618 3161 2689 3215 ita
2735 3169 2796 3213 ut
2859 3161 2999 3227 apud
3037 3161 3329 3216 nonnullos
3367 3176 3466 3214 nec

210 3259 341 3310 ἐστι
371 3257 466 3308 καὶ
489 3254 749 3324 ὀφθαλμῷ
779 3254 945 3325 μόνῳ,
972 3252 1100 3324 ψιλῇ
1121 3269 1177 3306 τε
1203 3252 1300 3323 θέᾳ
1327 3253 1421 3306 καὶ
1444 3253 1555 3324 ἀφῇ
1589 3253 1792 3324 χειρὸς,

1894 3265 2221 3329 agnoscatur
2242 3256 2483 3324 quidem,
2506 3270 2660 3308 suam
2688 3253 3028 3323 prmsemiam
3061 3253 3258 3308 anima:
3285 3263 3467 3307 osten-

212 3349 321 3400 καὶ
354 3347 550 3416 μέλους
577 3345 841 3415 ἀκροάσει
871 3345 1024 3407 ἐκτὸς
1053 3345 1234 3413 πάσης
1263 3344 1488 3407 ἐννοίας,
1523 3346 1616 3397 καί
1650 3343 1796 3412 λογι-

1895 3348 2000 3404 dit.
2036 3347 2198 3419 234
2253 3348 2308 3400 Si
2340 3346 2464 3415 quis
2502 3345 2645 3399 hanc
2702 3345 2864 3398 talem
2920 3345 3067 3399 illius
3114 3344 3465 3400 subtilitatem

212 3438 369 3508 σμοῦ
402 3436 681 3509 πορνεύων
705 3436 884 3506 ψυχὴν
907 3435 1188 3505 ἐμπαθῶς.
1224 3435 1380 3498 Τινές
1412 3451 1578 3502 φασιν
1602 3436 1666 3488 ἐκ
1689 3437 1798 3489 τῶν

1896 3453 1993 3506 per
2031 3439 2307 3506 planctum
2343 3449 2538 3504 capere
2570 3443 2748 3504 potest
2773 3443 2827 3488 et
2879 3434 3198 3502 intelligere,
3236 3433 3325 3488 ille
3369 3448 3469 3488 nos

214 3529 508 3598 λογισμῶν
522 3530 618 3599 τῆς
643 3529 864 3598 καρδίας
889 3528 950 3580 τὸ
977 3527 1133 3597 σῶμα
1158 3529 1237 3589 εἰς
1259 3526 1405 3596 πάθη
1427 3527 1700 3597 ἔρχεσθαι·
1721 3545 1800 3581 τι·

1899 3529 2095 3598 poterit
2122 3530 2336 3592 docere,
2377 3528 2674 3594 quomodo,
2713 3528 2957 3596 inquam,
2980 3527 3082 3591 ,liat
3106 3537 3165 3579 ut
3203 3541 3299 3596 per
3332 3526 3469 3580 sim-

211 3620 317 3682 νὲς
345 3619 404 3671 δὲ
439 3617 597 3672 πάλιν
622 3619 683 3670 τὸ
705 3617 962 3687 ἔμπαλιν,
995 3617 1060 3668 ὲκ
1082 3615 1188 3667 τῶν
1212 3615 1304 3668 τοῦ
1335 3615 1582 3683 σώματος
1611 3616 1801 3687 αἰσθή-

1901 3619 2094 3690 pliccm
2123 3619 2408 3673 oculorum
2441 3617 2714 3680 obtutum,
2743 3617 3028 3687 solumque
3055 3627 3357 3687 aSpectum,
3379 3627 3467 3671 aut

215 3727 373 3764 σεων
399 3711 524 3771 τοὺς
558 3709 826 3780 πονηροὺς
855 3707 1247 3762 άποτίκτεσθαι
1283 3706 1598 3776 λογισμούςο
1631 3707 1724 3759 καὶ
1751 3708 1801 3759 οἰ

1902 3721 2219 3766 contactum
2261 3727 2482 3773 manus,
2512 3720 2606 3764 aut
2643 3711 2928 3764 cantilenae
2955 3710 3312 3774 auditionem,
3354 3712 3472 3764 sine

213 3805 330 3873 μὲν
358 3799 614 3871 πρότεροί
647 3815 830 3867 φασιν,
861 3799 958 3851 ἐὰν
990 3797 1063 3868 μὴ
1111 3798 1138 3847 ὁ
1167 3798 1290 3858 νοῦς
1337 3797 1624 3868 προδράμῃ
1666 3796 1799 3866 (44),

1904 3802 2011 3857 ulla
2045 3802 2374 3871 cogitatione
2403 3811 2496 3856 aut
2525 3801 2940 3855 ratiocinatione
2963 3802 3142 3856 anima
3175 3802 3469 3856 libidinose

206 3895 328 3946 οὐκ
356 3893 424 3944 ἀν
457 3893 519 3944 τὸ
545 3891 705 3961 σῶμα
737 3890 1216 3960 ἐπακολουθήσει-ι’
1261 3890 1309 3942 οἱ
1350 3889 1406 3942 δὲ
1434 3889 1672 3960 δεύτεροι
1705 3889 1805 3960 τὴν

1906 3891 2228 3962 inquinetur
2283 3901 2337 3945 et
2374 3900 2778 3962 corrumpatur.
2835 3892 2976 3945 Sunt
3004 3893 3096 3962 qui
3133 3902 3373 3953 censent,
3405 3909 3472 3946 ex

205 3987 321 4040 τοῦ
357 3981 675 4052 σωματικοῦ
707 3982 911 4040 πάθους
943 3983 1277 4050 κακουργίαν
1320 3983 1398 4044 εἰς
1440 3981 1647 4034 οἰκείαν
1682 3997 1807 4034 συν-

1907 3987 2330 4057 cogitationibus
2351 4003 2380 4039 a
2409 3986 2573 4039 corde
2601 3985 2858 4054 profectis
2889 4001 3086 4053 corpus
3116 3986 3169 4039 in
3203 3986 3471 4038 luxuriam

197 4078 464 4147 ηγορίαν
538 4076 764 4146 φέρουσι
821 4074 1090 4142 λέγοντεςο
1147 4073 1413 4137 Πολλάκις
1479 4075 1538 4140 ἐξ
1590 4074 1808 4144 ἡδίστης

1909 4081 2110 4148 impelli
2140 4089 2194 4133 et
2249 4079 2414 4132 iulici.
2471 4078 2573 4131 Alii
2627 4057 2813 4132 cohtra
2867 4095 2963 4148 per
2991 4093 3184 4134 sensus
3231 4079 3474 4146 corporis

197 4171 411 4236 ὅψεως
437 4166 470 4236 ἢ
497 4167 674 4236 χειρὸς
703 4165 866 4235 ἁφῆς,
898 4164 930 4234 ἢ
962 4163 1192 4227 εὐώδους
1221 4165 1559 4236 ὀσφρήσεως,
1585 4167 1618 4238 ἢ
1643 4167 1808 4235 ἀκοῆς

1912 4173 2068 4224 aiunt
2091 4171 2350 4224 exsistere
2385 4169 2659 4237 improbas
2686 4169 3065 4238 cogitationes.
3101 4168 3179 4222 Illi
3211 4167 3476 4223 allirmant

199 4259 547 4332 ἡδυφωνίας
601 4259 651 4311 οἰ
711 4257 957 4328 λογισμοὶ
1011 4259 1069 4309 ἐν
1117 4259 1184 4328 τῇ
1235 4256 1434 4328 καρδίᾳ
1472 4259 1571 4327 τὴν
1610 4257 1810 4311 είσοδον

1913 4263 2015 4317 nisi
2051 4279 2204 4317 mens
2247 4271 2568 4331 praecurrat,
2610 4277 2810 4331 corpus
2855 4278 2961 4314 non
3014 4261 3190 4331 sequi.
3249 4260 3313 4315 lli
3350 4277 3477 4316 vero

193 4351 626 4423 λαμϐάνουσιν.
658 4350 794 4420 Περὶ
817 4348 1022 4402 τούτων
1052 4351 1080 4402 ὁ
1109 4349 1405 4420 δυνάμενος
1425 4351 1483 4402 ἐν
1519 4350 1706 4420 Κυρίῳ
1731 4349 1810 4402 δι-

1912 4353 2094 4405 vitiosi
2148 4351 2396 4421 corporis
2449 4351 2850 4420 improbitatem
2893 4369 2987 4421 pro
3037 4367 3138 4406 suo
3176 4353 3477 4422 patrocinio

189 4444 410 4508 ὂάξει.
451 4441 599 4493 Πάνυ
641 4439 750 4510 γὰρ
782 4439 852 4492 τὰ
885 4437 1110 4492 τοιαῦτα
1152 4441 1265 4502 τοῖς
1305 4439 1393 4492 διὰ
1423 4438 1678 4507 γνώσεως
1718 4437 1814 4508 τὴν
1846 4457 1851 4510 1

1813 4460 1814 4470 π
1846 4456 1891 4512 ι)
1917 4443 2211 4507 adducunt,
2271 4443 2571 4510 dicuntque
2619 4459 2992 4511 saepenumero
3041 4444 3391 4512 cogitationes
3424 4446 3475 4498 in

191 4531 554 4606 πρακτικὴν
613 4530 1030 4600 μετερχομένοις
1082 4530 1351 4598 ἀναγκαῖα
1402 4531 1496 4583 καὶ
1537 4530 1806 4600 ὠφέλιμα.

1915 4549 2011 4587 cor
2068 4544 2369 4602 penetrare,
2423 4533 2508 4586 vel
2545 4548 2607 4586 ex
2647 4534 3033 4603 elegantissimi
3087 4543 3139 4589 et
3183 4536 3477 4604 gratissimi

183 4629 366 4688 Τοῖς
397 4624 507 4693 γὰρ
532 4625 590 4675 ὲν
612 4621 874 4691 ἁπλότητι
902 4621 1130 4692 καρδίας
1158 4621 1415 4692 ἐργάταις
1438 4623 1640 4676 τούτων
1661 4622 1811 4690 λόγος

1918 4624 2162 4692 corporis
2192 4637 2437 4690 aSpccru,
2465 4622 2545 4674 vel
2580 4637 2646 4676 ex
2689 4638 2882 4676 manus
2919 4635 3084 4684 tactu,
3117 4626 3200 4677 vel
3230 4639 3296 4678 ex
3342 4625 3477 4679 odo-

181 4719 441 4781 οὐδείς’
468 4717 530 4768 οὐ
565 4716 673 4786 γὰρ
703 4715 919 4768 πάντων
947 4715 982 4784 ἠ
1011 4714 1234 4781 γνῶσις,
1256 4713 1376 4767 οὐδὲ
1407 4714 1624 4767 πάντων
1652 4717 1685 4786 ή
1716 4733 1815 4784 μα-

1921 4731 2040 4768 rum
2092 4713 2404 4781 fragrantia,
2447 4728 2608 4782 quam
2666 4729 2824 4768 nares
2863 4715 3141 4778 hauriunt,
3174 4717 3255 4770 vel
3309 4717 3481 4771 dulcis

179 4812 416 4884 καιρία
443 4809 703 4878 ἁπλότης.
730 4809 759 4860 ὀ
785 4807 963 4875 θώραξ
1005 4807 1139 4876 πρὸς
1167 4807 1294 4870 τοὺς
1329 4806 1436 4860 τῶν
1461 4807 1709 4878 πονηρῶν
1735 4807 1820 4861 δύο

1817 4838 1820 4848 ν
1924 4806 2043 4864 soni
2076 4806 2264 4859 auditu
2324 4817 2478 4862 natas
2525 4816 2802 4876 ortasque.
2841 4807 3102 4876 Quisquis
3133 4816 3328 4877 potest,
3359 4823 3479 4869 nos,

178 4909 392 4961 λους·
420 4899 538 4952 ἔνια
569 4899 665 4968 μὲν
689 4897 797 4950 τῶν
827 4896 1015 4950 παθῶν
1037 4898 1100 4949 ὲκ
1127 4896 1235 4950 τῶν
1263 4898 1414 4961 ἐντὸς
1448 4898 1542 4951 ἐπὶ
1568 4898 1629 4951 τὸ
1659 4899 1817 4967 σῶμα

1928 4899 2173 4963 obsecro,
2217 4899 2270 4951 in
2301 4898 2531 4954 Domino
2561 4900 2771 4954 doceat.
2809 4899 2948 4954 Sunt
2978 4901 3120 4954 enim
3161 4901 3265 4954 hoc
3313 4915 3483 4970 genus

176 4992 613 5068 προέρχονται
660 4989 772 5058 (45)
792 5005 806 5018 ·
834 4987 955 5042 τινὰ
997 4987 1055 5041 δὲ
1088 4988 1246 5043 πάλιν
1283 4987 1344 5040 τὸ
1371 4988 1605 5057 ἔμπαλιν
1646 4991 1738 5042 καὶ
1759 4992 1817 5042 ὲν

1923 4991 2295 5046 institutiones
2336 4993 2404 5046 iis
2455 4992 2876 5061 pernecessaria:
2925 5003 2979 5046 et
3024 4993 3218 5054 utiles,
3261 4993 3355 5062 qui
3391 5008 3485 5061 per

171 5091 360 5149 τοῖς
397 5083 498 5152 μὲν
521 5084 578 5134 ἐν
602 5081 790 5151 κόσμῳ
809 5080 869 5133 τὸ
888 5079 1158 5148 δεύτερον*
1184 5080 1240 5132 ἐν
1262 5078 1318 5131 δὲ
1339 5081 1449 5142 τοῖς
1478 5082 1683 5150 μονήρη
1706 5080 1817 5149 βίον

1923 5084 2302 5153 cogitationem
2338 5085 2403 5138 ad
2437 5084 2705 5138 actionem
2738 5084 3099 5138 exercendam
3130 5083 3487 5154 progrediun-

178 5173 505 5255 μετιοῦσι
561 5173 622 5226 τὸ
661 5173 918 5243 πρότερον
965 5169 1055 5222 διὰ
1094 5171 1194 5240 τὴν
1225 5169 1333 5222 τῶν
1373 5169 1514 5223 ύλῶν
1562 5171 1814 5243 ἀπορίαν.

1925 5185 2031 5230 tur.
2078 5173 2211 5228 Nam
2271 5175 2338 5228 iis
2387 5175 2477 5243 qui
2524 5175 2577 5227 in
2629 5176 2974 5243 simplicitate
3026 5175 3208 5229 contis
3250 5174 3335 5229 sui
3381 5172 3487 5226 Deo

192 5268 410 5337 Ἐγὼ
453 5266 511 5319 δὲ
559 5265 687 5334 περὶ
723 5263 912 5317 τούτου
949 5264 1122 5314 ἐκεῖνο
1162 5260 1322 5326 λέγω·
1368 5261 1630 5332 Ζητήσεις
1671 5267 1818 5335 παρά

1924 5275 2237 5335 operantur,
2266 5267 2410 5320 nulla
2435 5282 2615 5320 rerum
2648 5267 3020 5335 hujuscemodi
3051 5267 3188 5321 ratio
3221 5265 3484 5320 habenda.

172 5360 451 5424 κακοῖς
489 5355 721 5416 σύνεσιν,
745 5355 841 5407 καὶ
868 5353 966 5422 οὐχ
993 5351 1262 5421 εὑρήσεις.
1292 5351 1457 5403 Ὅταν
1477 5351 1647 5405 πολλὰ
1686 5353 1816 5424 πρὸς

1924 5355 2032 5411 Nec
2086 5357 2228 5410 enim
2276 5358 2519 5412 onmium
2564 5367 2646 5412 est
2679 5359 2928 5420 scientia,
2978 5373 3078 5413 nec
3121 5358 3361 5412 omnium
3406 5366 3490 5412 est

205 610 318 680 mg,
350 611 408 660 ἐν
428 613 493 680 τῇ
522 610 665 679 ψυχῇ
691 606 950 677 ἐμπαθῶς
983 599 1316 672 ἐμφυιλεῦον.
1352 599 1443 650 καὶ
1472 595 1660 662 ὥσπερ
1684 596 1762 656 εἰς

204 699 312 761 ἓξιν
361 699 530 766 αὐτὴν
579 697 762 749 λοιπὸν
797 699 853 748 ἐν
895 697 960 762 τῇ
998 693 1134 760 πρὸς
1166 688 1297 742 αὐτὸ
1336 685 1593 756 συνηθείᾳ
1630 685 1764 750 άγα-

179 793 318 858 ’γὸν,
370 791 464 843 καὶ
514 789 852 859 αὐθαιρέτως
907 784 1090 838 λοιπὸν
1134 785 1192 835 ἐν
1235 779 1382 850 αὐτῷ
1420 779 1514 831 καὶ
1550 777 1764 838 οἰκείως

1819 3117 1862 3175 C

281 5537 411 5613 (α)
451 5536 686 5613 ᾞνπερ.
716 5537 769 5607 ἦ,
799 5537 985 5613 ὅνπερ,
1021 5536 1123 5590 nisi
1155 5535 1528 5613 subintelligas
1550 5534 1742 5613 πάθος.

283 5604 408 5684 (ὁ)
465 5604 948 5687 Παραρριμισμὸς
981 5623 1011 5660 a
1069 5604 1498 5687 παραῤῥιπίζωθ
1551 5604 1811 5687 subrepta.

175 5675 447 5754 lnépu}
501 5675 752 5731 emendat
797 5685 984 5754 contra
1041 5675 1284 5754 omnium
1355 5675 1603 5728 codicum
1660 5675 1815 5728 fidem

173 5744 531 5820 gséltius,
559 5745 998 5820 nptamcpbv,_et
1035 5744 1292 5820 σατυρίαν
1324 5759 1620 5820 exponens,
1672 5759 1820 5796 tuor-

177 5814 414 5893 Ῐίιιηι,
451 5814 692 5886 inquam.
727 5814 964 5886 corporis
999 5815 1191 5870 veretri
1216 5814 1526 5885 tentiginem
1563 5829 1823 5885 :prorsus

1926 5539 2021 5590 alis
2052 5553 2133 5598 re,
2191 5554 2313 5592 eum
2365 5548 2558 5594 auctor
2612 5537 2818 5590 ἔννοιαν
2846 5537 3195 5607 λεπτοτέραν,
3239 5537 3486 5607 ᾅχρονον.

1926 5612 2200 5678 ἄφραστον
2222 5611 2316 5661 καὶ
2344 5610 2616 5676 ἄγνωστον
2674 5608 2921 5678 appellet.
2978 5606 3101 5678 qua:
3129 5606 3264 5660 nihil
3315 5615 3490 5676 potest

1928 5677 2048 5732 esse
2066 5679 2344 5803 Isprhtilius,
2377 5695 2497 5735 cum
2554 5677 2848 5748 priapismo
2878 5678 3014 5732 nihil
3062 5677 3132 5733 sit
3160 5691 3400 5733 crasszus
3425 5686 3481 5730 ct

1936 5763 2059 5802 nata
2101 5764 2246 5803 tius.
