4216 6458
779 376 882 438 899

2031 379 2089 436 S.
2113 376 2431 436 JUANNIS
2456 376 2760 436 CLI'MACI

3901 381 3996 446 900

779 490 932 543 licata
973 489 1061 543 illa
1089 488 1404 559 simplicitas
1433 491 1624 544 thorax
1655 506 1766 560 quo
1799 493 2032 546 hostium
2060 495 2168 550 doli
2225 497 2338 550 elu-
2369 515 2409 568 Λ
2439 515 2444 528 ·

2334 527 2338 536 ι
2369 515 2409 568 Λ
2439 495 2530 549 τὸν
2561 497 2660 566 τῆς
2693 495 2864 564 πηλοῦ
2895 495 3124 562 σύζυγον
3165 497 3395 568 δαίμονα
3439 499 3860 571 ἀγωνισάμενοι,
3885 503 3999 557 τοῦο

779 579 1004 634 duntur.
1061 578 1216 636 Mala:
1254 583 1336 635 ba:
1373 582 1714 651 voluptatum
1773 585 2097 652 cupiditates
2148 590 2339 654 partim

782 670 930 726 intus
962 672 1013 724 in
1041 673 1228 726 animo
1258 683 1399 728 natae
1429 673 1482 726 iu
1519 689 1717 743 corpus
1738 687 2025 744 erumpunt
2058 697 2070 730 ;
2097 681 2341 745 quaedam

779 771 966 816 contra
1004 777 1036 816 e
1073 777 1300 833 corpore
1351 763 1418 817 ad
1469 764 1710 818 animum
1745 773 2043 821 transeunt.
2075 767 2144 822 lis
2168 769 2261 837 qui
2290 771 2341 823 in

779 851 978 905 szeculo
1015 851 1216 921 degunt
1249 851 1478 907 alterum
1515 854 1654 908 solet
1689 869 1792 908 usu
1820 857 2044 920 venire;
2081 857 2346 926 religiosis

782 944 1039 1011 primum,
1081 943 1222 1014 quod
1252 945 1302 998 in
1337 945 1419 998 his
1447 944 1590 998 absit
1625 947 1846 1001 materia
1879 947 2062 1018 (quam
2107 965 2346 1018 pra-sen-

782 1045 886 1088 tem
922 1037 1122 1089 habent
1163 1037 1410 1090 homines
1445 1036 1702 1104 profani).
1734 1037 1810 1092 De
1835 1041 1942 1094 hoc
1966 1040 2097 1094 illud
2127 1057 2342 1099 censeo.

780 1125 941 1198 235
977 1127 1198 1193 ροισι-(δε
1249 1129 1386 1196 apud
1438 1129 1715 1194 improbos
1769 1146 1990 1186 sensum
2025 1135 2344 1203 prudentize,

783 1236 879 1273 nec
906 1219 1170 1275 invenies.
1203 1219 1432 1286 Quando
1458 1222 1549 1276 diu
1576 1223 1912 1294 multumque
1946 1240 2069 1279 cum
2101 1227 2347 1284 dtemone

783 1327 1016 1366 (uitiosa:
1047 1315 1226 1366 earnis
1256 1313 1407 1366 socio
1436 1314 1642 1376 luetati,
1673 1314 1818 1369 hune
1839 1318 2055 1370 demum
2082 1333 2148 1372 ex
2183 1321 2348 1374 corde

780 1415 968 1458 nostro
993 1403 1258 1472 lapidibus
1279 1404 1493 1473 jejunii,
1524 1415 1577 1458 et
1607 1407 1786 1476 gladio
1809 1407 2130 1464 humilitatis
2145 1419 2344 1466 tortum

779 1491 1124 1562 ’ejecerimus.
1149 1502 1281 1549 tunc
1307 1495 1490 1550 infelix
1515 1497 1602 1550 ille
1627 1507 1882 1566 tauquam
1915 1501 2117 1556 vermis
2147 1501 2201 1556 in
2231 1517 2348 1558 cor-

779 1603 914 1658 pore
942 1597 1132 1642 nostro
1163 1588 1407 1642 residens
1449 1604 1546 1643 nos
1580 1591 1644 1642 ad
1701 1590 2042 1660 importunos
2063 1597 2344 1664 quosdam,

778 1687 835 1732 et
878 1679 1076 1732 rationi
1127 1679 1434 1732 contrarios
1467 1690 1646 1734 motus
1693 1684 2010 1751 proritando
2065 1687 2348 1756 inquinare

779 1782 1028 1830 conatur.
1075 1773 1226 1841 Quod
1261 1775 1297 1828 ii
1337 1775 1680 1843 potissiunun
1713 1775 2086 1844 experiuntur,
2117 1777 2210 1846 qui
2248 1793 2346 1832 va-

2448 605 2538 640 τον
2557 587 2624 641 ἐκ
2645 588 2742 656 τῆς
2767 588 3037 658 ἡμετέρας
3064 587 3292 658 ςιαρδίας
3317 589 3406 642 διὰ
3430 589 3594 643 λίθων
3619 591 3892 660 νηστείας,
3916 598 4000 648 καὶ

2451 679 2634 748 ξίφους
2659 679 3038 743 ταπεινώσεως
3069 679 3457 750 βασανίσαντες
3493 682 3855 755 ἐξελάσωμεν,
3889 687 4001 738 τότε

2448 771 2630 824 λοιπὸν
2669 774 2725 825 ὲν
2756 770 2832 840 τῷ
2861 771 3070 841 σώματι
3117 771 3306 840 ὥσπερ
3334 771 3548 846 σκώληξ
3585 792 3667 838 τις
3699 775 4004 846 ἐγκαθήμεο

2449 880 2538 922 νος
2583 864 2665 926 εἰς
2710 861 2937 930 ἀλόγους
2981 862 3131 924 τινὰς
3167 864 3406 934 κινήσεις
3445 865 3540 918 καὶ
3573 866 3835 937 ἀκαίρους
3865 868 4003 938 ἡμᾶς

2449 955 2794 1024 γαργαλίζων
2824 955 2854 1008 ὁ
2889 953 3118 1018 δείλαιος
3149 954 3396 1025 μολύνειν
3441 955 3708 1026 βιάζεται.
3743 958 3916 1012 Τοῦτο
3954 959 4005 1010 δὲ

2452 1045 2687 1117 μάλιστα
2721 1046 2949 1115 πάσχειν
2973 1045 3196 1098 εἰώθασι
3237 1047 3288 1099 οἱ
3317 1046 3393 1116 τῷ
3427 1049 3528 1118 τῆς
3561 1049 3869 1116 κενοδοξίας
3899 1050 4004 1103 δαί-

2453 1153 2576 1206 μονι
2622 1137 2953 1202 πειθόμενοι,
2983 1135 3115 1188 διότι
3158 1139 3216 1188 ἐν
3246 1139 3443 1210 καρδίᾳ
3487 1142 3682 1210 μηκέτι
3717 1141 4006 1213 λογισμοὺς

2452 1241 2742 1296 πορνικους
2782 1229 3016 1294 συνεχῶς
3045 1227 3401 1298 λογιζόμενοι,
3433 1231 3498 1302 τῇ
3531 1230 3808 1303 κενοδοξία
3847 1249 4008 1301 προσ-

2451 1313 2734 1368 επέλασεν.
2760 1315 2869 1368 Καὶ
2892 1315 2972 1369 ὅτι
2996 1315 3056 1368 τὸ
3073 1318 3365 1387 εἰρημένον
3385 1319 3631 1390 ἀψευδὲς,
3661 1322 3865 1376 ὁπόταν
3889 1326 4008 1394 ήσυη

2451 1403 2575 1472 χίας
2641 1401 2783 1467 τινὸς
2841 1398 2987 1458 οὗτοι
3035 1405 3416 1474 ἐπιλάϐωνται,
3465 1410 3730 1480 νουνεχῶς
3785 1413 4007 1476 ἑαυτοὺς

2452 1495 2916 1564 ἀνακρινάτωσαν*
2965 1501 3058 1550 καὶ
3113 1499 3330 1562 πάντως
3381 1502 3694 1574 εὑρίσκουσι
3755 1503 4010 1576 λογισμόν

2452 1601 2576 1638 τινα
2602 1585 2742 1638 κατὰ
2779 1586 2974 1656 βάθους
3011 1591 3110 1659 τῆς
3149 1591 3371 1661 καρδίας
3425 1593 3627 1658 αὐτῶν,
3671 1594 3864 1669 ῶσπερ
3897 1599 4010 1651 τινὶ.

2454 1675 2575 1742 ὅφιν
2603 1675 2660 1727 ἐν
2690 1675 2878 1746 κόπρῳ
2905 1678 3300 1748 κρυπτόμενον,
3325 1679 3418 1733 καὶ
3455 1679 3514 1745 ἐξ
3547 1681 3751 1746 οἰκείας
3783 1683 4012 1755 σπουδῆς

2456 1763 2548 1818 καὶ
2573 1763 2880 1834 προθυμίας
2906 1765 2970 1818 τὸ
3005 1768 3336 1840 κατόρθωμα
3361 1770 3423 1824 τὸ
3446 1772 3544 1842 τῆς
3579 1775 3884 1845 καρδιακῆς
3922 1793 4013 1828 πο-

780 1884 864 1922 na!
884 1868 1066 1938 gloria:
1093 1869 1326 1923 daemoni
1369 1869 1740 1937 obsequuntur
1769 1887 1782 1922 :
1813 1868 1944 1922 dum
1981 1869 2125 1922 enim
2167 1885 2351 1924 secum
2385 1872 2426 1926 Β

2348 1895 2351 1923 γ
2385 1872 2426 1926 Β
2456 1853 2564 1916 σῶς
2593 1855 2812 1922 ἁγνείας
2851 1856 3266 1926 κατορθωκότας
3295 1857 3393 1932 [ιιι.
3429 1863 3864 1936 κατορθωκέναι]
3896 1865 4013 1918 ὑπι-

780 1961 999 2015 assidne
1027 1971 1300 2030 reputant,
1327 1975 1384 2014 se
1416 1960 1484 2012 ab
1521 1959 1748 2029 impuris
1775 1961 1956 2014 cordis
2007 1960 2349 2028 rcgitationi-

2447 1943 2755 2013 τιθέμενον,
2791 1947 2866 2016 μὴ
2905 1941 3150 2010 νοοῦντες
3179 1948 3228 2000 oi.
3259 1948 3486 2012 τάλανες
3523 1949 3604 2002 τὸο
3641 1951 3701 2003 Τί
3722 1949 3834 2022 γάρ
3859 1950 4015 2019 ἔχεις

781 2054 890 2109 bus
917 2068 1021 2107 non
1053 2053 1287 2122 amplius
1329 2051 1596 2115 infestari,
1628 2053 1876 2107 incidunt
1904 2053 1955 2106 in
1993 2069 2190 2108 ranam
2233 2055 2347 2124 glo-

2447 2037 2480 2091 ὃ
2511 2041 2622 2093 οὐκ
2646 2041 2862 2105 ἔλαϐες
2881 2039 3106 2108 δωρεὰν
3137 2041 3272 2113 (46),
3304 2043 3337 2114 ἦ
3373 2045 3436 2097 ἐκ
3467 2042 3624 2110 Θεοῦ,
3657 2044 3691 2114 ἢ
3720 2044 3779 2111 ἐξ
3819 2046 4016 2116 ἐτέρων

781 2145 937 2200 riam.
969 2143 1035 2198 Et
1060 2145 1186 2215 quia
1217 2154 1428 2200 eertum
1462 2155 1565 2207 est,
1613 2145 1760 2212 quod
1805 2155 1890 2200 est
1919 2145 2120 2200 dictum
2157 2147 2258 2216 (α),
2297 2149 2349 2201 hi

779 2235 872 2307 qui
919 2235 1156 2305 aliquam
1201 2237 1292 2306 (ab
1345 2237 1575 2304 impuris
1626 2237 2068 2306 cogitationibus)
2111 2239 2350 2308 quietem

781 2328 956 2399 adepti
991 2336 1139 2394 sum,
1181 2343 1239 2382 se
1283 2327 1572 2396 diligenter
1621 2329 1920 2394 excutiant,
1955 2339 2009 2384 ct
2037 2329 2155 2384 sine
2183 2330 2346 2384 dubi-

783 2421 987 2474 tatione
1031 2417 1436 2487 deprehendcut
1471 2417 1524 2470 in
1555 2416 1760 2472 intimis
1789 2419 1970 2473 cordis
1999 2419 2082 2473 sui
2131 2419 2352 2473 latebris

783 2521 1042 2580 tanquam
1080 2509 1134 2562 in
1171 2509 1512 2577 sterquilinio
1539 2508 1838 2562 latitantem
1869 2509 2103 2576 aliquem
2128 2525 2351 2578 serpen-

781 2613 891 2656 tem
918 2640 935 2667 ,
997 2599 1088 2670 qui
1129 2608 1382 2670 suggerat
1433 2598 1609 2663 nobis,
1661 2600 1807 2668 quod
1855 2609 2042 2653 nostro
2076 2601 2257 2654 studio
2299 2608 2354 2654 et

784 2694 969 2748 labore
989 2693 1237 2746 virtutem
1271 2691 1540 2745 castitatis
1569 2700 1623 2744 et
1659 2691 1875 2759 qualem
1908 2693 2126 2761 qualem
2165 2693 2352 2748 cordis

783 2783 1103 2840 munditiem
1136 2782 1298 2836 nobis
1355 2783 1852 2851 eomparaverimus
1877 2821 1890 2845 ,
1935 2783 2118 2836 miseri
2173 2797 2272 2836 nos
2302 2792 2356 2837 et

784 2875 1132 2930 immemores
1167 2871 1315 2926 illius
1351 2870 1482 2924 dicti
1513 2887 1528 2923 :
1561 2869 1700 2934 Quid
1733 2871 1876 2922 enim
1907 2870 2062 2924 habes
2091 2873 2227 2941 quod
2252 2888 2355 2924 non

783 2967 950 3038 grrm's
981 2965 1096 3020 sive
1125 2979 1156 3018 a
1192 2963 1322 3027 Deo,
1357 2963 1469 3017 sive
1510 2977 1604 3031 per
1643 2961 1905 3016 auxilium
1937 2977 2266 3032 operamque
2303 2973 2359 3017 ct

782 3071 974 3126 preces
1013 3053 1246 3108 aliorqu
1282 3052 1572 3122 accepisti?
1604 3049 1739 3105 Dent
1766 3067 1896 3119 ergo
1933 3067 2152 3120 operam
2184 3063 2244 3107 ut
2278 3053 2356 3106 la-

783 3151 1030 3200 titantem
1080 3145 1222 3197 hunc
1269 3157 1500 3211 anguem
1559 3143 1706 3195 omni
1745 3143 1926 3194 studio
1960 3159 2053 3210 per
2083 3157 2354 3197 summam

785 3238 952 3293 animi
1009 3233 1396 3291 demissionem
1455 3243 1748 3288 mactatum
1791 3249 1853 3286 ex
1921 3234 2086 3287 corde
2142 3234 2357 3302 penitus

784 3328 1098 3391 excludant,
1131 3337 1194 3380 ut
1223 3325 1293 3380 ab
1339 3325 1430 3378 illo
1460 3325 1672 3379 liberati
1716 3325 1948 3393 possint,
1989 3333 2044 3378 et
2073 3325 2176 3395 ipsi
2227 3327 2356 3379 olim

785 3419 1042 3490 pollicens
1095 3415 1310 3471 tunicas
1355 3413 1656 3469 exoticum
1699 3413 1852 3483 puris
1903 3412 2008 3466 illis
2055 3412 2359 3469 infantibus

789 3511 1020 3585 [pueris]
1067 3506 1455 3576 triumphalem
1511 3503 1778 3560 castitatis
1829 3504 2089 3574 hymnum
2133 3503 2360 3560 Domino

785 3607 1096 3660 decantare.
1149 3598 1207 3654 Si
1235 3609 1412 3652 tamen
1437 3595 1607 3666 pelles
1627 3595 1798 3657 exuti,
1831 3610 1936 3648 non
1966 3594 2095 3648 nudi
2122 3595 2358 3660 interim,

786 3697 882 3752 sed
921 3695 1047 3750 tecti
1087 3694 1303 3748 illorum
1337 3690 1504 3762 236
1533 3688 1867 3752 innocentia,
1903 3697 1956 3740 et
1991 3687 2225 3741 naturali
2261 3687 2358 3740 bu-

787 3785 1018 3840 militate
1059 3783 1422 3852 reperientur.
1467 3779 1787 3848 Ancupatur
1838 3777 1922 3830 hic
1957 3777 2071 3846 ipse
2123 3776 2357 3842 daemon,

785 3886 844 3948 et
862 3877 1022 3946 longe
1045 3875 1320 3929 curiosius
1342 3886 1504 3941 quant
1528 3885 1720 3926 omnes
1741 3869 1852 3930 alii,
1881 3879 2120 3938 tempora
2143 3869 2229 3920 illa
2265 3883 2358 3936 po-

789 3971 1060 4026 tissimum
1083 4007 1101 4031 ,
1135 3967 1336 4038 quibus
1370 3966 1445 4020 liti
1476 3963 1725 4032 corporis
1749 3977 1911 4030 opera
1944 3959 2011 4014 ad
2047 3976 2231 4029 preces
2246 3959 2361 4013 fun-

788 4063 994 4118 dcndas
1017 4062 1278 4115 adversus
1303 4073 1426 4114 eum
1453 4072 1558 4111 neu
1591 4069 1903 4124 possumus,
1927 4063 1980 4107 et
2006 4063 2134 4106 tunc
2159 4051 2361 4120 impius

789 4153 880 4208 ille
937 4153 1173 4207 maxime
1240 4166 1340 4204 nos
1399 4148 1620 4203 invadit.
1691 4144 1910 4214 Alioqui
1999 4145 2152 4197 \‘alde
2207 4143 2362 4213 juvat

789 4261 910 4313 eos,
944 4245 1037 4316 qui
1069 4245 1308 4298 nomium
1342 4241 1406 4295 ad
1430 4255 1610 4294 veram
1637 4238 1818 4293 cordis
1860 4235 2160 4290 orationem
2211 4235 2362 4302 aspi-

792 4345 1000 4402 rarunt,
1043 4336 1255 4390 vexatio
1287 4332 1531 4402 corporis
1578 4331 1716 4384 inter
1763 4327 2113 4398 precandum,
2146 4341 2360 4390 manus,

793 4431 1043 4499 inquam,
1069 4424 1430 4487 extendendo,
1465 4421 1738 4476 tundendo
1761 4427 1966 4489 peetus.
1990 4419 2188 4472 cmlnm
2214 4415 2363 4470 iden-

2384 3208 2496 3269 Cx"

2451 2132 2742 2203 συνεργίας
2763 2133 2860 2185 καὶ
2888 2133 3052 2204 εὐχῆς
3073 2149 3088 2197 ;
3116 2134 3492 2189 Σκοπείτωσαν
3518 2136 3718 2202 τοίνυν,
3745 2135 3843 2190 καὶ
3872 2139 4016 2206 πάσῃ

2452 2225 2657 2296 σπουδῇ
2689 2225 2780 2278 τὸν
2811 2224 3205 2296 προειρημένον
3235 2227 3357 2296 ὅφιν
3402 2227 3505 2298 τῆς
3539 2229 3752 2282 ἑαυτῶν
3792 2231 4018 2302 καρδίας

2449 2318 2539 2373 διὰ
2558 2317 3058 2390 ταπεινοφροσύνης
3083 2319 3286 2388 πολλῆς
3305 2319 3677 2390 νεκρὼσαντες
3697 2323 4018 2389 ἀποπεμπέ-

2453 2409 2686 2476 σθωσαν,
2721 2411 2864 2473 ὅπως
2909 2409 3100 2464 τούτου
3137 2411 3694 2484 ἀπαλλοτριωθέντες,
3750 2415 4021 2488 δυνήσων-

2453 2520 2544 2558 ται
2568 2503 2696 2564 ἴσως
2721 2502 2848 2554 ποτὲ
2875 2503 2967 2554 καὶ
2989 2495 3135 2554 οὗτοι
3155 2502 3280 2566 τοὺς
3305 2502 3656 2574 δερματίνους
3683 2507 3924 2575 χιτῶνας
3944 2511 4026 2562 ἐκ·

2451 2593 2736 2657 δύσασθαι,
2755 2595 2848 2646 καὶ
2865 2593 2956 2646 τὸν
2984 2594 3249 2649 ἐπινίκιον
3269 2595 3366 2665 τῆς
3399 2596 3640 2664 ἁγνείας,
3692 2597 3774 2661 εἴς
3805 2617 3942 2654 ποτε
3960 2602 4024 2655 τά

2454 2685 2592 2754 ἁγνὰ
2614 2685 2802 2754 νήπια,
2828 2683 2996 2754 ὕμνον
3015 2684 3095 2756 τῷ
3120 2684 3310 2756 Κυρίῳ
3336 2681 3486 2757 ᾆσαι·
3532 2689 3692 2759 εἴπερ
3722 2690 4025 2761 ἐκδυσάμεο

2454 2793 2536 2831 νοι
2555 2776 2616 2828 οὐ
2645 2769 2842 2845 γυμνοὶ
2867 2776 2968 2846 τῆς
2990 2777 3214 2830 ἐκείνων
3241 2777 3479 2844 άκακίας
3517 2782 3614 2834 καί
3637 2782 4026 2846 ταπεινώσεως

2455 2869 2693 2938 φυσικῆς
2722 2868 3130 2940 εὑρεθήσονται.
3166 2871 3447 2942 Ἐπιτηρεῖ
3473 2873 3568 2926 καὶ
3597 2873 3758 2938 αὐτὸς
3797 2870 3961 2940 οὗτος
4001 2879 4030 2929 ὁ

2455 2960 2805 3029 δαίμων,καὶ
2838 2961 3018 3032 πολλῷ
3065 2961 3226 3016 πλέον
3263 2962 3372 3017 τῶν
3397 2963 3572 3018 ἄλλων
3616 2966 3742 3030 τοὺς
3775 2969 4028 3039 καιροὺς,

2456 3052 2584 3106 ὅταν
2614 3051 2848 3122 μάλιστα
2869 3053 2930 3106 ού
2954 3053 3228 3123 δυνάμεθα
3251 3055 3576 3126 σωματικῶς
3605 3059 3725 3111 κατ’
3745 3060 3921 3115 αὑτοῦ
3943 3061 4031 3114 εὖ·

2459 3145 2670 3213 ξασθαι·
2703 3146 2800 3201 καὶ
2819 3147 2940 3200 τότε
2965 3147 3222 3217 πολεμεῖν
3249 3151 3397 3220 ἡμᾶς
3421 3150 3706 3222 δοκιμάζει
3731 3155 3764 3206 ὁ
3787 3154 4030 3219 ἀνόσιος.

2460 3239 2784 3310 Συνέρχεται
2823 3241 2935 3302 τοῖς
2971 3240 3138 3310 μήπω
3179 3243 3540 3312 κεκτημένοις
3565 3243 3678 3314 (47)
3717 3248 4033 3318 προσευχὴν

2460 3330 2684 3402 καρδίας
2707 3330 2880 3400 ἀληθῆ
2911 3335 2940 3385 ὁ
2959 3334 3017 3384 ἐν
3041 3334 3108 3403 τῇ
3133 3337 3420 3406 σωματικῇ
3439 3336 3574 3408 εὐχῇ
3604 3337 3874 3408 σκυλμὸς,
3890 3339 4034 3408 λέγω

2457 3421 2542 3491 δὴ,
2566 3422 2784 3486 ἕκτασις
2804 3423 3024 3494 χειρῶν,
3055 3425 3287 3496 στήθους
3310 3427 3488 3497 etiam,
3510 3431 3592 3492 εἰς
3607 3431 3878 3501 οὐρανοὺς
3899 3430 4032 3486 allt-

2462 3515 2650 3585 κρινὴς
2676 3514 2992 3585 ἀνάϐλεψις,
3013 3517 3329 3587 στεναγμῶν
3361 3517 3608 3588 θόρυϐος,
3639 3520 3890 3589 γονάτων
3915 3540 4034 3576 συν-

2461 3608 2591 3678 εχὴς
2636 3606 2834 3671 κλίσις,
2854 3607 2996 3679 ᾰπερ
3017 3609 3187 3662 ποιεῖν
3203 3608 3290 3661 διὰ
3307 3611 3435 3673 τοὺς
3449 3611 3724 3680 παρόντας
3733 3613 3796 3666 ού
3808 3613 4032 3668 δύναται

2461 3699 2742 3765 πολλάκις.
2771 3703 2970 3773 Διόπερ
3001 3703 3126 3754 τότε
3153 3703 3413 3772 πολεμεῖν
3439 3705 3490 3756 οἱ
3520 3705 3772 3775 δαίμονες
3803 3707 4031 3778 δοκιμά-

2463 3787 2664 3853 ζουσιν·
2689 3791 2739 3842 οἱ
2770 3791 2827 3844 δὲ
2859 3791 2937 3861 μὴ
2969 3791 3242 3861 ἰσχύοντες
3264 3792 3450 3865 ἀκμὴν
3476 3797 3544 3865 τῇ
3566 3795 3662 3848 τοῦ
3685 3796 3807 3860 νοὸς
3839 3798 4031 3867 ἐξώρι-

2463 3880 2602 3950 Οεξᾳ,
2634 3880 2728 3932 καὶ
2757 3879 2973 3950 ἀοράτῳ
2992 3880 3220 3950 δυνάμει
3242 3883 3554 3954 προσευχῆς
3583 3883 3946 3941 ἀνθίστασθαι
3975 3890 4031 3954 ἐξ

2462 3970 2707 4038 ἀνάγκης
2751 3970 2878 4032 ἴσως
2921 3971 3233 4040 ύποχαλῶσι
3273 3975 3384 4036 τοῖς
3431 3975 3762 4045 πολεμοῦσιν
3807 3980 4030 4042 αὐτούς·

2462 4060 2834 4132 ἀποπῄδησον,
2866 4060 2914 4112 εἰ
2945 4059 3187 4125 δυνατὸν,
3213 4063 3515 4133 συντόμως,
3548 4065 3899 4139 ἀποκρύϋητι
3945 4087 4033 4140 μι-

2463 4151 2595 4221 κρὸν
2628 4151 2938 4218 ἀγνώστωςο
2971 4150 3270 4205 ἀνάνευσον
3287 4151 3516 4223 ὄμματι,
3549 4157 3598 4206 εἰ
3621 4155 3852 4210 δυνατὸν
3875 4157 4036 4228 ψυχι-

2463 4241 2562 4314 κῷ·
2590 4242 2637 4293 εἰ
2665 4240 2722 4294 δὲ
2747 4242 2846 4310 μὴ,
2873 4241 2977 4294 κᾶν
2995 4239 3261 4313 ὲξωτικῷ·
3289 4243 3603 4314 σταύρωσον
3628 4246 3820 4316 χεῖρας
3846 4249 4039 4318 ἀπηνής

2461 4343 2570 4390 τως
2597 4327 2730 4396 (48),
2763 4327 2849 4379 ἵνα
2890 4327 2954 4397 δὴ
2997 4327 3085 4381 διὰ
3109 4327 3201 4382 τοῦ
3227 4329 3398 4384 τύπου
3427 4333 3518 4385 τὸν
3558 4333 3808 4404 Ἀμαλὴκ
3843 4338 4034 4408 αἰσχύ-

2465 4435 2561 4488 νῃς
2587 4419 2681 4472 καὶ
2715 4419 2963 4490 νικήσῃςο
2994 4417 3187 4490 βόησον
3211 4421 3349 4492 πρὸς
3376 4422 3468 4476 τὸν
3494 4423 3790 4495 δυνάμενον
3841 4429 4038 4491 σῶσαι,

801 4520 968 4574 tidem
994 4517 1208 4573 sincere
1239 4515 1607 4586 suspiciende,
1645 4512 1992 4566 vehementer
2038 4509 2364 4578 suspirando
2394 4539 2438 4594 Ι,

2394 4539 2438 4594 Ι)
2468 4509 2544 4580 μὴ
2589 4511 2648 4562 ἐν
2696 4510 3101 4579 σεσοφισμένοις
3153 4513 3392 4584 ῥήμασιν
3415 4553 3428 4577 ,
3475 4515 3591 4569 ἀλλ’
3637 4519 3696 4570 ἐν
3751 4523 4039 4583 ταπεινοῖς

791 4623 847 4667 et
883 4609 1310 4680 ingemiscendo,
1337 4607 1568 4678 genibus
1607 4605 1758 4659 ﬂexis
1804 4603 2021 4658 assidue
2070 4601 2364 4670 precando,

795 4719 917 4776 qua:
959 4703 1088 4759 dum
1129 4704 1184 4758 in
1231 4701 1461 4756 aliorum
1501 4696 1788 4768 praesentia
1825 4708 2064 4764 persche
2111 4693 2223 4746 tieri
2259 4706 2366 4746 non

795 4806 1048 4869 possunt,
1104 4809 1233 4848 tunc
1284 4793 1540 4846 nimirum
1589 4789 1854 4844 insultare
1888 4787 2048 4840 nobis
2095 4784 2368 4838 danuoncs

797 4894 1214 4945 consueverunt.
1246 4883 1348 4951 Qui
1374 4899 1480 4938 non
1510 4891 1738 4952 possunt
1761 4879 1938 4934 adlmc
1962 4876 2104 4930 hosti
2133 4875 2183 4927 vi
2215 4889 2366 4928 meu-

801 4982 872 5036 tis
917 4989 973 5036 et
1013 4980 1222 5034 interna
1275 4977 1474 5030 virtute
1518 4971 1782 5027 orationis
1830 4969 2101 5033 resistere,
2139 4966 2366 5021 fortasse

800 5071 1110 5128 necessario
1147 5068 1393 5123 hostibus
1419 5067 1635 5122 cedunt.
1674 5065 1778 5118 Sed
1829 5075 1908 5128 tu,
1939 5063 1983 5116 si
2019 5063 2131 5116 lieri
2168 5067 2362 5130 p0test,

800 5181 963 5238 quam
1001 5163 1232 5232 priunun
1262 5169 1314 5214 te
1339 5159 1570 5222 subduc,
1598 5157 1678 5211 rel
1708 5157 1889 5226 potius
1923 5153 2078 5208 exsili
2118 5168 2149 5206 a
2181 5152 2359 5214 turba,

2465 4599 2738 4670 φθέγμασι
2803 4601 2914 4670 πρὸ
2977 4601 3214 4656 πάντωνο
3281 4604 3569 4674 Ἐλέησόν
3615 4624 3689 4677 με
3745 4609 3884 4680 (i9),
3948 4611 4041 4666 ὅτι

2464 4691 2729 4760 ἀσθενής
2765 4695 2902 4761 εἰμι,
2947 4694 3452 4767 προοιμιαζόμενος.
3511 4697 3642 4754 Τότε
3687 4703 4040 4776 πειρασθήσξς

2474 4783 2728 4852 Ὑψίστου
2755 4784 3054 4853 δυνάμεως·
3093 4786 3187 4840 καὶ
3219 4787 3464 4858 ἀοράτως
3501 4791 3766 4860 ἀοράτους
3818 4794 4044 4858 διώξεις

2465 4875 2532 4928 δι’
2556 4873 2791 4944 ἀοράτου
2843 4875 3110 4952 βοηθείας.
3153 4877 3211 4930 '0
3254 4876 3427 4944 οὕτως
3469 4883 3840 4952 σεσυνηθικῶς
3875 4887 4042 4939 nole-

2475 4968 2612 5036 μεῖν,
2641 4967 2851 5036 ταχέως
2884 4967 2978 5019 καὶ
2999 4970 3068 5038 τῇ
3094 4968 3240 5039 ψυχῇ
3275 4971 3412 5043 μόνῃ
3439 4973 3564 5036 τοὺς
3589 4975 3821 5045 ἐχθροὺς
3845 4977 4047 5032 ἐκδιώ-

2469 5073 2586 5111 κειν
2607 5055 2848 5128 ἄρξεταιο
2870 5057 3157 5128 ἀντίδωρον
3181 5061 3288 5130 γὰρ
3311 5062 3405 5114 τοῦ
3421 5063 3684 5133 προτέρου
3705 5066 3767 5118 τὸ
3782 5064 4048 5140 δεύτερον

2469 5147 2620 5218 παρὰ
2646 5149 2780 5200 θεοῦ
2805 5149 2915 5210 τοῖς
2945 5148 3223 5218 ἐργάταις,
3255 5152 3347 5207 καὶ
3369 5154 3608 5218 δικαίως.

800 5274 858 5318 et
887 5263 1026 5318 abde
1065 5261 1292 5314 latenter
1363 5259 1418 5312 in
1487 5266 1778 5335 secretum,
1820 5254 1948 5308 tolle
1996 5252 2195 5307 utentis
2248 5251 2444 5316 aciem,
2484 5250 2528 5303 si
2570 5257 2742 5318 potes,
2772 5249 2824 5303 iu
2877 5251 3110 5317 cmlum;
3162 5251 3209 5304 si
3245 5264 3352 5302 non
3391 5258 3565 5318 potes,
3628 5247 3822 5301 saltem
3860 5250 4048 5304 oculis

801 5357 998 5411 ctelum
1029 5353 1265 5422 suspice.
1301 5353 1542 5420 exprime
1570 5349 1796 5402 fortnam
1833 5346 2030 5412 crucis,
2059 5345 2310 5400 manilms
2337 5344 2592 5405 immotis.
2629 5353 2686 5398 ut
2719 5359 2815 5415 per
2841 5346 3066 5415 liguram
3096 5343 3276 5397 crucis
3306 5340 3591 5395 Amalecen
3641 5339 3969 5409 pudefaeias
3995 5353 4050 5396 et

803 5461 1134 5524 prosternas.
1157 5449 1340 5504 Clama
1374 5447 1438 5502 ad
1479 5462 1604 5502 eam
1635 5446 1727 5515 qui
1757 5455 1808 5500 te
1852 5459 2068 5500 scrvare
2096 5450 2296 5512 potest,
2345 5456 2452 5494 non
2481 5439 2658 5496 verbis
2685 5439 2750 5494 ad
2779 5440 3093 5510 elegantiam
3124 5447 3178 5494 et
3201 5437 3518 5508 sapientiam
3565 5450 3666 5488 con
3694 5434 3914 5504 positis,
3947 5437 4047 5489 sed

805 5545 1051 5616 precibus
1075 5540 1276 5596 intimis
1312 5551 1364 5594 et
1387 5541 1586 5596 intimis
1639 5539 1856 5594 toeibus
1905 5553 2013 5608 prae
2035 5535 2290 5590 omnibus
2307 5533 2424 5590 aliis
2457 5534 2632 5604 incipe
2656 5534 2832 5589 dicere
2864 5532 3138 5588 :Miscrere
3163 5533 3281 5594 mei,
3299 5533 3546 5601 quoniam
3569 5532 3807 5597 iii/imm:
3829 5545 3952 5582 tum
3979 5530 4026 5553 ’³

875 5655 920 5686 ⁸⁸
953 5652 1099 5706 l‘sal.
1129 5667 1205 5714 Vl,
1235 5651 1288 5703 5.

878 5752 952 5818 (α)
986 5745 1085 5818 An
1105 5747 1206 5798 hoc
1227 5741 1609 5818 dietum,__bi.ri
1635 5743 1684 5793 in
1713 5739 2057 5818 nlmi_t_rhntti«t__
2084 5753 2218 5818 inca,
2253 5734 2368 5818 Non

813 5805 1046 5874 mo‘rc'bor
1071 5816 1120 5870 in
1150 5826 1396 5871 internum
1431 5805 1594 5881 (Ιίιιι.
1637 5827 1781 5874 ΚΜ),
1819 5811 1890 5880 7),
1929 5811 2058 5865 etc?
2108 5809 2187 5860 Λιι
2220 5805 2364 5876 quod

2479 5729 2617 5786 intra
2680 5727 2946 5848 sequgtur,
2995 5724 3132 5792 Quid
3185 5724 3340 5779 lin/tes
3397 5723 3533 5789 quod
3589 5738 3690 5774 non
3739 5721 4006 5790 accepisti
4037 5737 4050 5750 '

2479 5803 2513 5848 ll
2547 5801 2654 5848 Cur
2718 5816 2790 5848 ιγ.
2876 5803 2893 5848 l

2472 5803 2514 5871 (Ι
2547 5801 2677 5860 Cor.
2718 5816 2790 5864 ιγ,
2813 5801 2893 5864 7)
