4216 6458
207 399 302 465 θοι

1213 409 1436 467 SCAIA
1458 403 1832 465 PARADISI.
1859 425 1924 437 -
1956 403 2261 464 GRADUS
2295 406 2414 465 XV.

3323 409 3426 473 90?.

205 515 355 570 Tunc
377 517 634 574 Altissimi
677 521 878 575 senties
914 521 1198 584 auxilium,
1223 535 1276 575 et
1299 519 1712 589 inaspectabiles
1768 516 1952 571 hostes
1978 519 2182 574 cmlesti
2217 534 2381 573 manu
2418 523 2757 590 persequeris
2782 530 2835 576 et
2865 521 3111 592 rcpclles.
3136 523 3237 590 Qui
3272 525 3343 581 ita
3374 527 3431 581 in

205 608 384 691 hostes
415 626 656 681 pugnare
682 615 990 678 consuevit,
1019 615 1244 669 celerem
1281 616 1346 668 de
1396 614 1640 666 hostibus
1671 609 1950 665 victoriam
1980 613 2094 665 sola
2123 614 2284 667 etiam
2324 621 2502 667 mente
2541 616 2828 682 pugnando
2859 626 3242 688 consequetur.
3272 618 3432 691 237

205 681 274 750 'ta
317 701 460 754 enim
501 701 639 758 Deus
669 719 802 759 suos
832 704 1126 759 luctatores
1168 706 1396 760 invictos
1447 714 1724 775 pratstare,
1771 709 1826 754 et
1873 703 2075 771 przrmii
2111 703 2230 758 loco
2270 707 2466 760 merito
2491 708 2822 762 remunerari
2849 709 3002 762 solet.

283 791 370 842 Ἐν
440 794 779 864 συναθροίσει
835 813 935 850 που
1008 797 1270 866 εὑρεθεὶς,
1334 795 1844 867 ἐπεσημηνάμηνΑ
1939 795 1948 849 1

1794 798 1844 855 Α
1939 795 1997 849 In
2029 796 2262 865 quodam
2295 808 2436 853 cmtu
2470 797 2840 868 religiosorum
2875 800 3111 856 virorttm
3144 803 3435 858 observavi

202 883 488 938 σπουδαῖον
516 884 742 953 ἀδελφὺν
774 887 878 939 ὑπὸ
908 887 1160 959 πονηρῶν
1191 887 1463 957 λογισμῶν
1505 885 1763 956 ὀχληθέν-

202 990 270 1026 τα
293 991 306 1005 ·
355 975 446 1029 καὶ
474 978 640 1030 τόπου
671 979 923 1048 ἁρμοδίου
959 981 1033 1050 μὴ
1066 981 1376 1048 εὑρεθέντος
1411 979 1488 1041 εἰς
1521 977 1766 1046 ἀπόκρυ-

203 1085 301 1130 φον
329 1071 652 1139 προσευχῆς,
692 1074 770 1135 εἰς
790 1073 887 1143 τὴν
913 1073 1010 1140 τῆς
1032 1072 1263 1142 γαστρὸς
1291 1071 1477 1139 χρείαν
1507 1073 1769 1139 εἰσπεπη-

200 1156 382 1225 δηκὼς
412 1159 488 1222 ὡς
520 1161 610 1214 ὑπ’
639 1162 807 1230 αὐτῆς
837 1165 1161 1233 νενυγμένος
1187 1204 1200 1224 ,
1231 1164 1431 1232 εὐτόνῳ
1469 1163 1599 1232 εὐχῇ
1630 1160 1767 1213 κατά

199 1251 308 1301 τῶν
353 1252 623 1320 πολεμίων
663 1254 969 1324 ἐχρήσατοο
1019 1254 1152 1324 ἐμοῦ
1190 1255 1246 1307 δὲ
1299 1255 1391 1306 ἐπὶ
1435 1256 1501 1323 τῇ
1541 1253 1634 1304 τοῦ
1679 1252 1768 1304 τό-

200 1356 305 1390 που
341 1341 418 1410 (ιι)
470 1341 824 1414 ἀνοικειότητι
875 1344 1034 1396 αὐτὸν
1089 1343 1559 1414 ἐπιμεμψαμένου,
1597 1341 1770 1411 ’Υπὲρ

201 1430 546 1501 ἀκαθάρτων,
575 1433 738 1502 φησὶν
763 1473 778 1497 ,
807 1433 1081 1504 λογισμῶν
1117 1434 1350 1500 διώξεως
1395 1435 1452 1486 ἐν
1480 1433 1769 1503 ἀκαθάρτῳ

198 1522 352 1592 τόπῳ
409 1525 804 1597 προσηυξάμην
865 1525 1254 1596 καθαρισθῆναι
1316 1525 1509 1596 ῥύπου.
1565 1525 1770 1587 Πάντες

203 1616 306 1684 μὲν
332 1617 379 1668 οἱ
406 1616 654 1685 δαίμονες
688 1619 908 1672 σκοτοῦν
931 1617 1020 1670 τὸν
1072 1617 1193 1671 νοῦν
1221 1617 1599 1687 δοκιμάζωσιν
1627 1633 1640 1646 ο
1697 1614 1769 1668 ἶθ⁹

197 1707 375 1772 οὕτως
402 1749 417 1772 ,
459 1709 528 1761 τὰ
570 1711 752 1773 αὐτοῖς
799 1710 927 1778 φίλα
967 1709 1374 1763 ὑποϐάλλουσιν.
1425 1709 1485 1761 Εἰ
1541 1709 1614 1780 μὴ
1663 1707 1771 1776 γὰρ

199 1802 412 1865 ἐκεῖνος
453 1801 752 1872 καμμύσει,
791 1803 852 1854 ού
901 1801 1259 1872 συληθήσεται
1287 1801 1331 1867 ςὸ
1373 1800 1661 1870 θησαυρός.
1713 1800 1770 1851 '0

196 1892 260 1945 δὲ
289 1893 388 1962 τῆς
412 1894 661 1963 πορνείας
693 1892 872 1962 πολλῷ
904 1894 1062 1946 πλέον
1097 1894 1333 1947 πάντων.
1382 1885 1549 1955 Οὗτος
1575 1891 1770 1944 πολλά-

198 2002 290 2048 κις
321 1984 414 2037 τὺν
458 1985 699 2055 ἡγεμόνα
739 1985 861 2039 νοῦν
898 1985 1183 2054 συλλήσας,
1218 1986 1312 2037 καὶ
1352 1985 1443 2038 ἐπὶ
1474 1983 1770 2054 ἀνθρώπων

195 2079 382 2130 ποιεῖν
415 2077 794 2149 προτρέπεται,
827 2077 918 2131 καὶ
955 2077 1379 2148 παρασκευάζει,
1422 2076 1564 2146 ειπερ
1590 2075 1638 2126 οἱ
1677 2075 1764 2139 ἐξ·

1874 888 2162 958 qnemdam
2221 900 2482 945 attentum
2525 891 2590 946 ad
2623 893 2849 946 salutem
2883 907 3037 949 suam
3069 892 3312 959 fratrem,
3340 898 3436 968 qui

1874 979 2087 1046 spurcis
2145 980 2565 1048 cogitationibus
2620 982 2687 1034 ah
2743 982 2896 1037 hoste
2951 984 3258 1050 inlestatus,
3311 1002 3436 1042 cum

1875 1078 2139 1124 secretum
2171 1079 2225 1124 et
2263 1083 2445 1139 aptum
2477 1073 2543 1126 ad
2572 1075 2906 1142 precandum
2943 1074 3118 1129 locum
3147 1091 3257 1130 non
3292 1078 3440 1132 inve-

1875 1162 2031 1225 niret.
2079 1163 2233 1232 quasi
2284 1165 2352 1218 ab
2410 1165 2532 1219 alvo
2589 1164 2654 1218 ad
2709 1166 2969 1236 requisita
2999 1177 3207 1223 natura
3243 1169 3440 1226 citatus

1875 1257 2200 1324 properavit.
2258 1263 2312 1310 et
2370 1256 2500 1310 inibi
2559 1257 2942 1314 iutentissimis
3005 1261 3259 1328 precibus
3316 1278 3440 1317 cum

1877 1346 2032 1400 hoste
2077 1347 2354 1402 conﬂixit:
2390 1363 2550 1418 quem
2589 1363 2689 1418 ego
2720 1365 2843 1404 eum
2867 1351 2936 1404 ob
2966 1351 3140 1406 locum
3194 1355 3443 1421 precibus

1877 1436 2343 1502 inconvenieutem
2401 1440 2815 1511 objurgassem:
2867 1439 2999 1510 Ego,
3064 1442 3259 1512 inquit,
3317 1461 3442 1499 eum

1877 1529 2167 1586 immundae
2194 1549 2280 1587 me
2304 1532 2660 1602 cogitationes
2684 1531 3023 1596 infestarent,
3057 1534 3108 1588 in
3159 1534 3279 1589 loco
3339 1539 3444 1590 int-

1877 1621 2078 1676 mundo
2117 1637 2304 1693 preces
2331 1623 2442 1677 ludi
2472 1632 2532 1677 ιιι
2575 1623 2644 1677 ab
2698 1624 3054 1681 immunditiis
3104 1641 3440 1696 repurgarer.

1879 1708 2082 1765 Ontncs
2140 1712 2311 1766 nostri
2362 1711 2544 1766 hostes
2591 1711 2865 1767 dremones
2898 1715 3061 1768 menti
3087 1715 3338 1770 tenebras
3368 1715 3446 1770 of-

1879 1799 2103 1857 fundere
2155 1803 2348 1865 solent,
2412 1813 2524 1858 tum
2571 1803 2731 1860 nobis
2769 1821 2866 1860 sua
2896 1806 3093 1876 philtra
3130 1807 3442 1877 propinant.

1877 1892 1990 1949 Nisi
2014 1895 2158 1948 enim
2185 1896 2471 1966 religiosus
2501 1899 2654 1968 prius
2682 1899 2876 1954 mentis
2925 1901 3110 1955 oculos
3166 1901 3442 1961 clauserit.

1881 1987 2140 2042 thesauro
2174 1989 2392 2059 spoliari
2426 2006 2532 2045 non
2554 1993 2770 2062 poterit.
2804 1993 2908 2048 Sed
2941 1993 3044 2048 hoc
3078 2009 3184 2063 pra:
3235 1995 3446 2049 eunetis

1882 2079 2108 2135 luxuria:
2133 2081 2341 2136 daemon
2377 2081 2553 2138 facere
2576 2086 2876 2140 consuevit.
2933 2085 3029 2140 llic
3058 2088 3202 2141 enim
3237 2097 3446 2143 rectore

193 2167 496 2238 εστηκότες
531 2167 683 2237 μόνοι
720 2166 1058 2239 ἐργάζονται.
1093 2167 1254 2219 Ὅθεν
1285 2166 1422 2237 μετά
1465 2165 1650 2234 καιρὸν
1678 2164 1770 2216 τοῦ
1805 2153 1845 2212 Β

1805 2153 1927 2228 Βει
1979 2175 2116 2229 duce
2152 2175 2408 2234 hominis
2455 2177 2639 2231 animo
2697 2187 2855 2232 nocte
2907 2179 3138 2247 quadam
3180 2180 3443 2236 caecitatis

195 2260 326 2322 νοὸς
348 2260 666 2329 ἐκνήφοντος
687 2259 748 2312 ού
776 2259 935 2330 μόνον
956 2261 1081 2322 τοὺς
1110 2259 1492 2330 θεασαμένους,
1523 2259 1657 2313 ἀλλά
1679 2261 1771 2312 καὶ

197 2353 434 2415 ἑαυτοὺς
461 2354 552 2405 ἐπὶ
582 2355 698 2416 ταῖς
728 2353 935 2406 ἑαυτῶν
960 2354 1213 2423 ὰσέμνοις
1246 2353 1495 2425 πράξεσι,
1529 2354 1620 2407 καὶ
1651 2355 1772 2424 ὁμι-

196 2446 350 2508 λίαις
378 2445 410 2514 ἦ
440 2447 707 2516 σχήμασιν
733 2445 1114 2515 αἰσχυνόμεθα.
1137 2446 1231 2498 καὶ
1253 2446 1351 2513 τὴν
1369 2444 1590 2515 πρώτην
1614 2446 1772 2515 ήμῶν

195 2539 468 2608 πώρωσιν
510 2538 946 2608 ἐκθαμῦούμεθα.
999 2539 1190 2591 Τοίνυν
1235 2538 1378 2600 τινὲς
1414 2538 1671 2600 πολλάκις
1711 2541 1776 2590 ἐκ

196 2633 308 2703 τῆς
329 2630 582 2700 τοιαύτης
609 2631 928 2702 διακρίσεως
949 2631 1042 2684 τοῦ
1068 2627 1238 2683 κακοῦ
1260 2631 1582 2683 ἐπαύσαντο.
1614 2631 1777 2682 Ἀπο-

201 2727 446 2798 στρέφου
478 2725 588 2795 (50)
631 2724 722 2778 τὸν
779 2725 1034 2796 πολέμιον
1094 2725 1184 2778 τὸν
1244 2725 1382 2794 μετά
1433 2726 1531 2794 τὴν
1578 2723 1776 2794 πρᾶξιν

201 2818 611 2890 προσεύχεσθαί
644 2835 702 2868 σε
724 2857 740 2880 ,
772 2817 804 2887 ἢ
841 2817 1142 2882 θεοσεϐεῖν,
1185 2817 1218 2887 ἣ
1253 2818 1548 2886 ἀγρυπνεῖν
1579 2817 1776 2868 ἀνακό-

205 2928 419 2965 πτοντα
442 2926 455 2940 ·
495 2909 848 2981 μνημονεύων
875 2909 965 2964 τοῦ
997 2909 1240 2972 εἰπόντος
1265 2925 1280 2939 ·
1309 2910 1409 2961 Διά
1438 2907 1499 2960 τὺ
1527 2907 1650 2970 τοὺς
1688 2908 1778 2960 κό-

198 3021 350 3065 πους
388 3020 478 3072 μοι
518 3002 776 3073 παρέχειν
805 3001 902 3072 τὴν
926 3000 1032 3053 ὑπὸ
1075 2999 1183 3053 τῶν
1223 2999 1544 3070 προλήψεων
1581 3016 1778 3070 τυραν⁶

197 3098 480 3167 νουμένην
499 3094 695 3164 ψυχὴν,
723 3094 934 3162 ποιήσω
961 3090 1058 3162 τὴν
1099 3091 1375 3161 ἐκδίκησιν
1399 3091 1565 3160 αὐτῆς
1589 3093 1652 3144 ἐκ
1671 3091 1779 3143 τῶν

197 3186 427 3258 ἐχθρῶν
459 3186 648 3256 αὐτῆς.
679 3186 722 3237 Τ
729 3185 774 3246 ίς
814 3183 970 3254 σῶμα
1000 3186 1249 3253 ἐνίκησεν
1275 3201 1288 3247 ;
1325 3183 1508 3243 Ὅστις
1549 3181 1778 3252 καρδίαν

197 3278 554 3348 συνέτριψεν.
591 3276 686 3339 Τίς
715 3275 771 3328 δὲ
803 3276 1029 3347 καρδίαν
1077 3274 1422 3344 συνέτριψεν;
1462 3275 1555 3334 Ὃς
1588 3273 1779 3326 ἑαυτὸν

193 3373 508 3442 ἠρνήσατο.
533 3368 654 3432 Πῶς
676 3367 783 3438 γὰρ
808 3369 869 3420 οὐ
893 3367 1199 3437 συνετρίϐη,
1221 3367 1276 3428 ὃς
1299 3367 1566 3437 θελήματι
1593 3365 1780 3436 τέθνη-

1874 2269 2102 2322 conl’uso
2137 2268 2201 2322 ad
2230 2284 2293 2324 ea
2321 2269 2459 2324 facta
2485 2279 2538 2324 et
2565 2269 2802 2325 facinora
2832 2271 2993 2326 etiam
3047 2287 3229 2327 coram
3267 2272 3444 2326 homi«

1876 2359 2036 2414 nibus
2105 2359 2347 2416 facienda
2403 2362 2571 2430 adigit
2632 2363 2967 2433 religiosum,
3002 2380 3123 2435 qua:
3161 2381 3318 2420 nemo
3339 2367 3447 2420 nisi

1875 2465 2062 2504 amens
2115 2449 2290 2505 facere
2354 2453 2509 2506 solet.
2545 2449 2695 2506 Unde
2744 2453 2802 2506 lit
2828 2454 2903 2506 uti
2934 2463 3055 2522 post
3077 2453 3332 2522 temporis
3361 2454 3450 2508 in-

1875 2542 2180 2607 tervallum,
2210 2551 2406 2604 mente,
2440 2542 2688 2596 discussa
2720 2542 2960 2611 crapula,
3004 2541 3068 2596 ad
3109 2557 3168 2597 se
3206 2558 3444 2606 reversa,

1878 2649 1984 2687 non
2054 2633 2228 2688 solum
2282 2643 2616 2703 spectatores
2676 2634 2948 2688 actionum
2982 2644 3315 2697 nostrarum,
3354 2637 3450 2689 scd

1878 2741 1979 2779 nos
2015 2725 2161 2795 ipsos
2199 2727 2267 2780 ob
2304 2725 2611 2780 indecentia
2644 2726 2803 2792 facta,
2843 2739 3121 2779 sermones
3157 2734 3213 2780 et
3261 2733 3449 2796 gestus

1877 2818 2286 2880 erubescamus,
2358 2828 2711 2887 nostramque
2765 2819 2964 2872 mentis
3023 2819 3256 2887 priorem
3297 2820 3452 2873 caeci-

1880 2913 2044 2960 tatem
2093 2922 2420 2977 magnopere
2463 2908 2934 2977 ohstupescamus.
2995 2907 3152 2964 Unde
3191 2923 3299 2962 non
3327 2923 3452 2963 raro

1881 2997 2079 3052 factum
2130 3007 2215 3053 est
2278 3013 2336 3053 ut
2397 2999 2550 3054 multi
2612 3015 2676 3054 ex
2710 2999 2872 3069 hujus
2905 3001 2980 3054 rei
3014 2999 3448 3056 consideratione

1880 3105 2060 3146 mores
2097 3092 2453 3147 cmendarint.
2483 3090 2781 3147 Exsecrare
2819 3093 3024 3147 hostem
3055 3093 3226 3156 illum,
3259 3094 3351 3164 qui
3391 3101 3444 3148 te

1878 3190 2004 3250 post
2051 3193 2410 3252 perpetratum
2435 3192 2714 3253 peccatum
2747 3183 2992 3252 prohibet
3029 3185 3285 3254 precibus
3319 3200 3450 3253 ope-

1880 3288 1996 3326 ram
2051 3273 2201 3338 dare,
2250 3283 2345 3328 aut
2395 3275 2501 3346 piis
2550 3275 2744 3331 studiis
2794 3291 3025 3340 vacare,
3068 3286 3163 3330 aut
3205 3277 3449 3345 vigilare,

1883 3361 2046 3432 238
2097 3379 2305 3418 memor
2333 3365 2478 3419 illius
2507 3366 2597 3435 qui
2628 3367 2764 3420 dixit
2793 3383 2808 3419 :
2855 3365 2932 3418 Eo
2967 3367 3106 3436 quod
3149 3367 3277 3420 mihi
3341 3384 3452 3420 mo-

193 3480 352 3526 xev;
387 3463 572 3515 Ἔστιν
611 3460 861 3531 ἐμπαθὴς
891 3459 1167 3528 ἑμπαθοῦς
1209 3457 1638 3528 ἐμπαθέστερος,
1687 3457 1780 3510 καὶ
1808 3489 1850 3547 C

1808 3489 1850 3547 ο
1884 3455 2014 3508 Ιεεια
2049 3465 2179 3509 esset
2211 3456 2255 3487 ⁸ο
2295 3458 2476 3510 οηῗιηο
2513 3473 2652 3522 mea,
2702 3469 3047 3527 peccatorum
3088 3474 3331 3514 meorum
3357 3475 3453 3513 an-

192 3553 387 3624 αὑτὴν
429 3552 527 3621 τὴν
557 3549 664 3602 τῶν
705 3548 896 3603 ἑαυτοῦ
934 3547 1224 3618 μολυσμῶν
1261 3547 1610 3619 ὲξαγόρευσιν
1647 3549 1782 3618 μετά

189 3642 548 3718 ἡδυπαθείας
575 3640 834 3711 ὲνηδόνως
863 3639 1198 3710 ποιούμενος.
1225 3641 1288 3692 0i
1328 3643 1385 3691 ἐν
1417 3639 1613 3711 καρδίᾳ
1648 3640 1782 3692 ἀκα-

191 3739 409 3807 θαρτοι
438 3735 530 3788 καὶ
559 3733 774 3803 αἰσχροὶ
799 3731 945 3800 λόγοι
966 3732 1030 3784 ὲκ
1054 3730 1146 3784 τοῦ
1178 3730 1491 3794 ἀπατεῶνος
1523 3732 1621 3799 τῆς
1646 3748 1781 3804 καρ-

187 3831 336 3893 δίας
367 3827 461 3880 τοῦ
485 3825 582 3896 τῆς
614 3824 867 3896 πορνείας
888 3825 1137 3894 δαίμονος
1169 3824 1443 3893 πεφύκασι
1463 3823 1743 3876 τίκτεσθαι
1763 3837 1778 3853 ⁶

186 3921 309 3985 οὓς
348 3922 494 3973 ιᾶται
526 3918 820 3990 ἐγκράτεια
859 3917 953 3970 καὶ
989 3917 1048 3969 τὸ
1079 3916 1299 3980 τούτους
1338 3917 1418 3979 είς
1471 3915 1620 3969 οὐδὲν
1647 3915 1782 3978 ὅλως

184 4009 532 4082 λογίζεσθαι
560 4026 574 4039 '
605 4010 742 4080 ποίῳ
773 4009 830 4062 δὲ
863 4009 972 4076 ἐγὼ
1009 4009 1126 4078 ἧθει
1172 4008 1265 4061 καὶ
1312 4008 1498 4079 τρόπῳ
1528 4009 1619 4061 τὸν
1652 4009 1785 4077 ἐμὸν

183 4127 216 4159 ἰ
229 4103 409 4158 οὖτον
433 4103 585 4172 φίλον
609 4103 778 4172 δήσας
807 4101 946 4155 κατά
976 4103 1071 4172 τὴν
1100 4099 1419 4155 ἀκολουθίαν
1443 4100 1550 4154 τῶν
1584 4099 1784 4154 λοιπῶν

183 4197 449 4256 δικάσω,
484 4196 582 4247 οὐκ
611 4193 908 4264 ἐπίσταμαι
931 4209 946 4223 ο
973 4193 1101 4263 πρὶν
1123 4191 1231 4263 γάρ
1259 4193 1427 4262 δήσω,
1451 4193 1635 4246 λύεται
1656 4210 1669 4222 ·
1692 4193 1785 4246 καὶ

184 4287 354 4360 πρὶν
407 4286 632 4350 δικάσω,
686 4285 1106 4355 διαλλάσσομαι⁶
1155 4284 1248 4336 καὶ
1295 4285 1424 4355 πρὶν
1467 4286 1782 4356 τιμωρήσω,

183 4375 710 4442 κατακάμπτομαι.
743 4371 867 4435 Πῶς
911 4373 1124 4442 μισήσω
1155 4370 1212 4424 δν
1246 4369 1405 4441 φύσει
1431 4373 1650 4442 ἀγαπᾷν
1688 4371 1786 4423 πέο

183 4482 407 4538 φυκας
454 4465 577 4528 Πῶς
618 4465 964 4534 ἐλευθερωθῶ
1003 4458 1048 4532 ᾧ
1087 4464 1166 4526 εἰς
1202 4463 1403 4525 αἰῶνας
1437 4464 1784 4535 συνδέδεμαις

177 4560 347 4622 Πῶς
379 4555 709 4626 καταργήσω
746 4555 805 4608 τὸ
842 4555 936 4608 καὶ
966 4556 1061 4608 σὺν
1094 4555 1218 4624 ἐμοὶ
1242 4554 1629 4623 ἀνιστάμενον;
1665 4553 1786 4614 Πῶς

173 4651 381 4718 δείξω
408 4647 683 4717 ἄφθαρτον
716 4647 777 4700 τὸ
810 4645 1054 4717 φθαρτὴν
1100 4645 1320 4715 εἰληφὸς
1357 4646 1556 4713 φύσιν;
1599 4644 1665 4698 Τί
1700 4643 1786 4697 εὕ-

176 4744 384 4812 λογον
407 4739 547 4791 εἴπω
570 4738 645 4808 τῷ
669 4737 735 4791 τά
759 4737 955 4805 εὔλογα
975 4739 1292 4810 κεκτημένῳ
1318 4737 1403 4790 διά
1419 4736 1516 4806 τῆς
1539 4735 1781 4806 φύσεωςς

1885 3547 2198 3616 ticipatione
2225 3550 2371 3602 velut
2399 3549 2678 3617 tyrannide
2701 3550 2933 3618 quadam
2977 3565 3254 3620 oppressa,
3289 3551 3453 3605 ultio-

1884 3651 2005 3690 nem
2061 3635 2255 3690 faciam
2312 3653 2378 3690 ex
2427 3638 2663 3692 inimicis
2711 3638 2851 3707 ejus.
2888 3638 3023 3704 Quis
3055 3655 3253 3709 corpus
3290 3656 3450 3696 suum

1883 3743 1977 3782 seu
2031 3743 2247 3782 carnem
2307 3729 2438 3784 vicit
2463 3729 2484 3782 ?
2512 3729 2794 3785 Contritus
2823 3735 3004 3786 corde.
3033 3732 3166 3798 Quis
3205 3741 3287 3786 est
3315 3746 3437 3786 con-

1884 3820 2043 3875 tritus
2100 3821 2306 3874 corde?
2358 3819 2461 3886 Qui
2526 3824 2766 3891 seipsum
2828 3824 3137 3894 abnegavit.
3168 3825 3452 3891 Quomodo

1882 3911 2026 3965 enim
2093 3926 2200 3964 non
2251 3913 2516 3965 contritus
2538 3914 2719 3978 corde,
2754 3915 2845 3982 qui
2877 3915 3137 3968 voluntati
3164 3929 3276 3969 sum
3307 3931 3450 3968 mor-

1886 4013 2012 4055 tuus
2063 4002 2197 4054 est?
2232 3999 2326 4054 Est
2369 4018 2436 4056 ex
2498 4002 2704 4057 vitiosis
2759 4004 2897 4057 alius
2933 4004 3038 4057 alio
3067 4004 3330 4065 vitiosior,
3356 4003 3452 4073 qui

1885 4092 2314 4162 intemperantizc
2337 4094 2526 4150 sordes
2562 4111 2682 4148 cum
2715 4097 2993 4164 voluptate
3036 4106 3447 4150 commemorat.

1887 4183 2113 4252 lmpura:
2169 4184 2366 4236 mentis
2421 4185 2775 4253 cogitationes
2824 4193 2878 4240 et
2937 4187 3185 4240 obscenw
3217 4187 3450 4240 solenta

1885 4275 2064 4330 cordis
2105 4285 2423 4344 corruptore
2485 4277 2728 4331 (Immone
2782 4278 3008 4332 luxuriae
3033 4279 3279 4343 excitari,
3313 4294 3452 4347 quas

1884 4369 2260 4436 temperantia,
2311 4378 2365 4421 et
2411 4383 2597 4424 carum
2626 4368 2899 4438 neglectus
2923 4379 2978 4423 et
3004 4369 3332 4438 contemptio
3360 4385 3452 4424 sa-

1885 4472 2016 4511 nare
2063 4458 2367 4512 consuevit.
2429 4459 2544 4524 Qua
2569 4471 2748 4513 autem
2775 4461 3002 4523 ratione,
3044 4475 3261 4530 quoque
3288 4461 3450 4515 modo

1885 4548 2030 4602 hunc
2050 4550 2281 4603 amicum
2325 4552 2538 4620 meum(
2565 4566 2760 4620 corpus
2804 4551 3025 4621 inquam
3063 4551 3082 4622 )
3116 4567 3264 4606 more
3290 4563 3450 4608 caue-

1883 4655 2068 4694 rorum
2099 4641 2352 4696 vitiorum
2383 4643 2901 4712 vinctumjudieetn,
2945 4661 3054 4698 non
3099 4645 3279 4699 video.
3337 4646 3450 4699 An-

1889 4738 2102 4800 [equam
2157 4732 2300 4784 enim
2362 4733 2517 4801 ligcm
2577 4733 2750 4796 illum,
2802 4735 3071 4795 solvitur;
3132 4734 3449 4804 priusquam

183 4839 319 4891 ’Λν
361 4832 514 4902 δήσω
542 4831 765 4900 νηστεία
809 4829 1017 4895 τοῦτον,
1063 4829 1391 4900 κατακρίνας
1423 4828 1513 4882 τὸν
1542 4827 1786 4899 πλησίον,
1820 4828 1848 4882 ῑ

1783 4821 2146 4891 ,Djudieem,
2218 4840 2340 4878 eum
2398 4826 2490 4878 illo
2549 4826 2601 4880 in
2663 4829 2889 4895 gratiam
2920 4829 3099 4883 redeo.
3148 4829 3448 4898 Antequam

172 4925 375 4996 αὐτῷ
423 4922 585 4976 πάλιν
626 4920 1006 4993 παραδίδομαι.
1069 4921 1165 4973 Ἂν
1209 4920 1269 4972 τὸ
1328 4920 1530 4990 κρίνειν
1579 4918 1791 4980 παύσας

1784 4934 1791 4977 ς
1885 4915 2125 4984 puniam,
2182 4915 2386 4971 ﬂector.
2449 4917 2734 4982 Quomodo
2789 4921 2994 4974 oderim
3049 4935 3206 4990 quem
3258 4930 3449 4974 natura

170 5021 418 5077 τοῦτον
459 5019 702 5086 νικήσω,
751 5014 984 5084 ὑψωθεὶς
1028 5016 1095 5084 τῇ
1150 5012 1346 5083 καρδίᾳ
1371 5010 1704 5081 κατηνέχθην
1735 5011 1792 5061 ὲν

1782 5026 1792 5056 ρ
1887 5006 2091 5078 diligo?
2136 5007 2419 5073 Quomodo
2462 5013 2530 5065 ab
2571 5013 2663 5066 illo
2711 5013 3004 5078 liberabor,
3060 5028 3183 5068 cum
3230 5027 3339 5083 quo
3395 5013 3447 5066 in

169 5109 552 5180 τούτῳ.Καὶ
580 5106 688 5176 γὰρ
713 5108 808 5158 καὶ
837 5104 1093 5176 σύνεργός
1134 5105 1247 5157 ἐστι
1271 5103 1365 5156 καὶ
1388 5101 1666 5170 πολέμιος.
1697 5100 1790 5152 καὶ

1784 5137 1790 5150 .
1889 5111 2077 5151 omnes
2122 5100 2454 5157 aeternitates
2488 5105 2796 5174 vcolligatus
2851 5107 3015 5160 sum?
3041 5106 3327 5172 Quomodo
3357 5121 3449 5160 ex-

173 5200 421 5278 βοηθὸς
445 5199 541 5251 καὶ
562 5197 849 5260 ἀντίδικος,
881 5196 974 5248 καὶ
993 5194 1334 5265 ἀντιλήπτωρ
1355 5193 1446 5245 καὶ
1476 5190 1753 5248 ἐπίϐουλος
1772 5205 1783 5216 ·

1894 5190 2184 5259 stinguatn,
2229 5207 2350 5246 cum
2379 5210 2488 5264 quo
2511 5208 2912 5253 resurrecturus
2956 5200 3120 5254 sunt?
3169 5198 3449 5264 Quomodo

169 5290 665 5367 θεραπευόμενος
695 5286 941 5357 πολεμεῖ,
974 5287 1069 5339 καὶ
1098 5285 1397 5356 τηκόμενος
1431 5285 1630 5344 ἀτονεῖ,
1660 5282 1790 5334 ἀναε-

1784 5308 1790 5320 ι
1895 5278 2265 5351 incorruptum
2325 5289 2611 5354 prmstaho,
2659 5300 2970 5360 corruptam
3001 5301 3250 5345 naturam
3288 5290 3449 5345 sorti-

170 5384 540 5452 παυόμενος
571 5381 823 5445 ἀτακτεῖ,
856 5377 950 5431 καὶ
993 5378 1307 5448 σαινόμενος
1368 5375 1430 5429 οὐ
1487 5375 1685 5446 φέρει·
1724 5373 1789 5427 ἂν

1787 5392 1789 5412 ι
1895 5372 2029 5426 tus?
2079 5372 2284 5437 Quibus
2325 5380 2626 5434 rationibus
2649 5389 2838 5435 contra
2869 5382 3019 5435 illum
3063 5397 3239 5451 agam,
3277 5383 3371 5451 qui
3398 5390 3452 5436 ct

170 5479 480 5549 λυπήσω,
510 5474 646 5536 ὅλως
677 5471 1002 5526 κινδυνεύσω
1022 5489 1034 5500 ·
1080 5472 1146 5525 ἂν
1189 5469 1394 5540 πλήξω,
1429 5470 1529 5522 οὐκ
1565 5468 1677 5545 ¹ἔχω
1704 5465 1790 5518 διά

1788 5508 1790 5513 ,
1896 5478 2023 5518 suas
2062 5476 2266 5522 natura:
2312 5472 2549 5526 rationes
2601 5473 2731 5527 mihi
2787 5476 3046 5544 opponit?
3079 5476 3233 5530 Hunc
3280 5475 3324 5530 si
3358 5490 3453 5545 per

169 5575 364 5634 τινος
392 5566 495 5629 τὰς
521 5563 718 5635 ἀρετὰς
749 5565 1018 5635 κτήσομαι
1037 5577 1052 5593 ⁸
1085 5563 1175 5616 τὺν
1215 5561 1376 5616 αὐτὸν
1403 5560 1495 5612 καὶ
1522 5557 1785 5627 ἀποστρέ-

1889 5555 2156 5626 jejunium
2187 5563 2393 5620 vincire
2419 5580 2604 5629 coner,
2634 5576 2745 5622 tum
2782 5585 2888 5624 non
2921 5570 3252 5639 jejunantem
3308 5569 3452 5624 dam-

264 5689 327 5721 ⁸⁸
376 5681 535 5736 Psal.
567 5697 676 5745 xu,
709 5681 762 5734 G.
1819 5673 1866 5735 ϐ

271 5775 377 5844 (ιι)
405 5773 503 5826 Adi
526 5772 806 5840 epistolam
836 5767 978 5826 l'etri
1005 5769 1245 5844 llatuiaui
1272 5767 1417 5844 card.
1443 5766 1508 5844 ad
1532 5767 1788 5844 {\gnetem

1896 5768 2130 5843 precari.
2159 5769 2314 5838 Apud
2349 5769 2544 5824 Barou.
2577 5782 2706 5828 tom.
2742 5771 2832 5838 Χῐ,
2857 5787 2999 5827 anno
3034 5772 3188 5839 1062,
3211 5769 3452 5843 pag.'52l

172 5836 534 5918 Augustam
561 5836 690 5911 qua:
725 5851 943 5912 rogarat
965 5858 1032 5896 an
1063 5841 1242 5895 liceret
1272 5841 1325 5894 in
1380 5836 1510 5892 sella
1539 5838 1786 5894 familiari

1893 5839 2020 5895 edit.
2057 5839 2315 5910 Antucrp.
2359 5856 2449 5898 an.
2491 5843 2648 5897 ιουδ.
