4216 6458
792 402 902 469 903

2046 402 2106 460 Β.
2134 400 2453 463 ΙΟΛΝἫΒ
2482 401 2786 461 CLIMACI

3926 403 4021 469 θοι

788 519 971 576 nando
999 530 1210 572 rursum
1242 514 1317 570 lili
1343 514 1545 570 trador.
1579 513 1679 569 Ubi
1715 514 1784 567 ab
1804 513 2100 583 judicando
2131 515 2363 569 alterutu
2392 527 2439 582 Α

2353 527 2439 582 ιΑ
2467 533 2638 586 φομαι
2677 516 2775 570 καὶ⁸
2816 518 3275 588 περιπτύσσομαι.
3316 517 3380 571 Τί
3425 518 3486 572 τὸ
3528 518 3657 588 περὶ
3686 517 3788 588 ἐμὲ
3820 522 4018 587 μυστή-

783 610 1067 671 ιΙοειὶῑοιῸ,
1098 608 1272 661 elatus
1306 606 1358 658 in
1395 604 1701 675 superbiam
1750 605 1954 668 cordis,
2001 606 2055 659 in
2109 606 2360 660 eumdem

784 702 995 758 hostem
1030 699 1268 755 delabor.
1299 697 1443 752 ldem
1473 697 1617 752 enim
1645 708 1698 752 et
1723 698 1891 753 hostis
1921 707 2079 752 estet
2123 698 2360 767 adjutor,

785 795 1080 851 auxiliator
1141 802 1196 845 et
1243 791 1612 854 adversarius,
1652 789 1946 860 opitulator
1971 799 2025 845 et
2055 790 2359 844 insidiator.

789 888 924 941 Cum
974 884 1111 938 bene
1162 893 1386 937 curatur
1443 881 1607 951 239
1663 890 1718 936 et
1748 880 2285 947 fovrtur,iusnlescit
2310 891 2365 937 et

788 976 1045 1037 insultat;
1100 983 1406 1027 mat-erutus
1462 973 1683 1036 deﬁcit;
1740 983 2019 1028 recreatus
2099 973 2362 1036 lascivit;

785 1069 1010 1123 verbera
1042 1076 1294 1130 recusat;
1338 1064 1558 1119 tristitia
1610 1064 1835 1119 aﬂ‘ectus
1875 1080 1959 1119 me
2013 1066 2065 1120 itt
2108 1066 2359 1120 ultimum

796 1159 1099 1230 periculum
1142 1156 1384 1226 conjicit.
1439 1153 1495 1210 Si
1522 1155 1789 1225 frangam,
1828 1171 1924 1226 per
1947 1172 2103 1226 quem
2144 1157 2367 1211 virtutes

790 1269 1075 1308 exerceam
1098 1266 1205 1305 non
1235 1250 1412 1304 habeo
1436 1267 1452 1300 :
1475 1248 1723 1302 eumdem
1741 1257 2028 1303 aversoret
2050 1251 2366 1318 amplector.

789 1346 946 1411 Quod
1011 1344 1114 1396 hoc
1161 1343 1213 1396 in
1263 1357 1348 1395 me
1379 1351 1591 1394 natura:
1635 1340 1956 1395 miraculum
1988 1339 2157 1411 iqua:
2177 1341 2369 1396 anima;

791 1450 846 1501 et
876 1435 1122 1505 corporis
1150 1432 1514 1488 coneretionis
1551 1432 1734 1486 ratio?
1759 1432 2031 1501 quomodo
2061 1433 2194 1486 mihi
2247 1435 2365 1504 ipse

793 1526 968 1582 hostis
999 1535 1052 1579 et
1096 1525 1305 1579 amicus
1335 1539 1455 1576 sum
1485 1523 1509 1575 ?
1559 1522 1654 1577 Dic
1687 1532 1742 1576 tu
1778 1522 1932 1588 mihi,
1967 1523 2077 1589 dic,
2116 1526 2366 1589 obsecro,

2465 625 2616 679 ριον;
2640 609 2735 672 Τίς
2761 609 2791 662 ὁ
2817 608 2972 678 λόγος
2999 610 3099 679 τῆς
3145 609 3286 679 ἐμῆς
3320 612 3712 681 συγκράσεωςς
3748 610 3876 673 Πώς
3908 612 4018 664 tau-

2463 697 2541 767 τῷ
2573 698 2764 769 ἐχθρὸς
2796 701 2889 753 καὶ
2914 699 3066 769 φίλος
3094 701 3448 771 καθέστηκας
3488 701 3628 769 Λέγε
3661 719 3751 773 μοι
3777 701 3867 768 σὺ,
3907 700 4025 770 λέγε

2468 808 2576 859 μοι,
2600 785 2644 846 ὦ
2668 794 2704 862 η
2724 792 2831 863 ἐμὴ
2861 792 3111 862 σύζυγος,
3138 787 3184 847 ὦ
3212 795 3247 864 ἡ
3288 794 3394 865 ἐμὴ
3438 793 3596 863 φύσις
3620 810 3636 826 ο
3666 794 3728 847 ού
3755 793 3867 864 γὰρ
3903 794 4025 864 παρ’

2462 881 2622 937 ἄλλου
2648 882 2841 954 μαθεῖν
2870 884 2999 955 περὶ
3024 884 3119 939 σοῦ
3150 885 3410 957 δεήσομαι
3445 902 3461 918 ο
3492 887 3610 950 πῶς
3641 885 3708 938 ὲκ
3738 883 3832 937 σοῦ
3868 884 4027 956 μείνω

2466 972 2735 1042 (crpuit-0;;
2766 973 2886 1038 πῶς
2915 974 3127 1045 δυνηθῶ
3157 976 3251 1030 τὸν
3284 976 3512 1046 φυσικὸν
3552 978 3814 1047 ἐκφυγεῖν
3856 976 4029 1030 κίνδυ-

2465 1081 2583 1131 νον,
2616 1068 2803 1139 ἐπειδὴ
2833 1067 3019 1122 λοιπὸν
3047 1067 3352 1139 ἐχθραίνειν
3386 1070 3525 1139 πρός
3566 1086 3625 1122 σε
3659 1068 3884 1141 Χριστῷ
3913 1085 4031 1122 συν.

2464 1158 2772 1229 τέταγμαι;
2822 1159 2948 1223 Πῶς
2983 1177 3077 1213 σου
3111 1162 3212 1231 τὴν
3247 1161 3537 1232 τυραννίδα
3570 1162 3796 1230 νικήσω,
3850 1157 4031 1228 ἐπειδὴ

2468 1248 2694 1320 βιαστής
2729 1267 2824 1304 σου
2865 1251 3118 1318 γενέσθαι
3161 1251 3505 1322 προῄρηται;
3551 1250 3616 1303 Ἦ
3659 1249 3719 1302 δὲ
3752 1249 3896 1320 πρὸς
3940 1251 4032 1318 τὴν

2466 1341 2665 1411 ἑαυτῆς
2692 1341 2871 1412 ψυχὴν
2905 1342 3303 1415 ἀποκρινομένη
3333 1342 3517 1410 ἔλεγεν
3541 1357 3555 1371 ⁸
3592 1342 3668 1396 Οὐ
3695 1343 3773 1412 μή
3806 1357 3894 1394 σοι
3918 1340 4031 1411 μένε

2465 1448 2548 1484 τοι
2574 1432 2787 1502 φράσω.
2824 1430 2853 1484 ὃ
2891 1432 2986 1486 καὶ
3025 1433 3090 1485 σὺ
3119 1433 3220 1486 οὐκ
3251 1432 3561 1495 ἐπίστασαι,
3597 1432 3712 1486 ἀλλ’
3742 1431 3772 1484 ὃ
3817 1430 3937 1502 ἅμα
3969 1432 4032 1499 τῇ

2467 1520 2667 1590 γνώσει
2714 1522 3034 1593 κατέχομεν.
3073 1522 3216 1594 Ἐγὼ
3263 1526 3320 1577 ὲν
3364 1525 3489 1594 ἐμοὶ
3517 1524 3796 1593 ἀγάπησιν
3825 1521 4035 1592 πατέρα

791 1618 903 1681 dic,
961 1630 1088 1671 caro
1134 1615 1370 1681 conjunx
1415 1628 1557 1675 mea.
1593 1622 1787 1667 natura
1816 1628 1959 1676 mea,
1994 1628 2099 1669 nec
2128 1614 2271 1669 enim
2304 1618 2375 1668 ab

2368 1635 2375 1664 ι
2469 1616 2577 1687 ἔχω
2610 1615 2747 1685 (51),
2775 1617 2878 1686 τῆς
2907 1615 3006 1687 μὲν
3035 1615 3233 1681 ἔξωθεν
3257 1616 3554 1687 πυρώσεως
3575 1616 3672 1687 τὴν
3698 1615 3844 1687 ἐμὴν
3876 1615 4033 1685 θερα-

792 1708 925 1771 alio,
957 1707 1063 1762 nisi
1092 1705 1190 1759 abs
1217 1713 1291 1768 te,
1321 1705 1386 1757 de
1412 1712 1483 1766 te,
1522 1703 1682 1773 cupio
1715 1704 1921 1757 doceri.
1954 1702 2052 1759 Dic
2099 1706 2372 1775 quomodo

793 1802 893 1856 abs
935 1810 984 1855 te
1020 1795 1391 1853 iuvulneratus
1451 1794 1724 1849 manebo?
1763 1810 1874 1864 quo
1928 1804 2087 1866 pacto
2149 1808 2358 1852 naturze

2472 1708 2631 1761 πείαν
2658 1707 2755 1760 καὶ
2778 1707 3082 1771 καθολικῶς
3110 1707 3313 1774 ἄνεσιν,
3343 1709 3442 1780 τῆς
3460 1708 3516 1761 δὲ
3545 1706 3749 1761 ἔσωθεν
3773 1706 4033 1778 κινήσεως

2473 1801 2537 1852 ὲκ
2575 1797 2950 1870 προλαδούσης
2982 1801 3218 1864 ἀνέσεως
3241 1841 3258 1865 ,
3298 1802 3391 1853 καὶ
3427 1799 3731 1870 γεγονότων
3761 1797 4030 1869 πράξεων.

793 1891 1098 1963 periculum
1130 1888 1381 1958 ell'ugiam
1407 1887 1430 1940 ?
1459 1887 1679 1956 quando
1706 1887 1820 1956 jam
1849 1902 1973 1941 cum
2004 1886 2222 1943 Christo
2270 1891 2369 1942 ad-
2404 1903 2445 1958 Β

2367 1921 2369 1928 ι
2404 1903 2445 1958 Β
2483 1889 2622 1960 Ἐγώ
2647 1889 2987 1944 συλλαϐοῦσα
3037 1890 3206 1944 τίκτω
3250 1890 3517 1961 πτώματα
3559 1905 3572 1919 ·
3614 1891 3799 1943 ἐκεῖνα
3837 1886 3900 1941 δὲ
3948 1902 4032 1939 τε-

795 2001 990 2039 versus
1047 1995 1098 2038 te
1148 1982 1344 2036 bellum
1397 1980 1635 2049 suscepi.
1692 1980 1976 2045 Quomodo
2027 1982 2366 2051 tyrannidem

794 2087 946 2131 tuam
1000 2075 1236 2136 vincam,
1287 2074 1506 2141 quando
1529 2073 1640 2140 jam
1673 2071 1951 2126 decretum
1979 2082 2064 2126 est
2094 2072 2248 2138 mihi,
2283 2089 2369 2127 me
2417 2114 2422 2119 .

797 2186 1011 2226 summa
1068 2169 1117 2222 vi
1180 2167 1234 2221 in
1295 2176 1347 2221 te
1405 2180 1633 2220 usurum
1662 2164 1685 2218 ί
1711 2163 1846 2218 Tum
1874 2181 2002 2219 caro
2030 2168 2223 2219 animae
2256 2181 2368 2220 suae

797 2260 1172 2326 respondens:
1206 2256 1345 2319 Non,
1381 2256 1578 2327 inquit.
1609 2272 1674 2311 ea
1711 2256 1917 2311 eti‘abor
1961 2250 2082 2322 qua:
2111 2257 2207 2312 tibi
2241 2267 2367 2312 sunt

801 2350 1101 2422 incognita,
1136 2351 1227 2405 sed
1255 2364 1487 2419 quorum
1514 2347 1677 2404 simul
1701 2348 1862 2401 ambo
1888 2347 2251 2416 cognitionem
2273 2348 2369 2402 Ita-

798 2444 1030 2500 bcmus.
1070 2443 1181 2511 Ego
1242 2441 1295 2494 in
1361 2456 1444 2494 me
1484 2448 1759 2509 parentem
1806 2438 2367 2510 dilectionem(mei)

2472 1982 2669 2054 χθέντα
2722 1981 2884 2036 πάλιν
2920 1981 3148 2036 θάνατον
3194 1980 3264 2036 δι’
3309 1979 3674 2050 ἀπογνώσεως
3718 1978 4030 2032 τίκτουσιν·

2471 2073 2536 2127 ἂν
2564 2072 2705 2144 γνῷς
2735 2073 2832 2145 τὴν
2854 2072 2993 2145 ἐμὴν
3020 2073 3115 2127 καὶ
3145 2072 3242 2146 σὴν
3264 2074 3468 2144 ἐναργῆ
3492 2072 3587 2126 καὶ
3625 2070 3849 2142 βαθεῖαν
3877 2066 4034 2124 ἀσθὲ-

2471 2182 2643 2226 νειαν,
2675 2166 2869 2237 tam;
2900 2182 3001 2237 μου
3026 2166 3126 2231 τὰς
3159 2168 3346 2237 χεῖρας
3365 2181 3380 2197 ·
3414 2166 3483 2220 ἀν
3515 2165 3610 2219 τὸν
3645 2162 3842 2236 λαιμὸν
3885 2162 4038 2235 βασα-

2471 2255 2649 2326 νίσῃς,
2665 2256 2861 2327 ἕδησάς
2885 2274 2976 2328 μοι
3003 2258 3129 2321 τοὺς
3149 2257 3316 2321 πόδας
3339 2256 3434 2310 τοῦ
3460 2256 3534 2329 μὴ
3555 2257 3745 2329 πόρρω
3766 2254 4004 2326 βαδίζειν
4023 2270 4035 2281 ’

2474 2346 2541 2400 ἂν
2580 2345 2819 2419 ζευχθῇς
2852 2349 3100 2420 ὑπακοῇ,
3162 2348 3297 2419 ἐμοῦ
3339 2347 3680 2419 ἀπεζεύχθης
3708 2366 3725 2381 ο
3762 2348 3834 2402 ἂν
3871 2349 4041 2419 κτήσῃ

2474 2441 2820 2508 ταπείνωσιν,
2849 2441 2983 2513 ἐμοῦ
3026 2442 3124 2514 τὴν
3153 2442 3395 2515 κεφαλὴν
3421 2441 3726 2512 ἀπέκοιῖιας.

796 2538 1071 2600 contineo,
1128 2544 1182 2590 et
1230 2534 1514 2589 exterioris
1564 2533 1782 2603 quidem
1848 2534 2091 2588 incendii
2149 2548 2373 2589 causam
2448 2536 2672 2590 nimiam
2725 2539 2830 2592 mei
2881 2553 3069 2593 curam
3108 2549 3164 2594 et
3220 2538 3565 2594 immodicam
3603 2537 3865 2599 (virtutis
3889 2550 4040 2594 exer-

798 2628 1021 2697 cendae)
1078 2626 1479 2682 cessationem:
1533 2624 1807 2680 interioris
1835 2640 1965 2679 vero
2003 2624 2237 2681 ﬂamma:
2271 2628 2491 2682 occasio
2548 2629 2765 2684 exsistit
2791 2644 2860 2684 ex
2922 2629 3021 2703 illa.
3051 2631 3268 2702 pietatis
3327 2631 3439 2702 jam
3499 2634 3659 2686 dictat
3701 2628 4041 2691 remissione,

797 2728 852 2775 et
897 2722 1172 2775 actionum
1230 2718 1621 2788 prateritarum
1685 2717 1914 2770 ratione.
1945 2714 2209 2785 Egocum
2272 2732 2590 2788 concepero.
2631 2720 2785 2790 pario
2814 2731 3034 2792 peccata
3090 2733 3144 2778 et
3208 2723 3418 2779 ruinas.
3479 2721 3709 2777 Peccata
3743 2736 3881 2776 vero
3921 2735 4046 2777 cou-

799 2822 1067 2869 summata
1093 2818 1354 2883 generant
1379 2821 1609 2862 mortem
1653 2807 2068 2877 desperationis.
2110 2807 2212 2863 Ubi
2264 2824 2439 2863 meam
2480 2820 2742 2880 tuamque
2770 2823 2971 2868 certam
3005 2823 3060 2868 et
3096 2830 3361 2869 summam
3393 2815 3818 2870 imbecillitatem
3848 2829 4048 2885 cogno—

797 2909 960 2971 veris,
987 2904 1241 2960 manibus
1295 2902 1432 2957 meis
1456 2900 1701 2955 manicas
1753 2899 2026 2969 injecisti;
2084 2900 2178 2954 ubi
2228 2902 2410 2970 gulam
2449 2903 2676 2958 torseris
2735 2915 2791 2958 et
2849 2906 3169 2972 refrenaris,
3228 2908 3449 2979 illigasti
3499 2909 3662 2979 pedes
3683 2923 3843 2964 meos
3902 2922 4048 2964 eom-

799 3001 1048 3071 pedibus,
1108 3007 1168 3053 ttt
1216 2996 1443 3050 ttltel'itts
1494 2992 1746 3065 progredi
1782 3009 1890 3049 non
1950 2995 2180 3063 possint.
2224 2992 2326 3050 Ubi
2391 3006 2445 3051 te
2480 3013 2604 3052 cum
2663 2998 2971 3055 obedientia
3021 3000 3390 3072 conjunxet-is,
3415 3003 3485 3057 ab
3512 3018 3597 3057 me
3620 3002 3917 3072 abiunctus
3944 3011 4045 3057 est.

803 3095 907 3152 Ubi
936 3109 1116 3148 veram
1143 3092 1500 3146 lnunilitatem
1531 3088 1860 3159 possederis,
1903 3090 2200 3159 amputasti
2241 3091 2376 3145 mihi
2417 3093 2682 3148 cervicem
2712 3108 2909 3153 meam.

869 3186 1032 3259 250
1058 3183 1316 3252 Quiutqu
1342 3183 1612 3238 decimum
1658 3179 1877 3234 virtutis
1932 3180 2212 3250 praemium
2243 3181 2376 3253 :qui
2404 3186 2459 3250 Ο.

2404 3186 2459 3250 C'
2551 3184 3043 3240 Πεντεκαιδέκατον
3093 3185 3346 3253 ἔπαθλον,
3407 3189 3436 3240 ὁ
3482 3189 3542 3240 ἐν
3595 3187 3760 3259 σαρκὶ
3802 3187 3907 3252 ὣν,
3960 3190 4048 3242 καὶ

801 3280 853 3335 iL
921 3295 1086 3334 carne
1145 3277 1346 3347 degens
1402 3272 1629 3343 accepit,
1687 3279 1937 3326 mortuus
1980 3274 2296 3337 resurrexit,
2326 3284 2381 3329 et

2485 3275 2645 3330 τοῦτο
2668 3275 2904 3348 εἰληφὼς
2936 3278 3197 3345 ἀπέθανε,
3246 3281 3341 3333 καὶ
3376 3278 3574 3350 ἀνέστη
3599 3294 3616 3311 ·
3655 3280 3752 3333 καὶ
3783 3280 3888 3350 τῆς
3929 3281 4046 3352 μελα

798 3373 998 3428 ιιιῐιιι-αι
1052 3366 1478 3424 inuam-talitatis
1538 3374 1757 3434 gustum
1830 3363 1946 3434 jam
2028 3376 2175 3417 nunc
2252 3365 2379 3421 inde

2486 3368 2682 3440 λούσης
2728 3368 3038 3443 ἀφθαρσίας
3080 3372 3144 3426 τὸ
3180 3372 3468 3445 προοίμιον
3507 3373 3608 3445 ἤδη
3655 3373 3753 3427 ἀπ’
3801 3373 4049 3427 ἐντεῦθεν

799 3463 1073 3535 ιπκσυμίι.
2478 3459 2796 3532 ἐγνώρισεν.

814 3571 4024 3597 M

1117 3653 1407 3710 SCIIOLIA
1429 3652 1519 3707 AD
1545 3648 1835 3707 GllADUM
1869 3647 1981 3703 XV.

1364 3747 1437 3800 De
1495 3746 1763 3799 castitate.

1404 3836 1652 3892 Scholion
1686 3835 1737 3890 1.

873 3934 1159 3990 Certamen
1181 3941 1390 3987 certare
1415 3929 1531 3984 sive
1552 3926 1896 3991 contendere,
1954 3934 2010 3980 et
2041 3940 2243 3996 corpus
2291 3940 2383 3981 ex-

804 4040 1023 4094 mquare
1055 4025 1203 4094 (illis
1237 4021 1519 4093 spiritibus
1549 4020 1716 4075 beatis
1752 4020 1769 4085 )
1799 4018 1894 4088 qui
1926 4032 2151 4082 corpore
2173 4027 2378 4081 carent,

2860 3656 3155 3711 ΣΧΟΛΙΟΝ
3190 3659 3297 3712 ΕΙΣ
3324 3658 3545 3713 ΛΟΓΟΝ
3576 3657 3675 3712 ΙΕ’.

3059 3750 3197 3818 Περὶ
3223 3751 3488 3819 ἁγνείας.

3095 3843 3354 3911 Σχόλιον
3383 3840 3453 3896 α’.

2556 3933 2813 4003 Ἅμιλλα.
2856 3936 2930 3990 Τὸ
2968 3936 3295 4005 ἁμιλλᾶσθαι
3317 3979 3332 4002 ,
3364 3938 3531 4008 ἧγουν
3580 3940 3880 4007 φιλονικεῖν
3902 3982 3919 4006 ,
3962 3941 4057 3996 καὶ

2486 4026 2792 4092 ἐξισοῦσθαι
2831 4027 2892 4081 τὸ
2922 4028 3079 4098 σῶμα
3113 4030 3210 4083 καὶ
3238 4029 3303 4082 τὸ
3335 4029 3628 4102 ἀσώματον
3651 4033 3792 4103 ὅπερ
3818 4031 4056 4103 ἀληθοῦς

808 4119 912 4173 hoc
939 4132 1078 4172 verre
1104 4128 1189 4169 est
1213 4113 1502 4176 castitatis,
1543 4123 1599 4166 et
1633 4124 1883 4181 quaeuou
1946 4108 2104 4175 fallit,
2158 4108 2386 4179 integri-

1946 4108 2104 4175 fallil,
2158 4108 2386 4179 intcgri-
2487 4118 2708 4186 ἁγνείας
2738 4119 2875 4183 ἐστὶ,
2915 4119 3008 4173 καὶ
3031 4120 3294 4190 ἀψευδοῦς
3321 4121 3608 4193 ἀφθορίας.

810 4212 936 4264 tatis
962 4225 1059 4265 seu
1095 4206 1543 4277 incorruptionis.

1434 4294 1683 4350 Scholion
1708 4293 1766 4346 2.

879 4394 1221 4450 Desidertum
1263 4405 1446 4445 rerum
1480 4387 1790 4449 meliorum,
1822 4383 1966 4455 quod
2000 4384 2054 4437 in
2113 4391 2379 4453 potestate

3097 4300 3142 4351 Σ
3143 4298 3354 4365 χόλων
3387 4296 3452 4368 β’.

2568 4389 2733 4458 ’Λείὴ
2787 4386 2896 4440 τῶν
2937 4389 3264 4460 κρειττόνων
3307 4389 3574 4460 ἐπιθυμία
3607 4390 3669 4443 ἐν
3703 4388 3931 4460 ἐξουσίᾳ
3965 4391 4060 4444 καὶ

809 4497 866 4542 et
917 4486 1176 4541 facultate
1220 4498 1319 4538 sua
1350 4479 1619 4535 desideria
1644 4477 1981 4543 voluptatqu
2024 4474 2207 4540 habet,
2243 4489 2384 4529 sem-
2414 4515 2459 4571 Β

2414 4515 2459 4571 D
2485 4473 2712 4543 δυνάμει
2737 4475 2935 4545 ἔχουσα
2962 4473 3071 4527 τῶν
3097 4474 3549 4544 ὲπιθυμουμένων
3585 4476 3686 4547 τὴν
3723 4476 4056 4544 ἀπόλαυσιν,

810 4593 908 4649 per
976 4577 1123 4646 cogit
1200 4571 1473 4629 deteriora
1555 4576 1902 4622 contemnere
1954 4575 2010 4620 et
2066 4565 2382 4632 adversari,

809 4667 1268 4741 quemadmodum
1292 4665 1534 4719 omnium
1567 4668 1876 4716 sanctorum
1903 4659 2147 4728 exempla
2165 4659 2379 4715 docent.

1408 4752 1656 4809 Scholion
1682 4753 1738 4805 ’5.

884 4850 1092 4907 Vieisse
1146 4850 1278 4904 dicit
1310 4850 1556 4918 corporis
1600 4862 1694 4902 seu
1734 4846 1916 4901 carnis
1949 4843 2220 4907 incendia,
2266 4857 2383 4897 mo.

811 4951 1009 5014 tusque
1031 4943 1149 5011 ejus
1178 4942 1500 5006 impotentes
1529 4940 1832 5009 subegisse,
1886 4946 1941 4991 et
2014 4934 2200 4989 animo
2242 4935 2378 4989 sub-

810 5035 1028 5107 iecisse.
1086 5031 1222 5086 Nam
1251 5033 1347 5102 qui
1418 5032 1487 5086 ah
1538 5033 1623 5087 his
1660 5031 1918 5091 vincitur,
1966 5041 2075 5081 non
2105 5025 2256 5090 vicit,
2285 5026 2380 5082 sed

813 5128 993 5182 victus
1011 5135 1111 5180 est.

1380 5214 1625 5268 Scholion
1661 5214 1713 5268 4.

885 5309 1067 5366 Motus
1119 5308 1397 5363 naturales
1453 5305 1718 5373 corporis,
1769 5303 1863 5372 qui
1913 5303 1969 5356 in
2034 5312 2228 5355 somno
2265 5297 2383 5353 sine

814 5403 1114 5474 imaginum
1144 5399 1336 5455 formis
1364 5396 1656 5460 exsistunt,
1685 5395 1919 5449 animam
1954 5400 2229 5461 utcunque
2250 5388 2385 5444 bene

819 5495 1019 5549 habere
1043 5493 1259 5548 docent.
1293 5487 1474 5541 Firma
1518 5493 1699 5540 autem
1761 5483 2200 5553 phantasmatum
2250 5478 2385 5531 ima-

818 5586 1043 5656 ginatio,
1086 5583 1301 5652 signum
1349 5588 1432 5633 est
1473 5574 1809 5647 mgritudinis
1835 5574 2049 5627 animae.
2094 5569 2160 5625 Et
2195 5569 2380 5628 ,incer-

820 5687 999 5732 torum
1052 5672 1270 5742 quidem
1328 5683 1615 5738 corporum
1680 5664 1867 5719 forma:
1929 5663 2125 5719 veteris
2158 5659 2385 5716 aﬂectus

820 5767 995 5831 mali;
1036 5777 1306 5820 certorum
1345 5769 1525 5815 autem
1560 5756 1791 5815 recentis
1823 5755 1988 5826 plaga:
2038 5764 2091 5809 et
2140 5750 2381 5808 vulneris

825 5867 1203 5929 argumentum
1225 5867 1275 5913 et
1301 5855 1604 5925 symbolum
1630 5849 1805 5906 crede.

2489 4571 2865 4639 καταφρονεῖν,
2895 4567 3332 4639 ἀποστρέφεσθαι
3361 4568 3657 4638 ἀναγκάζει
3681 4568 3749 4623 τὰ
3770 4568 4057 4631 ἐλάττονα.

2486 4660 2562 4723 ώς
2595 4658 2800 4724 ἔδειξαν
2835 4659 3033 4723 πάντες
3062 4660 3113 4712 οί
3143 4659 3308 4728 ἅγιοι.

3089 4750 3135 4802 Σ
3137 4747 3345 4817 χόλων
3374 4754 3444 4817 γ’.

2557 4838 2631 4891 Τὸ
2659 4838 2879 4910 νικῆσαι
2906 4837 3053 4907 λέγει
3084 4840 3184 4902 τὰς
3215 4841 3535 4910 σωματικὰς
3557 4842 3938 4914 ἑκπυρώσεις,
3966 4846 4062 4899 καὶ

2486 4931 2585 5000 τῆς
2606 4930 2808 5001 σαρκὸς
2830 4930 3204 4995 καθυποτὼῗαι
3236 4932 3581 5004 σκιρτήματα
3600 4949 3615 4963 ’
3649 4934 3753 4986 ὑπὸ
3783 4936 3900 5008 γὰρ
3930 4936 4060 4991 τού-

2484 5041 2591 5077 των
2621 5022 2915 5095 νικώμενος
2943 5025 3045 5078 οὐκ
3065 5023 3335 5094 ἐνίκησεν,
3365 5025 3480 5077 ἀλλ’
3516 5024 3767 5096 ἐνικήθη.

3070 5204 3119 5256 Σ
3118 5203 3330 5270 χολιον
3358 5200 3420 5255 δ’.

2555 5295 2620 5347 Αἱ
2651 5293 2927 5348 ἀνείδωλοι
2956 5293 3014 5346 ὲν
3038 5292 3227 5355 ὕπνοις
3249 5293 3343 5346 τοῦ
3371 5292 3624 5365 σώματος
3640 5296 3877 5364 φυσικαὶ
3912 5300 4068 5368 κινήο

2492 5403 2628 5451 σεις,
2671 5385 2935 5453 ὑγιαίνειν
2965 5385 3149 5450 ποσῶς
3190 5385 3489 5456 μηνύσουσι
3527 5387 3625 5457 τὴν
3662 5387 3861 5458 ψυχὴν,
3898 5393 4067 5461 πῆξις

2488 5478 2546 5531 δὲ
2578 5477 2809 5532 εἰδώλων
2833 5479 3140 5549 ἀρρωστίας
3160 5477 3463 5549 γνώρισμα,
3488 5479 3583 5530 καὶ
3609 5478 3678 5532 τά
3700 5479 3803 5549 μὲν
3823 5481 4068 5553 ἀόριστα

2490 5571 2758 5640 πρόσωπα
2789 5569 2882 5623 τοῦ
2914 5568 3141 5624 παλαιοῦ
3169 5570 3373 5631 πάθους
3403 5586 3415 5598 '
3441 5570 3510 5623 τά
3548 5568 3605 5624 δὲ
3639 5571 3943 5643 ὡρισμένα
3967 5574 4069 5647 τῆς

2487 5662 2798 5734 παραυτίκα
2836 5661 3048 5731 πλυτ-γῆς
3079 5660 3319 5730 σύμϐολα
3348 5660 3552 5731 νόμιζε.
