4216 6458
163 412 263 476 905
1165 399 1394 461 SCALA
1421 393 1799 457 PARADISI.
1823 417 1892 428 --
1921 391 2229 453 GRADUS
2251 392 2371 454 XV.
3274 398 3380 460 ρος

760 516 1036 584 ,Σχόλιον
1068 518 1130 567 ε’.
1363 580 1373 584 _
1750 516 1799 573 Α
2386 503 2425 561 S

1068 518 1130 567 ε’.
1363 580 1373 584 _
1750 516 1799 573 Α
2386 503 2634 561 Scholion
2671 504 2723 560 5.

242 611 562 667 ’Υποτάσσει
588 607 737 662 δὲτὰ
764 580 902 678 μέλη
928 606 1031 673 τῆς
1060 602 1264 674 σαρκὸς
1304 580 1384 673 rip
1422 598 1718 669 πνεύματι,
1893 596 1907 647 ε

1716 646 1718 654 ,
1893 596 2125 667 Subjicit
2150 604 2330 652 autem
2362 596 2607 652 membra
2638 596 2821 652 carnis
2847 598 3084 667 spiritui,
3116 599 3210 669 qui
3258 617 3381 657 sen-

158 708 189 760 ὀ
214 704 351 758 κατὰ
377 703 539 770 φύσιν
574 698 856 771 χρώμενος
884 698 1006 758 ταῖς
1050 695 1356 765 αἰσθήσεσι,
1382 692 1480 747 καὶ
1506 689 1598 744 ὑπ’
1626 690 1716 743 ού·
1822 710 1823 737 :

1822 687 1973 744 sibus
2026 705 2094 745 ex
2152 690 2467 759 praescripto
2506 696 2713 744 naturae
2762 688 2951 756 utitur,
2972 704 3075 747 nec
3106 692 3275 747 ullum
3314 695 3383 749 ab

157 798 303 859 δενὸς
337 793 541 848 τούτων
579 791 783 862 βλάϐην
833 788 1142 859 ὑπομένων,
1192 787 1255 840 τὺ
1295 783 1592 840 ἐποπτικὸν
1626 781 1722 837 τοῦ
1821 832 1822 835 η

1714 781 1722 834 i
1821 782 1930 839 illis
1957 783 2358 838 incommodum
2380 782 2631 848 sustinet,
2664 797 2983 853 semperque
3020 785 3077 841 in
3112 784 3207 841 Dei
3247 802 3379 843 ocu-

157 888 292 942 Θεοῦ
327 885 786 958 προϐλεπόμενος,
806 883 901 937 καὶ
933 881 1002 935 τὰ
1026 881 1235 935 ἐκεῖθεν
1270 881 1525 951 ᾶφραστα
1551 878 1720 947 κάλλη

1717 902 1720 945 ι
1822 874 1904 929 los
1932 875 2188 939 intentus,
2218 874 2401 928 animo
2426 873 2543 944 ejus
2573 873 3001 943 pulchritudines
3060 878 3208 932 nulla
3260 895 3382 935 vcr-

157 978 606 1051 ὲνοπτριζόμενος
638 975 889 1032 πάντοτε.
1821 1014 1822 1017 η

1821 965 2014 1019 borum
2044 964 2097 1018 vi
2123 963 2472 1034 explicandas
2493 978 2707 1035 semper
2753 965 2996 1024 intuetur
3041 977 3098 1023 et
3138 978 3381 1026 contem-

1820 1057 2024 1127 platur.

751 1153 797 1204 Σ
804 1150 1017 1220 χόλιον
1046 1154 1119 1213 ς’.

1107 1189 1119 1201 .
2444 1146 2696 1203 Scholion
2718 1149 2771 1205 6.

234 1244 574 1316 ’Δντίρῤησις
621 1241 836 1309 λέγεται
889 1243 921 1312 ἡ
976 1236 1274 1306 ἀντιλογία.
1326 1234 1474 1306 Πλὴν
1523 1234 1572 1289 εί
1644 1235 1721 1307 μὴ

1716 1259 1721 1306 ι
1911 1236 2199 1294 Oblocutio
2276 1236 2474 1293 dicitur
2535 1239 2912 1295 contradictio.
2987 1241 3188 1298 Verum
3275 1241 3381 1299 nisi

151 1338 417 1407 πρότερον
458 1333 803 1406 ταπεινώσῃς
843 1334 1067 1386 σεαυτὸν
1105 1330 1197 1385 διὰ
1237 1327 1590 1401 προσευχῆς,
1636 1329 1718 1392 είς

1817 1326 1972 1396 prius
2014 1336 2066 1382 te
2105 1342 2201 1397 per
2247 1342 2440 1398 preces
2492 1328 2884 1399 bumiliaveris,
2912 1331 2978 1387 ad
3009 1333 3115 1388 hoc
3139 1332 3383 1404 aspirare

156 1423 323 1478 τοῦτο
348 1422 520 1476 ἐλθεῖν
547 1421 608 1473 οὐ
634 1419 878 1474 δύνασαι.
1818 1429 1927 1470 ιιοη
1962 1425 2132 1486 potes.

745 1513 1007 1578 Σχόλιον
1059 1506 1125 1574 ζ’.
2321 1507 2410 1581 24

2321 1507 2479 1581 241
2523 1507 2768 1565 Scholion
2818 1511 2869 1566 7.

231 1601 555 1674 Ἑγκράτειά
578 1601 695 1654 ἐστι
722 1599 938 1670 χαλινὸς
966 1598 1149 1667 ἄγχων
1174 1596 1275 1668 τὴν
1312 1596 1405 1650 επὶ
1431 1593 1716 1666 βρώματα,
1888 1594 1896 1615 ¹

1888 1594 2271 1668 Temperantia
2291 1615 2385 1655 seu
2411 1601 2738 1656 abstinentia
2757 1612 2839 1657 est
2855 1602 3091 1666 frenum,
3108 1606 3252 1673 quod
3282 1606 3381 1661 im-

145 1696 180 1764 ἧ
226 1695 515 1765 χρήματα,
567 1691 600 1763 ἢ
630 1692 871 1761 πόματα,
909 1690 943 1761 ἢ
994 1689 1151 1753 δόξαν
1180 1687 1295 1742 τοῦ
1323 1682 1717 1756 ἐπιθυμητικοῦ

1816 1694 2000 1755 petum
2043 1697 2251 1745 natum
2310 1691 2367 1746 in
2388 1690 2562 1758 cibis,
2614 1693 2882 1763 pecuniis,
2920 1695 3166 1765 poculis,
3214 1696 3382 1767 gleria

142 1788 353 1859 ὁρμήν.
1743 1852 1781 1859 _

1743 1852 1781 1859 _
1816 1776 2129 1845 appetendis
2148 1789 2379 1835 coercet.

796 1876 1072 1943 Σχόλιον.
1743 1852 1788 1909 Β
2460 1910 2461 1921 η

1061 1916 1072 1928 ,
1743 1852 1788 1909 Β
2460 1870 2726 1926 Scholion.

232 1968 563 2040 Ἐγκράτεια
597 1965 826 2039 αἰσθητή
879 1968 1028 2019 ἐστιν
1069 1964 1310 2028 ἔκκλισις
1346 1964 1454 2018 ἀπὸ
1499 1963 1715 2052 πέντων
1881 1956 1897 2010 4

1881 1955 2230 2015 Continentia
2274 1962 2522 2034 corporis
2568 1973 2655 2019 est
2701 1965 2993 2023 declinatio
3022 1968 3091 2023 ab
3126 1968 3382 2025 omnibus

140 2062 259 2115 τῶν
288 2062 379 2117 διὰ
407 2061 607 2133 σαρκὸς
633 2058 1040 2130 ἐνεργουμένων
1077 2057 1398 2128 παραλόγων
1440 2049 1712 2126 πράξεων.

1811 2049 2115 2106 actionibus
2152 2067 2273 2122 qua:
2305 2063 2499 2123 praeter
2551 2055 2817 2112 rationem
2848 2074 2944 2129 per
2992 2075 3192 2130 corpus
3223 2059 3379 2115 liunt.

152 2152 491 2224 Ἐγκράτεια
517 2151 573 2204 δὲ
601 2151 765 2220 νοητή
805 2149 953 2202 ἐστιν
982 2147 1222 2212 ἔκκλισις
1250 2146 1342 2201 νοῧ
1372 2145 1481 2201 ἀπὸ
1518 2145 1714 2216 ἡδονῆς
1809 2146 1817 2186 ⁴

1809 2138 2151 2194 Continentia
2185 2143 2411 2212 spiritus
2441 2145 2554 2201 sive
2589 2148 2756 2203 animi
2785 2158 2870 2205 est
2902 2150 3190 2206 declinatio
3230 2167 3382 2206 men-

140 2245 438 2314 νοημάτων
478 2241 741 2313 ἑμπαθῶν
761 2256 777 2272 ·
811 2241 871 2294 οὐ
904 2239 1380 2309 κατορθωθήσεται
1408 2237 1465 2290 δὲ
1504 2238 1540 2309 η
1582 2255 1715 2307 προ-

1712 2268 1715 2276 .
1812 2230 1881 2284 tis
1914 2231 1981 2285 ab
2013 2233 2162 2286 omni
2220 2234 2580 2293 delectatione
2624 2240 3015 2310 cogitationum
3069 2241 3377 2297 noxiarum.

137 2334 303 2406 τέρα,
343 2334 417 2405 μὴ
440 2334 540 2404 τῆς
570 2332 799 2404 μελέτης
830 2332 922 2385 καὶ
962 2330 1063 2401 τῆς
1100 2331 1382 2401 τηρήσεως
1412 2331 1510 2401 τῆς
1533 2328 1714 2384 δευτέ-

1712 2361 1714 2367 .
1811 2320 1967 2377 Prior
2018 2324 2204 2392 perﬁci
2241 2340 2339 2381 seu
2394 2330 2635 2385 exerceri
2672 2348 2781 2387 non
2812 2342 3007 2404 potest,
3058 2333 3163 2388 nisi
3210 2336 3377 2389 altera

139 2442 248 2497 ρας
276 2424 583 2496 ἀχωρίστου
625 2425 692 2495 τῇ
720 2422 864 2493 ψυχῇ
900 2420 1273 2493 ὑπαρχούσης.

1811 2425 1909 2482 per
1955 2413 2359 2471 meditationem
2396 2426 2450 2472 et
2494 2419 2798 2477 custodiam
2850 2422 2925 2480 sit
2954 2422 3011 2479 in
3041 2422 3246 2491 anima,
3277 2438 3379 2480 nec

1286 2498 1292 2505 '
1811 2518 2050 2573 unquam
2079 2505 2148 2561 ab
2175 2506 2265 2562 illa
2292 2518 2590 2577 separetur.

382 2597 564 2650 Ἀλλο
599 2593 708 2649 τοῦ
729 2592 998 2664 μεγάλου
1032 2591 1354 2647 Βασιλεία)
1386 2592 1487 2663 (a).

1240 2591 1354 2647 zlov
1386 2592 1487 2663 (a).
2258 2598 2429 2653 Aliud
2475 2600 2667 2657 Basilii
2703 2602 2905 2675 Magni.

224 2685 291 2738 '0
323 2684 666 2755 ύποπιασμδς
709 2682 806 2736 τοῦ
837 2680 1106 2751 σώματος,
1156 2680 1251 2735 καὶ
1294 2681 1329 2752 ἡ
1376 2679 1715 2750 δουλαγωγία
1880 2691 1889 2735 4

1712 2721 1715 2733 .
1880 2686 2177 2759 Castigatio
2199 2693 2444 2762 corporis
2464 2702 2518 2749 et
2544 2693 2601 2750 in
2624 2696 2935 2753 servitutem
2965 2700 3206 2758 redsctio
3230 2700 3377 2757 nulla

135 2776 235 2830 ὕπ’
284 2774 500 2835 οὐδενὸς
531 2774 688 2829 ἄλλου
716 2771 988 2838 τοσοῦτον,
1020 2770 1211 2839 ὥσπερ
1255 2769 1355 2839 τῆς
1388 2769 1715 2840 ἐγκρατείας

1811 2776 1914 2832 alia
1940 2793 1998 2833 re
2023 2787 2303 2851 tantopere
2331 2783 2578 2851 edicitur,
2606 2802 2769 2857 quam
2789 2789 3134 2847 abstinentia.
3178 2791 3380 2849 Fervor

133 2864 526 2936 κατορθοῦται.
559 2864 632 2917 Τὸ
664 2863 774 2933 γὰρ
803 2862 1002 2934 βράζον
1030 2864 1131 2932 τῆς
1162 2863 1431 2931 νεότητος,
1457 2861 1551 2914 καὶ
1580 2860 1716 2932 πρὸς

1713 2879 1716 2888 ’
1810 2868 1954 2923 enim
1985 2869 2075 2926 ille
2102 2872 2194 2941 qui
2236 2872 2291 2929 in
2319 2873 2611 2944 juvenibus
2639 2877 2819 2948 vigere
2849 2881 3009 2948 solet,
3055 2892 3111 2939 et
3144 2883 3378 2940 diﬂicilis

133 2960 239 3023 τὰς
277 2960 458 3031 ὁρμᾶς
498 2954 883 3019 δυσκάθεκτον,
914 2949 1026 3008 οἷον
1053 2951 1255 3024 χαλινῷ
1285 2969 1390 3005 τινι
1417 2954 1482 3023 τῇ
1512 2951 1714 3023 ἐγκρα-

1812 2957 1901 3013 ille
1946 2958 2015 3013 ad
2068 2963 2400 3020 coercendas
2438 2965 2692 3022 libidines
2734 2967 2990 3039 impetus,
3050 2970 3379 3028 abstinentia

130 3048 263 3119 τείᾳ
283 3050 640 3118 καταργεῖται
659 3062 673 3075 ο
710 3044 781 3098 οὐ
800 3043 909 3114 γὰρ
937 3042 1228 3114 συμφέρει
1254 3041 1467 3111 ἄφρονι
1498 3039 1710 3111 τρυφὴ,

1814 3047 2193 3125 [continentia]
2242 3061 2505 3126 tanquam
2555 3055 2712 3115 freno
2753 3060 2991 3130 quodam
3046 3062 3377 3118 cohibetur:

134 3139 289 3193 κατὰ
320 3138 413 3193 τὸν
438 3137 775 3208 Σολομῶντα.
802 3137 870 3190 Τί
898 3136 956 3191 δὲ
991 3134 1193 3207 σαρκὸς
1226 3134 1566 3207 εύπαθούσης
1585 3175 1600 3190 .
1620 3175 1635 3189 .
1658 3174 1672 3189 .
1691 3171 1709 3189 .
1739 3201 1779 3218 η

1739 3201 1779 3218 η
1817 3156 1921 3194 non
1949 3141 2094 3196 enim
2140 3144 2296 3199 utiles
2330 3156 2453 3201 sunt
2503 3147 2690 3218 stulto,
2732 3159 2795 3205 ut
2827 3149 3083 3209 Salomon
3117 3154 3213 3217 ait,
3246 3154 3381 3209 deli-

131 3231 361 3301 ἀποχὴν
405 3229 511 3283 τῶν
549 3201 872 3300 βρωμάτων.
923 3201 1096 3282 Τοῦτο
1131 3225 1241 3297 γὰρ
1291 3223 1441 3297 βιαία
1485 3201 1568 3289 τίς
1594 3227 1709 3280 ἐστι
1736 3201 1780 3261 (ἶ

1736 3201 1780 3261 (ἶ
1811 3231 1909 3285 cile
1937 3232 2001 3286 σι’.
2029 3231 2168 3298 Quid
2225 3244 2406 3291 autem
2450 3252 2615 3294 carne
2634 3201 2758 3310 quae
2787 3241 3025 3300 molliter
3070 3258 3378 3312 accuratur,

130 3322 391 3385 διάλυσις
422 3320 521 3393 τῆς
567 3319 743 3393 ζωῆς·
787 3318 926 3375 ἀλλὰ
966 3317 1067 3391 τὴν
1116 3319 1209 3372 ἐπὶ
1253 3317 1567 3390 καθαιρέσει
1613 3318 1707 3373 τοῦ

1813 3323 1888 3393 (b)
1914 3324 1991 3394 (et
2008 3324 2310 3394 iuventutis
2330 3340 2468 3386 aestu
2493 3338 2698 3390 temere
2724 3333 2834 3390 huc
2853 3334 3091 3408 illucque
3120 3338 3378 3409 agitatur,

133 3414 497 3484 φρονήματος
551 3415 651 3485 τῆς
706 3411 907 3484 σαρκὸς
954 3410 1092 3483 πρὸς
1136 3409 1384 3501 τὴνᾲτῆς
1434 3409 1712 3475 εὐσεϐείας

1812 3414 1940 3485 tingi
1971 3417 2190 3475 stultius
2228 3422 2463 3494 potest?)
2494 3422 2920 3496 [Continentiam
2978 3439 3158 3486 autem
3200 3431 3384 3501 appel-

131 3504 351 3557 σκοπδν
370 3503 827 3575 ὲπιτηδευομένην
851 3501 1063 3574 ἅποχὴν
1089 3501 1198 3555 τῶν
1214 3499 1404 3572 ἡδέων,
1430 3501 1525 3554 καὶ
1550 3502 1714 3593 απαξ-

1814 3505 2012 3572 lamus,
2071 3523 2183 3593 non
2240 3512 2286 3569 si
2339 3515 2463 3584 quis
2500 3516 2634 3588 se]a
2684 3517 2810 3575 cibo
2834 3521 3052 3590 penitus
3086 3499 3379 3590 abstineat,

130 3597 339 3659 απλῶς
360 3589 437 3651 ὧν
471 3596 529 3650 al
579 3596 906 3658 ἀπολαύσεις
933 3593 1268 3665 ἐπιθυμηταὶ
1301 3595 1412 3657 τοῖς
1440 3592 1577 3647 κατὰ
1609 3594 1712 3647 πά-

1814 3599 2036 3668 quando
2065 3589 2168 3659 hoc
2197 3604 2433 3661 violenta
2472 3609 2718 3679 quedam
2768 3612 2891 3667 vitae
2934 3613 3222 3669 dissolutio
3246 3621 3330 3669 est

129 3688 234 3752 θος
262 3688 424 3753 ζῶσι,
454 3686 658 3742 τούτων
684 3688 717 3758 ὴ
745 3686 1041 3759 ἐγκράτεια
1086 3684 1355 3753 ἀναγκαία
1382 3686 1492 3749 τοῖς
1527 3684 1713 3755 ῥυθμι·

1817 3688 1913 3742 sed
1928 3702 2047 3745 eam
2076 3706 2241 3763 quam
2269 3695 2521 3754 tollenda:
2549 3700 2797 3771 corporis
2813 3704 3174 3760 contumacia:
3194 3719 3382 3771 causa,

130 3777 401 3848 ζομένοις
431 3778 567 3850 πρὸς
605 3778 702 3849 τὴν
728 3777 1029 3832 εὐσέϐειαν.
1082 3866 1088 3867 7
1536 3864 1546 3867 _
1582 3866 1595 3867 γ
1649 3866 1657 3867 7

1815 3778 2032 3849 pietatis
2054 3798 2202 3855 ergo,
2237 3785 2305 3841 de
2325 3788 2591 3847 industria
2618 3795 2900 3864 sequimur
2925 3812 3107 3852 rerum
3145 3797 3386 3867 volupta-

127 3880 250 3923 tem
277 3868 612 3924 titillantium
635 3867 1039 3923 abstinentiam.
1064 3866 1258 3938 Atque,
1282 3874 1343 3921 ut
1386 3864 1553 3922 semel
1572 3866 1774 3932 finiam,
1805 3885 2037 3940 quarum
2069 3890 2252 3931 rerum
2285 3880 2588 3951 voluptates
2609 3884 2677 3940 ab
2701 3885 2788 3951 iis,
2821 3886 2915 3957 qui
2946 3901 3011 3942 ex
3046 3864 3385 3941 libidine-vi-

128 3971 253 4015 tam
287 3962 511 4031 degunt,
537 3963 714 4031 expeti
767 3961 940 4017 solita:
971 3971 1119 4025 sunt,
1152 3960 1219 4015 ab
1242 3960 1309 4017 iis
1341 3959 1500 4015 nobis
1531 3959 1623 4029 qui
1676 3961 1745 4014 ad
1792 3977 1974 4022 veram
2020 3970 2240 4040 pietatis
2290 3974 2567 4035 culturam
2625 3981 3031 4048 contendimus,
3062 3991 3151 4039 est
3179 3989 3388 4049 tempe‘

122 4052 401 4107 randum.

744 4167 1013 4236 Σχόλιον
1052 4173 1127 4238 η’.
1749 4172 1798 4229 D

1749 4172 1798 4229 D
2452 4174 2702 4233 Scholion
2738 4179 2792 4235 8.

201 4260 278 4313 Οἱ
311 4258 415 4329 μὲν
442 4256 553 4312 τῶν
578 4256 877 4327 ἀνθρώπιον
920 4258 1005 4311 διὰ
1032 4257 1195 4328 φόϐον
1231 4256 1572 4329 ἀνθρώπινον
1603 4257 1713 4311 τῶν

1885 4260 1992 4316 Alii
2024 4261 2306 4319 hominum
2356 4268 2501 4335 quod
2526 4278 2773 4326 metuant
2816 4272 3065 4331 homines
3115 4278 3387 4339 abstinent

121 4350 337 4405 παθῶν
363 4348 656 4419 ἀπέχονται
676 4363 692 4380 ⁸
727 4351 778 4401 οἱ
805 4348 862 4402 δὲ
885 4349 974 4404 διὰ
1001 4348 1305 4414 κενοδοξίας
1327 4367 1343 4382 ⁸
1376 4349 1524 4403 ἄλλοι
1554 4349 1611 4402 δὲ
1646 4350 1715 4402 δι’

1814 4366 1847 4405 a
1900 4354 2081 4421 pravis
2135 4356 2555 4424 cupiditatibus;
2613 4358 2706 4416 alii
2736 4377 2803 4417 ex
2854 4378 2992 4419 vana
3031 4366 3226 4437 gloria,
3293 4374 3385 4429 alii

119 4442 482 4515 ἐγκράτειαν
503 4456 518 4469 ·
561 4438 738 4511 ἕτεροι
767 4440 823 4493 δὲ
847 4439 934 4494 διὰ
962 4439 1121 4493 θείων
1147 4441 1429 4512 χριμάτων
1454 4440 1564 4495 τῶν
1604 4455 1714 4492 πα-

1815 4452 2036 4513 propter
2064 4446 2481 4515 continentiam,
2511 4452 2606 4507 alii
2630 4454 2701 4508 ab
2730 4453 2924 4511 iisdem
2980 4458 3052 4514 ob
3075 4459 3383 4519 divinorum

122 4536 250 4591 θῶν
284 4532 721 4603 ἐλευθεροῦνται.

1808 4530 2139 4600 iudiciorum
2172 4546 2375 4595 metum
2402 4540 2717 4599 liberantur.

747 4623 1006 4692 Σκόλιον
1045 4623 1111 4678 θ’.

1100 4663 1111 4678 .
2425 4632 2675 4687 Scholion
2712 4635 2765 4690 9.

199 4716 429 4783 Ἦγουν
458 4712 552 4766 τοῦ
582 4713 834 4783 ῥηθέντος
854 4714 1248 4787 ύποδείγματος
1287 4714 1368 4785 (τὸ
1396 4713 1506 4786 γὰρ
1536 4714 1595 4768 ἒν
1619 4715 1714 4768 τοῦ

1883 4711 2009 4771 Sive
2047 4730 2113 4770 ex
2160 4718 2303 4774 dicto
2350 4719 2462 4790 jam
2513 4724 2782 4794 exemplo,
2839 4726 3072 4784 alterum
3110 4731 3255 4786 enim
3301 4742 3386 4789 est

114 4808 338 4879 ἑτέρου
388 4803 707 4859 καθίσταται
736 4805 1038 4877 πρόξενον),
1068 4806 1162 4861 καὶ
1190 4808 1256 4861 ὲκ
1290 4807 1390 4878 μὲν
1426 4806 1650 4877 ἀγώνων
1681 4809 1714 4879 ἡ

1812 4820 1977 4862 causa
2010 4808 2256 4876 alterius;
2308 4827 2436 4868 nam
2481 4830 2547 4870 ex
2579 4817 2740 4874 luctis
2776 4828 2829 4874 et
2857 4824 3247 4880 certaminibus
3281 4826 3386 4881 bu-

111 4898 497 4963 ταπείνωσις,
523 4896 587 4949 ἑκ
624 4895 683 4949 δὲ
726 4897 933 4969 ταύτης
969 4900 1005 4969 η
1038 4897 1156 4953 θεία
1197 4898 1459 4971 ελλαμψις
1505 4899 1584 4971 τῷ
1619 4900 1715 4954 ἀν-

1812 4897 2015 4954 miiitas
2068 4899 2262 4968 oritur,
2316 4919 2381 4957 ex
2425 4904 2528 4961 hac
2556 4908 2794 4966 caelestis
2824 4911 3115 4969 illustratio
3173 4917 3382 4972 accedit

110 4990 357 5061 θρὼτοῳ
384 4985 758 5056 προσγίνεται,
781 4988 903 5058 ἥτις
939 4992 1301 5061 περιποιεῖται
1322 4989 1471 5061 αὐτῷ
1493 4988 1591 5062 τὴν
1616 4988 1715 5060 τῆς

1712 5008 1715 5017 ν
1816 4986 2021 5061 [divina
2066 4989 2427 5051 illustratione
2470 5012 2624 5054 mens
2653 4999 3041 5077 perfunditur],
3081 5018 3203 5077 qua:
3226 5007 3377 5063 illum

111 5079 374 5149 ἁγνείας
401 5075 697 5147 ἀκρότητα.

1815 5077 1880 5133 ad
1906 5095 2179 5137 summum
2204 5085 2469 5141 castitatis
2494 5086 2767 5159 fastigium
2789 5075 3051 5162 perducit.

744 5171 1008 5240 Σχόλιον
1055 5177 1110 5230 ι’.

2409 5176 2663 5234 Scholion
2699 5180 2786 5236 10.

187 5264 329 5325 Τὰς
356 5261 459 5332 τῆς
500 5261 700 5333 σαρκὸς
719 5262 948 5335 ὀρέξεις,
972 5263 1068 5318 καὶ
1104 5263 1202 5335 τὴν
1234 5264 1591 5335 ἐγκατάθεσιν
1611 5266 1712 5322 αὒ-

1711 5297 1712 5306 η
1885 5259 2077 5319 Carnis
2104 5266 2458 5336 appetitioues
2476 5277 2528 5325 et
2551 5270 2721 5341 ipsam
2745 5273 2991 5331 intimam
3016 5276 3376 5351 aﬂ'ectionem,

98 5358 242 5429 τὴν»
274 5354 411 5425 ἥτις
444 5353 587 5425 ἀρχὴ
614 5353 712 5425 τῆς
740 5353 987 5425 πράξεώς
1011 5356 1180 5410 ἐστιν.

1815 5368 1939 5426 quae
1963 5355 2197 5413 actionis
2221 5357 2398 5429 prima
2427 5375 2596 5419 causa
2622 5364 2857 5432 exsistit,
2889 5366 3166 5441 intelligit.

210 5533 237 5568 ⁸
270 5530 456 5588 Prov.
488 5544 601 5595 ιιι,
629 5530 719 5586 Ιθ.

178 5689 273 5762 (α)
308 5686 439 5742 Lib.
483 5686 646 5811 regal.
707 5687 877 5758 fusius
934 5688 1098 5759 Δίῳ,
1151 5691 1566 5767 interrogatione
1625 5709 1710 5761 xv,
1895 5690 1970 5763 (b)
2002 5691 2227 5777 luci-usa.
2244 5694 2555 5765 parenthesi
2622 5707 2750 5753 sunt
2808 5693 3104 5757 in-Grazco
3134 5704 3379 5774 abrasa;

206 5760 339 5811 305
377 5767 433 5811 et
459 5757 528 5810 30
569 5798 581 5811 .
883 5790 897 5800 ο
1822 5776 1929 5811 nan
1962 5763 2123 5811 habui
2160 5765 2305 5811 aliud
2333 5766 2581 5811 ﬁmum
2613 5771 2889 5811 evpmnlnr
2926 5773 2990 5811 ad
3029 5789 3247 5811 mmmm

99 5778 163 5833 p.
190 5757 339 5818 ’5οό
377 5767 433 5812 et
459 5757 581 5811 306.
710 5757 714 5758 “
883 5790 897 5800 ο
1021 5757 1029 5759 ”
1083 5757 1089 5759 ⁷
1356 5757 1385 5767 ⁷
1695 5757 1706 5761 ⁷
1822 5757 2125 5822 ηοέιἸιεώιιὶ
2160 5757 2313 5855 aliud
2333 5766 2581 5823 Gracum
2613 5771 2889 5840 exemplar
2924 5773 2992 5826 ad
3029 5757 3270 5831 manum:

392 5876 672 5937 Prmon.
721 5874 836 5937 Gn.
889 5864 1288 5938 LXXXVIII.
2986 5887 3059 5947 29
