  <div class='ocr_page' id='page_1' title='image "/cluster/home/n/w/nwhite01/storage/ocr_20150623/88/nnc1.0046980237/464.png"; bbox 0 0 4216 6458; ppageno 0'>
   <div class='ocr_carea' id='block_1_1' title="bbox 129 400 227 460">
    <p class='ocr_par' dir='ltr' id='par_1_1' title="bbox 129 400 227 460">
     <span class='ocr_line' id='line_1_1' title="bbox 129 400 227 460; baseline 0 -1"><span class='ocrx_word' id='word_1_1' title='bbox 129 400 227 460; x_wconf 75' lang='lat'><strong>909</strong></span> 
     </span>
    </p>
   </div>
   <div class='ocr_carea' id='block_1_2' title="bbox 1132 403 2339 466">
    <p class='ocr_par' dir='ltr' id='par_1_2' title="bbox 1132 403 2339 466">
     <span class='ocr_line' id='line_1_2' title="bbox 1132 403 2339 466; baseline 0 -4"><span class='ocrx_word' id='word_1_2' title='bbox 1132 403 1359 463; x_wconf 81' lang='lat' dir='ltr'><strong>SCALA</strong></span> <span class='ocrx_word' id='word_1_3' title='bbox 1391 403 1768 465; x_wconf 79' lang='lat' dir='ltr'><strong>PARADISI.</strong></span> <span class='ocrx_word' id='word_1_4' title='bbox 1792 429 1861 441; x_wconf 88' lang='grc'><strong>··-</strong></span> <span class='ocrx_word' id='word_1_5' title='bbox 1884 405 2191 466; x_wconf 78' lang='lat' dir='ltr'><strong>GRADUS</strong></span> <span class='ocrx_word' id='word_1_6' title='bbox 2222 405 2339 464; x_wconf 77' lang='lat' dir='ltr'><strong>XV.</strong></span> 
     </span>
    </p>
   </div>
   <div class='ocr_carea' id='block_1_3' title="bbox 3245 399 3348 461">
    <p class='ocr_par' dir='ltr' id='par_1_3' title="bbox 3245 399 3348 461">
     <span class='ocr_line' id='line_1_3' title="bbox 3245 399 3348 461; baseline -0.01 -1"><span class='ocrx_word' id='word_1_7' title='bbox 3245 399 3348 461; x_wconf 76' lang='lat' dir='ltr'><strong>9H)</strong></span> 
     </span>
    </p>
   </div>
   <div class='ocr_carea' id='block_1_4' title="bbox 126 511 1791 600">
    <p class='ocr_par' dir='ltr' id='par_1_4' title="bbox 126 511 1791 600">
     <span class='ocr_line' id='line_1_4' title="bbox 126 511 1791 600; baseline 0.002 -36"><span class='ocrx_word' id='word_1_8' title='bbox 126 515 230 582; x_wconf 79' lang='grc' dir='ltr'>γάρ</span> <span class='ocrx_word' id='word_1_9' title='bbox 276 529 359 574; x_wconf 85' lang='grc' dir='ltr'><strong>τις</strong></span> <span class='ocrx_word' id='word_1_10' title='bbox 404 511 629 577; x_wconf 73' lang='grc' dir='ltr'>θάνατος</span> <span class='ocrx_word' id='word_1_11' title='bbox 671 515 728 565; x_wconf 82' lang='grc' dir='ltr'>ἐν</span> <span class='ocrx_word' id='word_1_12' title='bbox 760 515 910 582; x_wconf 79' lang='grc' dir='ltr'>ἡμῖν,</span> <span class='ocrx_word' id='word_1_13' title='bbox 945 515 1038 567; x_wconf 77' lang='grc' dir='ltr'><strong>καὶ</strong></span> <span class='ocrx_word' id='word_1_14' title='bbox 1074 514 1194 584; x_wconf 86' lang='grc' dir='ltr'>μεθ’</span> <span class='ocrx_word' id='word_1_15' title='bbox 1226 515 1380 600; x_wconf 67' lang='grc' dir='ltr'>ἡμῶν</span> <span class='ocrx_word' id='word_1_16' title='bbox 1421 517 1508 568; x_wconf 73' lang='grc' dir='ltr'>ἀεὶ</span> <span class='ocrx_word' id='word_1_17' title='bbox 1543 534 1678 586; x_wconf 84' lang='grc' dir='ltr'>ουμ-</span> <span class='ocrx_word' id='word_1_18' title='bbox 1706 525 1791 578; x_wconf 62' lang='lat' dir='ltr'><strong>At</strong></span> 
     </span>
    </p>
   </div>
   <div class='ocr_carea' id='block_1_5' title="bbox 1684 511 3349 600">
    <p class='ocr_par' dir='ltr' id='par_1_5' title="bbox 1706 515 3349 587">
     <span class='ocr_line' id='line_1_5' title="bbox 1706 515 3349 587; baseline -0.001 -18"><span class='ocrx_word' id='word_1_19' title='bbox 1706 525 1752 578; x_wconf 82' lang='grc' dir='ltr'><strong>Α</strong></span> <span class='ocrx_word' id='word_1_20' title='bbox 1780 517 2046 581; x_wconf 83' lang='lat' dir='ltr'><strong>videatur,</strong></span> <span class='ocrx_word' id='word_1_21' title='bbox 2072 533 2174 572; x_wconf 91' lang='lat' dir='ltr'><strong>nec</strong></span> <span class='ocrx_word' id='word_1_22' title='bbox 2203 515 2650 587; x_wconf 72' lang='lat' dir='ltr'><strong>reprehendatur,</strong></span> <span class='ocrx_word' id='word_1_23' title='bbox 2689 518 2782 571; x_wconf 80' lang='lat' dir='ltr'><strong>sed</strong></span> <span class='ocrx_word' id='word_1_24' title='bbox 2836 523 3042 570; x_wconf 86' lang='lat' dir='ltr'><strong>tantum</strong></span> <span class='ocrx_word' id='word_1_25' title='bbox 3068 520 3349 571; x_wconf 82' lang='lat' dir='ltr'><strong>conscien-</strong></span> 
     </span>
    </p>
   </div>
   <div class='ocr_carea' id='block_1_6' title="bbox 133 602 575 674">
    <p class='ocr_par' dir='ltr' id='par_1_6' title="bbox 133 602 575 674">
     <span class='ocr_line' id='line_1_6' title="bbox 133 602 575 674; baseline 0.009 -20"><span class='ocrx_word' id='word_1_26' title='bbox 133 602 575 674; x_wconf 75' lang='grc' dir='ltr'>περιφερόμενος.</span> 
     </span>
    </p>
   </div>
   <div class='ocr_carea' id='block_1_7' title="bbox 721 869 1099 938">
    <p class='ocr_par' dir='ltr' id='par_1_7' title="bbox 721 869 1099 938">
     <span class='ocr_line' id='line_1_7' title="bbox 721 869 1099 938; baseline 0.003 -16"><span class='ocrx_word' id='word_1_27' title='bbox 721 869 976 938; x_wconf 75' lang='grc' dir='ltr'>Σχόλιον</span> <span class='ocrx_word' id='word_1_28' title='bbox 1011 876 1099 938; x_wconf 81' lang='grc' dir='ltr'>ιη’.</span> 
     </span>
    </p>
   </div>
   <div class='ocr_carea' id='block_1_8' title="bbox 211 953 1688 1030">
    <p class='ocr_par' dir='ltr' id='par_1_8' title="bbox 211 953 1688 1030">
     <span class='ocr_line' id='line_1_8' title="bbox 211 953 1688 1030; baseline 0.002 -25"><span class='ocrx_word' id='word_1_29' title='bbox 211 953 348 1024; x_wconf 85' lang='grc' dir='ltr'><strong>Ἐμὴ</strong></span> <span class='ocrx_word' id='word_1_30' title='bbox 396 953 494 1022; x_wconf 84' lang='grc' dir='ltr'>μὲν</span> <span class='ocrx_word' id='word_1_31' title='bbox 525 953 601 1018; x_wconf 86' lang='grc' dir='ltr'>ὡς</span> <span class='ocrx_word' id='word_1_32' title='bbox 631 955 903 1025; x_wconf 78' lang='grc' dir='ltr'><strong>σύμφυσις</strong></span> <span class='ocrx_word' id='word_1_33' title='bbox 930 958 995 1026; x_wconf 79' lang='grc' dir='ltr'>τῇ</span> <span class='ocrx_word' id='word_1_34' title='bbox 1024 958 1190 1026; x_wconf 76' lang='grc' dir='ltr'>ψυχῇ,</span> <span class='ocrx_word' id='word_1_35' title='bbox 1229 956 1325 1009; x_wconf 77' lang='grc' dir='ltr'><strong>καὶ</strong></span> <span class='ocrx_word' id='word_1_36' title='bbox 1358 959 1688 1030; x_wconf 74' lang='grc' dir='ltr'><strong>στεργομένη</strong></span> 
     </span>
    </p>
   </div>
   <div class='ocr_carea' id='block_1_9' title="bbox 129 1045 1691 1120">
    <p class='ocr_par' dir='ltr' id='par_1_9' title="bbox 129 1045 1691 1120">
     <span class='ocr_line' id='line_1_9' title="bbox 129 1045 1691 1120; baseline 0.004 -25"><span class='ocrx_word' id='word_1_37' title='bbox 129 1046 259 1114; x_wconf 81' lang='grc' dir='ltr'>παρ’</span> <span class='ocrx_word' id='word_1_38' title='bbox 289 1045 488 1114; x_wconf 80' lang='grc' dir='ltr'>αὐτῆς·</span> <span class='ocrx_word' id='word_1_39' title='bbox 518 1046 616 1098; x_wconf 84' lang='grc' dir='ltr'>οὐκ</span> <span class='ocrx_word' id='word_1_40' title='bbox 644 1048 750 1117; x_wconf 77' lang='grc' dir='ltr'>ἐμὴ</span> <span class='ocrx_word' id='word_1_41' title='bbox 781 1048 858 1110; x_wconf 84' lang='grc' dir='ltr'><strong>δὲ,</strong></span> <span class='ocrx_word' id='word_1_42' title='bbox 890 1049 966 1110; x_wconf 84' lang='grc' dir='ltr'>ὡς</span> <span class='ocrx_word' id='word_1_43' title='bbox 997 1047 1393 1120; x_wconf 82' lang='grc' dir='ltr'><strong>στρατευομένη</strong></span> <span class='ocrx_word' id='word_1_44' title='bbox 1422 1050 1574 1120; x_wconf 82' lang='grc' dir='ltr'>παρὰ</span> <span class='ocrx_word' id='word_1_45' title='bbox 1591 1051 1691 1120; x_wconf 83' lang='grc' dir='ltr'>τῆς</span> 
     </span>
    </p>
   </div>
   <div class='ocr_carea' id='block_1_10' title="bbox 125 1133 1692 1208">
    <p class='ocr_par' dir='ltr' id='par_1_10' title="bbox 125 1133 1692 1208">
     <span class='ocr_line' id='line_1_10' title="bbox 125 1133 1692 1208; baseline 0.004 -23"><span class='ocrx_word' id='word_1_46' title='bbox 125 1133 326 1203; x_wconf 67' lang='grc' dir='ltr'>ψυχῆς,</span> <span class='ocrx_word' id='word_1_47' title='bbox 360 1135 451 1188; x_wconf 73' lang='grc' dir='ltr'>καὶ</span> <span class='ocrx_word' id='word_1_48' title='bbox 482 1137 730 1207; x_wconf 80' lang='grc' dir='ltr'><strong>ὁρωμένη</strong></span> <span class='ocrx_word' id='word_1_49' title='bbox 762 1137 965 1207; x_wconf 77' lang='grc' dir='ltr'><strong>ταύτης</strong></span> <span class='ocrx_word' id='word_1_50' title='bbox 997 1139 1252 1208; x_wconf 82' lang='grc' dir='ltr'>πολέμιος</span> <span class='ocrx_word' id='word_1_51' title='bbox 1272 1155 1285 1169; x_wconf 74' lang='grc'><strong>⁸</strong></span> <span class='ocrx_word' id='word_1_52' title='bbox 1325 1139 1353 1192; x_wconf 85' lang='grc' dir='ltr'>ὃ</span> <span class='ocrx_word' id='word_1_53' title='bbox 1390 1141 1484 1194; x_wconf 73' lang='grc' dir='ltr'>καὶ</span> <span class='ocrx_word' id='word_1_54' title='bbox 1523 1140 1692 1192; x_wconf 84' lang='grc' dir='ltr'>δεινό-</span> 
     </span>
    </p>
   </div>
   <div class='ocr_carea' id='block_1_11' title="bbox 129 1224 1693 1298">
    <p class='ocr_par' dir='ltr' id='par_1_11' title="bbox 129 1224 1693 1298">
     <span class='ocr_line' id='line_1_11' title="bbox 129 1224 1693 1298; baseline 0.004 -23"><span class='ocrx_word' id='word_1_55' title='bbox 129 1226 291 1278; x_wconf 77' lang='grc' dir='ltr'>τατόν</span> <span class='ocrx_word' id='word_1_56' title='bbox 336 1226 513 1280; x_wconf 79' lang='grc' dir='ltr'>ἐστιν’</span> <span class='ocrx_word' id='word_1_57' title='bbox 571 1229 599 1281; x_wconf 92' lang='lat'><strong>6</strong></span> <span class='ocrx_word' id='word_1_58' title='bbox 638 1229 738 1298; x_wconf 85' lang='grc' dir='ltr'>μὲν</span> <span class='ocrx_word' id='word_1_59' title='bbox 765 1224 856 1280; x_wconf 81' lang='grc' dir='ltr'><strong>οὖν</strong></span> <span class='ocrx_word' id='word_1_60' title='bbox 895 1229 1228 1294; x_wconf 85' lang='grc' dir='ltr'>Ἀπόστολος,</span> <span class='ocrx_word' id='word_1_61' title='bbox 1273 1230 1360 1284; x_wconf 82' lang='grc' dir='ltr'>διὰ</span> <span class='ocrx_word' id='word_1_62' title='bbox 1398 1230 1466 1282; x_wconf 83' lang='grc' dir='ltr'><strong>τὰ</strong></span> <span class='ocrx_word' id='word_1_63' title='bbox 1505 1231 1570 1282; x_wconf 84' lang='grc' dir='ltr'>ἐκ</span> <span class='ocrx_word' id='word_1_64' title='bbox 1595 1230 1693 1298; x_wconf 81' lang='grc' dir='ltr'><strong>τῆς</strong></span> 
     </span>
    </p>
   </div>
   <div class='ocr_carea' id='block_1_12' title="bbox 126 1317 1696 1392">
    <p class='ocr_par' dir='ltr' id='par_1_12' title="bbox 126 1317 1696 1392">
     <span class='ocr_line' id='line_1_12' title="bbox 126 1317 1696 1392; baseline 0.003 -23"><span class='ocrx_word' id='word_1_65' title='bbox 126 1317 366 1388; x_wconf 82' lang='grc' dir='ltr'>γαστρὸς</span> <span class='ocrx_word' id='word_1_66' title='bbox 416 1319 797 1388; x_wconf 86' lang='grc' dir='ltr'>συμϐαίνονται</span> <span class='ocrx_word' id='word_1_67' title='bbox 843 1320 1028 1373; x_wconf 85' lang='grc' dir='ltr'>σκῶλα</span> <span class='ocrx_word' id='word_1_68' title='bbox 1057 1324 1122 1392; x_wconf 80' lang='grc' dir='ltr'>τῇ</span> <span class='ocrx_word' id='word_1_69' title='bbox 1160 1322 1328 1392; x_wconf 75' lang='grc' dir='ltr'>ψυχῇ,</span> <span class='ocrx_word' id='word_1_70' title='bbox 1363 1321 1589 1375; x_wconf 82' lang='grc' dir='ltr'>θάνατον</span> <span class='ocrx_word' id='word_1_71' title='bbox 1634 1321 1696 1374; x_wconf 83' lang='grc' dir='ltr'>τὸ</span> 
     </span>
    </p>
   </div>
   <div class='ocr_carea' id='block_1_13' title="bbox 128 1409 1693 1483">
    <p class='ocr_par' dir='ltr' id='par_1_13' title="bbox 128 1409 1693 1483">
     <span class='ocr_line' id='line_1_13' title="bbox 128 1409 1693 1483; baseline 0.01 -23"><span class='ocrx_word' id='word_1_72' title='bbox 128 1409 290 1478; x_wconf 85' lang='grc' dir='ltr'>σῶμα</span> <span class='ocrx_word' id='word_1_73' title='bbox 346 1411 797 1482; x_wconf 77' lang='grc' dir='ltr'><strong>προσηγόρευσεν.</strong></span> <span class='ocrx_word' id='word_1_74' title='bbox 861 1412 921 1464; x_wconf 89' lang='lat'><strong>&#39;0</strong></span> <span class='ocrx_word' id='word_1_75' title='bbox 968 1412 1024 1463; x_wconf 81' lang='grc' dir='ltr'><strong>δὲ</strong></span> <span class='ocrx_word' id='word_1_76' title='bbox 1081 1411 1328 1476; x_wconf 84' lang='grc' dir='ltr'>θεολόγος</span> <span class='ocrx_word' id='word_1_77' title='bbox 1375 1412 1693 1483; x_wconf 82' lang='grc' dir='ltr'>Γρηγόριος.</span> 
     </span>
    </p>
   </div>
   <div class='ocr_carea' id='block_1_14' title="bbox 129 1501 1692 1575">
    <p class='ocr_par' dir='ltr' id='par_1_14' title="bbox 129 1501 1692 1575">
     <span class='ocr_line' id='line_1_14' title="bbox 129 1501 1692 1575; baseline 0.004 -25"><span class='ocrx_word' id='word_1_78' title='bbox 129 1501 356 1570; x_wconf 70' lang='grc' dir='ltr'>ἐμπαθῆ</span> <span class='ocrx_word' id='word_1_79' title='bbox 405 1505 496 1554; x_wconf 62' lang='grc' dir='ltr'><strong>καὶ⁵</strong></span> <span class='ocrx_word' id='word_1_80' title='bbox 539 1503 854 1574; x_wconf 84' lang='grc' dir='ltr'>νυκτερινὴν</span> <span class='ocrx_word' id='word_1_81' title='bbox 900 1503 999 1575; x_wconf 85' lang='grc' dir='ltr'><strong>τὴν</strong></span> <span class='ocrx_word' id='word_1_82' title='bbox 1060 1503 1374 1575; x_wconf 86' lang='grc' dir='ltr'>σωματικὴν</span> <span class='ocrx_word' id='word_1_83' title='bbox 1441 1505 1692 1575; x_wconf 75' lang='grc' dir='ltr'><strong>γέννησιν</strong></span> 
     </span>
    </p>
   </div>
   <div class='ocr_carea' id='block_1_15' title="bbox 127 1590 1694 1667">
    <p class='ocr_par' dir='ltr' id='par_1_15' title="bbox 127 1590 1694 1667">
     <span class='ocr_line' id='line_1_15' title="bbox 127 1590 1694 1667; baseline 0.004 -25"><span class='ocrx_word' id='word_1_84' title='bbox 127 1590 448 1662; x_wconf 81' lang='grc' dir='ltr'>ὠνόμασενο</span> <span class='ocrx_word' id='word_1_85' title='bbox 481 1593 556 1656; x_wconf 82' lang='grc' dir='ltr'>ὡς</span> <span class='ocrx_word' id='word_1_86' title='bbox 600 1594 794 1665; x_wconf 80' lang='grc' dir='ltr'><strong>ἡδονῆς</strong></span> <span class='ocrx_word' id='word_1_87' title='bbox 842 1597 938 1650; x_wconf 76' lang='grc' dir='ltr'><strong>καὶ</strong></span> <span class='ocrx_word' id='word_1_88' title='bbox 971 1595 1280 1665; x_wconf 81' lang='grc' dir='ltr'><strong>ἐλευθέρας,</strong></span> <span class='ocrx_word' id='word_1_89' title='bbox 1308 1595 1402 1650; x_wconf 72' lang='grc' dir='ltr'><strong>καὶ</strong></span> <span class='ocrx_word' id='word_1_90' title='bbox 1430 1597 1694 1667; x_wconf 77' lang='grc' dir='ltr'><strong>ἡμερινῆς</strong></span> 
     </span>
    </p>
   </div>
   <div class='ocr_carea' id='block_1_16' title="bbox 127 1681 776 1750">
    <p class='ocr_par' dir='ltr' id='par_1_16' title="bbox 127 1681 776 1750">
     <span class='ocr_line' id='line_1_16' title="bbox 127 1681 776 1750; baseline 0.012 -20"><span class='ocrx_word' id='word_1_91' title='bbox 127 1681 334 1750; x_wconf 68' lang='grc' dir='ltr'>ἥττονα</span> <span class='ocrx_word' id='word_1_92' title='bbox 365 1682 458 1735; x_wconf 77' lang='grc' dir='ltr'>καὶ</span> <span class='ocrx_word' id='word_1_93' title='bbox 488 1682 776 1739; x_wconf 82' lang='grc' dir='ltr'>ἀντίθετον.</span> 
     </span>
    </p>
   </div>
   <div class='ocr_carea' id='block_1_17' title="bbox 517 1891 1312 1964">
    <p class='ocr_par' dir='ltr' id='par_1_17' title="bbox 517 1891 1312 1964">
     <span class='ocr_line' id='line_1_17' title="bbox 517 1891 1312 1964; baseline 0.006 -21"><span class='ocrx_word' id='word_1_94' title='bbox 517 1891 694 1945; x_wconf 77' lang='grc' dir='ltr'><strong>Ἄλλο</strong></span> <span class='ocrx_word' id='word_1_95' title='bbox 724 1893 831 1945; x_wconf 82' lang='grc' dir='ltr'><strong>τοῦ</strong></span> <span class='ocrx_word' id='word_1_96' title='bbox 869 1894 1312 1964; x_wconf 69' lang='grc' dir='ltr'>Χρυσοστόμου.</span> 
     </span>
    </p>
   </div>
   <div class='ocr_carea' id='block_1_18' title="bbox 198 1977 1696 2054">
    <p class='ocr_par' dir='ltr' id='par_1_18' title="bbox 198 1977 1696 2054">
     <span class='ocr_line' id='line_1_18' title="bbox 198 1977 1696 2054; baseline 0.005 -25"><span class='ocrx_word' id='word_1_97' title='bbox 198 1978 297 2046; x_wconf 74' lang='grc' dir='ltr'>Μὴ</span> <span class='ocrx_word' id='word_1_98' title='bbox 345 1977 532 2048; x_wconf 74' lang='grc' dir='ltr'>νόμιζε</span> <span class='ocrx_word' id='word_1_99' title='bbox 581 1982 680 2050; x_wconf 81' lang='grc' dir='ltr'><strong>τῆς</strong></span> <span class='ocrx_word' id='word_1_100' title='bbox 726 1983 926 2052; x_wconf 83' lang='grc' dir='ltr'>σαρκὸς</span> <span class='ocrx_word' id='word_1_101' title='bbox 970 1983 1138 2053; x_wconf 82' lang='grc' dir='ltr'>αύτῆς</span> <span class='ocrx_word' id='word_1_102' title='bbox 1185 1986 1534 2054; x_wconf 73' lang='grc' dir='ltr'>κατηγορετνο</span> <span class='ocrx_word' id='word_1_103' title='bbox 1577 1983 1696 2037; x_wconf 82' lang='grc' dir='ltr'>οὐδὲ</span> 
     </span>
    </p>
   </div>
   <div class='ocr_carea' id='block_1_19' title="bbox 125 2064 1692 2142">
    <p class='ocr_par' dir='ltr' id='par_1_19' title="bbox 125 2064 1692 2142">
     <span class='ocr_line' id='line_1_19' title="bbox 125 2064 1692 2142; baseline 0.005 -24"><span class='ocrx_word' id='word_1_104' title='bbox 125 2067 239 2136; x_wconf 68' lang='grc' dir='ltr'><strong>γὰρ</strong></span> <span class='ocrx_word' id='word_1_105' title='bbox 289 2064 430 2132; x_wconf 78' lang='grc' dir='ltr'>εἷπε,</span> <span class='ocrx_word' id='word_1_106' title='bbox 463 2068 631 2138; x_wconf 81' lang='grc' dir='ltr'>σῶμα</span> <span class='ocrx_word' id='word_1_107' title='bbox 669 2071 987 2140; x_wconf 83' lang='grc' dir='ltr'>ἁμαρτίας·</span> <span class='ocrx_word' id='word_1_108' title='bbox 1026 2073 1162 2126; x_wconf 83' lang='grc' dir='ltr'>ἀλλὰ</span> <span class='ocrx_word' id='word_1_109' title='bbox 1197 2072 1368 2142; x_wconf 74' lang='grc' dir='ltr'>σῶμα</span> <span class='ocrx_word' id='word_1_110' title='bbox 1414 2073 1692 2138; x_wconf 80' lang='grc' dir='ltr'>θανάτου,</span> 
     </span>
    </p>
   </div>
   <div class='ocr_carea' id='block_1_20' title="bbox 128 2161 1694 2238">
    <p class='ocr_par' dir='ltr' id='par_1_20' title="bbox 128 2161 1694 2238">
     <span class='ocr_line' id='line_1_20' title="bbox 128 2161 1694 2238; baseline 0.005 -26"><span class='ocrx_word' id='word_1_111' title='bbox 128 2161 345 2227; x_wconf 86' lang='grc' dir='ltr'>Ἠγουν</span> <span class='ocrx_word' id='word_1_112' title='bbox 376 2163 432 2214; x_wconf 82' lang='grc' dir='ltr'>τὸ</span> <span class='ocrx_word' id='word_1_113' title='bbox 454 2163 711 2233; x_wconf 81' lang='grc' dir='ltr'><strong>χειρωθὲν</strong></span> <span class='ocrx_word' id='word_1_114' title='bbox 739 2165 843 2217; x_wconf 84' lang='grc' dir='ltr'>ὑπὸ</span> <span class='ocrx_word' id='word_1_115' title='bbox 872 2166 962 2218; x_wconf 82' lang='grc' dir='ltr'>τοῦ</span> <span class='ocrx_word' id='word_1_116' title='bbox 982 2166 1234 2229; x_wconf 82' lang='grc' dir='ltr'>θανάτου,</span> <span class='ocrx_word' id='word_1_117' title='bbox 1255 2168 1315 2220; x_wconf 88' lang='grc' dir='ltr'><strong>ού</strong></span> <span class='ocrx_word' id='word_1_118' title='bbox 1344 2167 1404 2220; x_wconf 84' lang='grc' dir='ltr'><strong>τὸ</strong></span> <span class='ocrx_word' id='word_1_119' title='bbox 1431 2167 1694 2238; x_wconf 82' lang='grc' dir='ltr'><strong>γεννῆσαν</strong></span> 
     </span>
    </p>
   </div>
   <div class='ocr_carea' id='block_1_21' title="bbox 125 2249 1697 2326">
    <p class='ocr_par' dir='ltr' id='par_1_21' title="bbox 125 2249 1697 2326">
     <span class='ocr_line' id='line_1_21' title="bbox 125 2249 1697 2326; baseline 0.007 -26"><span class='ocrx_word' id='word_1_120' title='bbox 125 2249 386 2302; x_wconf 76' lang='grc' dir='ltr'>θάνατον’</span> <span class='ocrx_word' id='word_1_121' title='bbox 419 2251 554 2320; x_wconf 82' lang='grc' dir='ltr'>ὅπερ</span> <span class='ocrx_word' id='word_1_122' title='bbox 601 2253 719 2304; x_wconf 79' lang='grc' dir='ltr'>οὐδὲ</span> <span class='ocrx_word' id='word_1_123' title='bbox 750 2254 846 2323; x_wconf 86' lang='grc' dir='ltr'>τῆς</span> <span class='ocrx_word' id='word_1_124' title='bbox 877 2257 1139 2326; x_wconf 82' lang='grc' dir='ltr'>πονηρίας</span> <span class='ocrx_word' id='word_1_125' title='bbox 1170 2260 1269 2325; x_wconf 81' lang='grc' dir='ltr'><strong>τῆς</strong></span> <span class='ocrx_word' id='word_1_126' title='bbox 1311 2259 1531 2326; x_wconf 81' lang='grc' dir='ltr'>σαρκὸς,</span> <span class='ocrx_word' id='word_1_127' title='bbox 1563 2257 1697 2311; x_wconf 77' lang='grc' dir='ltr'>ἀλλὰ</span> 
     </span>
    </p>
   </div>
   <div class='ocr_carea' id='block_1_22' title="bbox 121 2341 1698 2419">
    <p class='ocr_par' dir='ltr' id='par_1_22' title="bbox 121 2341 1698 2419">
     <span class='ocr_line' id='line_1_22' title="bbox 121 2341 1698 2419; baseline 0.005 -26"><span class='ocrx_word' id='word_1_128' title='bbox 121 2345 226 2408; x_wconf 83' lang='grc' dir='ltr'>τῆς</span> <span class='ocrx_word' id='word_1_129' title='bbox 291 2341 551 2412; x_wconf 75' lang='grc' dir='ltr'>ἐπηρείας</span> <span class='ocrx_word' id='word_1_130' title='bbox 606 2346 704 2414; x_wconf 81' lang='grc' dir='ltr'>τῆς</span> <span class='ocrx_word' id='word_1_131' title='bbox 753 2347 989 2416; x_wconf 83' lang='grc' dir='ltr'>σαρκὸς,</span> <span class='ocrx_word' id='word_1_132' title='bbox 1043 2343 1110 2419; x_wconf 80' lang='grc' dir='ltr'>ἧς</span> <span class='ocrx_word' id='word_1_133' title='bbox 1156 2347 1454 2418; x_wconf 84' lang='grc' dir='ltr'>ὑπέμεινε,</span> <span class='ocrx_word' id='word_1_134' title='bbox 1501 2349 1698 2417; x_wconf 81' lang='grc' dir='ltr'>δεῖγμά</span> 
     </span>
    </p>
   </div>
   <div class='ocr_carea' id='block_1_23' title="bbox 123 2431 1697 2510">
    <p class='ocr_par' dir='ltr' id='par_1_23' title="bbox 123 2431 1697 2510">
     <span class='ocr_line' id='line_1_23' title="bbox 123 2431 1697 2510; baseline 0.005 -27"><span class='ocrx_word' id='word_1_135' title='bbox 123 2433 302 2484; x_wconf 81' lang='grc' dir='ltr'>ἐστιν.</span> <span class='ocrx_word' id='word_1_136' title='bbox 335 2431 544 2502; x_wconf 83' lang='grc' dir='ltr'>Ὥσπερ</span> <span class='ocrx_word' id='word_1_137' title='bbox 571 2431 637 2486; x_wconf 79' lang='grc' dir='ltr'><strong>ἂν</strong></span> <span class='ocrx_word' id='word_1_138' title='bbox 663 2434 714 2486; x_wconf 83' lang='grc' dir='ltr'><strong>εί</strong></span> <span class='ocrx_word' id='word_1_139' title='bbox 737 2451 820 2497; x_wconf 89' lang='grc' dir='ltr'><strong>τις</strong></span> <span class='ocrx_word' id='word_1_140' title='bbox 861 2436 1314 2506; x_wconf 73' lang='grc' dir='ltr'><strong>αἰχμαλωτισθεὶς</strong></span> <span class='ocrx_word' id='word_1_141' title='bbox 1353 2439 1456 2490; x_wconf 80' lang='grc' dir='ltr'>ὑπὸ</span> <span class='ocrx_word' id='word_1_142' title='bbox 1494 2439 1697 2510; x_wconf 60' lang='lat'><strong>$1965:-</strong></span> 
     </span>
    </p>
   </div>
   <div class='ocr_carea' id='block_1_24' title="bbox 123 2524 1698 2601">
    <p class='ocr_par' dir='ltr' id='par_1_24' title="bbox 123 2524 1698 2601">
     <span class='ocr_line' id='line_1_24' title="bbox 123 2524 1698 2601; baseline 0.006 -26"><span class='ocrx_word' id='word_1_143' title='bbox 123 2540 264 2595; x_wconf 88' lang='grc' dir='ltr'>ρων,</span> <span class='ocrx_word' id='word_1_144' title='bbox 309 2524 411 2577; x_wconf 84' lang='grc' dir='ltr'><strong>οὑκ</strong></span> <span class='ocrx_word' id='word_1_145' title='bbox 437 2526 621 2598; x_wconf 76' lang='grc' dir='ltr'>ἐπειδὴ</span> <span class='ocrx_word' id='word_1_146' title='bbox 671 2527 945 2597; x_wconf 81' lang='grc' dir='ltr'>βάρϐαρός</span> <span class='ocrx_word' id='word_1_147' title='bbox 977 2529 1146 2591; x_wconf 79' lang='grc' dir='ltr'>ἐστὶν,</span> <span class='ocrx_word' id='word_1_148' title='bbox 1193 2530 1329 2584; x_wconf 83' lang='grc' dir='ltr'>ἀλλὰ</span> <span class='ocrx_word' id='word_1_149' title='bbox 1373 2532 1558 2601; x_wconf 78' lang='grc' dir='ltr'>ἐπειδὴ</span> <span class='ocrx_word' id='word_1_150' title='bbox 1607 2532 1698 2584; x_wconf 83' lang='grc' dir='ltr'><strong>ὑπ’</strong></span> 
     </span>
    </p>
   </div>
   <div class='ocr_carea' id='block_1_25' title="bbox 121 2614 1700 2690">
    <p class='ocr_par' dir='ltr' id='par_1_25' title="bbox 121 2614 1700 2690">
     <span class='ocr_line' id='line_1_25' title="bbox 121 2614 1700 2690; baseline 0.005 -24"><span class='ocrx_word' id='word_1_151' title='bbox 121 2614 361 2667; x_wconf 71' lang='grc' dir='ltr'>ἐκείνων</span> <span class='ocrx_word' id='word_1_152' title='bbox 390 2616 676 2686; x_wconf 83' lang='grc' dir='ltr'>κατέχεται</span> <span class='ocrx_word' id='word_1_153' title='bbox 695 2631 710 2645; x_wconf 88' lang='grc'>·</span> <span class='ocrx_word' id='word_1_154' title='bbox 741 2617 881 2670; x_wconf 80' lang='grc' dir='ltr'>οὕτω</span> <span class='ocrx_word' id='word_1_155' title='bbox 926 2617 1021 2670; x_wconf 63' lang='grc' dir='ltr'><strong>καὶ¹</strong></span> <span class='ocrx_word' id='word_1_156' title='bbox 1068 2618 1126 2671; x_wconf 83' lang='grc' dir='ltr'>τὺ</span> <span class='ocrx_word' id='word_1_157' title='bbox 1169 2621 1329 2690; x_wconf 84' lang='grc' dir='ltr'>σῶμα</span> <span class='ocrx_word' id='word_1_158' title='bbox 1355 2621 1585 2674; x_wconf 76' lang='grc' dir='ltr'>θανάτου</span> <span class='ocrx_word' id='word_1_159' title='bbox 1611 2621 1700 2674; x_wconf 83' lang='grc' dir='ltr'><strong>λέ-</strong></span> 
     </span>
    </p>
   </div>
   <div class='ocr_carea' id='block_1_26' title="bbox 120 2706 1700 2782">
    <p class='ocr_par' dir='ltr' id='par_1_26' title="bbox 120 2706 1700 2782">
     <span class='ocr_line' id='line_1_26' title="bbox 120 2706 1700 2782; baseline 0.004 -25"><span class='ocrx_word' id='word_1_160' title='bbox 120 2721 290 2772; x_wconf 85' lang='grc' dir='ltr'>γεται</span> <span class='ocrx_word' id='word_1_161' title='bbox 343 2706 527 2776; x_wconf 73' lang='grc' dir='ltr'>ἐπειδὴ</span> <span class='ocrx_word' id='word_1_162' title='bbox 577 2707 908 2779; x_wconf 67' lang='grc' dir='ltr'>καπσχὲσθη</span> <span class='ocrx_word' id='word_1_163' title='bbox 960 2711 1088 2781; x_wconf 80' lang='grc' dir='ltr'>παρ’</span> <span class='ocrx_word' id='word_1_164' title='bbox 1135 2710 1324 2770; x_wconf 85' lang='grc' dir='ltr'>αὐτοῦ,</span> <span class='ocrx_word' id='word_1_165' title='bbox 1367 2712 1468 2762; x_wconf 83' lang='grc' dir='ltr'>οὑκ</span> <span class='ocrx_word' id='word_1_166' title='bbox 1516 2711 1700 2782; x_wconf 66' lang='grc' dir='ltr'>ἐπειδὴ</span> 
     </span>
    </p>
   </div>
   <div class='ocr_carea' id='block_1_27' title="bbox 121 2795 1700 2873">
    <p class='ocr_par' dir='ltr' id='par_1_27' title="bbox 121 2795 1700 2873">
     <span class='ocr_line' id='line_1_27' title="bbox 121 2795 1700 2873; baseline 0.005 -25"><span class='ocrx_word' id='word_1_167' title='bbox 121 2795 496 2867; x_wconf 81' lang='grc' dir='ltr'>προεξένησεν</span> <span class='ocrx_word' id='word_1_168' title='bbox 527 2797 709 2852; x_wconf 82' lang='grc' dir='ltr'>αὐτόν.</span> <span class='ocrx_word' id='word_1_169' title='bbox 742 2800 940 2869; x_wconf 83' lang='grc' dir='ltr'>Διόπερ</span> <span class='ocrx_word' id='word_1_170' title='bbox 967 2801 1086 2853; x_wconf 82' lang='grc' dir='ltr'>οὐδὲ</span> <span class='ocrx_word' id='word_1_171' title='bbox 1129 2801 1290 2866; x_wconf 77' lang='grc' dir='ltr'>αὐτὸς</span> <span class='ocrx_word' id='word_1_172' title='bbox 1316 2801 1411 2854; x_wconf 80' lang='grc' dir='ltr'><strong>τοῦ</strong></span> <span class='ocrx_word' id='word_1_173' title='bbox 1450 2803 1700 2873; x_wconf 86' lang='grc' dir='ltr'>σώματος</span> 
     </span>
    </p>
   </div>
   <div class='ocr_carea' id='block_1_28' title="bbox 122 2888 1524 2964">
    <p class='ocr_par' dir='ltr' id='par_1_28' title="bbox 122 2888 1524 2964">
     <span class='ocr_line' id='line_1_28' title="bbox 122 2888 1524 2964; baseline 0.006 -23"><span class='ocrx_word' id='word_1_174' title='bbox 122 2888 402 2958; x_wconf 81' lang='grc' dir='ltr'>ρυσθῆναι</span> <span class='ocrx_word' id='word_1_175' title='bbox 432 2889 702 2958; x_wconf 86' lang='grc' dir='ltr'>βούλεται,</span> <span class='ocrx_word' id='word_1_176' title='bbox 741 2891 876 2944; x_wconf 80' lang='grc' dir='ltr'>ἀλλὰ</span> <span class='ocrx_word' id='word_1_177' title='bbox 903 2891 995 2945; x_wconf 83' lang='grc' dir='ltr'><strong>τοῦ</strong></span> <span class='ocrx_word' id='word_1_178' title='bbox 1029 2891 1224 2963; x_wconf 86' lang='grc' dir='ltr'>θνητοῦ</span> <span class='ocrx_word' id='word_1_179' title='bbox 1256 2893 1524 2964; x_wconf 80' lang='grc' dir='ltr'>σώματος.</span> 
     </span>
    </p>
   </div>
   <div class='ocr_carea' id='block_1_29' title="bbox 367 2966 1653 3050">
    <p class='ocr_par' dir='ltr' id='par_1_29' title="bbox 367 2966 1653 3050">
     <span class='ocr_line' id='line_1_29' title="bbox 367 2966 1653 3050; baseline 0.008 -20"><span class='ocrx_word' id='word_1_180' title='bbox 367 3015 396 3030; x_wconf 75' lang='grc'><strong>.-</strong></span> <span class='ocrx_word' id='word_1_181' title='bbox 450 2993 473 3031; x_wconf 70' lang='lat'><strong>3</strong></span> <span class='ocrx_word' id='word_1_182' title='bbox 732 2987 777 3037; x_wconf 92' lang='grc' dir='ltr'><strong><em>Σ</em></strong></span> <span class='ocrx_word' id='word_1_183' title='bbox 779 2986 988 3050; x_wconf 75' lang='grc' dir='ltr'>χόλιον</span> <span class='ocrx_word' id='word_1_184' title='bbox 1026 2982 1110 3036; x_wconf 70' lang='grc' dir='ltr'>ιδ’.</span> <span class='ocrx_word' id='word_1_185' title='bbox 1618 2966 1653 3006; x_wconf 45' lang='grc' dir='ltr'><em>θ</em></span> 
     </span>
    </p>
   </div>
   <div class='ocr_carea' id='block_1_30' title="bbox 211 3071 1702 3146">
    <p class='ocr_par' dir='ltr' id='par_1_30' title="bbox 211 3071 1702 3146">
     <span class='ocr_line' id='line_1_30' title="bbox 211 3071 1702 3146; baseline 0.003 -21"><span class='ocrx_word' id='word_1_186' title='bbox 211 3071 276 3125; x_wconf 81' lang='grc' dir='ltr'><strong>Ὀ</strong></span> <span class='ocrx_word' id='word_1_187' title='bbox 310 3071 487 3126; x_wconf 85' lang='grc' dir='ltr'>θανὼν</span> <span class='ocrx_word' id='word_1_188' title='bbox 527 3074 642 3138; x_wconf 83' lang='grc' dir='ltr'>ταῖς</span> <span class='ocrx_word' id='word_1_189' title='bbox 691 3074 1005 3143; x_wconf 76' lang='grc' dir='ltr'>ἁμαρτίαις,</span> <span class='ocrx_word' id='word_1_190' title='bbox 1040 3075 1136 3130; x_wconf 77' lang='grc' dir='ltr'>καὶ</span> <span class='ocrx_word' id='word_1_191' title='bbox 1171 3074 1260 3129; x_wconf 83' lang='grc' dir='ltr'>διὰ</span> <span class='ocrx_word' id='word_1_192' title='bbox 1286 3077 1382 3146; x_wconf 85' lang='grc' dir='ltr'>τῆς</span> <span class='ocrx_word' id='word_1_193' title='bbox 1415 3075 1702 3144; x_wconf 79' lang='grc' dir='ltr'>μετανοίας</span> 
     </span>
    </p>
   </div>
   <div class='ocr_carea' id='block_1_31' title="bbox 97 3067 136 3083">
    <p class='ocr_par' dir='ltr' id='par_1_31' title="bbox 97 3067 136 3083">
     <span class='ocr_line' id='line_1_31' title="bbox 97 3067 136 3083; baseline 0 0"><span class='ocrx_word' id='word_1_194' title='bbox 97 3067 136 3083; x_wconf 58' lang='grc' dir='ltr'><em>Α</em></span> 
     </span>
    </p>
   </div>
   <div class='ocr_carea' id='block_1_32' title="bbox 1788 605 3351 678">
    <p class='ocr_par' dir='ltr' id='par_1_32' title="bbox 1788 605 3351 678">
     <span class='ocr_line' id='line_1_32' title="bbox 1788 605 3351 678; baseline -0.001 -17"><span class='ocrx_word' id='word_1_195' title='bbox 1788 607 1917 662; x_wconf 90' lang='lat' dir='ltr'><strong>tiam</strong></span> <span class='ocrx_word' id='word_1_196' title='bbox 1940 609 2136 665; x_wconf 88' lang='lat' dir='ltr'><strong>habeat</strong></span> <span class='ocrx_word' id='word_1_197' title='bbox 2159 618 2374 672; x_wconf 83' lang='lat' dir='ltr'><strong>testem,</strong></span> <span class='ocrx_word' id='word_1_198' title='bbox 2400 607 2544 678; x_wconf 85' lang='lat' dir='ltr'><strong>quod</strong></span> <span class='ocrx_word' id='word_1_199' title='bbox 2578 615 2635 661; x_wconf 89' lang='lat' dir='ltr'><strong>et</strong></span> <span class='ocrx_word' id='word_1_200' title='bbox 2658 614 2885 660; x_wconf 90' lang='lat' dir='ltr'><strong>mortem</strong></span> <span class='ocrx_word' id='word_1_201' title='bbox 2917 605 3244 674; x_wconf 86' lang='lat' dir='ltr'><strong>appellavit:</strong></span> <span class='ocrx_word' id='word_1_202' title='bbox 3267 616 3351 660; x_wconf 89' lang='lat' dir='ltr'><strong>est</strong></span> 
     </span>
    </p>
   </div>
   <div class='ocr_carea' id='block_1_33' title="bbox 1787 697 3349 768">
    <p class='ocr_par' dir='ltr' id='par_1_33' title="bbox 1787 697 3349 768">
     <span class='ocr_line' id='line_1_33' title="bbox 1787 697 3349 768; baseline -0.001 -17"><span class='ocrx_word' id='word_1_203' title='bbox 1787 697 1928 752; x_wconf 81' lang='lat' dir='ltr'><strong>enim</strong></span> <span class='ocrx_word' id='word_1_204' title='bbox 1969 700 2215 768; x_wconf 75' lang='lat' dir='ltr'><strong>quaedam</strong></span> <span class='ocrx_word' id='word_1_205' title='bbox 2244 716 2394 755; x_wconf 91' lang='lat' dir='ltr'><strong>mors</strong></span> <span class='ocrx_word' id='word_1_206' title='bbox 2440 701 2494 754; x_wconf 92' lang='lat' dir='ltr'><strong>in</strong></span> <span class='ocrx_word' id='word_1_207' title='bbox 2518 697 2697 760; x_wconf 85' lang='lat' dir='ltr'><strong>nobis,</strong></span> <span class='ocrx_word' id='word_1_208' title='bbox 2727 712 2901 766; x_wconf 87' lang='lat' dir='ltr'><strong>quatn-</strong></span> <span class='ocrx_word' id='word_1_209' title='bbox 2923 711 3137 766; x_wconf 83' lang='lat' dir='ltr'><strong>semper</strong></span> <span class='ocrx_word' id='word_1_210' title='bbox 3167 697 3349 749; x_wconf 63' lang='lat' dir='ltr'><strong>uoltis--</strong></span> 
     </span>
    </p>
   </div>
   <div class='ocr_carea' id='block_1_34' title="bbox 1788 791 2397 847">
    <p class='ocr_par' dir='ltr' id='par_1_34' title="bbox 1788 791 2397 847">
     <span class='ocr_line' id='line_1_34' title="bbox 1788 791 2397 847; baseline 0 -3"><span class='ocrx_word' id='word_1_211' title='bbox 1788 805 1911 844; x_wconf 88' lang='lat' dir='ltr'><strong>cum</strong></span> <span class='ocrx_word' id='word_1_212' title='bbox 1943 791 2397 847; x_wconf 81' lang='lat' dir='ltr'><strong>circumierimus.</strong></span> 
     </span>
    </p>
   </div>
   <div class='ocr_carea' id='block_1_35' title="bbox 2375 882 2756 938">
    <p class='ocr_par' dir='ltr' id='par_1_35' title="bbox 2375 882 2756 938">
     <span class='ocr_line' id='line_1_35' title="bbox 2375 882 2756 938; baseline -0.005 0"><span class='ocrx_word' id='word_1_213' title='bbox 2375 882 2622 938; x_wconf 79' lang='lat' dir='ltr'><strong>Scholion</strong></span> <span class='ocrx_word' id='word_1_214' title='bbox 2669 882 2756 937; x_wconf 76' lang='grc'><strong>18.</strong></span> 
     </span>
    </p>
   </div>
   <div class='ocr_carea' id='block_1_36' title="bbox 1861 970 3354 1045">
    <p class='ocr_par' dir='ltr' id='par_1_36' title="bbox 1861 970 3354 1045">
     <span class='ocr_line' id='line_1_36' title="bbox 1861 970 3354 1045; baseline 0.001 -20"><span class='ocrx_word' id='word_1_215' title='bbox 1861 970 1989 1028; x_wconf 69' lang='lat' dir='ltr'><strong>Haec</strong></span> <span class='ocrx_word' id='word_1_216' title='bbox 2016 973 2190 1045; x_wconf 89' lang='lat' dir='ltr'><strong>(caro)</strong></span> <span class='ocrx_word' id='word_1_217' title='bbox 2218 972 2436 1028; x_wconf 89' lang='lat' dir='ltr'><strong>inimica</strong></span> <span class='ocrx_word' id='word_1_218' title='bbox 2471 988 2589 1028; x_wconf 89' lang='lat' dir='ltr'><strong>mea</strong></span> <span class='ocrx_word' id='word_1_219' title='bbox 2630 981 2886 1044; x_wconf 79' lang='lat' dir='ltr'><strong>tanquam</strong></span> <span class='ocrx_word' id='word_1_220' title='bbox 2921 981 3113 1027; x_wconf 88' lang='lat' dir='ltr'><strong>natura</strong></span> <span class='ocrx_word' id='word_1_221' title='bbox 3158 974 3354 1027; x_wconf 74' lang='lat' dir='ltr'><strong>animm</strong></span> 
     </span>
    </p>
   </div>
   <div class='ocr_carea' id='block_1_37' title="bbox 1793 1067 3353 1140">
    <p class='ocr_par' dir='ltr' id='par_1_37' title="bbox 1793 1067 3353 1140">
     <span class='ocr_line' id='line_1_37' title="bbox 1793 1067 3353 1140; baseline -0.001 -19"><span class='ocrx_word' id='word_1_222' title='bbox 1793 1081 2040 1135; x_wconf 87' lang='lat' dir='ltr'><strong>consors,</strong></span> <span class='ocrx_word' id='word_1_223' title='bbox 2070 1078 2126 1124; x_wconf 85' lang='lat' dir='ltr'><strong>et</strong></span> <span class='ocrx_word' id='word_1_224' title='bbox 2157 1084 2277 1138; x_wconf 68' lang='lat' dir='ltr'><strong>quae</strong></span> <span class='ocrx_word' id='word_1_225' title='bbox 2309 1068 2550 1139; x_wconf 83' lang='lat' dir='ltr'><strong>diligitur</strong></span> <span class='ocrx_word' id='word_1_226' title='bbox 2569 1068 2640 1122; x_wconf 89' lang='lat' dir='ltr'><strong>ab</strong></span> <span class='ocrx_word' id='word_1_227' title='bbox 2677 1068 2764 1121; x_wconf 86' lang='lat' dir='ltr'><strong>illa</strong></span> <span class='ocrx_word' id='word_1_228' title='bbox 2812 1067 3065 1140; x_wconf 83' lang='lat' dir='ltr'><strong>[fovenda</strong></span> <span class='ocrx_word' id='word_1_229' title='bbox 3097 1082 3190 1122; x_wconf 91' lang='lat' dir='ltr'><strong>seu</strong></span> <span class='ocrx_word' id='word_1_230' title='bbox 3234 1084 3353 1135; x_wconf 70' lang='grc' dir='ltr'>ιιιιςυ</span> 
     </span>
    </p>
   </div>
   <div class='ocr_carea' id='block_1_38' title="bbox 1792 1155 3352 1229">
    <p class='ocr_par' dir='ltr' id='par_1_38' title="bbox 1792 1155 3352 1229">
     <span class='ocr_line' id='line_1_38' title="bbox 1792 1155 3352 1229; baseline 0 -19"><span class='ocrx_word' id='word_1_231' title='bbox 1792 1155 2003 1212; x_wconf 82' lang='lat' dir='ltr'><strong>fovetur</strong></span> <span class='ocrx_word' id='word_1_232' title='bbox 2025 1158 2093 1214; x_wconf 89' lang='lat' dir='ltr'><strong>ab</strong></span> <span class='ocrx_word' id='word_1_233' title='bbox 2125 1156 2259 1229; x_wconf 77' lang='lat' dir='ltr'><strong>illa].</strong></span> <span class='ocrx_word' id='word_1_234' title='bbox 2296 1157 2413 1214; x_wconf 87' lang='lat' dir='ltr'><strong>Non</strong></span> <span class='ocrx_word' id='word_1_235' title='bbox 2443 1173 2582 1222; x_wconf 90' lang='lat' dir='ltr'><strong>mea,</strong></span> <span class='ocrx_word' id='word_1_236' title='bbox 2614 1165 2800 1226; x_wconf 84' lang='lat' dir='ltr'><strong>utpote</strong></span> <span class='ocrx_word' id='word_1_237' title='bbox 2833 1169 3018 1212; x_wconf 84' lang='lat' dir='ltr'><strong>contra</strong></span> <span class='ocrx_word' id='word_1_238' title='bbox 3057 1175 3219 1227; x_wconf 87' lang='lat' dir='ltr'><strong>quam</strong></span> <span class='ocrx_word' id='word_1_239' title='bbox 3258 1176 3352 1226; x_wconf 82' lang='lat' dir='ltr'><strong>[m-</strong></span> 
     </span>
    </p>
   </div>
   <div class='ocr_carea' id='block_1_39' title="bbox 1794 1248 3355 1318">
    <p class='ocr_par' dir='ltr' id='par_1_39' title="bbox 1794 1248 3355 1318">
     <span class='ocr_line' id='line_1_39' title="bbox 1794 1248 3355 1318; baseline -0.003 -16"><span class='ocrx_word' id='word_1_240' title='bbox 1794 1255 1922 1318; x_wconf 88' lang='lat' dir='ltr'><strong>gnat</strong></span> <span class='ocrx_word' id='word_1_241' title='bbox 1951 1250 2132 1304; x_wconf 85' lang='lat' dir='ltr'><strong>anima</strong></span> <span class='ocrx_word' id='word_1_242' title='bbox 2159 1250 2308 1304; x_wconf 84' lang='lat' dir='ltr'><strong>velut</strong></span> <span class='ocrx_word' id='word_1_243' title='bbox 2345 1250 2556 1305; x_wconf 83' lang='lat' dir='ltr'><strong>hostem</strong></span> <span class='ocrx_word' id='word_1_244' title='bbox 2607 1264 2766 1304; x_wconf 83' lang='lat' dir='ltr'><strong>suum</strong></span> <span class='ocrx_word' id='word_1_245' title='bbox 2805 1266 2817 1302; x_wconf 93' lang='lat'><strong>:</strong></span> <span class='ocrx_word' id='word_1_246' title='bbox 2850 1249 2902 1303; x_wconf 92' lang='lat' dir='ltr'><strong>id</strong></span> <span class='ocrx_word' id='word_1_247' title='bbox 2939 1248 3081 1317; x_wconf 89' lang='lat' dir='ltr'><strong>quod</strong></span> <span class='ocrx_word' id='word_1_248' title='bbox 3103 1249 3355 1316; x_wconf 61' lang='lat' dir='ltr'><strong>gravissi-</strong></span> 
     </span>
    </p>
   </div>
   <div class='ocr_carea' id='block_1_40' title="bbox 1795 1341 3354 1412">
    <p class='ocr_par' dir='ltr' id='par_1_40' title="bbox 1795 1341 3354 1412">
     <span class='ocr_line' id='line_1_40' title="bbox 1795 1341 3354 1412; baseline -0.002 -18"><span class='ocrx_word' id='word_1_249' title='bbox 1795 1355 1943 1394; x_wconf 90' lang='lat' dir='ltr'><strong>mum</strong></span> <span class='ocrx_word' id='word_1_250' title='bbox 1966 1350 2068 1396; x_wconf 90' lang='lat' dir='ltr'><strong>est.</strong></span> <span class='ocrx_word' id='word_1_251' title='bbox 2111 1341 2404 1412; x_wconf 82' lang='lat' dir='ltr'><strong>Apostolus</strong></span> <span class='ocrx_word' id='word_1_252' title='bbox 2433 1357 2562 1411; x_wconf 87' lang='lat' dir='ltr'><strong>ergo</strong></span> <span class='ocrx_word' id='word_1_253' title='bbox 2592 1349 2814 1412; x_wconf 83' lang='lat' dir='ltr'><strong>prepter</strong></span> <span class='ocrx_word' id='word_1_254' title='bbox 2858 1341 3110 1395; x_wconf 86' lang='lat' dir='ltr'><strong>scandala</strong></span> <span class='ocrx_word' id='word_1_255' title='bbox 3133 1356 3255 1409; x_wconf 74' lang='lat' dir='ltr'><strong>qua:</strong></span> <span class='ocrx_word' id='word_1_256' title='bbox 3291 1356 3354 1391; x_wconf 59' lang='lat' dir='ltr'><strong>cr;</strong></span> 
     </span>
    </p>
   </div>
   <div class='ocr_carea' id='block_1_41' title="bbox 1793 1427 3356 1500">
    <p class='ocr_par' dir='ltr' id='par_1_41' title="bbox 1793 1427 3356 1500">
     <span class='ocr_line' id='line_1_41' title="bbox 1793 1427 3356 1500; baseline -0.001 -20"><span class='ocrx_word' id='word_1_257' title='bbox 1793 1438 1981 1485; x_wconf 89' lang='lat' dir='ltr'><strong>ventre</strong></span> <span class='ocrx_word' id='word_1_258' title='bbox 2015 1431 2342 1500; x_wconf 85' lang='lat' dir='ltr'><strong>proveniunt</strong></span> <span class='ocrx_word' id='word_1_259' title='bbox 2385 1430 2597 1491; x_wconf 71' lang='lat' dir='ltr'><strong>animae,</strong></span> <span class='ocrx_word' id='word_1_260' title='bbox 2627 1444 2826 1499; x_wconf 90' lang='lat' dir='ltr'><strong>corpus</strong></span> <span class='ocrx_word' id='word_1_261' title='bbox 2854 1436 3084 1482; x_wconf 89' lang='lat' dir='ltr'><strong>mortem</strong></span> <span class='ocrx_word' id='word_1_262' title='bbox 3120 1427 3356 1497; x_wconf 84' lang='lat' dir='ltr'><strong>appella-</strong></span> 
     </span>
    </p>
   </div>
   <div class='ocr_carea' id='block_1_42' title="bbox 1795 1518 3352 1590">
    <p class='ocr_par' dir='ltr' id='par_1_42' title="bbox 1795 1518 3352 1590">
     <span class='ocr_line' id='line_1_42' title="bbox 1795 1518 3352 1590; baseline 0 -20"><span class='ocrx_word' id='word_1_263' title='bbox 1795 1518 1872 1572; x_wconf 90' lang='lat' dir='ltr'><strong>vit</strong></span> <span class='ocrx_word' id='word_1_264' title='bbox 1893 1521 1960 1572; x_wconf 79' lang='lat'><strong>“.</strong></span> <span class='ocrx_word' id='word_1_265' title='bbox 2000 1518 2296 1590; x_wconf 74' lang='lat' dir='ltr'><strong>Gregorius</strong></span> <span class='ocrx_word' id='word_1_266' title='bbox 2351 1527 2528 1574; x_wconf 87' lang='lat' dir='ltr'><strong>autem</strong></span> <span class='ocrx_word' id='word_1_267' title='bbox 2567 1520 2871 1590; x_wconf 81' lang='lat' dir='ltr'><strong>Theol0gus</strong></span> <span class='ocrx_word' id='word_1_268' title='bbox 2901 1519 3150 1574; x_wconf 73' lang='lat' dir='ltr'><strong>vitiosam</strong></span> <span class='ocrx_word' id='word_1_269' title='bbox 3173 1529 3226 1573; x_wconf 89' lang='lat' dir='ltr'><strong>et</strong></span> <span class='ocrx_word' id='word_1_270' title='bbox 3257 1535 3352 1572; x_wconf 82' lang='lat' dir='ltr'><strong>no-</strong></span> 
     </span>
    </p>
   </div>
   <div class='ocr_carea' id='block_1_43' title="bbox 1797 1611 3356 1682">
    <p class='ocr_par' dir='ltr' id='par_1_43' title="bbox 1797 1611 3356 1682">
     <span class='ocr_line' id='line_1_43' title="bbox 1797 1611 3356 1682; baseline -0.002 -19"><span class='ocrx_word' id='word_1_271' title='bbox 1797 1619 2044 1664; x_wconf 88' lang='lat' dir='ltr'><strong>cturnam</strong></span> <span class='ocrx_word' id='word_1_272' title='bbox 2119 1611 2365 1680; x_wconf 85' lang='lat' dir='ltr'><strong>corporis</strong></span> <span class='ocrx_word' id='word_1_273' title='bbox 2434 1611 2839 1682; x_wconf 71' lang='lat' dir='ltr'><strong>generationem</strong></span> <span class='ocrx_word' id='word_1_274' title='bbox 2893 1613 3124 1673; x_wconf 88' lang='lat' dir='ltr'><strong>vocavit,</strong></span> <span class='ocrx_word' id='word_1_275' title='bbox 3182 1615 3356 1665; x_wconf 61' lang='grc' dir='ltr'><strong>ποθεὶς</strong></span> 
     </span>
    </p>
   </div>
   <div class='ocr_carea' id='block_1_44' title="bbox 1800 1701 3360 1772">
    <p class='ocr_par' dir='ltr' id='par_1_44' title="bbox 1800 1701 3360 1772">
     <span class='ocr_line' id='line_1_44' title="bbox 1800 1701 3360 1772; baseline 0 -17"><span class='ocrx_word' id='word_1_276' title='bbox 1800 1716 1992 1770; x_wconf 89' lang='lat' dir='ltr'><strong>nempe</strong></span> <span class='ocrx_word' id='word_1_277' title='bbox 2034 1709 2089 1756; x_wconf 89' lang='lat' dir='ltr'><strong>et</strong></span> <span class='ocrx_word' id='word_1_278' title='bbox 2140 1702 2432 1772; x_wconf 82' lang='lat' dir='ltr'><strong>voluptatis</strong></span> <span class='ocrx_word' id='word_1_279' title='bbox 2481 1716 2643 1772; x_wconf 91' lang='lat' dir='ltr'><strong>opus,</strong></span> <span class='ocrx_word' id='word_1_280' title='bbox 2698 1701 2894 1772; x_wconf 87' lang='lat' dir='ltr'><strong>spiritu</strong></span> <span class='ocrx_word' id='word_1_281' title='bbox 2925 1714 2978 1757; x_wconf 91' lang='lat' dir='ltr'><strong>et</strong></span> <span class='ocrx_word' id='word_1_282' title='bbox 3007 1703 3257 1758; x_wconf 83' lang='lat' dir='ltr'><strong>libertate</strong></span> <span class='ocrx_word' id='word_1_283' title='bbox 3307 1713 3360 1757; x_wconf 90' lang='lat' dir='ltr'><strong>et</strong></span> 
     </span>
    </p>
   </div>
   <div class='ocr_carea' id='block_1_45' title="bbox 1800 1791 2601 1849">
    <p class='ocr_par' dir='ltr' id='par_1_45' title="bbox 1800 1791 2601 1849">
     <span class='ocr_line' id='line_1_45' title="bbox 1800 1791 2601 1849; baseline 0.002 -4"><span class='ocrx_word' id='word_1_284' title='bbox 1800 1792 1920 1848; x_wconf 89' lang='lat' dir='ltr'><strong>luce</strong></span> <span class='ocrx_word' id='word_1_285' title='bbox 1951 1791 2189 1849; x_wconf 89' lang='lat' dir='ltr'><strong>deterius</strong></span> <span class='ocrx_word' id='word_1_286' title='bbox 2216 1800 2272 1849; x_wconf 91' lang='lat' dir='ltr'><strong>et</strong></span> <span class='ocrx_word' id='word_1_287' title='bbox 2300 1792 2601 1847; x_wconf 86' lang='lat' dir='ltr'><strong>inimicum.</strong></span> 
     </span>
    </p>
   </div>
   <div class='ocr_carea' id='block_1_46' title="bbox 2283 1882 2871 1953">
    <p class='ocr_par' dir='ltr' id='par_1_46' title="bbox 2283 1882 2871 1953">
     <span class='ocr_line' id='line_1_46' title="bbox 2283 1882 2871 1953; baseline -0.002 -15"><span class='ocrx_word' id='word_1_288' title='bbox 2283 1882 2448 1938; x_wconf 79' lang='lat' dir='ltr'><strong>Aliud</strong></span> <span class='ocrx_word' id='word_1_289' title='bbox 2490 1882 2871 1953; x_wconf 80' lang='lat' dir='ltr'><strong>Chrysostomi.</strong></span> 
     </span>
    </p>
   </div>
   <div class='ocr_carea' id='block_1_47' title="bbox 1866 1969 3361 2043">
    <p class='ocr_par' dir='ltr' id='par_1_47' title="bbox 1866 1969 3361 2043">
     <span class='ocr_line' id='line_1_47' title="bbox 1866 1969 3361 2043; baseline 0 -17"><span class='ocrx_word' id='word_1_290' title='bbox 1866 1969 1988 2028; x_wconf 87' lang='lat' dir='ltr'><strong>Noli</strong></span> <span class='ocrx_word' id='word_1_291' title='bbox 2031 1983 2221 2043; x_wconf 88' lang='lat' dir='ltr'><strong>putare</strong></span> <span class='ocrx_word' id='word_1_292' title='bbox 2267 1988 2486 2028; x_wconf 87' lang='lat' dir='ltr'><strong>carnem</strong></span> <span class='ocrx_word' id='word_1_293' title='bbox 2541 1975 2712 2042; x_wconf 88' lang='lat' dir='ltr'><strong>ipsam</strong></span> <span class='ocrx_word' id='word_1_294' title='bbox 2761 1973 3028 2027; x_wconf 87' lang='lat' dir='ltr'><strong>accusari.</strong></span> <span class='ocrx_word' id='word_1_295' title='bbox 3074 1971 3190 2026; x_wconf 86' lang='lat' dir='ltr'><strong>Non</strong></span> <span class='ocrx_word' id='word_1_296' title='bbox 3221 1973 3361 2028; x_wconf 70' lang='lat' dir='ltr'><strong>dixit</strong></span> 
     </span>
    </p>
   </div>
   <div class='ocr_carea' id='block_1_48' title="bbox 1795 2065 3360 2136">
    <p class='ocr_par' dir='ltr' id='par_1_48' title="bbox 1795 2065 3360 2136">
     <span class='ocr_line' id='line_1_48' title="bbox 1795 2065 3360 2136; baseline 0 -16"><span class='ocrx_word' id='word_1_297' title='bbox 1795 2066 2088 2130; x_wconf 80' lang='lat' dir='ltr'><strong>Apostolus</strong></span> <span class='ocrx_word' id='word_1_298' title='bbox 2151 2083 2338 2136; x_wconf 80' lang='lat' dir='ltr'><strong>corpus</strong></span> <span class='ocrx_word' id='word_1_299' title='bbox 2384 2067 2603 2136; x_wconf 80' lang='lat' dir='ltr'><strong>peccati,</strong></span> <span class='ocrx_word' id='word_1_300' title='bbox 2650 2065 2744 2121; x_wconf 91' lang='lat' dir='ltr'><strong>sed</strong></span> <span class='ocrx_word' id='word_1_301' title='bbox 2769 2081 2956 2134; x_wconf 82' lang='lat' dir='ltr'><strong>corpus</strong></span> <span class='ocrx_word' id='word_1_302' title='bbox 2991 2066 3194 2120; x_wconf 79' lang='lat' dir='ltr'><strong>mortis.</strong></span> <span class='ocrx_word' id='word_1_303' title='bbox 3233 2067 3360 2120; x_wconf 78' lang='lat' dir='ltr'><strong>Sive</strong></span> 
     </span>
    </p>
   </div>
   <div class='ocr_carea' id='block_1_49' title="bbox 1798 2158 3358 2229">
    <p class='ocr_par' dir='ltr' id='par_1_49' title="bbox 1798 2158 3358 2229">
     <span class='ocr_line' id='line_1_49' title="bbox 1798 2158 3358 2229; baseline 0.003 -17"><span class='ocrx_word' id='word_1_304' title='bbox 1798 2158 2084 2212; x_wconf 87' lang='lat' dir='ltr'><strong>subactum</strong></span> <span class='ocrx_word' id='word_1_305' title='bbox 2119 2173 2148 2212; x_wconf 87' lang='lat' dir='ltr'><strong>a</strong></span> <span class='ocrx_word' id='word_1_306' title='bbox 2189 2170 2384 2223; x_wconf 88' lang='lat' dir='ltr'><strong>morte,</strong></span> <span class='ocrx_word' id='word_1_307' title='bbox 2420 2174 2526 2213; x_wconf 90' lang='lat' dir='ltr'><strong>non</strong></span> <span class='ocrx_word' id='word_1_308' title='bbox 2581 2159 2726 2229; x_wconf 91' lang='lat' dir='ltr'><strong>quod</strong></span> <span class='ocrx_word' id='word_1_309' title='bbox 2780 2159 3055 2228; x_wconf 76' lang='lat' dir='ltr'><strong>generavit</strong></span> <span class='ocrx_word' id='word_1_310' title='bbox 3109 2171 3358 2217; x_wconf 90' lang='lat' dir='ltr'><strong>mortem.</strong></span> 
     </span>
    </p>
   </div>
   <div class='ocr_carea' id='block_1_50' title="bbox 1797 2247 3358 2318">
    <p class='ocr_par' dir='ltr' id='par_1_50' title="bbox 1797 2247 3358 2318">
     <span class='ocr_line' id='line_1_50' title="bbox 1797 2247 3358 2318; baseline -0.001 -16"><span class='ocrx_word' id='word_1_311' title='bbox 1797 2247 1942 2317; x_wconf 79' lang='lat' dir='ltr'><strong>quod</strong></span> <span class='ocrx_word' id='word_1_312' title='bbox 1975 2263 2082 2302; x_wconf 89' lang='lat' dir='ltr'><strong>non</strong></span> <span class='ocrx_word' id='word_1_313' title='bbox 2119 2255 2204 2302; x_wconf 88' lang='lat' dir='ltr'><strong>est</strong></span> <span class='ocrx_word' id='word_1_314' title='bbox 2242 2248 2478 2313; x_wconf 72' lang='lat' dir='ltr'><strong>malitiaz,</strong></span> <span class='ocrx_word' id='word_1_315' title='bbox 2517 2249 2610 2304; x_wconf 89' lang='lat' dir='ltr'><strong>sed</strong></span> <span class='ocrx_word' id='word_1_316' title='bbox 2662 2248 2932 2303; x_wconf 70' lang='lat' dir='ltr'><strong>violentia:</strong></span> <span class='ocrx_word' id='word_1_317' title='bbox 2971 2249 3171 2313; x_wconf 90' lang='lat' dir='ltr'><strong>carnis,</strong></span> <span class='ocrx_word' id='word_1_318' title='bbox 3195 2265 3358 2318; x_wconf 90' lang='lat' dir='ltr'><strong>quam</strong></span> 
     </span>
    </p>
   </div>
   <div class='ocr_carea' id='block_1_51' title="bbox 1800 2335 3360 2408">
    <p class='ocr_par' dir='ltr' id='par_1_51' title="bbox 1800 2335 3360 2408">
     <span class='ocr_line' id='line_1_51' title="bbox 1800 2335 3360 2408; baseline 0.002 -19"><span class='ocrx_word' id='word_1_319' title='bbox 1800 2337 2079 2401; x_wconf 84' lang='lat' dir='ltr'><strong>sustinuit,</strong></span> <span class='ocrx_word' id='word_1_320' title='bbox 2105 2337 2337 2406; x_wconf 75' lang='lat' dir='ltr'><strong>signum.</strong></span> <span class='ocrx_word' id='word_1_321' title='bbox 2381 2335 2504 2392; x_wconf 86' lang='lat' dir='ltr'><strong>Utsi</strong></span> <span class='ocrx_word' id='word_1_322' title='bbox 2529 2338 2653 2407; x_wconf 89' lang='lat' dir='ltr'><strong>quis</strong></span> <span class='ocrx_word' id='word_1_323' title='bbox 2677 2352 2708 2391; x_wconf 89' lang='lat' dir='ltr'><strong>a</strong></span> <span class='ocrx_word' id='word_1_324' title='bbox 2735 2337 2981 2393; x_wconf 90' lang='lat' dir='ltr'><strong>harharis</strong></span> <span class='ocrx_word' id='word_1_325' title='bbox 3008 2347 3217 2408; x_wconf 89' lang='lat' dir='ltr'><strong>captus,</strong></span> <span class='ocrx_word' id='word_1_326' title='bbox 3253 2355 3360 2392; x_wconf 85' lang='lat' dir='ltr'><strong>non</strong></span> 
     </span>
    </p>
   </div>
   <div class='ocr_carea' id='block_1_52' title="bbox 1800 2428 3362 2500">
    <p class='ocr_par' dir='ltr' id='par_1_52' title="bbox 1800 2428 3362 2500">
     <span class='ocr_line' id='line_1_52' title="bbox 1800 2428 3362 2500; baseline 0.001 -17"><span class='ocrx_word' id='word_1_327' title='bbox 1800 2429 1944 2497; x_wconf 84' lang='lat' dir='ltr'><strong>quod</strong></span> <span class='ocrx_word' id='word_1_328' title='bbox 1987 2429 2102 2500; x_wconf 89' lang='lat' dir='ltr'><strong>ipse</strong></span> <span class='ocrx_word' id='word_1_329' title='bbox 2134 2429 2398 2484; x_wconf 87' lang='lat' dir='ltr'><strong>barbarus</strong></span> <span class='ocrx_word' id='word_1_330' title='bbox 2444 2428 2537 2492; x_wconf 88' lang='lat' dir='ltr'><strong>sit,</strong></span> <span class='ocrx_word' id='word_1_331' title='bbox 2573 2429 2664 2484; x_wconf 88' lang='lat' dir='ltr'><strong>sed</strong></span> <span class='ocrx_word' id='word_1_332' title='bbox 2695 2429 2838 2498; x_wconf 84' lang='lat' dir='ltr'><strong>quod</strong></span> <span class='ocrx_word' id='word_1_333' title='bbox 2870 2429 2940 2484; x_wconf 88' lang='lat' dir='ltr'><strong>ab</strong></span> <span class='ocrx_word' id='word_1_334' title='bbox 2962 2429 3095 2500; x_wconf 87' lang='lat' dir='ltr'><strong>ipsis</strong></span> <span class='ocrx_word' id='word_1_335' title='bbox 3122 2429 3362 2485; x_wconf 88' lang='lat' dir='ltr'><strong>detinea—</strong></span> 
     </span>
    </p>
   </div>
   <div class='ocr_carea' id='block_1_53' title="bbox 1803 2519 3363 2594">
    <p class='ocr_par' dir='ltr' id='par_1_53' title="bbox 1803 2519 3363 2594">
     <span class='ocr_line' id='line_1_53' title="bbox 1803 2519 3363 2594; baseline 0 -18"><span class='ocrx_word' id='word_1_336' title='bbox 1803 2535 1910 2577; x_wconf 88' lang='lat' dir='ltr'><strong>tur.</strong></span> <span class='ocrx_word' id='word_1_337' title='bbox 1941 2519 2015 2577; x_wconf 92' lang='lat' dir='ltr'><strong>lta</strong></span> <span class='ocrx_word' id='word_1_338' title='bbox 2046 2537 2244 2594; x_wconf 91' lang='lat' dir='ltr'><strong>corpus</strong></span> <span class='ocrx_word' id='word_1_339' title='bbox 2264 2523 2456 2578; x_wconf 89' lang='lat' dir='ltr'><strong>mortis</strong></span> <span class='ocrx_word' id='word_1_340' title='bbox 2483 2522 2699 2586; x_wconf 90' lang='lat' dir='ltr'><strong>dicitur,</strong></span> <span class='ocrx_word' id='word_1_341' title='bbox 2734 2537 2799 2578; x_wconf 94' lang='lat' dir='ltr'><strong>eo</strong></span> <span class='ocrx_word' id='word_1_342' title='bbox 2831 2524 2976 2593; x_wconf 84' lang='lat' dir='ltr'><strong>quod</strong></span> <span class='ocrx_word' id='word_1_343' title='bbox 3006 2539 3036 2578; x_wconf 91' lang='lat' dir='ltr'><strong>a</strong></span> <span class='ocrx_word' id='word_1_344' title='bbox 3063 2531 3237 2578; x_wconf 90' lang='lat' dir='ltr'><strong>morte</strong></span> <span class='ocrx_word' id='word_1_345' title='bbox 3268 2541 3363 2577; x_wconf 84' lang='lat' dir='ltr'><strong>ca-</strong></span> 
     </span>
    </p>
   </div>
   <div class='ocr_carea' id='block_1_54' title="bbox 1804 2613 3363 2684">
    <p class='ocr_par' dir='ltr' id='par_1_54' title="bbox 1804 2613 3363 2684">
     <span class='ocr_line' id='line_1_54' title="bbox 1804 2613 3363 2684; baseline 0.003 -19"><span class='ocrx_word' id='word_1_346' title='bbox 1804 2625 1949 2682; x_wconf 86' lang='lat' dir='ltr'><strong>ptum</strong></span> <span class='ocrx_word' id='word_1_347' title='bbox 1980 2614 2051 2669; x_wconf 88' lang='lat' dir='ltr'><strong>sit</strong></span> <span class='ocrx_word' id='word_1_348' title='bbox 2097 2628 2192 2669; x_wconf 87' lang='lat' dir='ltr'><strong>seu</strong></span> <span class='ocrx_word' id='word_1_349' title='bbox 2238 2613 2538 2678; x_wconf 84' lang='lat' dir='ltr'><strong>detentum,</strong></span> <span class='ocrx_word' id='word_1_350' title='bbox 2583 2629 2691 2668; x_wconf 89' lang='lat' dir='ltr'><strong>non</strong></span> <span class='ocrx_word' id='word_1_351' title='bbox 2730 2615 2874 2683; x_wconf 81' lang='lat' dir='ltr'><strong>quod</strong></span> <span class='ocrx_word' id='word_1_352' title='bbox 2909 2629 3108 2684; x_wconf 89' lang='lat' dir='ltr'><strong>corpus</strong></span> <span class='ocrx_word' id='word_1_353' title='bbox 3137 2623 3363 2670; x_wconf 73' lang='lat' dir='ltr'><strong>mortem</strong></span> 
     </span>
    </p>
   </div>
   <div class='ocr_carea' id='block_1_55' title="bbox 1802 2705 3363 2776">
    <p class='ocr_par' dir='ltr' id='par_1_55' title="bbox 1802 2705 3363 2776">
     <span class='ocr_line' id='line_1_55' title="bbox 1802 2705 3363 2776; baseline 0.001 -19"><span class='ocrx_word' id='word_1_354' title='bbox 1802 2707 2106 2776; x_wconf 89' lang='lat' dir='ltr'><strong>procurarit</strong></span> <span class='ocrx_word' id='word_1_355' title='bbox 2151 2718 2246 2760; x_wconf 87' lang='lat' dir='ltr'><strong>aut</strong></span> <span class='ocrx_word' id='word_1_356' title='bbox 2303 2706 2520 2760; x_wconf 83' lang='lat' dir='ltr'><strong>crearit.</strong></span> <span class='ocrx_word' id='word_1_357' title='bbox 2566 2705 2801 2760; x_wconf 88' lang='lat' dir='ltr'><strong>Proinde</strong></span> <span class='ocrx_word' id='word_1_358' title='bbox 2851 2705 2965 2776; x_wconf 90' lang='lat' dir='ltr'><strong>ipse</strong></span> <span class='ocrx_word' id='word_1_359' title='bbox 2992 2722 3102 2762; x_wconf 89' lang='lat' dir='ltr'><strong>non</strong></span> <span class='ocrx_word' id='word_1_360' title='bbox 3159 2708 3363 2776; x_wconf 73' lang='lat' dir='ltr'><strong>cupita</strong></span> 
     </span>
    </p>
   </div>
   <div class='ocr_carea' id='block_1_56' title="bbox 1802 2796 3024 2868">
    <p class='ocr_par' dir='ltr' id='par_1_56' title="bbox 1802 2796 3024 2868">
     <span class='ocr_line' id='line_1_56' title="bbox 1802 2796 3024 2868; baseline 0.002 -18"><span class='ocrx_word' id='word_1_361' title='bbox 1802 2811 2029 2865; x_wconf 88' lang='lat' dir='ltr'><strong>corpore</strong></span> <span class='ocrx_word' id='word_1_362' title='bbox 2061 2796 2300 2864; x_wconf 84' lang='lat' dir='ltr'><strong>liberari,</strong></span> <span class='ocrx_word' id='word_1_363' title='bbox 2342 2797 2436 2852; x_wconf 91' lang='lat' dir='ltr'><strong>sed</strong></span> <span class='ocrx_word' id='word_1_364' title='bbox 2465 2812 2496 2852; x_wconf 91' lang='lat' dir='ltr'><strong>a</strong></span> <span class='ocrx_word' id='word_1_365' title='bbox 2533 2796 2747 2852; x_wconf 87' lang='lat' dir='ltr'><strong>mortali</strong></span> <span class='ocrx_word' id='word_1_366' title='bbox 2776 2811 3024 2868; x_wconf 87' lang='lat' dir='ltr'><strong>corpore.</strong></span> 
     </span>
    </p>
   </div>
   <div class='ocr_carea' id='block_1_57' title="bbox 2396 3000 2770 3057">
    <p class='ocr_par' dir='ltr' id='par_1_57' title="bbox 2396 3000 2770 3057">
     <span class='ocr_line' id='line_1_57' title="bbox 2396 3000 2770 3057; baseline -0.003 0"><span class='ocrx_word' id='word_1_367' title='bbox 2396 3000 2644 3057; x_wconf 80' lang='lat' dir='ltr'><strong>Scholion</strong></span> <span class='ocrx_word' id='word_1_368' title='bbox 2684 3001 2770 3056; x_wconf 85' lang='grc'><strong>19.</strong></span> 
     </span>
    </p>
   </div>
   <div class='ocr_carea' id='block_1_58' title="bbox 1873 3086 3365 3160">
    <p class='ocr_par' dir='ltr' id='par_1_58' title="bbox 1873 3086 3365 3160">
     <span class='ocr_line' id='line_1_58' title="bbox 1873 3086 3365 3160; baseline 0.001 -19"><span class='ocrx_word' id='word_1_369' title='bbox 1873 3086 1975 3153; x_wconf 77' lang='lat' dir='ltr'><strong>Qui</strong></span> <span class='ocrx_word' id='word_1_370' title='bbox 2003 3102 2100 3157; x_wconf 91' lang='lat' dir='ltr'><strong>per</strong></span> <span class='ocrx_word' id='word_1_371' title='bbox 2130 3097 2350 3158; x_wconf 86' lang='lat' dir='ltr'><strong>peccata</strong></span> <span class='ocrx_word' id='word_1_372' title='bbox 2389 3101 2642 3145; x_wconf 91' lang='lat' dir='ltr'><strong>mortuus</strong></span> <span class='ocrx_word' id='word_1_373' title='bbox 2667 3097 2774 3154; x_wconf 86' lang='lat' dir='ltr'><strong>est,</strong></span> <span class='ocrx_word' id='word_1_374' title='bbox 2799 3099 2854 3144; x_wconf 94' lang='lat' dir='ltr'><strong>et</strong></span> <span class='ocrx_word' id='word_1_375' title='bbox 2873 3104 2967 3158; x_wconf 88' lang='lat' dir='ltr'><strong>per</strong></span> <span class='ocrx_word' id='word_1_376' title='bbox 2987 3090 3365 3160; x_wconf 73' lang='lat' dir='ltr'><strong>paenitentiam</strong></span> 
     </span>
    </p>
   </div>
   <div class='ocr_carea' id='block_1_59' title="bbox 123 3162 1788 3260">
    <p class='ocr_par' dir='ltr' id='par_1_59' title="bbox 123 3162 1772 3260">
     <span class='ocr_line' id='line_1_59' title="bbox 123 3162 1772 3260; baseline 0.004 -47"><span class='ocrx_word' id='word_1_377' title='bbox 123 3162 435 3231; x_wconf 63' lang='grc' dir='ltr'>ξένανήψας,</span> <span class='ocrx_word' id='word_1_378' title='bbox 466 3163 500 3233; x_wconf 80' lang='grc' dir='ltr'>ἢ</span> <span class='ocrx_word' id='word_1_379' title='bbox 539 3167 606 3234; x_wconf 81' lang='grc' dir='ltr'>τῇ</span> <span class='ocrx_word' id='word_1_380' title='bbox 651 3163 870 3234; x_wconf 85' lang='grc' dir='ltr'>δοκήσει</span> <span class='ocrx_word' id='word_1_381' title='bbox 899 3167 974 3235; x_wconf 80' lang='grc' dir='ltr'>μὴ</span> <span class='ocrx_word' id='word_1_382' title='bbox 1006 3165 1200 3222; x_wconf 81' lang='grc' dir='ltr'>θανών.</span> <span class='ocrx_word' id='word_1_383' title='bbox 1252 3165 1314 3220; x_wconf 82' lang='lat' dir='ltr'><strong>El</strong></span> <span class='ocrx_word' id='word_1_384' title='bbox 1347 3167 1455 3238; x_wconf 83' lang='grc' dir='ltr'><strong>γὰρ</strong></span> <span class='ocrx_word' id='word_1_385' title='bbox 1499 3168 1592 3220; x_wconf 72' lang='grc' dir='ltr'>καὶ</span> <span class='ocrx_word' id='word_1_386' title='bbox 1634 3167 1701 3220; x_wconf 67' lang='grc' dir='ltr'>τὰ</span> <span class='ocrx_word' id='word_1_387' title='bbox 1729 3203 1772 3260; x_wconf 78' lang='lat' dir='ltr'>c</span> 
     </span>
    </p>
   </div>
   <div class='ocr_carea' id='block_1_60' title="bbox 1699 3162 3364 3260">
    <p class='ocr_par' dir='ltr' id='par_1_60' title="bbox 1699 3181 3364 3260">
     <span class='ocr_line' id='line_1_60' title="bbox 1699 3181 3364 3260; baseline 0.002 -27"><span class='ocrx_word' id='word_1_388' title='bbox 1699 3209 1701 3217; x_wconf 60' lang='grc' dir='ltr'>ν</span> <span class='ocrx_word' id='word_1_389' title='bbox 1729 3203 1772 3260; x_wconf 77' lang='lat' dir='ltr'><strong>c</strong></span> <span class='ocrx_word' id='word_1_390' title='bbox 1802 3181 2053 3250; x_wconf 87' lang='lat' dir='ltr'><strong>resipuit,</strong></span> <span class='ocrx_word' id='word_1_391' title='bbox 2084 3189 2179 3235; x_wconf 86' lang='lat' dir='ltr'><strong>aut</strong></span> <span class='ocrx_word' id='word_1_392' title='bbox 2207 3181 2300 3250; x_wconf 93' lang='lat' dir='ltr'><strong>qui</strong></span> <span class='ocrx_word' id='word_1_393' title='bbox 2326 3181 2474 3237; x_wconf 89' lang='lat' dir='ltr'><strong>visus</strong></span> <span class='ocrx_word' id='word_1_394' title='bbox 2504 3190 2589 3236; x_wconf 86' lang='lat' dir='ltr'><strong>est</strong></span> <span class='ocrx_word' id='word_1_395' title='bbox 2615 3197 2722 3236; x_wconf 92' lang='lat' dir='ltr'><strong>non</strong></span> <span class='ocrx_word' id='word_1_396' title='bbox 2759 3181 2928 3239; x_wconf 81' lang='lat' dir='ltr'><strong>fuisse</strong></span> <span class='ocrx_word' id='word_1_397' title='bbox 2957 3193 3228 3238; x_wconf 90' lang='lat' dir='ltr'><strong>mortuus.</strong></span> <span class='ocrx_word' id='word_1_398' title='bbox 3255 3185 3364 3238; x_wconf 67' lang='lat' dir='ltr'><strong>Etsi</strong></span> 
     </span>
    </p>
   </div>
   <div class='ocr_carea' id='block_1_61' title="bbox 121 3254 1703 3327">
    <p class='ocr_par' dir='ltr' id='par_1_61' title="bbox 121 3254 1703 3327">
     <span class='ocr_line' id='line_1_61' title="bbox 121 3254 1703 3327; baseline 0.002 -20"><span class='ocrx_word' id='word_1_399' title='bbox 121 3254 420 3323; x_wconf 81' lang='grc' dir='ltr'>παχύτερα</span> <span class='ocrx_word' id='word_1_400' title='bbox 465 3254 695 3322; x_wconf 74' lang='grc' dir='ltr'>ἐξέφυγε</span> <span class='ocrx_word' id='word_1_401' title='bbox 741 3256 923 3327; x_wconf 82' lang='grc' dir='ltr'>πάθη,</span> <span class='ocrx_word' id='word_1_402' title='bbox 971 3257 1104 3312; x_wconf 75' lang='grc' dir='ltr'>ἀλλὰ</span> <span class='ocrx_word' id='word_1_403' title='bbox 1151 3260 1263 3322; x_wconf 85' lang='grc' dir='ltr'>τοῖς</span> <span class='ocrx_word' id='word_1_404' title='bbox 1305 3258 1522 3321; x_wconf 81' lang='grc' dir='ltr'>λεπτοῖς</span> <span class='ocrx_word' id='word_1_405' title='bbox 1559 3274 1703 3311; x_wconf 89' lang='grc' dir='ltr'>τισιν</span> 
     </span>
    </p>
   </div>
   <div class='ocr_carea' id='block_1_62' title="bbox 121 3344 1700 3420">
    <p class='ocr_par' dir='ltr' id='par_1_62' title="bbox 121 3344 1700 3420">
     <span class='ocr_line' id='line_1_62' title="bbox 121 3344 1700 3420; baseline 0.003 -24"><span class='ocrx_word' id='word_1_406' title='bbox 121 3344 483 3413; x_wconf 72' lang='grc' dir='ltr'>ἐκοινώνησε,</span> <span class='ocrx_word' id='word_1_407' title='bbox 516 3346 938 3417; x_wconf 86' lang='grc' dir='ltr'>Παραπτώματα</span> <span class='ocrx_word' id='word_1_408' title='bbox 966 3349 1092 3418; x_wconf 83' lang='grc' dir='ltr'>γὰρ,</span> <span class='ocrx_word' id='word_1_409' title='bbox 1139 3349 1293 3420; x_wconf 77' lang='grc' dir='ltr'>φησὶ,</span> <span class='ocrx_word' id='word_1_410' title='bbox 1329 3349 1412 3412; x_wconf 88' lang='grc' dir='ltr'><strong>τίς</strong></span> <span class='ocrx_word' id='word_1_411' title='bbox 1447 3350 1700 3420; x_wconf 87' lang='grc' dir='ltr'>συνήσει;</span> 
     </span>
    </p>
   </div>
   <div class='ocr_carea' id='block_1_63' title="bbox 119 3435 1705 3514">
    <p class='ocr_par' dir='ltr' id='par_1_63' title="bbox 119 3435 1705 3514">
     <span class='ocr_line' id='line_1_63' title="bbox 119 3435 1705 3514; baseline 0.004 -24"><span class='ocrx_word' id='word_1_412' title='bbox 119 3438 191 3491; x_wconf 82' lang='grc' dir='ltr'><strong>Εἰ</strong></span> <span class='ocrx_word' id='word_1_413' title='bbox 242 3438 357 3504; x_wconf 81' lang='grc' dir='ltr'>γὰρ</span> <span class='ocrx_word' id='word_1_414' title='bbox 403 3439 432 3490; x_wconf 97' lang='lat'><strong>6</strong></span> <span class='ocrx_word' id='word_1_415' title='bbox 471 3439 720 3509; x_wconf 79' lang='grc' dir='ltr'>Χριστὸς,</span> <span class='ocrx_word' id='word_1_416' title='bbox 760 3441 943 3511; x_wconf 71' lang='grc' dir='ltr'>φησιν,</span> <span class='ocrx_word' id='word_1_417' title='bbox 991 3444 1051 3494; x_wconf 83' lang='grc' dir='ltr'><strong>ὲν</strong></span> <span class='ocrx_word' id='word_1_418' title='bbox 1100 3435 1144 3508; x_wconf 84' lang='grc' dir='ltr'>ᾧ</span> <span class='ocrx_word' id='word_1_419' title='bbox 1189 3441 1310 3495; x_wconf 84' lang='grc' dir='ltr'>οὐδὲ</span> <span class='ocrx_word' id='word_1_420' title='bbox 1350 3443 1498 3505; x_wconf 87' lang='grc' dir='ltr'>δόλος</span> <span class='ocrx_word' id='word_1_421' title='bbox 1538 3445 1596 3496; x_wconf 83' lang='grc' dir='ltr'><strong>ὲν</strong></span> <span class='ocrx_word' id='word_1_422' title='bbox 1628 3442 1705 3514; x_wconf 84' lang='grc' dir='ltr'>τῷ</span> 
     </span>
    </p>
   </div>
   <div class='ocr_carea' id='block_1_64' title="bbox 124 3527 1704 3606">
    <p class='ocr_par' dir='ltr' id='par_1_64' title="bbox 124 3527 1704 3606">
     <span class='ocr_line' id='line_1_64' title="bbox 124 3527 1704 3606; baseline 0.006 -26"><span class='ocrx_word' id='word_1_423' title='bbox 124 3529 372 3598; x_wconf 89' lang='grc' dir='ltr'>στόματι</span> <span class='ocrx_word' id='word_1_424' title='bbox 425 3527 716 3601; x_wconf 67' lang='grc' dir='ltr'>ἐξευρέθη,</span> <span class='ocrx_word' id='word_1_425' title='bbox 764 3531 1000 3584; x_wconf 80' lang='grc' dir='ltr'>ἀπέθανε</span> <span class='ocrx_word' id='word_1_426' title='bbox 1050 3533 1143 3586; x_wconf 78' lang='grc' dir='ltr'><strong>καὶ</strong></span> <span class='ocrx_word' id='word_1_427' title='bbox 1194 3533 1429 3604; x_wconf 78' lang='grc' dir='ltr'>ἀνέστη,</span> <span class='ocrx_word' id='word_1_428' title='bbox 1474 3534 1557 3598; x_wconf 88' lang='grc' dir='ltr'><strong>τίς</strong></span> <span class='ocrx_word' id='word_1_429' title='bbox 1598 3535 1704 3606; x_wconf 82' lang='grc' dir='ltr'>ἄρα</span> 
     </span>
    </p>
   </div>
   <div class='ocr_carea' id='block_1_65' title="bbox 123 3617 1700 3694">
    <p class='ocr_par' dir='ltr' id='par_1_65' title="bbox 123 3617 1700 3694">
     <span class='ocr_line' id='line_1_65' title="bbox 123 3617 1700 3694; baseline 0.005 -25"><span class='ocrx_word' id='word_1_430' title='bbox 123 3617 288 3669; x_wconf 74' lang='grc' dir='ltr'>ἐστὶν</span> <span class='ocrx_word' id='word_1_431' title='bbox 313 3619 344 3670; x_wconf 90' lang='lat'><strong>6</strong></span> <span class='ocrx_word' id='word_1_432' title='bbox 370 3617 460 3670; x_wconf 82' lang='grc' dir='ltr'>τὸν</span> <span class='ocrx_word' id='word_1_433' title='bbox 490 3619 555 3671; x_wconf 81' lang='grc' dir='ltr'>ἐκ</span> <span class='ocrx_word' id='word_1_434' title='bbox 574 3619 673 3690; x_wconf 85' lang='grc' dir='ltr'><strong>τῆς</strong></span> <span class='ocrx_word' id='word_1_435' title='bbox 701 3621 974 3691; x_wconf 80' lang='grc' dir='ltr'>ἁμαρτίας</span> <span class='ocrx_word' id='word_1_436' title='bbox 1006 3622 1234 3676; x_wconf 81' lang='grc' dir='ltr'>θάνατον</span> <span class='ocrx_word' id='word_1_437' title='bbox 1252 3623 1700 3694; x_wconf 76' lang='grc' dir='ltr'>διαφευξόμενοςς</span> 
     </span>
    </p>
   </div>
   <div class='ocr_carea' id='block_1_66' title="bbox 124 3707 1705 3792">
    <p class='ocr_par' dir='ltr' id='par_1_66' title="bbox 124 3707 1705 3792">
     <span class='ocr_line' id='line_1_66' title="bbox 124 3707 1705 3792; baseline 0.005 -33"><span class='ocrx_word' id='word_1_438' title='bbox 124 3707 335 3770; x_wconf 73' lang='grc' dir='ltr'>Οὐδεὶς</span> <span class='ocrx_word' id='word_1_439' title='bbox 362 3709 391 3759; x_wconf 89' lang='lat'><strong>6</strong></span> <span class='ocrx_word' id='word_1_440' title='bbox 429 3707 671 3778; x_wconf 86' lang='grc' dir='ltr'>μηδόλως</span> <span class='ocrx_word' id='word_1_441' title='bbox 714 3711 994 3783; x_wconf 80' lang='grc' dir='ltr'>ἁμαρτών.</span> <span class='ocrx_word' id='word_1_442' title='bbox 1028 3712 1378 3782; x_wconf 80' lang='grc' dir='ltr'>Μακαριστὺς</span> <span class='ocrx_word' id='word_1_443' title='bbox 1403 3710 1516 3792; x_wconf 65' lang='grc' dir='ltr'><strong>οὖῂ</strong></span> <span class='ocrx_word' id='word_1_444' title='bbox 1541 3717 1569 3766; x_wconf 90' lang='lat'><strong>6</strong></span> <span class='ocrx_word' id='word_1_445' title='bbox 1616 3715 1705 3768; x_wconf 81' lang='grc' dir='ltr'>διὰ</span> 
     </span>
    </p>
   </div>
   <div class='ocr_carea' id='block_1_67' title="bbox 127 3797 1707 3874">
    <p class='ocr_par' dir='ltr' id='par_1_67' title="bbox 127 3797 1707 3874">
     <span class='ocr_line' id='line_1_67' title="bbox 127 3797 1707 3874; baseline 0.004 -24"><span class='ocrx_word' id='word_1_446' title='bbox 127 3797 438 3867; x_wconf 81' lang='grc' dir='ltr'>μετανοίας</span> <span class='ocrx_word' id='word_1_447' title='bbox 467 3800 935 3870; x_wconf 82' lang='grc' dir='ltr'>ἀνακαλούμενος·</span> <span class='ocrx_word' id='word_1_448' title='bbox 977 3804 1010 3871; x_wconf 83' lang='grc' dir='ltr'>ὴ</span> <span class='ocrx_word' id='word_1_449' title='bbox 1033 3802 1105 3874; x_wconf 32' lang='grc' dir='ltr'><strong>ιδὲ</strong></span> <span class='ocrx_word' id='word_1_450' title='bbox 1139 3803 1389 3868; x_wconf 79' lang='grc' dir='ltr'>σύνταξις</span> <span class='ocrx_word' id='word_1_451' title='bbox 1441 3803 1536 3856; x_wconf 83' lang='grc' dir='ltr'>τοῦ</span> <span class='ocrx_word' id='word_1_452' title='bbox 1568 3819 1707 3874; x_wconf 83' lang='grc' dir='ltr'>παρ-</span> 
     </span>
    </p>
   </div>
   <div class='ocr_carea' id='block_1_68' title="bbox 124 3869 1709 3966">
    <p class='ocr_par' dir='ltr' id='par_1_68' title="bbox 124 3869 1709 3966">
     <span class='ocr_line' id='line_1_68' title="bbox 124 3869 1709 3966; baseline 0.003 -24"><span class='ocrx_word' id='word_1_453' title='bbox 124 3891 416 3961; x_wconf 82' lang='grc' dir='ltr'>επομένου</span> <span class='ocrx_word' id='word_1_454' title='bbox 445 3891 623 3959; x_wconf 88' lang='grc' dir='ltr'>λόγου,</span> <span class='ocrx_word' id='word_1_455' title='bbox 656 3869 1162 3964; x_wconf 13' lang='grc' dir='ltr'>τῴίρηθέντινέστὶν</span> <span class='ocrx_word' id='word_1_456' title='bbox 1191 3895 1351 3966; x_wconf 77' lang='grc' dir='ltr'>αὕτη.</span> <span class='ocrx_word' id='word_1_457' title='bbox 1383 3897 1439 3949; x_wconf 86' lang='grc' dir='ltr'><strong>Ὀ</strong></span> <span class='ocrx_word' id='word_1_458' title='bbox 1473 3869 1709 3966; x_wconf 80' lang='grc' dir='ltr'>μακαρί-</span> 
     </span>
    </p>
   </div>
   <div class='ocr_carea' id='block_1_69' title="bbox 125 3981 1705 4061">
    <p class='ocr_par' dir='ltr' id='par_1_69' title="bbox 125 3981 1705 4061">
     <span class='ocr_line' id='line_1_69' title="bbox 125 3981 1705 4061; baseline -0.011 -28"><span class='ocrx_word' id='word_1_459' title='bbox 125 3981 274 4045; x_wconf 81' lang='grc' dir='ltr'>ζων,</span> <span class='ocrx_word' id='word_1_460' title='bbox 306 3982 461 4050; x_wconf 80' lang='grc' dir='ltr'>φησὶ,</span> <span class='ocrx_word' id='word_1_461' title='bbox 496 3982 588 4034; x_wconf 84' lang='grc' dir='ltr'>τὸν</span> <span class='ocrx_word' id='word_1_462' title='bbox 621 3985 977 4052; x_wconf 83' lang='grc' dir='ltr'>μετανοοῦντα</span> <span class='ocrx_word' id='word_1_463' title='bbox 995 4001 1010 4016; x_wconf 84' lang='grc'>⁶</span> <span class='ocrx_word' id='word_1_464' title='bbox 1044 3982 1198 4050; x_wconf 72' lang='grc' dir='ltr'>οὗτος</span> <span class='ocrx_word' id='word_1_465' title='bbox 1225 3987 1334 4058; x_wconf 84' lang='grc' dir='ltr'>γὰρ</span> <span class='ocrx_word' id='word_1_466' title='bbox 1358 3989 1387 4040; x_wconf 74' lang='grc' dir='ltr'><strong>ὁ</strong></span> <span class='ocrx_word' id='word_1_467' title='bbox 1412 3989 1671 4061; x_wconf 68' lang='grc' dir='ltr'><strong>πρότερος</strong></span> <span class='ocrx_word' id='word_1_468' title='bbox 1690 4003 1705 4016; x_wconf 90' lang='grc'><strong>.</strong></span> 
     </span>
    </p>
   </div>
   <div class='ocr_carea' id='block_1_70' title="bbox 120 4073 1711 4149">
    <p class='ocr_par' dir='ltr' id='par_1_70' title="bbox 120 4073 1711 4149">
     <span class='ocr_line' id='line_1_70' title="bbox 120 4073 1711 4149; baseline 0.004 -22"><span class='ocrx_word' id='word_1_469' title='bbox 120 4073 303 4127; x_wconf 78' lang='grc' dir='ltr'>τοῦτο</span> <span class='ocrx_word' id='word_1_470' title='bbox 365 4077 621 4144; x_wconf 87' lang='grc' dir='ltr'>παραινεῖ</span> <span class='ocrx_word' id='word_1_471' title='bbox 665 4076 760 4129; x_wconf 75' lang='grc' dir='ltr'><strong>καὶ</strong></span> <span class='ocrx_word' id='word_1_472' title='bbox 813 4077 1049 4132; x_wconf 80' lang='grc' dir='ltr'>διδάσκει</span> <span class='ocrx_word' id='word_1_473' title='bbox 1072 4094 1088 4110; x_wconf 77' lang='grc' dir='ltr'><strong><em>ο</em></strong></span> <span class='ocrx_word' id='word_1_474' title='bbox 1145 4080 1387 4149; x_wconf 83' lang='grc' dir='ltr'>μηδόλως</span> <span class='ocrx_word' id='word_1_475' title='bbox 1432 4078 1568 4134; x_wconf 76' lang='grc' dir='ltr'>εῖναι</span> <span class='ocrx_word' id='word_1_476' title='bbox 1610 4082 1711 4149; x_wconf 79' lang='grc' dir='ltr'>τὴν</span> 
     </span>
    </p>
   </div>
   <div class='ocr_carea' id='block_1_71' title="bbox 125 4166 1711 4244">
    <p class='ocr_par' dir='ltr' id='par_1_71' title="bbox 125 4166 1711 4244">
     <span class='ocr_line' id='line_1_71' title="bbox 125 4166 1711 4244; baseline 0.005 -26"><span class='ocrx_word' id='word_1_477' title='bbox 125 4166 458 4233; x_wconf 83' lang='grc' dir='ltr'>ἀπόγνωσιν</span> <span class='ocrx_word' id='word_1_478' title='bbox 495 4169 553 4220; x_wconf 79' lang='grc' dir='ltr'>ἐν</span> <span class='ocrx_word' id='word_1_479' title='bbox 589 4170 699 4230; x_wconf 85' lang='grc' dir='ltr'>τοῖς</span> <span class='ocrx_word' id='word_1_480' title='bbox 731 4169 1038 4224; x_wconf 88' lang='grc' dir='ltr'>πίπτουσιν.</span> <span class='ocrx_word' id='word_1_481' title='bbox 1090 4171 1316 4239; x_wconf 84' lang='grc' dir='ltr'>Ἤγουν,</span> <span class='ocrx_word' id='word_1_482' title='bbox 1349 4173 1408 4227; x_wconf 84' lang='grc' dir='ltr'>ού</span> <span class='ocrx_word' id='word_1_483' title='bbox 1440 4175 1544 4244; x_wconf 82' lang='grc' dir='ltr'><strong>χρὴ</strong></span> <span class='ocrx_word' id='word_1_484' title='bbox 1576 4175 1711 4226; x_wconf 82' lang='grc' dir='ltr'>ἀπο-</span> 
     </span>
    </p>
   </div>
   <div class='ocr_carea' id='block_1_72' title="bbox 120 4255 1712 4330">
    <p class='ocr_par' dir='ltr' id='par_1_72' title="bbox 120 4255 1712 4330">
     <span class='ocr_line' id='line_1_72' title="bbox 120 4255 1712 4330; baseline 0.006 -22"><span class='ocrx_word' id='word_1_485' title='bbox 120 4255 440 4324; x_wconf 83' lang='grc' dir='ltr'>γινώσκειν</span> <span class='ocrx_word' id='word_1_486' title='bbox 481 4257 608 4321; x_wconf 74' lang='grc' dir='ltr'>τοὺς</span> <span class='ocrx_word' id='word_1_487' title='bbox 655 4260 966 4322; x_wconf 84' lang='grc' dir='ltr'>πίπτοντας.</span> <span class='ocrx_word' id='word_1_488' title='bbox 1008 4263 1099 4325; x_wconf 74' lang='grc' dir='ltr'>Τὸ,</span> <span class='ocrx_word' id='word_1_489' title='bbox 1133 4262 1428 4330; x_wconf 79' lang='grc' dir='ltr'>δυσωπεῖ,</span> <span class='ocrx_word' id='word_1_490' title='bbox 1490 4263 1547 4317; x_wconf 79' lang='grc' dir='ltr'>δὲ</span> <span class='ocrx_word' id='word_1_491' title='bbox 1593 4267 1712 4319; x_wconf 75' lang='grc' dir='ltr'>ἀντὶ</span> 
     </span>
    </p>
   </div>
   <div class='ocr_carea' id='block_1_73' title="bbox 120 4347 1710 4425">
    <p class='ocr_par' dir='ltr' id='par_1_73' title="bbox 120 4347 1710 4425">
     <span class='ocr_line' id='line_1_73' title="bbox 120 4347 1710 4425; baseline 0.007 -26"><span class='ocrx_word' id='word_1_492' title='bbox 120 4347 230 4400; x_wconf 74' lang='grc' dir='ltr'><strong>τοῦ</strong></span> <span class='ocrx_word' id='word_1_493' title='bbox 264 4349 566 4414; x_wconf 59' lang='grc' dir='ltr'>παραινεῖ,</span> <span class='ocrx_word' id='word_1_494' title='bbox 599 4351 838 4403; x_wconf 84' lang='grc' dir='ltr'>νουθετεῖ</span> <span class='ocrx_word' id='word_1_495' title='bbox 882 4352 1043 4405; x_wconf 81' lang='grc' dir='ltr'>πάλιν</span> <span class='ocrx_word' id='word_1_496' title='bbox 1069 4353 1145 4425; x_wconf 85' lang='lat' dir='ltr'><strong>(a)</strong></span> <span class='ocrx_word' id='word_1_497' title='bbox 1222 4393 1238 4407; x_wconf 95' lang='lat'><strong>.</strong></span> <span class='ocrx_word' id='word_1_498' title='bbox 1326 4393 1342 4408; x_wconf 92' lang='lat'><strong>.</strong></span> <span class='ocrx_word' id='word_1_499' title='bbox 1420 4395 1434 4410; x_wconf 91' lang='lat'><strong>.</strong></span> <span class='ocrx_word' id='word_1_500' title='bbox 1511 4394 1527 4408; x_wconf 92' lang='lat'><strong>.</strong></span> <span class='ocrx_word' id='word_1_501' title='bbox 1601 4393 1617 4408; x_wconf 94' lang='lat'><strong>.</strong></span> <span class='ocrx_word' id='word_1_502' title='bbox 1695 4395 1710 4410; x_wconf 95' lang='lat'><strong>.</strong></span> 
     </span>
    </p>
   </div>
   <div class='ocr_carea' id='block_1_74' title="bbox 122 4435 1712 4516">
    <p class='ocr_par' dir='ltr' id='par_1_74' title="bbox 122 4435 1712 4516">
     <span class='ocr_line' id='line_1_74' title="bbox 122 4435 1712 4516; baseline 0.008 -29"><span class='ocrx_word' id='word_1_503' title='bbox 122 4435 402 4506; x_wconf 81' lang='grc' dir='ltr'>βασιλεύς</span> <span class='ocrx_word' id='word_1_504' title='bbox 449 4455 534 4501; x_wconf 87' lang='grc' dir='ltr'><strong>τις</strong></span> <span class='ocrx_word' id='word_1_505' title='bbox 586 4438 838 4506; x_wconf 75' lang='grc' dir='ltr'>Ἐφεσίαν</span> <span class='ocrx_word' id='word_1_506' title='bbox 875 4442 1049 4511; x_wconf 83' lang='grc' dir='ltr'>ίερίαν</span> <span class='ocrx_word' id='word_1_507' title='bbox 1083 4444 1336 4516; x_wconf 71' lang='grc' dir='ltr'>[ἱέρειαν]</span> <span class='ocrx_word' id='word_1_508' title='bbox 1369 4444 1491 4499; x_wconf 77' lang='grc' dir='ltr'>ἰδὼν</span> <span class='ocrx_word' id='word_1_509' title='bbox 1540 4448 1712 4516; x_wconf 79' lang='grc' dir='ltr'>ὑπερ-</span> 
     </span>
    </p>
   </div>
   <div class='ocr_carea' id='block_1_75' title="bbox 1802 3272 3368 3346">
    <p class='ocr_par' dir='ltr' id='par_1_75' title="bbox 1802 3272 3368 3346">
     <span class='ocr_line' id='line_1_75' title="bbox 1802 3272 3368 3346; baseline 0.002 -19"><span class='ocrx_word' id='word_1_510' title='bbox 1802 3273 1943 3327; x_wconf 80' lang='lat' dir='ltr'><strong>enim</strong></span> <span class='ocrx_word' id='word_1_511' title='bbox 1991 3273 2256 3327; x_wconf 86' lang='lat' dir='ltr'><strong>crassiora</strong></span> <span class='ocrx_word' id='word_1_512' title='bbox 2295 3287 2392 3328; x_wconf 93' lang='lat' dir='ltr'><strong>seu</strong></span> <span class='ocrx_word' id='word_1_513' title='bbox 2430 3272 2678 3343; x_wconf 80' lang='lat' dir='ltr'><strong>graviora</strong></span> <span class='ocrx_word' id='word_1_514' title='bbox 2728 3274 2857 3328; x_wconf 90' lang='lat' dir='ltr'><strong>vitia</strong></span> <span class='ocrx_word' id='word_1_515' title='bbox 2900 3273 3119 3346; x_wconf 76' lang='lat' dir='ltr'><strong>effugit,</strong></span> <span class='ocrx_word' id='word_1_516' title='bbox 3159 3275 3368 3330; x_wconf 78' lang='lat' dir='ltr'><strong>levibus</strong></span> 
     </span>
    </p>
   </div>
   <div class='ocr_carea' id='block_1_76' title="bbox 1803 3363 3367 3436">
    <p class='ocr_par' dir='ltr' id='par_1_76' title="bbox 1803 3363 3367 3436">
     <span class='ocr_line' id='line_1_76' title="bbox 1803 3363 3367 3436; baseline 0.004 -21"><span class='ocrx_word' id='word_1_517' title='bbox 1803 3371 1982 3418; x_wconf 90' lang='lat' dir='ltr'><strong>tamen</strong></span> <span class='ocrx_word' id='word_1_518' title='bbox 2029 3363 2364 3418; x_wconf 66' lang='lat' dir='ltr'><strong>adhaerescit.</strong></span> <span class='ocrx_word' id='word_1_519' title='bbox 2398 3363 2599 3418; x_wconf 89' lang='lat' dir='ltr'><strong>Delicta</strong></span> <span class='ocrx_word' id='word_1_520' title='bbox 2647 3363 2791 3418; x_wconf 90' lang='lat' dir='ltr'><strong>enim</strong></span> <span class='ocrx_word' id='word_1_521' title='bbox 2851 3365 3051 3436; x_wconf 87' lang='lat' dir='ltr'><strong>(inquit</strong></span> <span class='ocrx_word' id='word_1_522' title='bbox 3085 3365 3254 3421; x_wconf 83' lang='lat' dir='ltr'><strong>David</strong></span> <span class='ocrx_word' id='word_1_523' title='bbox 3301 3367 3367 3434; x_wconf 76' lang='lat'><strong>°’)</strong></span> 
     </span>
    </p>
   </div>
   <div class='ocr_carea' id='block_1_77' title="bbox 1803 3454 3372 3526">
    <p class='ocr_par' dir='ltr' id='par_1_77' title="bbox 1803 3454 3372 3526">
     <span class='ocr_line' id='line_1_77' title="bbox 1803 3454 3372 3526; baseline 0.002 -19"><span class='ocrx_word' id='word_1_524' title='bbox 1803 3454 1926 3523; x_wconf 87' lang='lat' dir='ltr'><strong>quis</strong></span> <span class='ocrx_word' id='word_1_525' title='bbox 1954 3455 2248 3524; x_wconf 81' lang='lat' dir='ltr'><strong>intelliget?</strong></span> <span class='ocrx_word' id='word_1_526' title='bbox 2269 3455 2324 3508; x_wconf 87' lang='lat' dir='ltr'><strong>Si</strong></span> <span class='ocrx_word' id='word_1_527' title='bbox 2349 3455 2490 3509; x_wconf 72' lang='lat' dir='ltr'><strong>enim</strong></span> <span class='ocrx_word' id='word_1_528' title='bbox 2517 3455 2770 3512; x_wconf 89' lang='lat' dir='ltr'><strong>Christus</strong></span> <span class='ocrx_word' id='word_1_529' title='bbox 2790 3457 2843 3511; x_wconf 92' lang='lat' dir='ltr'><strong>iu</strong></span> <span class='ocrx_word' id='word_1_530' title='bbox 2865 3457 3020 3526; x_wconf 89' lang='lat' dir='ltr'><strong>cujus</strong></span> <span class='ocrx_word' id='word_1_531' title='bbox 3045 3471 3140 3512; x_wconf 91' lang='lat' dir='ltr'><strong>ore</strong></span> <span class='ocrx_word' id='word_1_532' title='bbox 3158 3471 3264 3512; x_wconf 91' lang='lat' dir='ltr'><strong>non</strong></span> <span class='ocrx_word' id='word_1_533' title='bbox 3289 3467 3372 3511; x_wconf 90' lang='lat' dir='ltr'><strong>est</strong></span> 
     </span>
    </p>
   </div>
   <div class='ocr_carea' id='block_1_78' title="bbox 1805 3543 3367 3617">
    <p class='ocr_par' dir='ltr' id='par_1_78' title="bbox 1805 3543 3367 3617">
     <span class='ocr_line' id='line_1_78' title="bbox 1805 3543 3367 3617; baseline -0.001 -18"><span class='ocrx_word' id='word_1_534' title='bbox 1805 3543 1968 3617; x_wconf 64' lang='grc'><strong>244</strong></span> <span class='ocrx_word' id='word_1_535' title='bbox 1999 3545 2248 3601; x_wconf 89' lang='lat' dir='ltr'><strong>inventus</strong></span> <span class='ocrx_word' id='word_1_536' title='bbox 2277 3547 2435 3600; x_wconf 84' lang='lat' dir='ltr'><strong>dolus</strong></span> <span class='ocrx_word' id='word_1_537' title='bbox 2463 3546 2528 3612; x_wconf 80' lang='lat'><strong>“,</strong></span> <span class='ocrx_word' id='word_1_538' title='bbox 2571 3556 2819 3603; x_wconf 92' lang='lat' dir='ltr'><strong>mortuus</strong></span> <span class='ocrx_word' id='word_1_539' title='bbox 2866 3555 3019 3602; x_wconf 87' lang='lat' dir='ltr'><strong>estet</strong></span> <span class='ocrx_word' id='word_1_540' title='bbox 3050 3547 3367 3609; x_wconf 78' lang='lat' dir='ltr'><strong>resurrexit,</strong></span> 
     </span>
    </p>
   </div>
   <div class='ocr_carea' id='block_1_79' title="bbox 1803 3637 3370 3708">
    <p class='ocr_par' dir='ltr' id='par_1_79' title="bbox 1803 3637 3370 3708">
     <span class='ocr_line' id='line_1_79' title="bbox 1803 3637 3370 3708; baseline -0.002 -19"><span class='ocrx_word' id='word_1_541' title='bbox 1803 3639 1925 3708; x_wconf 85' lang='lat' dir='ltr'><strong>quis</strong></span> <span class='ocrx_word' id='word_1_542' title='bbox 1979 3646 2062 3692; x_wconf 90' lang='lat' dir='ltr'><strong>est</strong></span> <span class='ocrx_word' id='word_1_543' title='bbox 2117 3638 2210 3708; x_wconf 91' lang='lat' dir='ltr'><strong>qui</strong></span> <span class='ocrx_word' id='word_1_544' title='bbox 2267 3639 2471 3707; x_wconf 85' lang='lat' dir='ltr'><strong>peccati</strong></span> <span class='ocrx_word' id='word_1_545' title='bbox 2502 3648 2730 3694; x_wconf 89' lang='lat' dir='ltr'><strong>mortem</strong></span> <span class='ocrx_word' id='word_1_546' title='bbox 2773 3637 2992 3707; x_wconf 66' lang='lat' dir='ltr'><strong>effugiet</strong></span> <span class='ocrx_word' id='word_1_547' title='bbox 3056 3653 3180 3691; x_wconf 83' lang='lat' dir='ltr'><strong>cum</strong></span> <span class='ocrx_word' id='word_1_548' title='bbox 3213 3652 3370 3692; x_wconf 74' lang='lat' dir='ltr'><strong>nemo</strong></span> 
     </span>
    </p>
   </div>
   <div class='ocr_carea' id='block_1_80' title="bbox 1805 3729 3367 3802">
    <p class='ocr_par' dir='ltr' id='par_1_80' title="bbox 1805 3729 3367 3802">
     <span class='ocr_line' id='line_1_80' title="bbox 1805 3729 3367 3802; baseline -0.002 -19"><span class='ocrx_word' id='word_1_549' title='bbox 1805 3744 2027 3799; x_wconf 89' lang='lat' dir='ltr'><strong>prorsus</strong></span> <span class='ocrx_word' id='word_1_550' title='bbox 2053 3745 2160 3784; x_wconf 89' lang='lat' dir='ltr'><strong>non</strong></span> <span class='ocrx_word' id='word_1_551' title='bbox 2198 3729 2420 3798; x_wconf 46' lang='lat' dir='ltr'><strong>peccet?</strong></span> <span class='ocrx_word' id='word_1_552' title='bbox 2448 3729 2644 3785; x_wconf 74' lang='lat' dir='ltr'><strong>Beatus</strong></span> <span class='ocrx_word' id='word_1_553' title='bbox 2674 3746 2803 3802; x_wconf 85' lang='lat' dir='ltr'><strong>ergo</strong></span> <span class='ocrx_word' id='word_1_554' title='bbox 2843 3731 2930 3784; x_wconf 81' lang='lat' dir='ltr'><strong>ille</strong></span> <span class='ocrx_word' id='word_1_555' title='bbox 2970 3729 3367 3798; x_wconf 48' lang='lat' dir='ltr'><strong>praedicamus.</strong></span> 
     </span>
    </p>
   </div>
   <div class='ocr_carea' id='block_1_81' title="bbox 1805 3818 3367 3890">
    <p class='ocr_par' dir='ltr' id='par_1_81' title="bbox 1805 3818 3367 3890">
     <span class='ocr_line' id='line_1_81' title="bbox 1805 3818 3367 3890; baseline -0.004 -15"><span class='ocrx_word' id='word_1_556' title='bbox 1805 3820 1898 3890; x_wconf 75' lang='lat' dir='ltr'><strong>qui</strong></span> <span class='ocrx_word' id='word_1_557' title='bbox 1948 3835 2041 3888; x_wconf 81' lang='lat' dir='ltr'><strong>per</strong></span> <span class='ocrx_word' id='word_1_558' title='bbox 2081 3820 2453 3888; x_wconf 67' lang='lat' dir='ltr'><strong>paenitentiam</strong></span> <span class='ocrx_word' id='word_1_559' title='bbox 2513 3829 2818 3875; x_wconf 85' lang='lat' dir='ltr'><strong>revocatur.</strong></span> <span class='ocrx_word' id='word_1_560' title='bbox 2875 3818 3160 3889; x_wconf 60' lang='lat' dir='ltr'><strong>Ecquem};</strong></span> <span class='ocrx_word' id='word_1_561' title='bbox 3189 3827 3367 3872; x_wconf 52' lang='lat' dir='ltr'><strong>autem</strong></span> 
     </span>
    </p>
   </div>
   <div class='ocr_carea' id='block_1_82' title="bbox 1807 3908 3365 3980">
    <p class='ocr_par' dir='ltr' id='par_1_82' title="bbox 1807 3908 3365 3980">
     <span class='ocr_line' id='line_1_82' title="bbox 1807 3908 3365 3980; baseline -0.005 -16"><span class='ocrx_word' id='word_1_562' title='bbox 1807 3909 2076 3964; x_wconf 88' lang='lat' dir='ltr'><strong>sermonis</strong></span> <span class='ocrx_word' id='word_1_563' title='bbox 2101 3925 2195 3963; x_wconf 77' lang='lat' dir='ltr'><strong>seu</strong></span> <span class='ocrx_word' id='word_1_564' title='bbox 2228 3911 2376 3964; x_wconf 90' lang='lat' dir='ltr'><strong>verhi</strong></span> <span class='ocrx_word' id='word_1_565' title='bbox 2400 3926 2524 3966; x_wconf 90' lang='lat' dir='ltr'><strong>cum</strong></span> <span class='ocrx_word' id='word_1_566' title='bbox 2555 3909 2879 3980; x_wconf 73' lang='lat' dir='ltr'><strong>przecedent‘.</strong></span> <span class='ocrx_word' id='word_1_567' title='bbox 2919 3908 3060 3962; x_wconf 74' lang='lat' dir='ltr'><strong>dicte</strong></span> <span class='ocrx_word' id='word_1_568' title='bbox 3088 3908 3166 3962; x_wconf 91' lang='lat' dir='ltr'><strong>sic</strong></span> <span class='ocrx_word' id='word_1_569' title='bbox 3195 3924 3246 3961; x_wconf 70' lang='lat' dir='ltr'><strong>c.</strong></span> <span class='ocrx_word' id='word_1_570' title='bbox 3268 3908 3365 3958; x_wconf 51' lang='lat' dir='ltr'><strong>iuc-</strong></span> 
     </span>
    </p>
   </div>
   <div class='ocr_carea' id='block_1_83' title="bbox 1811 3998 3372 4072">
    <p class='ocr_par' dir='ltr' id='par_1_83' title="bbox 1811 3998 3372 4072">
     <span class='ocr_line' id='line_1_83' title="bbox 1811 3998 3372 4072; baseline -0.003 -18"><span class='ocrx_word' id='word_1_571' title='bbox 1811 4007 1910 4054; x_wconf 87' lang='lat' dir='ltr'><strong>rct.</strong></span> <span class='ocrx_word' id='word_1_572' title='bbox 1948 3998 2308 4067; x_wconf 86' lang='lat' dir='ltr'><strong>Quiheatum,</strong></span> <span class='ocrx_word' id='word_1_573' title='bbox 2341 4002 2534 4071; x_wconf 88' lang='lat' dir='ltr'><strong>inquit,</strong></span> <span class='ocrx_word' id='word_1_574' title='bbox 2566 4001 2821 4072; x_wconf 64' lang='lat' dir='ltr'><strong>praedicat</strong></span> <span class='ocrx_word' id='word_1_575' title='bbox 2843 4001 3193 4069; x_wconf 77' lang='lat' dir='ltr'><strong>pcenitentem</strong></span> <span class='ocrx_word' id='word_1_576' title='bbox 3232 4017 3245 4053; x_wconf 90' lang='lat'><strong>:</strong></span> <span class='ocrx_word' id='word_1_577' title='bbox 3285 3999 3372 4052; x_wconf 73' lang='lat' dir='ltr'><strong>hic</strong></span> 
     </span>
    </p>
   </div>
   <div class='ocr_carea' id='block_1_84' title="bbox 1808 4087 3372 4160">
    <p class='ocr_par' dir='ltr' id='par_1_84' title="bbox 1808 4087 3372 4160">
     <span class='ocr_line' id='line_1_84' title="bbox 1808 4087 3372 4160; baseline -0.001 -17"><span class='ocrx_word' id='word_1_578' title='bbox 1808 4091 1949 4144; x_wconf 82' lang='lat' dir='ltr'><strong>enim</strong></span> <span class='ocrx_word' id='word_1_579' title='bbox 1983 4099 2068 4145; x_wconf 91' lang='lat' dir='ltr'><strong>est</strong></span> <span class='ocrx_word' id='word_1_580' title='bbox 2090 4091 2258 4160; x_wconf 90' lang='lat' dir='ltr'><strong>prior,</strong></span> <span class='ocrx_word' id='word_1_581' title='bbox 2285 4092 2387 4146; x_wconf 88' lang='lat' dir='ltr'><strong>hoc</strong></span> <span class='ocrx_word' id='word_1_582' title='bbox 2413 4101 2592 4146; x_wconf 88' lang='lat' dir='ltr'><strong>monet</strong></span> <span class='ocrx_word' id='word_1_583' title='bbox 2623 4101 2677 4146; x_wconf 92' lang='lat' dir='ltr'><strong>et</strong></span> <span class='ocrx_word' id='word_1_584' title='bbox 2697 4092 2873 4156; x_wconf 89' lang='lat' dir='ltr'><strong>docet,</strong></span> <span class='ocrx_word' id='word_1_585' title='bbox 2907 4089 3055 4144; x_wconf 91' lang='lat' dir='ltr'><strong>nullo</strong></span> <span class='ocrx_word' id='word_1_586' title='bbox 3086 4089 3247 4143; x_wconf 89' lang='lat' dir='ltr'><strong>modo</strong></span> <span class='ocrx_word' id='word_1_587' title='bbox 3273 4087 3372 4142; x_wconf 87' lang='lat' dir='ltr'><strong>de-</strong></span> 
     </span>
    </p>
   </div>
   <div class='ocr_carea' id='block_1_85' title="bbox 1809 4180 3368 4251">
    <p class='ocr_par' dir='ltr' id='par_1_85' title="bbox 1809 4180 3368 4251">
     <span class='ocr_line' id='line_1_85' title="bbox 1809 4180 3368 4251; baseline 0 -17"><span class='ocrx_word' id='word_1_588' title='bbox 1809 4180 2133 4249; x_wconf 89' lang='lat' dir='ltr'><strong>sperandum</strong></span> <span class='ocrx_word' id='word_1_589' title='bbox 2159 4181 2226 4236; x_wconf 88' lang='lat' dir='ltr'><strong>iis</strong></span> <span class='ocrx_word' id='word_1_590' title='bbox 2253 4183 2346 4251; x_wconf 92' lang='lat' dir='ltr'><strong>qui</strong></span> <span class='ocrx_word' id='word_1_591' title='bbox 2374 4181 2702 4236; x_wconf 88' lang='lat' dir='ltr'><strong>ceciderunt.</strong></span> <span class='ocrx_word' id='word_1_592' title='bbox 2740 4181 2864 4236; x_wconf 86' lang='lat' dir='ltr'><strong>Sive</strong></span> <span class='ocrx_word' id='word_1_593' title='bbox 2896 4223 2910 4237; x_wconf 93' lang='lat'><strong>.</strong></span> <span class='ocrx_word' id='word_1_594' title='bbox 2950 4222 2964 4236; x_wconf 95' lang='lat'><strong>.</strong></span> <span class='ocrx_word' id='word_1_595' title='bbox 3003 4219 3018 4234; x_wconf 91' lang='lat'><strong>.</strong></span> <span class='ocrx_word' id='word_1_596' title='bbox 3057 4223 3072 4235; x_wconf 91' lang='lat'><strong>.</strong></span> <span class='ocrx_word' id='word_1_597' title='bbox 3101 4223 3114 4235; x_wconf 95' lang='lat'><strong>.</strong></span> <span class='ocrx_word' id='word_1_598' title='bbox 3151 4220 3165 4234; x_wconf 95' lang='lat'><strong>.</strong></span> <span class='ocrx_word' id='word_1_599' title='bbox 3194 4221 3207 4234; x_wconf 93' lang='lat'><strong>.</strong></span> <span class='ocrx_word' id='word_1_600' title='bbox 3239 4218 3254 4232; x_wconf 94' lang='lat'><strong>.</strong></span> <span class='ocrx_word' id='word_1_601' title='bbox 3301 4216 3318 4234; x_wconf 89' lang='lat'><strong>.</strong></span> <span class='ocrx_word' id='word_1_602' title='bbox 3350 4219 3368 4234; x_wconf 90' lang='lat'><strong>.</strong></span> 
     </span>
    </p>
   </div>
   <div class='ocr_carea' id='block_1_86' title="bbox 1811 4272 3372 4343">
    <p class='ocr_par' dir='ltr' id='par_1_86' title="bbox 1811 4272 3372 4343">
     <span class='ocr_line' id='line_1_86' title="bbox 1811 4272 3372 4343; baseline -0.001 -18"><span class='ocrx_word' id='word_1_603' title='bbox 1811 4286 1920 4325; x_wconf 93' lang='lat' dir='ltr'><strong>non</strong></span> <span class='ocrx_word' id='word_1_604' title='bbox 1965 4281 2176 4341; x_wconf 89' lang='lat' dir='ltr'><strong>oportet</strong></span> <span class='ocrx_word' id='word_1_605' title='bbox 2237 4273 2524 4336; x_wconf 73' lang='lat' dir='ltr'><strong>deeperare</strong></span> <span class='ocrx_word' id='word_1_606' title='bbox 2577 4274 2666 4343; x_wconf 92' lang='lat' dir='ltr'><strong>qui</strong></span> <span class='ocrx_word' id='word_1_607' title='bbox 2696 4272 2918 4327; x_wconf 88' lang='lat' dir='ltr'><strong>cadunt.</strong></span> <span class='ocrx_word' id='word_1_608' title='bbox 2949 4272 3084 4327; x_wconf 88' lang='lat' dir='ltr'><strong>lllud</strong></span> <span class='ocrx_word' id='word_1_609' title='bbox 3112 4273 3372 4335; x_wconf 78' lang='grc' dir='ltr'>δυσωπεῖ,</span> 
     </span>
    </p>
   </div>
   <div class='ocr_carea' id='block_1_87' title="bbox 1811 4362 3372 4434">
    <p class='ocr_par' dir='ltr' id='par_1_87' title="bbox 1811 4362 3372 4434">
     <span class='ocr_line' id='line_1_87' title="bbox 1811 4362 3372 4434; baseline 0 -20"><span class='ocrx_word' id='word_1_610' title='bbox 1811 4370 1984 4432; x_wconf 81' lang='lat' dir='ltr'><strong>rogat,</strong></span> <span class='ocrx_word' id='word_1_611' title='bbox 2043 4362 2194 4433; x_wconf 86' lang='lat' dir='ltr'><strong>ponit</strong></span> <span class='ocrx_word' id='word_1_612' title='bbox 2253 4376 2352 4432; x_wconf 91' lang='lat' dir='ltr'><strong>pro</strong></span> <span class='ocrx_word' id='word_1_613' title='bbox 2395 4365 2671 4434; x_wconf 82' lang='grc' dir='ltr'>παραινεῖ,</span> <span class='ocrx_word' id='word_1_614' title='bbox 2706 4363 2760 4420; x_wconf 88' lang='lat' dir='ltr'><strong>id</strong></span> <span class='ocrx_word' id='word_1_615' title='bbox 2804 4376 2908 4430; x_wconf 87' lang='lat' dir='ltr'><strong>est,</strong></span> <span class='ocrx_word' id='word_1_616' title='bbox 2949 4364 3212 4426; x_wconf 72' lang='lat' dir='ltr'><strong>hortatur,</strong></span> <span class='ocrx_word' id='word_1_617' title='bbox 3258 4380 3372 4414; x_wconf 87' lang='lat' dir='ltr'><strong>mo-</strong></span> 
     </span>
    </p>
   </div>
   <div class='ocr_carea' id='block_1_88' title="bbox 1811 4462 2478 4508">
    <p class='ocr_par' dir='ltr' id='par_1_88' title="bbox 1811 4462 2478 4508">
     <span class='ocr_line' id='line_1_88' title="bbox 1811 4462 2478 4508; baseline 0 -2"><span class='ocrx_word' id='word_1_618' title='bbox 1811 4462 1895 4506; x_wconf 80' lang='lat' dir='ltr'><strong>net</strong></span> 
     </span>
    </p>
   </div>
   <div class='ocr_carea' id='block_1_89' title="bbox 121 4525 1786 4614">
    <p class='ocr_par' dir='ltr' id='par_1_89' title="bbox 121 4525 1784 4602">
     <span class='ocr_line' id='line_1_89' title="bbox 121 4525 1784 4602; baseline 0.007 -26"><span class='ocrx_word' id='word_1_619' title='bbox 121 4525 271 4595; x_wconf 79' lang='grc' dir='ltr'>ϐολῇ</span> <span class='ocrx_word' id='word_1_620' title='bbox 308 4525 451 4597; x_wconf 87' lang='grc' dir='ltr'><strong>καλῇ</strong></span> <span class='ocrx_word' id='word_1_621' title='bbox 486 4529 761 4594; x_wconf 81' lang='grc' dir='ltr'>φανεῖσαν,</span> <span class='ocrx_word' id='word_1_622' title='bbox 811 4529 1093 4593; x_wconf 74' lang='grc' dir='ltr'>ἀνέζευξεν</span> <span class='ocrx_word' id='word_1_623' title='bbox 1137 4531 1298 4596; x_wconf 79' lang='grc' dir='ltr'>εὐθὺς</span> <span class='ocrx_word' id='word_1_624' title='bbox 1344 4533 1405 4597; x_wconf 77' lang='grc' dir='ltr'>ἐξ</span> <span class='ocrx_word' id='word_1_625' title='bbox 1461 4533 1708 4602; x_wconf 76' lang='grc' dir='ltr'>Ἐφέσου,</span> <span class='ocrx_word' id='word_1_626' title='bbox 1743 4545 1784 4600; x_wconf 75' lang='grc' dir='ltr'>ο</span> 
     </span>
    </p>
   </div>
   <div class='ocr_carea' id='block_1_90' title="bbox 1709 4525 3374 4614">
    <p class='ocr_par' dir='ltr' id='par_1_90' title="bbox 1743 4543 3374 4614">
     <span class='ocr_line' id='line_1_90' title="bbox 1743 4543 3374 4614; baseline -0.002 -14"><span class='ocrx_word' id='word_1_627' title='bbox 1743 4545 1784 4600; x_wconf 87' lang='lat' dir='ltr'><strong>D</strong></span> <span class='ocrx_word' id='word_1_628' title='bbox 1814 4546 2034 4600; x_wconf 84' lang='lat' dir='ltr'><strong>iterum.</strong></span> <span class='ocrx_word' id='word_1_629' title='bbox 2085 4543 2290 4614; x_wconf 80' lang='lat' dir='ltr'><strong>Regum</strong></span> <span class='ocrx_word' id='word_1_630' title='bbox 2316 4543 2583 4614; x_wconf 83' lang='lat' dir='ltr'><strong>quispiam</strong></span> <span class='ocrx_word' id='word_1_631' title='bbox 2615 4543 2901 4613; x_wconf 87' lang='lat' dir='ltr'><strong>Ephesiam</strong></span> <span class='ocrx_word' id='word_1_632' title='bbox 2933 4545 3266 4599; x_wconf 89' lang='lat' dir='ltr'><strong>sacerdotem</strong></span> <span class='ocrx_word' id='word_1_633' title='bbox 3293 4545 3374 4598; x_wconf 88' lang='lat' dir='ltr'><strong>in-</strong></span> 
     </span>
    </p>
   </div>
   <div class='ocr_carea' id='block_1_91' title="bbox 119 4615 1710 4695">
    <p class='ocr_par' dir='ltr' id='par_1_91' title="bbox 119 4615 1710 4695">
     <span class='ocr_line' id='line_1_91' title="bbox 119 4615 1710 4695; baseline 0.007 -28"><span class='ocrx_word' id='word_1_634' title='bbox 119 4615 486 4686; x_wconf 68' lang='grc' dir='ltr'>φοϐούμενος</span> <span class='ocrx_word' id='word_1_635' title='bbox 516 4617 591 4689; x_wconf 81' lang='grc' dir='ltr'>μὴ</span> <span class='ocrx_word' id='word_1_636' title='bbox 639 4619 784 4688; x_wconf 82' lang='grc' dir='ltr'>παρὰ</span> <span class='ocrx_word' id='word_1_637' title='bbox 831 4621 1054 4689; x_wconf 87' lang='grc' dir='ltr'>γνώμην</span> <span class='ocrx_word' id='word_1_638' title='bbox 1102 4622 1364 4695; x_wconf 75' lang='grc' dir='ltr'>ἐκϐιασθῇ</span> <span class='ocrx_word' id='word_1_639' title='bbox 1405 4624 1607 4695; x_wconf 78' lang='grc' dir='ltr'>πρᾶξαί</span> <span class='ocrx_word' id='word_1_640' title='bbox 1659 4642 1710 4678; x_wconf 88' lang='grc' dir='ltr'><strong>τι</strong></span> 
     </span>
    </p>
   </div>
   <div class='ocr_carea' id='block_1_92' title="bbox 117 4709 1711 4787">
    <p class='ocr_par' dir='ltr' id='par_1_92' title="bbox 117 4709 1711 4787">
     <span class='ocr_line' id='line_1_92' title="bbox 117 4709 1711 4787; baseline 0.006 -26"><span class='ocrx_word' id='word_1_641' title='bbox 117 4709 244 4762; x_wconf 81' lang='grc' dir='ltr'>τῶν</span> <span class='ocrx_word' id='word_1_642' title='bbox 277 4709 383 4778; x_wconf 80' lang='grc' dir='ltr'><strong>οὐχ</strong></span> <span class='ocrx_word' id='word_1_643' title='bbox 414 4709 598 4765; x_wconf 81' lang='grc' dir='ltr'>ὁσίων.</span> <span class='ocrx_word' id='word_1_644' title='bbox 641 4713 750 4765; x_wconf 79' lang='grc' dir='ltr'><strong>Καὶ</strong></span> <span class='ocrx_word' id='word_1_645' title='bbox 780 4712 959 4783; x_wconf 83' lang='grc' dir='ltr'>Κῦρος</span> <span class='ocrx_word' id='word_1_646' title='bbox 999 4714 1056 4766; x_wconf 83' lang='grc' dir='ltr'>δὲ</span> <span class='ocrx_word' id='word_1_647' title='bbox 1104 4717 1133 4768; x_wconf 93' lang='lat'><strong>6</strong></span> <span class='ocrx_word' id='word_1_648' title='bbox 1165 4716 1380 4787; x_wconf 79' lang='grc' dir='ltr'>Πέρσης</span> <span class='ocrx_word' id='word_1_649' title='bbox 1427 4717 1548 4770; x_wconf 83' lang='grc' dir='ltr'>οὐδὲ</span> <span class='ocrx_word' id='word_1_650' title='bbox 1583 4718 1711 4772; x_wconf 81' lang='grc' dir='ltr'>ἰδεῖν</span> 
     </span>
    </p>
   </div>
   <div class='ocr_carea' id='block_1_93' title="bbox 117 4800 1710 4880">
    <p class='ocr_par' dir='ltr' id='par_1_93' title="bbox 117 4800 1710 4880">
     <span class='ocr_line' id='line_1_93' title="bbox 117 4800 1710 4880; baseline 0.006 -27"><span class='ocrx_word' id='word_1_651' title='bbox 117 4801 228 4870; x_wconf 69' lang='grc' dir='ltr'><strong>τὴν</strong></span> <span class='ocrx_word' id='word_1_652' title='bbox 262 4800 542 4854; x_wconf 78' lang='grc' dir='ltr'>Πάνθειαν</span> <span class='ocrx_word' id='word_1_653' title='bbox 565 4803 851 4874; x_wconf 74' lang='grc' dir='ltr'>ἐτόλμησε,</span> <span class='ocrx_word' id='word_1_654' title='bbox 878 4805 1182 4876; x_wconf 87' lang='grc' dir='ltr'>θαυμαστόν</span> <span class='ocrx_word' id='word_1_655' title='bbox 1212 4825 1284 4869; x_wconf 86' lang='grc' dir='ltr'><strong>τι,</strong></span> <span class='ocrx_word' id='word_1_656' title='bbox 1318 4811 1410 4862; x_wconf 76' lang='grc' dir='ltr'>καὶ</span> <span class='ocrx_word' id='word_1_657' title='bbox 1434 4811 1710 4880; x_wconf 82' lang='grc' dir='ltr'><strong>ἀμήχανον</strong></span> 
     </span>
    </p>
   </div>
   <div class='ocr_carea' id='block_1_94' title="bbox 118 4889 1710 4971">
    <p class='ocr_par' dir='ltr' id='par_1_94' title="bbox 118 4889 1710 4971">
     <span class='ocr_line' id='line_1_94' title="bbox 118 4889 1710 4971; baseline 0.006 -27"><span class='ocrx_word' id='word_1_658' title='bbox 118 4890 345 4954; x_wconf 74' lang='grc' dir='ltr'>κάλλος</span> <span class='ocrx_word' id='word_1_659' title='bbox 363 4889 507 4960; x_wconf 76' lang='grc' dir='ltr'>ἔχειν</span> <span class='ocrx_word' id='word_1_660' title='bbox 537 4895 1004 4966; x_wconf 78' lang='grc' dir='ltr'>μαρτυρουμένην.</span> <span class='ocrx_word' id='word_1_661' title='bbox 1025 4897 1086 4949; x_wconf 87' lang='lat' dir='ltr'><strong>El</strong></span> <span class='ocrx_word' id='word_1_662' title='bbox 1114 4897 1292 4950; x_wconf 88' lang='grc' dir='ltr'>τοίνυν</span> <span class='ocrx_word' id='word_1_663' title='bbox 1320 4899 1416 4952; x_wconf 78' lang='grc' dir='ltr'>καὶ</span> <span class='ocrx_word' id='word_1_664' title='bbox 1439 4900 1508 4952; x_wconf 83' lang='grc' dir='ltr'>τὰ</span> <span class='ocrx_word' id='word_1_665' title='bbox 1533 4901 1710 4971; x_wconf 80' lang='grc' dir='ltr'>πράγ-</span> 
     </span>
    </p>
   </div>
   <div class='ocr_carea' id='block_1_95' title="bbox 118 4985 1707 5062">
    <p class='ocr_par' dir='ltr' id='par_1_95' title="bbox 118 4985 1707 5062">
     <span class='ocr_line' id='line_1_95' title="bbox 118 4985 1707 5062; baseline 0.005 -26"><span class='ocrx_word' id='word_1_666' title='bbox 118 5001 322 5052; x_wconf 81' lang='grc' dir='ltr'>ματα,</span> <span class='ocrx_word' id='word_1_667' title='bbox 363 4985 456 5036; x_wconf 78' lang='grc' dir='ltr'>καὶ</span> <span class='ocrx_word' id='word_1_668' title='bbox 507 4986 556 5037; x_wconf 78' lang='lat' dir='ltr'><strong>oi.</strong></span> <span class='ocrx_word' id='word_1_669' title='bbox 605 4985 800 5051; x_wconf 83' lang='grc' dir='ltr'>ἔξωθεν</span> <span class='ocrx_word' id='word_1_670' title='bbox 850 4988 928 5058; x_wconf 83' lang='grc' dir='ltr'>τῷ</span> <span class='ocrx_word' id='word_1_671' title='bbox 977 4989 1168 5060; x_wconf 84' lang='grc' dir='ltr'>Παύλῳ</span> <span class='ocrx_word' id='word_1_672' title='bbox 1220 4991 1556 5062; x_wconf 82' lang='grc' dir='ltr'>μαρτυροῦσι</span> <span class='ocrx_word' id='word_1_673' title='bbox 1618 4991 1707 5044; x_wconf 82' lang='grc' dir='ltr'><strong>λέ-</strong></span> 
     </span>
    </p>
   </div>
   <div class='ocr_carea' id='block_1_96' title="bbox 117 5074 1709 5154">
    <p class='ocr_par' dir='ltr' id='par_1_96' title="bbox 117 5074 1709 5154">
     <span class='ocr_line' id='line_1_96' title="bbox 117 5074 1709 5154; baseline 0.006 -27"><span class='ocrx_word' id='word_1_674' title='bbox 117 5091 320 5141; x_wconf 79' lang='grc' dir='ltr'>γοντιο</span> <span class='ocrx_word' id='word_1_675' title='bbox 365 5074 696 5140; x_wconf 81' lang='grc' dir='ltr'>’Υπωπιάζω</span> <span class='ocrx_word' id='word_1_676' title='bbox 726 5094 827 5146; x_wconf 88' lang='grc' dir='ltr'><strong>μου</strong></span> <span class='ocrx_word' id='word_1_677' title='bbox 856 5079 917 5130; x_wconf 87' lang='grc' dir='ltr'><strong>τὸ</strong></span> <span class='ocrx_word' id='word_1_678' title='bbox 965 5080 1143 5150; x_wconf 81' lang='grc' dir='ltr'>σῶμα,</span> <span class='ocrx_word' id='word_1_679' title='bbox 1174 5082 1268 5136; x_wconf 70' lang='grc' dir='ltr'><strong>καὶ</strong></span> <span class='ocrx_word' id='word_1_680' title='bbox 1295 5082 1620 5151; x_wconf 85' lang='grc' dir='ltr'>δουλαγωγῶ</span> <span class='ocrx_word' id='word_1_681' title='bbox 1657 5083 1709 5154; x_wconf 76' lang='grc' dir='ltr'><strong>(ἡ</strong></span> 
     </span>
    </p>
   </div>
   <div class='ocr_carea' id='block_1_97' title="bbox 116 5167 1709 5244">
    <p class='ocr_par' dir='ltr' id='par_1_97' title="bbox 116 5167 1709 5244">
     <span class='ocr_line' id='line_1_97' title="bbox 116 5167 1709 5244; baseline 0.006 -26"><span class='ocrx_word' id='word_1_682' title='bbox 116 5169 243 5237; x_wconf 79' lang='grc' dir='ltr'>γὰρ</span> <span class='ocrx_word' id='word_1_683' title='bbox 301 5167 536 5236; x_wconf 82' lang='grc' dir='ltr'>συνεχὴς</span> <span class='ocrx_word' id='word_1_684' title='bbox 555 5167 650 5220; x_wconf 80' lang='grc' dir='ltr'>θέα</span> <span class='ocrx_word' id='word_1_685' title='bbox 675 5168 792 5231; x_wconf 85' lang='grc' dir='ltr'>όδὸς</span> <span class='ocrx_word' id='word_1_686' title='bbox 818 5171 964 5225; x_wconf 65' lang='grc' dir='ltr'>ἐστιν</span> <span class='ocrx_word' id='word_1_687' title='bbox 989 5172 1082 5225; x_wconf 78' lang='grc' dir='ltr'>ἐπὶ</span> <span class='ocrx_word' id='word_1_688' title='bbox 1114 5170 1213 5244; x_wconf 83' lang='grc' dir='ltr'>τὴν</span> <span class='ocrx_word' id='word_1_689' title='bbox 1246 5174 1442 5244; x_wconf 80' lang='grc' dir='ltr'>πρᾶξιν</span> <span class='ocrx_word' id='word_1_690' title='bbox 1471 5175 1709 5243; x_wconf 76' lang='grc' dir='ltr'>ἄγουσαο</span> 
     </span>
    </p>
   </div>
   <div class='ocr_carea' id='block_1_98' title="bbox 117 5259 1714 5340">
    <p class='ocr_par' dir='ltr' id='par_1_98' title="bbox 117 5259 1714 5340">
     <span class='ocr_line' id='line_1_98' title="bbox 117 5259 1714 5340; baseline 0.006 -27"><span class='ocrx_word' id='word_1_691' title='bbox 117 5262 174 5314; x_wconf 83' lang='grc' dir='ltr'><strong>εί</strong></span> <span class='ocrx_word' id='word_1_692' title='bbox 223 5260 312 5316; x_wconf 66' lang='grc' dir='ltr'><strong>δὲρ</strong></span> <span class='ocrx_word' id='word_1_693' title='bbox 342 5259 437 5312; x_wconf 78' lang='grc' dir='ltr'>καὶ</span> <span class='ocrx_word' id='word_1_694' title='bbox 466 5261 545 5322; x_wconf 87' lang='grc' dir='ltr'><strong>είς</strong></span> <span class='ocrx_word' id='word_1_695' title='bbox 581 5261 738 5331; x_wconf 80' lang='grc' dir='ltr'>ἔργον</span> <span class='ocrx_word' id='word_1_696' title='bbox 769 5263 843 5334; x_wconf 82' lang='grc' dir='ltr'>μὴ</span> <span class='ocrx_word' id='word_1_697' title='bbox 874 5264 1121 5340; x_wconf 72' lang='grc' dir='ltr'>ἐκϐαίνῃ,</span> <span class='ocrx_word' id='word_1_698' title='bbox 1171 5266 1387 5337; x_wconf 89' lang='grc' dir='ltr'>μολύνει</span> <span class='ocrx_word' id='word_1_699' title='bbox 1437 5267 1527 5321; x_wconf 80' lang='grc' dir='ltr'><strong>τὸν</strong></span> <span class='ocrx_word' id='word_1_700' title='bbox 1570 5269 1714 5337; x_wconf 89' lang='grc' dir='ltr'>λογι-</span> 
     </span>
    </p>
   </div>
   <div class='ocr_carea' id='block_1_99' title="bbox 118 5351 1714 5430">
    <p class='ocr_par' dir='ltr' id='par_1_99' title="bbox 118 5351 1714 5430">
     <span class='ocr_line' id='line_1_99' title="bbox 118 5351 1714 5430; baseline 0.006 -24"><span class='ocrx_word' id='word_1_701' title='bbox 118 5353 304 5425; x_wconf 71' lang='grc' dir='ltr'>σμὸν,</span> <span class='ocrx_word' id='word_1_702' title='bbox 324 5352 424 5404; x_wconf 58' lang='grc' dir='ltr'><strong>καί⁸</strong></span> <span class='ocrx_word' id='word_1_703' title='bbox 452 5351 635 5421; x_wconf 85' lang='grc' dir='ltr'>μοιχὸν</span> <span class='ocrx_word' id='word_1_704' title='bbox 657 5355 940 5426; x_wconf 71' lang='grc' dir='ltr'>ἀποφαίνει</span> <span class='ocrx_word' id='word_1_705' title='bbox 975 5357 1065 5410; x_wconf 85' lang='grc' dir='ltr'>τὸν</span> <span class='ocrx_word' id='word_1_706' title='bbox 1095 5358 1333 5430; x_wconf 80' lang='grc' dir='ltr'>ἁλόντα),</span> <span class='ocrx_word' id='word_1_707' title='bbox 1363 5359 1444 5422; x_wconf 85' lang='grc' dir='ltr'><strong>τίς</strong></span> <span class='ocrx_word' id='word_1_708' title='bbox 1463 5363 1714 5417; x_wconf 84' lang='grc' dir='ltr'>τοσοῦτόν</span> 
     </span>
    </p>
   </div>
   <div class='ocr_carea' id='block_1_100' title="bbox 116 5443 1714 5524">
    <p class='ocr_par' dir='ltr' id='par_1_100' title="bbox 116 5443 1714 5524">
     <span class='ocr_line' id='line_1_100' title="bbox 116 5443 1714 5524; baseline 0.009 -30"><span class='ocrx_word' id='word_1_709' title='bbox 116 5447 252 5498; x_wconf 71' lang='grc' dir='ltr'>ἐστι</span> <span class='ocrx_word' id='word_1_710' title='bbox 287 5443 588 5513; x_wconf 80' lang='grc' dir='ltr'>τολμηρὸς,</span> <span class='ocrx_word' id='word_1_711' title='bbox 617 5445 691 5508; x_wconf 83' lang='grc' dir='ltr'>ὡς</span> <span class='ocrx_word' id='word_1_712' title='bbox 719 5449 829 5508; x_wconf 78' lang='grc' dir='ltr'>τοῖς</span> <span class='ocrx_word' id='word_1_713' title='bbox 856 5449 1154 5520; x_wconf 70' lang='grc' dir='ltr'>ἀλλοτρίοις</span> <span class='ocrx_word' id='word_1_714' title='bbox 1184 5451 1419 5523; x_wconf 84' lang='grc' dir='ltr'>συνεχῶς</span> <span class='ocrx_word' id='word_1_715' title='bbox 1448 5455 1714 5524; x_wconf 78' lang='grc' dir='ltr'>ἑστιώμε-</span> 
     </span>
    </p>
   </div>
   <div class='ocr_carea' id='block_1_101' title="bbox 1815 4634 3373 4706">
    <p class='ocr_par' dir='ltr' id='par_1_101' title="bbox 1815 4634 3373 4706">
     <span class='ocr_line' id='line_1_101' title="bbox 1815 4634 3373 4706; baseline -0.001 -16"><span class='ocrx_word' id='word_1_716' title='bbox 1815 4634 2057 4691; x_wconf 85' lang='lat' dir='ltr'><strong>credibili</strong></span> <span class='ocrx_word' id='word_1_717' title='bbox 2089 4634 2490 4705; x_wconf 90' lang='lat' dir='ltr'><strong>pulchritudine</strong></span> <span class='ocrx_word' id='word_1_718' title='bbox 2521 4634 2871 4706; x_wconf 81' lang='lat' dir='ltr'><strong>refulgentem</strong></span> <span class='ocrx_word' id='word_1_719' title='bbox 2919 4635 3168 4701; x_wconf 82' lang='lat' dir='ltr'><strong>intuitus,</strong></span> <span class='ocrx_word' id='word_1_720' title='bbox 3191 4637 3373 4689; x_wconf 86' lang='lat' dir='ltr'><strong>statim</strong></span> 
     </span>
    </p>
   </div>
   <div class='ocr_carea' id='block_1_102' title="bbox 1815 4725 3375 4797">
    <p class='ocr_par' dir='ltr' id='par_1_102' title="bbox 1815 4725 3375 4797">
     <span class='ocr_line' id='line_1_102' title="bbox 1815 4725 3375 4797; baseline -0.002 -15"><span class='ocrx_word' id='word_1_721' title='bbox 1815 4727 2030 4797; x_wconf 87' lang='lat' dir='ltr'><strong>Epheso</strong></span> <span class='ocrx_word' id='word_1_722' title='bbox 2063 4727 2313 4788; x_wconf 79' lang='lat' dir='ltr'><strong>excessit,</strong></span> <span class='ocrx_word' id='word_1_723' title='bbox 2345 4741 2411 4780; x_wconf 93' lang='lat' dir='ltr'><strong>ne</strong></span> <span class='ocrx_word' id='word_1_724' title='bbox 2438 4725 2568 4796; x_wconf 89' lang='lat' dir='ltr'><strong>quid</strong></span> <span class='ocrx_word' id='word_1_725' title='bbox 2597 4726 2748 4796; x_wconf 91' lang='lat' dir='ltr'><strong>impii</strong></span> <span class='ocrx_word' id='word_1_726' title='bbox 2784 4727 2899 4797; x_wconf 81' lang='lat' dir='ltr'><strong>(seu</strong></span> <span class='ocrx_word' id='word_1_727' title='bbox 2922 4727 3093 4796; x_wconf 90' lang='lat' dir='ltr'><strong>stupri</strong></span> <span class='ocrx_word' id='word_1_728' title='bbox 3125 4740 3178 4780; x_wconf 88' lang='lat' dir='ltr'><strong>et</strong></span> <span class='ocrx_word' id='word_1_729' title='bbox 3205 4727 3375 4780; x_wconf 82' lang='lat' dir='ltr'><strong>sacri-</strong></span> 
     </span>
    </p>
   </div>
   <div class='ocr_carea' id='block_1_103' title="bbox 1815 4817 3377 4888">
    <p class='ocr_par' dir='ltr' id='par_1_103' title="bbox 1815 4817 3377 4888">
     <span class='ocr_line' id='line_1_103' title="bbox 1815 4817 3377 4888; baseline -0.001 -15"><span class='ocrx_word' id='word_1_730' title='bbox 1815 4819 1960 4888; x_wconf 72' lang='lat' dir='ltr'><strong>legii)</strong></span> <span class='ocrx_word' id='word_1_731' title='bbox 2009 4825 2201 4888; x_wconf 68' lang='lat' dir='ltr'><strong>praeter</strong></span> <span class='ocrx_word' id='word_1_732' title='bbox 2253 4818 2584 4872; x_wconf 88' lang='lat' dir='ltr'><strong>voluntatem</strong></span> <span class='ocrx_word' id='word_1_733' title='bbox 2635 4829 2947 4888; x_wconf 89' lang='lat' dir='ltr'><strong>perpetrare</strong></span> <span class='ocrx_word' id='word_1_734' title='bbox 2979 4828 3279 4887; x_wconf 84' lang='lat' dir='ltr'><strong>cogeretur.</strong></span> <span class='ocrx_word' id='word_1_735' title='bbox 3314 4817 3377 4871; x_wconf 81' lang='lat' dir='ltr'><strong>Et</strong></span> 
     </span>
    </p>
   </div>
   <div class='ocr_carea' id='block_1_104' title="bbox 1813 4908 3373 4981">
    <p class='ocr_par' dir='ltr' id='par_1_104' title="bbox 1813 4908 3373 4981">
     <span class='ocr_line' id='line_1_104' title="bbox 1813 4908 3373 4981; baseline -0.001 -17"><span class='ocrx_word' id='word_1_736' title='bbox 1813 4911 1987 4981; x_wconf 77' lang='lat' dir='ltr'><strong>Cyrus</strong></span> <span class='ocrx_word' id='word_1_737' title='bbox 2022 4910 2308 4964; x_wconf 83' lang='lat' dir='ltr'><strong>Persarum</strong></span> <span class='ocrx_word' id='word_1_738' title='bbox 2364 4923 2458 4964; x_wconf 79' lang='lat' dir='ltr'><strong>rex</strong></span> <span class='ocrx_word' id='word_1_739' title='bbox 2504 4908 2819 4965; x_wconf 89' lang='lat' dir='ltr'><strong>Pantheiam</strong></span> <span class='ocrx_word' id='word_1_740' title='bbox 2853 4925 2949 4966; x_wconf 86' lang='lat' dir='ltr'><strong>nec</strong></span> <span class='ocrx_word' id='word_1_741' title='bbox 2990 4911 3058 4965; x_wconf 83' lang='lat' dir='ltr'><strong>ad</strong></span> <span class='ocrx_word' id='word_1_742' title='bbox 3097 4921 3373 4980; x_wconf 69' lang='lat' dir='ltr'><strong>aspectum</strong></span> 
     </span>
    </p>
   </div>
   <div class='ocr_carea' id='block_1_105' title="bbox 1817 5002 3376 5071">
    <p class='ocr_par' dir='ltr' id='par_1_105' title="bbox 1817 5002 3376 5071">
     <span class='ocr_line' id='line_1_105' title="bbox 1817 5002 3376 5071; baseline 0 -16"><span class='ocrx_word' id='word_1_743' title='bbox 1817 5003 2036 5071; x_wconf 80' lang='lat' dir='ltr'><strong>quidem</strong></span> <span class='ocrx_word' id='word_1_744' title='bbox 2075 5002 2358 5056; x_wconf 88' lang='lat' dir='ltr'><strong>admittere</strong></span> <span class='ocrx_word' id='word_1_745' title='bbox 2378 5016 2547 5056; x_wconf 89' lang='lat' dir='ltr'><strong>ausus</strong></span> <span class='ocrx_word' id='word_1_746' title='bbox 2586 5010 2689 5070; x_wconf 91' lang='lat' dir='ltr'><strong>est,</strong></span> <span class='ocrx_word' id='word_1_747' title='bbox 2719 5018 2881 5071; x_wconf 85' lang='lat' dir='ltr'><strong>quam</strong></span> <span class='ocrx_word' id='word_1_748' title='bbox 2934 5002 3066 5057; x_wconf 88' lang='lat' dir='ltr'><strong>satis</strong></span> <span class='ocrx_word' id='word_1_749' title='bbox 3093 5009 3376 5057; x_wconf 63' lang='lat' dir='ltr'><strong>constabat</strong></span> 
     </span>
    </p>
   </div>
   <div class='ocr_carea' id='block_1_106' title="bbox 1816 5092 3370 5164">
    <p class='ocr_par' dir='ltr' id='par_1_106' title="bbox 1816 5092 3370 5164">
     <span class='ocr_line' id='line_1_106' title="bbox 1816 5092 3370 5164; baseline -0.002 -16"><span class='ocrx_word' id='word_1_750' title='bbox 1816 5108 1937 5148; x_wconf 84' lang='lat' dir='ltr'><strong>esse</strong></span> <span class='ocrx_word' id='word_1_751' title='bbox 1964 5093 2365 5164; x_wconf 87' lang='lat' dir='ltr'><strong>pulchritudine</strong></span> <span class='ocrx_word' id='word_1_752' title='bbox 2397 5093 2716 5148; x_wconf 88' lang='lat' dir='ltr'><strong>admiranda</strong></span> <span class='ocrx_word' id='word_1_753' title='bbox 2746 5093 3173 5164; x_wconf 77' lang='lat' dir='ltr'><strong>inexpugnabili.</strong></span> <span class='ocrx_word' id='word_1_754' title='bbox 3217 5092 3370 5160; x_wconf 82' lang='lat' dir='ltr'><strong>Quod</strong></span> 
     </span>
    </p>
   </div>
   <div class='ocr_carea' id='block_1_107' title="bbox 1818 5183 3372 5255">
    <p class='ocr_par' dir='ltr' id='par_1_107' title="bbox 1818 5183 3372 5255">
     <span class='ocr_line' id='line_1_107' title="bbox 1818 5183 3372 5255; baseline -0.001 -16"><span class='ocrx_word' id='word_1_755' title='bbox 1818 5185 1862 5240; x_wconf 87' lang='lat' dir='ltr'><strong>si</strong></span> <span class='ocrx_word' id='word_1_756' title='bbox 1924 5199 2054 5255; x_wconf 88' lang='lat' dir='ltr'><strong>ergo</strong></span> <span class='ocrx_word' id='word_1_757' title='bbox 2093 5191 2148 5239; x_wconf 93' lang='lat' dir='ltr'><strong>et</strong></span> <span class='ocrx_word' id='word_1_758' title='bbox 2179 5200 2265 5239; x_wconf 91' lang='lat' dir='ltr'><strong>res</strong></span> <span class='ocrx_word' id='word_1_759' title='bbox 2313 5183 2463 5254; x_wconf 67' lang='lat' dir='ltr'><strong>ipsae,</strong></span> <span class='ocrx_word' id='word_1_760' title='bbox 2497 5192 2552 5238; x_wconf 86' lang='lat' dir='ltr'><strong>et</strong></span> <span class='ocrx_word' id='word_1_761' title='bbox 2600 5184 2796 5253; x_wconf 85' lang='lat' dir='ltr'><strong>pagani</strong></span> <span class='ocrx_word' id='word_1_762' title='bbox 2841 5199 3078 5254; x_wconf 89' lang='lat' dir='ltr'><strong>quoque,</strong></span> <span class='ocrx_word' id='word_1_763' title='bbox 3111 5191 3165 5238; x_wconf 89' lang='lat' dir='ltr'><strong>et</strong></span> <span class='ocrx_word' id='word_1_764' title='bbox 3205 5187 3372 5238; x_wconf 81' lang='lat' dir='ltr'><strong>exteri</strong></span> 
     </span>
    </p>
   </div>
   <div class='ocr_carea' id='block_1_108' title="bbox 1817 5271 3375 5343">
    <p class='ocr_par' dir='ltr' id='par_1_108' title="bbox 1817 5271 3375 5343">
     <span class='ocr_line' id='line_1_108' title="bbox 1817 5271 3375 5343; baseline -0.003 -13"><span class='ocrx_word' id='word_1_765' title='bbox 1817 5273 2143 5330; x_wconf 73' lang='lat' dir='ltr'><strong>er-uiirmant</strong></span> <span class='ocrx_word' id='word_1_766' title='bbox 2187 5271 2338 5328; x_wconf 87' lang='lat' dir='ltr'><strong>Pauli</strong></span> <span class='ocrx_word' id='word_1_767' title='bbox 2395 5273 2601 5329; x_wconf 91' lang='lat' dir='ltr'><strong>dictum</strong></span> <span class='ocrx_word' id='word_1_768' title='bbox 2647 5273 2966 5328; x_wconf 77' lang='lat' dir='ltr'><strong>aftirntantis</strong></span> <span class='ocrx_word' id='word_1_769' title='bbox 2995 5291 3009 5328; x_wconf 75' lang='grc' dir='ltr'>ε</span> <span class='ocrx_word' id='word_1_770' title='bbox 3043 5272 3152 5343; x_wconf 81' lang='lat' dir='ltr'><strong>Ego</strong></span> <span class='ocrx_word' id='word_1_771' title='bbox 3179 5275 3375 5340; x_wconf 70' lang='lat' dir='ltr'><strong>castigo</strong></span> 
     </span>
    </p>
   </div>
   <div class='ocr_carea' id='block_1_109' title="bbox 1819 5368 3377 5437">
    <p class='ocr_par' dir='ltr' id='par_1_109' title="bbox 1819 5368 3377 5437">
     <span class='ocr_line' id='line_1_109' title="bbox 1819 5368 3377 5437; baseline -0.003 -16"><span class='ocrx_word' id='word_1_772' title='bbox 1819 5385 2002 5436; x_wconf 71' lang='lat' dir='ltr'><strong>corpus</strong></span> <span class='ocrx_word' id='word_1_773' title='bbox 2033 5384 2223 5431; x_wconf 74' lang='lat' dir='ltr'><strong>meum,</strong></span> <span class='ocrx_word' id='word_1_774' title='bbox 2263 5378 2312 5421; x_wconf 89' lang='lat' dir='ltr'><strong>et</strong></span> <span class='ocrx_word' id='word_1_775' title='bbox 2345 5368 2400 5420; x_wconf 82' lang='lat' dir='ltr'><strong>in</strong></span> <span class='ocrx_word' id='word_1_776' title='bbox 2428 5371 2727 5421; x_wconf 74' lang='lat' dir='ltr'><strong>servitutem</strong></span> <span class='ocrx_word' id='word_1_777' title='bbox 2777 5368 2956 5437; x_wconf 84' lang='lat' dir='ltr'><strong>redigo</strong></span> <span class='ocrx_word' id='word_1_778' title='bbox 3005 5368 3049 5399; x_wconf 76' lang='lat'><strong>“</strong></span> <span class='ocrx_word' id='word_1_779' title='bbox 3103 5368 3377 5437; x_wconf 73' lang='lat' dir='ltr'><strong>(assiduus</strong></span> 
     </span>
    </p>
   </div>
   <div class='ocr_carea' id='block_1_110' title="bbox 1816 5459 3371 5530">
    <p class='ocr_par' dir='ltr' id='par_1_110' title="bbox 1816 5459 3371 5530">
     <span class='ocr_line' id='line_1_110' title="bbox 1816 5459 3371 5530; baseline -0.004 -16"><span class='ocrx_word' id='word_1_780' title='bbox 1816 5460 1959 5514; x_wconf 90' lang='lat' dir='ltr'><strong>enim</strong></span> <span class='ocrx_word' id='word_1_781' title='bbox 1987 5471 2235 5530; x_wconf 81' lang='lat' dir='ltr'><strong>aspectus</strong></span> <span class='ocrx_word' id='word_1_782' title='bbox 2263 5460 2345 5512; x_wconf 78' lang='lat' dir='ltr'><strong>via</strong></span> <span class='ocrx_word' id='word_1_783' title='bbox 2376 5468 2460 5514; x_wconf 86' lang='lat' dir='ltr'><strong>est</strong></span> <span class='ocrx_word' id='word_1_784' title='bbox 2477 5474 2597 5528; x_wconf 70' lang='lat' dir='ltr'><strong>qua:</strong></span> <span class='ocrx_word' id='word_1_785' title='bbox 2613 5459 2760 5514; x_wconf 91' lang='lat' dir='ltr'><strong>ducit</strong></span> <span class='ocrx_word' id='word_1_786' title='bbox 2789 5459 2855 5514; x_wconf 87' lang='lat' dir='ltr'><strong>ad</strong></span> <span class='ocrx_word' id='word_1_787' title='bbox 2880 5460 3049 5528; x_wconf 81' lang='lat' dir='ltr'><strong>ipsam</strong></span> <span class='ocrx_word' id='word_1_788' title='bbox 3075 5459 3371 5513; x_wconf 68' lang='lat' dir='ltr'><strong>actionum:</strong></span> 
     </span>
    </p>
   </div>
   <div class='ocr_carea' id='block_1_111' title="bbox 196 5641 1861 5721">
    <p class='ocr_par' dir='ltr' id='par_1_111' title="bbox 196 5641 1859 5721">
     <span class='ocr_line' id='line_1_111' title="bbox 196 5641 1859 5721; baseline 0.01 -27"><span class='ocrx_word' id='word_1_789' title='bbox 196 5644 251 5677; x_wconf 77' lang='lat'>“</span> <span class='ocrx_word' id='word_1_790' title='bbox 281 5641 452 5697; x_wconf 75' lang='lat' dir='ltr'><strong>Rom.</strong></span> <span class='ocrx_word' id='word_1_791' title='bbox 488 5660 582 5710; x_wconf 82' lang='lat' dir='ltr'><strong>vn,</strong></span> <span class='ocrx_word' id='word_1_792' title='bbox 620 5644 708 5699; x_wconf 66' lang='grc'><strong>24.</strong></span> <span class='ocrx_word' id='word_1_793' title='bbox 787 5647 829 5676; x_wconf 75' lang='grc' dir='ltr'><strong>θ’</strong></span> <span class='ocrx_word' id='word_1_794' title='bbox 853 5647 995 5704; x_wconf 83' lang='lat' dir='ltr'><strong>Psal.</strong></span> <span class='ocrx_word' id='word_1_795' title='bbox 1027 5664 1179 5715; x_wconf 78' lang='lat' dir='ltr'><strong>xvrtt,</strong></span> <span class='ocrx_word' id='word_1_796' title='bbox 1216 5653 1301 5707; x_wconf 81' lang='lat' dir='ltr'><strong>l3.</strong></span> <span class='ocrx_word' id='word_1_797' title='bbox 1380 5654 1424 5684; x_wconf 87' lang='grc'><strong><em>⁶³</em></strong></span> <span class='ocrx_word' id='word_1_798' title='bbox 1449 5653 1468 5708; x_wconf 88' lang='grc' dir='ltr'><strong>Ι</strong></span> <span class='ocrx_word' id='word_1_799' title='bbox 1493 5653 1637 5710; x_wconf 86' lang='lat' dir='ltr'><strong>Petr.</strong></span> <span class='ocrx_word' id='word_1_800' title='bbox 1674 5672 1730 5721; x_wconf 79' lang='lat' dir='ltr'><strong>li,</strong></span> <span class='ocrx_word' id='word_1_801' title='bbox 1772 5657 1859 5711; x_wconf 87' lang='grc'>22.</span> 
     </span>
    </p>
   </div>
   <div class='ocr_carea' id='block_1_112' title="bbox 738 5641 2403 5721">
    <p class='ocr_par' dir='ltr' id='par_1_112' title="bbox 787 5647 2403 5721">
     <span class='ocr_line' id='line_1_112' title="bbox 787 5647 2403 5721; baseline 0.006 -21"><span class='ocrx_word' id='word_1_802' title='bbox 787 5647 829 5676; x_wconf 82' lang='grc'><strong><em>⁶⁹</em></strong></span> <span class='ocrx_word' id='word_1_803' title='bbox 853 5647 995 5704; x_wconf 83' lang='lat' dir='ltr'><strong>Psal.</strong></span> <span class='ocrx_word' id='word_1_804' title='bbox 1027 5664 1179 5715; x_wconf 81' lang='lat' dir='ltr'><strong>xvttt,</strong></span> <span class='ocrx_word' id='word_1_805' title='bbox 1216 5653 1301 5707; x_wconf 78' lang='lat' dir='ltr'><strong>t3.</strong></span> <span class='ocrx_word' id='word_1_806' title='bbox 1380 5654 1424 5684; x_wconf 85' lang='grc'><strong>⁶³</strong></span> <span class='ocrx_word' id='word_1_807' title='bbox 1449 5653 1468 5708; x_wconf 86' lang='grc' dir='ltr'><strong>Ι</strong></span> <span class='ocrx_word' id='word_1_808' title='bbox 1493 5653 1637 5710; x_wconf 84' lang='lat' dir='ltr'><strong>Petr.</strong></span> <span class='ocrx_word' id='word_1_809' title='bbox 1674 5672 1730 5721; x_wconf 78' lang='lat' dir='ltr'><strong>li,</strong></span> <span class='ocrx_word' id='word_1_810' title='bbox 1772 5657 1859 5711; x_wconf 85' lang='grc'>22.</span> <span class='ocrx_word' id='word_1_811' title='bbox 1937 5659 1980 5687; x_wconf 54' lang='grc' dir='ltr'><strong>σε</strong></span> <span class='ocrx_word' id='word_1_812' title='bbox 2017 5657 2034 5711; x_wconf 88' lang='grc'><strong>1</strong></span> <span class='ocrx_word' id='word_1_813' title='bbox 2067 5656 2191 5713; x_wconf 87' lang='lat' dir='ltr'><strong>Cor.</strong></span> <span class='ocrx_word' id='word_1_814' title='bbox 2229 5660 2403 5720; x_wconf 60' lang='lat' dir='ltr'><strong>mit-1</strong></span> 
     </span>
    </p>
   </div>
   <div class='ocr_carea' id='block_1_113' title="bbox 201 5799 2572 5882">
    <p class='ocr_par' dir='ltr' id='par_1_113' title="bbox 201 5799 2572 5882">
     <span class='ocr_line' id='line_1_113' title="bbox 201 5799 2572 5882; baseline 0.007 -31"><span class='ocrx_word' id='word_1_815' title='bbox 201 5801 290 5868; x_wconf 80' lang='grc' dir='ltr'>(α)</span> <span class='ocrx_word' id='word_1_816' title='bbox 345 5799 545 5850; x_wconf 77' lang='lat' dir='ltr'><strong>Desunt</strong></span> <span class='ocrx_word' id='word_1_817' title='bbox 603 5816 768 5868; x_wconf 82' lang='lat' dir='ltr'><strong>pauca</strong></span> <span class='ocrx_word' id='word_1_818' title='bbox 802 5804 981 5863; x_wconf 88' lang='lat' dir='ltr'><strong>verha.</strong></span> <span class='ocrx_word' id='word_1_819' title='bbox 1027 5819 1074 5857; x_wconf 72' lang='grc' dir='ltr'><strong>ιι,</strong></span> <span class='ocrx_word' id='word_1_820' title='bbox 1208 5816 1264 5860; x_wconf 87' lang='grc' dir='ltr'><strong>ιιι</strong></span> <span class='ocrx_word' id='word_1_821' title='bbox 1304 5808 1496 5860; x_wconf 75' lang='lat' dir='ltr'><strong>iterum</strong></span> <span class='ocrx_word' id='word_1_822' title='bbox 1537 5811 1903 5876; x_wconf 66' lang='lat' dir='ltr'><strong>pmnitentiam</strong></span> <span class='ocrx_word' id='word_1_823' title='bbox 1935 5823 2094 5877; x_wconf 61' lang='lat' dir='ltr'><strong>agant</strong></span> <span class='ocrx_word' id='word_1_824' title='bbox 2129 5816 2214 5882; x_wconf 83' lang='lat' dir='ltr'><strong>qui</strong></span> <span class='ocrx_word' id='word_1_825' title='bbox 2262 5825 2572 5881; x_wconf 74' lang='lat' dir='ltr'><strong>|)e(‘(‘:l&quot;tllti.</strong></span> 
     </span>
    </p>
   </div>
  </div>
