4216 6458
2095 381 2137 438 S
2177 382 2495 444 JOANNIS
2533 388 2839 450 CLIMACI
3977 406 4064 475 916

855 485 897 522 ει
931 479 1110 524 tamen
1142 479 1360 542 propter
1405 479 1831 535 necessariarqu
1887 497 2064 539 rerum
2125 502 2307 552 usum,
2361 499 2416 546 et
2444 501 2520 555 Δη

2398 499 2416 545 ι
2444 501 2495 555 Δ
2519 497 2829 566 οἰκονομίαν
2870 498 3120 570 πτωχῶν,
3165 500 3316 557 κάτω
3357 502 3610 570 νεύοντας
3645 506 3802 581 [χρὴ]
3837 508 4063 580 διαλέγε-

855 575 1041 614 euram
1102 577 1393 630 pauperum
1441 565 1494 620 id
1519 568 1633 623 fieri
1671 571 1820 626 nullo
1847 575 2010 629 modo
2043 579 2232 645 possit,
2255 579 2416 650 deje-

853 651 956 705 ctis
987 651 1040 703 in
1067 659 1265 707 terram
1300 656 1474 712 oculis
1507 659 1854 732 demissoilue
1914 668 2064 720 vultu
2117 683 2244 724 cum
2309 671 2417 728 illis

856 741 1266 811 colloquendum
1292 755 1395 802 est.
1422 749 1502 804 Ad
1529 750 1710 820 plures
1740 765 1834 810 aut
1867 756 1982 812 fere
2023 773 2235 826 omnes,
2292 777 2418 818 mu-

855 835 1045 888 lierum
1103 835 1508 905 pulchritudine
1579 842 1749 900 victos
1799 863 1949 903 mors
2000 867 2095 920 per
2151 851 2418 912 fenestras

854 969 864 990 ι
893 929 1217 1002 oculorum)
1250 933 1469 991 intravit
1499 937 1799 1014 [involavit]
1833 963 1846 998 ε
1889 960 2010 1013 qua:
2053 956 2106 1002 et
2158 963 2415 1019 magnum

853 1022 1164 1086 prophetam
1215 1034 1270 1079 et
1329 1041 1510 1098 regem
1560 1032 1791 1104 subegit,
1837 1038 2055 1105 quando
2101 1039 2167 1093 ad
2201 1041 2418 1098 exitiale

851 1111 982 1167 illud
1017 1113 1268 1172 balneum
1299 1122 1556 1190 respexit.

1446 1211 1694 1269 Scholion
1729 1216 1790 1272 3i
1806 1261 1818 1272 .

919 1295 1057 1362 Quia
1083 1298 1246 1354 etiam
1272 1311 1608 1359 mortuorum
1639 1310 1943 1365 conditoria
1967 1311 2031 1365 ad
2053 1312 2414 1384 effugiendam

853 1387 1203 1445 lentationem
1240 1391 1452 1460 juvant.
1490 1394 1604 1451 Hoc
1632 1409 1811 1454 autem
1878 1410 2049 1456 totum
2105 1414 2190 1459 est
2234 1405 2417 1462 humi-

820 1479 824 1487 '
852 1475 995 1532 litas.
1026 1477 1257 1536 Humilis
1287 1484 1430 1538 enim
1454 1493 1536 1539 est
1575 1486 1751 1556 ipsum
1781 1493 1997 1562 proprie
2050 1495 2414 1552 conditorium

849 1579 904 1622 et
935 1570 1143 1628 loculus
1168 1589 1182 1626 :
1205 1572 1272 1628 ad
1303 1591 1424 1644 quae
1446 1579 1795 1637 asciscendus
1835 1592 1922 1638 est
1968 1585 2131 1640 etiam
2196 1589 2412 1658 aliquis,

849 1661 939 1727 qui
996 1671 1172 1717 tecum
1224 1679 1598 1737 comprecetur
1647 1687 1715 1728 ex
1773 1672 2033 1733 fratribus
2072 1676 2415 1752 fortibusque

845 1750 1047 1808 Christi
1077 1753 1316 1811 athletis.

1416 1847 1662 1904 Scholion
1690 1853 1778 1908 3‘2.

916 1932 1056 1989 Idem
1097 1946 1377 2006 peccatum
1435 1955 1467 1996 a
1517 1943 1730 2001 duobus
1786 1957 2175 2016 perpetratum,
2237 1952 2409 2009 altero

845 2027 1061 2095 quidem
1105 2029 1327 2086 honeste
1354 2031 1588 2089 educato
1627 2044 1683 2091 et
1705 2049 1891 2095 sancte
1919 2049 1973 2095 et
2003 2044 2193 2111 procul
2225 2059 2258 2100 a
2283 2061 2410 2116 pec—

845 2119 1083 2175 cantium
1107 2121 1226 2178 loco
1253 2124 1500 2196 degente,
1532 2138 1654 2199 post
1678 2133 1978 2201 profectum
2013 2136 2068 2190 in
2113 2136 2223 2193 vita
2279 2140 2410 2194 reli-

844 2213 1096 2278 giosa,et
1128 2229 1288 2270 usum
1330 2218 1822 2293 cogitationemque
1877 2225 2178 2298 disciplina:
2219 2245 2411 2286 mona-

844 2306 1010 2360 sticae.
1063 2305 1199 2362 Nam
1235 2309 1328 2380 qui
1355 2311 1514 2369 bonis
1535 2316 1778 2373 moribus
1807 2318 2088 2376 institutus
2114 2330 2216 2388 est,
2264 2335 2319 2379 et
2344 2325 2412 2380 ab

841 2398 1094 2456 onmibus
1120 2411 1462 2471 peccatorum
1485 2406 1619 2462 locis
1651 2419 1889 2467 remotus
1916 2413 2072 2480 vixit,
2101 2423 2157 2470 et
2199 2416 2412 2486 religio-

2516 587 2662 640 σθαι.
2692 590 2818 650 Τοῖς
2845 589 2954 661 γὰρ
2982 589 3246 658 πλείοσιν,
3275 593 3310 664 ἢ
3344 595 3479 650 πᾶσι
3516 597 3725 666 σχεδὸν,
3761 603 3886 664 τοῖς
3926 607 4064 673 ἡττη-

2516 679 2687 735 θεῖσιν
2717 681 2946 738 κάλλους
2977 686 3274 751 γυναικῶν,
3303 686 3393 742 διὰ
3413 688 3522 743 τῶν
3548 689 3781 762 θυρίδων
3810 694 4014 764 ἀνέπτη
4041 696 4065 746 ὁ

2517 772 2768 836 θάνατος,
2795 775 2856 836 δς
2875 775 2970 829 καὶ
2994 774 3087 829 τοῦ
3123 777 3360 848 μεγάλου
3385 783 3666 851 προφήτου
3696 784 3794 836 καὶ
3815 783 4063 852 βασιλέως

2515 864 2717 934 ὲκράτη
2727 881 2838 931 σεν,
2869 866 2958 919 ὅτε
3003 866 3140 939 πρὸς
3181 867 3243 922 τὸ
3269 868 3492 940 λουτρὸν
3523 872 3701 927 ἐκεῖνο
3732 875 3799 928 τὸ
3847 875 4063 944 θανατη-

2515 954 2680 1024 φόρον
2710 953 3034 1027 ἀπέϐλεψεν.

3102 1244 3353 1312 Σχόλιον
3385 1245 3488 1299 λα’.

2585 1326 2710 1381 Ὀτι
2757 1328 2850 1382 καὶ
2896 1330 3046 1401 σοροὶ
3077 1332 3212 1404 πρὸς
3255 1334 3314 1387 τὺ
3360 1338 3553 1404 φυγεῖν
3590 1338 3903 1408 πειρασμὸν
3941 1356 4064 1408 συμ-

2515 1415 2820 1472 ϐάλλονται.
2852 1420 2925 1474 Τὸ
2944 1420 3000 1473 δὲ
3021 1421 3143 1476 ὅλον
3168 1425 3204 1493 ἡ
3229 1424 3557 1490 ταπείνωσις
3581 1443 3596 1458 ⁸
3620 1429 3880 1494 ταπεινὸς
3912 1429 4014 1500 γὰρ
4038 1433 4066 1499 ἡ

2516 1507 2672 1576 σορὸς
2701 1507 2830 1563 ῐδιον
2861 1508 3056 1582 [ἰδίων]
3078 1528 3092 1542 ·
3129 1513 3264 1585 πρὸς
3308 1510 3391 1580 οἷς
3427 1517 3522 1570 καὶ⁷
3559 1518 3649 1571 τὸν
3689 1523 4066 1591 συνευχόμενον

2517 1596 2660 1667 ἔχειν
2681 1598 2809 1671 χρὴ,
2834 1601 2955 1671 ἦτοι
2980 1604 3300 1674 συναδελφόν
3335 1623 3457 1663 τινα
3484 1608 3550 1662 ὲκ
3590 1610 3698 1664 τῶν
3741 1611 4064 1681 ἀγωνιστῶν.

3093 1867 3353 1934 Σχόλιον
3404 1867 3505 1940 λβ’.

2583 1958 2658 2012 Τὸ
2684 1958 2818 2013 αὐτὸ
2847 1958 3046 2030 πτῶμα
3073 1959 3179 2012 ὑπὸ
3208 1959 3303 2012 δύο
3340 1959 3502 2014 τινῶν
3545 1960 3958 2032 πεπραγμένον,
3983 1956 4064 2010 τοῦ

2516 2049 2616 2121 μὲν
2648 2049 2826 2114 καλῶς
2852 2050 3275 2120 ἀνατραφέντος,
3324 2050 3420 2105 καὶ
3449 2050 3730 2121 θεοφιλῶς,
3767 2053 3866 2105 καὶ
3897 2051 4068 2120 πόρρω

2514 2142 2896 2213 ἀπῳκισμένου
2937 2139 3033 2195 τοῦ
3078 2141 3185 2195 τῶν
3225 2143 3534 2213 πτωμάτων
3570 2144 3758 2206 τόπου,
3813 2141 3954 2213 μετά
3987 2141 4068 2192 καὶ

2513 2233 2798 2307 προκοπὴν
2845 2233 3042 2304 πεῖραν
3091 2235 3391 2306 μοναχικῆς
3435 2238 3822 2300 καταστάσεως
3841 2251 3858 2266 ο
3890 2235 3922 2286 δ
3972 2233 4068 2302 γὰρ

2509 2327 2764 2398 χρηστοῖς
2788 2324 2996 2397 ἤθεσιν,
3022 2325 3118 2379 καὶ
3143 2324 3336 2397 πόρρω
3354 2328 3666 2398 πτωμάτων
3693 2328 3882 2382 τύπων
3905 2342 4067 2394 κατῳ-

2507 2418 2786 2488 κισμένος,
2817 2419 2913 2471 καὶ
2943 2417 3119 2488 πάλης
3148 2418 3454 2489 ἀπητικῆς
3483 2419 3909 2489 πεπειραμένος.
3950 2433 4066 2486 πορ·

842 2492 919 2544 sis
955 2495 1432 2552 exercitationibus
1477 2509 1530 2553 et
1567 2498 1726 2556 luctis
1764 2503 2035 2570 eruditus,
2066 2513 2120 2560 et
2150 2519 2409 2578 expertus
2504 2530 2507 2541 ε

2398 2527 2409 2565 i
2504 2511 2623 2582 νείᾳ
2652 2511 2996 2582 περιπαρεὶς,
3031 2508 3328 2581 βαρύτερον
3366 2511 3625 2581 κέκτηται
3661 2513 3864 2582 κρῖμα,
3895 2508 3987 2562 τοῦ
4015 2511 4063 2559 ἐν

840 2581 893 2634 in
934 2582 1203 2640 luxuriam
1244 2603 1482 2659 praeceps
1514 2601 1668 2646 actus
1701 2601 1804 2659 est,
1858 2595 2029 2651 multo
2061 2599 2282 2669 gravius
2315 2600 2408 2670 ju-
2502 2631 2505 2649 ‹

2401 2631 2408 2641 ι
2502 2581 2732 2673 ἀμελείᾳ
2778 2601 2874 2656 καὶ
2913 2601 3117 2673 ἀτοπίᾳ
3156 2601 3250 2654 καὶ
3285 2600 3516 2672 ἀπειρίᾳ
3568 2581 3926 2671 ὲντραιρἐντος
3983 2599 4066 2651 καὶ

838 2673 1040 2729 (licium
1077 2678 1354 2746 sustinuit,
1385 2697 1550 2750 qnam
1581 2684 1628 2737 is
1655 2683 1750 2753 qui
1807 2686 2158 2758 negligenter,
2224 2691 2404 2760 inepte

2398 2710 2404 2746 ι
2506 2694 2909 2766 ὀλισθήσαντος.
2935 2693 3009 2747 Τὸ
3037 2693 3095 2746 δὲ
3135 2693 3196 2758 ἐξ
3223 2692 3399 2748 ἀλλων
3433 2693 3662 2761 πολλῶν,
3707 2696 3768 2748 ὲν
3813 2693 3944 2766 ιερῷ
3979 2692 4063 2755 δη-

838 2767 1150 2838 ruditerqne
1178 2771 1441 2826 educatus
1479 2781 1582 2838 est,
1619 2787 1669 2829 et
1700 2776 1752 2828 in
1787 2789 2063 2845 peccatum
2093 2781 2402 2851 prolapsus.

2400 2826 2402 2835 ,
2507 2786 2684 2841 λονότι
2711 2787 2883 2857 τόπῳ,
2929 2786 3012 2839 ὅτι
3047 2785 3158 2856 βία,
3195 2786 3277 2838 ὅτι
3317 2785 3536 2857 καθαρά
3573 2787 3745 2859 ψυχὴ,
3786 2788 3873 2840 ὅτι
3922 2785 4065 2856 μονά-

842 2858 930 2912 llla
964 2869 1142 2916 autem
1198 2865 1360 2919 verba
1409 2865 1634 2922 Climaci
1685 2884 1748 2923 ex
1804 2871 1989 2925 multis
2040 2874 2162 2930 aliis
2244 2876 2405 2930 intel-

2401 2905 2405 2915 ι
2510 2895 2689 2947 στρια,
2723 2879 2805 2932 ὅτι
2835 2878 3122 2948 ὕπανδρος,
3154 2877 3236 2930 ὅτι
3265 2877 3553 2949 σωματικὴ
3583 2876 3618 2946 ἢ
3646 2858 3957 2946 συγγένεια,
3986 2873 4066 2927 καὶ

837 2951 963 3022 ligc,
1006 2955 1059 3008 in
1087 2971 1244 3011 sacro
1268 2973 1462 3030 nempe
1490 2960 1628 3026 loco,
1707 2963 1849 3030 quod.
1915 2965 2017 3032 vis,
2070 2968 2214 3036 quod
2271 2984 2407 3037 pura

2070 2968 2214 3036 quod
2271 2984 2407 3037 pura
2511 2972 2577 3023 ὲκ
2600 2969 2696 3024 τοῦ
2733 2971 2976 3038 γενέσθαι
3000 2969 3242 3041 πονηρᾶς
3268 2968 3488 3044 διδαχῆς
3514 2968 3705 3026 αίτιον.

837 3044 1040 3110 anima,
1065 3048 1210 3115 quod
1240 3049 1494 3120 religiosa
1537 3050 1760 3118 femina,
1826 3055 1968 3124 quod
2024 3059 2128 3112 sub
2176 3060 2277 3114 viri
2334 3071 2618 3130 potestate,
2659 3061 2803 3131 quod
2863 3063 2950 3117 vel
3005 3060 3310 3131 sanguinis,
3355 3061 3442 3116 vel
3492 3061 3791 3132 spiritualis
3858 3059 4064 3132 propin.

836 3137 1040 3207 quitas,
1069 3147 1123 3194 et
1151 3139 1296 3208 quod
1325 3141 1447 3210 quis
1467 3142 1724 3211 improba:
1758 3146 2018 3201 doctrinae
2057 3147 2076 3217 (
2114 3148 2181 3203 ad
2207 3159 2423 3217 peccata
2456 3166 2651 3221 nempe
2683 3151 2901 3221 ignota)
2927 3159 3119 3206 auctor
3151 3149 3334 3202 fuerit.

1461 3236 1712 3292 Scholion
1749 3240 1838 3294 55.

907 3323 1044 3381 Puto
1077 3327 1252 3397 ipsum
1283 3325 1534 3384 Nonnum
1572 3331 1661 3386 hic
1692 3333 1938 3404 intelligi,
2004 3335 2096 3404 qui
2155 3347 2399 3392 sanctam

834 3416 1103 3490 Pelagiam
1138 3436 1295 3476 sacro
1325 3421 1664 3491 baptismatis
1695 3423 1842 3479 fonte
1866 3426 2056 3482 abluit.
2096 3427 2195 3483 llic
2226 3431 2394 3495 enim,

836 3511 1093 3567 adversus
1119 3520 1417 3568 catenatam
1446 3514 1577 3569 vitio
1602 3531 1720 3570 rum
1745 3517 1958 3572 turbam
2018 3519 2174 3575 factis
2207 3532 2259 3575 et
2310 3539 2404 3575 eo-

833 3605 1181 3671 gitationibus
1233 3622 1330 3661 seu
1391 3617 1569 3663 mente
1629 3619 1682 3663 et
1736 3625 1964 3680 corpore
2030 3613 2400 3682 (leprmliatus,

834 3695 1028 3750 stolam
1062 3698 1466 3766 tranquillitatis
1491 3702 1559 3755 ab
1582 3702 1730 3758 omni
1778 3705 2250 3773 perturbationum
2317 3708 2402 3762 in-

835 3788 1148 3857 quinatione
1178 3807 1367 3861 puram
1410 3793 1607 3848 induit.
1647 3793 1781 3848 Nam
1813 3798 2100 3850 occasione
2142 3798 2399 3867 peccandi

843 3881 1014 3935 ablata
1039 3881 1460 3952 imperturbatus
1517 3887 1786 3956 apparuit,
1818 3889 1963 3958 quod
1995 3889 2159 3962 248
2180 3906 2397 3946 omnem

2432 3262 2480 3325 ο

3099 3247 3356 3314 Σχόλιον
3385 3245 3487 3313 λγ’.

2573 3336 2761 3409 Οἶμαι,
2785 3338 2948 3393 αὑτὸν
2975 3339 3174 3393 Νόννον
3199 3339 3269 3408 (c)
3307 3337 3475 3406 λέγει,
3507 3337 3601 3391 τὸν
3645 3337 3744 3409 τὴν
3777 3335 3943 3405 ἁγίαν
3973 3333 4065 3386 Πε-

2504 3431 2699 3500 λαγίαν
2733 3432 3088 3502 βαπτίσαντα.
3134 3425 3308 3498 Οὗτος
3352 3434 3463 3506 γὰρ
3504 3433 3642 3503 πρὸς
3670 3426 4061 3498 συνεζευγμένα

2506 3523 2652 3596 πάθη
2706 3527 2818 3588 τοῖς
2862 3525 3172 3594 πράγμασι,
3222 3527 3318 3579 καὶ
3359 3527 3627 3596 νοήμασιν
3666 3521 4062 3590 ἐκπολεμήσαςο

2504 3620 2605 3687 τῆς
2621 3617 2885 3679 ἀπαθείας
2905 3615 3190 3669 ἐνεδύσατο
3215 3617 3314 3687 τὴν
3337 3617 3527 3688 στολήν
3549 3632 3564 3646 ·
3594 3613 3943 3686 ἐμπεσούσης
3963 3608 4060 3677 γὰρ

2505 3707 2607 3778 τῆς
2637 3707 2770 3778 ὕλης
2791 3708 2892 3760 οὐκ
2929 3706 3159 3778 nmen
3192 3709 3446 3780 ἐμπαθὴς
3475 3709 3592 3779 (καὶ
3626 3707 3734 3779 γάρ
3760 3704 4062 3776 ἀπήλλακτο

2503 3798 2727 3868 ταύτης)
2753 3816 2765 3829 ·
2795 3799 2865 3854 τά
2901 3799 2959 3852 δὲ
2991 3799 3104 3852 ἀνω
3146 3799 3320 3872 κάλλη
3342 3802 3558 3865 πάντως
3585 3799 3965 3869 ὲνωπτρίζετο.
4005 3791 4061 3844 0t

2503 3890 2561 3944 δὲ
2590 3890 2860 3960 φιλήδονοι
2887 3889 2948 3942 τὸ
2977 3887 3238 3944 ἐναντίον.

832 3968 1084 4024 allectum
1116 3971 1184 4026 ad
1233 3973 1490 4040 peccandi
1553 3977 1836 4031 materiam
1886 3980 2149 4048 exuisset,
2198 3990 2253 4036 et
2305 3981 2613 4037 caelestium
2665 3979 3095 4051 pulchritudines
3153 3979 3636 4050 contemplaretur.
3689 3973 4060 4050 Voluptatibus

832 4078 1011 4120 autem
1038 4067 1204 4122 dediti
1225 4069 1411 4124 omnia
1431 4080 1622 4126 contra
1662 4082 1849 4143 agunt.

1466 4163 1720 4221 Scholion
1748 4168 1840 4222 54.

903 4250 1046 4309 Deus
1076 4255 1350 4325 proposita
1404 4254 1587 4312 futura
1637 4274 1926 4330 corporum
1981 4263 2401 4330 resurrectione,

830 4348 991 4400 aliam
1020 4347 1237 4402 interim
1265 4347 1354 4404 hic
1388 4364 1420 4402 a
1456 4349 1616 4404 nobis
1667 4351 1833 4422 exigit
1860 4371 1874 4406 :
1905 4369 2126 4417 novum,
2159 4357 2401 4424 inquam,

3073 4167 3334 4237 Σχόλιον
3381 4165 3480 4222 λε’.

2583 4261 2642 4315 '0
2692 4258 2864 4326 Θεὸς,
2911 4258 3285 4330 προκειμένης
3328 4258 3429 4326 τῆς
3481 4255 3778 4328 μελλούσης
3805 4298 3824 4324 ,
3881 4253 4058 4325 ἑτέραν

2498 4354 2631 4422 ἡμῖν
2656 4352 2952 4405 ἀνάστασιν
2980 4351 3202 4404 ἀπαιτεῖ
3226 4365 3241 4380 ·
3282 4350 3385 4420 τὴν
3414 4348 3608 4420 καινὴν
3643 4348 3941 4411 πολιτείαν,
3969 4345 4059 4411 τὴν

837 4440 954 4491 vitae
993 4453 1163 4507 genus
1192 4439 1246 4492 in
1275 4441 1525 4509 praesenti
1559 4441 1668 4494 vita
1705 4457 1772 4496 ex
1831 4458 2047 4497 morum
2103 4449 2406 4502 mutatione
2500 4463 2502 4492 τ

2390 4462 2406 4502 3
2500 4444 2641 4497 κατά
2667 4445 2760 4498 τὸν
2784 4445 3027 4515 παρόντα
3059 4441 3174 4512 βίον
3209 4441 3275 4495 ὲκ
3306 4441 3407 4511 τῆς
3437 4441 3546 4494 τῶν
3577 4441 3796 4510 τρόπων
3840 4435 4055 4510 μεταδο-

831 4530 1056 4585 factum.
1127 4528 1355 4596 Quando
1417 4533 1563 4586 enim
1621 4533 1869 4603 impurus
1936 4537 1996 4590 tit
2046 4547 2395 4607 temperans;
2434 4557 2479 4612 υ

2388 4558 2395 4605 ;
2434 4557 2479 4612 υ
2505 4533 2604 4603 λῆς
2639 4535 2948 4606 γινομένην.
2971 4535 3141 4588 Ὅταν
3157 4534 3267 4607 γὰρ
3296 4535 3326 4587 ὁ
3349 4533 3546 4602 πόρνος
3563 4532 3785 4602 γένηται
3816 4531 4053 4600 σώφρων.

829 4637 1049 4688 avarus,
1121 4623 1482 4690 misericors;
1538 4640 1697 4695 asper
1740 4635 1794 4681 et
1849 4627 2169 4694 iracundus,
2231 4633 2399 4699 mitis,

2390 4673 2399 4699 ι
2506 4630 2599 4684 καὶ
2628 4631 2657 4681 6
2688 4629 3011 4699 πλεονέκτης
3038 4628 3310 4700 ἐλεήμων,
3334 4626 3428 4680 καὶ
3445 4629 3474 4680 ὁ
3492 4625 3697 4697 τραχὺς
3718 4625 3944 4695 ἥμερος,
3973 4617 4055 4671 ml

832 4723 944 4767 tum
973 4713 1062 4766 hic
1094 4713 1418 4768 resurrectio
1453 4713 1590 4770 facta
1626 4727 1727 4782 est,
1788 4733 1910 4786 quze
1968 4730 2052 4772 est
2115 4720 2295 4790 imago
2345 4730 2402 4775 et

2384 4730 2402 4775 ι
2503 4719 2736 4772 ἐνταῦθα
2755 4720 3050 4782 ἀνάστασις
3072 4718 3320 4788 γέγονεν,
3352 4717 3568 4787 ἐκείνης
3603 4712 3739 4770 οὖσα
3763 4715 4049 4786 προοίμιον.

826 4805 994 4872 janua
1030 4802 1245 4858 futurae.
1304 4804 1372 4860 Et
1411 4807 1687 4877 quomodo
1751 4811 2130 4866 resurrectio?
2158 4811 2396 4879 Peccati,

2384 4855 2396 4879 ,
2503 4811 2614 4864 Καὶ
2641 4812 2758 4875 πῶς
2789 4812 3125 4875 ἀνάστασιςς
3167 4811 3278 4881 Τῆς
3308 4809 3411 4882 μὲν
3460 4808 3733 4879 ἁμαρτίας
3776 4800 4049 4877 νεκρωθεί-

833 4893 1054 4963 inquam
1083 4897 1444 4966 mortiﬁcatio,
1476 4911 1529 4957 et
1553 4900 1780 4970 iustitiae
1840 4905 2187 4970 resurrectio,
2227 4906 2397 4959 Veteri

2502 4922 2600 4974 σης
2624 4902 2957 4976 [νέκρωσις],
2988 4904 3088 4973 τῆς
3115 4903 3174 4957 δὲ
3214 4903 3566 4975 δικαιοσύνης
3604 4901 3898 4962 ἀνάστασις
3921 4912 3934 4925 ·
3968 4893 4054 4947 καὶ
4097 4991 4102 4996 ξ

838 4989 1069 5059 quidem,
1101 4998 1160 5044 et
1196 4988 1463 5061 ﬂagitiosa
1504 4993 1612 5048 vita
1652 4994 1875 5058 abolita,
1915 4997 2212 5052 novissima
2268 5013 2397 5052 vero
2497 5016 2503 5030 ι

2497 4997 2596 5066 τῆς
2624 4997 2723 5067 μὲν
2751 4996 2987 5060 παλαιᾶς
3024 4996 3170 5068 ζωῆς
3213 4995 3628 5066 ἀφανισθείσης,
3656 4994 3755 5065 τῆς
3783 4992 3844 5046 δὲ
3882 5003 4063 5045 nam».

827 5097 877 5136 ei
914 5085 1156 5155 angelica
1187 5086 1456 5142 instituta.

2497 5091 2662 5161 τάτης
2687 5091 2784 5142 καὶ
2808 5088 3106 5160 ἀγγελικῆς
3130 5089 3573 5160 πολιτευομένης.

1324 5175 1575 5232 Scholion
1609 5177 1790 5235 Isaact’
1815 5182 1903 5237 '55.

897 5265 1264 5336 Cogitationes
1291 5269 1447 5322 malae
1504 5284 1628 5323 cum
1690 5285 1756 5324 ex
1809 5271 2041 5340 propria:
2101 5273 2397 5328 voluntatis

828 5361 1126 5431 proposito,
1149 5370 1263 5416 tum
1295 5376 1363 5418 ex
1387 5361 1692 5417 daemonum
1717 5362 2071 5433 improbitate
2103 5364 2395 5418 exsistunt.

829 5453 987 5509 Bonae
1011 5469 1135 5508 vero
1161 5469 1284 5508 cum
1311 5467 1376 5508 ex
1409 5465 1603 5509 natura
1631 5454 1650 5525 (
1680 5453 1802 5508 boni
1834 5455 1979 5509 enim
2013 5457 2124 5510 nati
2141 5456 2388 5526 sumus);

830 5557 940 5600 tum
973 5547 1138 5601 animi
1166 5548 1430 5601 electione
1459 5564 1551 5603 seu
1594 5549 1890 5619 proposito,
1956 5559 2175 5619 propter
2229 5551 2390 5605 liber-

3088 5185 3136 5236 Σ
3135 5183 3346 5252 χόλων
3370 5181 3464 5238 λε’.

2566 5274 2630 5326 Ol
2653 5273 2881 5343 πονηροὶ
2921 5271 3174 5343 λογισμοὶ
3200 5273 3298 5344 τὴν
3328 5267 3590 5328 σύστασιν
3617 5271 3680 5326 ἐκ
3709 5288 3767 5324 τε
3802 5273 3900 5341 τῆς
3926 5281 4046 5337 προ·

2496 5364 2759 5436 αιρέσεως
2781 5363 3014 5434 ἔχουσιν,
3039 5364 3102 5419 ἐκ
3137 5382 3199 5418 τε
3225 5366 3324 5437 τῆς
3357 5365 3466 5420 τῶν
3509 5363 3782 5437 δαιμόνων
3825 5371 4044 5423 xenoni”

2499 5457 2643 5526 γίας.
2675 5458 2737 5510 Οἱ
2758 5454 2816 5509 δὲ
2845 5455 3041 5525 ἀγαθοὶ
3075 5458 3140 5511 ἐκ
3167 5474 3225 5510 τε
3253 5457 3352 5528 τῆς
3379 5456 3613 5526 φύσεως,
3645 5453 3799 5507 καλοὶ
3833 5450 3938 5520 γὰρ
3961 5460 4043 5512 γε·

2495 5550 2751 5620 γόναμεν.
2776 5549 2840 5603 εκ
2860 5567 2920 5603 τε
2939 5551 3039 5621 τῆς
3071 5550 3454 5622 προαιρέσεως,
3483 5550 3569 5604 διὰ
3601 5538 3678 5606 to}
3700 5544 4040 5609 αὐτεξούσιον,

897 5753 967 5817 (ς)
1004 5747 1136 5805 Vita:
1161 5748 1262 5804 PP.
1294 5749 1359 5806 de
1391 5749 1449 5807 S.
1480 5751 1673 5808 Nonno
1695 5754 1749 5808 in
1791 5752 1914 5809 Vita
1947 5752 2002 5810 S.
2035 5753 2263 5825 Pelagia:
2281 5753 2318 5809 ι.
2344 5769 2386 5821 ι,
2415 5769 2470 5826 p.
2493 5752 2619 5821 “576,
2645 5751 2787 5824 apud
2831 5751 3193 5808 Rosweidnm.
