4216 6458
172 383 273 451 911
675 352 729 423 τ

1155 384 1384 446 SCALA
1405 384 1785 445 PARADISI.
1807 407 1879 420 -
1905 383 2214 445 GRADUS
2244 383 2366 446 XV.

3279 372 3388 441 918

169 498 235 551 ικ
277 513 335 548 τε
382 495 479 565 ⁹..ἧς
519 493 814 565 άγγελικῆς
869 495 1230 566 προτροπῆςο
1277 496 1419 550 ὥστε
1465 498 1595 561 τοὺς
1630 498 1730 567 μὲν
1758 503 1834 559 Αι

1725 515 1730 541 ι
1758 503 1802 559 Α
1833 505 1993 551 trtem
2026 494 2235 549 arbitrii
2264 511 2279 548 :
2328 501 2445 548 tum
2467 490 2633 547 etiam
2661 506 2728 548 ex
2762 491 3003 563 angelico
3036 500 3289 545 lllSilllCll‘
3339 500 3390 543 et

176 585 439 657 πονηροὺς
484 586 548 639 ὲκ
581 586 675 639 δύο
708 586 808 657 τὴν
841 586 1100 641 σύστασιν
1128 586 1269 657 ἔχειν
1298 628 1315 652 ,
1348 584 1477 652 τοὺς
1507 588 1563 642 δὲ
1590 589 1729 656 ἁγα-

170 679 297 742 Ροὺς
334 679 397 731 ὲκ
436 677 621 746 τριῶν.
665 678 1037 749 Μνημονεύειν
1088 676 1180 733 οὖν
1226 679 1330 749 χρὴ
1371 678 1514 733 κατὰ
1546 679 1734 734 τοῦτον

169 768 263 823 τὸν
287 769 474 840 καιρὸν
499 767 591 822 τοῦ
630 770 907 839 nmmo;
933 769 1181 835 θεολόγου
1211 787 1226 801 ·
1276 771 1619 839 Ἀντίστητε
1654 771 1735 836 τῷ

171 860 447 922 διασόλω,
480 860 581 913 καί
606 860 887 929 φεύξεται
936 862 1036 931 ἀφ’
1068 860 1236 929 υίιῶν
1266 861 1365 932 (a).
1412 861 1523 917 Kal.
1550 862 1735 917 λοιπὸν

171 941 254 995 δεῖ
272 945 328 995 ἐν
358 941 566 1013 ἀγωνία
589 944 963 1014 ἐγκαρτερεῖν.
996 944 1068 996 Τὸ
1096 944 1156 995 δὲ
1185 943 1445 1014 ἔμπαλιν,
1475 945 1537 998 τὸ
1562 947 1622 997 ὲν
1654 944 1734 1015 τῷ

173 1032 363 1102 κόσμῳ
390 1029 801 1102 διαπολεμητον,
853 1030 1002 1092 δόλος
1033 1031 1151 1084 ἐστὶ
1182 1032 1273 1087 τοῦ
1304 1030 1523 1104 ἐχθροῦ,
1557 1033 1651 1088 καί
1672 1036 1734 1087 ού

174 1122 262 1191 φιλ
271 1122 573 1194 ανθρωπία.

751 1307 1007 1374 Σχόλιον
1037 1304 1145 1369 λς’.

242 1394 537 1464 Φεύγοψεν
571 1395 735 1451 ἕνεκα
776 1396 871 1449 τοῦ
930 1398 1005 1467 μὴ
1055 1396 1274 1465 βλέπειν
1330 1394 1465 1467 μηδὲ
1523 1395 1741 1449 ἀκούειν

174 1486 411 1555 καρποῦ,
435 1482 495 1539 οὗ
525 1487 598 1559 μὴ
621 1488 920 1556 γεύσεσθαι
945 1489 1128 1542 λοιπὸν
1158 1486 1584 1557 συνεταξάμεθα.
1613 1487 1739 1539 Λεί-

176 1592 269 1629 πει
292 1577 350 1630 δὲ
378 1577 459 1639 τὸ,
488 1578 687 1642 ἕνεκα,
715 1580 1071 1648 αἰτιολογικὸς
1100 1578 1410 1649 σύνδεσμος.
1447 1579 1742 1648 Φεύγωμεν

176 1669 309 1738 γὰρ.
342 1672 525 1741 φησὶν,
567 1670 733 1725 ἕνεκα
762 1673 939 1728 τοῦδε.
990 1671 1161 1725 Βλέπε
1209 1670 1443 1725 ἐνταῦθα
1488 1671 1521 1739 ἡ
1551 1671 1615 1722 ὲκ
1646 1667 1739 1722 τοῦ

175 1768 309 1820 τότε(
328 1787 347 1817 δ
372 1770 696 1839 μετάστασις
725 1768 845 1842 [τῆς
877 1768 1283 1841 μεταστάσεως]
1318 1785 1417 1837 την
1442 1774 1704 1837 ῶφελειαν
1726 1784 1737 1795 ί

1833 583 2088 652 impulsu,
2130 585 2204 638 ita
2234 591 2294 638 ut
2317 584 2470 640 male
2500 582 2857 655 cogitationes
2898 598 2965 638 ex
3004 582 3215 636 duobus
3255 580 3392 635 dun-

1832 685 1979 730 taxat
2033 674 2276 730 fontibus
2339 676 2606 739 oriantur,
2664 674 2824 731 bona:
2878 689 3009 731 vero
3066 689 3134 729 ex
3195 673 3390 727 tribus.

1833 764 2149 823 Meminisse
2175 780 2305 837 ergo
2338 765 2391 820 in
2416 766 2668 836 praesenti
2705 766 2831 821 vita
2888 773 3030 819 statu
3079 772 3289 834 oportet
3330 762 3396 815 il-

1834 857 1941 910 lius
1985 856 2131 926 quod
2196 856 2479 927 theologus
2544 855 2724 911 dixit:
2794 853 3041 909 Resislite
3087 853 3395 920 diubolo,et

1833 948 1998 1019 fugiet
2045 966 2080 1002 a
2124 949 2287 1004 vobis.
2332 948 2598 1004 Caeterum
2629 947 3021 1018 persistendum
3061 955 3143 1002 est
3174 946 3395 1003 inluctn

1836 1057 1931 1095 seu
1961 1042 2277 1096 certamine.
2304 1040 2528 1105 Contra,
2555 1055 2682 1095 cum
2711 1039 2766 1094 in
2798 1040 3000 1095 mundo
3028 1039 3265 1093 versanti
3296 1052 3396 1109 0p-

1839 1142 2105 1202 pngnatus
2170 1133 2333 1195 cedit,
2398 1134 2546 1189 fraus
2600 1141 2686 1188 est
2755 1131 2951 1197 hostis,
2978 1147 3085 1186 non
3114 1131 3396 1186 clementia

1839 1229 1919 1278 uel
1950 1226 2281 1279 humanitas.

2396 1316 2643 1373 Scholion
2670 1318 2760 1373 36.

1908 1408 2221 1480 Fug'amus,
2264 1426 2334 1467 ne
2362 1410 2645 1466 videamus
2697 1425 2871 1479 neque
2933 1408 3221 1464 audiamus
3282 1406 3400 1462 fru-

1839 1510 2010 1566 ctum,
2046 1502 2114 1557 de
2134 1518 2243 1573 quo
2263 1517 2364 1557 nos
2403 1516 2511 1556 non
2541 1510 2852 1572 gustaturos
2880 1499 3240 1556 decrevimus.
3297 1498 3399 1554 De-

1840 1593 2112 1649 sideratur
2169 1602 2351 1648 autem
2415 1608 2518 1648 vox
2571 1593 2738 1648 ἕνεκα
2781 1591 3091 1662 conjunctio
3142 1589 3400 1646 causalis.

1841 1686 1979 1742 Dicit
2007 1688 2149 1743 enim
2180 1705 2195 1742 :
2243 1686 2536 1758 Fugiamus
2562 1696 2779 1757 propter
2814 1686 2939 1742 hoc.
2970 1685 3100 1741 Vide
3124 1686 3213 1741 hic
3237 1700 3401 1755 quant

1841 1779 1945 1835 loci
1971 1780 2201 1834 mutatio
2229 1778 2418 1834 aﬂerat
2439 1779 2743 1834 utilitatem.
2786 1778 2925 1835 Cum
2979 1779 3124 1833 enim
3170 1776 3405 1832 sanctis-

177 1836 487 1926 διδάξαντος
507 1862 614 1932 γὰρ
643 1836 745 1915 τού
766 1836 1030 1931 παναγίου
1063 1836 1379 1932 Πνεύματος
1404 1836 1531 1926 τοὺς
1572 1859 1739 1914 πατὲ-
1772 1836 1814 1893 Β

1737 1836 1814 1900 ιΒ
1844 1871 2017 1925 simus
2060 1869 2296 1940 Spiritus
2344 1870 2529 1925 Patres
2574 1869 2870 1932 docuisset.
2918 1867 3065 1937 quod
3113 1867 3286 1923 hostis
3336 1882 3402 1922 ex

183 1970 304 2020 ρας,
325 1953 406 2006 ὅτι
430 1953 648 2009 δύναται
671 1955 794 2017 τοὺς
819 1954 1049 2024 τρόπους
1097 1955 1160 2007 ὲκ
1193 1954 1303 2007 τῶν
1331 1954 1509 2007 τόπων
1555 1955 1584 2007 ὁ
1636 1970 1743 2006 πα-

178 2048 348 2104 λαίων
380 2051 648 2121 ἀμείϐειν,
681 2045 828 2106 οὗτοι
867 2051 1032 2122 βοῶσι
1059 2069 1076 2085 ο
1116 2053 1351 2122 Φεύγετε
1389 2056 1514 2117 τοὺς
1549 2054 1747 2117 τόπους

178 2138 291 2191 τῶν
318 2141 643 2210 πτωμάτων,
673 2141 748 2207 ὡς
773 2142 869 2197 καὶ
887 2142 1120 2197 ἐνταῦθα
1144 2161 1158 2174 ·
1193 2143 1493 2213 Φεύγοντες
1535 2143 1749 2214 φεύγω-

184 2248 309 2301 μεν,
348 2234 441 2287 τοῦ
472 2234 634 2289 Δαυὶδ
667 2236 1043 2306 μνημονεύσας
1086 2235 1187 2307 τῆς
1218 2236 1361 2291 κατὰ
1401 2238 1503 2309 τὴν
1530 2237 1747 2309 Βηρσα-

181 2324 278 2379 ϐεὲ
310 2327 546 2399 ἱστορίας
564 2327 664 2400 τὴν
684 2328 902 2400 ἀπάτην
926 2329 1208 2400 ἐνέφηνεν.

853 2421 1067 2476 Ἄλλο.

255 2505 400 2569 Νοῦς
422 2508 498 2579 μὴ
526 2509 830 2564 ἐπιστατῶν
867 2514 933 2582 τῇ
974 2511 1246 2583 αἰσθήσει,
1284 2512 1353 2567 δι’
1394 2511 1567 2582 αὐτῆς
1590 2529 1747 2584 περι-

182 2594 378 2651 πίπτει
401 2602 590 2664 κακοῖς
613 2617 627 2630 ο
650 2602 739 2671 ὑφ’
758 2603 947 2673 ἡδονῆς
966 2602 1076 2675 γὰρ
1101 2604 1210 2658 τῶν
1238 2604 1511 2675 αἰσθητῶν
1529 2605 1745 2675 ἀπατη-

184 2686 366 2753 θεῖσα,
393 2689 567 2746 τίκτει
596 2693 744 2764 αὐτῷ
787 2694 1118 2765 φαυλότητα.

707 2896 965 2964 Σχόλιον
1008 2895 1237 2951 Ἰσαάκ.

270 2982 335 3039 ’0
369 2983 443 3057 μὴ
475 2986 763 3058 μακρύνων
787 2986 975 3039 ἑαυτὸν
999 2986 1110 3039 τῶν
1154 2984 1344 3040 αἰτιῶν
1380 2985 1491 3038 τῶν
1532 2984 1745 3051 παθῶν,

184 3075 451 3140 ικουσίως
478 3078 743 3141 ἀκουσίως
781 3076 885 3130 ύπδ
915 3078 1013 3140 τῆς
1043 3076 1316 3148 ἁμαρτίας
1364 3076 1691 3130 καθέλκεται
1729 3094 1744 3110 ο

1847 1979 2087 2019 .ocorum
2141 1968 2440 2019 mutatione
2490 1974 2675 2034 posset
2728 1978 2904 2019 mores
2957 1964 3269 2027 immutare,
3294 1961 3407 2016 cla-

1847 2064 1996 2110 mant
2023 2055 2078 2109 hi
2108 2072 2122 2108 :
2172 2054 2362 2124 Fugite
2393 2055 2510 2109 loca
2539 2053 2755 2109 casibus
2777 2060 3122 2124 peccatorum
3147 2050 3404 2116 obnoxia,

1849 2155 1983 2202 utet
2007 2146 2139 2201 hic:
2186 2144 2474 2213 Fugientes
2524 2144 2820 2215 fugiamus.
2868 2142 3142 2199 Climacus
3190 2140 3407 2197 Davidis

1846 2255 1912 2293 cx
1937 2246 2153 2308 aspectu
2190 2238 2468 2293 Bersabea:
2502 2237 2711 2307 decepti
2770 2236 3051 2292 historiam
3101 2248 3408 2290 memorans

1846 2331 2109 2401 designat.

2526 2418 2708 2472 Aliud.

1918 2510 2069 2567 Mens
2118 2527 2238 2580 qua:
2264 2510 2515 2566 sensibus
2544 2509 2804 2580 indulget,
2846 2523 2943 2579 per
2980 2507 3101 2563 illos
3151 2505 3314 2579 249
3353 2506 3411 2562 in

1850 2617 2066 2676 peccata
2089 2606 2306 2669 incidit;
2342 2604 2706 2674 voluptatibus
2750 2602 2893 2658 enim
2946 2611 3001 2657 et
3058 2602 3421 2656 delectatione

1851 2714 2027 2753 rerum
2048 2714 2168 2768 quae
2202 2698 2305 2751 sub
2332 2712 2527 2751 sensus
2553 2696 2756 2750 cadunt
2776 2695 2974 2762 delusi,
3006 2694 3246 2749 anim-am
3313 2697 3411 2746 de.-

1850 2791 2062 2845 bilitant
2090 2800 2146 2845 et
2174 2788 2451 2859 frangunt.

2409 2901 2574 2957 Aliud
2606 2900 2804 2957 lsaaci.

1917 2997 2017 3065 Qui
2046 3011 2152 3050 non
2177 2992 2365 3065 procu‘.
2394 3011 2453 3051 se
2478 3003 2716 3049 removet
2736 3002 2791 3049 et
2820 2993 3019 3049 recedit
3054 3007 3084 3046 a
3134 2990 3316 3045 causis
3360 2999 3415 3046 et

1848 3084 2222 3139 occasionibus
2257 3083 2534 3145 vitiorum,
2565 3082 2751 3137 volens
2782 3082 2973 3136 nolens
3023 3082 3077 3135 in
3133 3090 3412 3149 peccatum

183 3164 361 3217 ταῦτα
397 3166 454 3219 δέ
480 3169 583 3219 εἰσι
608 3167 677 3220 τά
708 3167 856 3222 αἴτια
895 3166 994 3237 τῆς
1021 3167 1314 3237 ἁμαρτίαςο
1338 3168 1368 3220 ὀ
1409 3163 1547 3230 οἶνος
1572 3168 1662 3222 καὶ
1689 3168 1748 3222 αἰ
1774 3212 1817 3269 C

1746 3206 1817 3269 ac
1851 3176 2103 3229 trahitur.
2153 3175 2344 3230 Causae
2406 3186 2583 3228 autem
2638 3174 2843 3243 peccati
2904 3188 2998 3228 seu
3067 3174 3411 3229 incitamenta

185 3259 468 3326 γυναῖκες,
498 3259 526 3311 ὁ
554 3258 803 3323 πλοῦτος,
832 3259 926 3311 καὶ
950 3260 985 3329 ἡ
1010 3257 1191 3322 εὐεξία
1211 3256 1307 3311 τοῦ
1334 3255 1584 3328 σώματος
1602 3299 1617 3323 ,
1649 3259 1749 3330 οὐχ

185 3346 274 3399 ὅτι
295 3346 539 3413 φυσικῶς
557 3347 801 3418 ἁμαρτία
828 3348 935 3402 εἰσί
968 3346 1164 3411 ταῦτα,
1191 3347 1308 3401 ἀλλ’
1328 3348 1410 3400 ὃτι
1437 3348 1471 3418 ἠ
1493 3348 1655 3416 φύσις
1687 3349 1747 3416 ἐξ

188 3438 374 3489 αὐτῶν
399 3438 637 3501 εὐκόλως
654 3438 812 3510 κλίνῃ
846 3438 979 3509 πρὸς
1006 3438 1077 3493 τά
1119 3439 1264 3509 πάθη
1296 3438 1399 3509 τῆς
1437 3440 1708 3510 ἁμαρτίας
1733 3456 1747 3471 ·

188 3528 291 3579 καὶ
315 3526 403 3580 διὰ
440 3527 596 3581 τοῦτο
618 3529 821 3598 ὀφείλει
856 3532 886 3583 ὁ
928 3528 1213 3601 ἄνθρωπος
1238 3531 1753 3602 παραφυλάττεσθαι

189 3616 521 3678 σπουδαίως.

786 3812 1041 3880 Σχόλιον
1067 3814 1165 3879 λζ’.

281 3900 542 3954 ἐνταῦοα
590 3904 688 3956 οὐκ
730 3904 1077 3956 ἀνταπέδωκε
1117 3905 1207 3958 τὸν
1252 3905 1321 3957 δὲ
1351 3907 1756 3977 συμπλεκτικὸν

196 3991 496 4061 σύνδεσμον
526 3993 761 4061 σχήματι
798 3992 876 4063 τῷ
905 3994 1046 4047 κατὰ
1082 3994 1349 4048 ἀπόλυτον
1379 3997 1665 4068 μερισμὸν,
1710 3999 1758 4051 εἰ

198 4086 295 4137 καὶ
351 4084 781 4153 ἑπιτηδευμένως
823 4080 974 4153 οἶμαι
998 4124 1015 4151 ,
1059 4086 1142 4138 ὃτι
1180 4085 1259 4156 τῷ
1297 4086 1487 4159 Πέτρῳ
1515 4087 1619 4160 [ὲν]
1660 4089 1761 4162 βίῳ

200 4175 662 4245 προσομιλήσαντι
706 4177 761 4229 αἱ
818 4176 968 4241 κλεῖς
1019 4177 1119 4249 τῆς
1163 4176 1440 4248 βασιλείας
1482 4181 1762 4254 άπενεμή-

201 4264 396 4338 θησαν.

802 4384 1058 4452 Σχόλιον
1085 4384 1189 4456 λη’.

278 4474 393 4527 Πᾶν
426 4475 602 4545 νόημα
646 4475 963 4545 πράγματος
997 4475 1278 4547 αἰσθητοῦ,
1323 4477 1382 4530 ἐν
1407 4468 1453 4546 ᾧ
1473 4476 1706 4549 χρονίζει
1732 4480 1761 4530 ὁ

1850 3279 1978 3323 sunt
2005 3270 2213 3332 vinum.
2244 3268 2520 3330 mulieres,
2546 3282 2701 3337 opes,
2729 3268 2903 3322 bonus
2941 3267 3159 3322 habitus
3216 3280 3415 3336 corpo-

1850 3361 1964 3415 ris:
2038 3376 2145 3414 non
2196 3360 2343 3430 quod
2383 3359 2499 3414 hac
2525 3369 2719 3414 natura
2746 3374 2843 3413 sua
2876 3365 3098 3429 peccata
3147 3357 3419 3426 sint(aut

1853 3461 2133 3521 peceatum
2163 3452 2206 3520 ),
2268 3451 2363 3506 sed
2430 3451 2575 3522 quod
2626 3461 2818 3505 natura
2877 3466 2971 3519 per
3028 3450 3141 3504 haec
3173 3448 3416 3503 facilead

1851 3541 2053 3608 peccati
2105 3540 2325 3595 morbos
2401 3550 2457 3597 et
2507 3541 2636 3594 vitia
2695 3540 2984 3593 inclinatur
3050 3548 3105 3592 et
3159 3538 3413 3592 trahitur.

1851 3629 2086 3683 Proinde
2154 3632 2358 3685 homini
2443 3631 2727 3701 diligenter
2792 3630 2860 3683 ab
2945 3630 3031 3685 his
3115 3629 3415 3685 cavendum

1853 3730 1955 3774 est.

2449 3829 2697 3885 Scholion
2736 3832 2824 3885 37.

1925 3920 2024 3975 llic
2078 3936 2186 3975 non
2251 3920 2479 3975 reddidit
2548 3921 2983 3991 coniunctionem
3060 3920 3417 3989 copulativam

1858 4013 1978 4084 (δὲ,
2008 4028 2160 4078 vero,
2202 4014 2426 4081 autem)
2457 4013 2640 4082 ﬁgurae
2686 4026 2780 4080 per
2825 4011 3124 4066 absolutam
3174 4015 3419 4082 partitio-

1856 4121 2009 4167 nem,
2041 4106 2142 4160 etsi
2191 4120 2289 4159 nec
2329 4105 2506 4157 studio
2560 4104 2795 4159 arbitror
2831 4122 2845 4158 :
2878 4104 3007 4174 quia
3062 4103 3243 4171 Petro,
3284 4105 3417 4160 dum

1856 4198 2080 4263 viveret,
2121 4195 2445 4266 colloquenti
2470 4196 2680 4252 traditae
2740 4206 2869 4249 sunt
2909 4194 3088 4251 claves
3115 4197 3265 4268 regni
3307 4213 3420 4254 cme-

1858 4288 2008 4344 lestis
2032 4288 2098 4344 “.

2487 4399 2735 4456 Scholion
2772 4404 2861 4458 38.

1928 4489 2117 4546 Omnis
2176 4492 2433 4563 cogitatio
2503 4493 2580 4548 rei
2634 4496 2761 4563 qua:
2786 4497 2889 4549 sub
2920 4510 3143 4552 sensum
3167 4496 3332 4563 cadit,
3360 4495 3421 4552 in

200 4561 349 4625 νοῦς,
383 4563 593 4625 πάντως
614 4562 775 4631 δηλοῖ,
811 4565 892 4617 ὅτι
923 4563 1094 4627 πάθος
1121 4565 1234 4634 ἔχει
1267 4564 1403 4635 πρὸς
1448 4565 1579 4619 αὐτό
1598 4582 1610 4596 '
1644 4569 1765 4620 Οὐκ
1794 4579 1838 4635 D

1757 4583 1765 4620 ⁵
1794 4579 1838 4635 D
1865 4596 1971 4649 qua
1994 4597 2148 4637 mens
2176 4561 2265 4637 diu
2302 4594 2562 4648 moratur,
2593 4561 2818 4642 omnino
2844 4588 3101 4653 ostendit,
3138 4588 3284 4660 quod
3318 4561 3422 4643 Ver-

202 4652 477 4721 ἐκλείψω
498 4651 611 4708 οὖν
640 4654 708 4717 ἐξ
737 4654 906 4708 οἷκον
932 4655 1118 4709 αὐτοῦ
1143 4655 1471 4724 τονορῤύης
1514 4655 1614 4710 καί
1663 4659 1765 4710 .18-

206 4742 379 4809 πρὸς,
406 4742 635 4810 κρατῶν
660 4743 996 4812 σκυτάλην,
1023 4744 1119 4797 καί
1159 4744 1390 4798 πίπτων
1411 4745 1481 4799 ἐν
1503 4747 1765 4816 ῥομφαίᾳ

206 4847 414 4885 avtov.

786 4963 1045 5031 Σχόλιον
1073 4963 1171 5021 λιι.

277 5049 634 5121 Σημειωτέον,
660 5051 759 5116 τὰς
778 5055 899 5106 κείν
932 5054 1099 5109 ὕπνον
1130 5056 1446 5129 διακρίσεις,
1473 5060 1672 5132 μᾶλλον
1706 5063 1762 5116 se

207 5142 297 5196 διὰ
317 5144 381 5197 τὸ
412 5143 487 5214 μὴ
505 5144 763 5207 ὡσαύτως
791 5145 933 5214 ἔχειν
957 5147 1045 5200 ἀεὶ
1065 5148 1228 5203 παντὶ
1267 5151 1527 5219 φευκτέον
1571 5170 1585 5184 ·
1619 5152 1762 5208 πάνυ

206 5234 318 5305 γὰρ
334 5233 532 5303 ὀλίγων
554 5236 611 5288 αἰ
630 5233 946 5308 διακρίσεις.

281 5502 327 5537 ⁸⁸
354 5503 543 5558 Matth.
576 5519 686 5571 svn,
712 5506 799 5561 13.
874 5506 923 5539 ⁸⁷
954 5505 996 5562 ll
1047 5505 1181 5578 Reg.
1224 5522 1312 5570 Ill,
1350 5508 1440 5562 29.

1861 4689 1927 4743 ga
1983 4675 2130 4730 illam
2160 4674 2420 4730 alﬁciatur
2448 4692 2463 4729 :
2519 4675 2641 4732 Non
2706 4679 2917 4747 deﬁciat
2949 4695 3073 4750 ergo
3093 4680 3300 4735 adorna
3328 4687 3422 4734 tua

1859 4766 2063 4833 ﬂuxum
2098 4769 2371 4837 sanguinis
2394 4769 2682 4834 sustinens,
2714 4780 2763 4825 et
2824 4771 3083 4841 leprosus,
3147 4781 3197 4827 et
3246 4781 3421 4828 tenens

1859 4859 2134 4926 scuticam,
2155 4867 2203 4912 et
2226 4859 2419 4914 cadens
2446 4861 2499 4913 in
2518 4860 2699 4929 gladio
2732 4863 2798 4917 "'.

2460 4972 2704 5028 Scholion
2740 4976 2828 5029 59.

1934 5061 2124 5133 Magna
2152 5064 2438 5134 prudentia
2472 5066 2777 5122 adhibex.da
2809 5076 2892 5124 est
2940 5068 2994 5123 in
3063 5069 3132 5123 iis
3190 5085 3300 5139 qua
3366 5069 3423 5125 in

1867 5168 2059 5210 scmno
2089 5171 2192 5211 usu
2240 5157 2487 5223 veniunt,
2536 5158 2669 5227 quin
2714 5160 2894 5230 potius
2924 5160 3053 5231 quia
3106 5162 3422 5218 inconstans

1869 5252 2169 5302 esteorum
2196 5249 2355 5315 ratio,
2387 5250 2611 5304 omnino
2646 5252 2970 5325 negligenda
3011 5259 3161 5318 sunt;
3223 5266 3424 5322 pauco-

1871 5352 1994 5392 rum
2018 5339 2162 5394 enim
2187 5354 2377 5395 eorum
2406 5341 2739 5411 dijudicatio.

288 5686 569 5777 (nidacoh.
603 5696 776 5762 apost.
808 5693 967 5763 epist.
998 5709 1047 5750 ο.
1091 5706 1233 5757 IVN.
1272 5694 1323 5747 7-
1353 5692 1641 5766 Dionysius
1692 5710 1883 5754 ctmr's
1910 5710 2180 5772 tip05l0.0$
2215 5706 2492 5777 theologos
2520 5717 2695 5771 vocat,
2722 5717 2772 5760 et
2797 5705 2853 5759 S.
2892 5704 3121 5761 Petrum
3169 5704 3421 5761 verticem

216 5758 605 5828 theologorum.
