4216 6458
192 381 295 449 921
1195 388 1425 452 SCALA
1447 389 1827 455 PARADISI.
1853 418 1923 431 -
1949 396 2255 461 GRADUS
2274 401 2399 464 XV.
3298 400 3405 465 992

768 494 1025 564 Σχόλιον
1065 500 1171 581 μεξ.
1781 508 1830 563 Α
2412 507 2433 563 ἔ

1111 500 1171 581 εξ.
1781 508 1830 563 Α
2412 507 2662 565 Scholion
2686 511 2776 567 45.

265 586 404 640 Ὅσα
431 584 524 654 ἀφ’
550 584 739 639 ἑαυτοῦ
777 585 1048 656 λογίζεται
1080 588 1110 641 6
1141 589 1266 654 νοῦς
1302 587 1447 663 πάθη
1480 592 1700 659 λέγεται
1727 632 1743 657 ,
1918 596 1930 656 1

1918 592 2264 666 Quaecunque
2289 614 2445 653 mens
2472 614 2567 668 per
2589 615 2648 655 se
2684 600 2923 670 concipit
2947 598 3102 670 εει
3138 606 3191 653 et
3211 598 3414 667 coquit,

187 676 290 729 ὅσα
323 674 698 746 ἐνοχλούμενος
726 676 831 729 ὑπὸ
871 676 963 730 τοῦ
991 678 1263 750 σώματος,
1304 683 1477 737 ταῦτα
1504 683 1580 747 ὡς
1612 684 1747 752 πρὸς
1847 699 1852 752 1

1847 685 2127 753 passiones
2173 702 2269 742 seu
2316 688 2630 745 aﬂ'ectiones
2672 691 2967 745 dicuntur:
3021 703 3142 757 quae
3181 697 3416 742 autema

188 766 282 821 τὸν
304 766 427 820 νοῦν
453 765 672 836 ἐμπαθῆ
696 782 711 798 ο
736 767 805 820 τὰ
825 768 882 820 δὲ
913 769 1048 839 πρὸς
1077 772 1335 828 σύστασιν
1371 774 1465 828 τοῦ
1495 774 1746 846 σώματος
1848 797 1853 823 ι

1848 790 2075 845 corpore
2103 778 2324 845 patitur,
2350 780 2689 849 appellantur
2738 792 2921 835 motus
2987 789 3242 847 tanquam
3287 792 3416 849 erga

186 856 529 930 Αογιζόμενα,
554 858 741 912 κακίαι
768 857 864 912 τοῦ
892 860 982 913 νοῦ
1008 863 1103 917 καὶ
1138 864 1246 917 εἰσὶ
1280 866 1373 919 καὶ
1402 865 1671 936 λέγονται.
1846 886 1851 920 :

1846 870 2087 922 animum
2108 868 2302 924 aﬂecti.
2330 869 2460 936 Quae
2489 880 2670 925 autem
2695 870 2750 925 in
2795 871 3021 942 gratiam
3048 869 3313 938 corporis,
3361 877 3416 922 et

1846 959 2096 1014 aﬂ‘ectum
2145 976 2176 1014 a
2236 970 2418 1015 mente
2484 971 2909 1033 pertractantur,
2970 961 3100 1015 vitia
3138 959 3336 1014 mentis
3362 966 3417 1013 et

1846 1060 1976 1105 sunt
2000 1059 2055 1104 et
2082 1050 2358 1106 dicuntur.

814 1132 1090 1197 2‘deth

2490 1142 2764 1197 Scholion.

276 1224 740 1296 ’Δνακρινᾶτωσαν
765 1224 860 1277 καὶ
896 1224 1396 1296 ψηλαφησάτωσαν.
1915 1227 1941 1283 Ι

1098 1225 1396 1296 εισάτωσαν.
1915 1227 2221 1300 Dijudicent
2248 1239 2304 1287 et
2333 1245 2763 1302 perscrutentur.

863 1316 1072 1371 Ἄλλο.
2523 1324 2709 1378 Aliud.

258 1406 335 1462 T6
362 1407 640 1479 κοπρῶδες
668 1405 841 1471 πάθος
868 1405 1025 1461 καλεῖ
1056 1407 1279 1480 κόπρον.
1914 1414 1923 1465 1

1914 1414 2185 1482 lmpuram
2234 1412 2571 1470 aﬂ‘ectionem
2628 1424 2842 1471 stercus
2904 1419 2999 1467 aut
3056 1411 3247 1467 limum
3306 1424 3404 1481 ap-

1848 1502 2032 1573 pellat.

765 1584 1025 1653 Σχόλιον
1059 1591 1177 1656 μς’.

1145 1591 1177 1639 ’.
2438 1593 2685 1649 Scholion
2722 1593 2810 1650 46.

255 1673 549 1745 Φιλόδωρος
567 1675 643 1727 ῶν
663 1675 691 1726 6
715 1673 844 1736 Θεὸς
866 1673 1096 1746 παρέχει
1128 1677 1241 1738 τοῖς
1275 1674 1447 1740 ἀξίοις
1477 1674 1545 1726 τὰ
1578 1673 1745 1745 πρόσ-
1914 1682 1920 1736 ]

1914 1682 2184 1753 Benignus
2231 1684 2372 1740 Deus
2413 1684 2479 1739 iis
2513 1684 2607 1754 qui
2637 1683 2785 1753 digni
2826 1690 2953 1737 sunt
2992 1681 3216 1736 exhibet
3258 1694 3410 1733 com—

187 1781 352 1835 φορα,
383 1763 416 1836 ἢ
445 1766 511 1835 τῇ
538 1764 715 1835 οίκείᾳ
738 1763 1035 1835 ἀγαθότητι
1062 1764 1400 1835 χρώμενος,ἢ
1428 1766 1495 1836 τῇ
1515 1763 1624 1817 τῶν
1654 1765 1745 1817 al-

1743 1795 1745 1804 ι
1852 1776 2007 1829 moda
2043 1776 2174 1844 ipsis
2195 1775 2567 1831 convenientia
2597 1782 2693 1829 ant
2718 1788 2818 1828 sua
2846 1773 3090 1827 bonitate
3122 1772 3408 1842 impulsus,

185 1856 462 1928 τουμένων
504 1856 912 1927 ἑπικλινόμενος
949 1856 1151 1929 δεήσει,
1204 1857 1344 1911 κατὰ
1373 1855 1435 1909 τὸ
1474 1855 1569 1910 τοῦ
1608 1856 1746 1909 ἀπο·
1775 1860 1818 1915 Β
1846 1887 1850 1919 ;

1775 1860 1818 1915 Β
1846 1877 1941 1921 aut
1983 1868 2279 1937 petentium
2307 1868 2449 1921 votis
2482 1865 2713 1921 inﬂexus
2738 1905 2753 1929 .
2798 1874 2858 1919 ttt
2906 1864 3098 1920 Petrus
3136 1865 3412 1934 apostolus

188 1951 379 2006 στόλου
411 1950 618 2023 Πέτρου
652 1953 897 2021 αἴνιγμα.
1845 1975 1853 2007 t

1845 1955 2002 2027 quasi
2038 1970 2131 2026 per
2161 1954 2386 2026 aenigma
2414 1955 2589 2009 docet.

760 2043 1021 2112 Σχόλιον
1064 2040 1172 2112 μζν.

1158 2080 1172 2094 -
2441 2041 2689 2098 Scholion
2727 2042 2818 2099 Π.

254 2133 490 2199 Δικαίως
538 2134 701 2205 εὐχὴν
732 2132 946 2201 νοερὰν,
989 2130 1110 2201 ἥτις
1138 2129 1434 2201 πράττεται
1469 2128 1561 2182 καὶ
1603 2127 1746 2181 δικο-
1910 2136 1919 2190 ]

1744 2155 1746 2165 π
1910 2135 2103 2193 Merito
2138 2136 2501 2208 precationem
2544 2151 2667 2206 qua:
2708 2142 2890 2189 mente
2918 2132 2995 2198 ﬁt,
3023 2147 3253 2202 quaeque
3283 2146 3409 2201 per-

182 2226 336 2280 νοῦσι
370 2227 713 2298 σωματικῶς.
746 2225 857 2279 Καὶ
872 2222 983 2294 γὰρ
1006 2223 1134 2277 ὅταν
1156 2222 1288 2294 πρὸς
1313 2224 1409 2283 τὰς
1433 2219 1747 2293 σωματικὰς
1843 2254 1847 2285 ς

1737 2236 1747 2283 ἶ
1843 2233 2019 2302 agitur
2038 2231 2200 2287 etiam
2230 2230 2298 2286 ab
2325 2230 2394 2285 iis
2421 2230 2514 2300 qui
2546 2227 2794 2299 corporis
2821 2225 3014 2282 oﬂiciis
3041 2232 3402 2294 occupantur.

182 2318 460 2383 διακονίας
503 2320 551 2372 οί
595 2317 846 2388 δαίμονες
892 2315 1077 2369 ῐδωσιν
1125 2312 1594 2384 ενασχολούμενον,
1625 2311 1745 2365 ἐπεὶ
1842 2324 1847 2380 ς

1744 2352 1745 2359 η
1842 2324 2053 2381 Etenim
2078 2323 2296 2395 quando
2322 2323 2594 2378 damones
2625 2319 2807 2375 vident
2829 2319 3141 2390 religiosum
3166 2318 3409 2373 externis

186 2409 513 2481 σωματικῶς
537 2408 793 2474 εὔξασθαι
818 2406 959 2462 κατὰ
999 2405 1110 2459 τῶν
1140 2405 1350 2477 ἐχθρῶν
1400 2406 1498 2476 οὐχ
1530 2400 1637 2469 οἷός
1683 2404 1744 2458 τέ
1842 2436 1851 2471 ε

1842 2416 2086 2488 corporis
2119 2415 2439 2472 ministeriis
2467 2413 2787 2470 distractum
2818 2428 2928 2467 non
2962 2426 3125 2480 posse
3153 2412 3410 2481 precibus

187 2502 361 2563 ἐστιν,
400 2500 732 2554 ἐπιτίθενται
760 2499 907 2570 αὑτῷ
935 2498 1024 2553 διὰ
1059 2495 1167 2551 τῶν
1205 2496 1498 2566 αίσχίστων
1528 2494 1745 2549 ἐννοιῶν
1840 2524 1852 2552 π

1740 2512 1745 2538 ’
1840 2508 2119 2565 vocalibus
2149 2522 2367 2580 operam
2392 2507 2545 2574 dare,
2573 2506 2836 2562 invadunt
2863 2504 3039 2574 ipsum
3064 2504 3405 2573 gravissime,

184 2590 415 2660 βαρέως,
436 2591 531 2644 καὶ
553 2592 631 2654 είς
659 2584 826 2661 ἧτταν
857 2586 1223 2660 προσκαλοῦσι
1245 2604 1260 2619 ο
1288 2587 1464 2658 χρεὼν
1483 2582 1576 2639 οὖν
1603 2585 1726 2638 τότε
1841 2620 1849 2654 ε

1841 2611 1898 2658 et
1947 2601 2290 2671 turpissimas
2318 2599 2672 2670 cogitationes
2703 2597 2988 2668 objiciunt,
3018 2596 3217 2665 quibus
3255 2594 3405 2648 illum

184 2680 283 2735 τοῦ
304 2681 704 2753 διακονήματος
733 2679 1076 2753 προτιμῆσαι
1106 2678 1207 2750 τὴν
1231 2679 1372 2733 κατὰ
1412 2676 1532 2740 ιθος
1557 2692 1745 2746 σωμα-
1840 2708 1849 2748 ε

1744 2708 1745 2714 ‘
1840 2691 1911 2748 ad
1960 2694 2176 2747 ruinam
2223 2691 2521 2761 impellant.
2565 2688 2705 2744 Tum
2747 2703 2877 2743 vero
2936 2700 3158 2742 necesse
3213 2693 3299 2740 est
3347 2693 3409 2738 ut

181 2774 343 2845 τικὴν
363 2774 690 2845 προσευχὴν,
730 2773 830 2844 τῆς
864 2772 1057 2844 νοερᾶς
1094 2769 1336 2843 δηλονότι
1376 2782 1745 2837 καταφρονου-
1840 2804 1846 2860 1

1743 2795 1745 2807 '
1840 2788 2146 2860 posthabita
2175 2786 2527 2841 meditatione
2556 2785 2753 2839 mentis
2775 2782 2878 2839 sub
2906 2795 3070 2852 opere
3101 2780 3169 2834 ad
3194 2777 3408 2833 vocales

186 2866 381 2938 μένηςο
1842 2888 1897 2935 et
1925 2888 2213 2936 consuetas
2237 2892 2425 2949 preces
2456 2884 2724 2930 recurrat.

763 2976 1018 3044 Σχόλιον
1051 2971 1162 3045 μη’.

1145 3012 1162 3028 .
2439 2965 2685 3021 Scholion
2722 2964 2809 3018 48.

253 3066 355 3123 Διὰ
380 3067 536 3122 τοῦτο
560 3067 659 3141 τὴν
681 3065 874 3138 νοερὰν
914 3064 1155 3120 διδάσκει
1198 3058 1502 3134 προσευχὴν
1536 3058 1633 3115 καὶ
1657 3058 1745 3114 ἑν-

1742 3089 1745 3099 ›
1919 3059 2081 3116 Docet
2147 3059 2415 3114 intentam
2472 3072 2591 3126 quae
2655 3065 2833 3109 mente
2897 3054 3075 3122 agitur
3135 3051 3407 3121 precatio-

181 3159 446 3215 διάθετον.
861 3242 872 3244 _
1096 3239 1112 3244 Δ
1767 3186 1811 3244 c
1847 3168 1991 3207 nem.

749 3242 1007 3312 Σχόλιον
1049 3239 1155 3311 μθ’.
1773 3237 1811 3244 “

1773 3237 1811 3244 “
2434 3238 2682 3293 Scholion
2722 3237 2811 3291 49.
2908 3300 2912 3305 ἠ

252 3334 561 3407 Προσεύχου
588 3333 851 3405 πρότερον
876 3331 1004 3401 περὶ
1022 3328 1116 3383 τοῦ
1148 3327 1485 3400 καθαρθῆναι
1510 3324 1699 3381 παθῶν
1722 3338 1740 3356 ⁸
1911 3333 1917 3387 ]

1911 3333 2150 3387 Primum
2178 3346 2398 3401 precare
2423 3339 2481 3383 ttt
2510 3331 2577 3384 ab
2602 3330 2749 3381 omni
2786 3327 3100 3397 passionum
3128 3323 3407 3394 impuritia

181 3429 282 3483 καὶ⁵
304 3427 552 3499 δεύτερον
588 3425 718 3491 περὶ
748 3421 840 3476 τοῦ
869 3420 1129 3492 ῥυσθῆναι
1161 3419 1268 3473 ἀπὸ
1312 3418 1414 3489 τῆς
1441 3416 1738 3488 ἀγνωσίας
1841 3444 1846 3481 ]

1841 3425 2180 3495 repurgeris;
2228 3422 2425 3476 deinde
2478 3430 2539 3474 ut
2596 3420 2664 3475 ab
2722 3418 3072 3486 ignorantia;
3134 3424 3408 3484 postremo

182 3517 278 3569 καὶ
325 3515 502 3588 τρίτον
543 3513 650 3567 ἀπὸ
700 3509 897 3575 παντὸς
934 3507 1240 3583 πειρασμοῦ
1285 3508 1383 3562 καὶ
1412 3504 1737 3575 ὲγκαταλεί-
1837 3536 1847 3574 ε

1617 3504 1737 3558 »λα’
1837 3520 1907 3574 ab
1933 3517 2078 3573 omni
2106 3515 2400 3571 tentatioue
2435 3523 2489 3569 et
2509 3513 2724 3567 interno
2750 3508 2970 3565 deiectu
3012 3508 3282 3563 libereris.

179 3604 351 3675 ψεως.

828 3691 1107 3761 Σχόλιον.
2484 3699 2493 3744 ὲ

1092 3728 1107 3744 ⁶
2484 3690 2755 3745 Scholion.

252 3786 328 3840 Τὸ
349 3784 459 3857 γὰρ
487 3783 588 3855 τῆς
614 3782 709 3837 τοῦ
739 3780 874 3835 Θεοῦ
907 3777 1160 3850 βοηθείας
1204 3776 1564 3847 πειρασθῆναι
1597 3791 1740 3848 ιπει-
1910 3790 1917 3843 ι

1910 3788 2156 3844 Divinum
2181 3786 2325 3843 enim
2359 3784 2620 3839 auxilium
2647 3779 2879 3851 experiri
2917 3788 3003 3835 est
3046 3778 3409 3833 remuneratio

181 3876 434 3953 ραθῆναι]
462 3879 630 3949 ἡμᾶς,
662 3873 951 3946 ἀντίδωρον
967 3872 1068 3944 τῆς
1088 3871 1265 3943 ψυχῆς
1292 3869 1449 3942 ἡμῶν
1467 3866 1739 3924 καταστα-
1838 3901 1846 3938 ε

1360 3869 1449 3923 ιῶν
1467 3866 1739 3924 καταστά·
1838 3882 2032 3938 animae
2060 3887 2258 3934 nostrae
2290 3878 2344 3932 in
2372 3877 2517 3931 bono
2552 3883 2697 3930 statu
2737 3872 3025 3927 versantis.

182 3987 346 4033 σεως.

393 4078 648 4148 sxum
673 4075 781 4132 τοῦ
807 4074 979 4143 ἁγίου
1004 4072 1432 4143 Χρυσοστόμου
1462 4077 1527 4128 ν’.

1386 4091 1432 4128 νυ
1462 4077 1527 4128 ν’.
2189 4063 2440 4122 Scholion
2474 4064 2536 4120 S.
2568 4062 2930 4134 Chrysostomi
2963 4063 3051 4119 50.

264 4170 461 4225 Ὶστέον
477 4170 557 4224 δτι
591 4168 654 4222 οὐ
687 4166 930 4238 ζητεῖται
960 4165 1123 4226 τόπος
1141 4163 1239 4234 τῆς
1262 4161 1581 4233 προσευχῆς,
1600 4160 1738 4215 ἀλλὰ
1910 4158 1929 4211 ε

1736 4201 1738 4210 .
1910 4155 2202 4214 Sciendum
2229 4156 2374 4227 quod
2400 4170 2510 4210 non
2537 4163 2811 4225 queratur
2842 4153 2945 4208 loci
2976 4162 3229 4224 aspectus
3255 4194 3271 4221 ,
3305 4155 3401 4211 sed

177 4263 400 4335 τρόπος.
444 4260 503 4314 '0
541 4259 811 4330 Ἱερεμίας
838 4258 898 4312 εν
942 4255 1183 4327 βορϐόρῳ
1218 4250 1315 4325 ἦν,
1348 4254 1444 4308 καὶ
1480 4252 1572 4307 τὸν
1606 4252 1739 4307 Θεὸν
1840 4268 1842 4276 ε

1840 4248 2035 4305 mentis
2057 4246 2281 4304 aﬂ‘ectus
2313 4246 2414 4317 (α).
2459 4244 2728 4302 Jeremias
2750 4246 2805 4301 in
2832 4260 2990 4301 como
3023 4254 3077 4300 ct
3109 4246 3225 4300 luto
3251 4255 3404 4313 erat,

179 4333 544 4404 eruendum.
583 4346 643 4399 'o
671 4344 870 4415 Δανιὴλ
918 4344 976 4397 ὲν
1013 4343 1199 4412 λάκκῳ
1232 4340 1481 4406 λεόντων,
1510 4338 1604 4393 καὶ
1646 4338 1740 4392 τὸν
1839 4360 1844 4388 .

1737 4357 1740 4376 ν
1839 4348 1892 4393 et
1916 4337 2085 4392 Deum
2129 4336 2379 4408 precibus
2402 4334 2588 4401 ﬂexit;
2632 4334 2817 4389 Daniel
2850 4336 2904 4389 in
2935 4334 3054 4390 lacu
3085 4333 3252 4390 Deum
3296 4336 3402 4391 sibi

180 4436 316 4490 Θεὸν
367 4433 751 4505 ὲξευμενίσατο
781 4447 798 4462 ο
824 4430 874 4483 oi
918 4432 1068 4503 τρεῖς
1112 4428 1294 4491 παῖδες
1336 4428 1395 4478 ὲν
1418 4428 1484 4497 τῇ
1524 4424 1739 4497 καμίνῳ
1840 4451 1845 4477 4

1737 4453 1739 4467 ι
1840 4427 2184 4494 conciliavit;
2228 4435 2339 4481 tres
2377 4425 2527 4495 pueri
2568 4425 2622 4479 in
2669 4425 2889 4480 camino
2919 4425 3089 4480 Deum
3143 4428 3402 4495 propitia-

180 4521 343 4597 ἦσαν,
379 4522 473 4577 καὶ
497 4523 590 4575 τὸν
608 4521 738 4575 Θεὸν
760 4516 1112 4588 ὲδυσώτιησαν
1130 4533 1143 4547 ο
1171 4517 1201 4570 6
1216 4514 1335 4569 ’1ὼό
1358 4517 1496 4586 ὲντῇ
1514 4514 1733 4586 κοπρίᾳ,
1767 4522 1811 4578 D
1842 4538 1845 4570 ι

1767 4522 1811 4578 D
1842 4525 2001 4583 runt;
2050 4512 2152 4570 Job
2197 4514 2251 4568 in
2295 4513 2639 4583 sterquilinio
2679 4513 2848 4568 Deum
2889 4514 3058 4580 vidit;
3092 4513 3304 4586 Moyses
3347 4518 3404 4571 in

189 4614 286 4668 καὶ
316 4614 405 4666 τὸν
428 4612 558 4666 Θεὸν
581 4610 822 4683 ἑώρακεν
845 4625 859 4640 ·
893 4610 922 4663 6
950 4608 1187 4678 Μωῦσῆς
1223 4605 1314 4659 ἐπὶ
1337 4606 1433 4675 τῆς
1450 4604 1740 4675 θαλάσσης,
1840 4628 1854 4666 ι

1840 4610 1973 4666 mari
1998 4648 2015 4675 ,
2043 4608 2133 4663 cui
2160 4606 2294 4662 dixit
2323 4605 2467 4661 Deus
2490 4621 2504 4657 :
2526 4603 2669 4670 Quid
2694 4605 2893 4660 clamas
2924 4606 2992 4659 ad
3024 4622 3103 4659 me
3126 4608 3213 4660 ⁷⁸2
3239 4605 3406 4662 Latro

192 4706 288 4759 καὶ
320 4704 503 4771 ἔλεγεν
523 4700 669 4771 αὐτῷ
691 4703 720 4754 6
750 4700 881 4765 Θεός
898 4714 913 4729 ⁸
936 4698 1001 4752 Τί
1029 4698 1154 4769 βοᾷς
1191 4697 1327 4767 πρός
1354 4712 1456 4766 μες
1486 4697 1516 4749 6
1539 4694 1741 4768 λῃστὴς
1837 4703 1854 4757 ί

1737 4712 1741 4750 τ
1837 4703 1891 4757 in
1938 4713 2103 4756 cruce
2149 4696 2459 4767 paradisum
2519 4697 2749 4765 aperuit.
2808 4696 2947 4768 Ergo
3003 4697 3164 4768 252
3222 4708 3279 4753 et
3343 4709 3402 4753 tu

187 4796 247 4847 ὲν
284 4793 363 4864 τῷ
392 4790 629 4862 σταυρῷ,
665 4789 875 4845 καὶτὸν
912 4786 1238 4860 παράδεισον
1268 4784 1495 4856 ἡνοιξεν.
1531 4782 1774 4841 Οὐκοῦν.
1836 4810 1852 4849 ι

1735 4801 1774 4841 ι.
1836 4792 2147 4862 ubicunque
2200 4789 2407 4855 fueris,
2472 4788 2527 4843 in
2576 4804 2711 4860 pura
2761 4791 3093 4846 conscientia
3140 4806 3400 4863 precare,

182 4887 277 4940 καὶ
303 4887 370 4939 σὺ
395 4887 525 4939 ὅπου
554 4882 622 4939 ἂν
651 4880 740 4955 ᾖς,
775 4881 935 4952 εὔχου
978 4882 1036 4935 ὲν
1072 4878 1300 4950 καθαρῷ
1327 4878 1607 4943 συνειδότι,
1643 4878 1740 4931 καὶ
1835 4902 1847 4939 ι

1739 4919 1740 4924 η
1835 4893 1889 4940 et
1917 4882 2061 4940 Deus
2087 4883 2257 4940 audit.
2304 4884 2483 4955 Ipsius
2518 4884 2665 4941 enim
2705 4893 2791 4941 est
2836 4895 2979 4942 terra
3023 4894 3080 4944 et
3124 4886 3404 4958 plenitudo

182 4982 211 5032 6
244 4977 377 5040 Θεὸς
416 4974 623 5033 ἀκούει.
650 4975 822 5029 Αὐτοῦ
846 4975 1005 5046 γὰρή
1027 4973 1121 5047 γῆ,
1154 4975 1249 5027 καὶ
1272 4972 1333 5027 τὸ
1353 4972 1621 5044 πλήρωμα
1644 4969 1739 5025 αὑ·
1842 4977 1961 5048 ejus
1996 4978 2066 5033 τι,

178 5072 297 5142 τῆς·
1152 5128 1157 5131 .

854 5180 1064 5234 Ἄλλο.
1376 5235 1383 5243 ,
2522 5172 2705 5227 Aliud.

248 5267 365 5340 Οὐχ
387 5270 416 5322 6
438 5268 599 5330 τόπος
630 5266 727 5338 τὴν
757 5266 989 5337 ἀρετὴν,
1012 5262 1129 5320 ἀλλ’
1161 5264 1197 5335 ή
1220 5263 1391 5335 ἀρετὴ
1416 5262 1627 5331 πέφυκε
1643 5259 1735 5316 ⁸ιιὸν
1909 5262 1913 5315 ἶ

1729 5277 1735 5307 ι
1909 5262 2023 5317 Non
2059 5264 2207 5318 locus
2236 5264 2419 5318 virtuti
2462 5304 2477 5330 ,
2522 5266 2615 5320 scd
2644 5268 2815 5322 virtus
2847 5268 2966 5321 loco
2998 5270 3135 5323 solet
3170 5285 3394 5324 venera-

176 5359 340 5413 τόπον
365 5359 668 5430 σεμνύνειν.

1841 5356 2043 5409 tionetn
2074 5355 2382 5410 conciliare.

243 5540 293 5576 "
318 5539 490 5595 Exod.
522 5557 630 5608 xiv,
667 5541 749 5596 l5.
824 5540 867 5571 "
903 5540 1046 5598 Psal.
1093 5557 1251 5609 xxttt,
1278 5544 1327 5598 1.

183 5696 493 5821 ωέῖὶηγίιιο
518 5699 740 5769 Agnetis
776 5698 966 5770 imper.
994 5700 1345 5771 qua-stionem
1367 5700 1507 5771 apud
1558 5700 1911 5769 Damianum;
1948 5697 2004 5755 S.
2051 5699 2205 5756 Pauli
2247 5697 2561 5771 Epistulam,
2612 5698 2668 5753 in
2718 5697 2859 5755 omni
2886 5696 3002 5753 loco
3030 5713 3193 5765 puras
3223 5698 3396 5752 levare

232 5788 262 5820 ιι
