4216 6458
780 397 880 460 923

1375 501 1624 559 Scholion
1657 503 1746 560 51.

850 595 984 651 ἰιὶιιο
1020 595 1296 663 quomodo
1324 593 1472 650 dicat
1513 594 1752 650 animam
1796 594 2082 666 tyrannide
2123 609 2349 665 oppres-

781 702 895 741 sam
928 703 1034 742 non
1067 705 1095 742 a
1129 689 1503 757 passionibus,
1539 689 1636 745 scd
1678 688 1750 743 ob
1787 689 2185 758 prateritorum
2221 702 2349 758 pec-

781 791 1026 834 catorum
1072 780 1518 837 consuetudinem
1563 795 1660 835 seu
1695 779 2041 835 memoriam.
2079 777 2344 832 Volunta-

782 867 896 922 rius
942 871 1087 924 enim
1133 870 1289 925 liberi
1333 869 1547 925 arbitrii
1580 884 1833 925 accessus
1881 876 1937 924 et
1975 867 2208 925 collusio
2255 867 2352 922 dat

2029 400 2088 460 S.
2111 399 2241 459 101‘.
2250 398 2296 457 Ν
2304 398 2350 458 Ν
2359 397 2428 456 IS
2465 393 2773 454 CLIMACI

3917 395 4022 460 ,ᾖ

3024 504 3286 572 Σχόλιοτρ
3323 509 3425 559 να’.

2516 597 2659 666 Ὀρα
2684 595 2804 658 πῶς
2853 594 2974 664 οὐχὶ
3005 597 3104 665 τὴν
3139 595 3245 648 ὑπὸ
3266 596 3377 648 τῶν
3401 593 3614 662 παθῶν,
3637 595 3756 650 ἀλλ’
3778 594 3890 652 ὕπδ
3913 597 4025 651 τῶν

2445 686 2768 757 προλήψεων
2799 686 3266 758 τυραννουμένην.
3322 686 3611 758 Προσῳδία
3632 687 3746 756 γὰρ
3772 687 4025 750 ἑκούσιος

2444 777 2538 829 τοῦ
2585 777 2955 841 αὑτεξουσίου,
3007 777 3041 847 ἠ
3085 777 3194 830 τῶν
3229 777 3418 832 παθῶν
3456 778 3604 832 ἐστιν
3644 777 3978 851 ἐπικράτεια
4003 791 4023 809 ⁸

2445 867 2703 933 ἀκούσιος
2725 868 2834 938 γὰρ
2859 869 3115 939 τυραννὶς
3144 870 3180 940 ή
3207 869 3480 940 προσϐολὴ
3505 869 3604 925 καὶ
3618 870 3919 942 ὑπόληψις.

781 965 1128 1033 passionibus
1155 966 1480 1036 imperium:
1521 965 1767 1038 tyrannis
1807 964 1956 1022 enim
1997 974 2053 1021 et
2105 963 2364 1021 violentia
2402 975 2505 1031 est,
2537 979 2663 1020 cum
2713 965 2918 1021 nolenti
2946 965 3277 1034 obj’ciuntur
3300 976 3358 1022 e;
3385 975 3752 1038 suggeruntur
3783 967 3807 1038 (
3837 979 4010 1038 pecu

783 1069 960 1114 torum
998 1058 1164 1114 illiciti
1190 1069 1244 1114 et
1273 1060 1587 1130 illecebrae).

1468 1155 1652 1209 Aliud.

856 1244 999 1300 Deus
1041 1245 1397 1316 cogitationes
1442 1261 1566 1301 cum
1609 1243 2003 1317 dijudicatione
2045 1253 2247 1300 tractas
2294 1241 2350 1298 in

783 1351 1014 1393 examen
1051 1348 1231 1393 vocat.
1266 1337 1499 1404 Quando
1527 1337 1670 1393 enim
1695 1335 1838 1391 aliud
1871 1337 2179 1408 c0gitavero
2204 1344 2259 1390 et
2285 1350 2352 1391 eo

785 1437 1063 1484 recreatus
1105 1437 1161 1483 et
1211 1429 1510 1486 delectatus
1556 1428 1710 1484 fuero
1737 1467 1755 1495 ,
1797 1436 1852 1483 et
1897 1441 2013 1482 rem
2053 1427 2224 1496 ipsam
2257 1439 2354 1479 seu

3143 1153 3352 1208 Ἄλλο.

2528 1265 2640 1331 Τὰς
2664 1265 2802 1336 μετὰ
2826 1264 3165 1334 διαγνώσεως
3193 1263 3520 1336 ἐνθυμήσεις
3538 1266 3569 1318 δ
3591 1264 3723 1328 Θεὸς
3743 1264 4028 1331 ἐξετάζειο

2456 1356 2584 1410 ὃταν
2625 1354 2734 1426 γὰρ
2778 1353 3078 1425 λογίσωμαι
3118 1370 3173 1406 τι
3219 1352 3314 1406 καὶ
3338 1350 3647 1424 εὐφρανθῶ,
3677 1355 3775 1407 καὶ
3797 1353 4031 1419 ποθήσω

2457 1446 2554 1518 τὴν
2585 1445 2802 1518 πρᾶξιν,
2827 1447 2887 1499 ἐν
2914 1447 2980 1516 τῇ
3015 1443 3332 1516 προαιρέσει
3368 1443 3466 1498 καὶ
3516 1444 3697 1515 κρίσει
3745 1447 4032 1513 συγκατό-

785 1531 964 1575 actum
994 1519 1306 1577 desiderare
1329 1560 1346 1586 ,
1378 1530 1434 1576 et
1465 1535 1588 1576 cum
1628 1519 2018 1576 deliberatione
2056 1527 2114 1574 et
2147 1517 2355 1589 judicio
2383 1577 2426 1633 Β

1153 1615 1426 1633 -μμμω,
1527 1622 1640 1633 .--μ
1681 1626 1808 1633 _-__-
1858 1609 2042 1633 ,μεμε
2100 1610 2320 1633 ---μω

2199 1517 2355 1633 ξηειίο
2383 1577 2426 1633 Β
2459 1517 2606 1594 θεγσιν
2634 1517 2868 1609 ποιήσω,
2897 1534 3287 1607 λογοθετοῦμαι
3317 1538 3413 1590 καὶ⁵
3439 1535 3864 1607 κατακρίνομαι.

785 1627 1115 1669 consensum
1153 1615 1471 1684 praebuere,
1527 1622 1646 1667 tum
1681 1626 1810 1668 reus
1853 1609 2047 1681 iudicii
2095 1610 2354 1667 condem-

787 1719 910 1758 llOl‘.

1481 1772 1665 1827 Aliud.

856 1860 1086 1928 Quando
1117 1861 1319 1933 aliquid
1354 1862 1480 1917 mali
1521 1871 1577 1918 et
1609 1861 1809 1932 impuri
1849 1868 2029 1916 mente
2062 1858 2312 1930 concipio
2336 1899 2352 1926 ,

787 1962 840 2006 et
871 1955 1051 2008 statim
1083 1953 1440 2024 cogitationes
1469 1954 1590 2010 illas
1614 1967 1924 2024 compesco,
1951 1963 2104 2008 extra
2138 1953 2354 2022 culpam

789 2059 931 2107 sum,
966 2059 1066 2100 nec
1089 2043 1340 2100 damnor.
1373 2043 1431 2099 Si
1456 2055 1637 2099 autem
1667 2045 1877 2099 hmscro
1905 2043 1960 2098 in
1993 2045 2099 2100 illis
2122 2086 2137 2110 ,
2178 2054 2232 2099 et
2257 2043 2355 2099 de-

788 2137 1054 2202 sideraro,
1083 2144 1139 2191 et
1159 2137 1336 2192 victus
1364 2136 1718 2208 captivusque
1744 2135 1810 2190 ad
1840 2151 2168 2194 consensum
2198 2135 2356 2191 fuero

789 2236 1118 2296 protractus,
1149 2225 1346 2283 subibo
1368 2225 1738 2281 damnationis
1760 2227 2026 2297 judicium
2054 2267 2070 2291 ,
2101 2237 2357 2296 tanquam

788 2318 1210 2388 cogitationibus
1239 2318 1295 2374 in
1323 2319 1552 2374 exitium
1589 2326 1777 2389 raptus
1805 2328 1862 2374 et
1891 2317 2359 2389 inquinationibus

789 2407 1098 2464 sordidatus
1139 2422 1236 2478 per
1258 2423 1322 2464 ea
1353 2423 1474 2480 qua:
1495 2408 1551 2464 in
1588 2416 1770 2465 mente
1797 2408 2066 2480 descripta
2088 2447 2106 2475 ,
2147 2408 2360 2479 depicta

790 2508 845 2555 et
872 2499 1110 2570 perfecta
1137 2509 1284 2557 sunt.

1431 2567 1704 2626 Scholion.

862 2660 942 2732 (ιι)
987 2660 1099 2732 Ego
1145 2660 1199 2716 in
1247 2661 1454 2732 meipsa
1503 2677 1591 2719 me
1642 2661 1990 2718 dilectionem
2027 2661 2228 2717 habere
2265 2676 2362 2732 pa-

792 2764 1000 2810 rentem
1027 2755 1251 2823 glorior,
1279 2765 1336 2810 et
1361 2757 1430 2810 ab
1460 2755 1572 2825 ipsa
1605 2765 1918 2826 generatam
1953 2765 2007 2808 et
2032 2757 2315 2809 educatam
2345 2773 2360 2809 :

3135 1781 3346 1834 'AMO.

2523 1872 2586 1926 Ei
2613 1871 2901 1942 λογίσομαι
2936 1871 3203 1940 πονηρίαν
3234 1874 3333 1925 καὶ
3360 1869 3726 1940 ἀκαθαρσίαν,
3781 1874 3886 1926 καὶ
3931 1875 4031 1928 τά·

2453 1977 2569 2031 χιον
2602 1958 2906 2029 παύσομαι,
2931 1959 2994 2012 ού
3024 1957 3424 2027 κατακρίνομαι
3448 1973 3463 1989 ο
3493 1959 3544 2011 εί
3570 1959 3627 2010 δὲ
3647 1959 3910 2030 χρονίσω,
3940 1963 4036 2014 καὶ

2455 2052 2698 2124 ποθήσω,
2724 2051 2820 2104 καὶ
2845 2049 3086 2121 ἡττηθῶ,
3108 2052 3204 2105 κα)⁵
3230 2050 3651 2121 αἱχμαλωτισθῶ
3675 2057 3799 2118 ταῖς
3826 2071 4035 2122 συγκα-

2453 2143 2707 2198 ταθέσεσι
2737 2143 2840 2213 τῆς
2869 2143 3143 2215 πράξεως,
3173 2144 3592 2216 κατακρίνομαι,
3616 2145 3691 2210 ῶς
3726 2150 3844 2211 τοῖς
3886 2148 4034 2217 λογι-

2458 2235 2613 2304 σμοῖς
2653 2230 2988 2296 ὀλισθαίνων,
3027 2231 3122 2284 καὶ
3171 2232 3527 2304 σπιλούμενος
3570 2238 3683 2298 τοῖς
3709 2236 4035 2307 μολυσμοίς,

2454 2330 2568 2392 τοῖς
2593 2327 2653 2382 ἐν
2678 2328 2748 2398 τῇ
2783 2325 2994 2398 διανοίᾳ
3020 2324 3504 2400 ζωγραφουμὲνοις
3540 2329 3637 2382 καὶ
3661 2331 4032 2401 τελουμένοις.

3103 2579 3387 2632 Σγόλιον.

3103 2579 3153 2632 Σ
3272 2593 3387 2632 ιον.

2542 2668 2685 2739 Ἐγὼ
2734 2668 2794 2722 ἐν
2820 2670 3033 2743 ἐμαυτῇ
3062 2577 3283 2741 άγάζῖιᾷ
3315 2669 3560 2742 συνέχειν
3593 2669 3896 2742 καυχῶμαι
3938 2688 4038 2742 μη-

2459 2761 2615 2834 τέρα,
2644 2761 2738 2817 καὶ
2769 2762 2874 2816 ὑπὸ
2901 2762 3108 2834 ταύτης
3133 2761 3458 2836 γεννηθῆναί
3487 2779 3550 2816 τε
3592 2763 3690 2818 καὶ
3715 2764 4039 2835 ἀνατραφῆ-

793 2857 850 2900 et
887 2847 1175 2902 exterioris
1209 2863 1371 2917 porro
1417 2858 1470 2902 et
1508 2849 1757 2918 corporei
1805 2848 2017 2902 ardoris
2046 2848 2362 2918 genitricem
2396 2915 2433 2928 _

2396 2915 2433 2928 _
2462 2871 2553 2908 ναι
2576 2870 2591 2885 ο
2622 2855 2717 2908 καὶ
2746 2853 2847 2925 τῆς
2879 2854 2986 2927 μὴν
3013 2854 3213 2920 ἔξωθεν
3245 2854 3566 2926 σωματικῆς
3602 2854 3913 2926 πυρώσεως
3947 2858 4045 2928 τὴν

795 2937 968 2992 habeo
1004 2915 1301 3006 (nimiam)
1331 2938 1437 2991 mei
1471 2915 1659 2993 curam
1690 2948 1745 2994 et
1786 2915 2130 2992 communem
2169 2952 2363 3008 quam-
2391 2915 2435 2978 ο

2391 2915 2435 2978 c
2465 2941 2606 3012 ἐμὴν
2635 2915 3072 3014 θερατίέίάνέχῶ
3096 2915 3425 3014 γεννήτρίαν
3444 2981 3461 3008 ,
3489 2915 3588 2995 καὶ
3617 2915 3790 3013 αὐτὴν
3946 2915 4046 2997 κᾶ-

793 3030 918 3083 dam
967 3029 1254 3098 (virtutum
1286 3044 1350 3084 ac
1393 3029 1678 3099 laborum)
1728 3029 2090 3084 cessationem
2137 3044 2230 3082 seu
2271 3043 2329 3081 re

797 3120 1130 3175 missionem.
1160 3121 1236 3174 lta
1285 3121 1430 3175 enim
1465 3122 1608 3174 culta
1657 3130 1714 3176 et
1750 3121 1986 3174 molliter
2029 3129 2257 3174 tractata
2301 3119 2357 3173 in

796 3213 1046 3268 sensibus
1081 3212 1445 3268 exterioribus
1475 3212 1794 3268 exardesco.
1849 3212 2128 3267 lnterioris
2179 3220 2358 3266 autem

796 3306 1027 3360 ﬂammae
1051 3345 1066 3371 ,
1101 3313 1155 3360 et
1186 3305 1573 3374 cogitationum
1606 3305 1874 3375 impulsus
1905 3319 2085 3360 causa:
2114 3313 2169 3359 et
2204 3319 2363 3358 occa-

797 3399 980 3455 siones
1009 3405 1310 3453 nascuntur
1335 3408 1388 3452 et
1413 3397 1682 3452 exsistunt
1723 3411 1790 3450 ex
1818 3394 2138 3466 praecedenti
2179 3408 2361 3450 cessa-

800 3491 947 3547 tione
976 3498 1031 3545 et
1056 3488 1342 3560 praeteritis
1364 3486 1694 3543 actionibus.

1235 3697 1394 3768 253
1449 3694 1537 3750 cn
1552 3693 1730 3749 suos
1772 3692 1914 3748 XVI.

1394 3787 1468 3842 De
1519 3786 1769 3840 avaritia.

869 3883 1100 3938 Maxima
1141 3895 1269 3951 pars
1299 3878 1587 3934 doctorum
1641 3877 1863 3932 Patrum
1907 3883 2035 3945 post
2070 3884 2362 3947 tyrannum

2465 3031 2686 3103 θολικὴν
2744 3033 2946 3088 ἄνεσιν.
3010 3033 3434 3104 Θεραπευομένη
3497 3033 3608 3106 γάρ
3660 3034 3756 3088 καὶ
3804 3036 4049 3099 ἀνέσεως

2466 3123 2952 3195 μεταλαμϐάνουσα
2986 3122 3183 3191 ἔξωθεν
3209 3124 3553 3195 ἐκπυροῦμαι
3579 3140 3596 3156 ο
3627 3125 3726 3196 τῆς
3752 3124 3816 3178 δὲ
3845 3124 4050 3179 ἔσωθεν

2465 3213 2664 3284 φλογὸς
2691 3217 2787 3268 καὶ
2815 3214 3083 3285 κινήσεως
3138 3213 3249 3268 τῶν
3271 3212 3548 3284 λογισμῶν
3562 3213 3620 3268 αἱ
3642 3213 3899 3284 ἀφορμαὶ
3918 3215 4052 3267 ἁπο-

2464 3307 2739 3360 τίκτονται
2795 3308 2859 3360 ἐκ
2907 3305 3286 3379 προλαὸούσης
3347 3306 3587 3372 ἀνέσεως
3635 3308 3731 3361 καὶ
3788 3305 4051 3377 πράξεων

2468 3399 2978 3473 προγεγενημένων.

3082 3698 3302 3752 ΛΟΓΟΣ
3329 3696 3445 3766 ις’.

2953 3791 3094 3860 Περὶ
3131 3792 3553 3861 φιλαργυρίας.

2531 3886 2782 3940 Πλεῖστοι
2833 3887 2949 3940 ὅσοι
2981 3887 3091 3939 τῶν
3142 3886 3322 3956 σοφῶν
3365 3886 3444 3958 (1)
3485 3886 3823 3960 διδασκάλων
3880 3890 4054 3959 πεςύο

799 3976 1044 4046 corporis
1095 3981 1151 4029 et
1197 3971 1414 4035 carnis,
1455 3970 1568 4041 jam
1628 3968 2006 4038 explicatum,
2056 3967 2359 4036 subjiciunt
2461 3998 2464 4029 τ

2461 3996 2590 4032 κασι
2636 3979 2773 4050 μετὰ
2813 3981 2904 4033 τὸν
2963 3978 3456 4050 προγεγραμμένον
3506 3979 3767 4050 τύραννον
3809 3981 3905 4033 τὸν
3954 3999 4055 4035 πα-

801 4069 946 4123 iiunc
981 4070 1300 4135 praesentem
1329 4060 1573 4115 avaritiae
1599 4057 1901 4113 daemonem
1944 4055 2246 4126 innumeris
2276 4069 2371 4109 ca-

802 4160 1003 4228 pitibus
1045 4153 1458 4210 redundantem.
1501 4148 1580 4204 Ne
1618 4163 1749 4218 ergo
1785 4163 1888 4202 nos
1923 4146 2245 4216 insipientes
2275 4161 2368 4200 sa-

2466 4073 2630 4146 ρύντα
2663 4073 3059 4144 μυριοκέφαλον
3090 4072 3320 4143 δαίμονα
3347 4073 3712 4145 φιλαργυρίας
3747 4074 4053 4129 ἐντάττειν.

2469 4162 2584 4217 Ἵνα
2613 4164 2688 4236 μὴ
2721 4161 2815 4218 οὖν
2860 4163 2959 4235 τὴν
2997 4161 3153 4230 τάξιν
3187 4164 3298 4219 τῶν
3337 4165 3518 4235 σοφῶν
3559 4166 3607 4218 oi
3655 4165 3854 4235 ἄσοφοι
3892 4167 4058 4237 ἡμεῖς

801 4253 1041 4322 pientum
1108 4246 1346 4300 virorum
1407 4241 1819 4312 dispositionem
1897 4239 2314 4294 immutaremus
2346 4279 2362 4304 ,
2398 4275 2443 4332 Β

2398 4275 2443 4332 D
2471 4254 2881 4326 ὲναλλάξαιμεν,
2931 4256 3106 4328 τούτῳ
3165 4257 3278 4328 ὅρῳ
3326 4257 3424 4311 καὶ
3459 4257 3644 4312 κανόνι
3680 4257 4052 4328 ὲξηκολουθή-

800 4342 1044 4398 eamdem
1089 4353 1214 4394 cum
1256 4338 1363 4392 illis
1400 4335 1610 4391 ordinis
1646 4343 1701 4388 et
1729 4332 1861 4403 legis
1890 4332 2155 4387 rationem
2187 4331 2362 4386 secuti

802 4451 1012 4490 sumus.
1050 4431 1124 4486 De
1151 4431 1253 4486 hoc
1279 4445 1408 4500 ergo
1437 4428 1627 4482 morbo
1643 4426 1813 4480 animi
1843 4439 2040 4496 pauca,
2075 4424 2122 4478 si
2151 4423 2328 4494 placet
2354 4463 2370 4489 ,

803 4527 929 4580 dein
954 4526 1036 4596 [de
1074 4523 1328 4578 remediis
1377 4520 1610 4576 breviter
1639 4526 1959 4573 tractemus.
2006 4516 2255 4571 Avaritia
2288 4525 2376 4572 est

803 4621 983 4675 cultus
1011 4617 1276 4672 idolorum
1302 4655 1318 4680 ,
1349 4611 1566 4668 soboles
1597 4607 2024 4673 incredulitatis,
2055 4607 2373 4662 morborum

803 4725 858 4769 et
891 4712 1092 4767 inlirmi
1121 4707 1368 4778 corporis
1397 4704 1728 4769 excusatrix,
1761 4701 2056 4758 senectutis
2083 4709 2257 4766 vates,
2290 4699 2373 4754 fa-

807 4808 910 4862 mis
961 4805 1305 4876 przmmntia,
1365 4800 1627 4857 siccitatis
1680 4798 1960 4854 monitrix.
2022 4797 2237 4851 Avarus
2293 4802 2377 4850 est

809 4899 1224 4968 Evangeliorum
1258 4895 1451 4950 irrisor
1472 4934 1488 4961 ,
1517 4901 1572 4948 et
1596 4891 1939 4948 voluntarius
1967 4889 2373 4960 praevaricator.

805 4991 908 5057 Qui
956 4988 1196 5058 possidet
1241 4986 1601 5049 charitatem,
1644 4981 1905 5054 pecunias
1945 4980 2218 5052 dispertit.
2269 4978 2376 5046 Qui

807 5097 1096 5150 utrumque
1124 5097 1183 5137 se
1212 5081 1490 5153 possidere
1517 5079 1647 5134 dicit
1677 5077 2041 5148 (charitatem,
2066 5077 2379 5147 inquam.et

808 5178 1104 5249 pecunias)
1135 5176 1394 5244 deceptus
1431 5172 1719 5242 (neutrum
1752 5165 1960 5236 tenet).
1996 5164 2101 5232 Qui
2133 5165 2375 5234 seipsum

809 5273 975 5339 luget,
1002 5268 1166 5323 etiam
1197 5279 1400 5334 corpus
1428 5260 1753 5331 abnegavit,
1793 5271 2005 5328 suoque
2031 5265 2273 5326 tempore
2309 5271 2379 5310 ne

809 5363 885 5417 illi
930 5357 1151 5430 quidem
1188 5357 1379 5427 parcit.
1407 5353 1486 5410 Ne
1516 5353 1604 5409 dic
1635 5363 1688 5408 te
1721 5351 1777 5406 in
1817 5363 2115 5420 pauperum
2146 5347 2375 5418 gratiam

810 5453 1052 5525 pecuniae
1101 5449 1345 5506 studere.
1393 5445 1618 5501 Duobus
1658 5443 1859 5513 quippe
1891 5439 2117 5496 minutis
2159 5439 2381 5495 caeleste

812 5560 1039 5616 regnum
1089 5549 1466 5612 comparatum
1511 5545 1614 5594 est.
1655 5536 1752 5590 Vir
1789 5532 2072 5604 hospitalis
2103 5541 2158 5587 et
2182 5545 2380 5586 avarus

811 5639 915 5694 sibi
951 5645 1140 5692 mutuo
1165 5639 1548 5691 occurrerunt.
1575 5631 1788 5686 Avarus
1816 5625 2142 5697 hospitalem
2169 5623 2379 5694 judicio

813 5745 1003 5788 carere
1040 5727 1194 5782 dixit.
1235 5723 1422 5782 Victor
1455 5722 1622 5791 hujus
1657 5720 1776 5777 vitii
1811 5734 2002 5775 cmncs
2036 5731 2197 5773 curas
2228 5715 2380 5785 aliie-

892 5877 967 5940 (α)
996 5871 1137 5928 Caro
1177 5883 1272 5926 seu
1310 5879 1526 5924 natura.

2475 4363 2670 4417 σαμεν.
2693 4347 2786 4400 Διὸ
2812 4345 2944 4416 περὶ
2975 4347 3074 4417 τῆς
3099 4347 3277 4411 νόσου,
3304 4347 3352 4400 εί
3383 4346 3551 4411 δοκεῖ,
3587 4347 3782 4418 μικρὰ,
3817 4343 3924 4400 εἷθ’
3963 4347 4056 4400 ού-

2473 4452 2583 4500 τως
2610 4440 2741 4507 περὶ
2769 4435 2869 4506 τῆς
2900 4435 3088 4504 ὑγείας
3130 4435 3337 4507 βραχέα
3368 4436 3735 4507 διαλάϐωμεν.
3780 4437 4058 4509 Φιλαργύ-

2477 4527 2568 4598 ρία
2599 4528 2746 4582 ἐστὶν
2764 4527 2998 4582 εἰδώλων
3019 4527 3389 4600 προσκύνησις
3415 4529 3494 4597 (2)
3522 4571 3538 4594 ,
3585 4529 3847 4593 ἀπιστίας
3886 4530 4060 4599 θυγά-

2473 4636 2604 4690 τηρ,
2633 4619 2928 4674 ἀσθενειῶν
2955 4620 3378 4692 προφασίστρια,
3412 4621 3597 4691 γήρως
3628 4620 3847 4690 μάντις,
3878 4622 4060 4692 λιμῶν

2476 4712 2812 4782 προμηνυτὶς
2846 4711 3105 4782 ἀϐροχίας
3151 4710 3470 4775 ύποϐολεύς.
3517 4711 3858 4783 Φιλάργυρός
3909 4717 4063 4766 ἐστιν

2476 4802 2791 4872 Εὑαγελίων
2815 4803 2892 4874 (5)
2937 4801 3332 4874 μυκτηριστὴς,
3373 4802 3469 4856 καὶ
3517 4802 3763 4865 ἑκούσιος
3801 4804 4064 4874 παραδάο

2475 4910 2600 4965 της.
2639 4895 2700 4947 '0
2743 4895 3087 4964 κτησάμενος
3126 4894 3348 4964 ἀγάπην
3383 4894 3494 4965 (t),
3533 4892 3885 4963 διεσκόρπιπ
3923 4898 4063 4966 χρή-

2479 5005 2624 5060 ματα
2647 5004 2661 5018 ·
2689 4989 2718 5041 ὁ
2743 4986 2802 5040 δέ
2829 4989 2941 5050 τοῖς
2959 4985 3053 5040 δύο
3074 4985 3246 5054 λέγων
3274 4986 3467 5058 συζῇν,
3496 4985 3690 5039 ἐαυτὸν
3737 4986 4058 5055 ἠπάτησεν.

2487 5077 2548 5130 ’0
2577 5074 2790 5129 πενθῶν
2809 5075 3000 5128 ἑαυτὸν
3027 5075 3122 5129 καὶ
3147 5074 3208 5129 τὺ
3237 5072 3401 5145 σῶμα
3419 5074 3712 5145 ἠρνήσατο*
3737 5074 3838 5127 καὶ
3859 5073 4063 5144 καιροῦ

2475 5166 2790 5232 καλοῦντος,
2827 5166 2948 5220 οὐδὲ
2983 5164 3171 5220 τούτου
3205 5166 3484 5236 ἐφείσατο.
3531 5164 3623 5235 Μὴ
3647 5164 3772 5232 λέγε
3802 5165 4066 5234 συνάγειν

2475 5260 2585 5313 τῶν
2612 5258 2844 5330 πτωχῶν
2891 5258 3086 5311 ἐνεκα’
3133 5256 3228 5311 δύο
3263 5256 3374 5326 γάρ
3403 5255 3578 5312 λεπτὰ
3632 5255 3734 5325 τὴν
3779 5255 4065 5325 βασιλείαν

2485 5350 2785 5420 ἠγόρασαν.
2819 5347 3106 5412 Φιλόξενος
3135 5348 3230 5401 καὶ
3268 5346 3601 5418 φιλάργυρος
3633 5346 3852 5410 ἐαυτοῖς
3890 5346 4067 5417 ὑπήν-

2479 5458 2654 5512 τησαν
2682 5457 2698 5470 ο
2727 5441 2757 5493 ὁ
2779 5439 2836 5493 δὲ
2868 5439 3119 5512 δεύτερος
3152 5437 3245 5491 τὸν
3281 5437 3548 5509 πρότερον
3578 5435 3895 5508 ἀδιάκριτον
3928 5436 4065 5489 disd-

2485 5550 2657 5605 μασεν
2682 5549 2696 5564 ο
2726 5534 2754 5586 ὁ
2785 5532 3014 5601 νικήσας
3044 5529 3108 5582 τὸ
3146 5528 3339 5596 πάθος,
3377 5528 3648 5600 μερίμνας
3691 5525 4062 5597 περιέκοψεν·

2481 5625 2512 5677 ὁ
2583 5621 2646 5675 δέ
2707 5621 2987 5692 δεδεμένος
3043 5619 3299 5674 οὐδέποτε
3360 5617 3618 5691 καθαρῶς
3673 5615 4061 5688 προσεύξεται.

2500 5715 2668 5786 Ἀρχὴ
2693 5711 3052 5786 φιλαργυρίας
3090 5711 3344 5777 ὑπόθεσις
3379 5707 3775 5783 ἐλεημοσύνης,
3807 5707 3966 5773 τέλος
4006 5706 4062 5762 δὲ
