4216 6458
147 399 250 463 925

1145 394 1377 455 SCALA
1422 390 1798 452 PARADISI.
1833 390 2221 450 -'GRADUS
2246 390 2400 456 XVI.

3285 382 3388 455 926

147 508 352 577 ταύτης
381 509 537 577 μῖσος
581 505 718 577 πρὸς
760 505 1017 575 πένητας.
1048 503 1193 566 Ἕως
1226 496 1288 557 οὗ
1316 499 1540 577 συνάξῃ,
1574 498 1723 569 ἐλεὴ·
1749 508 1793 562 Δ

1749 508 1793 562 Α
1822 499 1935 563 cit,
1971 500 2066 568 qui
2094 499 2186 553 illo
2214 498 2470 552 astrictus
2500 506 2601 561 est,
2634 513 2910 567 nunquam
2932 513 3101 570 puras
3122 498 3191 555 ad
3219 499 3388 558 Deum

155 613 271 665 μων
297 570 508 663 γίνεται
578 570 687 647 τιῦν
725 570 1096 665 χρημάτωνδὲ
1124 570 1430 663 παρόντῶν,
1467 592 1566 654 τὰς
1603 592 1714 659 χεῖ-

153 703 249 755 ρας
288 684 642 754 ἀπέσφιγξεν.
709 682 865 738 Εἶδον
912 686 1149 754 πένητας
1190 686 1299 746 τοῖς
1348 684 1621 753 χρήμασιν
1660 682 1718 732 ἐν

152 777 221 843 τῇ
254 774 363 827 τῶν
401 774 632 844 πτωχῶν
661 775 740 846 τῷ
786 774 1056 844 πνεύματι
1092 771 1336 840 πολιτείᾳ
1386 769 1723 839 πλουτήσαν-

151 882 269 928 τας·
311 865 404 919 καί
432 884 495 935 γε
520 866 621 936 τῆς
650 866 923 938 προτέρας
950 864 1129 919 αὐτῶν
1151 863 1342 926 πενίας
1376 861 1718 914 ἐπελάθοντο·

151 956 507 1027 Φιλοχρήμων
553 957 781 1029 μοναχὸς
827 955 1051 1027 ἁκηδίας
1099 952 1395 1024 ἀλλότριος,
1432 948 1527 1004 τοῦ
1585 950 1724 1003 ἀπο-

154 1048 405 1101 στολικοῦ
456 1048 614 1117 λόγου
663 1048 785 1102 καθ’
816 1047 965 1117 ὥραν
1003 1048 1353 1118 μνημονεύων
1382 1060 1397 1077 ·
1456 1043 1510 1097 '0
1545 1042 1723 1113 ἀργὸς

148 1139 308 1208 μηδὲ
338 1140 601 1195 ἐσθιέτω.
638 1140 748 1194 Καί
783 1155 800 1172 ο
833 1144 901 1195 Al
951 1137 1147 1210 χεῖρές
1175 1156 1294 1209 μου
1345 1136 1723 1206 διηκόνησαν

153 1232 308 1300 ἐμοὶ,
339 1234 437 1286 καὶ
460 1232 587 1298 τοῖς
612 1233 733 1286 σὺν
763 1234 915 1303 ἐμοί.

1820 604 2009 659 preces
2040 590 2247 644 fundet.
2280 589 2518 645 Avaritia
2550 591 2788 659 primum
2840 591 2896 644 in
2931 592 3166 662 speciem
3192 631 3207 656 ,
3240 593 3393 649 beni-

1824 683 2080 745 gnitatem
2132 682 2185 735 in
2242 696 2506 751 pauperes
2561 680 2728 753 25E.
2792 682 3057 752 praetexit.
3107 681 3397 740 Postremo

1826 773 2178 842 (comparato
2208 773 2505 842 thesauro)
2563 774 2684 829 illos
2728 786 2863 828 cane
2910 773 3067 843 pejus
3113 783 3169 830 et
3216 790 3396 846 angue

1828 864 1964 919 odit.
1991 863 2172 919 Donec
2196 864 2415 934 colligat
2448 879 2639 919 aurum
2666 904 2682 929 ,
2726 863 3042 920 misericors
3072 874 3191 932 est;
3228 869 3395 923 colle-

1829 957 1931 1012 ctis
1961 956 2205 1027 pecuniis
2233 957 2512 1027 restringit
2540 971 2758 1011 manus.
2787 955 2911 1012 Vidi
2937 971 3206 1028 pauperes
3235 975 3267 1013 a
3298 975 3394 1029 pe-

1826 1049 1987 1103 cunia
2007 1086 2023 1112 ,
2053 1049 2243 1119 spiritu
2268 1049 2464 1105 divites
2494 1047 2714 1103 eﬂ'ectos
2739 1087 2754 1113 ,
2790 1062 3011 1118 sumque
3038 1049 3237 1119 prioris
3260 1064 3397 1120 pau-

1825 1142 2050 1210 pertatis
2076 1142 2275 1197 oblitos
2301 1185 2317 1209 ,
2355 1142 2485 1197 dum
2512 1143 2655 1196 inter
2684 1154 2949 1211 pauperes
2986 1142 3183 1212 spiritu
3211 1157 3395 1197 versa-

1825 1242 2034 1289 rentur.
2067 1232 2366 1291 Monachus
2388 1234 2668 1290 studiosus
2697 1231 2975 1303 pecuniae,
3002 1248 3284 1304 nunquam
3315 1242 3403 1289 est

156 1325 400 1389 otiosus,
438 1330 651 1396 semper
691 1326 823 1381 illud
870 1324 1111 1394 Apostoli
1160 1338 1347 1380 secum
1395 1325 1678 1380 revolvens
1702 1367 1715 1379 .
1749 1323 1853 1390 Qui
1896 1342 2003 1381 non
2040 1326 2149 1380 uult
2181 1329 2389 1396 operari
2423 1344 2528 1381 non
2553 1327 2835 1382 manducet
2864 1329 2932 1382 τ’.
2957 1326 3182 1398 (Graece,
3209 1328 3396 1399 ἀργός,

160 1419 405 1482 otiosus.)
440 1419 503 1474 Et
536 1439 549 1473 :
606 1419 797 1475 Manus
828 1437 955 1476 mea:
984 1422 1406 1475 ministraveruut
1436 1421 1587 1485 mihi,
1624 1429 1674 1474 et
1702 1420 1785 1474 his
1814 1421 1903 1491 qui
1932 1436 2131 1475 mecum
2163 1422 2365 1475 sunt".

238 1512 627 1583 Ἐκκαιδεκάτη
684 1512 829 1585 πάλη
856 1530 870 1544 ·
926 1513 992 1583 ἢν
1044 1516 1073 1567 ό
1126 1513 1353 1584 νικήσας
1424 1512 1460 1583 ἢ
1511 1512 1732 1583 ἀγάπην

157 1602 443 1674 κέκτηται,
474 1604 508 1675 ἢ
544 1603 815 1675 μέριμναν
855 1605 1201 1674 περιέκοψεν.

550 1712 807 1770 ΣΧΟΛΙΔ
827 1713 933 1766 ΕΙΣ
977 1711 1200 1765 ΛΟΓΟΝ
1229 1713 1347 1778 ις’.

686 1826 833 1894 Περί
870 1824 1287 1894 φιλαργυρίας.

763 1916 809 1967 Σ
812 1914 1023 1981 χόλιον
1067 1911 1138 1966 α’.

233 2007 461 2062 Πλάτων
501 2006 623 2071 τοὺς
675 2004 1045 2076 φιλαργύρους
1103 2000 1450 2075 ὑδρωπιῶσιν
1499 2001 1732 2055 ἐοικέναι.

162 2100 352 2169 ἔλεγεν
374 2117 389 2131 ο
434 2101 483 2153 οί
540 2099 636 2169 μὲν
682 2098 793 2169 γάρ
822 2096 1199 2169 πεπλησμένοι
1227 2095 1455 2163 ὑδάτων,
1486 2093 1728 2166 διψῶσιν,

162 2194 212 2244 οί
246 2193 304 2246 δὲ
327 2193 650 2264 χρημάτων.

872 2366 1071 2420 Ἄλλο.

247 2456 308 2509 '0
340 2454 672 2528 φιλαργύρου
717 2456 829 2527 βίος
869 2455 1013 2509 ἔοικε
1055 2456 1248 2527 νεκροῦ
1284 2456 1484 2528 δείπνῳ
1509 2473 1526 2488 ’
1558 2457 1733 2511 πάντα

164 2547 277 2617 γὰρ
310 2547 449 2616 έχων
476 2547 535 2598 τὺ
564 2546 1041 2618 ἐμφανταζόμενον
1067 2548 1167 2599 οὐκ
1203 2546 1333 2618 ἔχει.

666 2756 857 2811 Ἀλλο
898 2753 1215 2823 Εὐαγρίου.

250 2849 317 2902 Ἦ
347 2846 677 2919 φιλαργυρία
701 2849 876 2919 γήρας
898 2848 1108 2919 μακρὸν
1137 2845 1447 2910 ὑποϐάλλει,
1468 2846 1561 2899 καὶ
1600 2846 1735 2917 πρὸς

161 2940 430 3010 ἐργασίαν
460 2939 755 3009 ἀδυναμίαν
786 2939 1001 3009 χειρῶν,
1022 2934 1213 3006 λιμούς
1243 2952 1301 2987 τε
1321 2933 1625 3005 ἐσομένους,
1643 2935 1737 2986 καὶ

162 3033 358 3094 νόσους
382 3028 815 3100 συμϐησομένας,
845 3029 938 3082 καὶ
966 3028 1032 3080 τὰ
1057 3028 1156 3098 τῆς
1181 3026 1372 3089 πενίας
1423 3024 1613 3096 πικρά,
1644 3022 1738 3076 καὶ

162 3123 245 3187 ὡς
276 3122 659 3187 ἐπονείδιστον,
697 3121 760 3175 τὸ
785 3120 915 3191 παρ’
940 3120 1141 3190 ἐτέρων
1182 3118 1477 3190 λαμδάνειν
1498 3118 1567 3172 τά
1597 3116 1736 3188 πρὸς

168 3214 385 3286 χρείαν.

770 3303 1029 3371 Σχόλιον
1082 3300 1148 3371 β’.

257 3417 597 3488 axona)“;
621 3417 650 3468 ὁ
678 3413 1011 3487 φιλάργυρος
1042 3415 1135 3468 τὸν
1161 3413 1286 3467 νοῦν
1312 3413 1506 3468 ἐαυτοῦ
1525 3413 1741 3485 ἀπὸτῆς

168 3511 395 3578 ἀγάπης
422 3507 513 3560 τοῦ
550 3505 703 3564 Θεοῦ,
745 3506 940 3558 εἴδωλα
978 3503 1284 3574 ἀνθρώπων
1326 3503 1743 3575 ἐγγεγλυμμένα

168 3602 251 3671 τῷ
280 3599 467 3671 χρυσῷ
501 3599 709 3669 ἀγαπᾷ.

529 3716 709 3768 Ἀλλο
736 3711 843 3766 τοῦ
876 3710 1049 3781 ἁγίου
1081 3709 1374 3780 Μαξίμου.

268 3829 311 3882 0
332 3827 434 3896 μὲν
450 3826 726 3897 φιλήδονος
747 3825 936 3895 ἀγαπᾷ
946 3823 1227 3897 ἀργύριον,
1241 3822 1327 3876 ἵνα
1340 3823 1391 3878 δι
1407 3822 1423 3846 ’
1441 3820 1604 3876 αὐτοῦ
1616 3839 1745 3893 τρυ⁴

172 3923 347 3994 φήσῃ,
363 3920 393 3973 ό
411 3919 468 3973 δὲ
487 3917 784 3982 κενόδοξος,
801 3917 891 3971 ἵνα
920 3916 971 3969 δί
999 3914 1164 3971 αὐτοῦ
1193 3914 1423 3987 δοξασθῇ
1441 3933 1455 3947 ο
1476 3915 1507 3967 ό
1533 3915 1592 3969 δὲ
1615 3915 1746 3969 άπι-

170 4029 299 4077 στος
308 4054 321 4075 ,
333 4012 421 4067 ἵνα
433 4030 467 4065 κ
473 4010 737 4083 ρύψη,καὶ
747 4009 957 4080 φυλάξῃ
969 4009 1126 4079 λιμὸν
1142 4007 1304 4079 φοδού
1312 4009 1527 4079 μενος,ῆ
1545 4010 1741 4079 γῆρας,

170 4098 206 4167 ἢ
240 4098 420 4162 νόσον,
452 4095 486 4165 ἢ
522 4092 818 4161 ξενιτείανο
850 4096 947 4148 καὶ
982 4093 1073 4146 ἐπ’
1100 4092 1248 4163 αὐτῷ
1277 4092 1476 4163 μᾶλλον
1513 4091 1741 4157 ἐλπίζει,

171 4192 208 4261 ἢ
236 4189 318 4258 τῷ
343 4188 486 4259 Θεῷ,
514 4188 593 4259 τῷ
624 4188 804 4251 πάσης
834 4186 1066 4250 κτίσεως
1099 4185 1433 4257 δημιουργῷ,
1472 4184 1569 4238 καὶ
1613 4200 1747 4255 προ·

172 4282 342 4351 νοητῇ
362 4320 379 4347 ,
426 4281 523 4334 καὶ
573 4280 677 4343 ἕως
715 4277 825 4333 τῶν
879 4278 1172 4349 ἐλαχίστων
1223 4278 1318 4333 καὶ
1373 4277 1747 4350 σμικροτάτων

174 4373 358 4438 ζώων.

773 4481 1032 4549 Σχόλιον
1065 4478 1136 4549 γ’.

259 4574 503 4628 ’Δκούων
531 4572 626 4626 τοῦ
654 4571 981 4642 Εὑαγγελίου
1010 4570 1257 4639 λέγοντος
1276 4587 1292 4598 ·
1315 4570 1609 4640 Πὼλησόν
1628 4587 1745 4626 σου

176 4666 251 4719 τὰ
272 4665 646 4733 ὑπάρχοντα,
674 4663 769 4715 καὶ
798 4662 868 4717 τά
898 4661 1048 4732 ἑξῆς,
1076 4662 1153 4725 ὡς
1189 4660 1447 4716 ἀδύνατον
1474 4662 1572 4734 τὴν
1600 4665 1747 4715 ἐντο-

177 4756 279 4826 λὴν
314 4753 659 4827 μυκτηρίζει.
690 4754 754 4807 El
800 4754 997 4816 πάντες
1025 4751 1156 4823 γάρ,
1189 4752 1344 4822 φησὶ,
1371 4750 1628 4816 πωλοῦσι,
1663 4750 1747 4816 τίς

177 4851 209 4903 ό
248 4850 572 4918 ἀγοράζωνς
634 4846 865 4917 Ὁμοίως
916 4844 1128 4899 ἀκούων
1150 4860 1166 4876 ’
1208 4843 1306 4913 Μὴ
1345 4843 1748 4913 μεριμνήσητε

177 4938 316 5007 περὶ
337 4955 441 5006 to...
475 4937 720 5005 (εὕρισκ’
760 4937 820 4989 ού
852 4934 1118 4999 πιστεύει,
1156 4935 1271 4988 ἀλλ’
1316 4934 1633 5000 ἀντιϐαίνει,
1654 4936 1747 4990 καὶ

179 5030 452 5093 ἑκουσίως
490 5028 817 5101 παραεαίνει
854 5027 1175 5095 ἀντιλέγων.

542 5229 611 5283 ’.Α
626 5231 730 5282 λλο
769 5227 873 5281 τοῦ
904 5228 1074 5296 ἁγίου
1107 5227 1397 5296 Μαξίμου.

254 5320 398 5392 Τρία
426 5319 534 5373 είσὶ
579 5322 646 5374 τά
690 5320 836 5372 αἴτια
873 5320 972 5389 τῆς
1001 5320 1112 5373 τῶν
1144 5321 1444 5391 χρημάτων
1478 5322 1699 5394 ἀγάπης
1734 5339 1750 5356 ν

259 5501 307 5533 τ’
340 5497 385 5551 ll
420 5498 614 5553 Thess.
638 5514 719 5564 ιιι,
750 5496 833 5551 10.
910 5500 955 5529 ⁷³
993 5498 1115 5553 Act.
1144 5516 1237 5561 xx,
1281 5500 1369 5555 ⁸54.

260 5656 344 5726 (ς),
376 5655 533 5710 Ovid.
572 5677 587 5710 :

301 5724 370 5780 Ut
402 5726 589 5795 quibus
626 5727 875 5779 intumuit
914 5725 1116 5794 suﬂ'usa
1146 5733 1320 5779 venter
1349 5724 1415 5778 ab
1445 5727 1608 5795 unda,

296 5799 417 5863 Quo
446 5796 564 5865 plus
590 5808 709 5851 sunt
730 5807 887 5867 potw,
921 5796 1037 5866 plus
1070 5796 1322 5851 sitiuntur
1349 5813 1518 5867 aqua.

1487 5502 1534 5534 ⁷⁸
1557 5501 1745 5558 Matth.
1781 5521 1894 5575 xix,
1924 5507 2014 5562 ει.

1908 1511 2076 1567 Lucta
2104 1513 2468 1567 sextadecima
2496 1513 2589 1582 qui
2624 1512 2790 1581 vicit,
2824 1520 2920 1569 aut
2956 1513 3277 1569 charitatetn
3308 1528 3402 1569 ac-

1838 1605 2058 1674 quisivit
2082 1645 2097 1671 ,
2132 1615 2225 1660 aut
2257 1621 2418 1660 curas
2450 1605 2669 1675 abjecit.

2156 1721 2447 1779 SCHOLIA
2486 1722 2577 1778 AD
2616 1721 2910 1779 GRADUM
2945 1721 3088 1779 XVI.

2428 1833 2507 1887 De
2559 1836 2808 1891 auaritia.

2454 1924 2700 1980 Scholion
2735 1928 2789 1981 1.

1901 2013 2053 2070 Plato
2083 2029 2281 2071 avaros
2313 2031 2436 2072 cum
2466 2016 2534 2073 iis
2558 2025 2837 2088 comparat
2863 2017 2979 2088 (ογ,
3024 2018 3117 2088 qui
3148 2034 3286 2089 aqua
3321 2018 3406 2073 in-

1832 2117 2040 2164 tercute
2069 2107 2336 2175 laborant,
2364 2110 2587 2177 quando
2611 2110 2851 2176 dicebat,
2879 2111 3027 2181 quod
3065 2110 3120 2165 hi
3147 2113 3403 2182 quidem,

1830 2202 2082 2268 quamvis
2111 2217 2250 2272 aqua
2274 2203 2417 2272 pleni
2443 2242 2460 2269 ,
2494 2218 2711 2275 semper
2741 2213 2921 2261 tamen
2953 2219 3150 2276 aquam
3176 2205 3364 2262 sitiant
3384 2246 3402 2272 ,

1833 2294 1912 2351 illi
1938 2310 2068 2351 vero
2093 2297 2373 2367 pecunias.

2529 2388 2717 2445 Aliud.

1904 2477 2025 2533 Vita
2058 2479 2207 2534 avari
2246 2479 2540 2549 persimilis
2569 2489 2655 2536 est
2678 2496 2849 2537 amna:
2885 2490 3257 2536 mortuorum:
3280 2498 3405 2537 cum

1832 2570 1977 2625 enim
2007 2570 2191 2626 omnia
2223 2572 2438 2640 haheat,
2465 2574 2605 2629 illud
2629 2576 2777 2645 quod
2807 2573 2912 2631 sibi
2937 2575 3270 2646 imaginatur
3298 2590 3408 2632 non

1838 2664 2017 2718 habet.

2420 2757 2581 2812 Aliud
2609 2760 2845 2828 Evagrii.

1905 2846 2146 2901 Avaritia
2182 2848 2511 2919 Imaginatur
2537 2850 2642 2905 sibi
2674 2852 2889 2920 longam
2928 2858 3261 2906 senectutun
3286 2892 3302 2918 ,
3355 2860 3413 2908 et

1837 2936 1905 2991 ad
1934 2938 2146 2995 labores
2178 2938 2391 2996 futuros
2420 2940 2871 3007 imbecillitatem,
2910 2941 3145 2997 futuram
3176 2942 3401 3007 famem,

1840 3031 2062 3088 morbos
2086 3032 2400 3103 ingruentes
2428 3078 2439 3097 τ
2474 3034 2807 3105 paupertatis
2838 3050 3111 3090 aarumnas
3135 3077 3153 3102 ,
3184 3044 3239 3090 et
3268 3037 3413 3106 quod

1837 3124 2082 3179 omnium
2130 3127 2616 3195 probrosissitnum
2650 3135 2766 3193 est,
2799 3128 2991 3196 aliena
3037 3128 3413 3185 misericordia

1841 3217 2046 3272 vivere.

2490 3303 2760 3361 Scholion.

1932 3397 2140 3453 Avarus
2214 3396 2306 3451 ubi
2372 3413 2403 3451 a
2470 3398 2562 3452 Dei
2626 3398 2892 3455 charitate
2964 3399 3161 3457 defecit
3192 3442 3210 3468 ,
3282 3402 3416 3459 colit

1842 3490 2125 3546 hominum
2178 3490 2363 3556 idola,
2420 3501 2476 3547 et
2530 3492 2799 3564 imagines
2843 3508 2979 3549 auro
3035 3496 3257 3553 caelatas
3316 3512 3415 3567 pro

1844 3581 1976 3640 Deo.

2258 3674 2420 3746 255
2458 3674 2513 3731 S.
2564 3673 2791 3731 Maximi
2825 3677 2994 3735 aliud.

1913 3766 2295 3839 Voluptatibus
2326 3769 2575 3824 addictus
2611 3778 2761 3824 amat
2818 3771 3073 3840 pecunias
3136 3781 3197 3828 ut
3244 3773 3417 3843 possit

1843 3858 1947 3914 sibi
1981 3859 2258 3931 indulgere
2285 3862 2462 3931 genio.
2502 3860 2758 3932 Captator
2783 3877 2939 3918 vanae
2985 3863 3170 3934 glorize
3220 3875 3281 3921 ut
3320 3881 3417 3937 per

1842 3966 1937 4005 eas
1963 3951 2190 4017 colatur,
2223 3951 2454 4008 inﬁdelis
2503 3962 2564 4008 ut
2598 3953 2857 4009 recondat
2879 3964 2935 4010 et
2958 3964 3140 4012 servet
3187 3958 3258 4011 ob
3304 3974 3420 4011 me-

1844 4051 1958 4098 tum
2014 4042 2176 4100 famis
2202 4043 2287 4098 vel
2318 4043 2651 4099 imminentis
2696 4044 3010 4109 senectutis,
3071 4045 3158 4100 vel
3216 4046 3415 4112 morbi,

1844 4136 1927 4191 vel
1953 4135 2151 4202 exsilii,
2183 4136 2482 4207 nititurque
2508 4137 2680 4208 magis
2709 4138 2939 4206 pecunia
2968 4152 3132 4208 quam
3162 4135 3272 4192 Deo
3330 4146 3413 4193 to-

1845 4230 1955 4285 tius
2002 4228 2192 4285 nmndi
2229 4228 2531 4294 conditore,
2569 4228 2662 4298 qui
2694 4228 2941 4297 providet
2992 4228 3270 4293 omnibus,
3324 4243 3417 4285 us-

1846 4337 1953 4395 que
1983 4321 2051 4378 ad
2079 4320 2337 4377 minimas
2358 4322 2525 4377 etiam
2582 4329 2638 4377 et
2665 4321 2888 4376 ultimas
2944 4321 3274 4377 animantes.

2455 4494 2709 4549 Scholion
2733 4496 2787 4551 5.

1918 4585 2130 4642 Avarus
2157 4600 2280 4640 cum
2311 4584 2464 4640 audit
2485 4586 2833 4657 Evangelium
2857 4586 3002 4657 quod
3031 4587 3161 4644 dicit
3191 4605 3206 4643 :
3246 4587 3420 4643 Vende

1848 4693 1963 4749 qua
1989 4679 2147 4732 habes
2186 4678 2249 4741 ",
2278 4689 2332 4733 et
2367 4693 2488 4747 qua:
2526 4687 2847 4749 sequuntur,
2900 4688 3156 4749 tanquam
3217 4695 3419 4750 prace-

1850 4782 2000 4840 ptum
2029 4770 2175 4840 quod
2207 4770 2278 4825 sit
2302 4784 2466 4841 supra
2510 4770 2750 4826 hominis
2775 4769 3089 4826 facultatem
3119 4770 3332 4827 irridet.
3358 4770 3416 4827 Si

1849 4863 2016 4927 enim,
2044 4862 2239 4933 inquit,
2289 4877 2479 4917 omnes
2519 4861 2830 4929 venderent,
2866 4862 2989 4932 quis
3022 4862 3259 4919 emeret?
3312 4863 3417 4919 Eo-

1850 4955 1971 5011 dem
2001 4955 2166 5011 modo
2191 4970 2314 5011 cum
2346 4955 2516 5022 audit,
2544 4953 2728 5010 Nolite
2780 4955 3000 5009 solliciti
3020 4971 3131 5011 esse
3190 4956 3255 5009 de
3295 4972 3388 5009 cra

1847 5047 1987 5101 stiuo
2013 5046 2059 5077 "
2085 5089 2099 5111 ,
2132 5061 2238 5101 non
2271 5046 2463 5111 credit,
2500 5044 2597 5101 sed
2622 5054 2809 5102 contra
2847 5045 3015 5112 venit,
3040 5055 3096 5101 et
3135 5047 3315 5103 sciens
3330 5062 3421 5102 vo-

1848 5140 1963 5195 lens
1994 5139 2316 5195 contradicit
2353 5150 2409 5195 et
2428 5148 2636 5209 peccat.

2359 5230 2521 5284 Aliud
2550 5229 2612 5286 S.
2652 5229 2897 5285 Maximi.

1919 5322 2044 5379 Tria
2096 5334 2222 5381 sunt
2245 5339 2365 5395 qua:
2391 5323 2649 5381 mortales
2707 5325 2773 5379 ad
2826 5323 3063 5379 studium
3109 5323 3417 5380 divitiarum

2091 5511 2134 5541 ⁷⁸
2165 5507 2355 5563 Matth.
2388 5527 2460 5578 υι,
2487 5512 2573 5566 5Α.

1971 5662 2166 5719 Crescit
2194 5681 2343 5718 amor
2372 5666 2593 5730 nummi,
2623 5675 2878 5736 quantum
2921 5663 3037 5732 ipsa
3065 5661 3423 5803 Mw?ia_fr¢~

3228 5746 3305 5786 ut
3334 5768 3351 5786 .

3228 5746 3351 5786 σου.
