4216 6458
182 373 281 436 929

1161 380 1388 440 SCALA
1410 378 1790 440 PARADISI.
1836 404 1905 417 -
1938 380 2245 440 GRADUS
2271 380 2457 442 XVII.

3317 380 3424 446 930

180 480 267 532 διὰ
291 480 607 549 χρημάτων,
631 482 664 553 ἢ
686 482 773 536 διὰ
801 485 1154 555 χαρισμάτων
1176 485 1405 556 λήψεται
1426 502 1439 514 ⁸
1470 486 1500 537 6
1520 486 1577 539 δὲ
1601 487 1747 554 ζωὴν

1774 492 1820 549 Α
1851 488 1998 543 tibus
2029 502 2134 541 non
2169 486 2391 551 fruitur.
2423 489 2622 544 futuris
2645 488 2802 545 bonis
2830 490 3092 560 privatur.
3119 490 3420 547 Caveamus

180 570 396 623 αίώνιον
426 572 824 646 κληρονομήσει
847 591 860 604 ·
902 575 1001 628 οὐκ
1027 575 1261 645 ἐκλείψει
1289 570 1509 647 κύματα
1543 577 1740 630 θάλασο

182 676 321 726 σαν,
365 661 486 715 οὐδὲ
552 664 886 736 φιλάργυρον
943 666 1080 737 ὀργὴ
1126 668 1218 721 καὶ
1262 667 1429 739 λύπη.
1478 668 1535 722 ’0
1580 686 1748 722 κατα-

181 754 453 824 φρονήσας
482 754 631 826 ὕλης,
674 756 955 830 ὲλυτρώθη
1001 758 1365 828 δικαιολογίας
1403 760 1497 813 καὶ
1531 760 1746 814 ἀντιλο-

180 845 309 912 γίας
330 861 343 875 ·
394 850 423 901 6
455 848 511 902 δὲ
541 850 888 921 φιλοκτήμων
932 851 1071 923 ὑπὲρ
1122 850 1343 922 ῥαφίδος
1379 851 1482 915 ἕως
1516 852 1745 907 θανάτου

179 937 481 992 πυκτεύει·
553 941 736 1007 πίστις
789 942 1013 1013 ἀκλινὴς
1065 942 1350 1013 περικόψει
1415 944 1741 1015 φροντίδας·

172 1027 415 1082 θανάτου
443 1030 501 1083 δὲ
531 1033 718 1102 μνήμη
744 1034 1066 1103 ἀπαρνείται
1097 1034 1191 1087 καὶ
1220 1034 1398 1104 σῶμα.
1435 1036 1550 1090 Ούκ
1590 1032 1656 1106 ἦν
1690 1039 1746 1089 ἐν

177 1120 262 1189 τῷ
301 1121 421 1173 Ἰὼϐ
448 1122 808 1194 φιλαργυρίας
841 1124 984 1195 ἴχνος
1008 1142 1024 1157 ο
1061 1124 1142 1179 διὸ
1169 1128 1263 1179 καὶ
1288 1125 1593 1198 στερηθεὶς,
1619 1127 1746 1181 ἀθό-

176 1212 347 1283 ρυϐος
374 1213 573 1283 ἔμεινε.
618 1216 772 1281 Ῥίζα
801 1218 1017 1271 πάντων
1046 1216 1154 1271 τῶν
1182 1218 1370 1273 κακῶν
1394 1220 1511 1272 ἐστι
1536 1219 1632 1273 καὶ
1662 1220 1747 1274 λέ-

179 1320 339 1371 γεται
389 1308 423 1377 ἡ
472 1306 802 1379 φιλαργυρία
824 1324 841 1340 ο
901 1311 1056 1376 μῖσος
1097 1310 1226 1381 γὰρ,
1260 1309 1357 1364 καὶ⁵
1390 1310 1615 1375 κλοπὰς,
1651 1313 1745 1365 καὶ

179 1396 431 1466 φθόνους,
461 1400 558 1452 καὶ
587 1400 921 1471 χωρισμοὺς,
950 1400 1045 1454 καὶ
1069 1400 1287 1473 ἔχθρας,
1320 1403 1415 1456 καὶ
1446 1402 1631 1471 ζάλας,
1653 1407 1746 1459 καὶ

179 1491 570 1559 μνησικακίας,
619 1491 715 1544 καὶ
764 1492 1170 1564 ἀσπλαγχνίας,
1220 1494 1318 1547 καὶ
1366 1495 1561 1564 φόνους
1604 1498 1744 1566 α’ύτη

176 1581 423 1651 ἐποίησε.
456 1583 554 1635 Διὰ
587 1582 785 1654 μικροῦ
813 1585 984 1655 πυρός
1012 1603 1157 1650 τινες
1194 1585 1394 1658 πολλὴν
1417 1586 1550 1659 ῦλην
1580 1591 1743 1644 κατέ-

175 1688 410 1737 καυσαν,
440 1674 535 1726 καὶ
563 1673 652 1727 διὰ
687 1676 886 1744 μικρᾶς
912 1677 1113 1747 ἀρετῆς
1141 1676 1237 1731 ὂλα
1263 1678 1332 1733 τά
1356 1680 1618 1751 παρόντα,
1651 1682 1744 1736 καὶ

172 1762 249 1816 τὰ
275 1763 539 1834 είρημένα
562 1764 759 1833 ἔφυγον
790 1766 931 1837 πάθη
958 1783 973 1796 ο
1015 1766 1152 1838 αῦτη
1185 1768 1429 1824 καλεῖται
1453 1771 1741 1841 ἀπροσπά-

175 1854 322 1909 θεια.
370 1856 585 1926 Ταύτην
613 1857 670 1910 δὲ
702 1856 855 1912 ἔτεκε
906 1863 1068 1931 πεῖρα
1111 1861 1205 1914 καὶ
1255 1861 1444 1930 γεῦσις
1486 1865 1741 1933 γνώσεως
1771 1844 1812 1899 Β

174 1945 338 2010 Θεοῦ,
374 1946 469 1999 καὶ
513 1949 732 2019 φροντὶς
773 1950 1067 2020 ἀπολογίας
1096 1951 1294 2019 ἐξόδου.
1330 1955 1444 2009 Οὐκ
1480 1956 1743 2028 ἠγνόηται

177 2040 282 2109 μὲν
306 2038 384 2111 τῷ
407 2040 546 2111 μετά
571 2043 842 2114 προσοχῆς
865 2045 1193 2113 ἀνεγνωκότι
1219 2046 1399 2119 πάσης
1419 2046 1521 2118 τῆς
1546 2064 1743 2120 μητροο

174 2132 352 2187 κάκου
377 2135 406 2187 6
423 2134 579 2203 λόγος
598 2136 697 2206 (5).
723 2137 862 2207 Φησὶ
891 2136 1000 2208 γὰρ
1032 2137 1093 2191 ὲν
1120 2140 1188 2211 τῇ
1215 2140 1429 2211 πονηρᾷ
1455 2140 1625 2212 αὐτῆς
1648 2141 1744 2196 καὶ

170 2224 443 2297 ἑπαράτῳ
462 2228 794 2299 τεκνογονίᾳ,
814 2226 1062 2301 δεύτερον
1090 2230 1260 2302 αὐτῆς
1286 2228 1425 2285 εῖναι
1456 2232 1739 2302 ἀπόγονον,

171 2316 271 2369 τὸν
296 2316 650 2388 ἀναισθησίας
678 2318 823 2375 λίθον
846 2336 863 2351 ο
908 2319 1187 2376 κεκώλυκε
1215 2321 1273 2375 δέ
1305 2339 1374 2392 με
1410 2323 1509 2395 τὴν
1537 2326 1745 2381 οἰκείαν

174 2408 331 2479 αὖτῷ
358 2408 509 2474 τάξιν
552 2412 845 2483 ἀπονεῖμαι
872 2416 901 2466 6
932 2414 1305 2483 πολυκέφαλος
1336 2417 1437 2487 τῆς
1462 2419 1743 2474 είδωλολα-

173 2498 335 2569 τρίας
378 2500 521 2571 ὄφις.
576 2502 779 2574 Τρίτην
810 2504 928 2568 πῶς
955 2506 1056 2559 οὐκ
1084 2501 1204 2560 οἶδα
1249 2506 1426 2578 λαχὼν
1454 2510 1607 2580 παρά
1632 2513 1744 2574 τοῖς

169 2591 535 2663 δωκριτικοῖς
567 2593 676 2647 τῶν
718 2596 971 2668 πατέρων
1014 2599 1073 2650 ἐν
1101 2600 1166 2668 τῇ
1196 2599 1307 2653 τῶν
1336 2599 1480 2654 ὀκτὼ
1511 2599 1700 2656 ἁλύσει
1725 2618 1739 2633 ⁸

169 2684 236 2737 ὃν
281 2684 611 2757 συμμέτρως
660 2688 1106 2760 ἀποπεράναντες
1160 2689 1338 2758 λέγειν
1380 2690 1564 2745 λοιπὸν
1614 2694 1743 2765 περὶ

170 2776 534 2847 ἀναισθησίας
574 2776 907 2850 βουλόμεθα,
946 2779 1021 2843 ὡς
1053 2780 1240 2852 τρίτης
1271 2782 1619 2853 ὑπαρχούσης
1644 2785 1744 2855 τῆς

170 2868 234 2920 ἐν
266 2869 476 2936 γενέσει
500 2868 775 2940 δευτέρας,
825 2869 944 2940 μεθ’
972 2871 1041 2942 ἥν
1071 2870 1252 2925 λοιπὸν
1284 2873 1379 2926 καὶ
1417 2875 1545 2946 περὶ
1576 2873 1743 2929 ὕπνου

168 2959 274 3013 καὶ
301 2959 606 3030 ἀγρυπνίας
623 2976 637 2991 ⁸
669 2961 730 3013 οὐ
764 2960 870 3032 μὴν
895 2961 953 3015 δὲ
979 2960 1114 3015 ἀλλὰ
1141 2962 1235 3015 καὶ
1260 2962 1389 3033 περὶ
1413 2962 1512 3033 τῆς
1538 2963 1746 3033 νηπιώο

166 3050 299 3114 δους
326 3053 422 3105 καὶ
450 3051 709 3123 ἀνάνδρου
739 3052 960 3120 δειλίας,
989 3052 1197 3124 βραχέα
1219 3052 1562 3125 διαλάϐωμεν
1588 3070 1605 3086 ο
1632 3056 1744 3109 είσ-

164 3142 471 3210 αγωγικῶν
501 3141 608 3215 γάρ
637 3141 705 3197 τὰ
736 3143 957 3198 τοιαῦτα
988 3145 1290 3215 νοσήματα.

1845 579 2176 644 omonacbi,
2209 596 2279 635 ne
2300 582 2521 636 alitibus
2577 582 2870 638 deteriores
2935 584 3233 650 videamur,
3300 602 3421 657 quae

1843 673 1935 741 (de
1992 672 2246 742 crastino)
2301 687 2427 727 non.
2466 673 2715 728 sollicitae
2777 682 2923 735 sunt;
2965 690 3138 745 neque
3190 692 3419 749 congre-

1845 772 1993 833 gant.
2025 762 2249 832 Magnus
2280 772 2362 818 est
2393 765 2485 833 qui
2515 778 2574 819 se
2601 764 2848 834 pecuniis
2876 766 2991 820 suis
3019 767 3269 835 religiose
3318 768 3415 821 ab-

1844 855 2029 910 dicat:
2088 854 2179 908 sed
2212 854 2301 908 ille
2329 862 2552 909 sanctus
2604 866 2687 910 est
2720 857 2812 926 qui
2840 856 2908 911 de
2948 873 3060 911 suae
3116 860 3418 916 voluntatis

1838 946 1963 1015 jure
2000 955 2193 1014 sponte
2232 945 2462 1002 decedit.
2500 946 2591 1001 llle
2625 948 2842 1017 quidem
2905 951 3213 1019 centuplum
3272 953 3418 1007 neci--

1844 1038 1973 1108 piet,
2005 1038 2118 1091 sive
2147 1053 2243 1107 per
2268 1037 2547 1107 pecunias,
2587 1040 2698 1094 sive
2729 1054 2822 1109 per
2865 1040 3108 1096 caelestia
3159 1043 3297 1099 dOna
3365 1057 3419 1099 et

1845 1128 2080 1199 gratias;
2118 1127 2206 1182 hic
2237 1142 2366 1183 vero
2401 1127 2564 1182 vitam
2601 1138 2857 1182 aeternam
2894 1131 3210 1200 possidebit.
3269 1132 3417 1188 Nun-

1843 1235 2007 1289 quam
2045 1219 2240 1275 ﬂuctus
2272 1221 2568 1275 destituent
2601 1235 2771 1282 mare,
2809 1212 2985 1291 neque
3020 1239 3262 1292 unquam
3289 1241 3419 1279 ava-

1844 1326 1939 1365 rus
1970 1312 2174 1366 carebit
2203 1311 2450 1367 molestia
2488 1320 2543 1365 et
2566 1311 2667 1366 ira.
2701 1311 2803 1378 Qui
2867 1328 3000 1382 opes
3064 1317 3414 1385 contempsit,

1843 1405 1912 1459 ab
1938 1405 2193 1461 omnibus
2222 1405 2409 1461 litibus
2437 1414 2493 1460 et
2520 1406 2912 1462 controversiis
2955 1422 3077 1462 sese
3122 1411 3413 1478 expedivit.

1842 1498 1971 1552 Auri
1998 1498 2325 1568 mancipium
2353 1514 2516 1568 super
2537 1514 2637 1554 aeu
2669 1500 2737 1554 ad
2767 1515 2953 1556 necem
2987 1517 3162 1571 usque
3226 1504 3419 1558 decere

1841 1588 1994 1643 tabit.
2043 1587 2370 1643 Inconcussa
2400 1589 2532 1643 ﬁdes
2572 1590 2712 1643 tollit
2740 1605 2929 1645 omnes
2991 1608 3174 1649 curas.
3230 1594 3417 1649 Mortis

1842 1674 2119 1728 meditatio
2163 1673 2341 1744 ipsum
2394 1673 2624 1744 abnegat
2666 1690 2883 1745 corpus.
2950 1676 3167 1731 Nullum
3204 1678 3259 1733 in
3324 1695 3417 1749 pa-

1845 1767 2008 1820 tiente
2037 1764 2139 1820 Job
2168 1766 2452 1836 vestigium
2507 1764 2611 1820 fuit
2662 1768 2946 1833 avaritia},
3016 1768 3160 1823 unde
3216 1768 3416 1825 factum

1840 1866 1924 1913 est
1984 1864 2043 1913 ut
2090 1857 2343 1913 omnibus
2410 1857 2567 1912 bonis
2632 1857 2874 1914 funditus
2938 1876 3183 1926 eversus,
3238 1871 3414 1917 tamen

1839 1964 1946 2005 non
2018 1948 2444 2019 perturbaretur.
2501 1948 2742 2004 Avaritia
2802 1959 2885 2004 est
2936 1958 2990 2004 et
3055 1950 3253 2007 dicitur
3296 1967 3417 2006 om-

1842 2042 1989 2096 nium
2034 2040 2297 2094 malorum
2341 2038 2515 2102 radix,
2573 2055 2694 2109 quae
2738 2039 2883 2105 odia,
2936 2040 3098 2104 furta,
3135 2042 3413 2108 invidiam,

1843 2132 2099 2197 divortia,
2129 2130 2463 2198 inimicitias,
2496 2131 2964 2202 perturbationum
3007 2135 3292 2203 procellas.
3331 2136 3417 2188 iu-

1841 2225 2111 2295 juriarum
2154 2222 2469 2286 memorias,
2506 2223 2982 2287 inhumanitatem,
3011 2235 3065 2281 et
3093 2226 3267 2283 caedes
3316 2226 3414 2281 de—

1848 2318 2013 2387 nique
2046 2330 2233 2371 creare
2278 2316 2437 2371 solet.
2482 2316 2585 2370 Per
2643 2318 2898 2387 exiguum
2939 2319 3234 2389 igniculum
3300 2336 3416 2374 ma-

1844 2424 1949 2481 gna
1970 2423 2111 2479 saepe
2136 2407 2271 2464 silva
2301 2415 2496 2463 exusta
2508 2416 2614 2472 est.
2638 2418 2685 2464 et
2705 2424 2801 2479 per
2819 2410 3066 2479 exiguam
3084 2426 3416 2481 parvamque

1845 2502 2101 2556 virtutem
2135 2500 2289 2555 multi
2322 2501 2503 2557 omnia
2534 2504 2815 2570 praesentia
2849 2518 2972 2572 qua:
3013 2502 3273 2567 diximus,
3330 2504 3417 2556 vi-

1845 2593 1919 2648 tia
1953 2592 2271 2664 effugerunt.
2309 2590 2434 2648 Haec
2468 2604 2759 2663 paupertas
2803 2603 2951 2649 recte
2976 2594 3276 2664 appellatur
3303 2607 3417 2647 om-

1847 2685 1994 2739 nium
2019 2685 2285 2739 malarum
2317 2684 2675 2754 cupiditatum
2715 2686 2965 2755 privatio,
3005 2701 3171 2753 quam
3209 2686 3417 2755 peperit

1847 2778 2045 2833 divinae
2074 2777 2399 2847 cognitionis
2456 2785 2648 2846 gustus
2696 2786 2750 2831 et
2787 2792 2939 2841 usus,
2967 2772 3130 2847 atque
3188 2777 3418 2832 rationis

1848 2869 1903 2924 in
1934 2877 2109 2925 morte
2144 2869 2429 2924 reddendae
2469 2868 2798 2923 sollicitudo.
2844 2866 2963 2922 Non
3020 2869 3279 2939 ignoratis
3320 2868 3416 2937 qui

1848 2977 1971 3018 cum
2005 2960 2295 3016 attentione
2322 2959 2449 3029 legit
2474 2967 2729 3028 quartum
2768 2958 3041 3013 decimum
3080 2966 3261 3027 caput
3316 2974 3414 3013 seu

1848 3052 2073 3122 gradum
2106 3049 2174 3105 de
2199 3050 2325 3122 gula
2356 3050 2600 3104 omnium
2660 3047 2927 3103 malorum
2991 3057 3231 3118 parente,
3294 3062 3418 3116 qua:

1764 3143 1807 3200 ο
1841 3144 1895 3197 in
1922 3142 2168 3212 improba
2219 3152 2274 3196 et
2318 3150 2601 3196 exsecrata
2646 3154 2745 3194 sua
2795 3139 3052 3209 progenie
3108 3137 3415 3202 anirmavit,

164 3234 342 3306 258
372 3237 665 3290 secundam
708 3251 862 3291 suam
907 3238 1111 3308 prolem
1151 3252 1275 3293 esse
1330 3250 1553 3291 saxeum
1606 3237 1772 3292 animi
1819 3245 2120 3306 stuporem,
2166 3235 2255 3290 cui
2322 3232 2615 3303 quominus
2649 3246 2808 3285 suum
2847 3229 3025 3285 locum
3079 3230 3284 3292 darem,
3331 3229 3417 3282 in-

165 3329 430 3384 tercessit
468 3328 757 3399 multiceps
788 3329 954 3385 draco
989 3339 1042 3385 et
1070 3329 1340 3384 idolorum
1404 3326 1598 3383 cultrix
1650 3330 1876 3384 avaritia
1930 3344 1944 3380 :

1995 3326 2211 3381 tertium
2269 3325 2448 3379 locum
2500 3336 2607 3392 qua
2664 3322 2873 3376 ratione
2924 3320 3065 3391 apud
3128 3320 3419 3392 prudentes

164 3424 366 3482 Patres
406 3428 459 3480 in
513 3426 604 3481 illa
634 3436 757 3482 octo
790 3427 1050 3483 vitiorum
1086 3426 1228 3483 serie
1248 3437 1303 3481 et
1339 3433 1530 3480 catena
1584 3425 1881 3495 occuparit,
1936 3422 2141 3477 nescio.
2175 3419 2280 3475 Sed
2333 3419 2613 3474 avaritiam
2666 3431 2790 3471 cum
2842 3418 3187 3472 mediocriter
3242 3415 3415 3484 expli-

168 3517 508 3584 caverimus,
549 3516 806 3587 deinceps
851 3517 918 3572 de
979 3517 1072 3572 illo
1115 3518 1281 3573 animi
1333 3530 1557 3593 stupore
1616 3516 1795 3569 dicere
1832 3512 2142 3576 statuimus,
2190 3519 2249 3565 ut
2282 3510 2375 3579 qui
2421 3508 2611 3563 tertius
2657 3507 2711 3562 in
2745 3506 2954 3574 ordine,
2993 3506 3086 3562 sed
3126 3505 3419 3577 propagine

166 3609 457 3665 secundus
500 3617 603 3664 est.
630 3606 758 3663 Post
797 3623 958 3678 quem
985 3609 1053 3665 de
1099 3625 1296 3665 somno
1346 3620 1404 3666 et
1456 3608 1656 3679 vigilia,
1698 3616 1907 3659 necnon
1941 3600 2007 3656 de
2047 3599 2237 3672 puerili
2275 3608 2329 3655 et
2357 3599 2623 3669 degenere
2682 3599 2876 3654 timore
2930 3597 3168 3652 breviter
3213 3606 3418 3651 tracta-

165 3703 382 3767 bimus,
416 3718 538 3774 quae
566 3713 694 3761 sunt
716 3703 845 3757 vitia
898 3715 951 3757 et
1015 3706 1189 3759 morbi
1244 3704 1563 3775 plerumque
1600 3703 1865 3757 tironum.

257 3795 753 3852 Ἑπτακαιδέκατον
779 3793 942 3852 ἆθλον
968 3800 997 3852 6
1026 3799 1387 3870 κτησάμενος,
1416 3801 1554 3870 πρὸς
1580 3798 1744 3869 ούρα-

164 3892 265 3947 νδν
298 3891 479 3955 ἀΰλως
506 3890 794 3960 ὁδοιπορεῖ.

560 4154 809 4207 ΣΧΟΛΙΑ
838 4154 946 4207 ΕΙΣ
976 4150 1203 4208 ΔΟΓΟΝ
1232 4151 1324 4210 ιτ.

656 4291 794 4360 Περὶ
823 4291 1270 4361 ἀκτημοσύνης.

784 4404 1037 4473 Σχόλιον
1064 4411 1135 4458 α’.

258 4496 641 4569 ’Δκτημοσύνη
688 4496 805 4550 ἔστι
844 4495 1047 4566 νοητὴ,
1095 4496 1129 4566 ἠ
1168 4496 1446 4560 παντελῶς
1485 4496 1744 4564 ἀπάθεια,

158 4590 300 4646 καθ’
326 4590 398 4661 ῆν
423 4587 710 4657 γενόμενος
740 4585 770 4638 6
797 4583 921 4647 νοῦς
946 4585 1218 4656 ἀναχωρεῖ
1246 4583 1354 4639 τῶν
1386 4585 1639 4642 ἐνταῦθα.

532 4788 723 4841 Ἀλλο
749 4783 857 4839 τοῦ
893 4784 1064 4852 ἁγίου
1094 4782 1389 4855 Μαξίμου.

253 4880 551 4952 ’Δκτήμων
584 4877 731 4932 ἔστὶν
768 4878 798 4929 6
824 4874 1239 4945 ἀποταξάμενος
1271 4877 1405 4929 πᾶσι
1432 4876 1544 4939 τοῖς
1574 4875 1747 4947 ὑπάρ-

156 4991 365 5048 χουσιν
398 4968 566 5040 αύτῷ,
601 4968 695 5021 καὶ
725 4967 892 5039 μηδὲν
927 4965 988 5019 τὸ
1021 4965 1238 5021 σύνολον
1266 4966 1359 5019 ἐπὶ
1385 4967 1483 5037 τῆς
1514 4965 1621 5037 γῆς
1651 4982 1744 5020 κε-

154 5060 470 5131 κτημένος,
516 5056 657 5127 πλὴν
682 5054 777 5108 τοῦ
810 5053 1081 5126 σώματος,
1114 5054 1209 5108 καὶ
1242 5055 1342 5127 τὴν
1368 5056 1503 5127 πρὸς
1533 5054 1665 5108 αὐτὸ
1688 5054 1744 5108 δὲ

152 5152 364 5222 σχέσιν
389 5145 706 5219 διαρρήξας,
735 5145 814 5216 τῷ
838 5144 958 5216 Θεῷ
982 5146 1205 5211 καὶτοῖς
1228 5146 1475 5201 εὐσεϐέσι
1497 5146 1594 5216 τὴν
1617 5147 1742 5200 ἑαυ-

148 5242 266 5298 τοῦ
307 5242 731 5294 κατεπίστευσεν
762 5238 1093 5309 οἰκονομίαν.

785 5330 894 5386 Τοῦ
927 5330 1134 5386 αὑτοῦ.

217 5425 315 5477 -οο
351 5422 454 5494 μὲν
492 5424 605 5485 τοῖς
650 5422 970 5492 πράγμασιν
1017 5421 1425 5492 ἀποταξάμενος
1451 5463 1467 5489 ,
1517 5415 1626 5475 οἷον
1670 5423 1737 5493 τῇ

141 5517 414 5591 γυναικὶ,
451 5516 547 5569 καὶ
588 5517 697 5579 τοῖς
727 5516 992 5586 χρήμασι,
1024 5516 1117 5570 καὶ
1156 5516 1268 5578 τοῖς
1300 5514 1460 5585 ἑξῆς,
1505 5514 1598 5567 τὸν
1634 5512 1739 5580 ἔξω

139 5611 461 5680 ἄνθρωπον
491 5607 712 5677 ἐποίησε
752 5607 982 5678 μοναχὸν
1007 5650 1023 5675 ,
1073 5605 1225 5663 οὔπω
1254 5606 1310 5661 δὲ
1340 5608 1435 5662 καὶ
1467 5607 1559 5660 τὸν
1588 5606 1696 5659 ἔσω
1719 5622 1734 5638 ο

139 5705 174 5757 6
212 5701 285 5755 δὲ
314 5698 431 5762 τοῖς
457 5695 661 5751 τούτων
685 5696 957 5768 ὲμπαθέσι
986 5699 1241 5769 νοήμασι,
1270 5697 1363 5753 τὸν
1395 5697 1504 5752 έσω
1532 5698 1741 5769 ἀνθρω-

136 5806 295 5858 my,
322 5788 385 5853 ὅς
413 5787 562 5843 ἐστιν
589 5787 618 5842 6
643 5785 767 5852 νοῦς
786 5803 802 5820 ·
849 5786 1053 5842 καὶτὸν
1084 5787 1185 5859 μὲν
1213 5787 1316 5855 ἔξω
1340 5786 1624 5860 ἄνθρωπον
1651 5787 1741 5842 εὑ-

1921 3750 2223 3859 Septimum
2268 3787 2539 3843 decimum
2593 3785 2910 3841 certaminis
2951 3786 3236 3857 praemium
3286 3788 3416 3843 ade-

1848 3892 1975 3954 ptus
2001 3880 2068 3935 ad
2093 3879 2290 3935 emtum
2313 3879 2713 3949 quodammodo
2774 3877 2893 3934 sine
2914 3894 2973 3935 re
3037 3887 3247 3935 terrena
3298 3895 3417 3950 pro-

1848 3975 2131 4032 ﬁciscitur.

2192 4141 2484 4198 SCHOLIA
2506 4142 2595 4197 AD
2618 4142 2905 4199 GRADUM
2928 4142 3094 4199 XVII.

2267 4278 2342 4334 De
2375 4289 2691 4350 paupertate
2745 4280 2990 4350 spiritus.

2459 4392 2707 4448 Scholion
2741 4394 2792 4450 1.

1918 4482 2214 4555 Paupertas
2262 4494 2347 4540 est
2393 4485 2619 4540 omnino
2652 4488 2887 4555 perlecta
2927 4486 3093 4540 animi
3147 4487 3413 4556 tranquil-

1851 4576 1993 4641 litas,
2034 4590 2199 4646 quam
2246 4583 2532 4631 assecutus
2594 4579 2810 4630 animus
2876 4591 3099 4646 prorsus
3166 4593 3197 4631 a
3250 4579 3413 4633 rebus

1778 4688 1823 4745 υ
1851 4669 2204 4743 praesentibus
2256 4668 2482 4725 recedit.

2299 4780 2462 4833 Aliud
2490 4781 2661 4834 sancti
2707 4778 2956 4835 Maximi.

1919 4872 2013 4928 ille
2038 4871 2171 4926 nihil
2196 4871 2435 4941 possidet
2461 4880 2515 4926 et
2565 4887 2689 4927 vere
2712 4886 2915 4942 pauper
2943 4885 3046 4938 est,
3084 4875 3177 4943 qui
3202 4888 3261 4930 se
3291 4889 3412 4928 om-

1846 4965 2007 5020 nibus
2037 4963 2154 5019 suis
2190 4962 2349 5019 bonis
2378 4962 2671 5028 abdicavit,
2703 4974 2758 5019 et
2801 4965 2934 5020 nihil
2970 4980 3192 5035 prorsus
3217 4967 3269 5020 in
3300 4975 3411 5020 ter-

1845 5072 1903 5110 ra
1940 5056 2208 5126 possidet,
2238 5063 2433 5125 praeter
2471 5070 2668 5125 corpus
2710 5074 2724 5110 :
2767 5055 2970 5126 quique
3008 5070 3222 5111 omnem
3260 5058 3323 5111 ad
3360 5058 3412 5110 id

1849 5147 2183 5201 all'ectionem
2225 5146 2457 5214 abrupit,
2509 5145 2727 5217 Deoque
2749 5157 2803 5202 et
2846 5146 3114 5218 religiosis
3169 5150 3415 5218 patribus

1850 5252 2036 5293 curam
2075 5238 2196 5291 vitae
2221 5238 2512 5291 commisit.

2405 5329 2564 5382 Aliud
2599 5329 2853 5398 ejusdem.

1914 5418 2015 5487 Qui
2055 5420 2216 5475 rebus
2264 5419 2515 5475 humanis
2550 5421 2920 5487 seabdicavit,
2983 5423 3140 5477 uxori
3194 5438 3409 5492 nempe,

1844 5512 2058 5583 opibus,
2088 5512 2275 5566 ethoc
2336 5526 2510 5581 genus
2562 5512 2702 5577 aliis,
2750 5513 3073 5569 exteriorem
3134 5514 3408 5569 hominem

1843 5602 1973 5659 fecit
2002 5602 2351 5668 monachum,
2377 5604 2617 5658 nondum
2663 5614 2846 5659 autem
2911 5605 3242 5662 interiorem.
3305 5606 3409 5673 Qui

1844 5704 2022 5749 autem
2053 5692 2305 5749 ali‘ectum
2351 5696 2513 5749 etiam
2542 5696 2710 5750 animi
2740 5705 2793 5753 et
2842 5697 3228 5767 cogitationum
3280 5714 3408 5768 erga

1844 5781 2062 5841 easdem
2097 5798 2185 5841 res
2218 5782 2389 5852 exuit,
2435 5784 2524 5842 ille
2552 5784 2716 5843 etiam
2768 5786 3080 5845 interiorem
3132 5787 3409 5846 hominem
