4216 6458
808 400 910 463 93'.

2068 398 2120 456 S.
2156 396 2474 459 IOANNIS
2499 400 2804 461 CLIMACI

3960 402 4071 463 232

814 507 1039 565 nutavit
1063 506 1119 562 in
1146 503 1497 565 monachum,
1535 503 1629 573 qui
1658 510 1744 558 est
1770 502 2009 561 animus.
2036 502 2104 558 Et
2123 520 2230 573 qua
2282 518 2379 558 ex-
2407 513 2455 569 Α

2407 513 2455 569 Α
2482 507 2653 570 κάλως
2692 525 2775 571 τις
2822 508 2965 560 ποιεῖ
3013 506 3267 577 μοναχὸν,
3320 508 3483 577 μόνον
3528 511 3623 564 ὲάν
3669 512 3910 582 θελησῃ,
3961 515 4066 565 οὐκ

810 603 1013 656 teriora
1039 598 1199 655 facile
1232 598 1354 667 quis
1379 596 1708 651 monachum
1766 594 1979 657 induat,
2023 594 2191 648 modo
2231 594 2381 660 velit,

808 692 975 762 259
1006 692 1099 747 sed
1124 689 1439 744 interiorem
1461 688 1735 742 hominem
1770 686 1826 740 in
1850 685 2179 741 monachum
2212 695 2387 743 trans-

809 783 1072 849 lormare,
1110 781 1215 836 hoc
1240 795 1402 851 opus,
1436 779 1526 833 hic
1554 778 1707 832 labor
1734 786 1840 833 est.

1437 868 1684 923 Scholion
1710 869 1767 922 2.

885 963 1061 1019 Altius
1092 961 1353 1031 intellige,
1379 972 1434 1014 et
1461 958 1709 1014 volucres
1747 958 1871 1013 caeli
1910 958 2263 1028 interpretare
2288 972 2385 1014 eos

810 1057 904 1125 qui
933 1053 1377 1124 contemplationi
1407 1051 1630 1114 addicti,
1672 1051 1944 1120 rebusque
1985 1052 2242 1106 omnibus
2272 1051 2378 1105 bu-

813 1146 991 1202 manis
1027 1154 1083 1200 et
1117 1143 1469 1199 saecularibus
1496 1143 1671 1198 turbis
1721 1142 1933 1212 penitus
1958 1141 2214 1211 abdicati,
2262 1153 2383 1197 tau-

810 1247 927 1292 tum
958 1234 1157 1289 divinis
1179 1244 1233 1289 et
1258 1232 1575 1289 caelestibus
1616 1232 1799 1286 animo
1830 1242 1960 1285 sunt
1985 1231 2198 1287 intenti.

1443 1388 1698 1443 Scholion
1732 1389 1787 1445 3.

885 1482 1016 1538 Sive
1046 1482 1204 1553 gulae,
1246 1478 1405 1550 cujus
1453 1478 1526 1533 ibi
1573 1480 1798 1534 alteram
1857 1477 2067 1549 prolem
2109 1478 2395 1548 appellavit

816 1575 1074 1631 duritiem
1104 1572 1308 1638 cordis,
1338 1572 1426 1628 hic
1468 1572 1717 1626 eamdem
1750 1580 1907 1625 vocat
1950 1582 2228 1640 stuporem
2268 1587 2395 1625 sen-

813 1684 973 1723 suum
1017 1683 1113 1721 seu
1156 1666 1374 1727 mentis.
1410 1680 1523 1734 quo
1558 1664 1831 1733 signiﬁcat
1877 1664 2017 1717 idem
2056 1678 2179 1717 esse
2226 1664 2392 1718 animi

817 1774 1094 1830 stuporem
1124 1771 1177 1812 et
1203 1757 1458 1811 duritiem
1490 1755 1692 1809 cordis.

1343 1878 1851 1983 sanam

815 2025 893 2081 De
939 2023 1229 2081 imamibili
1271 2022 1458 2074 mentis
1508 2030 1716 2085 stupore
1763 2034 1855 2071 seu
1891 2016 2086 2071 duritie
2128 2026 2177 2070 et
2227 2026 2391 2069 morte

1160 2095 1354 2147 anima»:
1378 2100 1497 2143 ante
1528 2100 1748 2142 mortem
1770 2089 2029 2155 corporis.

893 2191 1098 2259 Stupor
1123 2200 1385 2242 sensuum
1437 2192 1546 2237 tam
1576 2182 1631 2235 in
1659 2195 1889 2250 corpore
1908 2194 2069 2249 quam
2097 2177 2285 2248 spiritu
2309 2185 2393 2230 est

819 2290 1075 2338 mortuus
1103 2293 1321 2342 sensus,
1352 2275 1446 2346 qui
1474 2289 1542 2328 ex
1585 2273 1847 2327 diuturno
1879 2274 2091 2334 morbo,
2126 2279 2181 2325 et
2221 2269 2392 2338 negli-

817 2371 1000 2445 gentia
1035 2371 1089 2423 in
1126 2377 1402 2437 stuporem
1435 2377 1695 2418 sensuum
1741 2360 1957 2415 desinit.
1998 2357 2294 2412 lndolentia
2311 2368 2397 2413 est

824 2465 1154 2537 negligentia
1187 2478 1310 2533 quae
1344 2461 1399 2515 in
1424 2474 1582 2514 usum
1621 2467 1673 2512 et
1730 2456 1973 2510 habitum
2011 2453 2180 2516 venit,
2205 2460 2395 2521 torpor

819 2560 1039 2629 quidam
1083 2556 1297 2618 mentis,
1347 2549 1789 2623 praesumptionis
1836 2557 2059 2618 partus,
2105 2543 2396 2599 alacritatis

822 2652 1060 2721 pedica,
1110 2646 1356 2719 generosi
1418 2643 1586 2697 animi
1646 2641 1908 2711 laqueus,
1963 2634 2397 2707 compunctionis

822 2740 1155 2812 ignorantia,
1179 2739 1345 2809 ianua
1390 2732 1807 2804 desperationis,
1837 2730 2130 2785 oblivionis
2158 2742 2394 2797 parens;

821 2847 985 2905 quam
1009 2831 1100 2885 ubi
1126 2828 1415 2899 pepererit,
1455 2828 1569 2895 ipsa
1598 2833 1724 2877 nata
1753 2823 1811 2876 ﬁt
1839 2831 2013 2876 mater
2040 2834 2155 2875 suae
2184 2820 2393 2883 matris,

822 2939 945 2993 quze
981 2924 1231 2976 timorem
1274 2916 1487 2971 Domini
1542 2914 1760 2984 penitus
1790 2911 2050 2965 excludit.
2097 2909 2399 2979 Rcligiosus

822 3016 1074 3086 stupidus
1098 3023 1153 3068 et
1180 3026 1467 3075 exsensus,
1504 3017 1560 3063 et
1579 3006 1781 3061 stultus
1804 3003 2165 3075 philosophus
2183 3002 2277 3072 qui
2299 3002 2400 3056 do—

824 3106 996 3161 cendo
1035 3104 1271 3173 seipsum
1313 3100 1680 3161 condemnat;
1721 3104 1903 3149 orator
1947 3095 2041 3165 qui
2076 3102 2263 3147 contra
2308 3107 2398 3147 se-

2490 598 2671 667 ὀλίγος
2696 598 2755 652 δὲ
2780 596 2951 667 ἀγὼν,
2982 598 3073 651 τὸν
3100 599 3212 652 ἔσω
3240 598 3527 670 ἄνθρωπον
3556 606 3779 657 ποιῆσαι
3805 605 4046 673 μοναχόν

3107 861 3364 931 Σχόλιον
3390 862 3454 933 β’.

2559 946 2771 1022 Νόησοι·
2822 952 3179 1024 ὗυᾷηλότερον,
3228 957 3449 1008 πετεινά
3502 954 3734 1029 ούρανοῦ
3784 960 3916 1021 τοὺς
3963 958 4069 1028 τὴν

2490 1043 2828 1115 θεωρητικὴν
2886 1045 3170 1115 μετιόντας
3235 1046 3584 1114 φιλοσοφίαν,
3641 1051 3736 1101 καὶ
3804 1050 3906 1119 τῆς
3964 1054 4070 1120 μὲν

2491 1135 2760 1204 κοσμικῆς
2785 1134 3020 1203 σχέσεως
3047 1138 3142 1187 καὶ
3161 1133 3368 1205 τύρϐης
3396 1138 3838 1209 ἀπεξενωμένους
3858 1143 4067 1194 παντά-

2490 1242 2650 1289 πασι,
2698 1226 2834 1295 πρὸς
2883 1226 3022 1295 μόνα
3065 1228 3124 1281 δὲ
3166 1228 3286 1281 θεῖα
3334 1230 3427 1281 καὶ
3464 1232 3762 1302 ἐπουράνια
3803 1236 3897 1287 τὸν
3942 1235 4069 1287 νοῦν

2490 1319 2959 1383 ὲπανατείνοντας.

3102 1393 3150 1444 Σ
3150 1393 3361 1459 χόλιον
3388 1399 3458 1461 γ’.

2568 1478 2773 1545 Ἥγουν
2800 1478 2896 1549 τῆς
2918 1483 3380 1552 γαστριμαργίας,
3419 1479 3485 1553 ἧς
3510 1484 3775 1551 ἀπόγονον
3805 1486 3923 1537 ἐκεῖ
3947 1486 4069 1538 δεύ-

2493 1584 2648 1637 τερον
2692 1569 2964 1638 ὀνομάσας
3010 1572 3108 1642 τὴν
3157 1573 3499 1645 σκληρότητα
3546 1577 3643 1645 τῆς
3676 1578 3925 1647 καρδίας,
3970 1580 4069 1631 νῦν

2492 1660 2853 1730 ἀναισθησίαν
2899 1663 3048 1731 λέγει
3089 1666 3290 1736 ταύτην
3330 1668 3407 1729 ὠς
3439 1668 3540 1738 τῆς
3579 1670 3933 1739 ἀναισθησίας
3973 1676 4069 1724 καὶ

2422 1754 2464 1809 Β
2491 1757 2589 1824 τῆς
2621 1754 2989 1827 σκληρότητος
3015 1758 3077 1810 τὸ
3101 1759 3232 1811 αὐτὸ
3267 1761 3657 1830 σημαινούσης.

3104 1931 3319 1984 ΛΟΓΟΣ
3357 1934 3463 1986 IH'.

2490 2019 2631 2087 Περὶ
2663 2020 3075 2095 ἀναισθησίας
3095 2022 3285 2092 ἤγουν
3315 2024 3661 2091 νεκρὼσεως
3696 2025 3927 2095 ψυχῆς,
3966 2029 4063 2079 καί

2683 2092 2941 2146 θανάτου
2976 2093 3121 2157 νοὸς
3148 2094 3261 2162 πρὸ
3293 2095 3552 2149 θανάτου
3580 2092 3854 2164 σώματος

2576 2183 2927 2255 Ἀναισθησία
2956 2187 3051 2238 καὶ
3082 2186 3175 2237 ἐπὶ
3220 2188 3486 2258 σωμάτων
3516 2188 3592 2257 (1)
3639 2189 3732 2241 καὶ
3767 2191 3860 2242 ἐπὶ
3900 2208 4066 2242 πνευ-

2495 2274 2681 2344 μάτων
2714 2276 2862 2329 ἐστὶν
2898 2278 3275 2349 νενεκρωμένη
3320 2277 3591 2348 αἴσθησις,
3636 2282 3699 2333 ἐκ
3729 2280 3952 2349 χρονίας
3982 2281 4067 2332 νό-

2495 2384 2627 2430 σου,
2682 2367 2778 2421 καὶ
2825 2369 3087 2439 ἀμελείας
3138 2370 3218 2432 εἰς
3277 2370 3638 2439 ἀναισθησίαν
3689 2372 4067 2441 καταλήξασα.

2506 2459 2837 2530 Ἀναλγησία
2868 2462 2987 2513 ἐστὶ
3018 2461 3367 2531 πεποιιυμένη
3414 2462 3665 2531 ἀμέλεια,
3697 2462 3956 2533 ναρκῶσα
3991 2463 4071 2514 ἔν-

2493 2567 2653 2604 νοιαο
2704 2550 3025 2621 προλήψεως
3057 2552 3327 2621 γέννημα,
3368 2552 3674 2622 προθυμίας
3722 2553 3923 2619 παγίς,
3974 2554 4069 2604 ἀν-

2493 2643 2676 2711 δρείας
2727 2644 2957 2715 βρόχος’
3021 2643 3362 2707 κατανύξεως
3404 2644 3636 2711 ἀγνοια’
3701 2645 4070 2711 ἀπογνώσεως

2494 2734 2657 2805 θύρα,
2700 2734 2868 2805 λήθης
2900 2736 3079 2805 μήτηρ
3113 2734 3212 2804 (2),
3254 2736 3349 2787 καὶ
3382 2736 3520 2805 μετά
3549 2737 3707 2788 τόκον
3745 2735 3955 2805 μητρὸς
3994 2738 4069 2786 οἱ·

2502 2826 2659 2888 κείας
2706 2826 2922 2896 μήτηρ,
2976 2825 3246 2896 διάκρισις
3291 2826 3459 2893 φόϐου
3496 2841 3511 2855 ·
3569 2826 3873 2895 ἀνάλγητός
3925 2828 4072 2877 ἐστιν

2495 2916 2685 2987 άφρων
2700 2916 2988 2984 φιλόσοφος
3008 2918 3465 2987 αὐτοκατάκριτος
3486 2901 3758 2988 ἐξηγητής
3779 2936 3794 2949 ·
3817 2919 4074 2971 αὐτεναν-

2495 3008 2608 3071 τίος
2631 3007 2909 3077 φιλολόγος
2933 3009 3031 3078 (5),
3049 3008 3244 3076 τυφλὸς
3267 3009 3583 3072 διδάσκαλος
3602 3011 3696 3063 τοῦ
3721 3010 3942 3079 βλέπειν
3962 3012 4068 3080 (4)·

2497 3101 2627 3171 περὶ
2648 3101 2746 3169 τῆς
2763 3100 2856 3153 τοῦ
2877 3100 3188 3171 τραύματος
3211 3101 3420 3169 ὑγιείας
3440 3101 3772 3169 διαλέγεται,
3798 3102 4071 3156 καὶτοῦτο

823 3193 1002 3262 ipsum
1046 3206 1267 3247 causam
1298 3190 1640 3259 agit;ca:cus
1660 3185 1871 3239 videndi
1894 3183 2399 3250 medicus;doctor,
2425 3210 2469 3268 ο

2425 3210 2469 3268 ο
2500 3193 2809 3263 ἔπικνήοων
2856 3192 2915 3246 ού
2967 3192 3223 3257 παύεται,
3263 3195 3405 3247 κάτά
3444 3194 3539 3247 τοῦ
3571 3195 3782 3254 πάθους
3834 3196 4069 3265 φθέγγε-

822 3286 917 3355 qui
952 3285 1019 3339 de
1056 3285 1283 3338 vulnere
1314 3279 1559 3337 curando
1595 3279 1852 3347 disputat,
1903 3285 1958 3330 et
1986 3276 2185 3329 vulnus
2213 3274 2393 3344 ipsum

825 3376 1045 3431 interim
1092 3373 1401 3428 refricsndo
1442 3371 1757 3425 exulcerare
1791 3385 1899 3421 non
1949 3375 2149 3422 cessat.
2195 3367 2396 3421 Contra

828 3466 1081 3521 morbum
1118 3464 1356 3527 disserit,
1391 3472 1445 3516 et
1484 3464 1600 3531 ipse
1654 3460 1723 3542 ab
1764 3460 1944 3513 noxiis
1984 3458 2121 3512 cibis
2157 3471 2266 3511 non
2298 3457 2398 3511 ab-

826 3556 995 3609 stinet
1027 3573 1043 3610 :
1073 3563 1262 3608 contra
1302 3552 1463 3621 260
1508 3567 1567 3605 se
1606 3551 2066 3619 deprecatur,“et
2106 3546 2289 3601 statim
2330 3546 2399 3600 ad

826 3660 1048 3716 pravam
1097 3644 1289 3713 agendi
1340 3641 1787 3716 consuetudinem
1834 3638 2162 3692 revertitur:
2198 3638 2251 3691 in
2290 3652 2397 3707 qua

828 3740 960 3793 dum
984 3745 1254 3799 versatur,
1282 3743 1473 3787 contra
1511 3710 1749 3801 Sensim
1793 3732 2123 3799 indignatur,
2158 3737 2213 3783 et
2236 3742 2400 3796 super

830 3830 948 3885 suis
984 3827 1166 3883 verbis
1207 3827 1391 3881 intelix
1434 3841 1539 3878 non
1592 3822 1882 3877 erubescit.
1933 3820 2071 3875 Male
2104 3820 2260 3886 facio,
2284 3821 2401 3875 cla-

830 3932 968 3989 mat,
1008 3922 1062 3974 in
1093 3893 1517 3975 facinusqatnen
1548 3918 1781 3986 graviter
1810 3913 2094 3967 incumbit.
2126 3910 2233 3967 Ore
2265 3928 2401 3997 cgn-

834 4024 916 4069 ara
946 4028 1005 4067 se
1036 4020 1310 4081 precatur,
1368 4022 1600 4077 corpore
1631 4023 1729 4076 pro
1767 4021 1825 4059 se
1852 4005 2082 4059 laborat.
2131 4004 2205 4057 De
2226 4014 2402 4058 morte

831 4103 1269 4174 philosophatur,
1321 4109 1375 4155 et
1427 4099 1541 4168 ipse
1575 4108 1634 4151 ut
1671 4096 1994 4150 immortalis
2031 4106 2114 4149 est
2155 4095 2397 4149 ell'ectus.

834 4198 911 4252 De
941 4196 1267 4265 migratione
1297 4194 1419 4246 vitae
1448 4191 1773 4261 ingemiseit,
1815 4199 1870 4242 et
1899 4190 2013 4257 ipse
2056 4188 2201 4241 velut
2244 4197 2401 4242 aeter-

833 4302 939 4342 nus
977 4285 1194 4340 futurus
1232 4285 1511 4339 dormitat.
1564 4283 1636 4335 De
1688 4280 2014 4334 abstinentia
2045 4280 2317 4344 dissertat,
2348 4287 2403 4332 et

836 4380 975 4450 gula!
1005 4378 1271 4447 genioque
1308 4374 1603 4429 liberaliter
1652 4372 1909 4440 indulget.
1958 4368 2188 4425 Lectitat
2211 4371 2279 4423 de
2304 4385 2403 4423 ex-

837 4478 1012 4522 tremo
1034 4466 1261 4536 judicio,
1298 4474 1352 4519 et
1385 4463 1667 4517 subridere
1720 4461 1945 4529 incipit;
1984 4459 2053 4514 de
2096 4472 2230 4511 vana
2272 4457 2400 4512 item

2492 3301 2587 3337 ται
2609 3284 2688 3354 (5)
2716 3298 2731 3312 ⁶
2766 3285 2863 3336 καὶ
2887 3285 2956 3337 τά
2985 3284 3287 3353 βλάπτοντα
3315 3286 3510 3339 ἐσθίων
3540 3287 3601 3338 ού
3640 3287 3874 3341 παύεται
3900 3304 3917 3319 ο
3955 3289 4073 3341 κατ’

2495 3374 2662 3428 αὑτοῦ
2695 3376 3079 3447 προσεύχεται,
3109 3375 3204 3429 καὶ
3226 3376 3431 3439 εὐθέως
3459 3378 3552 3431 ἐπὶ
3583 3377 3683 3447 τὴν
3706 3378 3877 3431 αὐτοῦ
3908 3380 4074 3449 ἐργα-

2498 3470 2621 3522 σίαν
2648 3469 2941 3539 πορεύεται
2964 3485 2980 3502 ο
3028 3469 3127 3523 ἐπὶ
3162 3473 3228 3541 τῇ
3254 3469 3448 3523 τούτου
3477 3471 3713 3542 ἐργασία
3742 3473 3870 3525 κατ’
3906 3472 4072 3525 αὐτοῦ

2415 3596 2441 3634 ,ἑ
2496 3562 2775 3632 ὀργίζεται
2795 3577 2815 3593 ο
2856 3562 2951 3616 καὶ
2974 3563 3101 3626 τοὺς
3129 3562 3323 3616 ἑαυτοῦ
3352 3562 3544 3631 λόγους
3567 3564 3668 3617 οὐκ
3696 3563 4017 3633 αἰσχύνεται
4047 3567 4074 3616 ό

2440 3696 2459 3737 .O
2496 3655 2683 3718 τάλας.
2727 3654 2932 3729 Κακῷς
2963 3655 3209 3725 πράττω,
3241 3655 3359 3726 βοᾷ,
3394 3656 3489 3708 καὶ
3527 3654 3823 3726 προθύμως
3858 3658 4072 3709 ἐπίκει-

2496 3763 2587 3798 ται
2609 3761 2625 3775 ·
2655 3746 2716 3797 τὸ
2745 3746 2918 3816 στόμα
2941 3745 3063 3798 κατ’
3091 3744 3259 3799 αὐτοῦ
3288 3745 3668 3815 προσεύχεται,
3695 3746 3791 3797 καὶ
3822 3746 3887 3799 τὺ
3919 3748 4075 3814 σῶμα

2500 3835 2641 3905 ὑπὲρ
2668 3835 2830 3889 αὒτοῦ
2858 3835 3202 3903 ἀγωνίζεται.
3227 3835 3363 3905 Περὶ
3390 3834 3620 3888 θανάτου
3650 3837 3959 3905 φιλοσοφεῖ,
3984 3840 4074 3890 καὶ

2498 3923 2575 3985 ὡς
2606 3916 2868 3985 ἀθάῦατος
2897 3922 3182 3993 διάκειται.
3213 3923 3346 3991 Περὶ
3375 3923 3652 3993 χωρισμοῦ
3684 3923 3961 3987 στενάζει,
3986 3926 4075 3977 καὶ

2497 4013 2573 4077 ὡς
2605 4014 2822 4076 αίώνιος
2864 3986 3136 4077 νύστάζει.
3190 3986 3326 4085 Περὶ
3375 3986 3700 4086 ἔγκρατείας
3739 4015 4073 4083 διαλέγεται,

2498 4105 2593 4157 καὶ
2623 4106 2752 4174 περὶ
2786 4093 3229 4177 γαστριμεῖργίας
3269 4105 3616 4171 ἀγωνίζεται.
3656 4106 3794 4176 Περὶ
3837 4110 4074 4178 κρίσεως

2498 4196 2881 4263 ἀναγινώσκει,
2926 4196 3022 4249 καὶ
3052 4195 3262 4267 μειδιᾷν
3304 4196 3530 4267 ἄρχεται
3576 4198 3704 4267 περὶ
3740 4199 4069 4265 κενοδοξίας,

2498 4286 2592 4337 καὶ
2618 4287 2675 4337 ἐν
2703 4286 2837 4355 αὐτῇ
2861 4288 2927 4356 τῇ
2949 4286 3255 4354 ἀναγνώσει
3279 4287 3549 4353 κενοδοξεῖ
3570 4303 3585 4317 ⁸
3614 4288 3740 4357 περὶ
3764 4289 4074 4357 ἀγρυπνίας

2498 4375 2830 4444 ὲκστηθίζει,
2881 4375 2976 4429 καὶ
3030 4375 3107 4446 τῷ
3151 4376 3304 4448 ὕπνῳ
3343 4378 3545 4442 εὐθέως
3589 4378 3781 4431 ἑαυτὸν
3829 4381 4073 4433 καταϐα-

2501 4467 2680 4531 πτίζει
2702 4483 2716 4496 ο
2750 4465 2847 4537 τὴν
2878 4468 3186 4538 προσευχὴν
3214 4470 3570 4539 ἐγκωμιάζει,
3598 4471 3693 4523 καὶ
3719 4470 3797 4534 ὠς
3825 4473 3940 4525 ἀπὺ
3971 4474 4074 4541 μά-

836 4559 1029 4628 gloria,
1060 4566 1115 4611 et
1148 4556 1249 4611 sub
1279 4556 1393 4625 ipsa
1417 4554 1647 4608 lectione
1680 4552 1905 4622 gloriam
1939 4565 2133 4603 vanam
2156 4564 2394 4618 aucupa—
2430 4568 2501 4622 ι).

2430 4568 2474 4622 ι)
2498 4575 2679 4626 στιγος
2706 4559 2910 4628 ταύτης
2943 4559 3135 4627 φεύγει
3162 4578 3175 4591 ·
3214 4562 3313 4631 τὴν
3350 4562 3596 4631 ὑπακοὴν
3628 4562 3952 4633 μακαρίζει,
3982 4566 4071 4617 καὶ

837 4660 948 4704 tur.
982 4648 1205 4719 Vigilias
1230 4655 1460 4711 eructat,
1488 4655 1541 4700 et
1569 4646 1683 4714 ipse
1708 4645 1889 4698 statim
1913 4644 2022 4697 alto
2044 4657 2238 4712 sopore
2261 4657 2402 4697 mer-

838 4748 1001 4817 gitur.
1032 4743 1227 4798 Preces
1251 4744 1499 4796 laudibus
1522 4743 1782 4802 celebrat,
1810 4755 1840 4793 a
1866 4739 2066 4809 quibus
2090 4747 2269 4793 tamen
2291 4748 2405 4793 tan—

839 4853 1003 4908 quam
1033 4852 1064 4889 a
1095 4835 1263 4905 llagro
1282 4832 1477 4902 refugit
1498 4843 1551 4886 et
1578 4834 1851 4884 abhorret.
1882 4827 2252 4883 Obedientiam
2278 4829 2405 4883 bea-

840 4943 951 4986 tam
988 4929 1263 5000 praedicat,
1305 4942 1469 4997 quam
1504 4926 1712 4995 primus
1738 4924 1852 4993 ipse
1882 4922 2046 4976 violat
2065 4920 2174 4993 [cui
2196 4923 2404 4993 primus

842 5024 960 5094 ipse
1012 5016 1316 5089 repugnat].
1353 5016 1575 5070 Extollit
1609 5016 1729 5069 illos
1761 5014 1852 5081 qui
1890 5015 2091 5070 nullius
2123 5014 2202 5069 rei
2247 5013 2405 5081 cupi-

844 5118 1013 5170 ditate
1042 5122 1311 5175 tenentur,
1350 5119 1404 5163 et
1447 5109 1562 5177 ipse
1602 5122 1700 5176 pro
1736 5106 2001 5160 vilissimo
2044 5106 2205 5175 panni
2236 5104 2404 5158 ﬂocco

844 5222 953 5262 non
975 5204 1247 5261 erubescit
1271 5202 1426 5255 irasci
1444 5210 1499 5256 et
1519 5200 1705 5254 rixari.
1729 5198 2041 5266 indignatur
2060 5213 2183 5252 cum
2214 5197 2403 5250 irasci-

845 5306 958 5362 tur,
990 5303 1047 5350 et
1095 5294 1239 5363 quod
1294 5292 1600 5360 indignatus
1655 5289 1745 5354 sit,
1788 5289 1980 5341 iterum
2037 5287 2309 5349 irascitur,
2352 5297 2405 5341 et

843 5401 972 5443 cum
1018 5384 1309 5439 identidem
1343 5382 1593 5434 vincatur
1624 5389 1679 5433 et
1699 5388 1841 5441 ruat,
1870 5379 2170 5446 iterumque
2215 5378 2401 5431 viuca~

845 5491 937 5534 tur
983 5484 1039 5531 et
1078 5484 1220 5539 ruat,
1271 5475 1484 5528 ruinam
1542 5483 1716 5525 tamen
1766 5470 2014 5539 stupidus
2063 5485 2169 5523 non
2220 5470 2401 5525 sentit.

849 5569 992 5622 Bene
1015 5565 1263 5637 saginato
1295 5578 1478 5619 ventre
1508 5563 1749 5632 poenitet,
1771 5561 2059 5630 etpaulum
2090 5576 2405 5632 progressus

849 5660 1093 5727 saginam
1129 5655 1334 5726 saginae
1358 5653 1524 5719 addit,
1557 5663 1611 5708 et
1661 5654 1853 5706 iterum
1894 5661 2066 5707 vorat.
2119 5651 2403 5707 Silentium

848 5749 1063 5803 beatum
1104 5747 1352 5810 aﬂirmat,
1386 5753 1440 5798 et
1474 5754 1662 5799 contra
1697 5743 1970 5799 silentium
1996 5744 2161 5797 multa
2198 5744 2265 5799 de
2297 5744 2409 5798 lau-

849 5842 1009 5912 pibus
1029 5841 1223 5896 silemii
1261 5838 1427 5910 garrit
1452 5856 1467 5905 ;
1490 5837 1555 5893 de
1586 5837 1997 5894 mansuetudine
2028 5838 2203 5903 docet,
2238 5844 2293 5894 et
2321 5838 2403 5892 in-

2503 4649 2718 4721 πρῶτος
2737 4650 2897 4713 αὐτὸς
2919 4651 3244 4721 παρακούει.
3267 4653 3407 4717 τοὺς
3432 4654 3805 4724 ἀπροσπαθείς
3834 4656 4069 4720 ἐπαινεῖ,

2502 4740 2594 4793 καὶ
2634 4740 2724 4795 διά
2772 4741 2937 4809 ῥάκος
2985 4742 3359 4813 μνησικακῶν,
3406 4743 3500 4797 καὶ
3540 4743 3794 4813 πολεμῶν
3836 4745 3944 4798 ούκ
3988 4747 4072 4797 αἰ-

2504 4832 2774 4902 σχύνεται.
2816 4831 3194 4903 Ὀργιζόμενος
3230 4834 3597 4903 πικραίνεται,
3627 4835 3721 4886 καὶ
3754 4835 3849 4887 ὲπὶ
3884 4839 3952 4906 τῇ
3983 4854 4071 4888 πι-

2501 4924 2634 4996 κρίᾳ
2658 4924 2818 4979 πάλιν
2845 4925 3141 4995 ὀργίζεται,
3173 4926 3268 4978 καὶ
3289 4928 3355 4996 τῇ
3390 4926 3529 4999 ἥττῃ
3554 4921 3724 4998 ἧτταν
3756 4930 4071 4998 προστιθεὶς

2502 5017 2602 5067 οὐκ
2627 5016 2942 5070 αἰσθάνεται
2964 5032 2979 5048 ο
3016 5016 3297 5086 κορεσθεὶς
3325 5017 3731 5087 μεταμελεῖται,
3752 5017 3851 5070 καὶ
3878 5020 4071 5088 μικρὸν

2505 5106 2735 5180 προϐὰς,
2766 5108 2928 5161 πάλιν
2951 5106 3031 5177 τῷ
3059 5109 3204 5178 κόρῳ
3229 5108 3556 5179 προσέθηκε.
3588 5108 3701 5178 Τὴν
3730 5107 3945 5179 σιωπὴν
3971 5127 4070 5179 μα-

2504 5197 2741 5268 καρίζει,
2772 5200 2865 5251 καὶ
2890 5198 2978 5251 διὰ
3002 5198 3324 5267 πολυλογίας
3350 5199 3519 5268 αὐτὴν
3544 5198 3903 5268 ἐγκωμιάζει.
3938 5201 4071 5269 Περὶ

2505 5290 2808 5359 πραότητος
2832 5288 3089 5353 διδάσκει,
3122 5291 3216 5341 καὶ
3239 5291 3298 5342 ὲν
3329 5289 3465 5359 αὐτῇ
3495 5292 3562 5360 τῇ
3591 5289 3916 5362 διδασκαλίᾳ
3945 5291 4070 5343 πολ-

2504 5382 2659 5443 λάκις
2685 5380 2982 5450 ὀργίζεται,
3004 5381 3098 5433 καὶ
3128 5382 3221 5433 ἐπὶ
3247 5383 3315 5451 τῇ
3344 5380 3541 5451 πικρίᾳ
3569 5379 3731 5434 πάλιν
3756 5380 4065 5451 ὀργίζεται·

2504 5470 2781 5541 ἀνανήψας
2814 5471 3083 5537 ἐστέναξε,
3116 5473 3210 5525 καὶ
3245 5471 3343 5541 τὴν
3372 5471 3611 5541 κεφαλὴν
3639 5472 3868 5539 κινήσας
3910 5473 4068 5523 πάλιν

2503 5563 2597 5615 τοῦ
2637 5561 2841 5624 πάθους
2872 5562 3071 5632 ἔχεται.
3120 5563 3223 5615 Τὸν
3261 5562 3473 5629 γέλωτα
3498 5562 3678 5631 ψέγει,
3723 5562 3819 5617 καὶ
3846 5563 4067 5631 μειδιῶν

2506 5654 2636 5722 περὶ
2685 5651 2912 5713 πένθους
2955 5650 3218 5708 διδάσκει.
3263 5651 3485 5704 Ἑαυτὸν
3529 5650 3605 5712 ὡς
3650 5650 3931 5714 κενόδοξον
3978 5653 4067 5701 ἐπε

2503 5762 2661 5797 τινων
2684 5743 3123 5812 καταμέμφεται,
3153 5743 3245 5796 καὶ
3275 5742 3361 5796 διὰ
3392 5743 3483 5797 τοῦ
3513 5744 3683 5813 ψόγου
3712 5742 3870 5807 δόξαν
3891 5744 4068 5809 ἑαυτιξ»

2508 5833 2970 5907 πραγματεύεται.
3010 5835 3301 5906 Ἐμπαθῶς
3327 5837 3406 5899 εἰς
3426 5836 3714 5906 πρόσωπον
3744 5834 3950 5904 βλέπει,
3972 5836 4065 5887 καὶ
