  <div class='ocr_page' id='page_1' title='image "/cluster/home/n/w/nwhite01/storage/ocr_20150623/88/nnc1.0046980237/476.png"; bbox 0 0 4216 6458; ppageno 0'>
   <div class='ocr_carea' id='block_1_1' title="bbox 174 355 3400 425">
    <p class='ocr_par' dir='ltr' id='par_1_1' title="bbox 174 355 3400 425">
     <span class='ocr_line' id='line_1_1' title="bbox 174 355 3400 425; baseline 0 -5"><span class='ocrx_word' id='word_1_1' title='bbox 174 359 269 420; x_wconf 82' lang='grc'><strong>933</strong></span> <span class='ocrx_word' id='word_1_2' title='bbox 1112 359 1337 419; x_wconf 80' lang='lat' dir='ltr'><strong>SCALA</strong></span> <span class='ocrx_word' id='word_1_3' title='bbox 1381 357 1756 418; x_wconf 83' lang='lat' dir='ltr'><strong>PARADISI.</strong></span> <span class='ocrx_word' id='word_1_4' title='bbox 1791 384 1857 396; x_wconf 87' lang='lat'><strong>--</strong></span> <span class='ocrx_word' id='word_1_5' title='bbox 1879 356 2186 417; x_wconf 79' lang='lat' dir='ltr'><strong>GRADUS</strong></span> <span class='ocrx_word' id='word_1_6' title='bbox 2212 355 2429 416; x_wconf 85' lang='lat' dir='ltr'><strong>XVIII.</strong></span> <span class='ocrx_word' id='word_1_7' title='bbox 3298 359 3400 425; x_wconf 62' lang='lat'><strong>934</strong></span> 
     </span>
    </p>
   </div>
   <div class='ocr_carea' id='block_1_2' title="bbox 172 462 1726 537">
    <p class='ocr_par' dir='ltr' id='par_1_2' title="bbox 172 464 1726 537">
     <span class='ocr_line' id='line_1_2' title="bbox 172 464 1726 537; baseline -0.003 -17"><span class='ocrx_word' id='word_1_8' title='bbox 172 468 295 537; x_wconf 78' lang='grc' dir='ltr'>περὶ</span> <span class='ocrx_word' id='word_1_9' title='bbox 332 467 681 537; x_wconf 71' lang='grc' dir='ltr'><strong>σωφροσύνης</strong></span> <span class='ocrx_word' id='word_1_10' title='bbox 721 464 1041 534; x_wconf 79' lang='grc' dir='ltr'>διαλέγεται.</span> <span class='ocrx_word' id='word_1_11' title='bbox 1090 465 1230 528; x_wconf 82' lang='grc' dir='ltr'>Τοὺς</span> <span class='ocrx_word' id='word_1_12' title='bbox 1279 464 1649 535; x_wconf 75' lang='grc' dir='ltr'>ἡσυχάζοντας</span> <span class='ocrx_word' id='word_1_13' title='bbox 1681 465 1726 516; x_wconf 57' lang='grc' dir='ltr'><strong>ὲκ</strong></span> 
     </span>
    </p>
   </div>
   <div class='ocr_carea' id='block_1_3' title="bbox 1752 462 3400 537">
    <p class='ocr_par' dir='ltr' id='par_1_3' title="bbox 1767 462 3400 537">
     <span class='ocr_line' id='line_1_3' title="bbox 1767 462 3400 537; baseline 0.003 -19"><span class='ocrx_word' id='word_1_14' title='bbox 1767 475 1811 529; x_wconf 79' lang='grc' dir='ltr'><strong>Α</strong></span> <span class='ocrx_word' id='word_1_15' title='bbox 1840 474 1923 518; x_wconf 91' lang='lat' dir='ltr'><strong>ter</strong></span> <span class='ocrx_word' id='word_1_16' title='bbox 1956 464 2257 519; x_wconf 90' lang='lat' dir='ltr'><strong>docendum</strong></span> <span class='ocrx_word' id='word_1_17' title='bbox 2294 478 2436 533; x_wconf 62' lang='lat' dir='ltr'><strong>saepe</strong></span> <span class='ocrx_word' id='word_1_18' title='bbox 2465 462 2740 527; x_wconf 76' lang='lat' dir='ltr'><strong>irascitur,</strong></span> <span class='ocrx_word' id='word_1_19' title='bbox 2782 474 2833 519; x_wconf 91' lang='lat' dir='ltr'><strong>et</strong></span> <span class='ocrx_word' id='word_1_20' title='bbox 2864 480 3078 519; x_wconf 85' lang='lat' dir='ltr'><strong>rursum</strong></span> <span class='ocrx_word' id='word_1_21' title='bbox 3114 470 3255 537; x_wconf 85' lang='lat' dir='ltr'><strong>quod</strong></span> <span class='ocrx_word' id='word_1_22' title='bbox 3290 474 3400 524; x_wconf 69' lang='lat' dir='ltr'><strong>ira-</strong></span> 
     </span>
    </p>
   </div>
   <div class='ocr_carea' id='block_1_4' title="bbox 171 550 1726 627">
    <p class='ocr_par' dir='ltr' id='par_1_4' title="bbox 171 550 1726 624">
     <span class='ocr_line' id='line_1_4' title="bbox 171 550 1726 624; baseline -0.003 -16"><span class='ocrx_word' id='word_1_23' title='bbox 171 555 354 624; x_wconf 79' lang='grc' dir='ltr'>κόσμῳ</span> <span class='ocrx_word' id='word_1_24' title='bbox 382 554 669 624; x_wconf 88' lang='grc' dir='ltr'>διατρίϐων</span> <span class='ocrx_word' id='word_1_25' title='bbox 712 555 957 617; x_wconf 76' lang='grc' dir='ltr'>ἐπαινεῖ,</span> <span class='ocrx_word' id='word_1_26' title='bbox 1007 553 1104 605; x_wconf 75' lang='grc' dir='ltr'>καὶ</span> <span class='ocrx_word' id='word_1_27' title='bbox 1133 550 1323 605; x_wconf 78' lang='grc' dir='ltr'>ἑαυτὸν</span> <span class='ocrx_word' id='word_1_28' title='bbox 1360 553 1629 623; x_wconf 82' lang='grc' dir='ltr'>αἰσχύνων</span> <span class='ocrx_word' id='word_1_29' title='bbox 1667 553 1726 605; x_wconf 84' lang='grc' dir='ltr'><strong>ού</strong></span> 
     </span>
    </p>
   </div>
   <div class='ocr_carea' id='block_1_5' title="bbox 1752 550 3400 627">
    <p class='ocr_par' dir='ltr' id='par_1_5' title="bbox 1833 554 3400 627">
     <span class='ocr_line' id='line_1_5' title="bbox 1833 554 3400 627; baseline 0.002 -16"><span class='ocrx_word' id='word_1_30' title='bbox 1833 565 2042 619; x_wconf 87' lang='lat' dir='ltr'><strong>scatur,</strong></span> <span class='ocrx_word' id='word_1_31' title='bbox 2076 554 2348 610; x_wconf 78' lang='lat' dir='ltr'><strong>irascitur.</strong></span> <span class='ocrx_word' id='word_1_32' title='bbox 2382 554 2725 625; x_wconf 77' lang='lat' dir='ltr'><strong>Resipiscens</strong></span> <span class='ocrx_word' id='word_1_33' title='bbox 2748 557 3069 627; x_wconf 88' lang='lat' dir='ltr'><strong>ingemiscit,</strong></span> <span class='ocrx_word' id='word_1_34' title='bbox 3104 568 3157 612; x_wconf 92' lang='lat' dir='ltr'><strong>et</strong></span> <span class='ocrx_word' id='word_1_35' title='bbox 3190 569 3400 614; x_wconf 91' lang='lat' dir='ltr'><strong>motato</strong></span> 
     </span>
    </p>
   </div>
   <div class='ocr_carea' id='block_1_6' title="bbox 171 645 1726 722">
    <p class='ocr_par' dir='ltr' id='par_1_6' title="bbox 171 645 1726 716">
     <span class='ocr_line' id='line_1_6' title="bbox 171 645 1726 716; baseline -0.002 -17"><span class='ocrx_word' id='word_1_36' title='bbox 171 651 438 700; x_wconf 83' lang='grc' dir='ltr'>κατανοεῖ.</span> <span class='ocrx_word' id='word_1_37' title='bbox 473 648 610 709; x_wconf 83' lang='grc' dir='ltr'>Τοὺς</span> <span class='ocrx_word' id='word_1_38' title='bbox 636 646 932 716; x_wconf 79' lang='grc' dir='ltr'>ἐλεήμονας</span> <span class='ocrx_word' id='word_1_39' title='bbox 961 645 1195 710; x_wconf 76' lang='grc' dir='ltr'><strong>δοξάζει,</strong></span> <span class='ocrx_word' id='word_1_40' title='bbox 1228 646 1464 708; x_wconf 70' lang='grc' dir='ltr'>καὶτοὺς</span> <span class='ocrx_word' id='word_1_41' title='bbox 1482 645 1726 715; x_wconf 75' lang='grc' dir='ltr'>πτωχοὺς</span> 
     </span>
    </p>
   </div>
   <div class='ocr_carea' id='block_1_7' title="bbox 1752 645 3401 722">
    <p class='ocr_par' dir='ltr' id='par_1_7' title="bbox 1832 645 3401 722">
     <span class='ocr_line' id='line_1_7' title="bbox 1832 645 3401 722; baseline 0.003 -20"><span class='ocrx_word' id='word_1_42' title='bbox 1832 647 2010 718; x_wconf 91' lang='lat' dir='ltr'><strong>capite</strong></span> <span class='ocrx_word' id='word_1_43' title='bbox 2053 663 2245 701; x_wconf 83' lang='lat' dir='ltr'><strong>rursus</strong></span> <span class='ocrx_word' id='word_1_44' title='bbox 2274 645 2555 702; x_wconf 81' lang='lat' dir='ltr'><strong>relabitur.</strong></span> <span class='ocrx_word' id='word_1_45' title='bbox 2589 645 2779 702; x_wconf 76' lang='lat' dir='ltr'><strong>Risum</strong></span> <span class='ocrx_word' id='word_1_46' title='bbox 2810 649 3178 718; x_wconf 90' lang='lat' dir='ltr'><strong>reprehendit,</strong></span> <span class='ocrx_word' id='word_1_47' title='bbox 3204 661 3253 705; x_wconf 72' lang='lat' dir='ltr'><strong>et</strong></span> <span class='ocrx_word' id='word_1_48' title='bbox 3287 652 3401 722; x_wconf 86' lang='lat' dir='ltr'><strong>ipse</strong></span> 
     </span>
    </p>
   </div>
   <div class='ocr_carea' id='block_1_8' title="bbox 168 736 1726 811">
    <p class='ocr_par' dir='ltr' id='par_1_8' title="bbox 168 736 1726 809">
     <span class='ocr_line' id='line_1_8' title="bbox 168 736 1726 809; baseline -0.001 -17"><span class='ocrx_word' id='word_1_49' title='bbox 168 737 429 804; x_wconf 76' lang='grc' dir='ltr'><strong>ὀνειδίζει.</strong></span> <span class='ocrx_word' id='word_1_50' title='bbox 463 740 700 794; x_wconf 82' lang='grc' dir='ltr'><strong>Πάντοτε</strong></span> <span class='ocrx_word' id='word_1_51' title='bbox 726 738 920 792; x_wconf 75' lang='grc' dir='ltr'>ἑαυτοῦ</span> <span class='ocrx_word' id='word_1_52' title='bbox 945 739 1251 809; x_wconf 84' lang='grc' dir='ltr'>κατήγορος</span> <span class='ocrx_word' id='word_1_53' title='bbox 1275 738 1481 807; x_wconf 85' lang='grc' dir='ltr'>γίνεται</span> <span class='ocrx_word' id='word_1_54' title='bbox 1505 736 1607 808; x_wconf 85' lang='grc'>(6),</span> <span class='ocrx_word' id='word_1_55' title='bbox 1633 738 1726 791; x_wconf 77' lang='grc' dir='ltr'>καὶ</span> 
     </span>
    </p>
   </div>
   <div class='ocr_carea' id='block_1_9' title="bbox 1752 736 3402 811">
    <p class='ocr_par' dir='ltr' id='par_1_9' title="bbox 1829 737 3402 811">
     <span class='ocr_line' id='line_1_9' title="bbox 1829 737 3402 811; baseline 0.003 -18"><span class='ocrx_word' id='word_1_56' title='bbox 1829 741 1896 794; x_wconf 94' lang='lat' dir='ltr'><strong>de</strong></span> <span class='ocrx_word' id='word_1_57' title='bbox 1946 738 2093 793; x_wconf 91' lang='lat' dir='ltr'><strong>luctu</strong></span> <span class='ocrx_word' id='word_1_58' title='bbox 2159 737 2443 793; x_wconf 79' lang='lat' dir='ltr'><strong>subridens</strong></span> <span class='ocrx_word' id='word_1_59' title='bbox 2492 739 2665 793; x_wconf 88' lang='lat' dir='ltr'><strong>docet.</strong></span> <span class='ocrx_word' id='word_1_60' title='bbox 2723 739 2879 809; x_wconf 75' lang='lat'><strong>261</strong></span> <span class='ocrx_word' id='word_1_61' title='bbox 2940 739 3188 811; x_wconf 89' lang='lat' dir='ltr'><strong>Seipsum</strong></span> <span class='ocrx_word' id='word_1_62' title='bbox 3250 749 3402 797; x_wconf 56' lang='lat' dir='ltr'><strong>vanae</strong></span> 
     </span>
    </p>
   </div>
   <div class='ocr_carea' id='block_1_10' title="bbox 167 825 1726 902">
    <p class='ocr_par' dir='ltr' id='par_1_10' title="bbox 167 828 1723 901">
     <span class='ocr_line' id='line_1_10' title="bbox 167 828 1723 901; baseline -0.003 -19"><span class='ocrx_word' id='word_1_63' title='bbox 167 829 247 893; x_wconf 85' lang='grc' dir='ltr'><strong>είς</strong></span> <span class='ocrx_word' id='word_1_64' title='bbox 272 829 621 901; x_wconf 80' lang='grc' dir='ltr'><strong>συναίσθησιν</strong></span> <span class='ocrx_word' id='word_1_65' title='bbox 645 829 820 884; x_wconf 83' lang='grc' dir='ltr'>ὲλθεῖν</span> <span class='ocrx_word' id='word_1_66' title='bbox 853 831 912 885; x_wconf 81' lang='grc' dir='ltr'>οὐ</span> <span class='ocrx_word' id='word_1_67' title='bbox 948 828 1215 901; x_wconf 85' lang='grc' dir='ltr'>βούλεται,</span> <span class='ocrx_word' id='word_1_68' title='bbox 1253 830 1342 884; x_wconf 77' lang='grc' dir='ltr'><strong>ἵνα</strong></span> <span class='ocrx_word' id='word_1_69' title='bbox 1375 829 1452 900; x_wconf 81' lang='grc' dir='ltr'>μὴ</span> <span class='ocrx_word' id='word_1_70' title='bbox 1490 829 1629 882; x_wconf 77' lang='grc' dir='ltr'>εἴπω</span> <span class='ocrx_word' id='word_1_71' title='bbox 1661 828 1723 878; x_wconf 88' lang='grc' dir='ltr'><strong>ού</strong></span> 
     </span>
    </p>
   </div>
   <div class='ocr_carea' id='block_1_11' title="bbox 1752 825 3399 902">
    <p class='ocr_par' dir='ltr' id='par_1_11' title="bbox 1828 825 3399 902">
     <span class='ocr_line' id='line_1_11' title="bbox 1828 825 3399 902; baseline 0.004 -24"><span class='ocrx_word' id='word_1_72' title='bbox 1828 825 2015 896; x_wconf 68' lang='lat' dir='ltr'><strong>gloria:</strong></span> <span class='ocrx_word' id='word_1_73' title='bbox 2033 839 2216 879; x_wconf 89' lang='lat' dir='ltr'><strong>coram</strong></span> <span class='ocrx_word' id='word_1_74' title='bbox 2244 825 2514 893; x_wconf 83' lang='lat' dir='ltr'><strong>aliquibus</strong></span> <span class='ocrx_word' id='word_1_75' title='bbox 2542 842 2692 881; x_wconf 91' lang='lat' dir='ltr'><strong>reum</strong></span> <span class='ocrx_word' id='word_1_76' title='bbox 2718 829 3019 897; x_wconf 85' lang='lat' dir='ltr'><strong>profitetur,</strong></span> <span class='ocrx_word' id='word_1_77' title='bbox 3042 840 3097 885; x_wconf 88' lang='lat' dir='ltr'><strong>et</strong></span> <span class='ocrx_word' id='word_1_78' title='bbox 3120 848 3210 899; x_wconf 83' lang='lat' dir='ltr'><strong>per</strong></span> <span class='ocrx_word' id='word_1_79' title='bbox 3228 832 3399 902; x_wconf 84' lang='lat' dir='ltr'><strong>ipsam</strong></span> 
     </span>
    </p>
   </div>
   <div class='ocr_carea' id='block_1_12' title="bbox 164 915 3403 993">
    <p class='ocr_par' dir='ltr' id='par_1_12' title="bbox 164 915 3403 993">
     <span class='ocr_line' id='line_1_12' title="bbox 164 915 3403 993; baseline 0.004 -27"><span class='ocrx_word' id='word_1_80' title='bbox 164 919 404 976; x_wconf 76' lang='grc' dir='ltr'>δύναται,</span> <span class='ocrx_word' id='word_1_81' title='bbox 1830 916 1968 970; x_wconf 80' lang='lat' dir='ltr'><strong>lianc</strong></span> <span class='ocrx_word' id='word_1_82' title='bbox 1991 915 2384 985; x_wconf 81' lang='lat' dir='ltr'><strong>professionem</strong></span> <span class='ocrx_word' id='word_1_83' title='bbox 2441 931 2631 969; x_wconf 90' lang='lat' dir='ltr'><strong>vanam</strong></span> <span class='ocrx_word' id='word_1_84' title='bbox 2660 918 2885 986; x_wconf 76' lang='lat' dir='ltr'><strong>gloriam</strong></span> <span class='ocrx_word' id='word_1_85' title='bbox 2903 931 3104 989; x_wconf 88' lang='lat' dir='ltr'><strong>captat.</strong></span> <span class='ocrx_word' id='word_1_86' title='bbox 3130 923 3403 993; x_wconf 89' lang='lat' dir='ltr'><strong>lmpudice</strong></span> 
     </span>
    </p>
   </div>
   <div class='ocr_carea' id='block_1_13' title="bbox 163 1009 3403 1087">
    <p class='ocr_par' dir='ltr' id='par_1_13' title="bbox 163 1009 3403 1087">
     <span class='ocr_line' id='line_1_13' title="bbox 163 1009 3403 1087; baseline 0.002 -20"><span class='ocrx_word' id='word_1_87' title='bbox 163 1014 344 1070; x_wconf 84' lang='lat' dir='ltr'><strong>vultus</strong></span> <span class='ocrx_word' id='word_1_88' title='bbox 377 1015 606 1071; x_wconf 88' lang='lat' dir='ltr'><strong>aliorum</strong></span> <span class='ocrx_word' id='word_1_89' title='bbox 635 1016 1065 1087; x_wconf 83' lang='lat' dir='ltr'><strong>contemplatur,</strong></span> <span class='ocrx_word' id='word_1_90' title='bbox 1102 1026 1155 1073; x_wconf 90' lang='lat' dir='ltr'><strong>et</strong></span> <span class='ocrx_word' id='word_1_91' title='bbox 1187 1016 1255 1072; x_wconf 92' lang='lat' dir='ltr'><strong>de</strong></span> <span class='ocrx_word' id='word_1_92' title='bbox 1313 1016 1572 1087; x_wconf 78' lang='lat' dir='ltr'><strong>pudicitia</strong></span> <span class='ocrx_word' id='word_1_93' title='bbox 1625 1014 1830 1069; x_wconf 82' lang='lat' dir='ltr'><strong>interea</strong></span> <span class='ocrx_word' id='word_1_94' title='bbox 1894 1019 2323 1082; x_wconf 79' lang='lat' dir='ltr'><strong>argumentatur.</strong></span> <span class='ocrx_word' id='word_1_95' title='bbox 2386 1009 2564 1065; x_wconf 84' lang='lat' dir='ltr'><strong>Vitam</strong></span> <span class='ocrx_word' id='word_1_96' title='bbox 2607 1013 2903 1069; x_wconf 87' lang='lat' dir='ltr'><strong>solitariam</strong></span> <span class='ocrx_word' id='word_1_97' title='bbox 2948 1015 3064 1085; x_wconf 89' lang='lat' dir='ltr'><strong>ipse</strong></span> <span class='ocrx_word' id='word_1_98' title='bbox 3116 1027 3263 1071; x_wconf 80' lang='lat' dir='ltr'><strong>extra</strong></span> <span class='ocrx_word' id='word_1_99' title='bbox 3315 1036 3403 1074; x_wconf 89' lang='lat' dir='ltr'><strong>so—</strong></span> 
     </span>
    </p>
   </div>
   <div class='ocr_carea' id='block_1_14' title="bbox 166 1098 3399 1179">
    <p class='ocr_par' dir='ltr' id='par_1_14' title="bbox 166 1098 3399 1179">
     <span class='ocr_line' id='line_1_14' title="bbox 166 1098 3399 1179; baseline 0.001 -19"><span class='ocrx_word' id='word_1_100' title='bbox 166 1106 452 1162; x_wconf 90' lang='lat' dir='ltr'><strong>litudinem</strong></span> <span class='ocrx_word' id='word_1_101' title='bbox 488 1109 542 1162; x_wconf 93' lang='lat' dir='ltr'><strong>in</strong></span> <span class='ocrx_word' id='word_1_102' title='bbox 580 1110 779 1163; x_wconf 68' lang='lat' dir='ltr'><strong>saeculo</strong></span> <span class='ocrx_word' id='word_1_103' title='bbox 814 1109 1017 1179; x_wconf 90' lang='lat' dir='ltr'><strong>degens</strong></span> <span class='ocrx_word' id='word_1_104' title='bbox 1046 1108 1339 1173; x_wconf 86' lang='lat' dir='ltr'><strong>collaudat,</strong></span> <span class='ocrx_word' id='word_1_105' title='bbox 1400 1115 1454 1161; x_wconf 90' lang='lat' dir='ltr'><strong>et</strong></span> <span class='ocrx_word' id='word_1_106' title='bbox 1484 1104 1630 1176; x_wconf 90' lang='lat' dir='ltr'><strong>quod</strong></span> <span class='ocrx_word' id='word_1_107' title='bbox 1679 1103 1917 1169; x_wconf 85' lang='lat' dir='ltr'><strong>seipsum</strong></span> <span class='ocrx_word' id='word_1_108' title='bbox 1982 1098 2273 1168; x_wconf 72' lang='lat' dir='ltr'><strong>redarguat</strong></span> <span class='ocrx_word' id='word_1_109' title='bbox 2318 1114 2383 1154; x_wconf 92' lang='lat' dir='ltr'><strong>ac</strong></span> <span class='ocrx_word' id='word_1_110' title='bbox 2434 1099 2761 1170; x_wconf 87' lang='lat' dir='ltr'><strong>pudefaciat,</strong></span> <span class='ocrx_word' id='word_1_111' title='bbox 2817 1104 3063 1174; x_wconf 89' lang='lat' dir='ltr'><strong>stupidus</strong></span> <span class='ocrx_word' id='word_1_112' title='bbox 3108 1121 3214 1160; x_wconf 93' lang='lat' dir='ltr'><strong>non</strong></span> <span class='ocrx_word' id='word_1_113' title='bbox 3244 1108 3399 1164; x_wconf 90' lang='lat' dir='ltr'><strong>intel-</strong></span> 
     </span>
    </p>
   </div>
   <div class='ocr_carea' id='block_1_15' title="bbox 164 1193 3401 1276">
    <p class='ocr_par' dir='ltr' id='par_1_15' title="bbox 164 1193 3401 1276">
     <span class='ocr_line' id='line_1_15' title="bbox 164 1193 3401 1276; baseline 0.001 -17"><span class='ocrx_word' id='word_1_114' title='bbox 164 1205 298 1274; x_wconf 87' lang='lat' dir='ltr'><strong>ligit.</strong></span> <span class='ocrx_word' id='word_1_115' title='bbox 324 1203 594 1276; x_wconf 84' lang='lat' dir='ltr'><strong>Benignos</strong></span> <span class='ocrx_word' id='word_1_116' title='bbox 627 1205 681 1261; x_wconf 94' lang='lat' dir='ltr'><strong>in</strong></span> <span class='ocrx_word' id='word_1_117' title='bbox 706 1220 975 1276; x_wconf 90' lang='lat' dir='ltr'><strong>pauperes</strong></span> <span class='ocrx_word' id='word_1_118' title='bbox 1000 1204 1254 1260; x_wconf 80' lang='lat' dir='ltr'><strong>laudibus</strong></span> <span class='ocrx_word' id='word_1_119' title='bbox 1305 1200 1676 1274; x_wconf 83' lang='lat' dir='ltr'><strong>prosequitur,</strong></span> <span class='ocrx_word' id='word_1_120' title='bbox 1723 1207 1778 1253; x_wconf 92' lang='lat' dir='ltr'><strong>et</strong></span> <span class='ocrx_word' id='word_1_121' title='bbox 1821 1196 1935 1265; x_wconf 88' lang='lat' dir='ltr'><strong>ipse</strong></span> <span class='ocrx_word' id='word_1_122' title='bbox 1968 1193 2230 1249; x_wconf 88' lang='lat' dir='ltr'><strong>mendicis</strong></span> <span class='ocrx_word' id='word_1_123' title='bbox 2270 1195 2488 1250; x_wconf 83' lang='lat' dir='ltr'><strong>interim</strong></span> <span class='ocrx_word' id='word_1_124' title='bbox 2535 1196 2893 1252; x_wconf 85' lang='lat' dir='ltr'><strong>convieiatur.</strong></span> <span class='ocrx_word' id='word_1_125' title='bbox 2940 1198 2996 1253; x_wconf 94' lang='lat' dir='ltr'><strong>ln</strong></span> <span class='ocrx_word' id='word_1_126' title='bbox 3031 1201 3286 1258; x_wconf 87' lang='lat' dir='ltr'><strong>omnibus</strong></span> <span class='ocrx_word' id='word_1_127' title='bbox 3317 1223 3401 1261; x_wconf 83' lang='lat' dir='ltr'><strong>se—</strong></span> 
     </span>
    </p>
   </div>
   <div class='ocr_carea' id='block_1_16' title="bbox 163 1293 2085 1368">
    <p class='ocr_par' dir='ltr' id='par_1_16' title="bbox 163 1293 2085 1368">
     <span class='ocr_line' id='line_1_16' title="bbox 163 1293 2085 1368; baseline -0.007 -17"><span class='ocrx_word' id='word_1_128' title='bbox 163 1299 341 1368; x_wconf 91' lang='lat' dir='ltr'><strong>ipsum</strong></span> <span class='ocrx_word' id='word_1_129' title='bbox 369 1305 612 1363; x_wconf 87' lang='lat' dir='ltr'><strong>accusat,</strong></span> <span class='ocrx_word' id='word_1_130' title='bbox 640 1306 696 1352; x_wconf 91' lang='lat' dir='ltr'><strong>et</strong></span> <span class='ocrx_word' id='word_1_131' title='bbox 719 1311 826 1352; x_wconf 91' lang='lat' dir='ltr'><strong>non</strong></span> <span class='ocrx_word' id='word_1_132' title='bbox 857 1297 1037 1353; x_wconf 87' lang='lat' dir='ltr'><strong>studet</strong></span> <span class='ocrx_word' id='word_1_133' title='bbox 1066 1296 1406 1367; x_wconf 87' lang='lat' dir='ltr'><strong>resipiscere,</strong></span> <span class='ocrx_word' id='word_1_134' title='bbox 1431 1309 1503 1350; x_wconf 93' lang='lat' dir='ltr'><strong>ne</strong></span> <span class='ocrx_word' id='word_1_135' title='bbox 1519 1293 1721 1351; x_wconf 87' lang='lat' dir='ltr'><strong>dicam,</strong></span> <span class='ocrx_word' id='word_1_136' title='bbox 1755 1303 1860 1342; x_wconf 88' lang='lat' dir='ltr'><strong>non</strong></span> <span class='ocrx_word' id='word_1_137' title='bbox 1891 1295 2085 1355; x_wconf 92' lang='lat' dir='ltr'><strong>potest.</strong></span> 
     </span>
    </p>
   </div>
   <div class='ocr_carea' id='block_1_17' title="bbox 241 1388 1722 1463">
    <p class='ocr_par' dir='ltr' id='par_1_17' title="bbox 241 1388 1722 1463">
     <span class='ocr_line' id='line_1_17' title="bbox 241 1388 1722 1463; baseline -0.003 -18"><span class='ocrx_word' id='word_1_138' title='bbox 241 1389 494 1461; x_wconf 81' lang='grc' dir='ltr'><strong>Ἑώρακα</strong></span> <span class='ocrx_word' id='word_1_139' title='bbox 528 1391 638 1461; x_wconf 75' lang='grc' dir='ltr'><strong>ἐγὼ</strong></span> <span class='ocrx_word' id='word_1_140' title='bbox 671 1392 945 1455; x_wconf 85' lang='grc' dir='ltr'><strong>τοιούτους</strong></span> <span class='ocrx_word' id='word_1_141' title='bbox 984 1391 1212 1455; x_wconf 81' lang='grc' dir='ltr'>πολλοὺς</span> <span class='ocrx_word' id='word_1_142' title='bbox 1252 1392 1381 1463; x_wconf 81' lang='grc' dir='ltr'>περὶ</span> <span class='ocrx_word' id='word_1_143' title='bbox 1419 1389 1601 1458; x_wconf 77' lang='grc' dir='ltr'>ἐξόδου</span> <span class='ocrx_word' id='word_1_144' title='bbox 1626 1388 1722 1443; x_wconf 80' lang='grc' dir='ltr'>καὶ</span> 
     </span>
    </p>
   </div>
   <div class='ocr_carea' id='block_1_18' title="bbox 161 1482 1725 1555">
    <p class='ocr_par' dir='ltr' id='par_1_18' title="bbox 161 1482 1725 1555">
     <span class='ocr_line' id='line_1_18' title="bbox 161 1482 1725 1555; baseline -0.001 -19"><span class='ocrx_word' id='word_1_145' title='bbox 161 1483 408 1553; x_wconf 79' lang='grc' dir='ltr'>φοϐερῶν</span> <span class='ocrx_word' id='word_1_146' title='bbox 447 1483 743 1554; x_wconf 79' lang='grc' dir='ltr'>κριτηρίων</span> <span class='ocrx_word' id='word_1_147' title='bbox 781 1483 1084 1555; x_wconf 79' lang='grc' dir='ltr'><strong>ἀκηκοότας</strong></span> <span class='ocrx_word' id='word_1_148' title='bbox 1116 1486 1213 1538; x_wconf 76' lang='grc' dir='ltr'>καὶ</span> <span class='ocrx_word' id='word_1_149' title='bbox 1247 1484 1597 1555; x_wconf 88' lang='grc' dir='ltr'>δακρύοντας,</span> <span class='ocrx_word' id='word_1_150' title='bbox 1629 1482 1725 1536; x_wconf 75' lang='grc' dir='ltr'>καὶ</span> 
     </span>
    </p>
   </div>
   <div class='ocr_carea' id='block_1_19' title="bbox 157 1574 1726 1648">
    <p class='ocr_par' dir='ltr' id='par_1_19' title="bbox 157 1574 1726 1648">
     <span class='ocr_line' id='line_1_19' title="bbox 157 1574 1726 1648; baseline 0.001 -19"><span class='ocrx_word' id='word_1_151' title='bbox 157 1576 243 1629; x_wconf 77' lang='grc' dir='ltr'>ἔτι</span> <span class='ocrx_word' id='word_1_152' title='bbox 282 1575 390 1629; x_wconf 88' lang='grc' dir='ltr'><strong>τῶν</strong></span> <span class='ocrx_word' id='word_1_153' title='bbox 429 1574 679 1647; x_wconf 84' lang='grc' dir='ltr'>δακρύων</span> <span class='ocrx_word' id='word_1_154' title='bbox 712 1576 771 1629; x_wconf 74' lang='grc' dir='ltr'>ὲν</span> <span class='ocrx_word' id='word_1_155' title='bbox 816 1575 1114 1648; x_wconf 78' lang='grc' dir='ltr'><strong>ὀφθαλμοῖς</strong></span> <span class='ocrx_word' id='word_1_156' title='bbox 1163 1575 1516 1646; x_wconf 81' lang='grc' dir='ltr'>ὑπαρχόντων</span> <span class='ocrx_word' id='word_1_157' title='bbox 1561 1592 1726 1630; x_wconf 89' lang='grc' dir='ltr'>σπου-</span> 
     </span>
    </p>
   </div>
   <div class='ocr_carea' id='block_1_20' title="bbox 156 1669 1727 1742">
    <p class='ocr_par' dir='ltr' id='par_1_20' title="bbox 156 1669 1727 1742">
     <span class='ocr_line' id='line_1_20' title="bbox 156 1669 1727 1742; baseline 0.002 -21"><span class='ocrx_word' id='word_1_158' title='bbox 156 1670 324 1733; x_wconf 81' lang='grc' dir='ltr'>δαίως</span> <span class='ocrx_word' id='word_1_159' title='bbox 352 1671 445 1722; x_wconf 80' lang='grc' dir='ltr'><strong>ὲπὶ</strong></span> <span class='ocrx_word' id='word_1_160' title='bbox 474 1669 574 1740; x_wconf 84' lang='grc' dir='ltr'>τὴν</span> <span class='ocrx_word' id='word_1_161' title='bbox 617 1670 895 1742; x_wconf 78' lang='grc' dir='ltr'>τράπεζαν</span> <span class='ocrx_word' id='word_1_162' title='bbox 941 1670 1207 1736; x_wconf 71' lang='grc' dir='ltr'>ἐϐάδιζον.</span> <span class='ocrx_word' id='word_1_163' title='bbox 1255 1672 1366 1725; x_wconf 78' lang='lat' dir='ltr'><strong>Kal</strong></span> <span class='ocrx_word' id='word_1_164' title='bbox 1408 1670 1727 1742; x_wconf 82' lang='grc' dir='ltr'>τεθαύμακα</span> 
     </span>
    </p>
   </div>
   <div class='ocr_carea' id='block_1_21' title="bbox 156 1762 1725 1835">
    <p class='ocr_par' dir='ltr' id='par_1_21' title="bbox 156 1762 1725 1835">
     <span class='ocr_line' id='line_1_21' title="bbox 156 1762 1725 1835; baseline 0.001 -20"><span class='ocrx_word' id='word_1_165' title='bbox 156 1763 279 1827; x_wconf 86' lang='grc' dir='ltr'><strong>πῶς</strong></span> <span class='ocrx_word' id='word_1_166' title='bbox 310 1765 405 1816; x_wconf 74' lang='grc' dir='ltr'>καὶ</span> <span class='ocrx_word' id='word_1_167' title='bbox 434 1762 626 1827; x_wconf 77' lang='grc' dir='ltr'>πένθος</span> <span class='ocrx_word' id='word_1_168' title='bbox 656 1763 794 1835; x_wconf 83' lang='grc' dir='ltr'>αὕτη</span> <span class='ocrx_word' id='word_1_169' title='bbox 840 1766 874 1834; x_wconf 82' lang='grc' dir='ltr'>ἠ</span> <span class='ocrx_word' id='word_1_170' title='bbox 908 1763 1161 1816; x_wconf 84' lang='grc' dir='ltr'>δέσποινα</span> <span class='ocrx_word' id='word_1_171' title='bbox 1206 1765 1300 1817; x_wconf 77' lang='grc' dir='ltr'>καὶ</span> <span class='ocrx_word' id='word_1_172' title='bbox 1341 1763 1573 1834; x_wconf 77' lang='grc' dir='ltr'>όζοθήκη</span> <span class='ocrx_word' id='word_1_173' title='bbox 1604 1781 1725 1835; x_wconf 92' lang='grc' dir='ltr'>τρο-</span> 
     </span>
    </p>
   </div>
   <div class='ocr_carea' id='block_1_22' title="bbox 155 1851 1723 1925">
    <p class='ocr_par' dir='ltr' id='par_1_22' title="bbox 155 1851 1723 1925">
     <span class='ocr_line' id='line_1_22' title="bbox 155 1851 1723 1925; baseline 0 -20"><span class='ocrx_word' id='word_1_174' title='bbox 155 1851 449 1907; x_wconf 86' lang='grc' dir='ltr'>πώσασθαι</span> <span class='ocrx_word' id='word_1_175' title='bbox 491 1852 731 1925; x_wconf 70' lang='grc' dir='ltr'>ἠδυνήθη</span> <span class='ocrx_word' id='word_1_176' title='bbox 776 1852 833 1920; x_wconf 75' lang='grc' dir='ltr'><strong>ἐξ</strong></span> <span class='ocrx_word' id='word_1_177' title='bbox 867 1852 1202 1924; x_wconf 79' lang='grc' dir='ltr'>ἀναλγησίας</span> <span class='ocrx_word' id='word_1_178' title='bbox 1230 1852 1430 1924; x_wconf 83' lang='grc' dir='ltr'>πολλῆς</span> <span class='ocrx_word' id='word_1_179' title='bbox 1461 1870 1723 1925; x_wconf 85' lang='grc' dir='ltr'>κρατυνο-</span> 
     </span>
    </p>
   </div>
   <div class='ocr_carea' id='block_1_23' title="bbox 1900 1380 3399 1452">
    <p class='ocr_par' dir='ltr' id='par_1_23' title="bbox 1900 1380 3399 1452">
     <span class='ocr_line' id='line_1_23' title="bbox 1900 1380 3399 1452; baseline 0.007 -18"><span class='ocrx_word' id='word_1_180' title='bbox 1900 1380 2018 1435; x_wconf 82' lang='lat' dir='ltr'><strong>Vidi</strong></span> <span class='ocrx_word' id='word_1_181' title='bbox 2047 1395 2175 1449; x_wconf 90' lang='lat' dir='ltr'><strong>ergo</strong></span> <span class='ocrx_word' id='word_1_182' title='bbox 2204 1382 2498 1450; x_wconf 90' lang='lat' dir='ltr'><strong>permultos</strong></span> <span class='ocrx_word' id='word_1_183' title='bbox 2514 1398 2579 1437; x_wconf 88' lang='lat' dir='ltr'><strong>ex</strong></span> <span class='ocrx_word' id='word_1_184' title='bbox 2599 1382 2701 1437; x_wconf 90' lang='lat' dir='ltr'><strong>hoc</strong></span> <span class='ocrx_word' id='word_1_185' title='bbox 2728 1398 2922 1452; x_wconf 77' lang='lat' dir='ltr'><strong>genere</strong></span> <span class='ocrx_word' id='word_1_186' title='bbox 2937 1385 3239 1451; x_wconf 87' lang='lat' dir='ltr'><strong>hominum,</strong></span> <span class='ocrx_word' id='word_1_187' title='bbox 3274 1405 3399 1445; x_wconf 84' lang='lat' dir='ltr'><strong>eum</strong></span> 
     </span>
    </p>
   </div>
   <div class='ocr_carea' id='block_1_24' title="bbox 1829 1473 3400 1541">
    <p class='ocr_par' dir='ltr' id='par_1_24' title="bbox 1829 1473 3400 1541">
     <span class='ocr_line' id='line_1_24' title="bbox 1829 1473 3400 1541; baseline 0.007 -15"><span class='ocrx_word' id='word_1_188' title='bbox 1829 1473 1895 1527; x_wconf 90' lang='lat' dir='ltr'><strong>de</strong></span> <span class='ocrx_word' id='word_1_189' title='bbox 1923 1474 2068 1528; x_wconf 80' lang='lat' dir='ltr'><strong>exitu</strong></span> <span class='ocrx_word' id='word_1_190' title='bbox 2106 1473 2248 1533; x_wconf 80' lang='lat' dir='ltr'><strong>vitae.</strong></span> <span class='ocrx_word' id='word_1_191' title='bbox 2275 1483 2328 1528; x_wconf 92' lang='lat' dir='ltr'><strong>et</strong></span> <span class='ocrx_word' id='word_1_192' title='bbox 2363 1477 2640 1529; x_wconf 89' lang='lat' dir='ltr'><strong>tremendo</strong></span> <span class='ocrx_word' id='word_1_193' title='bbox 2701 1475 2909 1533; x_wconf 80' lang='lat' dir='ltr'><strong>Judicis</strong></span> <span class='ocrx_word' id='word_1_194' title='bbox 2958 1479 3235 1541; x_wconf 87' lang='lat' dir='ltr'><strong>tribunali.</strong></span> <span class='ocrx_word' id='word_1_195' title='bbox 3264 1483 3400 1537; x_wconf 87' lang='lat' dir='ltr'><strong>alios</strong></span> 
     </span>
    </p>
   </div>
   <div class='ocr_carea' id='block_1_25' title="bbox 1832 1565 3399 1642">
    <p class='ocr_par' dir='ltr' id='par_1_25' title="bbox 1832 1565 3399 1642">
     <span class='ocr_line' id='line_1_25' title="bbox 1832 1565 3399 1642; baseline 0.008 -25"><span class='ocrx_word' id='word_1_196' title='bbox 1832 1575 2149 1634; x_wconf 88' lang='lat' dir='ltr'><strong>perorantes</strong></span> <span class='ocrx_word' id='word_1_197' title='bbox 2180 1565 2452 1630; x_wconf 85' lang='lat' dir='ltr'><strong>audirent,</strong></span> <span class='ocrx_word' id='word_1_198' title='bbox 2486 1565 2739 1636; x_wconf 84' lang='lat' dir='ltr'><strong>lacrymis</strong></span> <span class='ocrx_word' id='word_1_199' title='bbox 2763 1567 3035 1637; x_wconf 88' lang='lat' dir='ltr'><strong>perfundi,</strong></span> <span class='ocrx_word' id='word_1_200' title='bbox 3068 1573 3399 1642; x_wconf 83' lang='lat' dir='ltr'><strong>eosdemque</strong></span> 
     </span>
    </p>
   </div>
   <div class='ocr_carea' id='block_1_26' title="bbox 1842 1655 3396 1730">
    <p class='ocr_par' dir='ltr' id='par_1_26' title="bbox 1842 1655 3396 1730">
     <span class='ocr_line' id='line_1_26' title="bbox 1842 1655 3396 1730; baseline 0.006 -22"><span class='ocrx_word' id='word_1_201' title='bbox 1842 1655 2268 1726; x_wconf 80' lang='lat' dir='ltr'><strong>lacrymantibns</strong></span> <span class='ocrx_word' id='word_1_202' title='bbox 2295 1656 2474 1711; x_wconf 85' lang='lat' dir='ltr'><strong>adhuc</strong></span> <span class='ocrx_word' id='word_1_203' title='bbox 2500 1656 2670 1710; x_wconf 92' lang='lat' dir='ltr'><strong>oculis</strong></span> <span class='ocrx_word' id='word_1_204' title='bbox 2710 1658 2776 1711; x_wconf 89' lang='lat' dir='ltr'><strong>ad</strong></span> <span class='ocrx_word' id='word_1_205' title='bbox 2812 1661 3052 1714; x_wconf 85' lang='lat' dir='ltr'><strong>men&#39;sam</strong></span> <span class='ocrx_word' id='word_1_206' title='bbox 3085 1676 3396 1730; x_wconf 87' lang='lat' dir='ltr'><strong>properare.</strong></span> 
     </span>
    </p>
   </div>
   <div class='ocr_carea' id='block_1_27' title="bbox 1840 1745 3399 1817">
    <p class='ocr_par' dir='ltr' id='par_1_27' title="bbox 1840 1745 3399 1817">
     <span class='ocr_line' id='line_1_27' title="bbox 1840 1745 3399 1817; baseline 0.006 -18"><span class='ocrx_word' id='word_1_207' title='bbox 1840 1745 1909 1801; x_wconf 89' lang='lat' dir='ltr'><strong>Et</strong></span> <span class='ocrx_word' id='word_1_208' title='bbox 1952 1746 2251 1802; x_wconf 89' lang='lat' dir='ltr'><strong>demiratus</strong></span> <span class='ocrx_word' id='word_1_209' title='bbox 2284 1762 2427 1813; x_wconf 91' lang='lat' dir='ltr'><strong>sum,</strong></span> <span class='ocrx_word' id='word_1_210' title='bbox 2466 1748 2742 1817; x_wconf 89' lang='lat' dir='ltr'><strong>quomodo</strong></span> <span class='ocrx_word' id='word_1_211' title='bbox 2780 1748 2894 1804; x_wconf 57' lang='lat' dir='ltr'><strong>haec</strong></span> <span class='ocrx_word' id='word_1_212' title='bbox 2915 1751 3059 1804; x_wconf 90' lang='lat' dir='ltr'><strong>olida</strong></span> <span class='ocrx_word' id='word_1_213' title='bbox 3088 1753 3303 1806; x_wconf 87' lang='lat' dir='ltr'><strong>domina</strong></span> <span class='ocrx_word' id='word_1_214' title='bbox 3335 1771 3399 1809; x_wconf 77' lang='lat' dir='ltr'><strong>ex</strong></span> 
     </span>
    </p>
   </div>
   <div class='ocr_carea' id='block_1_28' title="bbox 1831 1836 3402 1911">
    <p class='ocr_par' dir='ltr' id='par_1_28' title="bbox 1831 1836 3402 1911">
     <span class='ocr_line' id='line_1_28' title="bbox 1831 1836 3402 1911; baseline 0.004 -20"><span class='ocrx_word' id='word_1_215' title='bbox 1831 1836 2086 1891; x_wconf 87' lang='lat' dir='ltr'><strong>diuturna</strong></span> <span class='ocrx_word' id='word_1_216' title='bbox 2120 1837 2413 1891; x_wconf 86' lang='lat' dir='ltr'><strong>indolentia</strong></span> <span class='ocrx_word' id='word_1_217' title='bbox 2445 1848 2499 1892; x_wconf 93' lang='lat' dir='ltr'><strong>et</strong></span> <span class='ocrx_word' id='word_1_218' title='bbox 2526 1846 2748 1908; x_wconf 90' lang='lat' dir='ltr'><strong>stupore</strong></span> <span class='ocrx_word' id='word_1_219' title='bbox 2794 1841 3141 1896; x_wconf 86' lang='lat' dir='ltr'><strong>corroborata</strong></span> <span class='ocrx_word' id='word_1_220' title='bbox 3170 1846 3402 1911; x_wconf 87' lang='lat' dir='ltr'><strong>potuerit</strong></span> 
     </span>
    </p>
   </div>
   <div class='ocr_carea' id='block_1_29' title="bbox 158 1926 1726 2018">
    <p class='ocr_par' dir='ltr' id='par_1_29' title="bbox 158 1943 1725 2018">
     <span class='ocr_line' id='line_1_29' title="bbox 158 1943 1725 2018; baseline 0.001 -22"><span class='ocrx_word' id='word_1_221' title='bbox 158 1944 324 2015; x_wconf 82' lang='grc' dir='ltr'>μένη.</span> <span class='ocrx_word' id='word_1_222' title='bbox 377 1943 532 1998; x_wconf 88' lang='grc' dir='ltr'><strong>Κατά</strong></span> <span class='ocrx_word' id='word_1_223' title='bbox 560 1944 657 2016; x_wconf 75' lang='grc' dir='ltr'>τὴν</span> <span class='ocrx_word' id='word_1_224' title='bbox 688 1944 916 2016; x_wconf 87' lang='grc' dir='ltr'>δύναμιν</span> <span class='ocrx_word' id='word_1_225' title='bbox 959 1945 1058 2017; x_wconf 83' lang='grc' dir='ltr'>τὴν</span> <span class='ocrx_word' id='word_1_226' title='bbox 1098 1945 1259 2016; x_wconf 76' lang='grc' dir='ltr'>ψιλὴν</span> <span class='ocrx_word' id='word_1_227' title='bbox 1291 1946 1388 2017; x_wconf 83' lang='grc' dir='ltr'>τὴν</span> <span class='ocrx_word' id='word_1_228' title='bbox 1419 1946 1725 2018; x_wconf 82' lang='grc' dir='ltr'>προσοῦσάν</span> 
     </span>
    </p>
   </div>
   <div class='ocr_carea' id='block_1_30' title="bbox 1752 1926 3398 2018">
    <p class='ocr_par' dir='ltr' id='par_1_30' title="bbox 1762 1926 3398 2002">
     <span class='ocr_line' id='line_1_30' title="bbox 1762 1926 3398 2002; baseline 0.006 -22"><span class='ocrx_word' id='word_1_229' title='bbox 1762 1926 1799 1979; x_wconf 78' lang='grc' dir='ltr'><strong><em>Β</em></strong></span> <span class='ocrx_word' id='word_1_230' title='bbox 1829 1928 1991 1982; x_wconf 90' lang='lat' dir='ltr'><strong>etiam</strong></span> <span class='ocrx_word' id='word_1_231' title='bbox 2043 1928 2248 1982; x_wconf 93' lang='lat' dir='ltr'><strong>luctum</strong></span> <span class='ocrx_word' id='word_1_232' title='bbox 2300 1928 2478 1999; x_wconf 89' lang='lat' dir='ltr'><strong>ipsum</strong></span> <span class='ocrx_word' id='word_1_233' title='bbox 2528 1930 2765 1986; x_wconf 87' lang='lat' dir='ltr'><strong>vincere.</strong></span> <span class='ocrx_word' id='word_1_234' title='bbox 2817 1930 2930 2001; x_wconf 86' lang='lat' dir='ltr'><strong>Ego</strong></span> <span class='ocrx_word' id='word_1_235' title='bbox 2960 1947 3059 2002; x_wconf 90' lang='lat' dir='ltr'><strong>pro</strong></span> <span class='ocrx_word' id='word_1_236' title='bbox 3099 1935 3244 1988; x_wconf 84' lang='lat' dir='ltr'><strong>tenui</strong></span> <span class='ocrx_word' id='word_1_237' title='bbox 3282 1952 3398 1991; x_wconf 84' lang='lat' dir='ltr'><strong>mea</strong></span> 
     </span>
    </p>
   </div>
   <div class='ocr_carea' id='block_1_31' title="bbox 158 2035 1722 2109">
    <p class='ocr_par' dir='ltr' id='par_1_31' title="bbox 158 2035 1722 2109">
     <span class='ocr_line' id='line_1_31' title="bbox 158 2035 1722 2109; baseline 0.004 -22"><span class='ocrx_word' id='word_1_238' title='bbox 158 2052 253 2105; x_wconf 89' lang='grc' dir='ltr'><strong>μοι</strong></span> <span class='ocrx_word' id='word_1_239' title='bbox 297 2036 397 2107; x_wconf 82' lang='grc' dir='ltr'>τῆς</span> <span class='ocrx_word' id='word_1_240' title='bbox 441 2035 692 2099; x_wconf 86' lang='grc' dir='ltr'>λιθώδους</span> <span class='ocrx_word' id='word_1_241' title='bbox 725 2036 947 2107; x_wconf 88' lang='grc' dir='ltr'>ταύτης,</span> <span class='ocrx_word' id='word_1_242' title='bbox 977 2037 1074 2092; x_wconf 76' lang='grc' dir='ltr'>καὶ</span> <span class='ocrx_word' id='word_1_243' title='bbox 1115 2037 1419 2109; x_wconf 87' lang='grc' dir='ltr'>ἀκροτόμου</span> <span class='ocrx_word' id='word_1_244' title='bbox 1446 2038 1722 2107; x_wconf 76' lang='grc' dir='ltr'>μαινάδος,</span> 
     </span>
    </p>
   </div>
   <div class='ocr_carea' id='block_1_32' title="bbox 154 2129 1719 2201">
    <p class='ocr_par' dir='ltr' id='par_1_32' title="bbox 154 2129 1719 2201">
     <span class='ocr_line' id='line_1_32' title="bbox 154 2129 1719 2201; baseline 0.001 -19"><span class='ocrx_word' id='word_1_245' title='bbox 154 2130 255 2183; x_wconf 80' lang='grc' dir='ltr'>καὶ</span> <span class='ocrx_word' id='word_1_246' title='bbox 286 2130 477 2199; x_wconf 77' lang='grc' dir='ltr'>μωρᾶς</span> <span class='ocrx_word' id='word_1_247' title='bbox 523 2130 649 2193; x_wconf 78' lang='grc' dir='ltr'>τοὺς</span> <span class='ocrx_word' id='word_1_248' title='bbox 676 2129 878 2196; x_wconf 80' lang='grc' dir='ltr'>δόλους,</span> <span class='ocrx_word' id='word_1_249' title='bbox 922 2130 1019 2184; x_wconf 77' lang='grc' dir='ltr'>καὶ</span> <span class='ocrx_word' id='word_1_250' title='bbox 1068 2129 1341 2201; x_wconf 84' lang='grc' dir='ltr'>μώλωπας</span> <span class='ocrx_word' id='word_1_251' title='bbox 1372 2131 1719 2201; x_wconf 82' lang='grc' dir='ltr'>γεγύμνωκα.</span> 
     </span>
    </p>
   </div>
   <div class='ocr_carea' id='block_1_33' title="bbox 165 2220 1721 2293">
    <p class='ocr_par' dir='ltr' id='par_1_33' title="bbox 165 2220 1721 2293">
     <span class='ocr_line' id='line_1_33' title="bbox 165 2220 1721 2293; baseline 0 -19"><span class='ocrx_word' id='word_1_252' title='bbox 165 2222 295 2274; x_wconf 75' lang='grc' dir='ltr'><strong>Ἐπὶ</strong></span> <span class='ocrx_word' id='word_1_253' title='bbox 320 2221 455 2274; x_wconf 81' lang='grc' dir='ltr'>πολὺ</span> <span class='ocrx_word' id='word_1_254' title='bbox 479 2220 585 2292; x_wconf 81' lang='grc' dir='ltr'><strong>γάρ</strong></span> <span class='ocrx_word' id='word_1_255' title='bbox 608 2221 908 2291; x_wconf 81' lang='grc' dir='ltr'>φιλολογεῖν</span> <span class='ocrx_word' id='word_1_256' title='bbox 932 2221 1071 2292; x_wconf 80' lang='grc' dir='ltr'>πρὸς</span> <span class='ocrx_word' id='word_1_257' title='bbox 1098 2221 1272 2293; x_wconf 82' lang='grc' dir='ltr'>αὐτὴν</span> <span class='ocrx_word' id='word_1_258' title='bbox 1297 2221 1397 2275; x_wconf 86' lang='grc' dir='ltr'>οὐκ</span> <span class='ocrx_word' id='word_1_259' title='bbox 1426 2222 1721 2291; x_wconf 83' lang='grc' dir='ltr'>ἀνέχομαι·</span> 
     </span>
    </p>
   </div>
   <div class='ocr_carea' id='block_1_34' title="bbox 151 2313 1724 2386">
    <p class='ocr_par' dir='ltr' id='par_1_34' title="bbox 151 2313 1724 2386">
     <span class='ocr_line' id='line_1_34' title="bbox 151 2313 1724 2386; baseline 0.001 -19"><span class='ocrx_word' id='word_1_260' title='bbox 151 2316 181 2367; x_wconf 93' lang='grc' dir='ltr'><strong>ό</strong></span> <span class='ocrx_word' id='word_1_261' title='bbox 206 2315 268 2368; x_wconf 81' lang='grc' dir='ltr'>δὲ</span> <span class='ocrx_word' id='word_1_262' title='bbox 296 2314 589 2386; x_wconf 88' lang='grc' dir='ltr'>δυνάμενος</span> <span class='ocrx_word' id='word_1_263' title='bbox 623 2318 680 2369; x_wconf 81' lang='grc' dir='ltr'>ὲν</span> <span class='ocrx_word' id='word_1_264' title='bbox 702 2314 891 2386; x_wconf 81' lang='grc' dir='ltr'>Κυρίῳ</span> <span class='ocrx_word' id='word_1_265' title='bbox 913 2313 1337 2386; x_wconf 71' lang='grc' dir='ltr'>ὲκπειρασθῆναι</span> <span class='ocrx_word' id='word_1_266' title='bbox 1366 2316 1478 2379; x_wconf 81' lang='grc' dir='ltr'>τοῖς</span> <span class='ocrx_word' id='word_1_267' title='bbox 1503 2313 1724 2385; x_wconf 69' lang='grc' dir='ltr'>μώλωψι</span> 
     </span>
    </p>
   </div>
   <div class='ocr_carea' id='block_1_35' title="bbox 149 2407 1724 2481">
    <p class='ocr_par' dir='ltr' id='par_1_35' title="bbox 149 2407 1724 2481">
     <span class='ocr_line' id='line_1_35' title="bbox 149 2407 1724 2481; baseline 0.003 -22"><span class='ocrx_word' id='word_1_268' title='bbox 149 2409 228 2460; x_wconf 82' lang='grc' dir='ltr'><strong>τά</strong></span> <span class='ocrx_word' id='word_1_269' title='bbox 273 2410 575 2479; x_wconf 81' lang='grc' dir='ltr'>φάρμακα,</span> <span class='ocrx_word' id='word_1_270' title='bbox 625 2409 700 2480; x_wconf 80' lang='grc' dir='ltr'>μὴ</span> <span class='ocrx_word' id='word_1_271' title='bbox 740 2410 1103 2481; x_wconf 83' lang='grc' dir='ltr'>κατοκνήσει·</span> <span class='ocrx_word' id='word_1_272' title='bbox 1156 2409 1217 2464; x_wconf 82' lang='grc' dir='ltr'>οὐ</span> <span class='ocrx_word' id='word_1_273' title='bbox 1258 2407 1367 2481; x_wconf 89' lang='grc' dir='ltr'><strong>γάρ</strong></span> <span class='ocrx_word' id='word_1_274' title='bbox 1401 2408 1724 2480; x_wconf 76' lang='grc' dir='ltr'>αἰσχύνομαι</span> 
     </span>
    </p>
   </div>
   <div class='ocr_carea' id='block_1_36' title="bbox 150 2500 1724 2573">
    <p class='ocr_par' dir='ltr' id='par_1_36' title="bbox 150 2500 1724 2573">
     <span class='ocr_line' id='line_1_36' title="bbox 150 2500 1724 2573; baseline 0.003 -20"><span class='ocrx_word' id='word_1_275' title='bbox 150 2501 299 2570; x_wconf 80' lang='grc' dir='ltr'>πρὸς</span> <span class='ocrx_word' id='word_1_276' title='bbox 323 2500 497 2555; x_wconf 79' lang='grc' dir='ltr'>ταῦτα</span> <span class='ocrx_word' id='word_1_277' title='bbox 521 2501 820 2572; x_wconf 82' lang='grc' dir='ltr'>ἀδυναμίαν</span> <span class='ocrx_word' id='word_1_278' title='bbox 843 2500 1276 2573; x_wconf 85' lang='grc' dir='ltr'>προϐαλλόμενος</span> <span class='ocrx_word' id='word_1_279' title='bbox 1295 2501 1370 2567; x_wconf 80' lang='grc' dir='ltr'><strong>ὡς</strong></span> <span class='ocrx_word' id='word_1_280' title='bbox 1399 2503 1503 2558; x_wconf 75' lang='grc' dir='ltr'>ὑπὸ</span> <span class='ocrx_word' id='word_1_281' title='bbox 1522 2502 1724 2573; x_wconf 88' lang='grc' dir='ltr'>ταύτης</span> 
     </span>
    </p>
   </div>
   <div class='ocr_carea' id='block_1_37' title="bbox 153 2593 1725 2668">
    <p class='ocr_par' dir='ltr' id='par_1_37' title="bbox 153 2593 1725 2668">
     <span class='ocr_line' id='line_1_37' title="bbox 153 2593 1725 2668; baseline 0.003 -22"><span class='ocrx_word' id='word_1_282' title='bbox 153 2593 399 2665; x_wconf 74' lang='grc' dir='ltr'>ἰσχυρῶς</span> <span class='ocrx_word' id='word_1_283' title='bbox 431 2594 808 2666; x_wconf 84' lang='grc' dir='ltr'>κατεχόμενος,</span> <span class='ocrx_word' id='word_1_284' title='bbox 839 2595 961 2649; x_wconf 85' lang='grc' dir='ltr'>ούδέ</span> <span class='ocrx_word' id='word_1_285' title='bbox 987 2612 1050 2664; x_wconf 87' lang='grc' dir='ltr'><strong>γε</strong></span> <span class='ocrx_word' id='word_1_286' title='bbox 1077 2596 1203 2659; x_wconf 82' lang='grc' dir='ltr'>τοὺς</span> <span class='ocrx_word' id='word_1_287' title='bbox 1232 2595 1414 2660; x_wconf 91' lang='grc' dir='ltr'>δόλους</span> <span class='ocrx_word' id='word_1_288' title='bbox 1440 2596 1607 2668; x_wconf 82' lang='grc' dir='ltr'>αὐτῆς</span> <span class='ocrx_word' id='word_1_289' title='bbox 1631 2600 1725 2651; x_wconf 79' lang='grc' dir='ltr'>καὶ</span> 
     </span>
    </p>
   </div>
   <div class='ocr_carea' id='block_1_38' title="bbox 151 2687 1722 2761">
    <p class='ocr_par' dir='ltr' id='par_1_38' title="bbox 151 2687 1722 2761">
     <span class='ocr_line' id='line_1_38' title="bbox 151 2687 1722 2761; baseline -0.012 -3"><span class='ocrx_word' id='word_1_290' title='bbox 151 2689 413 2759; x_wconf 69' lang='grc' dir='ltr'>μηχανὰς</span> <span class='ocrx_word' id='word_1_291' title='bbox 455 2688 516 2754; x_wconf 73' lang='grc' dir='ltr'><strong>ἐξ</strong></span> <span class='ocrx_word' id='word_1_292' title='bbox 544 2687 737 2743; x_wconf 79' lang='grc' dir='ltr'>ἑαυτοῦ</span> <span class='ocrx_word' id='word_1_293' title='bbox 768 2687 1171 2745; x_wconf 85' lang='grc' dir='ltr'>καταλαϐέσθαι</span> <span class='ocrx_word' id='word_1_294' title='bbox 1205 2690 1422 2761; x_wconf 72' lang='grc' dir='ltr'>ἴσχυσα,</span> <span class='ocrx_word' id='word_1_295' title='bbox 1471 2690 1522 2744; x_wconf 84' lang='grc' dir='ltr'><strong>εί</strong></span> <span class='ocrx_word' id='word_1_296' title='bbox 1554 2691 1627 2761; x_wconf 84' lang='grc' dir='ltr'>μή</span> <span class='ocrx_word' id='word_1_297' title='bbox 1659 2709 1722 2761; x_wconf 78' lang='grc' dir='ltr'><strong>γε</strong></span> 
     </span>
    </p>
   </div>
   <div class='ocr_carea' id='block_1_39' title="bbox 148 2781 1722 2856">
    <p class='ocr_par' dir='ltr' id='par_1_39' title="bbox 148 2781 1722 2856">
     <span class='ocr_line' id='line_1_39' title="bbox 148 2781 1722 2856; baseline 0.003 -23"><span class='ocrx_word' id='word_1_298' title='bbox 148 2782 333 2851; x_wconf 83' lang='grc' dir='ltr'>αὐτήν</span> <span class='ocrx_word' id='word_1_299' title='bbox 356 2799 460 2835; x_wconf 88' lang='grc' dir='ltr'><strong>που</strong></span> <span class='ocrx_word' id='word_1_300' title='bbox 499 2781 839 2853; x_wconf 84' lang='grc' dir='ltr'>κατειληφὼς</span> <span class='ocrx_word' id='word_1_301' title='bbox 871 2781 962 2855; x_wconf 79' lang='grc' dir='ltr'>βίᾳ</span> <span class='ocrx_word' id='word_1_302' title='bbox 990 2782 1321 2855; x_wconf 79' lang='grc' dir='ltr'>κεκράτηκε.</span> <span class='ocrx_word' id='word_1_303' title='bbox 1362 2783 1472 2837; x_wconf 83' lang='lat' dir='ltr'><strong>Kal.</strong></span> <span class='ocrx_word' id='word_1_304' title='bbox 1491 2783 1561 2837; x_wconf 80' lang='grc' dir='ltr'><strong>τὰ</strong></span> <span class='ocrx_word' id='word_1_305' title='bbox 1587 2799 1722 2856; x_wconf 80' lang='grc' dir='ltr'>προ-</span> 
     </span>
    </p>
   </div>
   <div class='ocr_carea' id='block_1_40' title="bbox 147 2872 1721 2948">
    <p class='ocr_par' dir='ltr' id='par_1_40' title="bbox 147 2872 1721 2948">
     <span class='ocr_line' id='line_1_40' title="bbox 147 2872 1721 2948; baseline 0.003 -22"><span class='ocrx_word' id='word_1_306' title='bbox 147 2872 423 2944; x_wconf 85' lang='grc' dir='ltr'>λεχθέντα</span> <span class='ocrx_word' id='word_1_307' title='bbox 475 2874 768 2946; x_wconf 86' lang='grc' dir='ltr'>βασανίσας</span> <span class='ocrx_word' id='word_1_308' title='bbox 817 2876 987 2948; x_wconf 80' lang='grc' dir='ltr'>αὐτὴν</span> <span class='ocrx_word' id='word_1_309' title='bbox 1044 2876 1372 2948; x_wconf 81' lang='grc' dir='ltr'>ὁμολογῆσαι</span> <span class='ocrx_word' id='word_1_310' title='bbox 1428 2876 1721 2947; x_wconf 84' lang='grc' dir='ltr'>πεποίηκα,</span> 
     </span>
    </p>
   </div>
   <div class='ocr_carea' id='block_1_41' title="bbox 152 2970 1725 3043">
    <p class='ocr_par' dir='ltr' id='par_1_41' title="bbox 152 2970 1725 3043">
     <span class='ocr_line' id='line_1_41' title="bbox 152 2970 1725 3043; baseline 0.003 -21"><span class='ocrx_word' id='word_1_311' title='bbox 152 2970 393 3039; x_wconf 79' lang='grc' dir='ltr'>μάστιγι</span> <span class='ocrx_word' id='word_1_312' title='bbox 438 2970 604 3040; x_wconf 83' lang='grc' dir='ltr'>φόϐου</span> <span class='ocrx_word' id='word_1_313' title='bbox 650 2971 876 3043; x_wconf 79' lang='grc' dir='ltr'>Κυρίου,</span> <span class='ocrx_word' id='word_1_314' title='bbox 914 2971 1013 3026; x_wconf 79' lang='grc' dir='ltr'>καὶ</span> <span class='ocrx_word' id='word_1_315' title='bbox 1044 2971 1387 3027; x_wconf 81' lang='grc' dir='ltr'>ἀδιαλείπτου</span> <span class='ocrx_word' id='word_1_316' title='bbox 1420 2975 1725 3043; x_wconf 79' lang='grc' dir='ltr'>προσευχῆς</span> 
     </span>
    </p>
   </div>
   <div class='ocr_carea' id='block_1_42' title="bbox 150 3064 1725 3138">
    <p class='ocr_par' dir='ltr' id='par_1_42' title="bbox 150 3064 1725 3138">
     <span class='ocr_line' id='line_1_42' title="bbox 150 3064 1725 3138; baseline 0.001 -21"><span class='ocrx_word' id='word_1_317' title='bbox 150 3064 518 3134; x_wconf 80' lang='grc' dir='ltr'>μαστιγώσας</span> <span class='ocrx_word' id='word_1_318' title='bbox 560 3064 749 3137; x_wconf 82' lang='grc' dir='ltr'>αὐτήν.</span> <span class='ocrx_word' id='word_1_319' title='bbox 792 3065 883 3119; x_wconf 84' lang='grc' dir='ltr'>Διδ</span> <span class='ocrx_word' id='word_1_320' title='bbox 920 3066 1016 3118; x_wconf 78' lang='grc' dir='ltr'>καὶ</span> <span class='ocrx_word' id='word_1_321' title='bbox 1052 3065 1235 3135; x_wconf 70' lang='grc' dir='ltr'>ἔλεγεν</span> <span class='ocrx_word' id='word_1_322' title='bbox 1264 3068 1297 3138; x_wconf 79' lang='grc' dir='ltr'><strong>ἠ</strong></span> <span class='ocrx_word' id='word_1_323' title='bbox 1333 3066 1583 3135; x_wconf 77' lang='grc' dir='ltr'>τυραννὶς</span> <span class='ocrx_word' id='word_1_324' title='bbox 1631 3068 1725 3121; x_wconf 78' lang='grc' dir='ltr'>καὶ</span> 
     </span>
    </p>
   </div>
   <div class='ocr_carea' id='block_1_43' title="bbox 147 3157 1723 3232">
    <p class='ocr_par' dir='ltr' id='par_1_43' title="bbox 147 3157 1723 3232">
     <span class='ocr_line' id='line_1_43' title="bbox 147 3157 1723 3232; baseline 0.003 -23"><span class='ocrx_word' id='word_1_325' title='bbox 147 3157 502 3230; x_wconf 82' lang='grc' dir='ltr'>κακοῦργος·</span> <span class='ocrx_word' id='word_1_326' title='bbox 564 3160 627 3212; x_wconf 79' lang='grc' dir='ltr'><strong>Οἱ</strong></span> <span class='ocrx_word' id='word_1_327' title='bbox 672 3159 796 3229; x_wconf 67' lang='grc' dir='ltr'>ἐμοὶ</span> <span class='ocrx_word' id='word_1_328' title='bbox 843 3158 1166 3213; x_wconf 85' lang='grc' dir='ltr'>ὑπόσπονδοι</span> <span class='ocrx_word' id='word_1_329' title='bbox 1218 3160 1443 3232; x_wconf 86' lang='grc' dir='ltr'>νεκροὺς</span> <span class='ocrx_word' id='word_1_330' title='bbox 1491 3159 1723 3232; x_wconf 85' lang='grc' dir='ltr'>ὁρῶντες</span> 
     </span>
    </p>
   </div>
   <div class='ocr_carea' id='block_1_44' title="bbox 144 3253 1724 3329">
    <p class='ocr_par' dir='ltr' id='par_1_44' title="bbox 144 3253 1724 3329">
     <span class='ocr_line' id='line_1_44' title="bbox 144 3253 1724 3329; baseline 0.001 -22"><span class='ocrx_word' id='word_1_331' title='bbox 144 3253 394 3319; x_wconf 76' lang='grc' dir='ltr'>γελῶσιν</span> <span class='ocrx_word' id='word_1_332' title='bbox 416 3271 430 3285; x_wconf 77' lang='grc' dir='ltr'><strong>ο</strong></span> <span class='ocrx_word' id='word_1_333' title='bbox 479 3256 540 3309; x_wconf 72' lang='grc' dir='ltr'>ἑν</span> <span class='ocrx_word' id='word_1_334' title='bbox 583 3258 857 3327; x_wconf 81' lang='grc' dir='ltr'>προσευχῇ</span> <span class='ocrx_word' id='word_1_335' title='bbox 899 3257 1313 3329; x_wconf 82' lang='grc' dir='ltr'>παριστάμενοι,</span> <span class='ocrx_word' id='word_1_336' title='bbox 1345 3255 1586 3322; x_wconf 82' lang='grc' dir='ltr'>λιθώδεις</span> <span class='ocrx_word' id='word_1_337' title='bbox 1615 3258 1724 3311; x_wconf 85' lang='grc' dir='ltr'>ὅλοι</span> 
     </span>
    </p>
   </div>
   <div class='ocr_carea' id='block_1_45' title="bbox 145 3347 1729 3421">
    <p class='ocr_par' dir='ltr' id='par_1_45' title="bbox 145 3347 1729 3421">
     <span class='ocr_line' id='line_1_45' title="bbox 145 3347 1729 3421; baseline 0.002 -22"><span class='ocrx_word' id='word_1_338' title='bbox 145 3348 258 3399; x_wconf 79' lang='grc' dir='ltr'>καὶ</span> <span class='ocrx_word' id='word_1_339' title='bbox 310 3347 535 3419; x_wconf 78' lang='grc' dir='ltr'>σκληροὶ</span> <span class='ocrx_word' id='word_1_340' title='bbox 585 3349 681 3403; x_wconf 75' lang='grc' dir='ltr'>καὶ</span> <span class='ocrx_word' id='word_1_341' title='bbox 742 3349 1003 3403; x_wconf 80' lang='grc' dir='ltr'>σκοτεινοὶ</span> <span class='ocrx_word' id='word_1_342' title='bbox 1045 3350 1413 3420; x_wconf 83' lang='grc' dir='ltr'>τυγχάνουσι·</span> <span class='ocrx_word' id='word_1_343' title='bbox 1466 3348 1604 3421; x_wconf 78' lang='grc' dir='ltr'>πρὸς</span> <span class='ocrx_word' id='word_1_344' title='bbox 1631 3350 1729 3421; x_wconf 84' lang='grc' dir='ltr'>τὴν</span> 
     </span>
    </p>
   </div>
   <div class='ocr_carea' id='block_1_46' title="bbox 149 3438 1727 3513">
    <p class='ocr_par' dir='ltr' id='par_1_46' title="bbox 149 3438 1727 3513">
     <span class='ocr_line' id='line_1_46' title="bbox 149 3438 1727 3513; baseline 0.001 -20"><span class='ocrx_word' id='word_1_345' title='bbox 149 3438 319 3510; x_wconf 75' lang='grc' dir='ltr'>ἱερὰν</span> <span class='ocrx_word' id='word_1_346' title='bbox 344 3440 625 3511; x_wconf 84' lang='grc' dir='ltr'>τράπεζαν</span> <span class='ocrx_word' id='word_1_347' title='bbox 656 3442 1050 3513; x_wconf 80' lang='grc' dir='ltr'>παριστάμενοι</span> <span class='ocrx_word' id='word_1_348' title='bbox 1079 3440 1461 3512; x_wconf 58' lang='grc' dir='ltr'>ἀωισθητοῦσι</span> <span class='ocrx_word' id='word_1_349' title='bbox 1495 3441 1592 3495; x_wconf 80' lang='grc' dir='ltr'><strong>τοῦ</strong></span> <span class='ocrx_word' id='word_1_350' title='bbox 1623 3441 1727 3495; x_wconf 89' lang='grc' dir='ltr'>δώ-</span> 
     </span>
    </p>
   </div>
   <div class='ocr_carea' id='block_1_47' title="bbox 144 3533 1728 3606">
    <p class='ocr_par' dir='ltr' id='par_1_47' title="bbox 144 3533 1728 3606">
     <span class='ocr_line' id='line_1_47' title="bbox 144 3533 1728 3606; baseline 0.003 -21"><span class='ocrx_word' id='word_1_351' title='bbox 144 3550 258 3603; x_wconf 88' lang='grc' dir='ltr'><strong>ρου</strong></span> <span class='ocrx_word' id='word_1_352' title='bbox 300 3533 803 3604; x_wconf 87' lang='grc' dir='ltr'>μεταλαμϐάνοντες</span> <span class='ocrx_word' id='word_1_353' title='bbox 828 3534 903 3597; x_wconf 89' lang='grc' dir='ltr'><strong>ώς</strong></span> <span class='ocrx_word' id='word_1_354' title='bbox 926 3533 1082 3603; x_wconf 79' lang='grc' dir='ltr'>ψιλοῦ</span> <span class='ocrx_word' id='word_1_355' title='bbox 1109 3534 1276 3606; x_wconf 78' lang='grc' dir='ltr'>ἄρτου</span> <span class='ocrx_word' id='word_1_356' title='bbox 1308 3534 1590 3602; x_wconf 67' lang='grc' dir='ltr'>ἐπιγεύσει</span> <span class='ocrx_word' id='word_1_357' title='bbox 1614 3533 1728 3589; x_wconf 89' lang='grc' dir='ltr'>διά-</span> 
     </span>
    </p>
   </div>
   <div class='ocr_carea' id='block_1_48' title="bbox 141 3624 1723 3696">
    <p class='ocr_par' dir='ltr' id='par_1_48' title="bbox 141 3624 1723 3696">
     <span class='ocr_line' id='line_1_48' title="bbox 141 3624 1723 3696; baseline 0.001 -19"><span class='ocrx_word' id='word_1_358' title='bbox 141 3642 373 3678; x_wconf 82' lang='grc' dir='ltr'>κεινται</span> <span class='ocrx_word' id='word_1_359' title='bbox 397 3642 411 3655; x_wconf 93' lang='grc'><strong>·</strong></span> <span class='ocrx_word' id='word_1_360' title='bbox 468 3624 578 3695; x_wconf 75' lang='grc' dir='ltr'><strong>ἐγὼ</strong></span> <span class='ocrx_word' id='word_1_361' title='bbox 624 3626 1129 3696; x_wconf 75' lang='grc' dir='ltr'>κατανυσσομένους</span> <span class='ocrx_word' id='word_1_362' title='bbox 1166 3624 1348 3696; x_wconf 85' lang='grc' dir='ltr'>ὁρῶσα</span> <span class='ocrx_word' id='word_1_363' title='bbox 1388 3624 1723 3696; x_wconf 79' lang='grc' dir='ltr'>μυκτηρίζω.</span> 
     </span>
    </p>
   </div>
   <div class='ocr_carea' id='block_1_49' title="bbox 139 3715 1727 3787">
    <p class='ocr_par' dir='ltr' id='par_1_49' title="bbox 139 3715 1727 3787">
     <span class='ocr_line' id='line_1_49' title="bbox 139 3715 1727 3787; baseline 0.001 -18"><span class='ocrx_word' id='word_1_364' title='bbox 139 3717 351 3772; x_wconf 85' lang='grc' dir='ltr'>Πάντα</span> <span class='ocrx_word' id='word_1_365' title='bbox 384 3715 452 3769; x_wconf 89' lang='grc' dir='ltr'><strong>τά</strong></span> <span class='ocrx_word' id='word_1_366' title='bbox 493 3717 787 3787; x_wconf 87' lang='grc' dir='ltr'>τικτόμενα</span> <span class='ocrx_word' id='word_1_367' title='bbox 814 3717 875 3782; x_wconf 79' lang='grc' dir='ltr'><strong>ἑξ</strong></span> <span class='ocrx_word' id='word_1_368' title='bbox 915 3716 1164 3787; x_wconf 85' lang='grc' dir='ltr'>ἀνδρείας</span> <span class='ocrx_word' id='word_1_369' title='bbox 1209 3716 1305 3770; x_wconf 74' lang='grc' dir='ltr'>καὶ</span> <span class='ocrx_word' id='word_1_370' title='bbox 1349 3716 1516 3770; x_wconf 88' lang='grc' dir='ltr'>πόθου</span> <span class='ocrx_word' id='word_1_371' title='bbox 1546 3718 1727 3784; x_wconf 85' lang='grc' dir='ltr'>ἀγαθά</span> 
     </span>
    </p>
   </div>
   <div class='ocr_carea' id='block_1_50' title="bbox 136 3807 1727 3879">
    <p class='ocr_par' dir='ltr' id='par_1_50' title="bbox 136 3807 1727 3879">
     <span class='ocr_line' id='line_1_50' title="bbox 136 3807 1727 3879; baseline -0.001 -17"><span class='ocrx_word' id='word_1_372' title='bbox 136 3808 274 3877; x_wconf 79' lang='grc' dir='ltr'><strong>ἐγὼ</strong></span> <span class='ocrx_word' id='word_1_373' title='bbox 307 3808 646 3865; x_wconf 73' lang='grc' dir='ltr'>ἀποκτείνειν</span> <span class='ocrx_word' id='word_1_374' title='bbox 682 3808 788 3862; x_wconf 84' lang='grc' dir='ltr'><strong>ύπδ</strong></span> <span class='ocrx_word' id='word_1_375' title='bbox 833 3807 927 3862; x_wconf 83' lang='grc' dir='ltr'><strong>τοῦ</strong></span> <span class='ocrx_word' id='word_1_376' title='bbox 972 3809 1072 3879; x_wconf 72' lang='grc' dir='ltr'><strong>ἐμὲ</strong></span> <span class='ocrx_word' id='word_1_377' title='bbox 1108 3809 1494 3879; x_wconf 80' lang='grc' dir='ltr'>γεγεννηκότος</span> <span class='ocrx_word' id='word_1_378' title='bbox 1524 3809 1727 3878; x_wconf 78' lang='grc' dir='ltr'>πατρὸς</span> 
     </span>
    </p>
   </div>
   <div class='ocr_carea' id='block_1_51' title="bbox 139 3898 1724 3971">
    <p class='ocr_par' dir='ltr' id='par_1_51' title="bbox 139 3898 1724 3971">
     <span class='ocr_line' id='line_1_51' title="bbox 139 3898 1724 3971; baseline 0 -20"><span class='ocrx_word' id='word_1_379' title='bbox 139 3919 220 3970; x_wconf 83' lang='grc' dir='ltr'><strong>με</strong></span> <span class='ocrx_word' id='word_1_380' title='bbox 232 3900 485 3970; x_wconf 81' lang='grc' dir='ltr'>μάθηκα.</span> <span class='ocrx_word' id='word_1_381' title='bbox 519 3900 659 3969; x_wconf 86' lang='grc' dir='ltr'><strong>Ἐγὼ</strong></span> <span class='ocrx_word' id='word_1_382' title='bbox 678 3899 910 3970; x_wconf 75' lang='grc' dir='ltr'>γέλωτος</span> <span class='ocrx_word' id='word_1_383' title='bbox 930 3900 1113 3971; x_wconf 82' lang='grc' dir='ltr'>μήτηρ</span> <span class='ocrx_word' id='word_1_384' title='bbox 1134 3915 1147 3930; x_wconf 77' lang='grc' dir='ltr'><strong>ο</strong></span> <span class='ocrx_word' id='word_1_385' title='bbox 1172 3898 1283 3969; x_wconf 77' lang='grc' dir='ltr'><strong>ἐγὼ</strong></span> <span class='ocrx_word' id='word_1_386' title='bbox 1308 3898 1474 3953; x_wconf 75' lang='grc' dir='ltr'>ὕπνου</span> <span class='ocrx_word' id='word_1_387' title='bbox 1495 3898 1690 3968; x_wconf 80' lang='grc' dir='ltr'>τροφός</span> <span class='ocrx_word' id='word_1_388' title='bbox 1710 3914 1724 3930; x_wconf 78' lang='grc' dir='ltr'><strong><em>ο</em></strong></span> 
     </span>
    </p>
   </div>
   <div class='ocr_carea' id='block_1_52' title="bbox 133 3989 1724 4062">
    <p class='ocr_par' dir='ltr' id='par_1_52' title="bbox 133 3989 1724 4062">
     <span class='ocr_line' id='line_1_52' title="bbox 133 3989 1724 4062; baseline -0.001 -18"><span class='ocrx_word' id='word_1_389' title='bbox 133 3990 272 4060; x_wconf 78' lang='grc' dir='ltr'><strong>ἐγὼ</strong></span> <span class='ocrx_word' id='word_1_390' title='bbox 300 3990 467 4060; x_wconf 86' lang='grc' dir='ltr'>κόρου</span> <span class='ocrx_word' id='word_1_391' title='bbox 507 3990 631 4061; x_wconf 88' lang='grc' dir='ltr'>φίλη</span> <span class='ocrx_word' id='word_1_392' title='bbox 654 4008 668 4023; x_wconf 73' lang='grc' dir='ltr'><strong>ο</strong></span> <span class='ocrx_word' id='word_1_393' title='bbox 717 3989 829 4059; x_wconf 73' lang='grc' dir='ltr'><strong>ἐγὼ</strong></span> <span class='ocrx_word' id='word_1_394' title='bbox 876 3989 1264 4062; x_wconf 78' lang='grc' dir='ltr'>ψευδευλαϐείᾳ</span> <span class='ocrx_word' id='word_1_395' title='bbox 1303 3989 1684 4061; x_wconf 82' lang='grc' dir='ltr'>συμπλέκομαι</span> <span class='ocrx_word' id='word_1_396' title='bbox 1709 4005 1724 4020; x_wconf 78' lang='grc' dir='ltr'><strong><em>ο</em></strong></span> 
     </span>
    </p>
   </div>
   <div class='ocr_carea' id='block_1_53' title="bbox 132 4078 1727 4155">
    <p class='ocr_par' dir='ltr' id='par_1_53' title="bbox 132 4078 1727 4155">
     <span class='ocr_line' id='line_1_53' title="bbox 132 4078 1727 4155; baseline -0.003 -16"><span class='ocrx_word' id='word_1_397' title='bbox 132 4085 271 4154; x_wconf 75' lang='grc' dir='ltr'>ἐγὼ</span> <span class='ocrx_word' id='word_1_398' title='bbox 301 4084 634 4155; x_wconf 81' lang='grc' dir='ltr'>ὲλεγχομένη</span> <span class='ocrx_word' id='word_1_399' title='bbox 662 4084 723 4138; x_wconf 85' lang='grc' dir='ltr'>οὑ</span> <span class='ocrx_word' id='word_1_400' title='bbox 755 4083 902 4138; x_wconf 80' lang='grc' dir='ltr'>πονῶ</span> <span class='ocrx_word' id='word_1_401' title='bbox 920 4101 936 4116; x_wconf 88' lang='grc'><strong>·</strong></span> <span class='ocrx_word' id='word_1_402' title='bbox 970 4081 1082 4152; x_wconf 68' lang='grc' dir='ltr'><strong>ἑγὼ</strong></span> <span class='ocrx_word' id='word_1_403' title='bbox 1108 4078 1202 4138; x_wconf 81' lang='grc' dir='ltr'>οὖν</span> <span class='ocrx_word' id='word_1_404' title='bbox 1230 4083 1260 4136; x_wconf 81' lang='grc' dir='ltr'>ὁ</span> <span class='ocrx_word' id='word_1_405' title='bbox 1283 4082 1446 4147; x_wconf 84' lang='grc' dir='ltr'>τάλας</span> <span class='ocrx_word' id='word_1_406' title='bbox 1472 4081 1572 4151; x_wconf 82' lang='grc' dir='ltr'>τῆς</span> <span class='ocrx_word' id='word_1_407' title='bbox 1600 4098 1727 4153; x_wconf 86' lang='grc' dir='ltr'>μαι-</span> 
     </span>
    </p>
   </div>
   <div class='ocr_carea' id='block_1_54' title="bbox 130 4171 1727 4246">
    <p class='ocr_par' dir='ltr' id='par_1_54' title="bbox 130 4171 1727 4246">
     <span class='ocr_line' id='line_1_54' title="bbox 130 4171 1727 4246; baseline -0.003 -16"><span class='ocrx_word' id='word_1_408' title='bbox 130 4176 318 4239; x_wconf 78' lang='grc' dir='ltr'>νάδος</span> <span class='ocrx_word' id='word_1_409' title='bbox 349 4176 412 4228; x_wconf 73' lang='grc' dir='ltr'>τὸ</span> <span class='ocrx_word' id='word_1_410' title='bbox 442 4175 618 4244; x_wconf 86' lang='grc' dir='ltr'>λόγιον</span> <span class='ocrx_word' id='word_1_411' title='bbox 654 4174 977 4246; x_wconf 79' lang='grc' dir='ltr'>θαμϐηθεὶς,</span> <span class='ocrx_word' id='word_1_412' title='bbox 1017 4174 1244 4246; x_wconf 76' lang='grc' dir='ltr'>ἠρώτων</span> <span class='ocrx_word' id='word_1_413' title='bbox 1280 4171 1375 4227; x_wconf 82' lang='grc' dir='ltr'>τοῦ</span> <span class='ocrx_word' id='word_1_414' title='bbox 1404 4172 1604 4244; x_wconf 88' lang='grc' dir='ltr'>ταύτην</span> <span class='ocrx_word' id='word_1_415' title='bbox 1630 4188 1727 4240; x_wconf 88' lang='grc' dir='ltr'>γε-</span> 
     </span>
    </p>
   </div>
   <div class='ocr_carea' id='block_1_55' title="bbox 124 4264 1728 4339">
    <p class='ocr_par' dir='ltr' id='par_1_55' title="bbox 124 4264 1728 4339">
     <span class='ocr_line' id='line_1_55' title="bbox 124 4264 1728 4339; baseline -0.002 -16"><span class='ocrx_word' id='word_1_416' title='bbox 124 4266 490 4339; x_wconf 78' lang='grc' dir='ltr'>γεννηκότος</span> <span class='ocrx_word' id='word_1_417' title='bbox 514 4267 577 4321; x_wconf 78' lang='grc' dir='ltr'>τὸ</span> <span class='ocrx_word' id='word_1_418' title='bbox 611 4267 781 4338; x_wconf 73' lang='grc' dir='ltr'>ὄνομα</span> <span class='ocrx_word' id='word_1_419' title='bbox 812 4267 1103 4339; x_wconf 87' lang='grc' dir='ltr'>μανθάνειν</span> <span class='ocrx_word' id='word_1_420' title='bbox 1146 4265 1335 4320; x_wconf 79' lang='grc' dir='ltr'>θέλων.</span> <span class='ocrx_word' id='word_1_421' title='bbox 1377 4265 1441 4319; x_wconf 85' lang='grc' dir='ltr'><strong><em>Ἦ</em></strong></span> <span class='ocrx_word' id='word_1_422' title='bbox 1465 4264 1523 4319; x_wconf 76' lang='grc' dir='ltr'><em>δέ</em></span> <span class='ocrx_word' id='word_1_423' title='bbox 1542 4282 1557 4297; x_wconf 77' lang='grc' dir='ltr'><strong>ο</strong></span> <span class='ocrx_word' id='word_1_424' title='bbox 1599 4265 1728 4319; x_wconf 80' lang='grc' dir='ltr'><strong>Γέν-</strong></span> 
     </span>
    </p>
   </div>
   <div class='ocr_carea' id='block_1_56' title="bbox 124 4358 1727 4434">
    <p class='ocr_par' dir='ltr' id='par_1_56' title="bbox 124 4358 1727 4434">
     <span class='ocr_line' id='line_1_56' title="bbox 124 4358 1727 4434; baseline -0.003 -18"><span class='ocrx_word' id='word_1_425' title='bbox 124 4379 317 4434; x_wconf 84' lang='grc' dir='ltr'>νησιν</span> <span class='ocrx_word' id='word_1_426' title='bbox 358 4359 489 4431; x_wconf 86' lang='grc' dir='ltr'>μίαν</span> <span class='ocrx_word' id='word_1_427' title='bbox 516 4360 579 4413; x_wconf 84' lang='grc' dir='ltr'>οὐ</span> <span class='ocrx_word' id='word_1_428' title='bbox 608 4359 882 4430; x_wconf 81' lang='grc' dir='ltr'>κέκτημαι</span> <span class='ocrx_word' id='word_1_429' title='bbox 901 4375 916 4390; x_wconf 89' lang='grc'><strong>·</strong></span> <span class='ocrx_word' id='word_1_430' title='bbox 951 4358 1117 4431; x_wconf 78' lang='grc' dir='ltr'>μικτὴ</span> <span class='ocrx_word' id='word_1_431' title='bbox 1140 4358 1197 4411; x_wconf 83' lang='grc' dir='ltr'>δέ</span> <span class='ocrx_word' id='word_1_432' title='bbox 1226 4375 1345 4422; x_wconf 89' lang='grc' dir='ltr'><strong>πως</strong></span> <span class='ocrx_word' id='word_1_433' title='bbox 1375 4358 1470 4412; x_wconf 78' lang='grc' dir='ltr'>καὶ</span> <span class='ocrx_word' id='word_1_434' title='bbox 1497 4358 1727 4421; x_wconf 83' lang='grc' dir='ltr'>άστατος</span> 
     </span>
    </p>
   </div>
   <div class='ocr_carea' id='block_1_57' title="bbox 120 4448 1727 4525">
    <p class='ocr_par' dir='ltr' id='par_1_57' title="bbox 120 4448 1727 4525">
     <span class='ocr_line' id='line_1_57' title="bbox 120 4448 1727 4525; baseline -0.002 -19"><span class='ocrx_word' id='word_1_435' title='bbox 120 4456 163 4525; x_wconf 80' lang='grc' dir='ltr'><strong>ὴ</strong></span> <span class='ocrx_word' id='word_1_436' title='bbox 201 4452 334 4523; x_wconf 73' lang='grc' dir='ltr'><strong>ἐμὴ</strong></span> <span class='ocrx_word' id='word_1_437' title='bbox 372 4450 684 4520; x_wconf 79' lang='grc' dir='ltr'>καθέστηκα</span> <span class='ocrx_word' id='word_1_438' title='bbox 712 4449 938 4521; x_wconf 75' lang='grc' dir='ltr'>κύησιςο</span> <span class='ocrx_word' id='word_1_439' title='bbox 987 4449 1088 4519; x_wconf 72' lang='grc' dir='ltr'><strong>ἐμὲ</strong></span> <span class='ocrx_word' id='word_1_440' title='bbox 1120 4448 1377 4521; x_wconf 88' lang='grc' dir='ltr'>κρατύνει</span> <span class='ocrx_word' id='word_1_441' title='bbox 1407 4449 1588 4521; x_wconf 88' lang='grc' dir='ltr'>κόρος,</span> <span class='ocrx_word' id='word_1_442' title='bbox 1626 4448 1727 4520; x_wconf 70' lang='grc' dir='ltr'><strong>ἐμὲ</strong></span> 
     </span>
    </p>
   </div>
   <div class='ocr_carea' id='block_1_58' title="bbox 119 4540 1722 4616">
    <p class='ocr_par' dir='ltr' id='par_1_58' title="bbox 119 4540 1722 4616">
     <span class='ocr_line' id='line_1_58' title="bbox 119 4540 1722 4616; baseline -0.003 -19"><span class='ocrx_word' id='word_1_443' title='bbox 119 4542 369 4616; x_wconf 74' lang='grc' dir='ltr'>ηὔξησε</span> <span class='ocrx_word' id='word_1_444' title='bbox 419 4540 645 4611; x_wconf 87' lang='grc' dir='ltr'>χρόνος,</span> <span class='ocrx_word' id='word_1_445' title='bbox 693 4540 794 4612; x_wconf 66' lang='grc' dir='ltr'><strong>ἐμὲ</strong></span> <span class='ocrx_word' id='word_1_446' title='bbox 837 4540 1156 4609; x_wconf 86' lang='grc' dir='ltr'>πεπαγίωκε</span> <span class='ocrx_word' id='word_1_447' title='bbox 1196 4540 1450 4611; x_wconf 87' lang='grc' dir='ltr'>συνήθεια</span> <span class='ocrx_word' id='word_1_448' title='bbox 1494 4540 1722 4611; x_wconf 76' lang='grc' dir='ltr'>πονηρὰ,</span> 
     </span>
    </p>
   </div>
   <div class='ocr_carea' id='block_1_59' title="bbox 1826 2019 3401 2093">
    <p class='ocr_par' dir='ltr' id='par_1_59' title="bbox 1826 2019 3401 2093">
     <span class='ocr_line' id='line_1_59' title="bbox 1826 2019 3401 2093; baseline 0.006 -20"><span class='ocrx_word' id='word_1_449' title='bbox 1826 2019 2078 2075; x_wconf 80' lang='lat' dir='ltr'><strong>facultate</strong></span> <span class='ocrx_word' id='word_1_450' title='bbox 2120 2020 2282 2090; x_wconf 86' lang='lat' dir='ltr'><strong>hujus</strong></span> <span class='ocrx_word' id='word_1_451' title='bbox 2325 2036 2537 2087; x_wconf 63' lang='lat' dir='ltr'><strong>saxea},</strong></span> <span class='ocrx_word' id='word_1_452' title='bbox 2568 2022 2964 2093; x_wconf 74' lang='lat' dir='ltr'><strong>praecipitisque</strong></span> <span class='ocrx_word' id='word_1_453' title='bbox 2994 2035 3048 2079; x_wconf 88' lang='lat' dir='ltr'><strong>et</strong></span> <span class='ocrx_word' id='word_1_454' title='bbox 3089 2026 3303 2081; x_wconf 78' lang='lat' dir='ltr'><strong>furiosa:</strong></span> <span class='ocrx_word' id='word_1_455' title='bbox 3338 2043 3401 2083; x_wconf 82' lang='lat' dir='ltr'><strong>ac</strong></span> 
     </span>
    </p>
   </div>
   <div class='ocr_carea' id='block_1_60' title="bbox 1825 2110 3400 2181">
    <p class='ocr_par' dir='ltr' id='par_1_60' title="bbox 1825 2110 3400 2181">
     <span class='ocr_line' id='line_1_60' title="bbox 1825 2110 3400 2181; baseline 0.006 -15"><span class='ocrx_word' id='word_1_456' title='bbox 1825 2112 2031 2166; x_wconf 61' lang='lat' dir='ltr'><strong>stolidae</strong></span> <span class='ocrx_word' id='word_1_457' title='bbox 2060 2111 2305 2181; x_wconf 76' lang='lat' dir='ltr'><strong>domina:</strong></span> <span class='ocrx_word' id='word_1_458' title='bbox 2353 2110 2525 2167; x_wconf 88' lang='lat' dir='ltr'><strong>malas</strong></span> <span class='ocrx_word' id='word_1_459' title='bbox 2578 2121 2722 2168; x_wconf 84' lang='lat' dir='ltr'><strong>artes</strong></span> <span class='ocrx_word' id='word_1_460' title='bbox 2759 2122 2814 2168; x_wconf 93' lang='lat' dir='ltr'><strong>et</strong></span> <span class='ocrx_word' id='word_1_461' title='bbox 2859 2113 3146 2169; x_wconf 87' lang='lat' dir='ltr'><strong>vulnerum</strong></span> <span class='ocrx_word' id='word_1_462' title='bbox 3197 2116 3400 2176; x_wconf 81' lang='lat' dir='ltr'><strong>vibices</strong></span> 
     </span>
    </p>
   </div>
   <div class='ocr_carea' id='block_1_61' title="bbox 1824 2202 3395 2264">
    <p class='ocr_par' dir='ltr' id='par_1_61' title="bbox 1824 2202 3395 2264">
     <span class='ocr_line' id='line_1_61' title="bbox 1824 2202 3395 2264; baseline 0.004 -7"><span class='ocrx_word' id='word_1_463' title='bbox 1824 2202 1999 2258; x_wconf 85' lang='lat' dir='ltr'><strong>detexi</strong></span> <span class='ocrx_word' id='word_1_464' title='bbox 2024 2223 2037 2259; x_wconf 86' lang='lat'><strong>:</strong></span> <span class='ocrx_word' id='word_1_465' title='bbox 2066 2218 2190 2257; x_wconf 90' lang='lat' dir='ltr'><strong>nam</strong></span> <span class='ocrx_word' id='word_1_466' title='bbox 2229 2203 2398 2259; x_wconf 91' lang='lat' dir='ltr'><strong>multa</strong></span> <span class='ocrx_word' id='word_1_467' title='bbox 2420 2220 2542 2259; x_wconf 90' lang='lat' dir='ltr'><strong>cum</strong></span> <span class='ocrx_word' id='word_1_468' title='bbox 2578 2205 2666 2259; x_wconf 89' lang='lat' dir='ltr'><strong>illa</strong></span> <span class='ocrx_word' id='word_1_469' title='bbox 2696 2203 2925 2261; x_wconf 86' lang='lat' dir='ltr'><strong>fabulari</strong></span> <span class='ocrx_word' id='word_1_470' title='bbox 2958 2216 3012 2262; x_wconf 91' lang='lat' dir='ltr'><strong>et</strong></span> <span class='ocrx_word' id='word_1_471' title='bbox 3038 2210 3395 2264; x_wconf 84' lang='lat' dir='ltr'><strong>sermocinari</strong></span> 
     </span>
    </p>
   </div>
   <div class='ocr_carea' id='block_1_62' title="bbox 1829 2295 3402 2369">
    <p class='ocr_par' dir='ltr' id='par_1_62' title="bbox 1829 2295 3402 2369">
     <span class='ocr_line' id='line_1_62' title="bbox 1829 2295 3402 2369; baseline 0.005 -20"><span class='ocrx_word' id='word_1_472' title='bbox 1829 2312 1933 2350; x_wconf 90' lang='lat' dir='ltr'><strong>non</strong></span> <span class='ocrx_word' id='word_1_473' title='bbox 1978 2297 2245 2351; x_wconf 88' lang='lat' dir='ltr'><strong>sustineo.</strong></span> <span class='ocrx_word' id='word_1_474' title='bbox 2294 2295 2349 2351; x_wconf 90' lang='lat' dir='ltr'><strong>Si</strong></span> <span class='ocrx_word' id='word_1_475' title='bbox 2390 2297 2516 2366; x_wconf 88' lang='lat' dir='ltr'><strong>quis</strong></span> <span class='ocrx_word' id='word_1_476' title='bbox 2555 2306 2735 2352; x_wconf 91' lang='lat' dir='ltr'><strong>tamen</strong></span> <span class='ocrx_word' id='word_1_477' title='bbox 2777 2306 2881 2366; x_wconf 88' lang='lat' dir='ltr'><strong>est,</strong></span> <span class='ocrx_word' id='word_1_478' title='bbox 2926 2299 3020 2369; x_wconf 90' lang='lat' dir='ltr'><strong>qui</strong></span> <span class='ocrx_word' id='word_1_479' title='bbox 3061 2316 3159 2354; x_wconf 90' lang='lat' dir='ltr'><strong>usu</strong></span> <span class='ocrx_word' id='word_1_480' title='bbox 3207 2302 3402 2357; x_wconf 85' lang='lat' dir='ltr'><strong>doctus</strong></span> 
     </span>
    </p>
   </div>
   <div class='ocr_carea' id='block_1_63' title="bbox 1827 2388 3398 2457">
    <p class='ocr_par' dir='ltr' id='par_1_63' title="bbox 1827 2388 3398 2457">
     <span class='ocr_line' id='line_1_63' title="bbox 1827 2388 3398 2457; baseline 0.004 -18"><span class='ocrx_word' id='word_1_481' title='bbox 1827 2388 2146 2443; x_wconf 89' lang='lat' dir='ltr'><strong>vulneribus</strong></span> <span class='ocrx_word' id='word_1_482' title='bbox 2177 2388 2260 2443; x_wconf 89' lang='lat' dir='ltr'><strong>his</strong></span> <span class='ocrx_word' id='word_1_483' title='bbox 2298 2388 2499 2442; x_wconf 88' lang='lat' dir='ltr'><strong>mederi</strong></span> <span class='ocrx_word' id='word_1_484' title='bbox 2533 2396 2729 2457; x_wconf 85' lang='lat' dir='ltr'><strong>potest,</strong></span> <span class='ocrx_word' id='word_1_485' title='bbox 2760 2389 2812 2443; x_wconf 90' lang='lat' dir='ltr'><strong>id</strong></span> <span class='ocrx_word' id='word_1_486' title='bbox 2859 2390 3037 2444; x_wconf 89' lang='lat' dir='ltr'><strong>facere</strong></span> <span class='ocrx_word' id='word_1_487' title='bbox 3079 2407 3147 2444; x_wconf 88' lang='lat' dir='ltr'><strong>ne</strong></span> <span class='ocrx_word' id='word_1_488' title='bbox 3177 2402 3398 2446; x_wconf 84' lang='lat' dir='ltr'><strong>cuncto-</strong></span> 
     </span>
    </p>
   </div>
   <div class='ocr_carea' id='block_1_64' title="bbox 1828 2479 3397 2553">
    <p class='ocr_par' dir='ltr' id='par_1_64' title="bbox 1828 2479 3397 2553">
     <span class='ocr_line' id='line_1_64' title="bbox 1828 2479 3397 2553; baseline 0.003 -19"><span class='ocrx_word' id='word_1_489' title='bbox 1828 2490 1938 2536; x_wconf 81' lang='lat' dir='ltr'><strong>tur.</strong></span> <span class='ocrx_word' id='word_1_490' title='bbox 1968 2479 2079 2551; x_wconf 83' lang='lat' dir='ltr'><strong>Ego</strong></span> <span class='ocrx_word' id='word_1_491' title='bbox 2103 2482 2302 2551; x_wconf 88' lang='lat' dir='ltr'><strong>quippe</strong></span> <span class='ocrx_word' id='word_1_492' title='bbox 2326 2495 2433 2535; x_wconf 92' lang='lat' dir='ltr'><strong>non</strong></span> <span class='ocrx_word' id='word_1_493' title='bbox 2465 2496 2654 2536; x_wconf 91' lang='lat' dir='ltr'><strong>vereor</strong></span> <span class='ocrx_word' id='word_1_494' title='bbox 2688 2482 2918 2553; x_wconf 76' lang='lat' dir='ltr'><strong>ingenue</strong></span> <span class='ocrx_word' id='word_1_495' title='bbox 2952 2484 3218 2549; x_wconf 66' lang='lat' dir='ltr'><strong>confiteri,</strong></span> <span class='ocrx_word' id='word_1_496' title='bbox 3248 2503 3397 2539; x_wconf 75' lang='lat' dir='ltr'><strong>meas</strong></span> 
     </span>
    </p>
   </div>
   <div class='ocr_carea' id='block_1_65' title="bbox 1825 2574 3399 2646">
    <p class='ocr_par' dir='ltr' id='par_1_65' title="bbox 1825 2574 3399 2646">
     <span class='ocr_line' id='line_1_65' title="bbox 1825 2574 3399 2646; baseline 0.004 -19"><span class='ocrx_word' id='word_1_497' title='bbox 1825 2574 1889 2627; x_wconf 92' lang='lat' dir='ltr'><strong>ad</strong></span> <span class='ocrx_word' id='word_1_498' title='bbox 1924 2574 2063 2628; x_wconf 89' lang='lat' dir='ltr'><strong>hanc</strong></span> <span class='ocrx_word' id='word_1_499' title='bbox 2094 2590 2207 2629; x_wconf 92' lang='lat' dir='ltr'><strong>rem</strong></span> <span class='ocrx_word' id='word_1_500' title='bbox 2250 2574 2392 2629; x_wconf 85' lang='lat' dir='ltr'><strong>vires</strong></span> <span class='ocrx_word' id='word_1_501' title='bbox 2427 2574 2679 2641; x_wconf 87' lang='lat' dir='ltr'><strong>deficere,</strong></span> <span class='ocrx_word' id='word_1_502' title='bbox 2723 2585 2780 2629; x_wconf 95' lang='lat' dir='ltr'><strong>ut</strong></span> <span class='ocrx_word' id='word_1_503' title='bbox 2822 2576 2913 2645; x_wconf 90' lang='lat' dir='ltr'><strong>qui</strong></span> <span class='ocrx_word' id='word_1_504' title='bbox 2959 2578 3073 2646; x_wconf 88' lang='lat' dir='ltr'><strong>ipse</strong></span> <span class='ocrx_word' id='word_1_505' title='bbox 3121 2579 3245 2633; x_wconf 88' lang='lat' dir='ltr'><strong>huic</strong></span> <span class='ocrx_word' id='word_1_506' title='bbox 3267 2581 3399 2633; x_wconf 86' lang='lat' dir='ltr'><strong>vi:io</strong></span> 
     </span>
    </p>
   </div>
   <div class='ocr_carea' id='block_1_66' title="bbox 1827 2666 3399 2739">
    <p class='ocr_par' dir='ltr' id='par_1_66' title="bbox 1827 2666 3399 2739">
     <span class='ocr_line' id='line_1_66' title="bbox 1827 2666 3399 2739; baseline 0.006 -21"><span class='ocrx_word' id='word_1_507' title='bbox 1827 2666 1983 2721; x_wconf 89' lang='lat' dir='ltr'><strong>valde</strong></span> <span class='ocrx_word' id='word_1_508' title='bbox 2027 2668 2297 2722; x_wconf 79' lang='lat' dir='ltr'><strong>obnoxius</strong></span> <span class='ocrx_word' id='word_1_509' title='bbox 2346 2668 2473 2730; x_wconf 91' lang='lat' dir='ltr'><strong>sim,</strong></span> <span class='ocrx_word' id='word_1_510' title='bbox 2515 2668 2671 2736; x_wconf 86' lang='lat' dir='ltr'><strong>cujus</strong></span> <span class='ocrx_word' id='word_1_511' title='bbox 2706 2669 2958 2739; x_wconf 87' lang='lat' dir='ltr'><strong>strophas</strong></span> <span class='ocrx_word' id='word_1_512' title='bbox 3002 2680 3054 2724; x_wconf 85' lang='lat' dir='ltr'><strong>et</strong></span> <span class='ocrx_word' id='word_1_513' title='bbox 3089 2670 3301 2727; x_wconf 88' lang='lat' dir='ltr'><strong>frandes</strong></span> <span class='ocrx_word' id='word_1_514' title='bbox 3332 2691 3399 2727; x_wconf 85' lang='lat' dir='ltr'><strong>ne</strong></span> 
     </span>
    </p>
   </div>
   <div class='ocr_carea' id='block_1_67' title="bbox 1823 2759 3396 2835">
    <p class='ocr_par' dir='ltr' id='par_1_67' title="bbox 1823 2759 3396 2835">
     <span class='ocr_line' id='line_1_67' title="bbox 1823 2759 3396 2835; baseline 0.004 -23"><span class='ocrx_word' id='word_1_515' title='bbox 1823 2759 2222 2829; x_wconf 84' lang='lat' dir='ltr'><strong>deprehendere</strong></span> <span class='ocrx_word' id='word_1_516' title='bbox 2238 2760 2455 2829; x_wconf 88' lang='lat' dir='ltr'><strong>quidem</strong></span> <span class='ocrx_word' id='word_1_517' title='bbox 2482 2776 2575 2830; x_wconf 90' lang='lat' dir='ltr'><strong>per</strong></span> <span class='ocrx_word' id='word_1_518' title='bbox 2602 2776 2687 2815; x_wconf 91' lang='lat' dir='ltr'><strong>me</strong></span> <span class='ocrx_word' id='word_1_519' title='bbox 2716 2762 3035 2831; x_wconf 88' lang='lat' dir='ltr'><strong>potuissem,</strong></span> <span class='ocrx_word' id='word_1_520' title='bbox 3062 2765 3161 2818; x_wconf 89' lang='lat' dir='ltr'><strong>nisi</strong></span> <span class='ocrx_word' id='word_1_521' title='bbox 3190 2765 3396 2835; x_wconf 85' lang='lat' dir='ltr'><strong>impro-</strong></span> 
     </span>
    </p>
   </div>
   <div class='ocr_carea' id='block_1_68' title="bbox 1825 2853 3390 2928">
    <p class='ocr_par' dir='ltr' id='par_1_68' title="bbox 1825 2853 3390 2928">
     <span class='ocr_line' id='line_1_68' title="bbox 1825 2853 3390 2928; baseline 0.004 -21"><span class='ocrx_word' id='word_1_522' title='bbox 1825 2854 1946 2907; x_wconf 89' lang='lat' dir='ltr'><strong>bam</strong></span> <span class='ocrx_word' id='word_1_523' title='bbox 1971 2853 2112 2908; x_wconf 89' lang='lat' dir='ltr'><strong>hanc</strong></span> <span class='ocrx_word' id='word_1_524' title='bbox 2138 2854 2522 2909; x_wconf 86' lang='lat' dir='ltr'><strong>insidiatricem</strong></span> <span class='ocrx_word' id='word_1_525' title='bbox 2558 2856 2609 2909; x_wconf 90' lang='lat' dir='ltr'><strong>vi</strong></span> <span class='ocrx_word' id='word_1_526' title='bbox 2634 2856 3081 2926; x_wconf 87' lang='lat' dir='ltr'><strong>comprehensam</strong></span> <span class='ocrx_word' id='word_1_527' title='bbox 3114 2858 3390 2928; x_wconf 78' lang='lat' dir='ltr'><strong>flagroque</strong></span> 
     </span>
    </p>
   </div>
   <div class='ocr_carea' id='block_1_69' title="bbox 1825 2945 3399 3018">
    <p class='ocr_par' dir='ltr' id='par_1_69' title="bbox 1825 2945 3399 3018">
     <span class='ocr_line' id='line_1_69' title="bbox 1825 2945 3399 3018; baseline 0.004 -19"><span class='ocrx_word' id='word_1_528' title='bbox 1825 2945 2033 3001; x_wconf 83' lang='lat' dir='ltr'><strong>timoris</strong></span> <span class='ocrx_word' id='word_1_529' title='bbox 2050 2945 2280 3010; x_wconf 86' lang='lat' dir='ltr'><strong>Domini,</strong></span> <span class='ocrx_word' id='word_1_530' title='bbox 2294 2948 2590 3003; x_wconf 88' lang='lat' dir='ltr'><strong>ctassiduis</strong></span> <span class='ocrx_word' id='word_1_531' title='bbox 2605 2949 2855 3018; x_wconf 87' lang='lat' dir='ltr'><strong>precibus</strong></span> <span class='ocrx_word' id='word_1_532' title='bbox 2870 2958 3066 3003; x_wconf 89' lang='lat' dir='ltr'><strong>tortam</strong></span> <span class='ocrx_word' id='word_1_533' title='bbox 3080 2966 3142 3004; x_wconf 88' lang='lat' dir='ltr'><strong>ea</strong></span> <span class='ocrx_word' id='word_1_534' title='bbox 3154 2950 3399 3006; x_wconf 64' lang='lat' dir='ltr'><strong>confiteri</strong></span> 
     </span>
    </p>
   </div>
   <div class='ocr_carea' id='block_1_70' title="bbox 1823 3039 3398 3113">
    <p class='ocr_par' dir='ltr' id='par_1_70' title="bbox 1823 3039 3398 3113">
     <span class='ocr_line' id='line_1_70' title="bbox 1823 3039 3398 3113; baseline 0.004 -21"><span class='ocrx_word' id='word_1_535' title='bbox 1823 3052 1944 3105; x_wconf 73' lang='lat' dir='ltr'><strong>qua:</strong></span> <span class='ocrx_word' id='word_1_536' title='bbox 1975 3039 2147 3094; x_wconf 86' lang='lat' dir='ltr'><strong>deilla</strong></span> <span class='ocrx_word' id='word_1_537' title='bbox 2164 3040 2376 3110; x_wconf 90' lang='lat' dir='ltr'><strong>scripsi,</strong></span> <span class='ocrx_word' id='word_1_538' title='bbox 2395 3042 2719 3113; x_wconf 89' lang='lat' dir='ltr'><strong>coegissem.</strong></span> <span class='ocrx_word' id='word_1_539' title='bbox 2739 3040 2919 3112; x_wconf 88' lang='lat' dir='ltr'><strong>Itaque</strong></span> <span class='ocrx_word' id='word_1_540' title='bbox 2949 3044 3108 3113; x_wconf 70' lang='lat'><strong>262</strong></span> <span class='ocrx_word' id='word_1_541' title='bbox 3157 3044 3398 3113; x_wconf 79' lang='lat' dir='ltr'><strong>improba</strong></span> 
     </span>
    </p>
   </div>
   <div class='ocr_carea' id='block_1_71' title="bbox 1825 3130 3394 3207">
    <p class='ocr_par' dir='ltr' id='par_1_71' title="bbox 1825 3130 3394 3207">
     <span class='ocr_line' id='line_1_71' title="bbox 1825 3130 3394 3207; baseline 0.004 -23"><span class='ocrx_word' id='word_1_542' title='bbox 1825 3130 1915 3185; x_wconf 90' lang='lat' dir='ltr'><strong>illa</strong></span> <span class='ocrx_word' id='word_1_543' title='bbox 1936 3141 1990 3185; x_wconf 91' lang='lat' dir='ltr'><strong>et</strong></span> <span class='ocrx_word' id='word_1_544' title='bbox 2012 3146 2151 3187; x_wconf 68' lang='lat' dir='ltr'><strong>saeva</strong></span> <span class='ocrx_word' id='word_1_545' title='bbox 2169 3134 2411 3203; x_wconf 87' lang='lat' dir='ltr'><strong>tyrannis</strong></span> <span class='ocrx_word' id='word_1_546' title='bbox 2431 3134 2709 3203; x_wconf 87' lang='lat' dir='ltr'><strong>prolocuta</strong></span> <span class='ocrx_word' id='word_1_547' title='bbox 2732 3153 2746 3189; x_wconf 92' lang='lat'>:</span> <span class='ocrx_word' id='word_1_548' title='bbox 2766 3134 3031 3190; x_wconf 72' lang='lat' dir='ltr'><strong>Fmderati</strong></span> <span class='ocrx_word' id='word_1_549' title='bbox 3053 3137 3175 3196; x_wconf 84' lang='lat' dir='ltr'><strong>mei,</strong></span> <span class='ocrx_word' id='word_1_550' title='bbox 3201 3136 3394 3207; x_wconf 91' lang='lat' dir='ltr'><strong>inquit,</strong></span> 
     </span>
    </p>
   </div>
   <div class='ocr_carea' id='block_1_72' title="bbox 1752 3224 3397 3313">
    <p class='ocr_par' dir='ltr' id='par_1_72' title="bbox 1752 3224 3397 3313">
     <span class='ocr_line' id='line_1_72' title="bbox 1752 3224 3397 3313; baseline 0.002 -34"><span class='ocrx_word' id='word_1_551' title='bbox 1752 3260 1793 3313; x_wconf 65' lang='grc' dir='ltr'>ο</span> <span class='ocrx_word' id='word_1_552' title='bbox 1826 3224 2085 3279; x_wconf 89' lang='lat' dir='ltr'><strong>cadavera</strong></span> <span class='ocrx_word' id='word_1_553' title='bbox 2121 3226 2547 3297; x_wconf 86' lang='lat' dir='ltr'><strong>contemplantes</strong></span> <span class='ocrx_word' id='word_1_554' title='bbox 2571 3227 2765 3291; x_wconf 87' lang='lat' dir='ltr'><strong>rident,</strong></span> <span class='ocrx_word' id='word_1_555' title='bbox 2795 3229 2935 3282; x_wconf 90' lang='lat' dir='ltr'><strong>inter</strong></span> <span class='ocrx_word' id='word_1_556' title='bbox 2959 3243 3144 3299; x_wconf 82' lang='lat' dir='ltr'><strong>preces</strong></span> <span class='ocrx_word' id='word_1_557' title='bbox 3167 3230 3314 3284; x_wconf 87' lang='lat' dir='ltr'><strong>saxei</strong></span> <span class='ocrx_word' id='word_1_558' title='bbox 3342 3237 3397 3282; x_wconf 86' lang='lat' dir='ltr'><strong>et</strong></span> 
     </span>
    </p>
   </div>
   <div class='ocr_carea' id='block_1_73' title="bbox 1834 3316 3393 3386">
    <p class='ocr_par' dir='ltr' id='par_1_73' title="bbox 1834 3316 3393 3386">
     <span class='ocr_line' id='line_1_73' title="bbox 1834 3316 3393 3386; baseline 0.003 -17"><span class='ocrx_word' id='word_1_559' title='bbox 1834 3316 1977 3382; x_wconf 89' lang='lat' dir='ltr'><strong>duri,</strong></span> <span class='ocrx_word' id='word_1_560' title='bbox 2015 3318 2334 3386; x_wconf 88' lang='lat' dir='ltr'><strong>confusique</strong></span> <span class='ocrx_word' id='word_1_561' title='bbox 2381 3333 2476 3373; x_wconf 88' lang='lat' dir='ltr'><strong>seu</strong></span> <span class='ocrx_word' id='word_1_562' title='bbox 2520 3319 2649 3373; x_wconf 67' lang='lat' dir='ltr'><strong>caeci</strong></span> <span class='ocrx_word' id='word_1_563' title='bbox 2704 3329 2870 3385; x_wconf 89' lang='lat' dir='ltr'><strong>sunt;</strong></span> <span class='ocrx_word' id='word_1_564' title='bbox 2911 3335 3036 3374; x_wconf 89' lang='lat' dir='ltr'><strong>cum</strong></span> <span class='ocrx_word' id='word_1_565' title='bbox 3085 3322 3150 3374; x_wconf 90' lang='lat' dir='ltr'><strong>ad</strong></span> <span class='ocrx_word' id='word_1_566' title='bbox 3183 3336 3393 3376; x_wconf 88' lang='lat' dir='ltr'><strong>sacram</strong></span> 
     </span>
    </p>
   </div>
   <div class='ocr_carea' id='block_1_74' title="bbox 1831 3409 3396 3480">
    <p class='ocr_par' dir='ltr' id='par_1_74' title="bbox 1831 3409 3396 3480">
     <span class='ocr_line' id='line_1_74' title="bbox 1831 3409 3396 3480; baseline 0.002 -16"><span class='ocrx_word' id='word_1_567' title='bbox 1831 3411 2058 3480; x_wconf 83' lang='lat' dir='ltr'><strong>synaxin</strong></span> <span class='ocrx_word' id='word_1_568' title='bbox 2102 3410 2367 3464; x_wconf 89' lang='lat' dir='ltr'><strong>accedunt</strong></span> <span class='ocrx_word' id='word_1_569' title='bbox 2412 3409 2531 3464; x_wconf 91' lang='lat' dir='ltr'><strong>sine</strong></span> <span class='ocrx_word' id='word_1_570' title='bbox 2573 3409 2684 3463; x_wconf 93' lang='lat' dir='ltr'><strong>ullo</strong></span> <span class='ocrx_word' id='word_1_571' title='bbox 2712 3410 2927 3480; x_wconf 91' lang='lat' dir='ltr'><strong>pietatis</strong></span> <span class='ocrx_word' id='word_1_572' title='bbox 2968 3426 3128 3466; x_wconf 88' lang='lat' dir='ltr'><strong>sensu</strong></span> <span class='ocrx_word' id='word_1_573' title='bbox 3179 3412 3396 3467; x_wconf 72' lang='lat' dir='ltr'><strong>cmleste</strong></span> 
     </span>
    </p>
   </div>
   <div class='ocr_carea' id='block_1_75' title="bbox 1830 3500 3395 3573">
    <p class='ocr_par' dir='ltr' id='par_1_75' title="bbox 1830 3500 3395 3573">
     <span class='ocr_line' id='line_1_75' title="bbox 1830 3500 3395 3573; baseline 0.002 -18"><span class='ocrx_word' id='word_1_574' title='bbox 1830 3500 2055 3564; x_wconf 86' lang='lat' dir='ltr'><strong>donum,</strong></span> <span class='ocrx_word' id='word_1_575' title='bbox 2088 3501 2312 3570; x_wconf 89' lang='lat' dir='ltr'><strong>perinde</strong></span> <span class='ocrx_word' id='word_1_576' title='bbox 2338 3515 2402 3556; x_wconf 89' lang='lat' dir='ltr'><strong>ac</strong></span> <span class='ocrx_word' id='word_1_577' title='bbox 2430 3501 2475 3556; x_wconf 77' lang='lat' dir='ltr'><strong>si</strong></span> <span class='ocrx_word' id='word_1_578' title='bbox 2508 3501 2613 3555; x_wconf 93' lang='lat' dir='ltr'><strong>vile</strong></span> <span class='ocrx_word' id='word_1_579' title='bbox 2668 3503 2825 3572; x_wconf 91' lang='lat' dir='ltr'><strong>panis</strong></span> <span class='ocrx_word' id='word_1_580' title='bbox 2862 3503 3161 3557; x_wconf 82' lang='lat' dir='ltr'><strong>crustulum</strong></span> <span class='ocrx_word' id='word_1_581' title='bbox 3211 3515 3395 3573; x_wconf 85' lang='lat' dir='ltr'><strong>gusta-</strong></span> 
     </span>
    </p>
   </div>
   <div class='ocr_carea' id='block_1_76' title="bbox 1829 3592 3396 3664">
    <p class='ocr_par' dir='ltr' id='par_1_76' title="bbox 1829 3592 3396 3664">
     <span class='ocr_line' id='line_1_76' title="bbox 1829 3592 3396 3664; baseline 0.001 -18"><span class='ocrx_word' id='word_1_582' title='bbox 1829 3601 1965 3659; x_wconf 86' lang='lat' dir='ltr'><strong>rent,</strong></span> <span class='ocrx_word' id='word_1_583' title='bbox 2011 3594 2336 3664; x_wconf 85' lang='lat' dir='ltr'><strong>percipiunt.</strong></span> <span class='ocrx_word' id='word_1_584' title='bbox 2367 3592 2480 3663; x_wconf 83' lang='lat' dir='ltr'><strong>Ego</strong></span> <span class='ocrx_word' id='word_1_585' title='bbox 2509 3594 2726 3662; x_wconf 89' lang='lat' dir='ltr'><strong>quando</strong></span> <span class='ocrx_word' id='word_1_586' title='bbox 2756 3606 3111 3663; x_wconf 89' lang='lat' dir='ltr'><strong>compunctos</strong></span> <span class='ocrx_word' id='word_1_587' title='bbox 3139 3595 3295 3650; x_wconf 88' lang='lat' dir='ltr'><strong>video</strong></span> <span class='ocrx_word' id='word_1_588' title='bbox 3328 3597 3396 3649; x_wconf 85' lang='lat' dir='ltr'><strong>ir-</strong></span> 
     </span>
    </p>
   </div>
   <div class='ocr_carea' id='block_1_77' title="bbox 1829 3684 3393 3759">
    <p class='ocr_par' dir='ltr' id='par_1_77' title="bbox 1829 3684 3393 3759">
     <span class='ocr_line' id='line_1_77' title="bbox 1829 3684 3393 3759; baseline 0.002 -20"><span class='ocrx_word' id='word_1_589' title='bbox 1829 3686 1996 3741; x_wconf 91' lang='lat' dir='ltr'><strong>rideo.</strong></span> <span class='ocrx_word' id='word_1_590' title='bbox 2031 3684 2143 3755; x_wconf 83' lang='lat' dir='ltr'><strong>Ego</strong></span> <span class='ocrx_word' id='word_1_591' title='bbox 2165 3688 2346 3741; x_wconf 87' lang='lat' dir='ltr'><strong>omnia</strong></span> <span class='ocrx_word' id='word_1_592' title='bbox 2386 3689 2642 3756; x_wconf 67' lang='lat' dir='ltr'><strong>praeclara</strong></span> <span class='ocrx_word' id='word_1_593' title='bbox 2685 3702 2847 3758; x_wconf 79' lang='lat' dir='ltr'><strong>opera</strong></span> <span class='ocrx_word' id='word_1_594' title='bbox 2877 3703 2942 3742; x_wconf 89' lang='lat' dir='ltr'><strong>ex</strong></span> <span class='ocrx_word' id='word_1_595' title='bbox 2980 3703 3242 3759; x_wconf 87' lang='lat' dir='ltr'><strong>generoso</strong></span> <span class='ocrx_word' id='word_1_596' title='bbox 3276 3689 3393 3742; x_wconf 86' lang='lat' dir='ltr'><strong>ani-</strong></span> 
     </span>
    </p>
   </div>
   <div class='ocr_carea' id='block_1_78' title="bbox 1827 3777 3391 3850">
    <p class='ocr_par' dir='ltr' id='par_1_78' title="bbox 1827 3777 3391 3850">
     <span class='ocr_line' id='line_1_78' title="bbox 1827 3777 3391 3850; baseline 0 -19"><span class='ocrx_word' id='word_1_597' title='bbox 1827 3792 1916 3833; x_wconf 85' lang='lat' dir='ltr'><strong>IlIO</strong></span> <span class='ocrx_word' id='word_1_598' title='bbox 1946 3788 1999 3833; x_wconf 90' lang='lat' dir='ltr'><strong>et</strong></span> <span class='ocrx_word' id='word_1_599' title='bbox 2021 3779 2163 3832; x_wconf 92' lang='lat' dir='ltr'><strong>bono</strong></span> <span class='ocrx_word' id='word_1_600' title='bbox 2193 3777 2385 3833; x_wconf 80' lang='lat' dir='ltr'><strong>aﬂ‘ectu</strong></span> <span class='ocrx_word' id='word_1_601' title='bbox 2416 3790 2538 3834; x_wconf 90' lang='lat' dir='ltr'><strong>nata</strong></span> <span class='ocrx_word' id='word_1_602' title='bbox 2568 3780 2637 3833; x_wconf 88' lang='lat' dir='ltr'><strong>ab</strong></span> <span class='ocrx_word' id='word_1_603' title='bbox 2661 3794 2726 3834; x_wconf 91' lang='lat' dir='ltr'><strong>eo</strong></span> <span class='ocrx_word' id='word_1_604' title='bbox 2754 3781 2847 3850; x_wconf 89' lang='lat' dir='ltr'><strong>qui</strong></span> <span class='ocrx_word' id='word_1_605' title='bbox 2872 3796 2957 3835; x_wconf 89' lang='lat' dir='ltr'><strong>me</strong></span> <span class='ocrx_word' id='word_1_606' title='bbox 2986 3782 3191 3850; x_wconf 79' lang='lat' dir='ltr'><strong>genuit,</strong></span> <span class='ocrx_word' id='word_1_607' title='bbox 3220 3791 3391 3850; x_wconf 69' lang='lat' dir='ltr'><strong>patro,</strong></span> 
     </span>
    </p>
   </div>
   <div class='ocr_carea' id='block_1_79' title="bbox 1826 3875 3391 3947">
    <p class='ocr_par' dir='ltr' id='par_1_79' title="bbox 1826 3875 3391 3947">
     <span class='ocr_line' id='line_1_79' title="bbox 1826 3875 3391 3947; baseline 0.004 -17"><span class='ocrx_word' id='word_1_608' title='bbox 1826 3884 2062 3930; x_wconf 90' lang='lat' dir='ltr'><strong>mactare</strong></span> <span class='ocrx_word' id='word_1_609' title='bbox 2087 3876 2270 3931; x_wconf 90' lang='lat' dir='ltr'><strong>didici.</strong></span> <span class='ocrx_word' id='word_1_610' title='bbox 2305 3875 2417 3945; x_wconf 87' lang='lat' dir='ltr'><strong>Ego</strong></span> <span class='ocrx_word' id='word_1_611' title='bbox 2447 3892 2645 3947; x_wconf 90' lang='lat' dir='ltr'><strong>parens</strong></span> <span class='ocrx_word' id='word_1_612' title='bbox 2682 3894 2803 3933; x_wconf 91' lang='lat' dir='ltr'><strong>sum</strong></span> <span class='ocrx_word' id='word_1_613' title='bbox 2845 3878 3077 3934; x_wconf 87' lang='lat' dir='ltr'><strong>levitatis</strong></span> <span class='ocrx_word' id='word_1_614' title='bbox 3121 3888 3176 3934; x_wconf 88' lang='lat' dir='ltr'><strong>et</strong></span> <span class='ocrx_word' id='word_1_615' title='bbox 3209 3882 3351 3935; x_wconf 90' lang='lat' dir='ltr'><strong>risus</strong></span> <span class='ocrx_word' id='word_1_616' title='bbox 3379 3923 3391 3936; x_wconf 92' lang='lat'><strong>.</strong></span> 
     </span>
    </p>
   </div>
   <div class='ocr_carea' id='block_1_80' title="bbox 1827 3970 3395 4043">
    <p class='ocr_par' dir='ltr' id='par_1_80' title="bbox 1827 3970 3395 4043">
     <span class='ocr_line' id='line_1_80' title="bbox 1827 3970 3395 4043; baseline 0.003 -19"><span class='ocrx_word' id='word_1_617' title='bbox 1827 3984 1927 4039; x_wconf 84' lang='lat' dir='ltr'><strong>ego</strong></span> <span class='ocrx_word' id='word_1_618' title='bbox 1952 3970 2131 4025; x_wconf 81' lang='lat' dir='ltr'><strong>nutrix</strong></span> <span class='ocrx_word' id='word_1_619' title='bbox 2156 3972 2333 4026; x_wconf 90' lang='lat' dir='ltr'><strong>somni</strong></span> <span class='ocrx_word' id='word_1_620' title='bbox 2363 3990 2376 4025; x_wconf 87' lang='lat'><strong>:</strong></span> <span class='ocrx_word' id='word_1_621' title='bbox 2401 3985 2500 4041; x_wconf 89' lang='lat' dir='ltr'><strong>ego</strong></span> <span class='ocrx_word' id='word_1_622' title='bbox 2534 3971 2810 4037; x_wconf 81' lang='lat' dir='ltr'><strong>societatis</strong></span> <span class='ocrx_word' id='word_1_623' title='bbox 2846 3974 3018 4027; x_wconf 82' lang='lat' dir='ltr'><strong>amica</strong></span> <span class='ocrx_word' id='word_1_624' title='bbox 3049 3992 3063 4028; x_wconf 90' lang='lat'>:</span> <span class='ocrx_word' id='word_1_625' title='bbox 3088 3989 3188 4043; x_wconf 88' lang='lat' dir='ltr'><strong>ego</strong></span> <span class='ocrx_word' id='word_1_626' title='bbox 3216 3976 3395 4028; x_wconf 80' lang='lat' dir='ltr'><strong>sintu-</strong></span> 
     </span>
    </p>
   </div>
   <div class='ocr_carea' id='block_1_81' title="bbox 1827 4063 3390 4135">
    <p class='ocr_par' dir='ltr' id='par_1_81' title="bbox 1827 4063 3390 4135">
     <span class='ocr_line' id='line_1_81' title="bbox 1827 4063 3390 4135; baseline 0.004 -19"><span class='ocrx_word' id='word_1_627' title='bbox 1827 4063 1946 4117; x_wconf 69' lang='lat' dir='ltr'><strong>lataa</strong></span> <span class='ocrx_word' id='word_1_628' title='bbox 1976 4063 2159 4133; x_wconf 88' lang='lat' dir='ltr'><strong>pietati</strong></span> <span class='ocrx_word' id='word_1_629' title='bbox 2200 4078 2285 4117; x_wconf 92' lang='lat' dir='ltr'><strong>me</strong></span> <span class='ocrx_word' id='word_1_630' title='bbox 2327 4065 2564 4135; x_wconf 88' lang='lat' dir='ltr'><strong>adjungo</strong></span> <span class='ocrx_word' id='word_1_631' title='bbox 2593 4080 2731 4135; x_wconf 89' lang='lat' dir='ltr'><strong>:ego</strong></span> <span class='ocrx_word' id='word_1_632' title='bbox 2763 4064 3043 4135; x_wconf 82' lang='lat' dir='ltr'><strong>objurgata</strong></span> <span class='ocrx_word' id='word_1_633' title='bbox 3074 4083 3180 4119; x_wconf 90' lang='lat' dir='ltr'><strong>non</strong></span> <span class='ocrx_word' id='word_1_634' title='bbox 3213 4068 3390 4122; x_wconf 84' lang='lat' dir='ltr'><strong>doleo.</strong></span> 
     </span>
    </p>
   </div>
   <div class='ocr_carea' id='block_1_82' title="bbox 1826 4153 3390 4228">
    <p class='ocr_par' dir='ltr' id='par_1_82' title="bbox 1826 4153 3390 4228">
     <span class='ocr_line' id='line_1_82' title="bbox 1826 4153 3390 4228; baseline 0.004 -20"><span class='ocrx_word' id='word_1_635' title='bbox 1826 4153 1950 4210; x_wconf 66' lang='lat' dir='ltr'><strong>Haec</strong></span> <span class='ocrx_word' id='word_1_636' title='bbox 1986 4170 2086 4226; x_wconf 85' lang='lat' dir='ltr'><strong>ego</strong></span> <span class='ocrx_word' id='word_1_637' title='bbox 2123 4153 2306 4210; x_wconf 84' lang='lat' dir='ltr'><strong>infelix</strong></span> <span class='ocrx_word' id='word_1_638' title='bbox 2336 4171 2459 4211; x_wconf 92' lang='lat' dir='ltr'><strong>cum</strong></span> <span class='ocrx_word' id='word_1_639' title='bbox 2490 4157 2558 4210; x_wconf 91' lang='lat' dir='ltr'><strong>ab</strong></span> <span class='ocrx_word' id='word_1_640' title='bbox 2586 4156 2688 4212; x_wconf 85' lang='lat' dir='ltr'><strong>hac</strong></span> <span class='ocrx_word' id='word_1_641' title='bbox 2722 4156 2858 4211; x_wconf 91' lang='lat' dir='ltr'><strong>furia</strong></span> <span class='ocrx_word' id='word_1_642' title='bbox 2892 4159 3292 4228; x_wconf 60' lang='lat' dir='ltr'><strong>cognotissem,</strong></span> <span class='ocrx_word' id='word_1_643' title='bbox 3337 4162 3390 4214; x_wconf 89' lang='lat' dir='ltr'><strong>in</strong></span> 
     </span>
    </p>
   </div>
   <div class='ocr_carea' id='block_1_83' title="bbox 1828 4247 3391 4321">
    <p class='ocr_par' dir='ltr' id='par_1_83' title="bbox 1828 4247 3391 4321">
     <span class='ocr_line' id='line_1_83' title="bbox 1828 4247 3391 4321; baseline 0.001 -18"><span class='ocrx_word' id='word_1_644' title='bbox 1828 4262 2095 4303; x_wconf 89' lang='lat' dir='ltr'><strong>summam</strong></span> <span class='ocrx_word' id='word_1_645' title='bbox 2145 4247 2558 4303; x_wconf 89' lang='lat' dir='ltr'><strong>admirationem</strong></span> <span class='ocrx_word' id='word_1_646' title='bbox 2609 4261 2834 4319; x_wconf 87' lang='lat' dir='ltr'><strong>raptus,</strong></span> <span class='ocrx_word' id='word_1_647' title='bbox 2891 4260 2945 4304; x_wconf 89' lang='lat' dir='ltr'><strong>et</strong></span> <span class='ocrx_word' id='word_1_648' title='bbox 2987 4252 3391 4321; x_wconf 82' lang='lat' dir='ltr'><strong>obstupefactus</strong></span> 
     </span>
    </p>
   </div>
   <div class='ocr_carea' id='block_1_84' title="bbox 1825 4343 3389 4416">
    <p class='ocr_par' dir='ltr' id='par_1_84' title="bbox 1825 4343 3389 4416">
     <span class='ocr_line' id='line_1_84' title="bbox 1825 4343 3389 4416; baseline 0.003 -18"><span class='ocrx_word' id='word_1_649' title='bbox 1825 4343 2047 4398; x_wconf 91' lang='lat' dir='ltr'><strong>omnino</strong></span> <span class='ocrx_word' id='word_1_650' title='bbox 2096 4343 2275 4414; x_wconf 91' lang='lat' dir='ltr'><strong>cupivi</strong></span> <span class='ocrx_word' id='word_1_651' title='bbox 2328 4359 2523 4398; x_wconf 85' lang='lat' dir='ltr'><strong>nomen</strong></span> <span class='ocrx_word' id='word_1_652' title='bbox 2568 4345 2742 4413; x_wconf 91' lang='lat' dir='ltr'><strong>patris</strong></span> <span class='ocrx_word' id='word_1_653' title='bbox 2803 4345 2971 4413; x_wconf 90' lang='lat' dir='ltr'><strong>hujus</strong></span> <span class='ocrx_word' id='word_1_654' title='bbox 3041 4362 3389 4416; x_wconf 65' lang='lat' dir='ltr'><strong>cognoscere.</strong></span> 
     </span>
    </p>
   </div>
   <div class='ocr_carea' id='block_1_85' title="bbox 1827 4432 3390 4505">
    <p class='ocr_par' dir='ltr' id='par_1_85' title="bbox 1827 4432 3390 4505">
     <span class='ocr_line' id='line_1_85' title="bbox 1827 4432 3390 4505; baseline 0.003 -19"><span class='ocrx_word' id='word_1_655' title='bbox 1827 4432 1938 4503; x_wconf 88' lang='lat' dir='ltr'><strong>Ego</strong></span> <span class='ocrx_word' id='word_1_656' title='bbox 1970 4445 2114 4500; x_wconf 85' lang='lat' dir='ltr'><strong>vero,</strong></span> <span class='ocrx_word' id='word_1_657' title='bbox 2146 4432 2339 4502; x_wconf 91' lang='lat' dir='ltr'><strong>inquit,</strong></span> <span class='ocrx_word' id='word_1_658' title='bbox 2371 4447 2475 4487; x_wconf 92' lang='lat' dir='ltr'><strong>non</strong></span> <span class='ocrx_word' id='word_1_659' title='bbox 2506 4447 2536 4487; x_wconf 94' lang='lat' dir='ltr'><strong>e</strong></span> <span class='ocrx_word' id='word_1_660' title='bbox 2566 4432 2797 4502; x_wconf 76' lang='lat' dir='ltr'><strong>simplici</strong></span> <span class='ocrx_word' id='word_1_661' title='bbox 2827 4450 3041 4504; x_wconf 86' lang='lat' dir='ltr'><strong>unaque</strong></span> <span class='ocrx_word' id='word_1_662' title='bbox 3067 4437 3235 4505; x_wconf 89' lang='lat' dir='ltr'><strong>stirpe</strong></span> <span class='ocrx_word' id='word_1_663' title='bbox 3264 4448 3390 4492; x_wconf 91' lang='lat' dir='ltr'><strong>nata</strong></span> 
     </span>
    </p>
   </div>
   <div class='ocr_carea' id='block_1_86' title="bbox 1827 4524 3391 4598">
    <p class='ocr_par' dir='ltr' id='par_1_86' title="bbox 1827 4524 3391 4598">
     <span class='ocr_line' id='line_1_86' title="bbox 1827 4524 3391 4598; baseline 0.001 -17"><span class='ocrx_word' id='word_1_664' title='bbox 1827 4541 1989 4581; x_wconf 87' lang='lat' dir='ltr'><strong>sum:</strong></span> <span class='ocrx_word' id='word_1_665' title='bbox 2020 4525 2216 4580; x_wconf 87' lang='lat' dir='ltr'><strong>mistus</strong></span> <span class='ocrx_word' id='word_1_666' title='bbox 2261 4526 2403 4581; x_wconf 91' lang='lat' dir='ltr'><strong>enim</strong></span> <span class='ocrx_word' id='word_1_667' title='bbox 2442 4524 2576 4580; x_wconf 90' lang='lat' dir='ltr'><strong>mihi</strong></span> <span class='ocrx_word' id='word_1_668' title='bbox 2616 4536 2669 4582; x_wconf 91' lang='lat' dir='ltr'><strong>et</strong></span> <span class='ocrx_word' id='word_1_669' title='bbox 2701 4528 2942 4582; x_wconf 90' lang='lat' dir='ltr'><strong>incertus</strong></span> <span class='ocrx_word' id='word_1_670' title='bbox 2979 4529 3210 4598; x_wconf 88' lang='lat' dir='ltr'><strong>originis</strong></span> <span class='ocrx_word' id='word_1_671' title='bbox 3263 4546 3391 4585; x_wconf 88' lang='lat' dir='ltr'><strong>san-</strong></span> 
     </span>
    </p>
   </div>
   <div class='ocr_carea' id='block_1_87' title="bbox 118 4598 1726 4703">
    <p class='ocr_par' dir='ltr' id='par_1_87' title="bbox 118 4598 1722 4703">
     <span class='ocr_line' id='line_1_87' title="bbox 118 4598 1722 4703; baseline -0.003 -14"><span class='ocrx_word' id='word_1_672' title='bbox 118 4598 382 4701; x_wconf 36' lang='lat' dir='ltr'><strong>éacsvt;qv</strong></span> <span class='ocrx_word' id='word_1_673' title='bbox 505 4598 751 4702; x_wconf 67' lang='grc' dir='ltr'>κατέχων</span> <span class='ocrx_word' id='word_1_674' title='bbox 796 4632 896 4685; x_wconf 78' lang='grc' dir='ltr'>οὐκ</span> <span class='ocrx_word' id='word_1_675' title='bbox 942 4598 1433 4703; x_wconf 65' lang='grc' dir='ltr'>ἐλευθερωθήσεται</span> <span class='ocrx_word' id='word_1_676' title='bbox 1479 4648 1581 4701; x_wconf 90' lang='grc' dir='ltr'><strong>μου</strong></span> <span class='ocrx_word' id='word_1_677' title='bbox 1616 4598 1722 4701; x_wconf 53' lang='grc'>’(7).</span> 
     </span>
    </p>
   </div>
   <div class='ocr_carea' id='block_1_88' title="bbox 1752 4598 3391 4703">
    <p class='ocr_par' dir='ltr' id='par_1_88' title="bbox 1759 4598 3391 4686">
     <span class='ocr_line' id='line_1_88' title="bbox 1759 4598 3391 4686; baseline 0.005 -20"><span class='ocrx_word' id='word_1_678' title='bbox 1759 4598 1801 4653; x_wconf 75' lang='grc' dir='ltr'><strong>Ι)</strong></span> <span class='ocrx_word' id='word_1_679' title='bbox 1830 4616 1949 4683; x_wconf 85' lang='lat' dir='ltr'><strong>guis</strong></span> <span class='ocrx_word' id='word_1_680' title='bbox 1976 4626 2079 4681; x_wconf 91' lang='lat' dir='ltr'><strong>est,</strong></span> <span class='ocrx_word' id='word_1_681' title='bbox 2104 4616 2362 4686; x_wconf 87' lang='lat' dir='ltr'><strong>variaque</strong></span> <span class='ocrx_word' id='word_1_682' title='bbox 2404 4625 2698 4685; x_wconf 84' lang='lat' dir='ltr'><strong>conceptus</strong></span> <span class='ocrx_word' id='word_1_683' title='bbox 2742 4618 2900 4672; x_wconf 87' lang='lat' dir='ltr'><strong>ratio.</strong></span> <span class='ocrx_word' id='word_1_684' title='bbox 2951 4618 3161 4673; x_wconf 84' lang='lat' dir='ltr'><strong>Nimius</strong></span> <span class='ocrx_word' id='word_1_685' title='bbox 3201 4635 3287 4674; x_wconf 86' lang='lat' dir='ltr'><strong>me</strong></span> <span class='ocrx_word' id='word_1_686' title='bbox 3314 4622 3391 4674; x_wconf 91' lang='lat' dir='ltr'><strong>ci-</strong></span> 
     </span>
    </p>
   </div>
   <div class='ocr_carea' id='block_1_89' title="bbox 132 4720 1728 4794">
    <p class='ocr_par' dir='ltr' id='par_1_89' title="bbox 132 4720 1728 4794">
     <span class='ocr_line' id='line_1_89' title="bbox 132 4720 1728 4794; baseline -0.004 -14"><span class='ocrx_word' id='word_1_687' title='bbox 132 4722 438 4794; x_wconf 80' lang='grc' dir='ltr'>Ἐπίμενε</span> <span class='ocrx_word' id='word_1_688' title='bbox 470 4721 709 4792; x_wconf 84' lang='grc' dir='ltr'>μελετῶν</span> <span class='ocrx_word' id='word_1_689' title='bbox 758 4722 815 4776; x_wconf 81' lang='grc' dir='ltr'>ὲν</span> <span class='ocrx_word' id='word_1_690' title='bbox 845 4720 1119 4793; x_wconf 75' lang='grc' dir='ltr'>ἀγρυπνία</span> <span class='ocrx_word' id='word_1_691' title='bbox 1161 4721 1329 4793; x_wconf 81' lang='grc' dir='ltr'>πολλῇ</span> <span class='ocrx_word' id='word_1_692' title='bbox 1378 4720 1557 4792; x_wconf 89' lang='grc' dir='ltr'>κρίσιν</span> <span class='ocrx_word' id='word_1_693' title='bbox 1594 4721 1728 4773; x_wconf 80' lang='grc' dir='ltr'>αἰω-</span> 
     </span>
    </p>
   </div>
   <div class='ocr_carea' id='block_1_90' title="bbox 112 4810 1727 4888">
    <p class='ocr_par' dir='ltr' id='par_1_90' title="bbox 112 4810 1727 4888">
     <span class='ocr_line' id='line_1_90' title="bbox 112 4810 1727 4888; baseline -0.009 -11"><span class='ocrx_word' id='word_1_694' title='bbox 112 4823 291 4885; x_wconf 84' lang='grc' dir='ltr'>νίαν,</span> <span class='ocrx_word' id='word_1_695' title='bbox 355 4818 489 4880; x_wconf 73' lang='grc' dir='ltr'>ἴσως</span> <span class='ocrx_word' id='word_1_696' title='bbox 522 4815 715 4888; x_wconf 78' lang='grc' dir='ltr'>μικρὸν</span> <span class='ocrx_word' id='word_1_697' title='bbox 764 4814 1086 4886; x_wconf 53' lang='lat' dir='ltr'><strong>{inexcitiqu</strong></span> <span class='ocrx_word' id='word_1_698' title='bbox 1119 4830 1220 4869; x_wconf 92' lang='grc' dir='ltr'>σοι.</span> <span class='ocrx_word' id='word_1_699' title='bbox 1265 4814 1406 4883; x_wconf 89' lang='grc' dir='ltr'>Ὅρα</span> <span class='ocrx_word' id='word_1_700' title='bbox 1452 4811 1550 4883; x_wconf 82' lang='grc' dir='ltr'>τὴν</span> <span class='ocrx_word' id='word_1_701' title='bbox 1588 4810 1727 4882; x_wconf 79' lang='grc' dir='ltr'>ἐμὴν</span> 
     </span>
    </p>
   </div>
   <div class='ocr_carea' id='block_1_91' title="bbox 110 4903 1727 4978">
    <p class='ocr_par' dir='ltr' id='par_1_91' title="bbox 110 4903 1727 4978">
     <span class='ocr_line' id='line_1_91' title="bbox 110 4903 1727 4978; baseline 0.006 -14"><span class='ocrx_word' id='word_1_702' title='bbox 110 4913 344 4970; x_wconf 72' lang='grc' dir='ltr'>αἰτίαν</span> <span class='ocrx_word' id='word_1_703' title='bbox 394 4908 560 4962; x_wconf 88' lang='grc' dir='ltr'>πόθεν</span> <span class='ocrx_word' id='word_1_704' title='bbox 601 4906 661 4961; x_wconf 74' lang='grc' dir='ltr'>ὲν</span> <span class='ocrx_word' id='word_1_705' title='bbox 694 4908 779 4961; x_wconf 76' lang='grc' dir='ltr'>σοὶ</span> <span class='ocrx_word' id='word_1_706' title='bbox 804 4907 1059 4978; x_wconf 87' lang='grc' dir='ltr'>τίκτομαι</span> <span class='ocrx_word' id='word_1_707' title='bbox 1085 4919 1100 4935; x_wconf 81' lang='grc'><strong><em>⁸</em></strong></span> <span class='ocrx_word' id='word_1_708' title='bbox 1149 4906 1243 4960; x_wconf 75' lang='grc' dir='ltr'>καὶ</span> <span class='ocrx_word' id='word_1_709' title='bbox 1284 4903 1425 4958; x_wconf 87' lang='grc' dir='ltr'>κατά</span> <span class='ocrx_word' id='word_1_710' title='bbox 1463 4904 1563 4972; x_wconf 82' lang='grc' dir='ltr'>τῆς</span> <span class='ocrx_word' id='word_1_711' title='bbox 1590 4903 1727 4973; x_wconf 68' lang='grc' dir='ltr'><strong>ὲμῆς</strong></span> 
     </span>
    </p>
   </div>
   <div class='ocr_carea' id='block_1_92' title="bbox 108 4995 1727 5076">
    <p class='ocr_par' dir='ltr' id='par_1_92' title="bbox 108 4995 1727 5076">
     <span class='ocr_line' id='line_1_92' title="bbox 108 4995 1727 5076; baseline -0.004 -21"><span class='ocrx_word' id='word_1_712' title='bbox 108 5000 439 5076; x_wconf 73' lang='grc' dir='ltr'>ἀγωνίζου</span> <span class='ocrx_word' id='word_1_713' title='bbox 470 5000 676 5071; x_wconf 71' lang='grc' dir='ltr'>μητρός</span> <span class='ocrx_word' id='word_1_714' title='bbox 699 5015 715 5030; x_wconf 86' lang='grc'><strong>·</strong></span> <span class='ocrx_word' id='word_1_715' title='bbox 761 4999 824 5053; x_wconf 84' lang='grc' dir='ltr'>οὐ</span> <span class='ocrx_word' id='word_1_716' title='bbox 853 4998 965 5070; x_wconf 91' lang='grc' dir='ltr'><strong>γάρ</strong></span> <span class='ocrx_word' id='word_1_717' title='bbox 1006 4998 1134 5068; x_wconf 88' lang='grc' dir='ltr'>μίαν</span> <span class='ocrx_word' id='word_1_718' title='bbox 1165 4999 1224 5051; x_wconf 81' lang='grc' dir='ltr'>ὲν</span> <span class='ocrx_word' id='word_1_719' title='bbox 1258 4998 1391 5051; x_wconf 84' lang='grc' dir='ltr'>πᾶσι</span> <span class='ocrx_word' id='word_1_720' title='bbox 1433 4995 1727 5066; x_wconf 82' lang='grc' dir='ltr'>κέκτημαι.</span> 
     </span>
    </p>
   </div>
   <div class='ocr_carea' id='block_1_93' title="bbox 123 5088 1729 5165">
    <p class='ocr_par' dir='ltr' id='par_1_93' title="bbox 123 5088 1729 5165">
     <span class='ocr_line' id='line_1_93' title="bbox 123 5088 1729 5165; baseline -0.006 -14"><span class='ocrx_word' id='word_1_721' title='bbox 123 5099 236 5154; x_wconf 80' lang='grc' dir='ltr'>Ἑν</span> <span class='ocrx_word' id='word_1_722' title='bbox 272 5093 478 5165; x_wconf 86' lang='grc' dir='ltr'>σοροῖς</span> <span class='ocrx_word' id='word_1_723' title='bbox 504 5090 805 5162; x_wconf 85' lang='grc' dir='ltr'>προσεύχου</span> <span class='ocrx_word' id='word_1_724' title='bbox 836 5090 1018 5145; x_wconf 84' lang='grc' dir='ltr'>πυκνά</span> <span class='ocrx_word' id='word_1_725' title='bbox 1042 5104 1056 5120; x_wconf 89' lang='grc'><strong>·</strong></span> <span class='ocrx_word' id='word_1_726' title='bbox 1105 5090 1289 5144; x_wconf 75' lang='grc' dir='ltr'>εἰκόνα</span> <span class='ocrx_word' id='word_1_727' title='bbox 1312 5088 1517 5144; x_wconf 86' lang='grc' dir='ltr'>τούτων</span> <span class='ocrx_word' id='word_1_728' title='bbox 1539 5088 1729 5155; x_wconf 80' lang='grc' dir='ltr'>ἀνεξά-</span> 
     </span>
    </p>
   </div>
   <div class='ocr_carea' id='block_1_94' title="bbox 103 5180 1727 5253">
    <p class='ocr_par' dir='ltr' id='par_1_94' title="bbox 103 5180 1727 5253">
     <span class='ocr_line' id='line_1_94' title="bbox 103 5180 1727 5253; baseline -0.028 -11"><span class='ocrx_word' id='word_1_729' title='bbox 103 5191 385 5242; x_wconf 81' lang='grc' dir='ltr'>λειπτον</span> <span class='ocrx_word' id='word_1_730' title='bbox 433 5180 734 5252; x_wconf 79' lang='grc' dir='ltr'>ζωγραφῶν</span> <span class='ocrx_word' id='word_1_731' title='bbox 765 5182 825 5235; x_wconf 73' lang='grc' dir='ltr'>ὲν</span> <span class='ocrx_word' id='word_1_732' title='bbox 874 5184 941 5253; x_wconf 71' lang='grc' dir='ltr'><strong>σῇ</strong></span> <span class='ocrx_word' id='word_1_733' title='bbox 976 5181 1174 5253; x_wconf 66' lang='grc' dir='ltr'>καρδίᾳ</span> <span class='ocrx_word' id='word_1_734' title='bbox 1201 5198 1216 5212; x_wconf 92' lang='grc'><strong>.</strong></span> <span class='ocrx_word' id='word_1_735' title='bbox 1268 5180 1469 5252; x_wconf 66' lang='grc' dir='ltr'><strong>ταύτης</strong></span> <span class='ocrx_word' id='word_1_736' title='bbox 1508 5180 1618 5252; x_wconf 69' lang='grc' dir='ltr'><strong>γὰρ</strong></span> <span class='ocrx_word' id='word_1_737' title='bbox 1651 5181 1727 5250; x_wconf 69' lang='grc' dir='ltr'>μὴ</span> 
     </span>
    </p>
   </div>
   <div class='ocr_carea' id='block_1_95' title="bbox 1831 4708 3393 4780">
    <p class='ocr_par' dir='ltr' id='par_1_95' title="bbox 1831 4708 3393 4780">
     <span class='ocr_line' id='line_1_95' title="bbox 1831 4708 3393 4780; baseline 0.003 -19"><span class='ocrx_word' id='word_1_738' title='bbox 1831 4708 1933 4763; x_wconf 92' lang='lat' dir='ltr'><strong>bus</strong></span> <span class='ocrx_word' id='word_1_739' title='bbox 1967 4708 2222 4774; x_wconf 91' lang='lat' dir='ltr'><strong>roborat,</strong></span> <span class='ocrx_word' id='word_1_740' title='bbox 2277 4719 2489 4779; x_wconf 90' lang='lat' dir='ltr'><strong>tempus</strong></span> <span class='ocrx_word' id='word_1_741' title='bbox 2523 4719 2716 4780; x_wconf 83' lang='lat' dir='ltr'><strong>auget,</strong></span> <span class='ocrx_word' id='word_1_742' title='bbox 2762 4712 3008 4780; x_wconf 88' lang='lat' dir='ltr'><strong>improba</strong></span> <span class='ocrx_word' id='word_1_743' title='bbox 3057 4715 3393 4767; x_wconf 83' lang='lat' dir='ltr'><strong>consuetudo</strong></span> 
     </span>
    </p>
   </div>
   <div class='ocr_carea' id='block_1_96' title="bbox 1832 4802 3388 4877">
    <p class='ocr_par' dir='ltr' id='par_1_96' title="bbox 1832 4802 3388 4877">
     <span class='ocr_line' id='line_1_96' title="bbox 1832 4802 3388 4877; baseline 0.003 -18"><span class='ocrx_word' id='word_1_744' title='bbox 1832 4806 2008 4859; x_wconf 83' lang='lat' dir='ltr'><strong>firmat</strong></span> <span class='ocrx_word' id='word_1_745' title='bbox 2050 4802 2321 4877; x_wconf 81' lang='lat' dir='ltr'><strong>[detinet],</strong></span> <span class='ocrx_word' id='word_1_746' title='bbox 2364 4821 2470 4874; x_wconf 91' lang='lat' dir='ltr'><strong>qua</strong></span> <span class='ocrx_word' id='word_1_747' title='bbox 2509 4806 2601 4875; x_wconf 91' lang='lat' dir='ltr'><strong>qui</strong></span> <span class='ocrx_word' id='word_1_748' title='bbox 2652 4814 2882 4872; x_wconf 90' lang='lat' dir='ltr'><strong>tenetur,</strong></span> <span class='ocrx_word' id='word_1_749' title='bbox 2916 4824 2946 4862; x_wconf 90' lang='lat' dir='ltr'><strong>a</strong></span> <span class='ocrx_word' id='word_1_750' title='bbox 2986 4824 3071 4862; x_wconf 90' lang='lat' dir='ltr'><strong>me</strong></span> <span class='ocrx_word' id='word_1_751' title='bbox 3114 4824 3388 4875; x_wconf 85' lang='lat' dir='ltr'><strong>nunquam</strong></span> 
     </span>
    </p>
   </div>
   <div class='ocr_carea' id='block_1_97' title="bbox 1832 4896 3390 4969">
    <p class='ocr_par' dir='ltr' id='par_1_97' title="bbox 1832 4896 3390 4969">
     <span class='ocr_line' id='line_1_97' title="bbox 1832 4896 3390 4969; baseline 0.003 -19"><span class='ocrx_word' id='word_1_752' title='bbox 1832 4897 2165 4952; x_wconf 88' lang='lat' dir='ltr'><strong>liberabitur.</strong></span> <span class='ocrx_word' id='word_1_753' title='bbox 2207 4896 2493 4953; x_wconf 88' lang='lat' dir='ltr'><strong>Persevera</strong></span> <span class='ocrx_word' id='word_1_754' title='bbox 2522 4898 2573 4951; x_wconf 91' lang='lat' dir='ltr'><strong>in</strong></span> <span class='ocrx_word' id='word_1_755' title='bbox 2594 4900 2810 4953; x_wconf 89' lang='lat' dir='ltr'><strong>assidua</strong></span> <span class='ocrx_word' id='word_1_756' title='bbox 2842 4915 2932 4967; x_wconf 84' lang='lat' dir='ltr'><strong>per</strong></span> <span class='ocrx_word' id='word_1_757' title='bbox 2957 4900 3152 4955; x_wconf 89' lang='lat' dir='ltr'><strong>multas</strong></span> <span class='ocrx_word' id='word_1_758' title='bbox 3183 4901 3390 4969; x_wconf 85' lang='lat' dir='ltr'><strong>vigilias</strong></span> 
     </span>
    </p>
   </div>
   <div class='ocr_carea' id='block_1_98' title="bbox 1826 4989 3388 5058">
    <p class='ocr_par' dir='ltr' id='par_1_98' title="bbox 1826 4989 3388 5058">
     <span class='ocr_line' id='line_1_98' title="bbox 1826 4989 3388 5058; baseline 0.002 -16"><span class='ocrx_word' id='word_1_759' title='bbox 1826 4989 2015 5058; x_wconf 89' lang='lat' dir='ltr'><strong>judicii</strong></span> <span class='ocrx_word' id='word_1_760' title='bbox 2058 4990 2288 5044; x_wconf 88' lang='lat' dir='ltr'><strong>extremi</strong></span> <span class='ocrx_word' id='word_1_761' title='bbox 2334 4990 2700 5058; x_wconf 89' lang='lat' dir='ltr'><strong>meditatione,</strong></span> <span class='ocrx_word' id='word_1_762' title='bbox 2746 5000 2799 5044; x_wconf 92' lang='lat' dir='ltr'><strong>et</strong></span> <span class='ocrx_word' id='word_1_763' title='bbox 2862 4992 3091 5047; x_wconf 89' lang='lat' dir='ltr'><strong>fortasse</strong></span> <span class='ocrx_word' id='word_1_764' title='bbox 3145 4993 3388 5046; x_wconf 83' lang='lat' dir='ltr'><strong>nonnihil</strong></span> 
     </span>
    </p>
   </div>
   <div class='ocr_carea' id='block_1_99' title="bbox 1833 5080 3387 5155">
    <p class='ocr_par' dir='ltr' id='par_1_99' title="bbox 1833 5080 3387 5155">
     <span class='ocr_line' id='line_1_99' title="bbox 1833 5080 3387 5155; baseline 0.003 -20"><span class='ocrx_word' id='word_1_765' title='bbox 1833 5083 1927 5136; x_wconf 90' lang='lat' dir='ltr'><strong>tibi</strong></span> <span class='ocrx_word' id='word_1_766' title='bbox 1956 5080 2163 5137; x_wconf 89' lang='lat' dir='ltr'><strong>cedam.</strong></span> <span class='ocrx_word' id='word_1_767' title='bbox 2194 5081 2408 5152; x_wconf 86' lang='lat' dir='ltr'><strong>Dispice</strong></span> <span class='ocrx_word' id='word_1_768' title='bbox 2434 5082 2720 5155; x_wconf 89' lang='lat' dir='ltr'><strong>diligenter</strong></span> <span class='ocrx_word' id='word_1_769' title='bbox 2753 5099 2995 5148; x_wconf 84' lang='lat' dir='ltr'><strong>causam,</strong></span> <span class='ocrx_word' id='word_1_770' title='bbox 3026 5101 3094 5140; x_wconf 87' lang='lat' dir='ltr'><strong>ex</strong></span> <span class='ocrx_word' id='word_1_771' title='bbox 3140 5100 3245 5154; x_wconf 88' lang='lat' dir='ltr'><strong>qua</strong></span> <span class='ocrx_word' id='word_1_772' title='bbox 3295 5086 3387 5139; x_wconf 89' lang='lat' dir='ltr'><strong>tibi</strong></span> 
     </span>
    </p>
   </div>
   <div class='ocr_carea' id='block_1_100' title="bbox 1830 5179 3387 5251">
    <p class='ocr_par' dir='ltr' id='par_1_100' title="bbox 1830 5179 3387 5251">
     <span class='ocr_line' id='line_1_100' title="bbox 1830 5179 3387 5251; baseline 0.003 -19"><span class='ocrx_word' id='word_1_773' title='bbox 1830 5190 1953 5233; x_wconf 88' lang='lat' dir='ltr'><strong>nata</strong></span> <span class='ocrx_word' id='word_1_774' title='bbox 1974 5194 2122 5243; x_wconf 88' lang='lat' dir='ltr'><strong>sum,</strong></span> <span class='ocrx_word' id='word_1_775' title='bbox 2146 5188 2200 5234; x_wconf 91' lang='lat' dir='ltr'><strong>et</strong></span> <span class='ocrx_word' id='word_1_776' title='bbox 2226 5179 2485 5235; x_wconf 89' lang='lat' dir='ltr'><strong>adversus</strong></span> <span class='ocrx_word' id='word_1_777' title='bbox 2510 5188 2735 5234; x_wconf 91' lang='lat' dir='ltr'><strong>matrem</strong></span> <span class='ocrx_word' id='word_1_778' title='bbox 2760 5196 2935 5235; x_wconf 90' lang='lat' dir='ltr'><strong>meam</strong></span> <span class='ocrx_word' id='word_1_779' title='bbox 2962 5181 3199 5243; x_wconf 87' lang='lat' dir='ltr'><strong>decerta,</strong></span> <span class='ocrx_word' id='word_1_780' title='bbox 3224 5197 3387 5251; x_wconf 87' lang='lat' dir='ltr'><strong>quam</strong></span> 
     </span>
    </p>
   </div>
   <div class='ocr_carea' id='block_1_101' title="bbox 104 5272 1726 5355">
    <p class='ocr_par' dir='ltr' id='par_1_101' title="bbox 104 5272 1726 5355">
     <span class='ocr_line' id='line_1_101' title="bbox 104 5272 1726 5355; baseline -0.004 -25"><span class='ocrx_word' id='word_1_781' title='bbox 104 5274 475 5355; x_wconf 75' lang='grc' dir='ltr'>γραφείσης</span> <span class='ocrx_word' id='word_1_782' title='bbox 506 5273 751 5344; x_wconf 77' lang='grc' dir='ltr'>γραφείῳ</span> <span class='ocrx_word' id='word_1_783' title='bbox 775 5272 1047 5343; x_wconf 85' lang='grc' dir='ltr'>νηστείας,</span> <span class='ocrx_word' id='word_1_784' title='bbox 1080 5273 1142 5326; x_wconf 86' lang='grc' dir='ltr'><strong>ού</strong></span> <span class='ocrx_word' id='word_1_785' title='bbox 1178 5273 1251 5344; x_wconf 80' lang='grc' dir='ltr'>μή</span> <span class='ocrx_word' id='word_1_786' title='bbox 1283 5289 1350 5342; x_wconf 89' lang='grc' dir='ltr'><strong>με</strong></span> <span class='ocrx_word' id='word_1_787' title='bbox 1386 5273 1614 5346; x_wconf 77' lang='grc' dir='ltr'>νικήσῃς</span> <span class='ocrx_word' id='word_1_788' title='bbox 1650 5273 1726 5335; x_wconf 87' lang='grc' dir='ltr'><strong>είς</strong></span> 
     </span>
    </p>
   </div>
   <div class='ocr_carea' id='block_1_102' title="bbox 1752 5272 3389 5355">
    <p class='ocr_par' dir='ltr' id='par_1_102' title="bbox 1832 5272 3389 5344">
     <span class='ocr_line' id='line_1_102' title="bbox 1832 5272 3389 5344; baseline 0.001 -18"><span class='ocrx_word' id='word_1_789' title='bbox 1832 5290 1937 5326; x_wconf 85' lang='lat' dir='ltr'><strong>non</strong></span> <span class='ocrx_word' id='word_1_790' title='bbox 1989 5287 2150 5327; x_wconf 87' lang='lat' dir='ltr'><strong>unam</strong></span> <span class='ocrx_word' id='word_1_791' title='bbox 2210 5274 2399 5327; x_wconf 86' lang='lat' dir='ltr'><strong>habeo.</strong></span> <span class='ocrx_word' id='word_1_792' title='bbox 2450 5272 2507 5328; x_wconf 86' lang='lat' dir='ltr'><strong>In</strong></span> <span class='ocrx_word' id='word_1_793' title='bbox 2561 5273 2788 5329; x_wconf 87' lang='lat' dir='ltr'><strong>ossariis</strong></span> <span class='ocrx_word' id='word_1_794' title='bbox 2843 5278 3212 5344; x_wconf 82' lang='lat' dir='ltr'><strong>sepulcrorum</strong></span> <span class='ocrx_word' id='word_1_795' title='bbox 3285 5275 3389 5328; x_wconf 84' lang='lat' dir='ltr'><strong>frc-</strong></span> 
     </span>
    </p>
   </div>
   <div class='ocr_carea' id='block_1_103' title="bbox 103 5367 486 5428">
    <p class='ocr_par' dir='ltr' id='par_1_103' title="bbox 103 5367 486 5428">
     <span class='ocr_line' id='line_1_103' title="bbox 103 5367 486 5428; baseline -0.023 0"><span class='ocrx_word' id='word_1_796' title='bbox 103 5375 217 5428; x_wconf 83' lang='grc' dir='ltr'>τὸν</span> <span class='ocrx_word' id='word_1_797' title='bbox 256 5367 486 5425; x_wconf 77' lang='grc' dir='ltr'>αἰῶνα.</span> 
     </span>
    </p>
   </div>
   <div class='ocr_carea' id='block_1_104' title="bbox 1833 5366 3356 5437">
    <p class='ocr_par' dir='ltr' id='par_1_104' title="bbox 1833 5366 3356 5437">
     <span class='ocr_line' id='line_1_104' title="bbox 1833 5366 3356 5437; baseline 0 -20"><span class='ocrx_word' id='word_1_798' title='bbox 1833 5372 2061 5434; x_wconf 84' lang='lat' dir='ltr'><strong>quenter</strong></span> <span class='ocrx_word' id='word_1_799' title='bbox 2105 5380 2343 5433; x_wconf 88' lang='lat' dir='ltr'><strong>precare,</strong></span> <span class='ocrx_word' id='word_1_800' title='bbox 2391 5373 2446 5420; x_wconf 91' lang='lat' dir='ltr'><strong>et</strong></span> <span class='ocrx_word' id='word_1_801' title='bbox 2496 5366 2547 5419; x_wconf 94' lang='lat' dir='ltr'><strong>in</strong></span> <span class='ocrx_word' id='word_1_802' title='bbox 2592 5367 2756 5421; x_wconf 86' lang='lat' dir='ltr'><strong>corde</strong></span> <span class='ocrx_word' id='word_1_803' title='bbox 2788 5378 2879 5420; x_wconf 93' lang='lat' dir='ltr'><strong>tuo</strong></span> <span class='ocrx_word' id='word_1_804' title='bbox 2920 5367 3205 5437; x_wconf 81' lang='lat' dir='ltr'><strong>imaginem</strong></span> <span class='ocrx_word' id='word_1_805' title='bbox 3242 5382 3356 5420; x_wconf 90' lang='lat' dir='ltr'><strong>mor</strong></span> 
     </span>
    </p>
   </div>
   <div class='ocr_carea' id='block_1_105' title="bbox 104 5460 3388 5535">
    <p class='ocr_par' dir='ltr' id='par_1_105' title="bbox 104 5460 3388 5535">
     <span class='ocr_line' id='line_1_105' title="bbox 104 5460 3388 5535; baseline -0.002 -12"><span class='ocrx_word' id='word_1_806' title='bbox 104 5478 383 5523; x_wconf 85' lang='lat' dir='ltr'><strong>tuorum</strong></span> <span class='ocrx_word' id='word_1_807' title='bbox 443 5471 697 5518; x_wconf 69' lang='lat' dir='ltr'><strong>aeternam</strong></span> <span class='ocrx_word' id='word_1_808' title='bbox 754 5463 981 5535; x_wconf 83' lang='lat' dir='ltr'><strong>depinge</strong></span> <span class='ocrx_word' id='word_1_809' title='bbox 1025 5484 1035 5519; x_wconf 97' lang='lat'>:</span> <span class='ocrx_word' id='word_1_810' title='bbox 1095 5466 1194 5522; x_wconf 85' lang='lat' dir='ltr'><strong>hac</strong></span> <span class='ocrx_word' id='word_1_811' title='bbox 1239 5469 1380 5521; x_wconf 89' lang='lat' dir='ltr'><strong>enim</strong></span> <span class='ocrx_word' id='word_1_812' title='bbox 1426 5465 1478 5519; x_wconf 92' lang='lat' dir='ltr'><strong>in</strong></span> <span class='ocrx_word' id='word_1_813' title='bbox 1530 5471 1708 5519; x_wconf 87' lang='lat' dir='ltr'><strong>mente</strong></span> <span class='ocrx_word' id='word_1_814' title='bbox 1756 5470 1867 5527; x_wconf 89' lang='lat' dir='ltr'><strong>tua,</strong></span> <span class='ocrx_word' id='word_1_815' title='bbox 1914 5460 2161 5532; x_wconf 84' lang='lat' dir='ltr'><strong>penicillo</strong></span> <span class='ocrx_word' id='word_1_816' title='bbox 2216 5460 2404 5532; x_wconf 86' lang='lat' dir='ltr'><strong>jejunii</strong></span> <span class='ocrx_word' id='word_1_817' title='bbox 2450 5475 2556 5515; x_wconf 93' lang='lat' dir='ltr'><strong>non</strong></span> <span class='ocrx_word' id='word_1_818' title='bbox 2611 5461 2898 5530; x_wconf 81' lang='lat' dir='ltr'><strong>descripta,</strong></span> <span class='ocrx_word' id='word_1_819' title='bbox 2960 5461 3121 5516; x_wconf 86' lang='lat' dir='ltr'><strong>nullis</strong></span> <span class='ocrx_word' id='word_1_820' title='bbox 3179 5461 3388 5516; x_wconf 80' lang='lat' dir='ltr'><strong>saeculis</strong></span> 
     </span>
    </p>
   </div>
   <div class='ocr_carea' id='block_1_106' title="bbox 102 5561 483 5621">
    <p class='ocr_par' dir='ltr' id='par_1_106' title="bbox 102 5561 483 5621">
     <span class='ocr_line' id='line_1_106' title="bbox 102 5561 483 5621; baseline -0.029 1"><span class='ocrx_word' id='word_1_821' title='bbox 102 5582 210 5621; x_wconf 84' lang='lat' dir='ltr'><strong>me</strong></span> <span class='ocrx_word' id='word_1_822' title='bbox 239 5561 483 5615; x_wconf 83' lang='lat' dir='ltr'><strong>vinces.</strong></span> 
     </span>
    </p>
   </div>
   <div class='ocr_carea' id='block_1_107' title="bbox 1716 5696 1791 5709">
    <p class='ocr_par' dir='ltr' id='par_1_107' title="bbox 1716 5696 1791 5709">
     <span class='ocr_line' id='line_1_107' title="bbox 1716 5696 1791 5709; baseline 0 0"><span class='ocrx_word' id='word_1_823' title='bbox 1716 5696 1791 5709; x_wconf 62' lang='lat'><strong>.1—</strong></span> 
     </span>
    </p>
   </div>
  </div>
