4216 6458
188 550 289 621 93ἷ

1175 543 1400 602 SCALA
1435 535 1807 600 PARADISI.
1839 562 1896 568 υν-
1936 535 2238 594 GRADUS
2275 532 2408 592 XIX

3289 527 3392 592 938

188 668 310 732 θην,
339 662 429 714 καὶ
457 661 490 729 ἡ
529 659 687 726 σοφία
719 657 814 726 τὴν
846 654 1039 724 εαυτῆς
1067 652 1237 722 θύραν
1277 652 1354 721 τῷ
1373 650 1610 717 ποιοὺτῳ
1635 646 1735 699 οὑκ
1765 651 1808 705 Α
1837 661 1853 712 ε

1725 663 1735 698 ι
1765 651 1808 705 Α
1837 659 1962 712 gere
1981 643 2328 706 oblivionem,
2363 651 2414 694 ct
2441 639 2699 710 sapientia
2728 639 2818 693 tali
2847 639 3048 694 aditum
3078 637 3140 692 ad
3171 652 3229 692 se
3259 648 3390 706 prae-

185 753 416 820 ἀνοίγει.

1842 734 2026 789 cludit.

208 886 3385 922 W~3

782 991 998 1046 ΛΟΓΟΣ
1023 989 1124 1044 ῙΘ¹.

187 1109 327 1177 Περὶ
368 1107 563 1161 ὕπνου
610 1103 1270 1177 καὶπροσευχῆςξεκαί
1317 1101 1427 1170 τῆς
1467 1100 1537 1153 ἐν
1581 1113 1730 1151 συν-

684 1173 818 1241 οδίᾳ
869 1174 1240 1242 ψαλμῳδίας.

262 1269 466 1331 ’Υπνος
525 1267 643 1320 ἐστὶ
702 1265 915 1334 φύσεως
971 1264 1150 1328 ποσῶς
1175 1264 1428 1326 σύστασις
1460 1260 1535 1332 (f)
1582 1258 1744 1312 εἰκὼν

185 1361 440 1422 θανάτου,
472 1358 774 1427 αἰσθήσεων
813 1355 996 1426 ἀργία.
1053 1350 1146 1418 Εἷς
1182 1355 1280 1426 μὲν
1305 1357 1334 1408 ὁ
1367 1353 1558 1414 ὕπνος,
1591 1349 1744 1403 πλεί-

192 1471 325 1517 στας
362 1453 418 1510 δὲ
464 1451 564 1515 τὰς
609 1449 916 1512 ὑποθέσεις,
950 1449 1025 1510 ὡς
1068 1449 1164 1502 καὶ
1212 1449 1245 1518 ἠ
1293 1445 1558 1516 ἐπιθυμία
1603 1443 1739 1513 ἔχει.

186 1546 352 1612 Λέγω
393 1543 449 1595 δὲ
504 1543 569 1594 ὲκ
621 1540 856 1609 φύσεως,
886 1541 950 1593 ἐκ
995 1539 1318 1609 βρωμάτων,
1345 1539 1411 1590 ἐκ
1451 1534 1738 1606 δαιμόνων,

118 1684 139 1706 ο
187 1634 225 1704 ἦ
253 1633 391 1702 τάχα
434 1649 538 1684 που
586 1631 680 1683 καὶ
730 1629 791 1695 ἐξ
834 1630 1010 1699 ἄκρας
1037 1627 1430 1698 ἐπιτεταμένης
1448 1624 1697 1694 νηστείας
1722 1639 1737 1654 ·

189 1726 255 1791 ἐξ
277 1719 344 1796 ἧς
386 1721 740 1787 ἐξαώενοῦσα
767 1723 800 1790 ὴ
837 1719 992 1791 σάρξ,
1028 1719 1095 1772 δι’
1121 1717 1290 1772 ὕπνου
1335 1714 1518 1771 λοιπὸν
1543 1712 1740 1784 ἑαυτὴν

189 1813 631 1886 παραμυθεῖσθαι
676 1812 942 1883 βούλεται,
969 1810 1158 1882 ῶσπερ
1203 1812 1236 1880 ἠ
1283 1808 1584 1863 πολυποσία
1619 1822 1743 1860 συν-

189 1907 350 1977 ηθείᾳ
379 1907 607 1977 ἢρτηται
626 1922 641 1936 ·
677 1903 848 1968 οὕτως
878 1904 972 1956 καὶ
1001 1905 1035 1974 ἡ
1074 1903 1377 1957 πολυῦπνία
1397 1919 1412 1934 ·
1451 1900 1534 1954 διὸ
1565 1901 1622 1953 ἐν
1644 1899 1742 1968 ἀρ-

189 1999 316 2068 χαῖς
361 1995 591 2064 μάλιστα
632 1995 730 2064 τῆς
768 1993 1045 2062 ὑποταγῆς
1091 1983 1212 2046 κατ’
1247 1992 1419 2061 αὑτῆς
1461 1986 1742 2059 ἀγωνισώ-

2381 985 2660 1042 CRADUS
2694 984 2834 1038 XIX.

1850 1099 1924 1154 De
1946 1115 2148 1162 somno,
2170 1099 2425 1168 precibus,
2469 1101 2591 1152 etin
2628 1098 2835 1166 publica
2877 1109 3124 1154 conventu
3165 1099 3393 1168 psalmo-

2466 1185 2579 1221 rum
2613 1178 2791 1222 cantu.

1919 1258 2158 1315 Somnus
2190 1270 2274 1317 est
2310 1270 2482 1315 status
2527 1275 2620 1314 seu
2660 1259 2881 1316 allectus
2918 1261 3135 1330 quidam
3170 1268 3393 1322 natura.

1848 1352 2042 1406 mortis
2071 1351 2246 1422 imago
2287 1351 2380 1420 (α),
2417 1365 2696 1414 sensuum,
2731 1353 2886 1421 quies
2915 1360 2970 1406 et
2997 1354 3242 1406 cessatio.
3279 1349 3396 1404 Una

1845 1441 2059 1511 quidem
2089 1452 2173 1497 est
2204 1441 2345 1496 ratio
2377 1442 2575 1506 somni,
2611 1443 2702 1496 sed
2738 1443 3020 1511 plurimas,
3046 1442 3209 1496 veluti
3240 1441 3395 1510 cupi-

1845 1531 2005 1598 ditas,
2037 1532 2196 1587 habet
2237 1547 2448 1586 causas.
2477 1533 2554 1587 Ex
2597 1542 2812 1596 natura,
2864 1533 3105 1602 inquam,
3139 1547 3203 1584 ex
3234 1531 3394 1594 cibis,

1845 1637 1877 1676 a
1908 1622 2263 1686 daemonibus,
2299 1630 2393 1677 aut
2434 1620 2664 1679 fortasse
2694 1624 2854 1678 etiam
2884 1639 2946 1677 ex
2977 1638 3186 1678 summa
3225 1629 3276 1675 ct
3314 1622 3400 1674 ni-

1845 1715 1953 1768 mia
1978 1713 2168 1784 jejunii
2200 1713 2397 1780 inedia,
2420 1729 2524 1784 qua
2547 1715 2879 1770 debilitatum
2907 1729 3104 1784 corpus
3134 1729 3228 1784 per
3255 1728 3400 1769 som-

1845 1821 1974 1861 num
1999 1805 2247 1875 deinceps
2270 1817 2497 1861 conatur
2517 1822 2573 1862 se
2595 1807 2812 1862 reficere
2838 1815 2892 1862 et
2916 1821 3178 1862 recreare.
3198 1806 3401 1873 Quem-

1847 1896 2135 1951 admodum
2167 1897 2420 1968 frequens
2452 1907 2506 1952 et
2547 1898 2695 1968 larga
2737 1898 2984 1967 potitatio
3009 1913 3074 1953 ex
3111 1906 3400 1952 consuetu-

1846 1990 1973 2044 dine
2013 1999 2137 2044 nata
2166 1999 2269 2065 est,
2302 1991 2372 2044 ila
2397 1991 2599 2046 multus
2622 2000 2676 2045 et
2696 1990 2891 2061 longus
2929 2005 3152 2046 somnus
3176 2008 3188 2044 :
3212 1998 3400 2044 contra

193 2065 356 2161 μεθα.
409 2088 654 2143 Χαλεπὸν
703 2081 812 2158 γάρ
855 2088 1138 2158 συνήθειαν
1201 2085 1418 2159 μακρὰν
1469 2086 1746 2141 ίάσασθαι·
1779 2066 1858 2133 Bt

1735 2098 1746 2112 '
1779 2066 1824 2122 Β
1854 2097 2012 2152 quem
2035 2084 2086 2160 in
2113 2083 2230 2151 ipso
2256 2065 2529 2152 religionis
2563 2089 2618 2136 et
2649 2080 2885 2136 tirocinii
2905 2080 3130 2137 exordio
3158 2095 3400 2150 pugnan-

203 2167 773 2252 Ἐπιτηρὴσωμεν’καὶ
789 2180 1089 2250 εὑρήσομεν
1109 2179 1209 2249 τῆς
1230 2177 1602 2247 πνευματικῆς
1620 2177 1747 2232 σάλ-

189 2289 392 2340 πιγγος
463 2257 832 2347 σημαινούσης
893 2270 1101 2342 ὁρατῶς
1173 2269 1271 2340 μὲν
1329 2267 1747 2341 ἀθροιζομένους

189 2364 473 2432 ἀδελφοὺς,
522 2348 851 2434 ἀοράτωςδέ
882 2354 1274 2432 συναγομένους
1308 2361 1431 2424 τοὺς
1472 2359 1706 2432 ἐχθρούς
1727 2375 1742 2391 ·

190 2455 276 2508 διὸ
302 2455 354 2507 οί
396 2454 493 2524 μὲν
520 2453 613 2506 ἐπὶ
642 2452 739 2524 τὴν
769 2452 958 2524 κλίνην
1005 2453 1322 2515 ἐπιστάντες
1352 2450 1490 2520 μετά
1511 2450 1614 2521 τὴν
1655 2452 1748 2505 άν-

193 2548 436 2618 έγερσιν,
471 2539 632 2620 πάλιν
665 2545 809 2615 ἡμᾶς
837 2545 931 2598 ἐπὶ
957 2543 1159 2615 ταύτην
1186 2542 1535 2613 ἀνακλιθῆναι
1561 2541 1748 2595 ὑποτί-

191 2640 382 2692 Θενται
421 2638 636 2700 Μεῖνον,
677 2635 944 2704 λέγοντες,
988 2636 1115 2706 ἄχρι
1158 2633 1600 2707 συμπληρώσεως
1634 2633 1744 2686 τῶν

193 2727 569 2799 προοιμιακῶν
597 2725 800 2796 ὕμνων,
847 2724 945 2780 εἶθ’
981 2726 1152 2790 οὕτως
1173 2728 1231 2780 ἐν
1267 2727 1332 2797 τῇ
1357 2725 1619 2796 ἐκκλησίᾳ
1652 2741 1751 2777 πο-

195 2820 388 2892 ρεύσῃ.
433 2819 495 2872 0i
535 2818 592 2871 δὲ
643 2820 701 2872 ἐν
733 2820 800 2888 τῇ
852 2820 1126 2889 προσευχῇ
1184 2817 1622 2887 παρισταμένους
1671 2813 1752 2884 τῷ

193 2911 352 2982 ὕπνῳ
394 2910 904 2974 καταϐαπτίζουσιν.
932 2911 1148 2980 Ἕτεροι
1195 2909 1295 2979 τὴν
1318 2908 1565 2976 γαστέρα
1591 2906 1744 2978 παρὰ

191 3005 297 3075 τὴν
321 3003 606 3074 συνήθειαν
630 3001 1030 3071 ἐπιτεταμένως
1077 3001 1354 3054 νύττουσιν
1375 3017 1387 3029 ·
1423 2999 1571 3054 ἄλλοι
1617 3015 1743 3052 συν-

193 3096 391 3164 τυχίας
434 3097 609 3147 ποιεῖν
639 3094 696 3146 ὲν
737 3093 814 3162 τῷ
838 3091 1100 3163 Κυριακῷ
1137 3091 1531 3164 προτρέπονται
1552 3107 1566 3118 ·
1598 3090 1747 3144 ἄλλοι

193 3186 289 3240 τὸν
317 3186 442 3240 νοῦν
473 3188 552 3250 είς
582 3186 871 3254 λογισμοὺς
901 3183 1158 3254 αἰσχροὺς
1184 3182 1544 3254 ὑποσύρουσιν
1570 3197 1584 3210 '
1623 3182 1746 3237 ἐτε·

197 3296 284 3348 ροι
312 3277 371 3329 δέ
403 3277 481 3348 τῷ
527 3277 690 3347 τοίχῳ
721 3277 889 3346 ἡμᾶς,
936 3275 1010 3338 ὼς
1063 3275 1487 3345 ἐξατονήσαντας
1530 3271 1721 3328 ἀνακλί

194 3385 413 3423 νουσιν·
446 3368 557 3421 ἐστι
599 3368 656 3422 δὲ
694 3369 782 3422 ὅτε
829 3367 924 3421 καὶ
958 3366 1196 3437 χάσμαις
1247 3367 1455 3420 πλείοσι
1493 3365 1740 3436 περιϐάλο

194 3461 350 3515 λουσι
374 3476 388 3490 ο
420 3461 562 3523 τινὲς
601 3459 699 3529 μὲν
743 3459 920 3513 αὐτῶν
948 3459 1156 3528 γέλωτα
1184 3459 1442 3522 πολλάκις
1470 3460 1526 3511 ἐν
1554 3457 1632 3527 τῷ
1652 3456 1749 3526 τῆς

198 3555 510 3625 προσευχῆς
539 3551 712 3623 καιρῷ
747 3551 995 3621 γενέσθαι
1027 3551 1310 3622 ἐποίησαν,
1335 3551 1420 3604 ἵνα
1443 3551 1509 3603 δι’
1535 3549 1747 3603 ἐκείνου

195 3646 293 3700 τὸν
315 3644 449 3698 Θεὸν
475 3643 596 3697 καθ’
626 3643 780 3715 ἡμῶν
826 3644 907 3706 είς
943 3644 1316 3712 ἀγανάκτησιν
1371 3641 1706 3712 διεγείρωσιν
1734 3656 1748 3670 ο

195 3737 353 3792 ἄλλοι
374 3735 620 3789 σπεύδειν
640 3736 786 3805 ἡμᾶς
805 3735 862 3788 ἐν
878 3737 944 3806 τῇ
967 3736 1029 3788 ἐκ
1051 3735 1323 3807 ῥᾳθυμίας
1343 3733 1615 3806 βιάζονται
1640 3731 1715 3803 (2)
1735 3747 1747 3759 ·

196 3827 352 3881 ἄλλοι
392 3825 762 3896 σχολαιότερον
801 3825 1022 3896 ψάλλειν
1055 3827 1120 3879 ὲκ
1159 3825 1467 3896 φιληδονίας
1515 3823 1752 3896 προτρέ-

199 3912 583 3968 πονται.Ἐστι
607 3913 663 3966 δὲ
688 3914 774 3966 ὅτε
800 3915 893 3968 κα)⁸
917 3913 994 3985 τῷ
1017 3914 1242 3984 στόματι
1271 3913 1746 3985 παρακαθήμενοι,

197 4004 589 4075 κεκλεισμένον
634 4004 793 4058 τοῦτο
843 4006 936 4058 καὶ
960 4004 1306 4058 δυσάνοικτον
1331 4005 1751 4075 ἀπεργάζονται.

211 4097 276 4149 ⁸0
301 4095 423 4167 Θεῷ
451 4095 816 4167 παρίστασθαι
855 4095 1219 4167 λογιζόμενος,
1250 4097 1308 4148 ἐν
1337 4095 1585 4167 αἰσθήσει
1619 4111 1756 4166 καρ-

196 4189 344 4252 δίας,
375 4190 434 4241 ὲν
461 4191 734 4259 προσευχῇ
767 4189 951 4252 στύλος
980 4189 1235 4259 ἀκίνητος
1259 4187 1633 4260 εὑρεθήσεται,
1663 4187 1756 4240 ὑπ’

197 4280 418 4344 οὐδενὸς
444 4280 553 4334 τῶν
577 4281 984 4353 προειρημένων
1029 4279 1455 4351 ἐμπαιζόμενος.
1501 4279 1561 4333 '0
1589 4279 1756 4343 ὅντως

197 4373 468 4443 ὑπήκοος,
487 4372 743 4436 πολλάκις
771 4373 1028 4442 ἐξαίφνης
1047 4373 1140 4426 ἐπὶ
1160 4372 1466 4442 προσευχὴν
1481 4371 1615 4435 ὅλως
1643 4389 1757 4440 φω-

196 4464 380 4526 τεινὸς
433 4464 526 4516 καὶ
575 4463 973 4533 ἀγαλλιώμενος
1023 4465 1252 4532 γίνεται.
1301 4465 1756 4534 Προπαρεσκευαο

201 4555 407 4625 σμένος
441 4555 548 4625 γὰρ
568 4551 635 4625 ἦν
666 4555 752 4608 διὰ
771 4559 870 4624 τῆς
900 4555 1184 4610 ἀνοθεύτου
1207 4555 1481 4619 διακονίας
1509 4557 1600 4608 καὶ
1634 4573 1761 4625 προ-

198 4649 600 4718 πεπυρωμένος
622 4650 650 4700 ό
671 4647 900 4719 πύκτης.
922 4650 1058 4702 Πᾶσι
1088 4649 1187 4718 μὲν
1208 4649 1429 4703 δυνατὸν
1459 4649 1596 4719 μετὰ
1619 4651 1759 4719 πλή-

1846 2175 1974 2230 dum
2002 2184 2103 2229 est.
2132 2171 2481 2227 lnveteratam
2502 2172 2644 2228 enim
2662 2173 3100 2230 consuetudinem
3118 2172 3401 2230 emendare

1845 2277 1899 2322 et
1931 2280 2125 2320 sanare
2149 2273 2231 2319 est
2276 2263 2505 2320 difficile.
2537 2263 2896 2320 Observemus
2929 2274 3177 2320 accurate
3217 2273 3273 2318 et
3314 2264 3400 2318 iu-

1847 2357 2148 2427 telligemus
2185 2356 2340 2426 signo
2367 2371 2539 2412 sacrae
2567 2355 2724 2428 265
2750 2357 2889 2412 tubae
2909 2365 3136 2412 canente
3158 2356 3274 2426 cogi
3298 2356 3402 2411 fra-

1849 2459 1988 2503 trum
2011 2456 2185 2504 ctetus
2205 2449 2378 2504 oculis
2403 2459 2668 2516 parentes;
2694 2449 2962 2519 simulque
2992 2449 3402 2518 inaspectabiles

1849 2542 2034 2597 hostes
2060 2551 2276 2596 nostros
2315 2556 2636 2597 concurrere
2680 2541 2772 2612 qui
2806 2542 3093 2597 adlectum
3122 2543 3400 2597 cubicula-

1851 2649 1966 2689 rem
1996 2643 2192 2697 astant,
2227 2643 2281 2688 et
2307 2648 2405 2688 nos
2432 2645 2716 2704 postquam
2746 2633 3140 2702 evigilavimus,
3185 2649 3402 2689 rursum

1847 2730 2181 2785 conanturin
2215 2729 2408 2784 lectum
2429 2729 2678 2800 dejicere.
2710 2727 2882 2794 Mane,
2901 2729 3172 2798 inquiunt,
3205 2729 3401 2783 tantis-

1851 2838 1972 2892 per,
2006 2823 2134 2878 dum
2169 2822 2326 2891 primi
2364 2821 2678 2892 psalmodiae
2713 2821 2898 2893 hymni
2938 2821 3318 2886 absolvantur,
3351 2831 3407 2875 et

1850 2924 1963 2973 tum
1997 2915 2128 2969 satis
2168 2913 2345 2968 adhuc
2399 2923 2610 2969 mature
2656 2913 2722 2968 ad
2760 2912 3046 2968 ecclesiam
3089 2912 3399 2967 descendes.

1849 3003 1950 3057 Alii
1973 3003 2222 3073 precibus
2254 3012 2506 3059 vacantes
2550 3003 2926 3069 circumstant,
2972 3012 3034 3058 ut
3064 3019 3163 3058 nos
3210 3017 3402 3059 somno

1851 3103 2116 3164 mergant.
2154 3094 2259 3150 Alii
2306 3103 2501 3164 praeter
2546 3109 2754 3150 morem
2807 3094 3180 3165 intempestive
3225 3093 3405 3148 alvum

1856 3185 2231 3240 vehementius
2259 3195 2484 3256 urgent;
2515 3185 2606 3240 alii
2649 3199 2747 3252 nos
2771 3185 2836 3240 ad
2869 3183 3079 3240 fabulas
3106 3186 3160 3239 in
3206 3184 3406 3254 templo

1852 3279 2213 3334 conserendas
2241 3279 2467 3333 incitant
2491 3295 2506 3344 ;
2535 3279 2624 3332 alii
2652 3286 2883 3333 mentem
2905 3279 2970 3332 ad
2993 3277 3232 3347 impuras
3260 3276 3408 3347 cogi-

1851 3371 2083 3425 tationes
2114 3372 2468 3441 pertrahunt;
2494 3371 2585 3426 alii
2623 3387 2724 3428 nos
2754 3371 2807 3426 in
2837 3371 3092 3441 parietem
3119 3370 3281 3426 veluti
3315 3369 3409 3422 dc-

1856 3463 1991 3519 biles
2017 3472 2071 3519 et
2095 3463 2385 3518 exhaustos
2414 3464 2704 3530 inclinant;
2750 3465 2839 3519 alii
2873 3464 3078 3520 crebris
3117 3479 3216 3519 nos
3261 3462 3408 3518 osci-

1856 3555 2149 3612 tationibus
2191 3555 2715 3627 fatigantznonnulli
2745 3557 2910 3613 risum
2933 3557 3092 3612 etiam
3131 3556 3248 3626 ipso
3289 3570 3410 3626 pre-

1859 3647 2015 3703 candi
2048 3657 2289 3717 tempore
2324 3647 2481 3704 nobis
2531 3656 2768 3715 movent,
2809 3658 2868 3702 ut
2900 3647 3024 3702 irati
3065 3637 3300 3702 numinis
3326 3647 3412 3700 in-

1858 3742 2222 3811 dignationem
2264 3742 2525 3799 adversus
2573 3757 2676 3799 nos
2718 3742 3032 3809 concitent;
3071 3741 3162 3796 alii
3197 3756 3296 3795 nos
3343 3740 3410 3794 ad

1860 3833 2272 3904 praecipitandos
2300 3834 2634 3904 psalmorum
2677 3848 2866 3889 versus
2896 3848 2962 3888 cx
2986 3834 3196 3904 ignavia
3220 3831 3410 3902 impel-

1863 3929 2014 3994 lunt;
2059 3927 2151 3982 alii
2180 3936 2239 3982 ut
2271 3925 2477 3982 tardius
2495 3941 2620 3982 cum
2652 3926 2884 3996 quadam
2909 3925 3261 3980 delectatione
3289 3940 3414 3993 pro-

1863 4023 2175 4079 nuntiemus
2214 4022 2534 4089 hortantur;
2573 4021 2667 4077 alii
2699 4021 2928 4090 denique
2978 4020 3132 4090 quasi
3173 4019 3410 4089 linguam

1861 4122 1990 4169 etos
2014 4112 2344 4180 obsiderent,
2374 4113 2672 4183 impediunt
2703 4127 2800 4168 nos
2839 4121 2894 4168 et
2934 4128 2995 4168 os
3037 4112 3328 4167 occludunt
3355 4124 3414 4167 ut

1860 4221 2001 4277 aegre
2032 4205 2175 4261 labia
2204 4205 2513 4276 aperiamus
2533 4244 2550 4270 ,
2573 4204 2703 4260 dum
2731 4205 2956 4275 psalmis
2994 4221 3272 4263 vacamus.
3308 4205 3412 4273 Qui

1861 4293 1974 4351 Deo
2003 4294 2261 4351 assistere
2294 4309 2353 4350 se
2377 4294 2596 4365 cositat,
2623 4295 2680 4348 in
2705 4293 2896 4349 intimo
2927 4309 3086 4350 sensu
3129 4298 3308 4350 cordis
3330 4295 3415 4350 in-

1863 4394 1946 4442 ter
1967 4401 2155 4456 preces
2193 4395 2450 4456 tanquam
2494 4385 2788 4441 immobilis
2819 4385 3070 4441 columna
3099 4387 3414 4455 reperietur,

1863 4477 2010 4532 nulla
2040 4492 2100 4533 re
2130 4490 2316 4532 eorum
2357 4490 2480 4544 quas
2515 4486 2643 4532 sunt
2686 4487 2935 4532 enarrata
2971 4477 3210 4532 delusus.
3241 4476 3416 4534 Verus

1862 4579 1918 4624 et
1945 4567 2200 4624 obediens
2243 4566 2526 4637 religiosus
2556 4582 2699 4638 sape
2737 4579 2955 4638 repente
2991 4569 3056 4623 ad
3086 4573 3414 4639 precandum

1865 4651 2076 4730 piosilit
2097 4667 2244 4713 totus
2264 4657 2561 4713 illustratus
2581 4659 3001 4729 cmlestibusque
3031 4661 3240 4730 gaudiis
3259 4663 3417 4716 inun-

198 4737 335 4797 θους
381 4735 797 4806 προσεύχεσθαι,
846 4741 957 4800 τοῖς
1005 4737 1216 4801 πολλοῖς
1255 4738 1313 4791 δὲ
1359 4739 1610 4808 ἁρμόδιον
1639 4739 1755 4808 μεθ’
1792 4775 1837 4830 D

1749 4740 1755 4760 ’
1792 4775 1837 4830 D
1863 4751 2022 4806 datus
2052 4759 2108 4805 et
2130 4749 2485 4806 exhilaratus.
2545 4748 2640 4806 Est
2691 4752 2835 4806 enim
2887 4750 3260 4818 hujuscemodi
3293 4754 3414 4807 reli-

194 4826 482 4898 ὀμοψύχου
531 4827 712 4895 μόνου.
764 4828 989 4896 Ὀλίγων
1031 4827 1139 4896 γὰρ
1177 4827 1297 4879 λίαν
1335 4828 1368 4896 ὴ
1402 4826 1759 4897 μεμονωμένη

197 4920 487 4992 προσευχή
515 4935 530 4950 ο
565 4919 701 4987 μετὰ
746 4919 981 4988 πλήθους
1018 4919 1222 4989 ὑμνῶν,
1256 4919 1316 4970 οὑ
1353 4918 1554 4989 δυνήσῃ
1583 4917 1762 4981 ἀΰλως

196 5011 632 5083 προσεύξασθαι.
669 5011 846 5065 Ἔστω
868 5012 923 5064 δέ
947 5029 1026 5064 σοι
1057 5013 1133 5074 εἰς
1164 5009 1422 5081 ἐργασίαν
1446 5010 1564 5072 νοὸς
1591 5011 1624 5079 ἡ
1654 5010 1762 5062 τῶν

194 5103 518 5172 λεγομένων
557 5101 748 5171 λογίων
773 5101 994 5172 θεωρία,
1025 5103 1058 5172 ἦ
1097 5102 1259 5155 πάλιν
1313 5100 1590 5171 ὡρισμένη
1629 5101 1762 5171 εὐχὴ

194 5199 263 5250 ἐν
297 5196 366 5262 τῇ
389 5194 632 5263 ἀναμονῇ
658 5191 750 5246 τοῦ
785 5192 965 5262 στίχου
1004 5193 1096 5245 τοῦ
1129 5193 1374 5263 πλησίον.
1417 5195 1603 5249 υὺδενί¹
1636 5195 1766 5264 πρέ-

196 5303 310 5341 πον
346 5285 405 5336 ἐν
431 5287 704 5355 προσευχῇ
735 5285 1006 5354 πάρεργον
1041 5285 1138 5353 (ὅ),
1174 5285 1371 5355 μᾶλλον
1391 5286 1448 5338 δὲ
1477 5287 1756 5356 κάτεργον.

192 5375 381 5429 Τοῦτο
405 5374 513 5445 γὰρ
539 5374 721 5442 σαφῶς
749 5375 1062 5428 ἐπαίδευσεν
1089 5377 1117 5427 ὁ
1145 5378 1286 5430 κατὰ
1317 5377 1408 5429 τὸν
1444 5379 1613 5447 μέγαν
1647 5378 1762 5429 ’Λν-

194 5467 402 5520 τὼνιον
443 5466 692 5534 ἄγγελος.
745 5467 1035 5537 Δοκιμάζει
1076 5467 1173 5538 μὲν
1214 5469 1322 5538 γὰρ
1363 5469 1589 5537 κάμινος
1631 5486 1761 5537 χρυ-

199 5558 303 5612 σὸν
336 5557 436 5626 (ιι),
463 5557 769 5628 προσευχῆς
791 5558 846 5612 δέ
867 5559 1202 5629 παράστασις
1239 5559 1471 5629 σπουδὴν
1495 5559 1588 5611 καὶ
1617 5559 1754 5626 ἁγά-

195 5666 320 5720 πην
343 5648 478 5718 πρὸς
503 5647 634 5701 Θεὸν
658 5648 921 5719 μοναχῶν.

1863 4841 2050 4912 giosus
2067 4841 2178 4910 jam
2207 4849 2332 4896 ante
2358 4856 2456 4910 per
2479 4841 2902 4897 sincerissimum
2947 4852 3002 4897 et
3043 4843 3417 4900 ﬁdelissimum

1864 4933 2222 4988 ministerium
2255 4941 2511 5002 tanquam
2555 4933 2802 5003 egregius
2821 4933 2966 5003 pugil
2992 4946 3325 5005 praeparatus
3349 4938 3416 4993 ad

1863 5022 2185 5078 orationem.
2213 5021 2376 5092 266
2393 5019 2594 5077 Omnes
2618 5023 2834 5091 quidem
2863 5034 3092 5092 possunt
3114 5025 3252 5080 inter
3277 5027 3400 5081 mul-

1865 5121 1950 5166 tos
1977 5126 2099 5166 cum
2129 5111 2311 5166 multis
2341 5111 2633 5180 precationi
2655 5127 2865 5174 vacare,
2909 5113 3001 5167 sed
3030 5114 3212 5169 multis
3227 5131 3419 5186 oppor-

1866 5201 2051 5255 tunius
2072 5211 2294 5255 estcum
2323 5217 2432 5256 uno
2452 5202 2568 5256 solo
2616 5201 2858 5272 ejusdem
2897 5205 3061 5259 animi
3114 5215 3162 5260 et
3193 5206 3418 5261 affectus

1867 5289 2108 5357 psallere.
2138 5286 2440 5344 Paucorum
2467 5291 2609 5344 enim
2631 5301 2714 5346 est
2741 5293 2978 5347 solitaria
2999 5293 3173 5349 oratio
3195 5313 3210 5361 ;
3232 5297 3275 5350 si
3293 5313 3415 5350 cum

1868 5381 2051 5434 multis
2085 5381 2303 5449 psallas,
2328 5395 2433 5436 non
2463 5381 2668 5450 poteris
2708 5385 3058 5452 contemplari
3081 5385 3198 5440 sine
3225 5387 3415 5456 imagi-

1868 5483 1996 5527 num
2024 5467 2230 5522 formis.
2255 5467 2445 5523 Sittibi
2468 5469 2532 5522 ad
2553 5471 2918 5539 occupandam
2960 5481 3190 5527 mentem
3231 5489 3416 5528 sacro-

1864 5573 1982 5612 rum
2002 5558 2336 5628 eloquiorum
2359 5575 2477 5629 quae
2494 5560 2806 5626 recitantur,
2821 5562 3127 5618 meditatio:
3147 5573 3241 5619 aut
3255 5552 3415 5619 etiam

1866 5659 2011 5703 certa
2048 5652 2308 5718 precatio,
2329 5651 2454 5707 dum
2499 5661 2800 5723 exspectas,
2832 5655 3006 5723 quoad
3039 5655 3174 5709 alter
3200 5671 3413 5710 versum

195 5741 368 5798 ﬁniat
401 5739 497 5810 (ti).
530 5738 647 5796 Non
676 5741 828 5797 decet
847 5742 956 5797 ullo
983 5743 1142 5798 modo
1171 5753 1228 5798 ut
1251 5743 1390 5797 inter
1424 5757 1608 5812 preces
1633 5743 1776 5797 aliud
1815 5752 2002 5814 agatur
2053 5758 2146 5799 seu
2185 5746 2548 5800 necessarium
2603 5748 2690 5812 sit,
2737 5761 2833 5802 seu
2886 5763 2990 5802 non
3027 5748 3414 5803 necessarium.

283 5878 364 5947 (α)
393 5875 581 5940 Stulte,
599 5879 720 5947 quid
746 5888 820 5932 est
843 5895 1071 5941 somnus,
1093 5879 1276 5944 gelida:
1296 5880 1396 5932 nisi
1421 5878 1599 5931 mortis
1632 5878 1846 5947 imago?

283 5946 364 6018 (ὁ)
398 5946 635 6004 Alternis
666 5950 808 6003 enim
840 5951 1124 6009 cauebant,
1158 5959 1216 6002 ut
1249 5950 1408 6004 hodie
1461 5949 1662 6018 passim
1703 5946 1757 6002 in
1783 5946 2045 6004 ecclesiis.

540 6040 804 6104 PATROL.
842 6044 952 6103 Gn.
983 6043 1316 6104 LXXXVIII
3084 6046 3160 6107 30
