4216 6458
221 515 318 570 941

1173 467 1417 574 sem
1458 509 1830 572 PARADISI.
1855 507 1931 571 7-—
1966 512 2265 574 osauus
2300 515 2424 575 xx.

3284 519 3384 579 942

223 641 346 684 νος·
394 625 621 695 μοναχὸς
675 626 916 695 φιλόθεος
967 625 1258 692 σάλπιγγος
1314 624 1749 694 προσευχῆςση-

1806 630 1823 678 ι
1853 630 1908 676 et
1934 623 2205 679 daemonas
2225 628 2491 680 edomant.
2515 623 2731 694 Lingua:
2759 626 3104 694 petulantiam
3125 626 3381 694 plectunt,

223 715 512 785 μαινούοης
544 717 724 783 λέγει·
749 714 906 784 Εὖγε,
936 712 1094 783 εὖγεί
1140 716 1199 767 '0
1222 715 1278 768 δὲ
1322 714 1558 785 ῥᾴθυμος
1585 711 1752 779 λέγει.

219 810 401 875 υἵμοι,
434 808 617 880 οίμοιί
657 809 945 879 Τραπέζης
992 808 1276 877 ὲτοιμασία
1327 805 1612 870 ἐδοκίμασε
1652 818 1753 870 γα-

220 898 619 969 στριμάργους·
687 899 780 953 καὶ
830 898 1132 969 προσευχῆς
1191 895 1418 967 ἐργασία
1469 894 1753 961 ἐδοκίμασε

218 987 500 1055 φιλοθίως
528 1007 542 1020 ’
568 991 600 1043 ὁ
641 990 743 1059 μὲν
787 989 1050 1059 πρότερος
1101 988 1221 1040 ἰδὼν
1265 988 1496 1057 εκείνην,
1539 984 1752 1053 σκιρτᾷ,

217 1082 245 1131 6
271 1077 330 1131 δὲ
359 1078 606 1147 δεύτερος
637 1078 1013 1149 σκυθρωπάζει
1042 1078 1241 1147 ’λήθης
1282 1077 1533 1146 πρόξενος
1589 1074 1755 1135 ὕπνος

217 1167 383 1232 πολύς
402 1169 481 1239 (7)
500 1184 515 1199 '
541 1166 814 1239 ἀγρυπνία
854 1167 911 1221 δὲ
947 1167 1166 1236 μνήμην
1209 1165 1518 1234 ἐκκαθαίρει
1542 1180 1557 1193 ·
1589 1162 1753 1215 πλοῦ-

218 1276 309 1323 τος
348 1262 608 1332 γερωγοίς
634 1261 695 1315 ὲν
727 1259 889 1313 ἆλωνι
925 1259 1018 1311 καὶ
1056 1257 1199 1328 ληνῷ
1234 1258 1516 1325 συνάγεται
1543 1270 1557 1282 ·
1590 1253 1753 1307 πλοῦ-

140 1379 149 1386 -
218 1352 309 1415 τός
333 1369 391 1405 τε
414 1353 508 1406 καὶ
526 1352 723 1421 γνῶσις
739 1354 990 1421 μοναχοίς
1009 1350 1067 1402 ιν
1090 1350 1417 1421 ἑσπριναῖς,
1437 1346 1529 1399 καὶ
1558 1361 1749 1398 νυκτε-

218 1444 391 1511 pini;
417 1442 804 1512 παραστάσεσι,
823 1441 916 1493 καὶ
931 1440 1213 1511 ἐργασίαις
1240 1440 1381 1500 νοόςο
1406 1435 1571 1499 ’ὕπνος
1589 1436 1754 1498 πολὺς

218 1530 442 1600 σύμδιος
461 1531 644 1595 ῶδικος
655 1546 671 1562 ⁸
684 1531 923 1601 τδῆμισυ
935 1530 1033 1599 τῆς
1047 1529 1187 1598 ζωῆς
1201 1528 1308 1581 τῶν
1320 1525 1575 1598 ῥᾳθύμων
1590 1527 1758 1596 ἀφαρ-

218 1622 404 1685 πάζων
427 1621 522 1674 ax‘
544 1620 794 1692 αὐτῶν,ἢ
819 1622 908 1675 καὶ
927 1620 1103 1673 πλέον.
1134 1617 1408 1687 ’Δδόκιμος
1428 1616 1659 1687 μοναχὺς
1677 1617 1755 1686 (8)

218 1714 276 1767 ὲν
340 1715 673 1784 συντυχίαις·¹
716 1716 1003 1785 ἄγρυπνος,
1051 1712 1145 1765 καὶ
1192 1711 1338 1780 ὧρας
1390 1710 1551 1780 εὐχῆς
1591 1727 1757 1764 κατα-

218 1805 503 1874 λαϐούσης,
514 1806 639 1870 τοὺς
650 1804 952 1874 ὀφθαλμοὺς
967 1803 1225 1874 ἔδαρήθιγ
1247 1801 1468 1872 μοναχδς
1483 1800 1675 1871 χαῦνος
1699 1802 1757 1854 ὲν

218 1893 559 1961 πολυλογίαις
602 1892 837 1963 δόκιμος,
883 1892 977 1945 καὶ
1006 1892 1354 1959 ἀναγνώσεως
1406 1889 1740 1962 ἐνεχθείσης,

217 1951 509 2052 ἐμϐλέπειν
691 1951 1000 2033 τοῦ-’ὕπνου
1050 1951 1130 2035 οὐ.
1161 1951 1399 2034 δύναται.
1447 1951 1753 2048 Σᾶλπιγῆὸξ
1780 1951 1828 2012 Β

217 2073 504 2143 γινομένης
524 2072 729 2143 νεκρῶν
754 2071 1060 2134 ἀνάστασις,
1094 2074 1185 2124 καὶ
1208 2070 1526 2141 ἀργολογίας
1579 2087 1747 2124 κατα-

217 2164 484 2233 λαϐούσης
531 2164 880 2235 κοιμωμένων
907 2164 1168 2235 ἀνάνηψις
1190 2179 1203 2194 ·
1251 2163 1418 2226 δόλιος
1470 2163 1618 2232 φίλος
1659 2162 1753 2217 τοῦ

216 2254 384 2307 ὖπνου
434 2255 463 2307 6
506 2254 802 2324 τύραννος“
871 2254 1234 2326 κορεσθέντων
1290 2254 1448 2325 ἡμῶν
1499 2254 1754 2317 πολλάκις

218 2343 507 2413 ὑποχωρεῖ*
526 2344 617 2396 καὶ
641 2345 698 2396 ἐν
717 2342 875 2414 πείνῃ
898 2345 990 2397 καὶ
1018 2346 1073 2396 ὲν
1093 2343 1220 2415 δίψῃ
1238 2344 1469 2414 ἰσχυρῶς
1494 2344 1719 2413 πολεμεῖ
1736 2360 1749 2372 ·

216 2435 377 2504 ἔργον
395 2436 589 2506 χειρῶν
631 2438 690 2488 ὲν
714 2436 832 2499 ταῖς
880 2436 1061 2505 εὐχαῖς
1092 2435 1378 2504 βαστάζειν
1413 2436 1749 2489 ὑποτίθεται·

216 2528 391 2596 ἄλλως
426 2526 535 2595 γὰρ
571 2517 999 2597 τῆν’προσευχὴν
1036 2524 1142 2577 τῶν
1170 2524 1585 2595 ἀγρυπνούντων
1612 2523 1755 2593 ἀφα-

217 2614 459 2680 νίζεινού
480 2614 699 2669 δύναται
725 2630 740 2644 ’
774 2616 885 2677 tot;
921 2616 1297 2681 εἰσαγωγικοίς
1337 2613 1551 2682 πρῶτον
1575 2615 1632 2665 ὲν
1678 2612 1756 2680 τῷ

216 2704 443 2777 πολέμῳ
467 2704 867 2775 ὑπεισέρχεται,
900 2704 985 2758 ίνα
1018 2704 1324 2775 ρᾳθυμῆσαι
1360 2706 1423 2757 ἐκ
1462 2702 1757 2775 προοιμίων

221 2800 445 2867 ποιήσῃ,
474 2796 507 2863 ἢ
530 2794 616 2847 ἶνα
638 2794 716 2863 τῷ
738 2789 836 2863 τῆς
851 2792 1097 2863 πορνείας
1112 2792 1509 2862 προευτρεπίσῃ
1524 2791 1754 2860 δαίμονι.

228 2885 377 2947 Ἕως
400 2878 460 2939 οὗ
487 2885 673 2938 τούτου
705 2881 1169 2952 ἐλευθερωθῶμεν,
1204 2882 1341 2950 μετὰ
1366 2881 1604 2952 πλήθους
1627 2880 1760 2950 ψάλ-

216 2977 333 3029 λειν
361 2976 435 3046 μὴ
483 2973 974 3045 παραιτησώμεθα·
1023 2973 1276 3036 πολλάκις
1299 2974 1404 3043 γὰρ
1434 2972 1757 3043 αἰδούμενοι,

216 3069 281 3120 οὐ
309 3068 634 3136 νυστάζομεν
659 3082 672 3094 ·
702 3065 972 3135 ἐχθραίνει
1019 3067 1129 3126 τοῖς
1156 3064 1383 3132 λαγωοῖς
1409 3066 1437 3118 6
1473 3064 1640 3127 κύων,
1668 3064 1762 3116 καὶ

216 3158 298 3231 τῷ
325 3158 477 3229 ὕπνῳ
502 3160 530 3210 ὁ
567 3158 665 3228 τῆς
707 3157 1009 3223 κενοδοξίας
1060 3157 1281 3226 δαίμων.
1312 3157 1465 3210 Μετὰ
1522 3157 1619 3227 μὲν
1666 3156 1764 3226 τὴν

1853 718 2091 769 omnium
2143 716 2571 784 pbantasmatum
2637 714 2841 770 formas
2901 717 3095 771 delent.
3151 716 3386 786 Pervigil

1852 808 2149 862 monachus
2177 809 2409 875 piscator
2432 808 2813 877 cogitationum
2846 823 3089 873 suarum,
3123 811 3266 864 nullo
3293 825 3386 864 ne-

1851 899 1995 965 gotio
2021 899 2135 953 illas
2163 900 2215 952 iu
2246 899 2630 967 tranquillitate
2657 899 2830 952 noctis
2870 900 3118 953 observat
3141 907 3195 953 et
3223 900 3386 967 capit.

1852 986 2143 1042 Monachus
2200 987 2291 1041 Dei
2359 997 2567 1042 amator
2621 988 2773 1058 signo
2827 988 2892 1040 ad
2945 992 3385 1057 comprecandum

1851 1088 2077 1131 sonante
2110 1078 2282 1139 (laetus
2338 1087 2391 1131 et
2448 1079 2645 1146 alacer)
2691 1078 2984 1132 exclamat:
3035 1077 3178 1148 Euge
3233 1095 3385 1149 euge.

1853 1168 2051 1221 Socors
2093 1183 2216 1221 vero
2262 1177 2315 1221 et
2356 1168 2581 1235 ignavus
2638 1168 2939 1237 ingemiscit
2988 1187 3000 1220 :
3047 1167 3159 1222 Heu
3224 1170 3387 1229 mihi.

1852 1271 1931 1306 vae
1954 1257 2117 1311 mihi!
2156 1256 2439 1311 lnstructio
2492 1273 2690 1312 mensa
2732 1258 2963 1314 ostendit
3008 1259 3225 1327 gulosus
3277 1269 3392 1312 stu-

1850 1347 1999 1399 dium
2048 1346 2316 1416 precandi,
2344 1361 2499 1403 veros
2530 1338 2627 1403 Dei
2673 1348 2926 1411 cultores,
2972 1347 3171 1416 Deique
3204 1364 3391 1402 aman-

1853 1449 1955 1491 tes.
1983 1435 2072 1491 Ille
2101 1437 2414 1492 instructam
2444 1452 2682 1493 mensam
2712 1438 2926 1494 intuens
2967 1442 3201 1496 exsultat
3261 1456 3391 1509 gau-

1852 1525 1983 1589 dio;
2038 1525 2127 1580 hic
2162 1528 2369 1581 tristem
2408 1525 2614 1581 vultum
2636 1526 2888 1581 ostendit.
2921 1526 3121 1583 Multus
3168 1542 3393 1583 somnus

1852 1615 2173 1669 oblivionem
2236 1614 2397 1683 parit,
2444 1615 2637 1684 vigiliae
2700 1624 2987 1685 repurgant
3051 1616 3390 1670 memoriam.

1852 1705 2111 1776 Agricola
2138 1722 2264 1761 suas
2311 1721 2442 1776 opes
2470 1706 2523 1760 in
2549 1721 2674 1761 area
2705 1717 2759 1761 et
2797 1708 3089 1763 torculario
3134 1709 3245 1763 vini
3275 1709 3394 1763 lacu

1857 1797 2154 1863 colligunt:
2186 1797 2432 1850 monachi
2458 1796 2770 1851 thesaurum
2799 1799 3031 1854 ctelestis
3074 1799 3395 1867 cognitionis

1856 1887 2172 1957 vespertinis
2201 1899 2254 1943 et
2293 1888 2571 1943 nocturnis
2613 1889 2867 1958 precibus
2902 1891 3209 1960 mentisque
3237 1905 3394 1945 exer-

1852 1980 2104 2035 citatione
2130 1990 2181 2035 et
2213 1980 2662 2049 contemplatione
2683 1979 2785 2036 sibi
2806 1992 3139 2049 comparant.
3196 1981 3393 2036 Multus

1853 2087 2077 2128 somnus
2106 2073 2379 2141 improbus
2410 2080 2492 2126 est
2525 2071 2816 2136 convictor.
2846 2072 2937 2141 qui
2964 2072 3242 2127 dimidium
3275 2076 3393 2127 vita:

1852 2172 2081 2232 tempus,
2126 2164 2207 2216 vel
2235 2178 2299 2217 eo
2328 2162 2556 2232 amplius
2586 2162 2790 2233 ignavis
2849 2172 2905 2217 et
2957 2162 3216 2219 inertiﬂus
3265 2166 3393 2219 sub-

1852 2253 2000 2307 ducit
2024 2262 2078 2304 et
2145 2252 2375 2306 furatur.
2452 2253 2736 2307 lllaudatus
2798 2253 3078 2324 religiosus
3129 2255 3183 2307 in
3236 2253 3395 2309 fami-

1852 2342 1967 2396 liari
1999 2341 2221 2396 fratrum
2254 2343 2517 2412 colloquio
2549 2344 2733 2413 vigilat
2760 2360 2775 2400 :
2811 2358 2933 2398 cum
2961 2345 3211 2414 precandi
3264 2347 3395 2401 hora

1853 2435 2025 2498 adest,
2058 2448 2249 2489 somno
2284 2436 2565 2502 premitur.
2616 2433 2908 2489 Monachus
2960 2436 3167 2492 solutus
3215 2439 3279 2492 ad
3320 2438 3399 2492 fa-

1854 2526 2006 2579 bulas
2032 2525 2195 2597 269
2220 2534 2498 2595 promptus
2518 2533 2670 2581 estet
2705 2527 2881 2581 alacer
2909 2545 2924 2581 :
2948 2528 3038 2581 ubi
3068 2543 3217 2583 saera
3246 2530 3399 2583 lectio

1855 2617 2189 2683 proponitur,
2239 2616 2447 2684 sopitus
2486 2615 2656 2684 legere
2708 2631 2817 2670 non
2878 2626 3072 2685 potest.
3135 2618 3399 2683 Quemad-

1857 2705 2075 2758 modum
2101 2706 2167 2757 ad
2197 2706 2376 2758 tubam
2407 2706 2755 2759 novissimam
2813 2707 3009 2759 mortui
3092 2718 3417 2775 exsurgent,

1856 2794 1932 2846 ita
1965 2808 2108 2848 nunc
2157 2796 2224 2848 ad
2264 2795 2466 2849 otiosas
2506 2780 2726 2848 fabulas
2772 2798 3094 2851 somnolenti
3149 2801 3398 2853 monachi

1857 2881 2129 2949 evigilant.
2155 2880 2336 2936 Fallax
2365 2890 2450 2937 est
2474 2884 2681 2938 amicus
2709 2884 2883 2938 somni
2931 2884 3201 2941 dominus.
3259 2887 3400 2942 Bene

1859 2971 2117 3039 saginatis
2144 2971 2298 3026 nobis
2330 2986 2467 3040 saepe
2501 2987 2561 3028 se
2590 2973 2840 3028 subducit
2872 2993 2884 3027 :
2924 2976 2975 3028 in
3006 2976 3146 3031 lame
3180 2994 3307 3031 vero
3348 2990 3401 3032 ιιι

1863 3063 1950 3117 siti
1977 3078 2076 3117 nos
2100 3064 2442 3119 vehementer
2491 3062 2799 3135 [acerrime]
2850 3080 3136 3137 oppugnat.
3198 3069 3401 3139 Sugge-

1862 3156 1935 3209 rit
1969 3169 2183 3225 quoque
2228 3167 2285 3210 ut
2324 3155 2459 3208 inter
2489 3170 2674 3224 preces
2701 3170 2837 3225 Opus
2893 3156 3173 3220 faciamus.
3234 3177 3403 3230 quan-

218 3251 435 3321 ήμέραν
466 3252 494 3303 6
526 3250 736 3318 πράτης
782 3249 894 3319 (9)·
954 3248 1089 3319 μετὰ
1134 3249 1188 3300 δὲ
1245 3248 1342 3318 τὴν
1366 3248 1680 3317 ψαλμῳδίαν
1734 3247 1764 3298 6

1806 3294 1829 3316 η
1864 3249 1934 3301 do
1962 3249 2118 3301 aliter
2171 3247 2602 3317 pervigilantium
2640 3264 2825 3316 preces
2854 3249 3171 3318 interpolare
3198 3262 3285 3306 aut
3313 3254 3404 3305 im-

218 3342 457 3411 ἐργάτης
484 3338 765 3400 καθεσθεὶς
795 3338 857 3390 τὺ
872 3338 1056 3406 κέρδος
1079 3336 1300 3405 ψηφίζει
1325 3354 1339 3365 ο
1380 3336 1589 3401 ἐκδεξαι
1625 3336 1762 3403 μετὰ

224 3428 529 3499 προσευχὴν
565 3428 841 3497 νηφόντως
872 3441 886 3454 ·
936 3427 1030 3477 καὶ
1054 3427 1170 3477 τότε
1194 3425 1311 3492 ἂζιει
1352 3425 1621 3493 ὁρμαθοὺς
1650 3425 1760 3476 δαι-

224 3519 402 3588 μόνων
433 3516 507 3580 ὼς
538 3515 938 3586 πολεμηθέντας
960 3515 1049 3583 ὑφ’
1081 3515 1235 3585 ἡμῶν
1259 3515 1393 3583 μετὰ
1407 3515 1505 3583 τὴν
1534 3532 1760 3584 προσευ-

221 3607 324 3678 χὴν
373 3608 488 3669 ταῖς
513 3605 731 3668 ἀτόποις
754 3606 897 3674 ἡμᾶς
922 3604 1237 3673 φαντασίαις
1258 3604 1591 3674 περιπείρειν
1620 3604 1758 3656 δοκι-

224 3698 512 3770 μάζοντας·
548 3696 831 3760 καθεσθεὶς
860 3698 1032 3768 τήρει,
1070 3696 1164 3748 καὶ
1191 3695 1307 3764 ὄψει
1330 3695 1455 3757 τοὺς
1484 3694 1762 3766 σεσυνηθι-

221 3791 389 3852 κότας
412 3790 508 3851 τὰς
536 3787 784 3858 ἀπαρχὰς
802 3787 1141 3857 ἀφαρπάζειν
1164 3787 1263 3853 τῆς
1294 3785 1490 3856 ψυχῆςο
1520 3786 1631 3839 ἐστι
1667 3787 1765 3855 μὲν

225 3884 369 3952 μετὰ
395 3884 520 3944 τοὺς
553 3879 750 3944 ὕπνους
780 3883 843 3934 ὲκ
872 3881 1145 3949 συνεχείας
1170 3880 1393 3950 μελετᾷν
1416 3882 1480 3932 τὰ
1499 3880 1608 3932 τῶν
1629 3881 1767 3948 ψαλ-

225 3974 348 4042 μῶν
376 3971 528 4038 λόγια
554 3986 569 4000 ·
600 3970 714 4022 ἔστι
744 3970 800 4022 δὲ
821 3970 907 4021 ὅτε
937 3972 985 4021 οί
1013 3971 1260 4037 δαίμονες
1284 3971 1413 4039 ἡμῖν
1436 3970 1605 4022 ταῦτα
1637 3972 1768 4020 ὑπο-

223 4061 486 4123 τίθενται,
533 4059 620 4112 ἴνα
643 4060 777 4131 πρὸς
821 4059 1192 4129 ὑπερηφανίαν
1234 4060 1563 4128 ἁνεπάρωσι.
1593 4060 1666 4110 T6
1710 4059 1766 4111 δὲ

150 4212 151 4215 η
221 4151 406 4221 τρίτον
428 4150 609 4216 λέγειν
622 4150 721 4205 οὐκ
741 4149 948 4221 ἤθελον,
979 4148 1118 4219 πλήν
1144 4148 1224 4211 τίς
1252 4164 1317 4217 με
1338 4148 1513 4215 λέγειν
1531 4147 1762 4217 βεδίακε.

220 4242 391 4313 Ψυχὴ
442 4241 596 4308 λόγον
617 4241 818 4311 Κυρίου
849 4238 1195 4301 ἀδιαλείπτως
1233 4236 1350 4307 μεθ’
1375 4240 1583 4308 ἡμέραν
1614 4238 1770 4308 μελε-

221 4336 379 4388 τῶσα
416 4332 551 4403 (10),
576 4333 670 4384 καὶ
700 4330 776 4401 τῷ
805 4331 953 4401 ὕπνῳ
989 4331 1233 4401 ἐντούτῳ
1255 4328 1648 4400 ὲμφιλοχωρεῖν
1670 4330 1768 4382 πέ-

224 4443 418 4496 φυκεν.
462 4422 797 4493 Ἀντιμισθία
867 4422 975 4490 γὰρ
1025 4423 1223 4493 κυρίως
1284 4422 1376 4475 τοῦ
1410 4423 1672 4493 προτέρου
1710 4421 1770 4475 τὺ

222 4516 483 4599 δεύτεροχ
518 4514 652 4584 πρὸς
701 4513 1013 4581 ἀποτροπὴν
1061 4513 1381 4581 πνευμάτων
1420 4514 1515 4566 καὶ
1564 4528 1766 4576 φαντα-

226 4607 475 4676 σμὰτων.

1865 3336 2046 3405 pedire
2080 3344 2133 3388 et
2155 3336 2377 3388 abolere.
2400 3350 2505 3389 non
2570 3347 2760 3405 potem.
2802 3336 3092 3393 Tironibus
3144 3342 3404 3409 religiosis

1863 3426 2093 3493 primum
2127 3433 2301 3477 movet
2335 3424 2531 3478 bellum
2564 3439 2661 3493 per
2684 3408 2958 3488 somnum,
2990 3438 3048 3495 ut
3076 3429 3195 3483 illos
3221 3408 3400 3486 statim

1864 3517 1930 3567 ab
1960 3515 2111 3568 initio
2140 3514 2363 3583 ignavos
2400 3514 2619 3577 reddat,
2652 3526 2744 3569 aut
2778 3516 3000 3572 luxuriae
3039 3521 3265 3575 dmmoni
3310 3524 3406 3576 ad-

1863 3604 1993 3658 itum
2049 3615 2216 3673 paret.
2250 3605 2435 3670 Quoad
2473 3620 2600 3674 ergo
2621 3607 2691 3659 ab
2712 3606 2813 3661 hoc
2845 3618 3072 3678 tyranno
3098 3611 3404 3678 liberemur,

1869 3710 1975 3748 non
2015 3710 2295 3764 gravemur
2346 3711 2468 3750 cum
2493 3707 2607 3749 toto
2666 3695 2895 3751 fratrum
2949 3711 3090 3753 ccetu
3143 3702 3403 3770 psallere:

1870 3786 1947 3839 sic
1967 3785 2108 3840 enim
2136 3786 2454 3841 verecundia
2483 3788 2757 3855 prmpediti
2806 3802 2946 3851 sepe
3007 3782 3112 3844 non
3146 3795 3410 3847 dormita-

1870 3875 2067 3928 bimus.
2094 3873 2219 3929 Odit
2255 3876 2460 3943 lepores
2495 3876 2736 3939 canis,et
2766 3890 3019 3930 somnum
3055 3894 3201 3934 vana:
3228 3882 3408 3949 gloria:

1870 3964 2115 4032 spiritus.
2142 3963 2421 4033 .Mercator
2446 3964 2548 4018 sub
2600 3954 2898 4034 vesperam,
2955 3968 3236 4035 religiosus
3292 3983 3410 4040 post

1867 4054 2217 4122 psalmodiam
2244 4054 2485 4110 residens
2507 4057 2743 4111 rationes
2769 4058 2908 4127 parti
2926 4046 3074 4112 lucri
3132 4060 3248 4113 init.
3284 4061 3413 4117 Post

1868 4157 2053 4211 preces
2086 4144 2303 4202 sobrius
2322 4149 2476 4209 dura,
2506 4152 2562 4198 et
2605 4145 2873 4215 spectabis
2930 4161 3155 4217 magnas
3209 4147 3405 4203 daemoo

1873 4250 2003 4290 num
2035 4244 2239 4293 turmas
2262 4253 2293 4292 a
2319 4238 2479 4293 nobis
2512 4247 2887 4308 opppugnatas
2913 4248 3035 4307 post
3052 4240 3417 4310 pias'medita-

1874 4326 2047 4383 tiones
2075 4327 2326 4383 absurdis
2352 4328 2787 4396 pbantasmatum
2816 4330 3227 4399 cogitationibus
3266 4332 3410 4402 obje-

1874 4420 1976 4475 ctis
2007 4420 2189 4475 conari
2220 4435 2319 4475 nos
2350 4420 2606 4475 infestare
2633 4428 2690 4474 et
2709 4419 3120 4475 circumvenire.
3176 4422 3413 4479 Observa

1872 4510 2089 4578 quietus
2115 4518 2169 4564 et
2211 4507 2420 4564 videbis
2462 4509 2553 4578 qui
2594 4508 2705 4564 sint
2761 4510 2855 4579 qui
2904 4524 3093 4581 rapere
3150 4515 3416 4582 primitias

1806 4594 1851 4649 1)
1878 4601 2072 4654 animae
2096 4611 2152 4656 et
2182 4601 2559 4672 cogitationum
2588 4610 3005 4657 consueverunt.
3025 4602 3122 4661 Est
3147 4622 3271 4662 cum
3290 4609 3417 4663 sub-

224 4700 358 4755 inde
391 4698 446 4752 in
478 4710 691 4761 somno,
747 4703 962 4767 prepter
1024 4693 1296 4748 assiduum
1359 4693 1608 4761 precandi
1653 4709 1810 4748 usum
1848 4693 2179 4764 psalmorum
2228 4692 2449 4748 oracula
2480 4691 2822 4751 meditemur.
2853 4683 2950 4751 s5:
2983 4698 3145 4753 etiam
3178 4715 3297 4754 cum
3320 4700 3417 4755 ho-

225 4798 343 4846 stes
402 4787 629 4855 improhi
675 4788 834 4842 nobis
906 4785 995 4839 illa
1046 4794 1358 4855 suggerunt,
1412 4794 1483 4870 ⁴ιιι
1536 4799 1638 4840 nos
1694 4784 1748 4838 in
1817 4784 2124 4853 superbiam
2178 4782 2457 4839 extollant.
2522 4781 2761 4840 Tertium
2796 4786 3051 4857 prudens
3105 4791 3415 4855 tacuissem,

226 4880 340 4937 nisi
367 4894 452 4935 me
484 4878 606 4948 quis
633 4895 729 4949 per
763 4881 871 4935 vim
898 4878 1078 4949 eloqui
1109 4893 1220 4946 rem
1251 4876 1532 4944 coegisset.
1565 4876 1728 4947 27o
1758 4877 1950 4931 Anima
1981 4890 2100 4945 quae
2120 4889 2215 4943 per
2246 4874 2387 4929 diem
2419 4874 2641 4932 verbum
2679 4875 2774 4933 Dei
2803 4890 3060 4950 perpetuo
3092 4896 3274 4937 secum
3299 4897 3415 4936 me-

227 4971 454 5028 ditando
520 4970 768 5034 revolvit.
832 4972 887 5026 in
934 4986 1126 5046 somno
1176 4985 1394 5039 quoque
1442 4969 1584 5023 idem
1636 4984 1856 5026 versare
1889 4978 2066 5023 mente
2110 4968 2411 5023 consuevit.
2444 4968 2538 5025 Est
2557 4971 2703 5025 enim
2746 4972 2861 5028 haec
2888 4989 3012 5029 vera
3042 4974 3238 5044 prioris
3263 4990 3420 5030 exer-

226 5064 504 5122 citationis
533 5075 737 5116 merces
770 5071 825 5116 et
858 5064 1241 5149 remuneratio,
1260 5076 1365 5133 qua
1394 5061 1763 5131 improborum
1800 5062 2106 5117 daemonum
2133 5060 2508 5129 phantasmata
2539 5078 2808 5120 arcemus.

301 5152 519 5223 Βαθμὸς
555 5152 823 5215 εἰκοστός*
858 5154 888 5205 6
908 5154 1095 5208 τοῦτον
1141 5154 1391 5226 εἰληφὼς,
1422 5153 1534 5221 φῶς
1563 5153 1775 5219 ἐδέξατο

225 5245 330 5316 [αι.
359 5237 620 5313 ἔλαμψεν]
645 5240 703 5293 ὲν
721 5240 788 5309 τῇ
816 5240 1010 5310 καρδίᾳ⁵
1039 5243 1222 5298 αὑτοῦ.

613 5457 858 5513 ΣΧΟΛΙΑ
887 5458 994 5510 ΕΙΣ
1030 5459 1248 5511 ΛΟΓΟΝ
1306 5461 1386 5513 ις’.

698 5592 705 5598 ·
739 5568 875 5636 Περὶ
915 5569 1261 5637 ἀγρυπνίας.

828 5684 873 5737 Σ
876 5682 1083 5750 χόλιον
1116 5681 1181 5733 α’.
1355 5646 1368 5657 ⁵

252 5846 262 5857 ⁸
304 5771 444 5841 οξχὶ
467 5771 501 5839 ἠ
530 5774 715 5836 στάσις
746 5776 889 5827 ἐστὶν
936 5773 1032 5842 ὅλη
1130 5774 1403 5842 ἀγρυπνία
1426 5791 1438 5803 ·
1468 5774 1585 5827 οὐδὲ
1621 5772 1780 5828 πάλιν

1947 5150 2160 5225 Gradus
2199 5167 2290 5218 xx,
2341 5168 2499 5223 quem
2534 5156 2626 5222 qui
2666 5156 2936 5226 superavit
2974 5156 3120 5209 illius
3157 5159 3210 5211 in
3260 5162 3417 5222 corde

1879 5242 2293 5297 cmlestelumen
2319 5242 2526 5300 refulsit
2554 5243 2665 5315 [hic
2703 5246 2757 5298 iu
2778 5243 2941 5299 corde
2958 5258 3059 5298 suo
3077 5247 3297 5305 caeleste
3339 5251 3413 5304 lu-

1880 5350 2002 5389 men
2040 5335 2261 5405 recepit]

2209 5463 2497 5521 SCHOLIA
2523 5465 2611 5519 AD
2634 5461 2921 5520 GRADUM
2968 5467 3083 5525 XX.

2495 5579 2569 5633 De
2593 5578 2801 5648 vigiliis.
3074 5554 3075 5557 γ

2481 5692 2726 5747 Scholion
2783 5696 2835 5749 1.

1950 5778 2066 5833 Non
2090 5784 2391 5838 consistunt
2423 5793 2546 5839 totze
2606 5786 2879 5856 vigiliteiu
2930 5787 3136 5850 stando,
3194 5796 3280 5840 aut
3340 5825 3348 5837 .
3401 5814 3417 5826 -

227 5865 597 5945 ἡστιχολογία
643 5867 751 5922 τῶν
779 5866 1011 5937 ψαλμῶν
1066 5867 1242 5935 μόνων
1267 5880 1280 5895 ’
1310 5866 1423 5918 ἀλλ’
1453 5865 1595 5917 ἐστιν
1647 5868 1675 5917 ό
1723 5868 1779 5919 ἐν

1883 5869 2134 5933 citatione
2185 5876 2674 5945 psalmorum;sed
2716 5887 2816 5943 est,
2882 5880 2974 5947 qui
3038 5888 3144 5932 tota
3208 5882 3420 5946 quidtm
