4216 6458
191 314 290 379 945

1174 323 1399 383 SCALA
1440 322 1813 383 PARADISI.
1851 349 1914 360 -
1945 325 2250 388 GRADUS
2277 330 2435 390 XXI.

3288 330 3392 395 946

194 430 456 499 τηρεῖται·
483 430 511 482 ό
551 429 785 501 ἔμπορος
800 431 994 501 ἐρευνᾷ
1018 431 1066 483 τί
1092 430 1342 502 ἔπραξεν,
1365 434 1413 511 εί
1430 432 1730 503 ἐζημιώθη,

1846 434 1961 503 quid
1987 437 2156 506 egerit
2182 439 2424 508 inquirit,
2460 433 2530 494 επ
2563 452 2823 511 quaestum
2870 441 3074 508 fecerit,
3120 455 3188 495 au
3243 439 3392 493 dam‘

186 522 233 573 εί
264 520 499 591 ἡττήθηο
536 524 584 574 εἰ
612 522 751 575 κατὰ
776 522 1057 591 ἄνθρωπον
1086 522 1339 593 ἔπραξεν,
1362 510 1411 577 εί
1445 522 1586 577 κατὰ
1603 523 1735 577 Θεὸν

185 610 515 676 ἠγωνίσατο·
571 611 631 663 τὸ
684 614 783 682 μὲν
839 614 946 683 γὰρ
1024 614 1271 682 φιλοθέου
1298 632 1312 645 ⁸
1367 615 1430 668 τὸ
1470 614 1528 667 δέ
1590 614 1738 684 φιλο-

185 701 337 768 δόξου
363 719 375 733 ·
402 705 496 758 καὶ
531 704 591 756 τὸ
623 705 722 773 μὲν
751 705 1034 775 κέρδος,τὸ
1060 706 1115 758 δὲ
1144 706 1348 777 ζημίαν
1377 708 1453 775 (a)
1481 745 1499 762 .
1532 748 1543 759 .
1578 748 1590 759 .
1619 747 1632 761 .
1666 746 1677 759 .
1720 745 1734 758 .

770 967 1025 1034 Σχόλιον
1074 974 1126 1021 ι’.

271 1053 330 1106 '0
373 1055 511 1107 κατά
541 1055 631 1108 τὸν
668 1057 829 1111 Δαυῖδ
875 1060 968 1112 τὸν
1014 1060 1178 1131 νόμον
1202 1060 1297 1116 τοῦ
1364 1064 1569 1135 Κυρίου
1611 1066 1737 1134 ὅλην

182 1144 283 1215 τὴν
306 1145 514 1216 ἡμέραν
541 1148 768 1219 μελέτην
818 1151 1155 1221 ποιούμενος,
1188 1155 1281 1207 καὶ
1318 1155 1376 1208 ἐν
1415 1157 1493 1226 τῷ
1526 1159 1739 1211 ὑπνώτ-

187 1252 303 1290 τειν
349 1238 504 1292 τοῦτο
554 1240 641 1293 διὰ
699 1241 796 1312 τῆς
847 1244 1145 1311 φαντασίας
1199 1248 1508 1319 ἐμμελετᾷ·
1535 1249 1609 1314 ὡς
1645 1253 1739 1305 καὶ

185 1328 275 1381 ἐπ’
338 1331 484 1401 αὑτῴ
541 1332 872 1403 πληροῦσθαι
930 1336 991 1389 τὸ
1039 1337 1247 1404 φάσκον
1279 1340 1456 1409 λόγιον
1478 1356 1493 1371 ·
1555 1346 1646 1397 καὶ
1678 1346 1737 1398 ἐν

184 1420 264 1490 τῷ
316 1422 463 1493 νόμῳ
504 1425 707 1495 Κυρίου
769 1428 1053 1497 μελετήσει
1102 1431 1316 1503 ἡμέρας
1361 1433 1457 1487 καὶ
1513 1436 1733 1500 νυκτός·

187 1513 1732 1587 καὶτὺ,Ἐτὼ(ί›)..................

1831 541 1961 580 num
1994 530 2285 598 acceperit,
2311 546 2377 585 an
2411 533 2587 588 victus
2625 535 2712 598 sit,
2752 550 2818 588 an
2847 533 2990 604 quod
3027 531 3154 589 fecit
3192 531 3260 587 ad
3302 546 3394 587 ca-

1830 620 2085 686 ptandam
2130 621 2422 678 humanam
2461 626 2673 680 laudem
2721 628 2979 692 retulerit;
3006 640 3074 679 an
3097 640 3194 694 pro
3224 623 3395 695 gloria

1833 710 1924 764 Dei
1957 712 2262 770 decertarit.
2306 715 2420 771 Hoc
2448 720 2594 772 enim
2637 730 2720 774 est
2775 719 3009 773 hominis
3050 717 3217 772 Deum
3272 730 3398 771 vere

1835 804 2092 869 amantis;
2113 805 2244 860 illud
2277 808 2547 863 ambitiosi
2579 819 2632 864 el
2680 825 2829 863 vana:
2849 811 3029 879 gloria:
3048 808 3298 865 studiosi.
3333 807 3398 863 Et

1836 892 1938 948 hoc
1965 893 2195 961 lucrum,
2229 898 2363 953 illud
2394 900 2650 954 damnum
2680 900 2841 970 parit.

2427 990 2673 1047 Scholion
2706 994 2792 1049 10.

1903 1077 2005 1145 Qui
2028 1079 2095 1133 ad
2121 1082 2427 1152 exemplum
2462 1082 2679 1138 Davidis
2731 1087 2898 1155 legem
2932 1083 3147 1140 Domini
3173 1082 3399 1138 medita-

1836 1181 1922 1226 tur
1952 1180 2065 1224 tota
2086 1172 2191 1236 die,
2221 1173 2380 1227 etiam
2410 1176 2534 1229 dum
2559 1177 2779 1239 dormit,
2822 1178 2960 1230 idem
2979 1191 3075 1246 per
3102 1174 3399 1229 formarum

1836 1262 2098 1333 imagines
2129 1262 2245 1337 [per
2277 1265 2640 1339 phantasiam]
2675 1268 2921 1333 revolvit,
2961 1277 3020 1321 ut
3050 1269 3101 1321 in
3134 1267 3253 1335 ipso
3277 1279 3399 1319 ora-

1834 1356 2015 1410 culum
2048 1357 2177 1410 illud
2228 1359 2546 1427 expleatur:
2579 1359 2645 1413 In
2675 1360 2787 1430 lege
2807 1359 3019 1413 Domini
3058 1357 3401 1412 meditabitur

1834 1446 1918 1501 die
1950 1458 1998 1501 et
2024 1451 2237 1513 nocte“;
2280 1459 2333 1506 et
2350 1451 2502 1515 illud,
2534 1454 2549 1471 ¹
2578 1450 2687 1521 Ego
2729 1493 2742 1506 .
2787 1492 2800 1506 .
2844 1492 2859 1506 .
2897 1490 2912 1504 .

194 1650 2234 1679 9——————————-——-————————-——.—_—__

754 1757 973 1811 ΛΟΓΟΣ
1029 1759 1156 1812 KA'.

537 1869 672 1937 Περὶ
692 1869 801 1937 τῆς
825 1870 1126 1939 ἀνάνδρου
1147 1872 1392 1940 δειλίας.

257 1955 320 2010 El
372 1957 469 2028 μὲν
496 1959 554 2013 ἐν
605 1962 949 2034 κοινοϐίοιςῆ
1004 1966 1062 2019 ὲν
1096 1968 1362 2033 συνοδίαις
1408 1967 1507 2038 τὴν
1539 1967 1736 2041 ἀρετὴν

184 2046 445 2118 μετέρχῃ,
473 2050 531 2101 οὐ
562 2051 700 2104 πάνυ
724 2053 828 2105 ὑπὸ
853 2053 1051 2119 δειλίας
1071 2056 1417 2128 πολεμεῖσθαι
1466 2059 1734 2130 πέφυκας.

184 2140 251 2192 Et
280 2139 340 2192 δὲ
378 2142 434 2192 ἐν
458 2144 983 2216 ἡσυχαστικωτέροις
1009 2148 1193 2212 τόποις
1222 2152 1482 2224 ἀγωνίζῃ,
1536 2153 1609 2224 μή
1645 2170 1736 2207 σου

180 2230 448 2304 κυριεύσῃ
475 2232 534 2285 τὸ
567 2235 666 2305 τῆς
708 2238 1007 2303 κενοδοξίας
1034 2240 1297 2313 γέννημα,
1342 2248 1435 2297 καὶ
1484 2245 1737 2310 ἀπιστίας

182 2322 435 2394 θυγάτηρ
453 2342 465 2354 ·
491 2326 660 2380 δειλία
694 2330 811 2382 ἐστὶ
830 2331 1097 2401 νηπιῶδες
1124 2329 1253 2404 ἦθος
1282 2338 1339 2389 ἐν
1380 2337 1624 2410 γηραλέα
1647 2358 1738 2393 κε-

180 2411 383 2482 νοδόξῳ
403 2414 544 2485 ψυχῇ
562 2432 574 2445 ⁸
602 2417 773 2470 δειλία
801 2420 949 2473 ἐστὶν
990 2423 1229 2496 ἐκτροπὴ
1259 2425 1493 2491 πίστεως
1522 2428 1598 2500 (1)
1645 2431 1737 2483 ἐπὶ

182 2503 484 2575 προσδοκίᾳ
538 2506 841 2578 ἀδοκήτωνο
888 2511 1051 2579 φόὸος
1100 2515 1217 2567 ἐστὶ
1259 2517 1738 2589 προμελετώμενος

182 2592 451 2657 κίνδυνος.
496 2597 564 2648 Ἦ
590 2598 755 2652 πάλιν
773 2616 789 2633 ο
819 2601 982 2670 φόϐος
1027 2603 1143 2657 ἐστὶ
1171 2606 1466 2678 σύντρομος
1492 2611 1739 2679 αἴσθησις

181 2684 414 2756 καρδίας
452 2689 575 2756 περὶ
629 2690 835 2760 ἀδήλων
890 2695 1181 2765 συμφορῶν
1241 2698 1603 2771 κλονουμένη,
1645 2701 1739 2754 καὶ

182 2778 562 2847 ἀσχάλλουσαο
618 2784 780 2851 φόϐος
827 2786 945 2838 ἐστὶ
1021 2788 1384 2862 πληροφορίας
1463 2792 1734 2863 στέρησις.

194 2870 574 2942 ’Υπερίμρανος
605 2875 749 2947 ψυχή
802 2874 879 2947 (2)
913 2879 1025 2931 ἐστι
1052 2880 1250 2944 δειλίας
1272 2882 1429 2953 δούλη
1460 2884 1544 2952 ἐφ’
1572 2886 1735 2957 ἑαυτῇ

184 2961 499 3028 πεποιθυῖα,
540 2964 634 3018 καὶ
665 2966 903 3032 κτύπους
957 2972 1266 3040 κτισμάτων
1315 2975 1407 3026 καὶ
1462 2975 1619 3040 σκιάς
1655 2976 1740 3029 δε-

182 3053 377 3107 διῶσα.
456 3057 517 3108 0i
563 3057 662 3126 μὲν
718 3059 1034 3125 πενθοῦντες
1072 3064 1166 3116 καὶ
1220 3064 1591 3135 ἀπηλγηκότες
1638 3067 1736 3139 (5),

182 3143 386 3197 δειλίαν
413 3146 474 3197 οὐ
499 3148 782 3217 κέκτηνται
801 3166 817 3182 ο
849 3150 1100 3205 ἔκστασιν
1127 3152 1183 3204 δὲ
1210 3153 1463 3217 πολλάκις
1484 3155 1740 3211 δειλαινόο

2286 1762 2445 1832 272
2473 1761 2748 1818 GRADUS
2820 1760 2965 1819 xxx.

2259 1870 2333 1925 De
2353 1872 2657 1941 effeminata
2685 1873 2983 1930 timiditate.

1912 1960 2017 2027 Qui
2035 1961 2087 2015 in
2103 1962 2363 2017 emnobiis
2375 1972 2464 2018 aut
2484 1963 2762 2018 hominum
2782 1965 3154 2035 religiosorum
3173 1962 3404 2019 coetibus

1841 2053 2093 2109 virtutem
2118 2054 2381 2125 sequitur,
2412 2056 2480 2111 ab
2508 2057 2609 2112 hoc
2654 2072 2850 2127 pavore
2895 2071 3003 2112 non
3044 2057 3271 2112 multum
3305 2072 3403 2126 op-

1842 2151 2130 2214 pugnatur.
2176 2146 2253 2200 Tu
2284 2161 2411 2201 vero
2435 2147 2527 2217 qui
2560 2147 2613 2200 in
2642 2148 2775 2203 locis
2806 2148 2979 2219 magis
3023 2148 3281 2204 solitariis
3308 2148 3404 2202 de-

1842 2246 2037 2300 cerlas,
2062 2251 2191 2292 cave
2217 2251 2284 2293 ne
2322 2238 2374 2292 in
2404 2248 2455 2292 te
2484 2240 2729 2308 improba
2781 2254 2935 2294 vana:
2960 2240 3145 2311 gloria:
3169 2239 3404 2303 soboles,

1843 2338 1897 2383 et
1920 2329 2249 2384 inﬁdelitatis
2268 2330 2446 2400 proles
2477 2328 2709 2386 formido
2746 2332 3071 2388 dominetur.
3122 2331 3406 2388 Timiditas

1841 2429 1925 2472 est
1951 2417 2173 2487 puerilis
2206 2420 2261 2473 in
2282 2419 2436 2474 senili
2456 2428 2511 2474 et
2535 2434 2685 2474 vanae
2737 2421 2924 2491 gloriae
2961 2421 3191 2476 obnoxia
3222 2421 3405 2477 anima

1843 2509 2086 2566 allectus.
2123 2509 2403 2567 Timiditas
2448 2520 2534 2567 est
2561 2511 2789 2567 defectio
2830 2512 2953 2568 iidei
2984 2528 3047 2568 ex
3080 2528 3262 2568 rerum
3313 2512 3404 2567 in-

1843 2603 2178 2672 opinatarum
2199 2604 2596 2673 exspectatione
2618 2613 2764 2659 nata.
2802 2605 2972 2661 Metus
2994 2615 3077 2661 est
3120 2604 3404 2676 praemedi-

1844 2703 2013 2749 tatum
2049 2696 2369 2764 periculum.
2400 2694 2524 2762 Aut,
2568 2704 2744 2753 metus
2793 2710 2889 2752 seu
2937 2697 3098 2752 timor
3131 2705 3217 2753 est
3242 2695 3406 2766 trepi-

1843 2785 1945 2839 dus
1963 2785 2140 2841 cordis
2172 2800 2362 2842 sensus
2409 2800 2477 2842 ex
2526 2787 2747 2842 incertis
2790 2788 3184 2843 calamitatibus
3208 2800 3405 2842 conce-

1845 2884 1971 2942 ptus
1992 2883 2045 2930 et
2062 2875 2312 2931 aﬂlictus.
2343 2873 2531 2931 Timor
2553 2884 2636 2932 est
2662 2877 2999 2932 conﬁdentia:
3026 2875 3277 2947 perfecta:
3292 2876 3406 2947 pri-

1844 2964 2009 3019 vatio.
2028 2964 2221 3019 Anima
2244 2965 2476 3034 superba
2501 2974 2587 3021 est
2606 2980 2761 3022 serva
2788 2966 3089 3023 timiditatis
3126 2967 3231 3024 sibi
3267 2982 3404 3037 praet-

1846 3053 2037 3120 ﬁdens,
2065 3064 2119 3109 et
2144 3055 2212 3110 ad
2250 3070 2447 3111 sonum
2486 3056 2730 3127 adeoque
2765 3056 2936 3126 ipsius
2973 3058 3181 3114 umbra:
3208 3072 3407 3127 pavens
3512 3118 3521 3129 ,

1844 3155 1899 3201 ει
1926 3154 2182 3201 tremens.
2237 3144 2340 3212 Qui
2375 3161 2501 3203 vere
2547 3158 2731 3219 lugent
2779 3158 2834 3205 et
2878 3149 3062 3206 dolere
3109 3149 3403 3215 desierunt,

184 3251 341 3302 μενοι
384 3236 825 3309 ὑπομεμενήκασι
859 3257 872 3270 ·
904 3242 996 3293 καὶ
1048 3243 1286 3307 εἰκότως.
1348 3246 1578 3310 Δικαίως
1631 3248 1738 3321 γὰρ

1846 3252 2054 3292 omnem
2086 3252 2152 3292 ex
2178 3239 2361 3294 animo
2384 3254 2638 3309 pavorem
2682 3240 3016 3310 abjecerunt.
3068 3239 3255 3295 Pavidi
3276 3254 3408 3295 vero

184 3326 316 3388 τοὺς
347 3327 726 3397 ὑπερηφάνους
757 3332 1219 3403 ἐγκαταλιμπάνει
1277 3336 1498 3405 Κύριος,
1532 3337 1616 3390 ἴνα
1645 3332 1739 3392 καὶ

183 3417 234 3468 οἱ
266 3417 444 3470 λοιποὶ
496 3420 868 3490 παιδευθῶμεν
898 3422 972 3494 μὴ
1012 3424 1328 3495 ἐπαίρεσθαι
1364 3443 1378 3457 ⁸
1407 3429 1605 3492 πάντες
1641 3432 1740 3500 μὲν

184 3510 235 3561 oi
268 3510 575 3574 δειλιῶντες
608 3513 868 3578 κενόδοξοι
909 3514 1009 3583 (4).
1045 3516 1119 3568 Οὐ
1145 3518 1340 3580 πάντες
1364 3518 1419 3571 δέ
1442 3521 1490 3573 oi
1518 3522 1592 3591 μὴ
1629 3524 1740 3574 δει-

184 3600 409 3663 λιῶντες
430 3603 866 3672 ταπεινόφρονες,
911 3607 1030 3659 ἐπεὶ
1056 3610 1149 3660 καὶ
1175 3609 1365 3677 λῃσταὶ
1408 3613 1504 3665 καὶ
1523 3612 1741 3681 τυμϐω-

187 3691 347 3761 ρύχοι
400 3694 461 3745 οὐ
506 3693 871 3749 δειλιαίνονται
901 3698 976 3760 ὡς
1008 3698 1211 3769 ἔτυχεν.
1264 3702 1351 3753 Ἐν
1382 3699 1462 3765 οἷς
1490 3703 1743 3775 ἐκδειμα-

184 3780 413 3833 τοῦσθαι
438 3780 632 3844 εἴωθας
659 3784 842 3847 τόποις
870 3786 968 3855 (5),
1000 3788 1175 3858 ἀωρίᾳ
1215 3789 1289 3861 μὴ
1316 3790 1463 3843 ὄκνει
1518 3794 1748 3861 παραγί-

183 3870 400 3925 νεσθαι.
456 3872 518 3924 Εἰ
562 3872 617 3925 δέ
651 3874 1010 3944 ὑποχαλάσεις
1037 3878 1232 3947 ὀλίγον,
1284 3883 1615 3953 συγγηράσει
1666 3902 1747 3937 σοι

182 3963 352 4016 τοῦτο
378 3964 439 4015 τὸ
493 3966 759 4034 νηπιῶδες
790 3967 957 4031 πάθος
1011 3970 1105 4023 καὶ
1159 3971 1386 4035 γελοῖον.
1443 3975 1747 4045 Πορευόμε-

183 4071 282 4117 νος
308 4054 409 4124 (6),
439 4061 709 4126 προσευχῇ
759 4058 975 4122 ὁπλίζου
1002 4076 1017 4092 ο
1074 4060 1411 4127 ηταλαὸὼν,
1446 4063 1543 4128 τὰς
1565 4068 1749 4137 χεῖρας

184 4145 543 4207 διαπέτασον,
590 4148 763 4216 Ἰησοῦ
809 4150 1030 4219 ὀνόματι
1066 4153 1289 4221 μάστιζε
1331 4155 1624 4224 πολεμίους
1650 4174 1663 4191 ο
1688 4159 1750 4211 οὑ

182 4238 305 4307 γάρ
338 4238 485 4290 ἐστιν
522 4239 582 4291 ἐν
620 4238 697 4309 τῷ
723 4241 933 4312 οὐρανῷ
985 4244 1077 4296 καὶ
1126 4244 1219 4297 ἐπὶ
1264 4246 1366 4316 γῆς
1412 4246 1753 4318 ίσχυρότερον

182 4331 363 4383 ὅπλον
390 4346 404 4360 ·
439 4330 767 4399 ἀπαλλαγεὶς
798 4335 895 4403 τῆς
914 4336 1068 4388 νόσου
1097 4336 1323 4406 άνύμνει
1363 4337 1452 4390 τὸν
1480 4338 1754 4410 λυτρωσά-

188 4436 367 4490 μενον
388 4437 402 4451 ·
438 4421 919 4492 εὐχαριστοῦμενος
940 4426 1049 4495 γὰρ
1074 4429 1150 4490 είς
1169 4429 1339 4482 αἰῶνα
1367 4431 1624 4485 σκεπάσει
1651 4450 1709 4485 σε
1734 4449 1749 4464 ·

182 4508 454 4579 οὐδέποτε
508 4509 709 4582 δυνήσῃ
750 4512 848 4582 τὴν
898 4514 1136 4585 γαστέρα
1190 4516 1279 4583 ὑφ’
1323 4516 1381 4568 ἓν
1436 4518 1706 4591 ἐμπλῆσαι
1736 4537 1753 4552 ο

1840 3344 1935 3384 seu
1962 3328 2293 3384 formidolosi
2350 3344 2493 3400 saepe
2538 3330 2937 3395 exanimantur,
2995 3340 3050 3386 et
3104 3331 3160 3386 in
3213 3330 3409 3386 mentis

1840 3427 2112 3487 stuporem
2181 3419 2446 3484 incidunt,
2515 3433 2616 3474 nec
2685 3435 2816 3475 sane
2866 3421 3154 3476 immerito.
3213 3420 3410 3475 Sancte

1841 3509 1985 3563 enim
2003 3508 2132 3565 facit
2155 3508 2297 3564 Deus
2333 3525 2457 3564 cum
2507 3510 2765 3579 superbos
2796 3525 2895 3565 sua
2929 3510 3095 3565 tutela
3140 3509 3406 3566 destituit.

1846 3601 1922 3655 uti
1955 3615 2057 3657 nos
2082 3615 2301 3672 quoque
2347 3602 2523 3656 alieno
2584 3602 2727 3657 malo
2782 3603 3076 3672 sapiamus,
3101 3610 3158 3657 et
3203 3601 3403 3658 cristas

1843 3694 2207 3749 demittamus.
2263 3693 2465 3749 Omnes
2526 3693 2743 3762 quidem
2817 3692 2988 3749 timidi
3054 3702 3182 3748 sunt
3256 3706 3410 3748 vanze

1845 3786 2027 3856 gloriae
2071 3785 2312 3852 obnoxii;
2359 3786 2453 3840 sed
2491 3800 2600 3840 non
2647 3799 2838 3840 omnes
2888 3784 3104 3841 timoris
3161 3792 3410 3855 expertes

1848 3886 1973 3932 sunt
1992 3875 2244 3931 humiles.
2270 3873 2405 3928 Nam
2433 3882 2487 3929 et
2516 3873 2755 3929 latrones
2798 3882 2853 3928 et
2887 3873 3152 3944 bustirapi
3174 3889 3267 3929 seu
3292 3874 3408 3929 vio-

1848 3969 2047 4023 latores
2076 3966 2446 4035 sepulcrorum
2485 3965 2776 4035 aliquando
2800 3979 2909 4019 non
2956 3965 3167 4020 timent.
3200 3963 3411 4031 Quibus

1848 4059 1902 4111 in
1928 4057 2062 4112 locis
2099 4055 2287 4110 terreri
2319 4054 2481 4119 soles,
2516 4055 2632 4110 haec
2681 4055 3002 4125 intempesta
3056 4062 3216 4110 nocte
3260 4054 3412 4109 adire

1848 4148 1925 4201 nil
1952 4146 2241 4203 cuncteris.
2268 4144 2324 4199 Si
2349 4158 2477 4200 vero
2526 4144 2611 4199 his
2655 4144 2815 4216 273
2843 4143 3298 4200 terriculamentis
3326 4144 3411 4198 vel

1849 4234 2117 4290 medicum
2146 4233 2374 4289 cesseris
2393 4241 2445 4287 et
2474 4233 2784 4300 indulseris,
2815 4233 3038 4303 puerilis
3077 4234 3167 4289 hic
3189 4244 3244 4288 et
3278 4233 3413 4288 ridi-

1851 4322 2007 4375 culus
2038 4320 2261 4376 aﬂ‘ectus
2293 4329 2348 4374 et
2375 4329 2550 4376 metus
2569 4329 2746 4377 tecum
2774 4331 3143 4377 consenescet.
3174 4322 3311 4377 Cum
3344 4323 3413 4378 ad

1852 4412 2124 4468 horrentia
2157 4412 2245 4467 illa
2266 4411 2380 4465 loca
2406 4420 2459 4467 te
2484 4410 2719 4474 confers,
2746 4414 2867 4467 vide
2891 4413 3215 4483 utprecibus
3233 4428 3413 4468 arma-

1855 4515 1943 4560 tus
1958 4504 2267 4573 egrediaris.
2284 4502 2511 4569 Quando
2522 4518 2586 4558 eo
2602 4504 2930 4573 perveneris,
2968 4506 3144 4574 passis
3161 4505 3413 4560 manibus

184 4597 393 4667 ὥσπερ
454 4599 574 4651 οὐδὲ
626 4600 825 4653 δειλίαν
858 4604 1075 4673 νικῆσαι
1103 4622 1115 4635 ·
1167 4606 1308 4659 κατὰ
1334 4608 1394 4660 τὸ
1429 4608 1623 4679 μέτρον
1655 4611 1753 4664 τοῦ

1858 4595 2145 4665 implorato
2166 4596 2384 4649 nomine
2411 4592 2537 4649 Jesu
2571 4594 2752 4650 hostes
2779 4595 2945 4650 caede.
2972 4595 3154 4666 Neque
3189 4595 3333 4651 enim
3356 4595 3415 4650 in

188 4688 437 4751 πένθους
483 4688 673 4742 θᾶττον
727 4692 1085 4796 ὑποζωρήσει,
1134 4696 1393 4751 καὶκατὰ
1419 4698 1517 4768 τὴν
1547 4701 1753 4755 ἐκείνου

188 4778 444 4847 ἔλλειψιν
464 4779 625 4833 δειλοὶ
655 4778 978 4853 διαμένὸμεν
1006 4801 1020 4815 ο
1059 4788 1348 4854 Ἕςρριξάν
1369 4806 1487 4857 μου
1535 4792 1752 4859 τρίχες,

187 4872 305 4925 καί
378 4870 620 4938 σάρκες,
650 4874 677 4925 ὀ
720 4874 939 4941 Ἑλιφάζ
975 4875 1163 4946 ἔφησε,
1222 4863 1319 4949 τὴν
1359 4879 1452 4934 τοῦ
1510 4881 1756 4952 δαίμονος

186 4961 551 5032 πανουργίαν
587 4960 669 5030 διη
683 4963 955 5033 γούμενος.
984 4969 1117 5020 Ποτὲ
1152 4969 1249 5037 μὲν
1273 4972 1307 5040 ἡ
1349 4970 1515 5041 ψυχὴ,
1543 4973 1673 5025 ποτέ
1699 4972 1758 5026 δέ

182 5051 260 5103 τὸ
296 5049 458 5114 σῶμα
512 5050 877 5120 προεδειλίασε
900 5071 914 5083 ο
950 5055 1043 5107 καὶ
1083 5054 1160 5125 τῷ
1200 5056 1373 5128 ἑτέρῳ
1403 5059 1497 5112 τοῦ
1551 5060 1759 5124 πάθους

184 5140 533 5213 μετέδωκεν.
592 5141 759 5194 Ὅταν
803 5144 904 5212 τῆς
936 5145 1134 5215 σαρκὸς
1165 5145 1544 5218 δειλανθείσης,
1581 5152 1638 5202 ἐν

176 5234 351 5303 ψυχῇ
388 5232 417 5282 δ
449 5233 611 5299 φόὸος
630 5233 896 5304 όᾶκαιρος
928 5237 1028 5290 οὐκ
1059 5237 1315 5303 είσὲδυσε,
1348 5239 1571 5309 πλησίον
1591 5241 1625 5311 ἡ
1660 5241 1759 5309 τῆς

179 5325 368 5379 νόσου
398 5321 679 5393 ἀπαλλαγή
707 5340 723 5354 °
772 5326 897 5379 ὅταν
940 5326 997 5380 δὲ
1050 5327 1213 5390 ὅντως
1238 5327 1438 5391 δειλίας
1464 5328 1764 5399 ἠλευθερώ-

180 5417 408 5485 θημεν,
439 5414 500 5466 οὐ
532 5414 710 5468 τόπων
762 5418 948 5471 σκοτία
990 5418 1083 5472 καὶ
1116 5418 1320 5490 ἐρημία
1375 5422 1607 5490 ἐνισχύει
1640 5420 1762 5474 καθ’

179 5509 221 5577 ἡ
231 5504 371 5578 μῶν
399 5503 524 5568 τοὺς
550 5504 829 5576 δαίμονας,
862 5508 998 5562 ἀλλὰ
1026 5508 1201 5579 ψυχῆς
1228 5510 1473 5579 ἀκαρπία
1502 5525 1515 5540 ·
1544 5510 1657 5564 ἔστι
1704 5512 1761 5565 δὲ

272 5625 325 5657 ⁸⁸
350 5620 498 5686 Psal.
534 5638 572 5687 ι,
596 5623 651 5676 2.
770 5624 815 5655 δ’
841 5621 941 5678 Job
969 5639 1041 5688 tv,
1071 5624 1156 5677 15.

276 5740 368 5811 (a)
403 5739 605 5797 Desunt
636 5742 733 5798 tria
756 5751 844 5798 aut
877 5751 1102 5812 quatuor
1138 5742 1294 5798 verba
1328 5743 1518 5799 abrasa

1859 4688 1997 4742 caelo
2020 4700 2194 4756 neque
2240 4687 2299 4741 in
2355 4694 2498 4741 terra
2541 4694 2671 4741 sunt
2713 4686 3018 4757 potentiora
3076 4701 3250 4743 arma.
3309 4685 3415 4743 Ubi

1858 4779 2095 4833 evaseris
2124 4792 2189 4833 ex
2205 4778 2309 4832 hoc
2335 4777 2543 4841 morbo,
2561 4778 3117 4847 gratulareliberalori
3133 4787 3228 4833 tuo
3245 4777 3413 4833 victo-

1861 4871 2017 4934 riam,
2053 4869 2211 4925 lauda
2243 4869 2418 4933 illum,
2464 4878 2676 4939 gratum
2709 4869 2851 4925 enim
2887 4870 3151 4925 tutabitur
3178 4883 3411 4940 semper.

1861 4960 2323 5029 Quemadmodum
2353 4975 2458 5016 non
2484 4976 2592 5017 uno
2645 4971 2919 5018 momento
2966 4961 3207 5032 placabis
3228 4970 3285 5017 et
3324 4976 3417 5018 sa-

1861 5052 2068 5107 turabis
2097 5062 2356 5117 ventrem,
2398 5051 2468 5107 ita
2507 5066 2607 5107 nec
2655 5067 2907 5122 pavorem
2958 5053 3103 5107 hunc
3143 5051 3419 5124 extemplo

1863 5145 2035 5216 pellis,
2064 5142 2157 5199 sed
2190 5158 2290 5217 pro
2318 5144 2522 5198 ratione
2549 5153 2603 5198 et
2617 5144 2781 5199 modo
2796 5143 2965 5200 sancti
2989 5144 3168 5199 luctus
3187 5144 3419 5199 celerius

1864 5236 2102 5300 decedet,
2140 5244 2214 5299 et,
2240 5250 2336 5305 pro
2359 5235 2518 5289 modo
2555 5234 2797 5290 defectus
2840 5235 2983 5290 illius
3024 5235 3201 5304 pavidi
3228 5248 3414 5288 mane-

1863 5327 2060 5381 bimus.
2094 5323 2473 5378 Inhorruerunt
2494 5324 2591 5393 pili
2631 5335 2679 5378 et
2715 5340 2895 5378 carnes
2924 5340 3073 5389 mere,
3101 5323 3277 5393 inquit
3307 5321 3409 5374 Eli-

1862 5418 2020 5487 phaz,
2041 5416 2169 5471 dum
2192 5417 2320 5471 mali
2340 5416 2602 5471 daamonis
2624 5416 2794 5470 malas
2810 5424 2954 5471 artes
2974 5413 3295 5469 ostendit".
3321 5410 3419 5467 Est

1862 5526 1984 5565 cum
2008 5509 2158 5578 prius
2186 5509 2386 5573 anima,
2422 5518 2509 5563 est
2531 5522 2657 5563 eum
2687 5522 2885 5578 corpus
2906 5506 3175 5578 trepidare
3206 5503 3415 5575 incipit,

1946 5752 2016 5812 (hi
2054 5746 2207 5800 Deest
2252 5758 2391 5798 Ulli]:
2428 5758 2611 5799 versus
2647 5741 2888 5795 abusum
