4216 6458
157 772 174 810 Ι

217 410 322 474 949

1151 405 1373 462 SCALA
1403 402 1770 462 PARADISI.
1803 424 1868 435 -
1897 401 2197 460 GRADUS
2221 402 2405 460 XXII.

3285 394 3390 453 950

212 523 534 595 ειιιτρόπους
581 519 821 587 λέγουσιν
865 512 1022 572 εἶναι.
1072 515 1129 568 '0
1171 516 1227 568 δὲ
1274 516 1517 582 θεολόγος
1549 514 1750 584 Γρηγό-
1779 520 1818 573 Α

1855 515 2038 580 gorius
2067 512 2370 580 'l'heomgus
2412 524 2465 565 et
2510 511 2596 564 alii
2629 518 2824 578 septem
2871 507 3128 558 duntaxat
3187 504 3385 556 deseri-

215 627 348 682 ριος,
379 608 471 662 καὶ
499 607 672 677 ιτεροε
732 605 873 658 ἑπτὰ
901 605 1059 659 πάλιν
1087 603 1306 663 τούτους
1335 603 1602 668 ἐξέδωκαν
1622 618 1636 632 ’
1669 597 1748 663 οἷς

211 700 384 768 ἔγωγε
417 699 640 768 μάλιστα
673 694 1007 749 συντίθεσθαι
1035 693 1304 762 πείθομαι.
1339 693 1435 756 Τίς
1466 692 1572 763 γὰρ
1605 709 1750 746 κενο-

209 789 386 854 δοξίαν
413 789 642 858 νικήσας
666 785 1039 857 ὑπερηφανίαν
1062 785 1316 854 κέκτηται
1335 785 1414 853 (2)
1439 783 1748 852 ςΤοσαύτην

211 879 269 931 δέ
295 878 452 947 μόνον
479 876 610 947 πρὸς
633 876 865 945 ἀλλήλας
884 875 992 945 τῆν’
1007 874 1264 944 διαφορὰν
1292 873 1602 942 κέκτηνται,
1622 873 1752 940 ὃσην

213 968 330 1038 ἔχει
358 971 425 1037 τῇ
456 969 614 1036 φύσει
645 969 674 1020 6
721 969 848 1030 παῖς
881 965 1030 1035 παρά
1071 965 1161 1017 τὸν
1201 963 1388 1034 ἀνδρα,
1435 963 1527 1015 καὶ
1556 965 1585 1016 6
1613 965 1752 1024 σῖτος

215 1058 363 1128 παρά
403 1057 493 1112 τὸν
522 1060 712 1127 ἀρτον·
741 1055 882 1126 ἀρχή
915 1054 1013 1124 μὲν
1041 1054 1149 1124 γὰρ
1192 1053 1254 1106 τὸ
1297 1053 1574 1122 πρότερον,
1603 1052 1752 1114 τέλος

214 1147 274 1199 δὲ
305 1145 366 1198 τὸ
397 1146 663 1215 δεύτερον.
697 1145 904 1198 Οὐκοῦν
930 1144 1057 1213 περὶ
1081 1143 1252 1214 ἀρχῆς
1280 1143 1373 1198 καὶ⁵
1400 1141 1756 1212 πληρώματος

197 1236 402 1298 ,παθῶν
427 1236 528 1305 τῆς
555 1234 768 1290 ἀνοσίου
794 1235 1022 1306 οἰήσεως
1055 1233 1246 1304 καιροῦ
1289 1233 1610 1296 καλέσαντος
1655 1232 1754 1301 (3),

197 1327 464 1409 εἴπωμεν
492 1326 784 1396 συντόμως.
835 1325 892 1379 ’0
916 1325 1022 1395 γὰρ
1049 1323 1138 1377 διὰ
1163 1325 1366 1394 μήκους
1392 1324 1518 1392 περὶ
1556 1322 1758 1376 τούτων

217 1415 520 1484 φιλοσοφεῖν
548 1414 856 1485 ἐπιχειρῶν,
902 1414 1081 1484 ὅμοιός
1111 1415 1228 1466 ἐστι
1266 1413 1343 1482 τῷ
1376 1414 1501 1483 περὶ
1545 1412 1758 1483 ἀνέμων

220 1507 457 1578 σταθμοῦ
519 1507 1050 1578 πολυπραγμονοῦντι
1105 1505 1244 1574 εικῆ.
1309 1503 1592 1584 μενοδοξία
1644 1491 1769 1558 ἐστι’

198 1597 360 1670 ,κατά
407 1596 504 1665 μὲν
530 1597 590 1649 τὸ
615 1592 753 1657 εἶδος
793 1595 1004 1665 φύσεως
1030 1592 1316 1662 ἐναλλαγή,
1347 1593 1440 1644 καὶ
1471 1591 1618 1661 ήθῶν
1645 1592 1760 1644 δια-

197 1685 449 1757 impegit,
496 1686 588 1738 καὶ
639 1686 1014 1755 παρατήρησις
1051 1682 1338 1753 μέμψεωςο
1387 1680 1528 1735 κατά
1567 1681 1624 1734 δὲ
1665 1682 1762 1750 τήν

196 1771 512 1862 ξποιὸτητα,
563 1777 820 1846 καμάτων
876 1775 1324 1845 σκορπιστήριον,
1375 1771 1609 1844 ἱδρώτων
1655 1773 1760 1826 ἀπ-

196 1853 404 1948 ξὼλεια,
442 1865 710 1938 θησαυροῦ
734 1865 1010 1937 ἐπιϐουλὴ,
1043 1864 1294 1928 ἀπιστίας
1333 1859 1569 1932 ἔκγονος,
1598 1862 1763 1932 ύπερ-
1797 1853 1842 1908 Β

222 1954 455 2026 ηῳανίας
501 1954 829 2026 πρόδρομοςξ,
876 1955 936 2006 ἐν
987 1953 1163 2024 λιμένι
1212 1951 1481 2020 ναυάγιον,
1512 1953 1570 2005 ἐν
1601 1951 1765 2006 ἃλωνι

227 2042 470 2129 μύρμηξ,
531 2043 718 2108 λεπτὸς
760 2043 858 2114 μέν
907 2044 1186 2115 ὑπάρχων,
1237 2039 1396 2096 παντὶ
1440 2042 1769 2112 δεκαμάτιρ

196 2143 203 2206 ζ
228 2137 328 2190 καὶ
355 2134 546 2207 καρπῷ
578 2135 935 2190 ἐπιϐουλεύων
954 2151 967 2164 ο
1001 2135 1256 2206 ἀναμένει
1287 2132 1508 2210 μύρμηξ
1531 2133 1773 2203 τελεσθῆ-

225 2245 317 2281 ναι
346 2227 438 2280 τὸν
471 2229 633 2291 σῖτον,
663 2227 758 2280 καὶ
800 2225 1069 2292 κενοδοξία
1106 2225 1432 2296 συναχθῆναι
1479 2225 1568 2278 τὸν
1609 2222 1771 2277 πλοῦ-

225 2313 341 2372 τόν.
385 2316 442 2370 '0
480 2317 577 2386 μέν
605 2316 712 2386 γὰρ
755 2316 931 2386 χαίρει
973 2317 1058 2369 ίνα
1090 2315 1278 2386 κλέψῃ,
1315 2317 1349 2386 ή
1393 2315 1448 2367 δὲ
1493 2315 1578 2368 ἴνα
1615 2331 1774 2385 σκορο

197 2390 397 2479 Ϊπίσῃο
430 2404 642 2476 πνεῦμα
681 2405 1037 2474 ἀπογνώσεως
1075 2407 1251 2477 χαίρει
1288 2404 1522 2478 θεωροῦν
1569 2398 1774 2476 πληθυ-

229 2498 462 2568 νομένην
491 2498 704 2553 κακίαν⁹
727 2496 938 2569 πνεῦμα
961 2497 1016 2550 δέ
1047 2498 1347 2564 κενοδοξίας
1375 2498 1777 2569 πληθυνομένην

228 2587 458 2658 ἀρετήν’
520 2585 658 2658 θύρα
705 2587 812 2658 γάρ
875 2586 968 2640 τοῦ
1037 2587 1299 2657 προτέρου
1336 2587 1402 2640 τὰ
1449 2587 1624 2656 πλήθη
1671 2587 1777 2640 τῶν

229 2676 584 2746 τραυμάτων·
613 2676 706 2728 τοῦ
738 2677 795 2730 δέ
824 2676 1097 2747 δευτέρου,
1123 2681 1152 2731 ὁ
1181 2676 1405 2740 πλοῦτος
1451 2677 1557 2729 τῶν
1601 2677 1777 2740 καμά-

229 2781 362 2818 των.
408 2763 683 2839 Ἐπιτήρει
720 2763 818 2830 (4),
867 2766 961 2818 καὶ
1008 2765 1169 2836 μέχρι
1220 2767 1494 2836 μνήματος
1537 2764 1635 2836 τὴν
1682 2766 1775 2817 ἀν-

232 2855 388 2907 οσίαν
428 2854 687 2909 ἀνθοῦσαν
731 2854 999 2926 εὑρήσεις,
1032 2857 1091 2907 ἐν
1125 2857 1380 2926 ίματίοις,
1419 2856 1512 2908 καὶ
1567 2855 1775 2925 μύροις,

235 2946 329 2998 καὶ
375 2947 692 3017 προπομπῇ,
733 2945 828 2999 καὶ
877 2944 1151 3017 ἀρώμασι,
1203 2946 1297 2998 καὶ
1339 2945 1564 3017 ἑτέροις.
1611 2947 1782 2999 Πᾶσιν

233 3035 480 3104 ἀφθόνως
507 3037 781 3124 λάμπειυδ
825 3035 1120 3124 ἥλιοςκκαὶ
1166 3039 1328 3090 πᾶσιν
1368 3035 1782 3107 ἐπιτηδεύμασιν

237 3127 506 3198 ἐπιχαίρει
538 3121 807 3193 κενοδοξία
834 3127 908 3198 (5)
932 3144 948 3161 ο
979 3121 1092 3179 οἷόν
1118 3145 1171 3181 τι
1204 3129 1363 3195 λέγω,
1391 3126 1663 3198 νηστεύων
1691 3144 1782 3179 κε-

1855 619 2045 675 psere,
2079 605 2144 658 ad
2176 618 2409 672 quorum
2436 601 2798 669 sententiam,
2836 611 3006 649 meam
3048 610 3261 664 quoque
3302 593 3392 644 adv

1851 698 2037 766 jungo.
2071 694 2276 750 Etenim
2322 695 2446 762 quis
2479 708 2628 746 vana:
2688 688 2868 759 glmia!
2908 689 3078 740 vietor
3133 685 3395 754 superbia:

1857 790 1929 843 sit
1977 786 2280 842 obnoxius?
2333 785 2591 840 Diﬂ'eruut
2632 793 2807 836 autem
2861 782 2998 834 inter
3051 793 3109 833 se
3159 786 3392 836 tantum,

1855 885 2114 947 quantum
2147 889 2279 946 puer
2317 889 2350 928 a
2381 875 2530 939 viro,
2561 881 2616 927 et
2646 871 2972 926 frumentum
3002 883 3032 920 a
3065 881 3218 935 pane.
3253 865 3394 918 Vana

1858 968 2041 1038 gloria
2099 967 2364 1036 cupiditas
2429 974 2515 1019 est
2566 963 2778 1017 initium
2810 1001 2825 1026 ,
2877 957 3124 1027 superbia
3175 956 3298 1008 ﬁnis
3347 963 3398 1005 et

1859 1060 2168 1115 absolutum
2211 1057 2426 1111 vitium.
2465 1053 2650 1124 Itaque
2695 1054 2763 1109 de
2807 1051 2960 1106 initio
3007 1056 3060 1102 ct
3097 1045 3203 1100 line
3241 1043 3400 1110 hujus

1861 1147 2010 1219 impii
2039 1148 2211 1204 fastus
2231 1157 2286 1202 et
2317 1145 2545 1200 tumoris
2579 1145 2700 1199 loco
2723 1143 2834 1212 jam
2866 1141 2917 1195 id
2949 1139 3188 1207 exigente
3214 1133 3400 1202 paucis

1861 1240 2102 1294 dicemus
2138 1255 2152 1292 :
2198 1251 2324 1291 nam
2367 1236 2461 1304 qui
2509 1234 2688 1288 omnia
2730 1235 2798 1286 de
2843 1231 2927 1285 his
2966 1227 3110 1281 vitiis
3155 1223 3400 1293 persequi

1863 1331 2022 1394 volet,
2049 1328 2272 1397 perinde
2302 1325 2463 1381 faciet
2493 1334 2653 1393 atque
2684 1323 2731 1378 is
2759 1321 2854 1391 qui
2888 1331 3168 1374 ventormn
3199 1316 3402 1383 pondus

1865 1421 2221 1490 nequidquam
2252 1417 2494 1486 inquirit.
2523 1414 2669 1470 Vana
2709 1413 2876 1483 gloria
2902 1451 2916 1475 ,
2962 1411 3008 1464 si
3052 1409 3279 1462 formam
3310 1421 3400 1460 seu

1864 1511 2098 1583 speciem
2139 1523 2352 1579 quartis
2375 1545 2390 1570 ,
2435 1515 2520 1562 est
2571 1515 2776 1560 natura
2804 1502 3127 1572 permutatio
3149 1541 3163 1562 ,
3196 1513 3402 1551 morum

1867 1600 2188 1671 perversitas
2209 1637 2226 1664 ,
2254 1607 2310 1653 et
2335 1597 2624 1652 declinatio
2652 1590 3113 1665 reprehensionis;
3154 1589 3199 1642 si
3230 1588 3402 1655 quali-

1867 1703 2028 1750 tatem
2052 1733 2068 1759 ,
2102 1691 2344 1746 laborum
2373 1697 2457 1742 est
2493 1687 2776 1756 dissipatio
2799 1725 2815 1750 ,
2851 1683 3106 1738 sudorum
3141 1680 3368 1748 perditio
3393 1718 3406 1738 .

1867 1782 2108 1840 thesauri
2159 1778 2500 1843 insidiatrix,
2545 1776 2874 1832 inﬁdelitatis
2919 1772 3169 1836 soboles,
3223 1770 3406 1822 ttttutizt

1869 1875 2168 1944 superbia,
2198 1873 2254 1926 in
2282 1879 2439 1941 portu
2471 1865 2812 1937 naufragium
2839 1906 2854 1929 ,
2905 1866 2955 1916 in
3002 1878 3122 1916 arca
3161 1860 3406 1923 formica,

1869 1979 2032 2034 parva
2058 1963 2272 2033 quidem
2301 1959 2551 2024 bestiola,
2577 1956 2670 2012 sed
2695 1970 2816 2026 qua
2835 1954 3090 2010 omnibus
3142 1950 3410 2004 laboribus

1867 2065 1921 2110 et
1971 2053 2214 2123 frugibus
2269 2049 2434 2120 276
2483 2048 2787 2103 insidiatur.
2851 2047 3135 2112 Exspectat
3191 2039 3411 2093 formica

1869 2149 1996 2202 dum
2035 2143 2228 2200 messis
2262 2142 2542 2210 colligatur
2565 2181 2580 2204 ,
2611 2152 2747 2190 vana
2782 2135 2955 2204 gloria
2987 2134 3114 2186 dum
3157 2133 3412 2184 virtutum

1871 2253 2001 2308 opes
2041 2241 2467 2304 comparentur:
2517 2229 2606 2284 illa
2647 2237 2706 2282 ut
2753 2241 2918 2295 grana
2965 2223 3259 2284 subducat,
3306 2221 3415 2272 haec

1874 2340 1933 2385 ut
1962 2329 2189 2384 virtutes
2223 2325 2467 2393 dissipet.
2509 2319 2744 2389 Spiritus
2771 2314 3163 2386 desperationis
3187 2313 3378 2380 gaudet
3403 2352 3416 2373 ,

1874 2435 1997 2476 cum
2039 2419 2375 2472 innumeram
2419 2413 2525 2466 vim
2577 2410 2840 2466 scelerum
2889 2404 3302 2460 commissorum
3341 2401 3420 2453 iu-

1877 2519 2097 2575 tuetur;
2144 2508 2368 2577 spiritus
2403 2519 2553 2558 vana
2602 2500 2784 2572 gloria
2812 2498 3110 2566 triumphat
3146 2512 3268 2550 cum
3309 2511 3420 2546 ma-

1875 2615 2036 2671 gnum
2090 2599 2350 2652 virtutum
2393 2596 2703 2649 thesaurum
2747 2589 3176 2657 contemplatur;
3205 2599 3425 2653 ianuam

1875 2688 2232 2762 desperationi
2309 2685 2482 2756 aperit
2551 2683 2835 2736 vulnerum
2895 2675 3218 2748 multitudo;
3279 2692 3389 2727 van.

1878 2785 2081 2858 gloria,
2117 2781 2372 2836 collectus
2400 2794 2464 2834 ex
2507 2776 2780 2831 laboribus
2822 2772 3081 2826 virtutum
3123 2770 3426 2822 thesaurus.

1878 2879 2118 2937 Observa
2165 2886 2220 2932 et
2267 2873 2628 2945 deprehendes
2687 2871 2822 2924 hanc
2869 2877 3074 2937 pestem
3129 2879 3300 2932 usque
3355 2864 3424 2915 ad

1881 2974 2188 3044 sepulcrum
2219 2978 2276 3024 et
2308 2970 2520 3024 cineres
2549 2966 2680 3020 llore
2711 2961 2945 3018 vestium
2966 3002 2981 3025 ,
3014 2965 3431 3027 unguentorum,

1883 3068 2184 3116 aromatum
2205 3095 2222 3120 ,
2251 3056 2455 3108 honore
2499 3063 2814 3121 pomparum
2839 3087 2856 3111 ,
2894 3056 2948 3100 et
2979 3045 3208 3099 aliarum
3256 3058 3433 3096 rerum

1834 3183 1853 3204 ς
1883 3146 2156 3204 delectari.
2207 3143 2302 3197 Sol
2351 3131 2785 3195 allatim'omuia
2834 3137 2954 3188 luce
2993 3149 3091 3188 sua
3135 3131 3434 3201 perfundit.

235 3186 441 3281 νοδδξῶ.
460 3218 557 3289 (ϐ),
591 3217 680 3271 καὶ
707 3186 986 3271 καταλύων
1015 3219 1107 3270 ἶνα
1136 3218 1211 3288 μὴ
1251 3186 1497 3284 γνωσθῶ,
1535 3219 1609 3279 ὼς
1653 3217 1783 3286 φρόο
1809 3189 1818 3237 ⁴

1834 3220 1856 3243 ⁴
1883 3247 1938 3292 et
1964 3250 2100 3290 vana
2142 3234 2315 3305 gloria
2351 3229 2605 3286 omnibus
2644 3227 2906 3280 virtz‘tum
2957 3222 3152 3276 studiis
3203 3222 3392 3288 gaulet
3422 3240 3430 3271 :

236 3325 394 3378 νιμος
457 3307 615 3363 πάλιν
671 3307 947 3372 κενοδοξῶ.
1008 3309 1246 3378 Λαμπρὰ
1308 3307 1782 3377 περιϐεϐλημένος,

238 3399 487 3470 ήττῶμαι
514 3399 706 3470 ταύτῃ.
742 3402 834 3454 καὶ
881 3401 1070 3471 εὐτελῆ
1101 3399 1458 3468 ἐξαλλάσσων,
1489 3400 1646 3455 πάλιν
1691 3418 1784 3453 κε-

239 3484 438 3549 νοδοξῶ
455 3501 468 3514 ⁸
493 3485 663 3540 λαλῶν
684 3487 951 3557 ἡττῶμαι,
983 3490 1076 3542 καὶ
1102 3489 1318 3542 σιωπῶν
1346 3490 1503 3544 πάλιν
1530 3489 1784 3560 ήττήθην.

251 3577 343 3642 Ὠς
382 3578 449 3631 ἂν
485 3578 644 3649 ῥίψῃς
689 3578 888 3649 ταύτην
927 3579 1025 3649 τήν
1075 3579 1338 3649 τρίσολον,
1368 3579 1524 3650 ὀρθὸν
1565 3581 1627 3634 τὸ
1671 3581 1791 3633 κέν-

239 3682 370 3737 τρον
397 3667 630 3722 ἵσταται.
665 3666 951 3731 Κενόδοξός
994 3667 1141 3720 ἐστιν
1170 3667 1555 3740 εἰδωλολάτρης
1583 3670 1788 3735 πιστὸς,

242 3754 378 3807 Θεὸν
407 3755 506 3822 μὲν
531 3755 608 3824 τῷ
633 3756 808 3809 δοκεῖν
839 3755 1143 3826 σεῦόμενος,
1173 3756 1473 3826 ἀνθρώποις
1499 3759 1578 3822 δὲ,
1607 3760 1700 3811 καλ
1731 3760 1789 3812 οὐ

243 3839 390 3911 Θεῷ,
435 3842 686 3911 ἀρέσκειν
721 3843 1056 3914 βουλόμενος.
1109 3844 1396 3909 Κενόδοξός
1424 3847 1538 3898 ἐστι
1567 3850 1673 3909 πᾶς
1705 3865 1794 3914 φι-

247 3931 558 4002 λενδείκτης
614 3932 724 4002 (7)·
797 3934 1068 3999 κενοδόξου
1118 3934 1336 4006 νηστεία
1393 3936 1650 4006 ἄμισθος,
1702 3939 1794 3990 καὶ

180 4065 186 4071 .
246 4023 522 4093 προσευχὴ
589 4023 813 4094 ἄκαιρος
835 4039 849 4053 ·
903 4023 969 4076 δι’
999 4025 1216 4080 ἔπαινον
1239 4026 1343 4095 γὰρ
1371 4025 1665 4097 ἀνθρώπων
1691 4028 1795 4095 ἀμ-

247 4114 452 4184 φότερα
478 4115 797 4185 ἐργάζεταιο
835 4114 1103 4180 κενόδοξος
1136 4118 1375 4189 ἀσκητὴς
1415 4116 1680 4171 ἀδικεῖται
1719 4118 1794 4170 δι-

247 4202 431 4266 πλῶς⁴
482 4203 574 4256 καὶ
633 4204 694 4255 τὸ
743 4201 900 4273 σῶμα
946 4207 1287 4277 κατατήκων,
1339 4205 1435 4260 καὶ
1489 4206 1673 4277 μισθὸν
1723 4209 1796 4278 μὴ

248 4290 570 4361 λαμῦἀνων·
612 4290 696 4354 τίς
725 4291 800 4362 μὴ
841 4289 1041 4363 γελάσῃ
1066 4294 1158 4346 τὸν
1184 4293 1282 4364 τῆς
1309 4292 1604 4358 κενοδοξίας
1635 4296 1798 4364 ἐργά-

1884 3340 2035 3390 cum,
2066 3325 2307 3394 inquam,
2341 3319 2566 3390 jejuniis
2598 3331 2814 3386 operam
2849 3315 2937 3377 do,
2958 3326 3110 3365 .vana
3139 3311 3306 3378 gloria
3357 3312 3434 3363 iu-

1888 3429 2126 3474 tumesco
2161 3434 2176 3469 :
2216 3429 2338 3470 cum
2361 3410 2564 3482 jejunia
2597 3407 2794 3462 latendi
2823 3418 2990 3458 causa
3023 3403 3195 3466 solvo,
3231 3409 3280 3452 ιιι
3312 3415 3408 3468 pru

1887 3513 2020 3567 dens
2045 3509 2258 3564 eﬂ‘eror.
2285 3504 2421 3560 Cum
2452 3499 2764 3571 splendidus
2791 3495 3002 3558 incedo,
3033 3494 3101 3548 ab
3134 3493 3233 3547 hac
3269 3493 3443 3545 victus

1889 3601 2135 3665 discedo;
2177 3613 2300 3652 cum
2332 3607 2521 3649 rursus
2551 3590 2729 3646 viliori
2765 3594 3039 3658 permitto,
3073 3585 3268 3638 iterum
3305 3598 3443 3635 vana

1891 3693 2060 3766 gloria
2094 3689 2344 3746 cxtollor.
2391 3681 2619 3750 Quando
2664 3681 2854 3746 loquor
2879 3718 2893 3740 ,
2949 3676 3072 3728 huic
3115 3672 3440 3734 succumbo,

1891 3762 2108 3854 quando
2165 3790 2317 3834 taceo
2369 3787 2586 3829 rursum
2640 3769 2826 3821 vincor
2879 3783 2892 3818 :
2956 3762 3446 3833 quomodocunquc

1895 3875 2128 3929 murices
2153 3871 2271 3940 .hos
2302 3863 2594 3935 abieceris,
2626 3857 2824 3928 jcceris
2850 3897 2865 3919 ,
2901 3854 3194 3924 Sparseris,
3237 3866 3446 3918 semper

1893 3965 2090 4022 erectis
2125 3957 2476 4017 mucronibus
2523 3952 2757 4007 stabunt.
2807 3945 2972 4002 Vana
3013 3945 3197 4014 gloria:
3240 3941 3444 3996 manci-

1895 4058 2044 4128 pium
2089 4061 2174 4109 est
2213 4048 2516 4106 idololatria
2547 4043 2892 4099 Christianus
2917 4077 2934 4100 ,
2985 4037 3076 4104 qui
3120 4036 3174 4086 iu
3215 4033 3444 4101 speciem

1895 4123 2111 4219 quidem
2144 4145 2312 4200 Deum
2343 4141 2490 4205 colit,
2534 4135 2739 4191 homini
2769 4141 2948 4186 autem
2978 4127 3188 4196 placere
3221 4123 3400 4178 studet
3433 4141 3444 4173 :

1896 4256 2048 4297 vana
2083 4237 2266 4309 gloria
2301 4243 2522 4289 venator
2551 4227 2730 4285 oumis
2771 4233 2857 4278 est
2884 4221 2969 4276 sui
3003 4227 3320 4273 ostentator.
3358 4213 3449 4268 Je-

1896 4334 2107 4404 junium
2131 4329 2250 4399 ejus
2271 4327 2366 4396 qui
2392 4337 2584 4376 vanam
2624 4315 2852 4386 gloriam
2893 4319 3220 4380 aucupatur,
3255 4308 3451 4361 nullam

249 4397 376 4452 την,
397 4383 456 4436 ἐν
497 4385 616 4446 ταῖς
646 4382 980 4452 ψαλμῳδίαις
1015 4384 1316 4452 ἱστάμενον,
1347 4387 1440 4436 καὶ
1466 4386 1568 4438 ὑπὸ
1599 4385 1799 4456 ταύτης

251 4471 607 4526 κινούμενονε
655 4473 787 4526 [lore
832 4471 930 4526 μιν
969 4472 1154 4526 γελᾶν.
1187 4463 1318 4524 ποτέ
1352 4473 1410 4525 δέ
1445 4475 1540 4526 ἐπὶ
1587 4474 1800 4526 πάντων

1896 4382 2063 4480 iubet
2112 4400 2434 4476 mercedem.
2481 4411 2672 4465 Preces
2711 4407 2854 4459 illius
2904 4405 3126 4471 ingrata
3168 4412 3221 4455 ct
3266 4402 3456 4454 intem-

1834 4498 1875 4526 η
2006 4513 2036 4526 μ·
2256 4515 2271 4526 .
2324 4514 2610 4526 --._--.........
2644 4497 2784 4526 ma...
2835 4502 3053 4526 ..ι-ωηο..
3085 4492 3294 4526 ιη...ι.ι...
3337 4487 3456 4526 iam“

251 4471 607 4586 κινούμενοη
655 4473 787 4526 [lore
832 4471 930 4539 μιν
969 4472 1154 4542 γελᾷν,
1187 4472 1318 4524 ποτέ
1352 4473 1410 4525 δέ
1445 4475 1540 4526 ἐπὶ
1587 4474 1800 4526 πάντων

251 4579 285 4586 ..
325 4560 465 4586 -ε-...
487 4563 883 4586 ..--------υ--
924 4561 1163 4586 ν,.ε..-.
1195 4560 1396 4586 ν.ε-.--
1424 4561 1482 4586 ιε
1509 4561 1799 4586 λ..Δ.Λ-..”⁸.-.

1834 4498 1875 4553 D
1905 4513 2122 4586 pcativa
2149 4515 2296 4573 sunt,
2324 4514 2610 4568 utrumque
2643 4497 2786 4551 enim
2835 4502 3053 4563 propter
3085 4492 3296 4545 laudem
3337 4487 3466 4538 facit

248 4560 465 4614 κλαίειν
487 4563 906 4630 παρασκευάζει.
924 4561 1167 4631 Κρύπτει
1195 4560 1396 4630 Κύριος
1423 4561 1484 4625 ἐξ
1507 4561 1800 4632 ὀφθαλμῶν

1907 4578 2209 4674 religiosus.
2240 4597 2401 4651 Vana:
2432 4591 2614 4662 gloria:
2646 4602 2842 4656 auceps
2872 4584 3072 4654 duplici
3119 4578 3460 4637 incounnodo

246 4650 416 4752 ill-“:59
449 4650 720 4752 “omne.
755 4655 849 4752 καὶ
877 4653 1020 4725 ἅπερ
1063 4651 1375 4724 κεκτήμεθα
1420 4651 1580 4706 καλά.
1639 4651 1802 4725 ’Λνὴρ

1907 4650 2208 4751 ωαέιοιυτ,
2241 4680 2384 4752 quod
2433 4650 2596 4748 U277
2653 4685 2708 4728 ct
2739 4650 3210 4741 corpus’allligat,
3241 4675 3294 4718 et
3330 4678 3464 4731 prse-

248 4745 313 4799 δέ
351 4744 656 4812 ἐπαινέτης,
691 4743 888 4812 μᾶλλον
933 4744 989 4798 δὲ
1021 4739 1430 4813 πλανήτης,νδιὰ
1466 4739 1559 4793 τοῦ
1583 4740 1799 4794 ἐπαίνου

250 4836 386 4896 τοὺς
419 4832 725 4903 ὀφθαλμοὺς
743 4834 778 4900 ή
788 4833 902 4902 μῶν
931 4833 1151 4914 ἀνέῳξει
1181 4831 1394 4886 Τούτων
1411 4830 1466 4884 δὲ
1483 4829 1802 4897 ἀνοιγέντων

251 4924 498 4992 ἄρξαντος
524 4925 554 4977 6
599 4920 823 4985 πλοῦτος
861 4924 1074 4992 ἐγένετο
1115 4924 1206 4992 ἀφ’
1242 4921 1426 4992 ήμῶνο
1477 4920 1802 4991 κολακευτής

253 5017 381 5067 ἐστι
441 5013 706 5083 δαιμόνων
747 5003 989 5076 διάκόνος
1018 4999 1120 5082 (Si),
1169 5011 1539 5082 ὑπερηφανίας
1587 5026 1812 5080 χειραγ-

252 5103 429 5170 ωγδς,
462 5101 797 5168 κατανύξεως
827 5102 1227 5174 ἐξολοθρευτὴς,
1270 5102 1448 5156 καλῶν
1494 5101 1812 5173 ἀφανιστὴς,

254 5193 466 5258 πλάνος
493 5195 610 5249 ὁδοῦ
629 5198 718 5249 ’οί
737 5193 845 5264 γὰρ
869 5155 1288 5262 ἓωκᾶρίζολθξες
1314 5189 1486 5264 ὑμᾶς,
1504 5155 1815 5248 πῖλῑιινιῦσίιλἰ

1921 5171 2150 5232 subinde
2175 5170 2404 5223 virtutes
2429 5177 2567 5232 quas
2593 5155 2955 5231 possidemus,

253 5280 443 5353 ὑμᾶς,
474 5287 634 5353 φησιν
658 5287 688 5339 6
719 5283 1020 5355 προφήτης.

1907 4785 2077 4838 mium
2106 4778 2228 4833 inde
2262 4773 2464 4827 nullum
2495 4765 2769 4836 percipiat.
2797 4763 2932 4830 Quis
2965 4778 3071 4816 non
3110 4773 3257 4812 vana:
3286 4754 3469 4824 gloria»

1908 4879 2237 4944 captatorem
2271 4860 2548 4923 derideat,
2587 4873 2748 4933 quem
2794 4857 2848 4910 in
2886 4853 3132 4924 precibus
3168 4853 3471 4900 versantem

1915 4987 2050 5028 vana
2081 4967 2251 5038 gloria
2291 4978 2434 5019 nunc
2477 4961 2546 5016 ad
2596 4963 2764 5016 risum
2789 4998 2804 5023 ,
2843 4969 2987 5010 nunc
3029 4951 3094 5004 ad
3119 4951 3385 5016 lacrymas
3417 4945 3471 4997 iu

1915 5068 2160 5127 omnium
2199 5061 2708 5130 conspectu‘mmret
2751 5061 2805 5106 et
2847 5048 3076 5104 incitat?
3121 5041 3303 5096 Belius
3335 5038 3475 5092 Deus

2986 5147 3269 5204 abscondit
3309 5160 3340 5197 a
3381 5157 3449 5196 nu
3462 5169 3474 5177 -

1924 5278 2044 5340 bis;
2073 5267 2320 5328 laudator
2348 5278 2500 5328 vero,
2521 5263 2630 5315 imo
2656 5258 2926 5325 deceptor,
2962 5249 3092 5304 dum
3124 5261 3223 5301 nos
3254 5243 3466 5298 laudat.

260 5333 443 5353 νι-γ..
662 5333 684 5339 ν
2031 5333 2042 5340 -

249 5371 456 5430 oculos
478 5374 666 5442 aperit.
693 5373 788 5431 liis
809 5389 968 5445 porro
993 5375 1209 5442 apertis,
1244 5376 1532 5430 thesaurus
1552 5373 1808 5430 virtutum
1849 5371 2092 5431 omnium
2172 5358 2466 5418 evanescit.
2535 5351 2794 5408 Adulator
2840 5353 2924 5398 est
2966 5341 3209 5396 minister
3243 5333 3471 5392 υἱεὼοιιο

252 5473 319 5522 et
351 5462 545 5518 doctor
595 5466 897 5534 superbia,
966 5441 1204 5535 perditor
1252 5463 1715 5535 eompunctiouis,
1744 5465 2051 5535 :exstinctor
2107 5453 2392 5516 virtutum.
2453 5443 2655 5504 εττοτίε
2680 5441 2786 5494 dux

255 5553 559 5627 pradicant
578 5591 594 5617 ,
620 5554 882 5623 decipiunt
911 5569 997 5610 ros
1019 5553 1063 5586 ⁸³
1083 5594 1097 5620 ,
1133 5554 1308 5624 inquit
1333 5555 1612 5626 propheta.

344 5757 389 5786 -"‘
414 5755 512 5810 lsa.
560 5765 642 5818 iu,
673 5751 752 5804 l2.

2807 5475 2820 5501 ,
2851 5433 2954 5500 Qui
2986 5433 3118 5487 cnim
3155 5444 3240 5484 vos
3303 5429 3472 5478 beatos
