4216 6458
136 417 240 480 953

1123 406 1350 468 SCALA
1375 405 1748 466 PARADlSl.
1777 427 1844 439 ·-
1869 403 2171 463 GRADUS
2200 403 2378 460 ΖίΧΙῐ.

3248 358 3450 462 ρκ’

136 525 403 589 διώξαντα
434 539 446 550 ·
491 521 843 593 ὀργιζομένου
890 520 996 589 γάρ
1039 519 1168 572 ποτέ
1199 536 1353 578 τινοτ
1374 517 1600 586 ἀδελφοῦ
1632 519 1687 570 ἐν
1718 526 1760 578 Α
1789 531 1801 564 1

1684 537 1687 560 ι
1718 526 1760 578 Α
1789 525 2012 570 vexaret
2057 526 2110 570 et
2165 523 2610 582 persequeretur;
2657 528 2779 567 cum
2814 529 2959 567 entm
2995 515 3194 566 rixanti
3228 528 3349 564 cum

137 617 216 684 τῷ
265 613 464 685 μεταξῦ
514 613 791 682 κοσιιικῶν
838 611 1106 681 παρουσία
1157 610 1438 674 κατέλαϐε,
1487 612 1578 663 καὶ
1627 611 1692 678 τῇ

138 705 415 777 κενοδοξία
439 704 498 769 ἐξ
525 706 690 775 ὀργῆς
719 703 1030 774 μετεπράθη
1057 702 1084 754 ὁ
1105 702 1283 765 ἄθλιος
1306 717 1319 730 ·
1355 703 1481 771 duo?
1496 721 1523 753 υ
1533 702 1695 771 μαδέν

138 799 249 866 γὰρ
300 797 484 858 αὐταῖς
532 794 810 848 δουλεῦσαι
869 794 969 846 οὐκ
1016 793 1264 862 ἠδύνατο.
1316 791 1375 845 ⁸0
1427 792 1697 861 κενοδοξία

139 889 246 940 ἀπε
257 885 547 955 μποληθεὶς
570 885 787 938 διπλοῦν
805 885 894 936 τὸν
918 884 1027 953 βίον
1053 883 1339 952 κέκτηται·
1371 884 1428 935 ἐν
1451 884 1696 952 μοναχοῖς

144 978 245 1047 μὲν
278 976 564 1048 διατρίϐων
593 976 674 1044 τῷ
703 977 964 1046 σχήματι,
1000 977 1056 1028 ἐν
1087 975 1274 1043 κόσμῳ
1310 974 1364 1027 δὲ
1394 974 1470 1044 τῷ
1497 975 1698 1046 φρονή-

149 1087 280 1138 ματι
325 1069 418 1121 καὶ
467 1067 544 1138 τῷ
595 1067 958 1136 ἐνθυμήματι.
1001 1066 1125 1118 Ἐὰν
1158 1065 1292 1134 πρὸς
1325 1064 1419 1134 τὴν
1469 1065 1580 1118 ἄνω
1611 1065 1700 1116 εὐ-

139 1158 434 1228 αρέστησιν
462 1157 672 1227 τρέχειν
706 1154 1068 1225 ἐπειγώμεθα,
1096 1154 1193 1223 τῆς
1219 1155 1330 1206 ἅνω
1379 1153 1532 1223 δόξης
1563 1153 1700 1206 πάν-

141 1266 252 1310 τως
284 1250 377 1301 καὶ
401 1247 729 1318 γευσόμεθα.
766 1247 1006 1316 Ἐκείνης
1034 1245 1089 1298 δέ
1117 1247 1145 1298 ὁ
1169 1245 1500 1313 γευσάμενος
1525 1244 1702 1312 πάσης

142 1339 243 1407 τῆς
271 1339 514 1406 ἐπιγείου
541 1338 962 1409 καταφρονήσει.
991 1335 1264 1404 Θαυμάζω
1293 1336 1401 1407 γὰρ
1427 1338 1474 1389 εί
1501 1336 1576 1407 μὴ
1604 1335 1702 1405 τῆς

142 1429 418 1499 προτέρας
456 1447 542 1492 τις
572 1429 932 1499 γευσάμενος,
969 1427 1145 1498 πάσης
1176 1427 1273 1497 τῆς
1296 1427 1550 1496 δευτέρας
1575 1443 1704 1480 κατ-

141 1520 433 1591 εφρόνησε.
451 1519 711 1583 Πολλάκις
730 1518 834 1572 ὑπὸ
860 1517 1161 1584 κενοδοξίας
1185 1515 1522 1588 συληθέντες,
1549 1533 1706 1587 στρα-

142 1611 339 1680 φέντες
365 1613 523 1681 ἡμεῖς
557 1612 928 1683 εὐφυεστέρως
956 1611 1124 1682 αὐτὴν
1155 1611 1515 1683 ἐσυλήσαμεν.
1552 1605 1706 1664 Εἷδόν

141 1717 300 1762 τινας
330 1701 588 1771 ἐργασίας
619 1701 988 1773 πνευματικῆς
1028 1701 1092 1755 ἐκ
1124 1687 1428 1767 κενοδοξίας
1460 1702 1704 1774 ἀπαρξα-

146 1792 367 1860 μένους,
393 1791 486 1844 καὶ
515 1791 613 1861 τῆς
637 1791 808 1862 ἀρχῆς
826 1791 1251 1863 καταδληθείσης
1276 1791 1541 1864 μωμητῆς
1566 1791 1699 1863 (17),

1795 607 1918 661 aliis
1947 616 2202 661 externus
2231 605 2624 670 intervenisset,
2654 605 2820 659 miser
2850 605 2937 660 ille
2971 603 3156 661 statim
3182 603 3354 673 posita

1798 703 1877 753 ira
1909 714 1967 752 se
1997 713 2148 752 vanae
2173 697 2357 766 gloria:
2386 696 2613 761 addixit,
2643 697 2786 764 quod
2816 695 2978 752 simul
3014 697 3228 752 duobus
3253 694 3355 750 do-

1796 786 1958 841 minis
1993 786 2107 857 (irte
2135 795 2190 839 et
2223 799 2371 840 vana:
2403 785 2587 856 gloria:
2616 786 2861 855 inquam)
2895 801 3001 840 non
3037 793 3219 856 posset
3239 799 3358 840 ser-

1796 880 1930 932 vire.
1961 875 2124 931 Vana:
2145 877 2329 948 gloriae
2352 877 2680 947 mancipium
2702 877 2972 946 duplicem
2996 877 3160 932 vitam
3190 877 3356 940 vivit;

1798 985 1923 1024 nam
1951 969 2139 1023 habitu
2171 969 2417 1038 corporis
2446 984 2538 1022 seu
2570 979 2716 1024 veste
2743 978 2989 1025 versatur
3017 983 3140 1023 cum
3169 983 3359 1022 mona-

1798 1061 1936 1126 chis,
1969 1061 2152 1115 animo
2181 1075 2308 1115 vero
2346 1069 2401 1115 et
2438 1060 2852 1130 cogitationibus
2886 1062 2940 1115 in
2977 1061 3194 1116 saeculo.
3229 1059 3360 1114 Stu-

1799 1152 2030 1208 deamus
2056 1150 2165 1207 Deo
2198 1153 2431 1222 placere,
2463 1161 2514 1206 et
2538 1152 2812 1207 caelestem
2846 1153 3070 1222 gloriam
3111 1152 3361 1222 degusta-

1799 1244 2009 1308 bimus,
2056 1260 2162 1314 qua
2216 1254 2426 1315 gustata
2473 1259 2688 1299 onmem
2737 1243 2922 1298 mundi
2960 1244 3184 1313 gloriam
3232 1259 3344 1297 con-

1801 1345 2125 1391 temnemus.
2177 1334 2422 1391 Demiror
2469 1351 2598 1391 vero
2632 1336 2678 1390 si
2717 1336 2838 1405 quis
2890 1351 3125 1406 unquam
3169 1350 3362 1390 vanam

1801 1429 2028 1498 gloriam
2060 1428 2403 1499 contempsit,
2427 1428 2519 1499 qui
2539 1429 2812 1484 ccelestem
2839 1443 2946 1482 non
2971 1427 3222 1500 gustavit.
3247 1425 3362 1480 Non

1803 1536 1930 1577 raro
1970 1537 2069 1576 nos
2099 1537 2130 1575 a
2166 1536 2305 1576 vana
2334 1521 2503 1592 gloria
2542 1522 2802 1577 virtutum
2834 1521 3106 1577 thesauris
3147 1520 3363 1589 spoliati

1803 1621 1861 1668 et
1888 1614 2061 1678 exuti,
2091 1613 2337 1668 conversi
2364 1623 2553 1683 postea
2581 1614 2727 1668 illam
2755 1614 2924 1669 multo
2955 1611 3212 1669 solertius
3239 1625 3366 1680 spo-

1805 1702 2076 1758 liavimus.
2115 1702 2486 1758 Animadverti
2511 1704 2772 1770 quosdam
2814 1704 3032 1758 virtutis
3067 1711 3120 1758 et
3145 1701 3366 1772 spiritus

1806 1794 1980 1850 sancti
2025 1794 2200 1849 studia
2245 1810 2369 1849 cum
2411 1811 2548 1850 vana
2588 1795 2758 1866 gloria
2793 1795 2958 1866 280
2981 1796 3231 1864 coepisse,
3269 1793 3366 1848 sed

144 1858 208 1934 τὸ
243 1882 396 1945 τέλος
416 1858 638 1951 γέγονεν
663 1858 962 1948 ἐπαινετὸν,
994 1858 1081 1937 διά
1111 1882 1172 1937 τὸ
1202 1858 1585 1954 μετενεχθῆναί
1606 1858 1701 1953 την
1734 1858 1774 1913 Β
1801 1903 1809 1958 1

1700 1907 1701 1920 ι
1734 1858 1774 1913 Β
1801 1885 2148 1958 postmodum
2193 1885 2404 1956 abiecto
2435 1858 3110 1956 malo'esordi;,'eptimo
3166 1858 3270 1940 line
3296 1885 3365 1940 ob

145 1972 379 2026 ἔννοιαν.
435 1973 494 2026 '0
527 1976 619 2026 ἐπὶ
653 1977 899 2043 φυσικοῖς
928 1974 1356 2046 πλεονεκτήμασι
1388 1973 1522 2046 (18),
1561 1974 1703 2043 λέγω
1801 1996 1810 2034 1

1801 1989 2063 2034 mutatam
2121 1989 2353 2034 mentem
2421 1993 2558 2049 opus
2618 1980 2973 2036 conclusisse.
3051 1977 3369 2048 Quicunque

142 2062 210 2132 δὴ
244 2063 509 2135 ἀγχινοίᾳ,
542 2063 823 2135 εὐμαθείᾳ,
857 2065 1175 2133 ἀναγνώσει,
1208 2068 1456 2138 προφορᾷ
1487 2067 1702 2138 εὐφυΐα,
1803 2091 1807 2127 ]

1803 2081 2012 2127 natura:
2046 2071 2226 2138 donis,
2287 2072 2556 2138 acumine,
2614 2070 2856 2142 inquam,
2917 2071 3138 2143 ingenii,
3183 2069 3369 2126 docili-

145 2156 244 2205 καὶ
269 2156 381 2218 τοῖς
404 2155 659 2220 romeret;
706 2157 837 2210 πᾶσι
867 2159 977 2221 τοῖς
1005 2157 1218 2223 ἀπόνως
1259 2158 1546 2230 προσοῦσιν
1573 2162 1706 2231 ἡμῖν
1807 2179 1810 2213 ι

1705 2186 1706 2191 π
1807 2173 1934 2232 tate,
1986 2165 2239 2229 lectione,
2289 2165 2574 2220 commoda
2621 2163 3082 2235 pronuntiatione,
3113 2163 3370 2234 praeclara

146 2245 530 2316 ἐπαιρόμενος,
561 2245 813 2301 οὐδέποτε
848 2247 956 2300 τῶν
999 2247 1135 2319 ὑπὲρ
1169 2249 1328 2318 φύσιν
1368 2249 1581 2318 ἀγαθῶν
1622 2251 1706 2303 ἐν·
1809 2260 1811 2311 f

1704 2280 1706 2287 ν
1809 2258 2014 2323 indole,
2048 2271 2103 2315 et
2134 2259 2235 2314 hoc
2263 2274 2436 2330 genus
2465 2258 2588 2312 aliis
2617 2267 2823 2313 naturae
2865 2258 3222 2323 ornamentis,
3260 2272 3369 2312 nou

145 2337 418 2402 τεύξεται·
458 2337 520 2391 '0
544 2338 744 2408 γὰρέν
768 2339 946 2408 ὀλίγῳ
985 2338 1253 2406 ἄπιστος,
1294 2342 1386 2394 καὶ
1431 2345 1486 2394 ἑν
1531 2340 1707 2412 πολλῷ
1807 2352 1810 2403 ;

1807 2349 1992 2406 labore
2033 2351 2222 2420 partis.
2269 2350 2365 2407 sed
2411 2350 2696 2406 nobiscum
2731 2351 2873 2406 natis
2899 2350 3198 2414 extollitur,
3230 2365 3372 2404 nun-

145 2431 398 2494 ἄπιστος,
428 2431 522 2484 καὶ
547 2431 816 2499 κενόδοξος
835 2447 849 2463 ·
881 2432 946 2486 δι’
972 2431 1238 2487 ἀπάθειαν
1265 2433 1591 2507 ἀκροτάτην,
1615 2434 1710 2490 καδ⁹
1806 2468 1810 2490 ι

1707 2473 1710 2485 ι
1806 2459 1968 2513 quam
1996 2443 2312 2498 coelestibus
2339 2458 2460 2513 qua:
2499 2451 2747 2498 naturam
2783 2450 3058 2514 superant,
3091 2441 3251 2498 bonis
3275 2457 3372 2512 po-

146 2522 385 2576 πλοῦτον
415 2524 784 2594 χαρισμάτων,
824 2524 918 2578 καὶ
955 2523 1244 2596 θαυμάτων
1281 2527 1580 2599 ἐνέργειαν,
1616 2529 1709 2582 καὶ
1809 2549 1811 2582 ι

1809 2535 1993 2590 tietur.
2037 2535 2142 2601 Qui
2178 2537 2314 2589 enim
2347 2537 2402 2589 in
2439 2536 2644 2589 modico
2673 2535 2902 2598 infidelis
2928 2545 3005 2589 est
3026 2533 3095 2600 ⁸⁸,
3126 2534 3181 2589 in
3205 2533 3375 2588 multo

146 2617 514 2689 προγνώσεως
541 2619 788 2690 δύναμιν,
820 2621 964 2684 τινὲς
994 2619 1063 2672 τὰ
1106 2620 1309 2674 ἑαυτῶν
1347 2622 1571 2692 σώματα
1591 2623 1708 2691 εἰκῆ

1811 2645 2029 2701 quoque
2057 2629 2311 2696 infidelis,
2354 2639 2407 2684 et
2443 2645 2577 2684 vana
2615 2630 2782 2701 gloria
2849 2629 3199 2685 intumeseet.
3233 2628 3375 2682 Sunt

147 2712 541 2783 κατατρίδουσι
567 2715 676 2786 (19)
700 2731 714 2744 °
745 2714 996 2779 λαθόντες
1027 2717 1075 2768 οἱ
1097 2715 1340 2783 τάλανες,
1361 2716 1436 2780 ὡς
1457 2717 1516 2769 οὐ
1541 2717 1710 2782 πόνοι,
1811 2754 1812 2765 η

1811 2722 1924 2792 qui,
1939 2731 2000 2776 ut
2019 2737 2326 2792 supremam
2345 2722 2510 2777 animi
2531 2723 2996 2793 tranquillitatem,
3009 2735 3062 2777 et
3076 2720 3375 2776 caelestium

145 2803 290 2858 ἀλλὰ.
323 2805 519 2874 μᾶλλον
558 2807 882 2871 ταπεί··ωσις
918 2807 1026 2872 τῶν
1064 2807 1315 2862 τοιούτων
1355 2809 1538 2879 μήτηρ
1581 2808 1713 2861 καθ-

148 2897 404 2966 έστηκεν.
423 2899 480 2951 ’0
499 2898 554 2952 δὲ
570 2898 846 2970 χρεώστην
867 2900 1055 2953 ἑαυτὸν
1075 2900 1434 2972 λογιζόμενος,
1454 2899 1715 2971 ἀπροσδό-

148 3005 322 3055 κητον
373 2987 596 3042 πλοῦτον
632 2991 726 3043 καὶ
774 2991 1033 3060 αἰφνίδιον
1079 2991 1325 3064 λήψεται.
1399 2993 1490 3063 Μὴ
1529 2991 1712 3046 πείθου

147 3080 230 3150 τῷ
263 3080 551 3152 λικμήτορι
582 3081 661 3152 τῷ
694 3083 828 3152 πρὸς
854 3083 1117 3152 ὠφέλειαν
1153 3085 1258 3136 τῶν
1286 3084 1586 3138 ἀκουόντων
1619 3086 1717 3149 τάς

1810 2815 2079 2870 donorum
2112 2815 2446 2880 thesaurum,
2487 2823 2541 2870 et
2569 2815 3050 2886 perpetrandorum
3079 2812 3376 2868 miraculo-

1818 2921 1940 2961 rum
1967 2907 2214 2976 gratiam,
2248 2917 2302 2962 et
2339 2923 2520 2963 rerum
2556 2908 2860 2962 futurarum
2897 2905 3260 2974 cognitionem
3286 2920 3378 2960 as-

1818 3009 2135 3069 sequentur,
2188 3015 2288 3056 sua
2338 3015 2565 3071 corpora
2610 3008 2808 3055 vexant
2861 3009 2915 3055 et
2962 2997 3223 3070 atlligunt,
3255 3011 3380 3052 cum

1818 3091 2068 3159 ignorent
2111 3091 2295 3148 miseri
2346 3092 2655 3162 bujusmodi
2698 3092 2968 3147 donorum
2997 3089 3381 3161 praerogativae

148 3174 357 3244 ἀρετάς
387 3173 738 3244 θριαμϐεύειν
766 3175 1115 3230 ὐποδάλλοντι
1141 3176 1252 3246 (‘20)
1283 3191 1297 3205 ·
1347 3178 1407 3231 Τί
1438 3178 1546 3248 γὰρ
1568 3177 1715 3246 ὠφε-
1740 3201 1783 3260 ο

1712 3201 1783 3260 ιο
1815 3197 1921 3238 non
1975 3183 2274 3249 laboribus,
2307 3183 2403 3240 sed
2442 3183 2751 3239 humilitate
2789 3183 2909 3253 pari
2951 3192 3007 3237 et
3053 3179 3377 3250 comparari.

145 3266 335 3332 λήσει
359 3265 683 3335 ἄνθρωπος,
715 3267 824 3324 ἐὰν
855 3267 1003 3323 ὅλον
1025 3269 1131 3322 τὸν
1157 3272 1386 3338 κόσμον
1422 3268 1707 3338 κερδήσῃ,

1813 3275 2071 3346 Quisquis
2128 3292 2227 3346 pro
2295 3276 2579 3332 conatibus
2641 3276 2757 3332 suis
2799 3275 2941 3330 dona
2981 3273 3243 3344 reposcit,
3300 3271 3382 3327 lu-

146 3359 372 3410 ἑαυτὸν
394 3358 464 3410 δὲ
489 3357 740 3428 ζημιωθῇ
756 3376 773 3422 ;
822 3361 985 3414 Οὐδὲν
1012 3359 1184 3424 οὕτως
1208 3361 1282 3425 ὡς
1318 3361 1588 3428 ταπεινὸν,
1620 3363 1715 3416 καὶ

1813 3367 2023 3423 bricum
2073 3369 2224 3424 valde
2265 3383 2448 3424 rerum
2500 3384 2720 3424 suarum
2766 3367 3173 3423 fundamentum
3207 3363 3380 3435 ponit.

146 3452 442 3506 ἀνόθευτον
465 3449 615 3526 ἦθος,
646 3458 738 3508 καὶ
772 3455 927 3524 λόγος
957 3456 1081 3521 τοὺς
1106 3457 1345 3528 ὁρῶντας
1368 3457 1714 3530 οἰκοδομῆσαι

1819 3457 1920 3524 Qui
1947 3473 2076 3514 vero
2118 3458 2414 3514 debitorem
2459 3474 2519 3515 se
2558 3459 2822 3529 agnoscit,
2871 3458 2960 3513 ille
3000 3455 3383 3528 inexspectatis

146 3546 377 3599 δύναται
401 3561 418 3576 ’
464 3549 670 3616 γίνεται
698 3547 805 3618 γὰρ
839 3551 930 3602 καὶ
961 3549 1163 3620 ἐτέροις
1189 3550 1394 3620 ἐφόδιον
1420 3549 1515 3604 τοῦ
1550 3551 1716 3621 μηδέ-

1820 3560 1874 3606 et
1903 3551 2099 3606 subitis
2149 3559 2205 3605 et
2250 3551 2390 3606 caelo
2435 3550 2708 3605 thesauris
2755 3547 3192 3618 locupletabitur.
3241 3545 3384 3602 Cave

147 3656 286 3693 ποτε
325 3639 642 3710 ἐπαίρεσθαι
671 3655 686 3671 ο
740 3635 799 3696 οὗ
835 3641 887 3693 τί
940 3641 1007 3694 ἂν
1053 3641 1317 3710 ὠφελείας
1361 3643 1539 3714 μεῖζον
1585 3643 1716 3696 καθ⁶

1818 3643 1954 3698 lidas
1982 3643 2290 3697 ventilator}
2347 3657 2441 3697 seu
2489 3641 2668 3711 potius
2710 3639 3090 3710 praestigiatori
3127 3651 3254 3694 cum
3286 3633 3384 3690 tibi

149 3732 422 3800 έστηκενς
1815 3735 2072 3804 suggerit,
2103 3735 2180 3788 uti
2213 3732 2393 3788 studia
2423 3733 2690 3786 virtutum
2733 3741 2953 3786 tuarum
2987 3729 3128 3800 apud
3157 3729 3295 3784 alios
3318 3725 3385 3781 ad

146 3823 470 3880 auditorum
506 3819 787 3876 utilitatem
831 3821 1111 3890 praedices,
1181 3836 1236 3878 et
1289 3824 1501 3894 publice
1543 3825 1688 3880 velut
1726 3824 1780 3879 in
1821 3823 2096 3894 triumpho
2152 3825 2476 3893 spectandas
2517 3837 2810 3893 proponas.
2846 3819 2982 3884 Quid
3008 3819 3146 3874 enim
3177 3818 3388 3888 prodest

147 3909 382 3970 hontiui,
419 3909 465 3962 si
493 3910 787 3963 uativersum
817 3912 1068 3964 mundum
1102 3913 1353 3978 lucretur,
1391 3923 1441 3967 et
1470 3914 1571 3967 sibi
1619 3915 1721 3984 ipsi
1754 3922 1938 3967 noceat
1966 3914 2056 3967 “2'
2093 3911 2241 3966 Nihil
2267 3915 2339 3968 ita
2393 3913 2460 3967 ad
2495 3912 2744 3981 pietatem
2779 3918 2958 3965 movet
3023 3916 3382 3980 spectatores,

147 4017 325 4072 quam
377 4003 650 4071 simplices
691 4013 744 4059 et
793 4003 1023 4060 humiles
1082 4005 1388 4075 sincerique
1441 4022 1622 4061 mores
1663 4013 1718 4060 et
1752 4020 1973 4061 sermo:
2004 4015 2089 4060 est
2141 4005 2368 4060 enimet
2424 4005 2546 4059 aliis
2568 4004 2952 4057 documentum
2983 4011 3039 4056 et
3058 3999 3386 4080 exemplum.

150 4110 220 4148 ne
273 4108 515 4163 unquam
565 4095 621 4147 in
669 4095 975 4164 superbiam
1023 4094 1335 4160 eﬂ‘erantur,
1379 4112 1488 4167 quo
1534 4099 1719 4152 nescio
1754 4097 1880 4166 quis
1945 4095 2122 4164 major
2153 4095 2278 4150 inde
2333 4094 2543 4150 fructus
2576 4097 2838 4152 exsistere
2873 4091 3064 4161 possit.

237 4188 655 4257 Ἐπεσημήνατό
693 4205 778 4251 τις
822 4187 930 4241 τῶν
976 4188 1108 4258 όρᾷν
1139 4187 1481 4259 δυναμένων,
1521 4192 1615 4245 καὶ
1647 4190 1726 4243 δι-

151 4282 348 4351 ηγεῖτο
370 4278 579 4349 βλέπων
599 4296 615 4312 ο
634 4279 882 4349 Ὀτιπερ,
909 4281 1093 4350 φησιν,
1118 4282 1176 4334 ἐν
1198 4282 1453 4352 συνεδρίῳ
1477 4299 1579 4352 μου
1599 4281 1725 4335 καθ-

149 4373 366 4444 ημένου
393 4369 706 4440 ἐληλυθότες
750 4372 800 4423 οἱ
826 4371 925 4440 τῆς
949 4371 1246 4436 κενοδοξίας
1282 4373 1375 4426 καὶ
1413 4375 1512 4443 τῆς
1557 4374 1724 4444 ὑπερ-

152 4464 402 4534 ηφανίας
429 4463 676 4532 δαίμονες
705 4463 762 4529 ἐξ
787 4462 1122 4534 ἑκατέρωθέν
1155 4481 1252 4532 μου
1296 4464 1582 4534 ἐκάθηντο,
1629 4465 1725 4519 καὶ

1889 4186 2208 4242 Observavit
2229 4186 2499 4257 quispiam
2524 4203 2586 4242 es
2616 4188 2682 4242 iis
2709 4187 2803 4256 qui
2833 4185 3048 4240 acutius
3071 4178 3388 4250 huiusmodi

1820 4280 2100 4350 pervidere
2137 4280 2283 4335 soliti
2326 4290 2474 4347 sunt,
2504 4290 2557 4335 et
2583 4279 2728 4349 quod
2753 4276 2891 4333 vidit
2930 4275 3202 4345 exposuit.
3227 4272 3388 4338 Cum,

1823 4371 2023 4440 inquit,
2061 4369 2220 4440 281
2270 4371 2324 4424 in
2355 4379 2500 4426 coetu
2547 4369 2778 4424 fratrum
2828 4367 3094 4430 sederem,
3128 4371 3391 4426 venerunt

1821 4462 1929 4515 duo
1962 4459 2194 4529 improbi
2228 4460 2520 4525 daemones,
2553 4460 2690 4514 alter
2714 4472 2864 4512 vanae
2892 4455 3097 4526 gloriae,
3131 4453 3268 4507 alter
3296 4465 3392 4507 su-

151 4558 183 4610 ὀ
216 4557 322 4627 μὲν
351 4554 545 4608 ἐνυττέ.
565 4571 665 4623 μου
693 4555 790 4622 τὴν
813 4553 1050 4625 πλευράν
1085 4553 1163 4623 τῷ
1190 4553 1436 4626 δακτύλῳ
1461 4554 1622 4608 αὑτοῦ
1645 4555 1722 4626 τῷ
1755 4593 1799 4648 D

1755 4593 1799 4648 Β
1823 4552 2036 4622 perbiaa,
2067 4552 2161 4622 qui
2194 4553 2446 4618 utrinque
2481 4552 2647 4606 latera
2690 4565 2809 4605 mea
2855 4547 3148 4618 stipabant,
3179 4553 3235 4599 et
3258 4543 3390 4599 alter

151 4646 426 4718 κενοδόξῳ
473 4645 910 4716 προτρεπόμενός
958 4661 1025 4715 με
1070 4645 1245 4714 λέγειν
1286 4647 1406 4699 τινά
1431 4646 1660 4717 θεωρίαν
1686 4647 1720 4717 ἢ

151 4739 450 4814 ἐργασίαν,
481 4739 546 4808 ἢν
574 4738 848 4808 πεποίηκα
889 4739 947 4791 ἐν
979 4740 1045 4808 τῇ
1076 4738 1285 4808 ἐρήμῳ.
1334 4737 1421 4800 Ὠς
1454 4738 1509 4790 δὲ
1539 4736 1724 4790 τοῦτον

150 4830 544 4900 ἀπεσεισάμην
608 4828 774 4884 εἰπών
797 4846 812 4860 ⁸
895 4831 1452 4898 Ἀποστραςρείησαν
1510 4833 1595 4895 είς
1657 4831 1726 4884 τὰ

153 4925 361 4977 ὀπίσω
389 4921 504 4992 (21)
533 4923 628 4976 καὶ
659 4924 1242 4991 καταισχυνδείησαν
1273 4925 1328 4977 oi
1361 4921 1725 4991 λογιζόμενοί

145 5031 255 5084 μοι
287 5011 472 5066 κακά’
528 5011 718 5065 θᾶττον
742 5015 772 5066 ὁ
799 5011 858 5077 ἐξ
884 5012 1175 5083 εὐωνύμων
1204 5012 1337 5082 πρὸς
1374 5011 1435 5064 τὸ
1471 5012 1602 5082 ἐμὸν
1630 5007 1722 5074 οὖς

151 5109 202 5160 ἕλ
215 5121 383 5176 εγενο
411 5101 586 5175 Εὖγε,
629 5100 768 5174 εὖτε
798 5104 1101 5174 πεποίηκας
1133 5103 1280 5173 (ἢν
1311 5104 1403 5156 καὶ
1434 5103 1603 5174 μέγας
1631 5102 1726 5170 γέ-

148 5215 350 5264 γονας,
402 5196 501 5267 τὴν
547 5198 685 5267 ἐμὴν
733 5195 1114 5264 ἁναιδεστάτην
1150 5193 1360 5265 μητέρα
1407 5192 1724 5263 νενικηκώς.

152 5289 305 5358 Πρὸς
332 5287 393 5340 δν
421 5286 533 5354 ἐγὼ
561 5286 858 5349 εὐθυῦό).ως
881 5287 943 5340 τὸ
962 5285 1090 5357 ἑξῆς
1115 5286 1206 5339 τοῦ
1235 5285 1416 5356 στίχου
1446 5283 1726 5339 ἀναλαϐὼν

152 5383 386 5451 εἰρηκαο
449 5379 1026 5448 ’Δποστραφήτωσαν
1060 5379 1392 5448 παραυτίκα
1439 5378 1723 5446 αἰσχυνό-

150 5488 333 5542 μενοι
380 5471 437 5524 οι
487 5469 764 5539 λέγοντές
808 5489 938 5541 μοι’
987 5467 1165 5541 Εὖγε,
1214 5466 1352 5540 εὖγε
1402 5473 1718 5542 πεποίηκας.

123 5545 131 5562 ³
168 5561 553 5634 Ἐρωτήσαντί
581 5579 669 5632 μοι
695 5563 785 5616 τὸν
817 5563 976 5616 αὑτὸν
1009 5563 1122 5628 πῶς
1159 5565 1192 5635 ἡ
1235 5562 1504 5628 κενοδοξία
1546 5567 1726 5634 μήτηρ

1825 4643 1914 4698 ille
1944 4645 2114 4715 digito
2147 4657 2298 4698 vanae
2321 4644 2507 4714 gloriae
2535 4643 2763 4713 pupugit
2794 4641 2939 4696 latus
2971 4652 3175 4702 meum,
3205 4636 3391 4691 horta-

1829 4746 1914 4790 tus
1963 4744 2022 4788 ut
2056 4734 2272 4804 publice
2300 4749 2613 4790 enarrarem
2649 4733 2826 4788 visum
2857 4730 3076 4799 aliquod
3115 4735 3210 4782 aut
3254 4741 3391 4796 opus

1827 4825 1972 4894 quod
2007 4825 2063 4879 in
2089 4825 2377 4880 solitudine
2408 4834 2827 4896 perpetrassem.
2857 4821 2995 4877 Cum
3023 4835 3151 4876 vero
3177 4819 3391 4889 genium

1827 4916 1971 4970 hunc
2012 4915 2313 4985 improbum
2359 4931 2390 4969 a
2441 4931 2526 4971 me
2567 4917 2884 4986 repulisscm
2920 4912 3049 4966 illud
3095 4916 3390 4980 precatus:

1826 5012 2142 5063 Avertautur
2191 5017 2477 5062 retrorsum
2533 5018 2584 5063 et
2637 5008 2964 5071 erubescant,
3016 5005 3105 5074 qui
3156 5003 3390 5071 cogitant

1832 5099 1958 5154 mihi
1993 5099 2136 5154 mala
2163 5099 2206 5132 ⁸⁷
2244 5118 2257 5155 :
2296 5111 2408 5155 tum
2445 5101 2625 5154 statim
2657 5102 2749 5170 qui
2779 5099 2849 5153 ab
2878 5097 3116 5153 sinistris
3139 5093 3271 5148 mihi
3300 5108 3389 5150 as-

1834 5193 1990 5257 sedit,
2022 5192 2076 5246 in
2107 5206 2294 5248 aurem
2327 5193 2690 5247 ira-susurravit
2719 5211 2732 5244 :
2772 5185 2911 5262 Euge
2937 5205 3095 5260 euge,
3131 5187 3388 5258 praeclare

1828 5285 2037 5351 fecisti,
2085 5296 2142 5342 et
2179 5301 2405 5357 magnus
2448 5286 2691 5351 evasisti,
2739 5285 2832 5355 qui
2869 5280 3388 5354 impudentissimam

1827 5377 2145 5446 genitricem
2178 5391 2352 5432 meam
2385 5376 2654 5434 devicisti.
2689 5375 2788 5432 Cui
2825 5389 2925 5445 ego
2963 5383 3108 5430 recte
3133 5369 3278 5442 quod
3307 5383 3388 5426 se-

1828 5467 2012 5538 quitur
2031 5467 2086 5522 in
2111 5483 2300 5531 versu,
2334 5467 2654 5522 Aoertantur
2687 5466 3274 5528 statim-erubescentes,
3297 5451 3387 5532 qui

1831 5563 2014 5616 dicunt
2043 5561 2172 5615 mihi
2198 5578 2212 5614 :
2236 5558 2400 5630 Euge,
2423 5577 2566 5632 euge,
2600 5561 2857 5632 praeclare
2891 5558 3084 5615 fecisti.
3119 5555 3387 5623 Quaerenti

157 5650 556 5721 ὑπερηφανίας
575 5649 704 5722 (25),
726 5653 1075 5723 ἀπεκρίνατο·
1110 5653 1173 5706 Oi
1194 5653 1292 5721 μὲν
1314 5653 1520 5708 ἔπαινοι
1538 5653 1730 5723 ὑψοὺσι

1725 5691 1730 5705 ι
1837 5656 1969 5712 mihi
1993 5671 2059 5712 ex
2081 5656 2266 5713 codem
2283 5666 2456 5728 patre,
2483 5655 2753 5729 quomodo
2777 5669 2911 5711 vana
2933 5650 3101 5724 gloria
3129 5645 3390 5722 superbiae

236 5827 284 5852 *⁵
325 5821 456 5878 Luc.
486 5838 596 5888 xw,
634 5822 712 5878 l0.
789 5825 834 5850 ’"'
867 5823 1047 5880 Matth.
1087 5839 1197 5893 xvt,
1225 5825 1310 5881 9.6.

1389 5827 1432 5852 “⁴’
1464 5826 1582 5883 Psal
1645 5843 1824 5900 χχιιι,
1855 5828 1935 5883 15-
