4216 6458
177 428 278 492 957

1147 435 1373 496 SCALA
1396 433 1770 494 PAR.‘..DISI.
1804 459 1872 470 -·
1901 436 2209 497 GRADUS
2238 437 2426 497 XXII.

3277 431 3380 495 958

254 539 312 598 Ὀ
337 545 432 613 τῆς
460 546 605 597 νόσον
630 546 830 618 ταύτης
857 549 1025 612 ἐκτὸς.
1059 552 1277 616 Γ’ίγιστα
1307 549 1392 612 ιῗις
1419 549 1687 619 σωτηρίας
1705 564 1716 574 ’
1749 553 1794 608 Δ
1891 548 1919 614 (ξ

1715 566 1716 573 ‘
1749 553 1794 608 Δ
1891 548 1996 614 Qui
2044 550 2183 606 liber
2219 549 2290 605 ab
2333 551 2436 604 hoc
2464 548 2657 604 morbo
2684 560 2788 613 est,
2839 547 3084 618 proxime
3111 549 3177 602 ab
3207 548 3380 604 salute

175 637 203 686 ὁ
226 634 267 686 δ’
295 635 376 702 οὑ,
405 636 584 708 πόρῤα
621 640 914 708 φανήσεται
938 641 1034 708 τῆς
1066 641 1233 709 ἀγίςν
1270 642 1440 708 ᾲόζης.

243 809 452 878 Βαθμὸς
482 809 581 879 κβ’.
620 810 676 864 Ὀ
706 811 876 882 ταύτῃ
911 811 986 882 μὴ
1033 813 1212 876 ἀλοὺς,
1255 813 1315 866 οὑ
1349 814 1422 882 μὴ
1453 814 1718 886 τ’ῖριπέσῃ

179 902 231 970 τῇ
265 899 614 972 ὲχθραινοὺσῃ
654 900 768 972 θεῷ
797 901 1051 971 ἀκεφάλῳ
1077 902 1436 974 ὑπερηφανίᾳ.

546 1014 795 1068 ΣΧΟΛΙΑ
825 1015 934 1068 ΕΙΣ
964 1015 1184 1069 ΛΟΓΟΝ
1213 1014 1339 1068 KB'.

684 1129 820 1196 Περὶ
845 1128 1212 1196 κενοδοξίας.

764 1221 1022 1288 Σχόλιον
1046 1226 1116 1274 α’.

239 1306 552 1372 Κενοδοξίας
599 1308 834 1380 κρατῶν,
885 1311 992 1363 ἀπὸ
1037 1310 1298 1381 πορνειῶν
1345 1311 1596 1382 πρόσεχε,
1642 1312 1717 1382 μη

171 1413 297 1450 ποτε
322 1397 420 1460 τὰς
441 1397 604 1468 τιμὰς
628 1398 843 1467 φεύγων
869 1398 1059 1470 ἀτιμίᾳ
1083 1400 1384 1474 περιπέσῃς

739 1492 1034 1560 Εὺατρίου
1068 1491 1130 1561 β’.

250 1583 310 1635 '0
342 1581 437 1651 τῆς
484 1581 856 1652 ὑπερηφανίας
903 1582 1110 1652 δαίμων
1156 1583 1543 1653 χαλεπωτάτης
1577 1581 1718 1637 πτώ·

174 1689 308 1734 σεως
333 1674 397 1742 τῇ
427 1672 568 1743 ψυχῇ
597 1673 849 1742 πρόξενος
874 1671 1077 1740 γίνεται
1103 1689 1117 1704 ·
1166 1673 1444 1726 ἀναπείθει
1483 1673 1592 1742 γὰρ
1621 1673 1718 1726 αὑ-

170 1763 266 1828 τὴν
311 1763 441 1816 Θεὸν
475 1763 574 1833 μὲν
617 1763 690 1834 μὴ
722 1763 998 1834 ὁμολογεῖν
1031 1763 1241 1834 βοηθὸν,
1287 1765 1484 1835 ἑαυτὴν
1513 1763 1570 1816 δὲ
1609 1762 1716 1815 τῶν

1818 638 2008 704 abest;
2039 639 2131 709 qui
2181 655 2312 694 vero
2361 640 2540 696 adhuc
2594 639 2688 694 illo
2725 640 3015 708 detinetur,
3072 638 3257 708 procul
3310 640 3379 694 ab

1821 737 2134 784 sanctorum
2167 729 2334 798 gloria
2365 730 2554 786 abesse
2585 728 3026 800 deprehenditur.

1884 817 2096 874 Gradus
2140 835 2276 874 xxn.
2327 817 2430 885 Qui
2477 835 2630 874 vanae
2662 819 2848 890 gloria:
2891 835 3084 890 expers
3130 828 3233 886 est,
3271 836 3373 874 non

1818 907 2018 965 incidet
2045 909 2100 964 in
2131 910 2361 964 invisam
2396 909 2506 963 Deo
2538 910 2868 980 superbiam.

2120 1019 2412 1077 SCHOLIA
2446 1020 2540 1076 AD
2577 1019 2867 1077 GRADUM
2905 1017 3068 1074 XXII.

2359 1128 2438 1184 De
2473 1145 2607 1184 vana
2643 1128 2832 1199 gloria.

2423 1219 2675 1276 Scholion
2711 1221 2738 1274 1
2750 1261 2763 1274 .

1883 1307 1987 1375 Qui
2014 1323 2205 1364 vanam
2234 1309 2457 1379 gloriam
2487 1309 2702 1376 vicisti,
2745 1324 2873 1365 cave
2912 1309 3005 1364 tibi
3063 1326 3094 1365 a
3136 1309 3404 1382 luxuria,;

1814 1413 1903 1467 ne,
1939 1401 2068 1456 dum
2102 1401 2242 1472 fugis
2275 1402 2526 1468 honores,
2571 1404 2622 1456 in
2657 1401 3008 1470 ignominiam
3042 1402 3266 1457 incidas.

2333 1493 2497 1563 284
2535 1491 2749 1563 Evagrii
2785 1492 2841 1545 2.

1883 1583 2122 1653 Spiritus
2143 1583 2411 1654 superbia:
2433 1585 2786 1654 gravissimos
2806 1585 3001 1639 animae
3021 1598 3182 1640 casus
3209 1586 3370 1654 parit.

1815 1669 2109 1726 Persuadet
2135 1672 2277 1725 enim
2313 1670 2389 1724 illi
2425 1680 2486 1725 ut
2512 1681 2672 1742 neget
2709 1671 2876 1726 Deum
2905 1687 3026 1726 esse
3049 1671 3369 1742 adiutorem,

1813 1765 1904 1820 sed
1951 1767 2189 1834 seipsam
2225 1774 2376 1820 nutet
2413 1774 2558 1820 recte
2585 1765 2850 1821 factorum
2890 1774 2943 1820 et
2985 1766 3241 1826 virtutum
3275 1781 3374 1820 au-

170 1852 610 1924 κατορθουμένων
641 1854 817 1908 αἰτίαν
853 1848 991 1908 εἶναι
1035 1853 1272 1924 νομίζειν
1299 1871 1313 1885 ·
1367 1857 1462 1908 καὶ
1493 1852 1714 1924 φυσιοῦ-
1747 1883 1787 1940 Β
1814 1872 1835 1912 c

1708 1883 1714 1893 -
1747 1883 1787 1940 Β
1814 1867 2052 1918 ctorem,
2093 1866 2256 1925 atque
2303 1856 2374 1910 ita
2410 1858 2668 1912 adversus
2713 1855 2912 1913 fratres
2949 1872 3008 1912 se
3055 1859 3279 1912 extollat
3319 1867 3373 1913 ct

168 1945 290 1998 σθαι
318 1946 456 2000 κατά
480 1945 588 2000 τῶν
616 1945 857 2016 ἀδελφῶν
884 1947 961 2010 ὠς
1000 1949 1260 2017 ἀνοήτων,
1291 1949 1425 2002 διότι
1456 1948 1530 2018 μὴ
1557 1947 1716 2000 τοῦτο

165 2037 295 2106 περὶ
342 2035 504 2090 αὑτοῦ
568 2038 764 2102 πάντες
814 2039 1149 2095 ἐπίστανται.
1209 2038 1611 2110 Παρακολουθεῖ
1657 2039 1715 2092 δὲ

163 2127 331 2198 ταύτῃ
357 2130 514 2200 ὀργὴ,
546 2130 638 2184 καὶ
674 2131 841 2201 λύπη,
870 2132 965 2185 καὶ
999 2131 1060 2185 τὸ
1085 2131 1390 2184 τελευταῖον
1416 2130 1583 2192 κακὸν
1622 2129 1714 2183 ἐκ·

163 2235 353 2282 στασις
395 2221 638 2290 φρενῶν,
689 2223 782 2274 καὶ
831 2221 1016 2291 μανία,
1064 2222 1158 2276 καὶ
1189 2222 1456 2292 δαιμόνων
1499 2223 1556 2274 ἐν
1591 2221 1713 2292 ἀέρι

162 2311 366 2382 πλῆθος
393 2313 682 2384 ὁρώμενον.

759 2496 804 2546 Σ
807 2494 1015 2562 χόλων
1047 2491 1113 2561 γ’.

230 2581 534 2652 Κινοὺμενα
556 2582 623 2635 τὰ
646 2582 790 2652 πάθη
815 2581 1176 2638 ἀπελαύνουσι
1210 2580 1530 2648 κενοδοξίαν,
1556 2580 1711 2636 ἀναι-

157 2675 399 2746 ρούμενα
427 2653 483 2728 δέ
514 2675 927 2746 ὑποστρέφουσι.

839 2768 1045 2822 Ἀλλο.

226 2859 302 2911 Οὑ
337 2858 529 2929 μικρὸς
554 2858 704 2926 ἀγὼν
731 2858 1028 2924 κενοδοξίας
1067 2857 1484 2928 ἀπαλλαγῆναι·
1532 2857 1712 2912 ἀπαλ-

150 2948 410 3001 λάττεται
441 2949 498 3002 δέ
531 2965 614 3011 τις
644 2949 894 3019 κερυπτῆς
937 2949 1042 3002 τῶν
1071 2949 1278 3022 ἀρετῶν
1307 2949 1586 3020 ἐργασίας,
1617 2951 1710 3004 καὶ

153 3040 484 3111 συχπτέρας
517 3042 818 3112 προσευχῆς
841 3059 859 3076 ο
906 3043 1124 3112 σημεῖον
1151 3041 1209 3096 δὲ
1239 3045 1337 3112 τῆς
1363 3041 1707 3111 ἀπαλλαγῆς,

148 3132 214 3186 τὸ
245 3133 446 3204 μηκέτι
479 3137 830 3206 μνησικακεῖν
854 3134 931 3204 τῷ
958 3133 1404 3204 κακολογήσαντι,
1445 3133 1477 3203 ἢ
1506 3149 1728 3204 μακρο-⁴

151 3222 420 3292 λογοῦντι.

770 3319 1027 3385 Σχόλιον
1047 3317 1110 3372 δ’.

224 3408 305 3462 Οὑ
335 3407 426 3461 τὸν
454 3407 811 3480 ἐστερημένον
840 3407 1138 3478 αἰσθήσεως
1167 3404 1460 3472 κενοδοξεῖν
1479 3406 1509 3459 ὁ
1529 3404 1712 3474 πατήρ

151 3515 329 3570 φησι·
368 3500 481 3553 ἀλλ’
509 3499 587 3554 δτι
620 3500 735 3571 ᾔδει
762 3500 1032 3567 κενοδοξία
1071 3498 1166 3553 καὶ
1192 3496 1381 3560 ταῦτα,
1412 3491 1542 3562 οἷον,
1572 3495 1714 3566 λαμ-

150 3592 294 3660 πραὶ
320 3591 548 3660 κηδεῖαί,
578 3591 670 3644 καὶ
695 3591 927 3662 πομπαί.

763 3766 1005 3836 Μάρκου
1039 3774 1095 3819 ε’.

236 3843 670 3930 Ῥίξααίσχρᾶς
726 3853 1016 3927 ἐπιθυμίας
1066 3859 1402 3928 ἀνθρώπινος
1456 3858 1710 3921 ἔπαινος,

145 3955 252 4022 οὑχ
285 3953 415 4006 ὅταν
444 3951 581 4004 αὑτά
609 3952 894 4020 ἀκούωμεν
915 3967 930 3981 ο
962 3949 1074 4004 ἀλλ’
1098 3951 1222 4003 ὅταν
1256 3949 1394 4003 αὑτὰ
1421 3947 1714 4018 καταδεχό-

150 4046 325 4117 μεθα.

762 4137 1018 4203 Σχόλιον
1047 4143 1121 4199 ς’.

227 4228 399 4282 Ὅταν
449 4227 570 4280 τινὰ
617 4229 840 4298 νικήσῃς
888 4225 997 4279 τῶν
1039 4225 1372 4296 ἀτιμοτέρων
1419 4222 1628 4285 παθῶν,
1676 4222 1711 4294 ἢ

141 4320 616 4392 γαστριμαργίας,
649 4319 684 4390 ἢ
710 4318 982 4390 πορνείας,
1020 4317 1052 4387 ἢ
1082 4316 1271 4388 ὀργῆς,
1306 4316 1339 4386 ἢ
1381 4312 1712 4378 πλεονεξίας,

138 4413 316 4476 εὐθὺς
344 4411 632 4480 ἐφίπταται
659 4409 752 4462 ἐπὶ
783 4409 842 4461 σὲ
884 4411 914 4461 ό
940 4411 1038 4478 τῆς
1075 4407 1375 4472 κενοδοξίας
1417 4405 1670 4476 λογισμός
1695 4419 1709 4434 ’

139 4507 244 4559 ἐὰν
273 4504 337 4558 δὲ
368 4502 462 4556 καὶ
489 4502 672 4555 τοῦτον
701 4500 947 4571 νικήσῃς,
989 4499 1018 4550 ὁ
1048 4499 1145 4567 τῆς
1175 4496 1548 4568 ὑπερηφανίας
1591 4495 1709 4549 δια-

135 4598 389 4667 δέχεται.

382 4687 638 4753 Σχόλιον
665 4685 772 4739 τοῦ
793 4683 1058 4753 μεγάλου
1087 4684 1405 4737 Βασιλείου
1436 4681 1498 4746 ζ’.

215 4781 294 4834 Τὸ
317 4777 394 4850 μὴ
408 4779 498 4832 διὰ
511 4777 608 4848 τὴν
625 4778 757 4847 πρὸς
773 4776 904 4829 Θεὸν
922 4776 1162 4844 ἀγάπην,
1189 4774 1322 4827 ἀλλά
1347 4772 1436 4827 διὰ
1448 4771 1539 4825 τὸν
1563 4771 1712 4838 παρά

133 4873 246 4926 ἀνθ
255 4871 459 4940 ρώπων
489 4867 707 4920 ἔπαινον
724 4865 1025 4934 γινόμενον,
1045 4858 1154 4916 οἷον
1169 4862 1235 4916 ἀν
1250 4858 1307 4936 ᾖ,
1323 4863 1382 4912 οὑ
1404 4857 1710 4920 θεοσεϐείας

133 4968 376 5017 ἔπαινον
392 4959 654 5029 εὑρίσκει,
669 4957 781 5012 ἀλλ’
793 4957 888 5010 ἀνθ
897 4972 1114 5027 ρωπαρε
1122 4955 1293 5016 σκίας,
1312 4952 1344 5022 ἦ
1363 4949 1708 5020 φιλονεικίας,

132 5058 168 5124 ἢ
208 5053 440 5123 φθόνου,
471 5051 504 5121 ἢ
540 5052 790 5118 τοιαύτης
819 5047 992 5110 αἰτίας
1026 5048 1138 5115 ἔχει
1164 5045 1224 5098 τὸ
1261 5046 1432 5114 κρῖμα
1457 5058 1471 5071 ·
1512 5043 1590 5095 διὸ
1623 5042 1717 5094 καὶ

130 5145 391 5208 ἀδικίας
414 5143 590 5211 ἔργον
621 5143 650 5194 ὁ
683 5141 885 5210 Κύριος
909 5136 1180 5207 ὀνομάζει,
1228 5136 1400 5204 λέγων
1428 5133 1564 5203 πρὸς
1593 5133 1718 5195 τοὺς

130 5237 410 5296 εἰπόντας
434 5234 513 5297 τὸ,
557 5231 878 5302 Ἐφάγομεν
917 5230 1169 5284 ἐνώπιόν
1197 5242 1332 5288 σου,
1359 5226 1451 5279 καὶ
1476 5227 1544 5277 τὰ
1569 5225 1715 5294 ἑξῆς.

141 5329 500 5391 Ἀπόστητε
536 5325 634 5378 ἀπ’
673 5323 836 5393 ἐμοῦ,
870 5322 1106 5392 ἐργάται
1147 5317 1254 5388 τῆς
1295 5318 1491 5373 ἀδικία
1506 5339 1546 5380 3.
1597 5317 1721 5380 Πῶς

131 5421 257 5487 γὰρ
290 5415 395 5468 οὑκ
423 5414 632 5476 ἀδικίας
657 5413 902 5485 ἐργάται,
952 5414 1001 5464 οἱ
1046 5412 1143 5474 τὰς
1195 5408 1284 5462 τοῦ
1332 5407 1468 5462 Θεοῦ
1511 5407 1715 5480 δωρεὰς

208 5596 263 5627 ’³
301 5592 497 5648 Matth.
519 5607 612 5657 vlt,
643 5591 730 5649 25.

1814 1948 2029 2003 inﬂetur
2075 1947 2347 2016 superbia,
2387 1948 2615 2017 illosque
2665 1963 2761 2016 pro
2809 1950 2989 2005 stultis
3042 1951 3257 2013 habeat,
3307 1965 3372 2004 eo

1811 2040 1958 2107 quod
2011 2054 2118 2093 non
2160 2052 2344 2094 omner
2401 2040 2504 2094 hoc
2547 2039 2614 2094 de
2659 2039 2773 2108 ipsa
2816 2041 3050 2095 sentiant
3081 2051 3135 2095 et
3175 2041 3367 2097 sciant.

1809 2129 2151 2185 Comitantur
2179 2140 2356 2184 autem
2387 2130 2550 2194 hanc,
2584 2130 2662 2184 ira
2691 2144 2744 2184 et
2770 2131 3007 2197 tristitia,
3039 2141 3093 2187 et
3119 2133 3261 2202 quod
3288 2144 3372 2188 est

1809 2223 2058 2277 ultimum
2106 2223 2404 2284 malorum,
2455 2222 2652 2282 mentis
2695 2221 2949 2277 alienatio
2996 2233 3052 2278 et
3093 2237 3368 2287 excessus,

1811 2314 2070 2383 furorque
2095 2327 2190 2366 seu
2219 2311 2452 2375 insania,
2484 2321 2539 2366 et
2569 2312 2684 2366 visa
2713 2313 3018 2368 damonum
3056 2313 3289 2384 plurima
3314 2316 3366 2368 in

1809 2419 1932 2460 aere
1967 2412 2198 2474 spectra.

2424 2489 2668 2545 Scholion
2703 2492 2756 2545 5.

1880 2583 2076 2640 Vitiosi
2098 2583 2322 2639 allectus
2337 2589 2593 2639 commoti
2616 2583 3010 2650 lugantvanam
3032 2584 3256 2655 gloriam
3271 2587 3369 2652 (a).

1810 2676 2009 2732 sublati
2035 2675 2261 2730 omnino
2285 2685 2554 2731 evertunt.

2491 2768 2670 2821 Aliud.

1877 2857 1994 2915 Non
2021 2867 2106 2916 est
2145 2859 2262 2916 leve
2291 2870 2561 2916 certamen
2603 2875 2632 2912 a
2673 2872 2811 2913 vana
2841 2857 3014 2928 gloria
3055 2859 3368 2915 missionem

1807 2950 2052 3020 accipere
2079 2967 2094 3004 :
2124 2950 2382 3005 liberatur
2405 2961 2581 3005 autem
2610 2951 2658 3005 is
2685 2951 2777 3019 qui
2799 2949 3026 3006 virtutes
3053 2950 3190 3004 clam
3212 2965 3369 3005 exer-

1807 3051 1895 3097 cet
1924 3051 1980 3097 et
2013 3056 2202 3112 preces
2247 3041 2569 3110 frequentat.
2614 3041 3004 3110 Argumentum
3035 3040 3370 3095 liberationis

1807 3142 1892 3188 est
1921 3147 2029 3187 non
2065 3133 2380 3187 meminisse
2404 3132 2516 3187 sive
2547 3132 2726 3187 statim
2754 3131 3003 3187 oblivisci
3048 3133 3091 3187 si
3113 3132 3237 3202 quis
3274 3131 3373 3188 tibi

1735 3225 1778 3282 C
1812 3223 2094 3279 maledicat
2116 3233 2211 3278 aut
2241 3222 2469 3278 nimium
2504 3223 2726 3292 garriat.

2422 3311 2670 3367 Scholion
2708 3314 2758 3368 4.

1884 3407 1997 3462 Non
2043 3421 2207 3462 sensu
2238 3405 2506 3474 privatum
2552 3414 2606 3460 et
2640 3406 2751 3459 vita
2792 3412 2944 3474 pater
2981 3403 3111 3460 dicit
3154 3412 3372 3474 captare

1809 3514 2006 3556 vanam
2047 3499 2297 3570 gloriam,
2332 3497 2426 3552 sed
2459 3498 2604 3567 quod
2637 3513 2772 3552 vana
2816 3497 2983 3569 gloria
3015 3499 3128 3553 haec
3156 3512 3372 3568 quoque

1811 3606 1920 3647 non
1951 3591 2181 3661 ignoret.
2203 3590 2385 3659 qualia
2417 3599 2566 3656 sunt,
2600 3588 2881 3659 splendida
2915 3589 3108 3644 funera
3135 3597 3190 3644 et
3217 3603 3371 3658 potn-

1810 3695 2003 3751 parum
2035 3691 2346 3749 apparatus.

2326 3769 2498 3824 Marci
2532 3769 2766 3823 scltolion
2803 3769 2854 3823 5.

1885 3863 2059 3918 Radix
2114 3863 2290 3934 turpis
2343 3862 2595 3918 desiderii
2628 3871 2731 3916 -est
2779 3861 2899 3916 laus
2949 3860 3214 3926 humana,
3263 3875 3369 3916 non

1813 3955 2032 4026 quando
2059 3953 2202 4009 hanc
2227 3951 2500 4017 audimus,
2529 3951 2623 4006 sed
2650 3949 2868 4020 quando
2894 3950 3246 4005 admittimus.

2423 4131 2666 4187 Scholion
2697 4130 2752 4186 6.

1882 4225 2110 4293 Quando
2155 4223 2353 4280 viceris
2408 4223 2669 4278 nonnulla
2715 4237 2782 4278 ex
2834 4221 3372 4292 ignominiosioribus

1812 4319 1980 4384 vitiis,
2010 4317 2150 4388 gula;
2182 4331 2394 4384 nempe,
2421 4323 2516 4371 aut
2540 4315 2790 4381 luxuriae,
2823 4324 2918 4368 aut
2959 4314 3074 4378 irae,
3115 4325 3207 4370 aut
3247 4331 3373 4370 ava-

1813 4411 1970 4476 ritiae,
2017 4409 2200 4466 statim
2244 4408 2460 4462 advolat
2503 4407 2571 4461 ad
2611 4416 2662 4460 te
2705 4407 2926 4476 spiritus
2975 4419 3070 4461 seu
3116 4408 3372 4476 cogitatio

1812 4515 1965 4556 vane
1985 4499 2192 4572 glorias,
2211 4507 2266 4553 et
2285 4497 2388 4552 hac
2405 4511 2623 4567 quoque
2638 4496 2800 4561 victa,
2819 4495 3063 4565 sequitur
3082 4496 3352 4566 superbia

2347 4675 2537 4731 Basilii
2569 4676 2750 4745 Magni
2787 4675 2839 4731 7.

1880 4770 2040 4838 Quod
2072 4785 2180 4826 non
2224 4784 2291 4824 ex
2322 4768 2586 4824 charitate
2627 4781 2755 4838 erga
2793 4765 2982 4833 Deum,
3018 4764 3112 4821 sed
3157 4775 3376 4836 propter

1811 4861 2104 4916 humanam
2135 4859 2346 4913 laudem
2376 4857 2464 4923 ﬁt,
2512 4857 2887 4927 qualecunque
2919 4856 3009 4921 sit,
3058 4871 3165 4912 non
3214 4856 3370 4911 habet

1809 4951 2021 5008 laudem
2037 4949 2272 5021 pietatis,
2294 4948 2387 5004 sed
2410 4949 2660 5002 humanae
2683 4946 3105 5016 complacentiae,
3131 4955 3224 5000 aut
3245 4961 3368 5000 con-

1811 5043 2091 5109 tentionis,
2118 5051 2212 5097 aut
2241 5041 2477 5106 invidiae,
2509 5050 2604 5095 aut
2639 5039 2950 5109 hujusmodi
2992 5056 3189 5106 causae,
3220 5040 3373 5112 judi-

1813 5138 1956 5191 cium
1983 5132 2403 5201 Deisustinebit.
2430 5131 2770 5201 Quapropter
2789 5149 2916 5202 opus
2937 5134 3236 5202 iniquitatis
3263 5132 3372 5188 Do-

1814 5224 1996 5280 minus
2024 5231 2204 5287 vocat,
2228 5222 2448 5292 quando
2471 5221 2538 5276 ad
2565 5237 2684 5287 eos,
2715 5223 2808 5292 qui
2834 5223 3030 5278 dicturi
3057 5233 3184 5278 sunt
3204 5221 3368 5280 illud:

1821 5313 2252 5370 Manducauimus
2280 5329 2459 5366 coram
2491 5323 2572 5378 te,
2616 5322 2671 5368 et
2711 5330 2831 5384 qua:
2856 5323 3175 5384 sequuntur,
3210 5315 3369 5371 dicet.

1826 5409 2084 5465 Discedite
2104 5427 2136 5464 a
2155 5425 2252 5474 me,
2277 5410 2504 5478 operarii
2525 5411 2818 5480 iniquitatis
2837 5409 2904 5466 ”.
2923 5409 3208 5476 Quomodo
3226 5409 3368 5466 enim

209 5709 306 5774 (a)
331 5706 469 5780 Quia
497 5709 574 5762 ira
605 5709 686 5763 vel
710 5710 832 5780 gula
855 5719 907 5763 et
936 5708 1039 5780 hoc
1064 5723 1232 5776 genus
1253 5709 1378 5772 alia,
1409 5724 1533 5780 cum
1568 5709 1712 5764 l'oras
1740 5715 2119 5780 prorumpunt,
2172 5704 2546 5780 imperfectum
2558 5699 2885 5780 “ostendunt
2912 5699 3237 5780 Ahominem,
3275 5697 3365 5765 qui

135 5769 265 5848 ερέυ
286 5769 406 5835 ἐἱῦὶ
437 5779 506 5836 ob
531 5795 650 5837 cam
683 5769 902 5837 causam
935 5769 1188 5835 irascitur
1215 5788 1266 5836 ct
1300 5769 1376 5836 ita
1396 5777 1545 5850 fugat
1575 5769 1769 5835 vanam
1791 5769 2038 5851 gloriam,
2065 5775 2207 5846 quod
2235 5769 2478 5831 videatur
2501 5771 2619 5827 aliis
2643 5769 3013 5841 imperfectus.
