4216 6458
623 515 828 569 Ἄλλο.
871 512 1202 582 Ἐρώτησις.

207 609 312 660 Καὶ
339 606 454 671 πῶς
486 606 546 660 τὸ
576 606 780 661 δίκαιόν
806 622 976 676 (priet;

722 700 1080 768 Ἀπόκρισις.

206 789 311 843 Καὶ
341 790 541 861 σφόδρα
570 790 777 844 δίκαιον
802 808 818 822 ·
868 792 896 843 ὁ
933 790 1041 861 γὰρ
1070 787 1447 859 διαδεξάμενος
1488 785 1689 857 κλῆρον

130 881 342 944 ἀδικίας
372 882 678 953 γενόμενον,
714 882 763 934 εί
792 883 886 935 καὶ
934 880 1094 943 αὐτὸς
1128 879 1204 952 μὴ
1238 880 1514 950 ἥρπασας,
1552 877 1689 933 ἀλλὰ

131 974 200 1026 σὺ
227 972 520 1037 ἀπολαύεις
541 990 557 1006 ·
588 975 790 1036 ἐκεῖνος
818 972 1092 1044 ἁμαρτίαν
1118 971 1493 1043 ὲθησαύρισεν,
1516 971 1688 1042 ὀργήν

128 1080 192 1117 τε
220 1065 402 1137 ἡμέρᾳ
427 1066 614 1137 ὀργῆς,
640 1066 735 1119 καὶ
757 1069 821 1119 σὺ
849 1065 947 1136 τὴν
977 1064 1268 1135 ἁμαρτίαν,
1292 1062 1385 1117 καὶ
1406 1062 1502 1133 τὴν
1520 1063 1687 1134 ὀργὴν

129 1157 591 1228 ἐκληρονόμησας,
610 1159 704 1214 καὶ
721 1158 1072 1231 ἀπαιτηθήσῃ
1099 1157 1227 1229 περὶ
1242 1155 1418 1210 αὐτῶν
1444 1156 1684 1210 πάντων.

126 1251 315 1304 Ταῦτα
342 1251 399 1304 δὲ
432 1252 524 1305 καὶ
550 1252 601 1305 οί
631 1251 740 1305 τῶν
782 1250 980 1316 ἔξωθεν
1013 1252 1192 1306 ῐσασιν
1211 1249 1389 1320 νόμοι·
1418 1248 1537 1320 οὐχὶ
1560 1250 1688 1312 τοὺς

128 1342 517 1412 ἁρπάσαντας,
575 1344 667 1397 καὶ
711 1343 1069 1414 ὑφελομένους
1125 1341 1365 1406 ἐκείνους
1410 1340 1688 1396 κελεύουσι

128 1435 414 1487 ἀπαιτεῖν
446 1435 598 1490 ἀλλὰ.
641 1476 655 1488 .
702 1476 715 1489 .
758 1474 774 1489 .
814 1478 825 1487 .
872 1477 885 1490 .
929 1476 944 1491 .
986 1476 1000 1489 .
1045 1474 1060 1489 .

572 1528 830 1597 Σχόλιον
856 1526 1128 1595 Maii/110v
1161 1525 1240 1579 ιδ’.

202 1618 323 1671 Elei
346 1636 467 1672 τινα
497 1620 655 1689 φύσει
684 1620 823 1674 κα)ιά
853 1620 1003 1689 παρά
1048 1619 1157 1672 τῶν
1204 1618 1504 1690 ἀνθρώπων
1544 1616 1688 1686 γινόο

126 1708 271 1778 μενα
302 1726 309 1735 ’
348 1712 461 1765 ἀλλ’
487 1712 549 1766 οὐ
577 1712 715 1766 καλά
746 1711 906 1765 πάλιν
934 1711 1020 1765 διὰ
1053 1712 1228 1775 αίτίας
1250 1727 1265 1741 ·
1304 1706 1415 1764 οἷον
1442 1708 1685 1779 νηστεία,

121 1803 226 1855 καὶ
250 1804 546 1875 ἀγρυπνία,
591 1805 683 1858 καὶ
724 1807 1025 1875 προσευχὴ,
1075 1805 1169 1859 καὶ
1192 1803 1500 1875 ψαλμφδία,
1529 1802 1687 1873 ἐλεη-

1112 397 1336 457 SCALA
1383 393 1755 455 PARADISI.
1790 421 1855 431 -—
1878 394 2183 456 GRADUS
2210 396 2398 457 XXII.

1718 516 1766 571 Α

3252 402 3355 464 962

2349 510 2529 565 Aliud.
2556 510 2807 576 Quinctio.

1863 600 1928 655 Et
1955 600 2229 671 quomodo
2258 600 2360 657 hoc
2380 617 2595 673 aequum
2627 614 2711 661 est
2735 606 2880 677 quod
2913 606 3090 663 dicit?

2399 695 2747 765 Responsum.

1861 784 1929 839 Et
1958 786 2176 856 quidem
2210 785 2365 843 valde
2407 804 2622 860 aequum
2653 807 2667 844 :
2706 804 2827 844 nam
2874 791 3048 846 haeres
3086 791 3353 848 bonorum

1786 875 2101 946 iniquorum
2135 877 2333 941 factus,
2374 880 2475 935 etsi
2512 881 2629 951 ipse
2655 895 2764 935 non
2794 883 3046 951 rapuisti,
3082 892 3235 952 rapta
3274 892 3356 937 ta-

1788 983 1912 1023 men
1946 970 2214 1037 possides.
2243 970 2339 1027 llle
2365 982 2639 1042 peccatum
2675 981 2729 1028 et
2762 972 2897 1027 iram
2926 974 2983 1027 in
3014 975 3101 1030 die
3129 975 3222 1030 irae
3252 976 3354 1029 sibi

1789 1061 2201 1129 thesaurizavit,
2230 1071 2286 1118 tu
2314 1064 2519 1133 peccati
2549 1073 2602 1118 ct
2626 1065 2718 1119 ira:
2745 1064 3115 1121 haereditatem
3140 1066 3354 1131 adiisti;

1787 1151 1887 1206 abs
1914 1160 1965 1207 te
1998 1154 2180 1209 omnia
2209 1154 2512 1226 exigentur.
2538 1154 2593 1210 ιιι
2616 1156 2757 1223 quod
2784 1166 2839 1211 et
2867 1156 3053 1211 civiles
3082 1158 3223 1227 leges
3245 1174 3353 1213 non

1786 1243 2061 1314 ignorant,
2089 1262 2213 1316 qua:
2243 1249 2580 1319 precipiunt,
2624 1260 2685 1303 ut
2712 1250 2883 1304 aliena
2924 1260 2978 1306 et
3017 1262 3169 1320 rapta
3211 1252 3352 1305 bona

1788 1349 1894 1389 non
1928 1336 1997 1390 ab
2022 1336 2092 1392 iis
2114 1337 2399 1410 exigantur
2423 1340 2515 1409 qui
2549 1350 2844 1409 rapuerunt
2866 1342 2942 1411 (a)
2964 1342 3080 1411 (sed
3105 1341 3197 1412 qui
3224 1356 3353 1412 pos-

1787 1427 2048 1485 sederunt
2081 1437 2136 1484 et
2155 1431 2478 1500 possident).

2346 1520 2405 1576 S.
2448 1521 2676 1576 Maximi
2719 1522 2800 1576 l4.

1858 1610 1997 1667 Sunt
2019 1612 2262 1683 quaedam
2285 1623 2476 1669 natura
2500 1614 2639 1669 bona
2662 1628 2785 1685 quas
2806 1614 2874 1668 ab
2897 1614 3210 1669 hominibus
3235 1614 3352 1671 ﬁeri

1787 1705 1983 1769 solent,
2018 1705 2109 1761 sed
2137 1721 2258 1777 qua:
2284 1721 2380 1776 per
2402 1707 2575 1762 malas
2602 1722 2797 1762 causas
2829 1706 3087 1761 vitiantur
3120 1718 3175 1762 et
3211 1709 3351 1763 mala

1786 1796 1924 1852 iith
1959 1812 1975 1851 :
2016 1796 2249 1866 exempli
2285 1811 2473 1859 causa,
2502 1795 2792 1865 ieiunium,
2821 1796 3039 1866 vigilite,
3082 1799 3351 1865 precatio,

125 1873 365 1967 μοσύνή,
408 1899 502 1951 καὶ
550 1873 841 1968 φιλοξενία,
888 1873 1318 1969 καίξενοδοχία,
1348 1873 1505 1965 φύσει
1550 1894 1690 1949 καλὰ

1732 1873 1762 1927 Β
1792 1888 2124 1958 psalmorum
2150 1899 2370 1952 cantus,
2408 1887 2774 1959 eleemosyna,
2808 1888 3171 1957 hospitalitas,
3200 1903 3356 1957 pere-

122 1990 272 2059 ἔργα
301 1990 457 2056 εἰσὶν,
490 1989 601 2044 ἀλλ’
631 1992 759 2045 ὅταν
797 1990 887 2044 διά
927 1989 1228 2056 κενοδοξίαν
1274 1988 1549 2059 γίνωνται,
1591 1988 1691 2042 οὐκ

121 2082 250 2134 ἔστι
276 2081 438 2136 καλά.

726 2259 985 2327 Σχόλιον
1017 2264 1097 2312 ιε’.

208 2348 592 2420 ’Υποκρίνεται
646 2349 918 2415 κενόδοξος
959 2348 1257 2422 ἀοργησίαν
1282 2365 1297 2380 °
1349 2348 1549 2405 ὁπόταν
1598 2344 1691 2404 οὖν

118 2438 307 2513 ταύτῃ
338 2440 535 2511 ληφθῇ,
569 2441 689 2495 ἀντὶ
721 2441 909 2513 τιμῆς,
939 2440 1161 2511 ἀτιμίαν
1185 2440 1493 2509 ὑφίσταται.

714 2618 761 2669 Σ
762 2617 971 2683 χόλιογ
998 2614 1098 2681 ις’.

199 2704 489 2775 Φρόντισον
542 2704 638 2759 τοῦ
686 2706 891 2770 πάθους
931 2706 1119 2761 τούτου
1173 2707 1266 2761 τοῦ
1316 2707 1690 2779 κατηραμένου

118 2795 225 2849 τοῦ
266 2795 550 2864 μίσγοντος
578 2797 739 2851 ἑαυτὸ
766 2797 904 2868 μετά
930 2798 1037 2851 τῶν
1069 2798 1297 2869 ἀρετῶν,
1338 2798 1441 2862 ἕως
1469 2791 1531 2850 οὗ
1559 2799 1668 2852 ἀπο

120 2887 265 2958 λέσῃ
315 2888 501 2953 αὑτάς.
561 2888 688 2943 Ἐὰν
730 2890 840 2962 γὰρ
890 2892 963 2961 μὴ
1009 2891 1037 2942 ὁ
1067 2890 1348 2964 ἄνθρωπος
1390 2891 1600 2963 ἐκκόψῃ
1633 2890 1695 2944 τὸ

118 2980 328 3050 ἄτιμον
357 2980 451 3035 τοῦ
483 2982 704 3049 πάθους,
734 2985 794 3037 οὐ
818 2984 1039 3038 δύναται
1067 2985 1331 3056 προκόψαι
1364 2984 1502 3038 κατά
1523 2984 1653 3039 Θεόν
1675 3001 1691 3017 ο

120 3070 285 3141 αὺτῷ
314 3071 421 3141 γάρ
448 3070 855 3137 ὲξακολουθοῦσι
882 3073 1059 3128 πάντα
1088 3074 1156 3127 τὰ
1188 3075 1351 3130 κακά.

480 3164 686 3232 Ἀλλο,
718 3165 822 3219 τοῦ
850 3166 1023 3234 ἁγίου
1052 3166 1341 3237 Μαξίμου.

198 3254 297 3325 Μὴ
349 3254 457 3307 τῶν
511 3254 810 3327 ἀνθρώπιον
857 3259 973 3320 τοῖς
1025 3258 1429 3328 ἀσθενεστέροις
1471 3257 1694 3313 σεαυτὸν

119 3346 501 3418 παραμέτρει,
535 3345 671 3399 ἀλλά
701 3348 813 3409 τοῖς
841 3347 1129 3418 ὲμὸλήτοις
1163 3347 1261 3418 τῆς
1303 3348 1520 3415 ἀγάπης
1555 3348 1694 3419 μᾶλ-

122 3435 226 3486 λον
262 3435 632 3505 παραμετρῶν
657 3451 669 3464 ’
720 3437 832 3499 τοῖς
883 3435 982 3506 μὲν
1030 3436 1138 3507 γάρ
1185 3437 1574 3506 παραμετρῶν,
1617 3438 1697 3501 εἰς

120 3527 225 3579 τὸν
262 3525 456 3596 βόθρον
486 3530 587 3597 τὴς
618 3526 846 3598 οἰήσεως
878 3527 1170 3597 ἐμπίπτεις
1195 3544 1213 3561 ο
1254 3530 1321 3599 τῇ
1351 3528 1406 3581 δὲ
1433 3528 1696 3599 παρατεί-

121 3633 262 3676 νων.
295 3616 373 3680 ὠς
397 3616 456 3670 τὸ
482 3616 614 3688 ὕψος
638 3621 737 3689 τῆς
763 3617 1143 3682 ταπεινώσεως
1170 3619 1514 3691 προκόπτεις.

741 3915 998 3980 Σχόλιον
1022 3914 1104 3978 ιζ’.

205 4001 514 4074 Μωμητῆς,
545 4004 712 4075 ἧγουν
739 4004 964 4075 ψεκτῆς.
980 4002 1231 4074 Μωμητὴ
1256 4005 1290 4075 ἡ
1306 4002 1400 4058 τοῦ
1424 4004 1700 4076 Ναϐουχο-

119 4092 361 4164 δονόσορ
411 4095 772 4165 μεγαλαυχία,
806 4096 923 4149 ἀλλ’
953 4095 1210 4167 ἐπαινετὴ
1237 4098 1272 4168 ή
1314 4096 1453 4151 κατά
1501 4096 1701 4166 γνῶσιν

120 4183 278 4237 θεοῦ
333 4185 420 4238 ἐπ’
468 4187 708 4257 ἐσχάτων
763 4188 1073 4259 μετριότης,
1123 4190 1290 4260 ἤγουν
1344 4205 1700 4261 ταπεινοφρο-

125 4275 301 4346 σύνη.

722 4382 996 4453 Μαξίμου
1035 4390 1126 4455 ιη’.

209 4470 278 4524 El
309 4469 487 4532 θέλεις
514 4470 766 4538 γενέσθαι
816 4469 1144 4543 ἐπιγνώμων
1191 4474 1286 4528 καὶ
1319 4475 1559 4546 μέτριος,
1607 4477 1701 4531 καὶ

116 4560 218 4630 τῷ
260 4560 424 4614 πάθει
453 4562 553 4632 τῆς
584 4564 813 4634 οἰήσεως
864 4563 938 4634 μὴ
987 4564 1274 4631 δουλεύειν,
1318 4567 1406 4621 ἀεὶ
1449 4567 1601 4639 ζήτει
1642 4572 1703 4624 ὲν

115 4654 254 4716 τοῖς
280 4645 401 4706 ὄῦσι
435 4654 487 4706 τί
519 4655 633 4708 ἔστι
662 4654 724 4707 τὸ
752 4656 1127 4727 κρυπτόμενον
1155 4660 1223 4728 τῇ
1259 4660 1325 4730 σῇ
1354 4659 1578 4727 γνώσειο
1612 4662 1705 4715 καὶ

117 4744 415 4815 εὑρίσκων
468 4746 763 4816 πάμπολλα
819 4749 913 4801 καὶ
957 4749 1189 4821 διάφορα
1218 4749 1562 4809 Δλανθάνοντά
1620 4770 1702 4816 σε,

1791 1982 2070 2048 grinorum
2112 1978 2355 2033 invitatio
2391 1993 2487 2033 seu
2510 1977 2806 2049 susceptio,
2840 1988 3034 2033 natura
3062 1978 3200 2034 bona
3225 1989 3354 2035 sunt

1790 2084 1976 2139 opera,
2001 2070 2094 2126 sed
2120 2073 2337 2141 quando
2370 2069 2547 2126 laudis
2580 2070 2834 2127 humana:
2870 2072 3151 2143 captanda:
3180 2076 3353 2144 gratia

1790 2162 1949 2228 ﬁunt,
1978 2178 2085 2218 non
2112 2173 2241 2219 sunt
2266 2163 2427 2219 bona.
2698 2224 2699 2227 η

2381 2256 2631 2313 Scholion
2668 2258 2755 2313 l5.

1859 2343 2025 2398 Vana
2054 2344 2238 2415 gloria:
2263 2360 2464 2416 auceps
2497 2347 2719 2403 simulat
2760 2349 3226 2405 mansuetudinem
3258 2364 3356 2407 seu

1793 2450 1885 2490 ,γε
1901 2437 2223 2492 vacuitatem
2252 2456 2265 2492 :
2291 2438 2512 2508 quando
2527 2454 2655 2511 ergo
2675 2440 3040 2507 excandescit,
3063 2456 3162 2511 pro
3184 2441 3355 2510 gloria

1794 2528 2145 2599 ignominiam
2173 2531 2382 2601 recipit.

2391 2621 2642 2677 Scholion
2681 2623 2767 2677 l6.

1863 2710 2157 2782 Diligenter
2184 2712 2470 2769 advertere
2501 2714 2569 2768 ad
2612 2714 2715 2768 hoc
2744 2722 3092 2771 exsecratum
3118 2714 3309 2768 vitium
3339 2753 3357 2777 ,

1794 2802 1941 2874 quod
1990 2819 2049 2860 se
2096 2805 2271 2874 ipsum
2325 2805 2617 2860 virtutibus
2660 2805 2962 2869 immiscet,
3011 2805 3188 2876 quoad
3241 2805 3361 2858 illas

1793 2897 2001 2967 perdat.
2052 2894 2166 2951 Nisi
2212 2896 2356 2951 enim
2397 2896 2504 2952 hoc
2558 2895 2763 2952 infame
2800 2898 2989 2953 vitium
3026 2896 3360 2967 exstirparit,

1793 3002 1902 3043 non
1936 2997 2117 3058 potest
2154 2988 2209 3043 in
2250 2988 2451 3044 divinis
2494 2988 2787 3044 virtutibus
2824 2991 3129 3060 prolicere;
3181 2990 3359 3060 ipsum

1793 3080 1937 3135 enim
1984 3081 2168 3136 omnia
2206 3081 2349 3136 mala
2390 3091 2822 3151 consequuntur.

2246 3171 2407 3225 Aliud
2445 3174 2617 3225 sancti
2653 3171 2899 3229 Maximi.

1863 3256 1981 3313 Noli
2008 3268 2059 3314 te
2082 3275 2204 3315 cum
2251 3260 2745 3331 imperiectioribus
2786 3261 3100 3318 hominibus
3137 3275 3356 3331 compa-

1792 3370 1952 3420 rare,
1997 3356 2091 3412 sed
2147 3372 2271 3411 eum
2328 3357 2438 3413 illis
2481 3358 2576 3428 qui
2635 3358 2796 3428 287
2850 3356 3046 3411 eximia
3092 3356 3358 3413 charitate

1792 3448 2161 3505 eminuerunt.
2203 3446 2261 3503 Si
2309 3450 2453 3504 enim
2499 3460 2552 3505 te
2595 3465 2718 3505 cum
2757 3449 2864 3505 illis
2903 3448 3177 3519 prioribus
3210 3462 3360 3503 com-

1793 3543 2092 3613 paraveris,
2121 3542 2177 3596 in
2220 3541 2467 3597 scrobem
2503 3540 2768 3611 superbiae
2796 3549 2851 3594 et
2873 3539 3249 3595 aestimationis
3278 3537 3359 3592 tui

1796 3633 1968 3704 ipsius
2009 3632 2246 3698 incides;
2288 3632 2335 3687 si
2384 3640 2565 3686 autem
2609 3646 2731 3685 cum
2776 3632 2969 3685 horum
3008 3631 3269 3687 charitate
3307 3640 3363 3686 te

1794 3723 2129 3788 contuleris,
2174 3723 2243 3778 ad
2288 3723 2577 3778 sublimem
2624 3721 2947 3777 humilitatis
2992 3729 3191 3777 statum
3233 3734 3361 3790 pro-

1794 3816 1968 3873 ﬁcies.

2407 3905 2658 3963 Scholion
2686 3905 2774 3960 17.

1866 3997 2148 4068 Correcto)
2169 3997 2280 4053 sive
2299 3998 2629 4067 reprehenso
2649 4015 2662 4051 :
2684 3996 3122 4067 reprehendenda
3142 3995 3245 4051 fuit
3264 3995 3363 4051 Na-

1800 4087 2270 4144 bucliodonosoris
2299 4086 2537 4142 insolens
2562 4087 2848 4157 iactantia,
2873 4086 2966 4145 sed
3001 4086 3265 4142 laudanda
3291 4086 3360 4143 ad

1798 4190 2101 4235 extremum
2133 4188 2261 4233 nata
2303 4194 2368 4233 ex
2402 4177 2495 4233 Dei
2529 4180 2836 4250 cognitione
2874 4180 3219 4236 mediocritas
3263 4194 3359 4236 seu

1800 4269 2088 4334 modestia,
2127 4270 2368 4340 adeoque
2396 4269 2674 4325 humilitas

2322 4359 2507 4415 Sancti
2531 4359 2758 4415 Maximi
2778 4360 2866 4415 l8.

1871 4448 1929 4505 Si
1961 4450 2044 4505 vis
2072 4451 2300 4522 teipsum
2334 4465 2497 4506 nosse
2524 4460 2574 4507 et
2602 4452 2879 4508 modestus
2909 4452 3044 4519 ﬁeri,
3078 4468 3253 4524 neque
3277 4454 3364 4510 vi-

1732 4547 1777 4603 ι)
1804 4533 1881 4589 tio
1912 4532 2142 4588 tumoris
2180 4542 2235 4589 et
2278 4534 2694 4589 existimationis
2732 4534 2971 4601 servire,
3021 4535 3074 4589 in
3111 4536 3365 4593 omnibus

1803 4630 1966 4685 rebus
1995 4643 2195 4700 quare,
2221 4630 2350 4699 quid
2385 4630 2621 4701 sitquod
2645 4642 2793 4685 tuam
2832 4630 3191 4701 cognitionem
3231 4632 3365 4687 cil'u-

1802 4719 1934 4790 giat,
1962 4728 2165 4774 etcum
2204 4719 2373 4775 multa
2404 4728 2458 4775 et
2490 4721 2631 4775 varia
2663 4737 2784 4791 qua:
2815 4730 2868 4777 te
2894 4723 3116 4786 lateant,
3145 4722 3370 4777 invene-

114 4808 448 4905 θαυμάσεις
477 4808 564 4889 τε.
586 4836 680 4890 ἐπὶ
721 4839 787 4909 τῇ
834 4842 902 4909 σῇ
939 4808 1157 4908 γνώσει,
1207 4808 1300 4895 καὶ
1343 4844 1614 4907 συπελεῖς
1643 4808 1701 4897 τό

1802 4809 1901 4875 ris,
1929 4808 2216 4865 miraberis
2236 4819 2384 4866 tuam
2405 4811 2685 4866 scientiam
2717 4814 2835 4880 (seu
2869 4813 3046 4883 potius
3076 4814 3371 4884 inscitiam)

111 4900 418 4999 φρόνημα,
452 4927 546 4981 καὶ
579 4900 803 4982 σεαυτόν
836 4900 1111 4999 ἐπιγνοὺς,
1142 4900 1391 5003 συνήσεις
1422 4900 1701 4987 πολλὰ-καὶ

1802 4912 1855 4957 et
1885 4900 2267 4964 fastum_tuum
2297 4903 2549 4959 retundes
2578 4922 2593 4959 :
2626 4914 2681 4959 et
2713 4920 2837 4959 cum
2873 4914 2926 4959 te
2958 4904 3133 4973 ipsum
3165 4919 3368 4975 cogno-

387 5019 711 5089 πράγματα,
743 5020 865 5074 ἐπεὶ
990 4994 1229 5092 νομίζειν
1260 4994 1477 5089 ειδέναι,
1506 5025 1606 5078 οὐκ
1637 5025 1701 5095 ἐᾷ

1808 4994 1963 5062 veris,
1990 4995 2189 5050 multas
2222 5002 2276 5050 et
2304 5010 2526 5067 magnas
2556 5012 2645 5052 res
2668 4994 2952 5068 intelliges.
2982 4995 3116 5052 Nam
3146 5012 3211 5052 eo
3244 4997 3364 5066 ipso

108 5110 475 5181 προκόπτειν
500 5111 582 5175 είς
609 5113 671 5165 τὸ
703 5111 921 5166 ειδέναι.

542 5302 800 5370 Σχόλιον
828 5303 936 5359 τοῦ
978 5304 1180 5360 Ἰσαάκ
1220 5305 1304 5361 ιθ¹.

219 5391 462 5461 Ἐκάστη
510 5392 679 5466 ἀρετὴ
735 5396 917 5468 μήτηρ
961 5398 1079 5451 ἐστὶ
1126 5396 1226 5462 τῆς
1273 5397 1558 5470 δευτέραςο
1605 5399 1701 5455 ἔάν

100 5481 234 5542 οὖν
271 5483 505 5552 ἀφήσεις
530 5485 631 5555 τὴν
674 5488 885 5557 μητέρα
930 5488 1029 5560 τὴν
1054 5488 1327 5557 γεννῶσαν
1355 5490 1453 5554 τάς
1481 5493 1697 5564 ἀρετὰς,

101 5577 240 5636 καὶ
302 5575 546 5648 ἀπέλθῃς
608 5576 841 5648 ζητῆσαι
912 5580 1010 5643 τὰς
1072 5579 1370 5650 θυγατέρας
1431 5585 1536 5654 πρὸ
1606 5583 1701 5637 τοῦ

101 5667 447 5738 κτήσασθαι
492 5670 592 5741 τὴν
644 5670 855 5743 μητέρα
896 5672 1094 5735 αὐτῶν,
1125 5674 1325 5742 ἔχιδναι
1359 5675 1701 5744 εὑρίσκονται

100 5760 341 5817 ἐνεῖναι
369 5762 435 5829 τῇ
463 5760 628 5831 ψυχῇ,
665 5760 761 5814 ἐὰν
791 5761 865 5832 μὴ
895 5762 1055 5835 ῥίψῃς
1087 5764 1255 5827 αὑτὰς
1285 5765 1392 5819 ἀπὸ
1421 5768 1539 5822 σοῦ.

219 5874 295 5946 (a)
327 5873 536 5933 Inclusa
564 5878 871 5947 parenthesi
904 5880 958 5935 in
984 5877 1174 5938 Graeco
1200 5889 1323 5938 sunt
1356 5881 1563 5941 abrasa.

1798 5091 1943 5162 quod
1975 5090 2116 5147 scire
2153 5106 2257 5148 nos
2293 5093 2689 5162 existimamus,
2738 5094 2805 5149 ad
2850 5093 3131 5152 scientiam
3181 5094 3369 5150 venire

1797 5199 1905 5240 non
1936 5198 2249 5254 possumus.

2425 5297 2606 5354 Isaaci
2638 5298 2725 5353 l9.

1874 5403 2227 5474 Unaquaeque
2268 5408 2442 5461 virtus
2477 5413 2563 5459 est
2602 5404 2823 5459 alterius
2866 5403 3082 5457 virtutis
3112 5417 3362 5472 procrea-

1808 5497 1933 5552 trix.
1978 5495 2034 5552 Si
2074 5512 2204 5568 ergo
2248 5497 2436 5553 relicta
2480 5497 2839 5568 procreatrice
2878 5496 3136 5551 virtutum
3167 5506 3359 5563 matre,

1808 5588 2006 5645 abieris
2030 5589 2097 5644 ad
2124 5590 2524 5662 investigandas
2568 5589 2708 5645 ﬁlias
2735 5589 3048 5660 priusquam
3079 5596 3353 5657 parentem

1808 5682 2019 5737 illarum
2045 5681 2345 5751 possideas,
2376 5682 2574 5752 vipera:
2594 5682 2649 5737 in
2674 5682 2855 5738 anima
2880 5691 2968 5737 tua
3000 5681 3354 5752 reperientur,

1806 5773 1851 5830 si
1890 5773 2009 5829 illas
2037 5773 2134 5831 abs
2150 5782 2202 5831 te
2230 5790 2338 5831 non
2364 5774 2635 5849 reieceris.
