4216 6458
847 413 948 478 θοι

2081 409 2139 468 S.
2161 409 2477 468 JOAXNIS
2505 412 2807 472 CLIMACI

3948 422 4056 481 968

849 521 941 576 Vir
964 519 1090 576 elati
1129 521 1298 576 animi
1330 535 1554 589 regnare
1577 519 1746 588 cupit,
1773 534 1947 589 neque
1975 519 2119 573 enim
2146 521 2254 574 alio
2279 536 2399 573 mo-
2427 557 2437 582 Α

2463 525 2691 594 ,Kupitp
2737 528 2842 587 πᾶς
2890 526 3282 597 ὑῂλοκάρδικ
3327 528 3426 594 (6).
3473 530 3582 582 Καὶ
3621 531 3703 593 τίς
3743 530 3926 584 λοιπον
3969 537 4057 585 τὸν

841 615 938 675 do,
967 620 1027 665 ut
1051 627 1212 666 casus
1239 609 1360 673 fert,
1385 610 1627 665 funditus
1665 611 1844 679 perire
1875 619 2070 680 potest,
2107 619 2204 665 aut
2246 613 2403 666 aliter

842 718 952 758 non
978 703 1094 757 vult
1121 702 1358 756 interire.
1387 701 1631 769 Superba
1655 701 1795 754 Dm
1817 703 2010 756 resistit
2037 703 2106 756 ".
2138 701 2273 768 Quis
2289 717 2404 771 por-

843 811 907 850 ro
937 795 1103 850 hosce
1125 794 1374 850 miserari
1415 794 1608 864 possit,
1639 794 1883 864 impurus
1911 803 1996 848 est
2032 795 2212 849 omnis
2263 793 2404 864 apud

844 885 1035 947 Deum,
1054 885 1301 955 quisquis
1324 885 1557 955 superbo
1580 897 1664 940 est
1692 884 1874 939 corde.
1907 885 2103 955 Ecquis
2134 899 2266 939 vero
2303 885 2404 938 hu-

840 975 1142 1045 juscemodi
1175 989 1369 1045 purum
1409 974 1630 1030 reddere
1663 983 1825 1043 queat
1846 974 1872 1026 2
1915 973 2189 1028 Institutio
2214 974 2290 1043 (ιι)
2309 988 2405 1027 su-

844 1067 1013 1138 perbo
1041 1067 1210 1120 ruina:
1234 1065 1453 1121 occasio
1469 1075 1572 1130 est,
1593 1064 1847 1120 stimulus
1867 1065 2084 1134 superbi
2108 1081 2203 1120 seu
2227 1065 2402 1133 palus,

844 1158 1054 1213 damon
1080 1168 1183 1222 est,
1198 1157 1479 1212 destitutio
1506 1158 1580 1226 (ι)
1603 1164 1875 1227 stuporem
1905 1157 2128 1211 inducit.
2163 1155 2230 1211 Et
2257 1157 2406 1226 prio-

847 1267 906 1305 ra
929 1250 1144 1321 quidem
1199 1250 1478 1304 hominum
1513 1249 1645 1303 vitia
1682 1265 1822 1318 sazpe
1851 1251 1918 1303 ab
1967 1249 2280 1304 hominibus
2310 1263 2406 1303 cu-

845 1353 962 1398 rata
1010 1352 1159 1399 sunt.
1206 1341 1520 1396 Extremum
1580 1357 1708 1395 vero
1762 1358 1856 1396 seu
1899 1350 2090 1411 stupor
2146 1341 2214 1395 ab
2255 1340 2405 1395 nullo

848 1437 1159 1491 mortalium
1188 1439 1364 1491 curari
1391 1445 1585 1505 potest.
1608 1435 1765 1506 291
1796 1433 1901 1500 Qui
1928 1434 2401 1503 reprehensionem

849 1539 1132 1582 aversatur
1160 1537 1216 1582 et
1240 1528 1464 1596 repellit,
1491 1526 1681 1581 vitium
1718 1541 1876 1581 suum
1918 1525 2098 1594 prodit
2127 1545 2138 1577 :
2163 1525 2255 1594 qui
2277 1540 2405 1579 vero

847 1617 1040 1684 quatit
1062 1617 1510 1687 objurgationem,
1529 1615 1812 1686 expeditus
1832 1625 1915 1671 est
1934 1631 1962 1668 a
1984 1615 2198 1668 vinculo
2217 1629 2405 1684 super-

849 1709 977 1763 biae.
1007 1707 1064 1762 Si
1089 1709 1213 1778 quis
1242 1708 1445 1777 absque
1469 1708 1677 1762 ceteris
1703 1707 1849 1762 vitiis
1873 1722 1967 1776 per
1995 1706 2100 1760 hoc
2137 1705 2312 1759 solum
2352 1714 2407 1759 et

2500 613 2740 666 τοιοῦτον
2765 615 3111 686 ἀποκαθᾶραι
3141 617 3397 682 δύναταις
3428 620 3709 683 Παίδευσις
3755 623 3856 689 μὲν
3890 623 4057 691 ὑπερ-

2501 705 2693 774 ηφάνῳ
2735 707 2968 776 ⁴ιττῶμα·
3033 708 3234 776 σκόλοψ
3297 711 3354 762 δὲ
3395 710 3632 779 ἅιὶμων·
3679 713 4058 780 ἐγκατάλετμς

2501 795 2559 848 δὲ
2612 796 2848 859 ἔκτασις.
2925 799 3035 851 Καὶ
3092 799 3161 852 τὰ
3215 800 3315 869 μὲν
3365 802 3604 871 πρότερα
3655 802 3913 864 mnu-4
3968 806 4059 854 καὶ

2502 886 2775 958 ἄνθρωποι
2815 890 2922 943 ὑπὸ
2950 892 3058 944 τῶν
3081 893 3381 962 ἀνθρώπων
3407 895 3848 966 ἐθεραπεύθησαν
3869 914 3882 925 ·
3914 898 3976 948 τὸ
4003 897 4058 948 δὲ

2502 978 2725 1047 ἔσχατον
2770 983 2900 1052 παρ’
2947 983 3254 1051 ἀνθρώποις
3295 986 3531 1040 ἀνίατον.
3571 987 3631 1040 '0
3671 989 4055 1056 ἀποσειόμενος

2503 1070 2743 1141 ἔλεγχον,
2772 1073 2832 1126 τὸ
2863 1074 3034 1138 πάθος
3077 1077 3346 1145 ἐσήμανεν
3370 1095 3384 1107 ·
3406 1081 3437 1131 ό
3462 1079 3518 1131 δὲ
3551 1080 3935 1150 προσδραμὼν,
3966 1080 4056 1131 τοῦ

2506 1161 2705 1232 δεσμοῦ
2755 1165 3005 1219 λέλυται·
3056 1170 3105 1220 εἰ
3146 1171 3312 1240 χωρὶς
3355 1171 3540 1240 ἑτέρου
3589 1171 3793 1233 πάθους
3844 1189 3928 1228 τις
3973 1171 4057 1221 διὰ

2501 1255 2692 1307 τούτου
2720 1256 2815 1307 καὶ
2847 1258 3008 1326 μόνου
3042 1259 3149 1312 τῶν
3191 1263 3435 1330 οὐρανῶν
3462 1263 3728 1315 κατέπεσε
3757 1265 3859 1328 (ἲ).
3894 1263 4056 1329 ζητη-

2502 1345 2623 1397 τέον
2665 1346 2860 1414 μήτως
2892 1350 2984 1400 καὶ
3027 1349 3149 1418 δίχα
3195 1352 3397 1420 ἀρετῆς
3443 1353 3638 1421 ἐτέρας
3683 1354 3747 1403 ἐκ
3792 1351 4055 1403 ταπεινώ-

2505 1451 2641 1498 σεως
2667 1438 2747 1498 εἰς
2772 1438 3029 1508 οὐρανοὺς
3072 1441 3378 1494 ἀναϐαίνειν
3405 1443 3693 1512 ἐνδέχεται.
3742 1443 4052 1511 Ύπερηεξα-

2503 1525 2589 1578 via
2630 1528 2746 1579 ἐστὶ
2775 1528 3002 1582 πλούτου
3038 1533 3133 1584 καὶ
3161 1533 3397 1602 ἱδρώτων
3426 1534 3670 1588 ἀπώλεια
3691 1551 3703 1562 ·
3733 1534 4050 1601 ὲκέκραξαν,

2504 1619 2597 1670 καὶ
2621 1619 2720 1670 οὐκ
2745 1615 2814 1690 ἦν
2841 1621 2870 1673 ὁ
2897 1621 3103 1685 σώζων,
3137 1627 3373 1691 πάντως,
3397 1627 3481 1680 ὃτι
3510 1625 3628 1697 μεθ’
3649 1627 4049 1696 {immania-4'

2504 1709 2805 1778 ὲκέκραξαν
2837 1713 2972 1782 πρὸς
2996 1714 3220 1784 Κύριον,
3252 1718 3345 1770 καὶ
3368 1717 3468 1769 οὐκ
3510 1719 3830 1787 εἰσήκουσεν
3859 1716 4050 1776 αὐτῶν,

845 1801 1064 1855 unicum
1106 1798 1365 1870 (Lucifer)
1401 1815 1433 1854 e
1473 1799 1614 1854 caelo
1662 1798 1882 1862 decidit,
1939 1797 2290 1868 quaerendum
2324 1806 2410 1852 est

2507 1801 2742 1865 πάντως,
2773 1805 2855 1857 ὅτι
2895 1805 2994 1869 τάς
3041 1808 3220 1872 αἰτίας
3265 1808 3387 1861 καθ’
3417 1802 3491 1862 ὧν
3521 1809 3768 1879 ηὔχοντο,
3799 1811 3901 1861 οὐκ
3951 1811 4051 1861 ἀπο

844 1907 914 1945 an
939 1893 1117 1950 forsan
1141 1892 1406 1962 quispiam
1432 1893 1639 1961 absque
1656 1892 1778 1946 aliis
1801 1891 2089 1945 virtutibus
2110 1904 2204 1959 per
2225 1890 2397 1943 solam
2429 1879 2472 1937 Β
2501 1890 2757 1946 έκοπτονι

845 1983 1442 2060 ὴυωὶιίιλιειηιεωιιιιη
1487 1984 1850 2039 conscendere
1891 1982 2093 2052 possit?
2143 1980 2404 2052 Superbia

2463 1985 2678 2038 >mnium
2745 1985 2983 2042 laborum
3016 1997 3070 2044 et
3098 1989 3355 2045 sudorum
3392 2005 3523 2060 opes
3585 1993 3760 2062 perdit
3790 2013 3804 2047 :
3859 1995 4051 2049 clama-

843 2085 1060 2141 verunt,
1085 2091 1184 2132 nec
1211 2085 1325 2130 erat
1352 2077 1445 2146 qui
1471 2076 1651 2132 salvos
1678 2075 1900 2140 faceret,
1923 2075 2065 2130 baud
2090 2074 2252 2129 dubie
2299 2084 2580 2144 propterea
2638 2081 2784 2149 quod
2814 2098 2938 2136 cum
2999 2084 3252 2151 superbia
3290 2084 3610 2139 clamarent.
3672 2085 4050 2141 Clamaverum

844 2169 912 2224 ad
957 2159 1278 2235 Dominum,
1322 2183 1422 2225 nec
1453 2167 1736 2223 exaudivit
1763 2181 1888 2232 eos,
1937 2167 2140 2222 idcirco
2180 2179 2403 2236 nempe,
2442 2169 2587 2237 quod
2647 2185 2844 2228 causas
2900 2173 3161 2229 adversus
3187 2191 3324 2245 quas
3352 2179 3720 2233 clamaverunt
3751 2195 3859 2232 non
3886 2193 4048 2234 susur

842 2262 1005 2318 lerint
1027 2261 1196 2318 prius.

903 2278 1005 2316 ηηι
1091 2278 1196 2314 ius.

903 2278 1209 2426 Supeptfbum
1237 2353 1524 2424 quemdam
1541 2353 1764 2412 fratrem
1786 2357 1967 2413 senior
1981 2356 2199 2426 quidam
2225 2371 2404 2411 rerum

845 2449 1209 2520 spiritualium
1242 2449 1638 2505 scientissimus
1664 2451 1731 2504 ad
1763 2449 2115 2505 humilitatem
2159 2449 2405 2502 hortatus

841 2549 928 2597 est
955 2541 1084 2595 :sed
1109 2540 1198 2594 ille
1229 2539 1540 2603 caseutiens,
1568 2539 1810 2610 Ignosce,
1840 2539 2034 2610 inquit,
2084 2548 2252 2608 pater,
2296 2552 2406 2591 non

843 2649 965 2689 sum
986 2631 1253 2703 superbus
1272 2649 1288 2697 ;
1305 2646 1360 2685 et
1381 2630 1817 2700 sapientissimus
1835 2631 1923 2686 ille
1938 2646 2103 2686 senex
2127 2650 2141 2684 :
2165 2631 2403 2699 Ecquod,
2433 2629 2438 2632 ’

845 2724 1040 2794 inquit,
1074 2711 1184 2788 ﬁli,
1202 2723 1380 2792 majus
1410 2723 1680 2793 superbia:
1704 2723 1915 2794 signum
1940 2730 1996 2776 et
2025 2728 2403 2790 argumentum

853 2818 1015 2870 edere
1049 2814 1205 2869 nobis
1241 2823 1414 2883 potes,
1437 2828 1601 2883 quam
1627 2813 1854 2868 dicendo
1883 2831 1899 2867 :
1923 2811 2039 2867 Non
2068 2827 2185 2867 sum
2217 2826 2405 2881 super-

848 2905 973 2960 bus.
1007 2903 1310 2960 Admodum
1340 2912 1520 2974 potest
1538 2903 1847 2973 hujusmodi
1869 2903 2099 2973 ingeniis
2119 2902 2402 2972 subjectio,

844 3006 902 3052 et
917 2996 1181 3066 agrestior
1200 2995 1466 3064 viliorque
1490 2994 1706 3050 vivendi
1739 2995 1880 3050 ratio
1900 3005 1955 3048 et
1974 2994 2289 3062 disciplina;
2315 3009 2426 3049 re--

844 3097 933 3142 cte
962 3088 1089 3141 item
1116 3086 1383 3142 factorum
1428 3093 1738 3142 sanctorum
1779 3086 2002 3140 Patrum
2039 3100 2159 3154 qua:
2199 3093 2406 3142 natura

846 3181 1071 3248 gradum
1101 3193 1356 3250 superare
1384 3177 1654 3241 videntur,
1685 3177 1866 3241 lectio,
1909 3178 2144 3231 fortasse
2174 3177 2319 3231 enim
2348 3187 2405 3231 et

845 3271 977 3328 hinc
997 3271 1173 3341 aliqua
1204 3285 1329 3340 spes
1366 3268 1559 3324 salutis
1584 3268 1726 3323 male
1751 3268 1960 3324 aﬂ‘ectis
1999 3269 2148 3322 hisce
2179 3267 2405 3339 atl‘ulge-

851 3363 952 3417 bit.
995 3361 1174 3432 Turpe
1210 3371 1297 3417 est
1329 3362 1524 3418 alienis
1555 3361 1756 3430 plumis
1785 3359 2083 3428 superbire,
2113 3359 2205 3414 sed
2228 3367 2405 3414 extre-

847 3464 951 3509 m
972 3454 1263 3514 dementias
1297 3453 1370 3508 ob
1410 3451 1826 3508 cmlestiadoua
1864 3451 2045 3510 extolli
2085 3465 2264 3527 eaun
2300 3452 2401 3506 sibi

844 3560 1115 3616 arrogare.
1145 3544 1221 3600 De
1246 3544 1378 3600 solis
1403 3551 1548 3600 recte
1570 3542 1728 3598 factis
1746 3541 1922 3596 eﬂ'erri
1944 3551 2113 3611 potes.
2137 3523 2277 3611 quae,
2304 3557 2401 3595 an-
2425 3520 2470 3577 ο

844 3646 1063 3708 tequam
1109 3640 1272 3691 natus
1303 3649 1474 3701 essu,
1522 3633 1831 3704 possedisti.
1882 3629 2016 3686 Nam
2065 3647 2204 3696 quas
2243 3637 2401 3689 natus

846 3728 1124 3800 accepisti,
1158 3727 1297 3783 Deus
1321 3725 1564 3788 domvit,
1593 3725 1670 3779 uti
1706 3725 1883 3780 ethoc
1910 3725 2086 3794 ipsum
2121 3725 2267 3795 quod
2307 3740 2400 3778 ua-

803 3860 808 3864 -
846 3833 1081 3875 scerere.
1116 3801 1479 3883 Quascunque
1501 3815 1727 3869 virtutes
1748 3815 1866 3870 siue
1884 3817 2064 3870 anima
2091 3814 2399 3879 exercuisti,

847 3905 954 3961 illa:
979 3907 1109 3961 sola
1139 3916 1247 3960 tua
1272 3914 1420 3968 sunt,
1459 3903 1787 3959 Deus’enim
1816 3904 2055 3959 animum
2094 3906 2270 3978 ipsum
2305 3905 2401 3960 tibi

847 3999 1154 4069 impertivit.
1371 3997 1434 4054 Et
1462 4015 1801 4072 quacunque
1823 4000 2080 4055 virtutum
2107 3979 2399 4057 certamina

846 4102 999 4150 extra
1023 4105 1223 4160 corpus
1255 4090 1488 4157 subiisti,
1523 4093 1612 4148 illa
1659 4102 1756 4147 tuo
1785 4091 1966 4147 studio
1992 4091 2107 4144 sola
2134 4089 2400 4147 ascribere

848 4191 1189 4254 potes:nam
1214 4196 1430 4252 corpus,
1464 4192 1618 4242 tuum
1665 4199 1772 4238 non
1818 4191 1935 4247 est,
1984 4181 2078 4236 sed
2105 4195 2242 4251 opus
2286 4179 2398 4233 Dei.

846 4275 992 4330 Cave
1037 4274 1133 4328 tibi
1175 4274 1308 4329 ﬁdas
1340 4283 1465 4331 ante
1509 4277 1913 4346 pronuntiatam
1959 4275 2028 4331 de
2061 4276 2114 4330 te
2155 4275 2450 4354 ultimam'_

851 4365 1195 4424 sententiam.
1249 4379 1376 4419 cum
1409 4366 1591 4422 videas
1623 4368 1794 4431 illum,
1821 4367 1915 4437 qui
1947 4367 2004 4421 in
2031 4365 2268 4420 thalamo
2290 4366 2401 4435 jam

847 4456 1218 4524 discubuerat,
1263 4459 1442 4528 ligatis
1468 4459 1717 4513 manibus
1751 4468 1804 4513 et
1825 4443 2049 4526 pedibus
2075 4457 2131 4511 in
2154 4458 2403 4512 tenebras

847 4547 1143 4602 exteriores
1171 4549 1426 4618 ejectum.
1457 4547 1579 4604 Noli
1604 4549 1760 4604 elatis
1783 4549 2081 4604 cervicibus
2109 4547 2402 4602 incedendo

849 4637 1047 4692 cmlum
1082 4645 1321 4707 tangere,
1345 4654 1469 4694 cum
1497 4640 1575 4695 sis
1615 4654 1650 4695 e
1672 4654 1829 4695 emno
1856 4648 2010 4694 terra:
2032 4637 2224 4692 factus.
2254 4636 2400 4691 Multi.

849 4725 994 4782 enim
1025 4741 1059 4782 e
1100 4728 1240 4783 ccelo
1274 4731 1444 4784 sancti
1491 4740 1548 4784 et
1589 4730 1833 4799 corporis
1863 4738 2107 4798 expertes
2140 4728 2399 4783 deturbati

848 4831 998 4875 sunt.
1031 4818 1134 4874 Ubi
1166 4821 1343 4877 malus
1381 4823 1589 4876 damon
1629 4824 1683 4878 in
1716 4823 1830 4878 suis
1857 4823 2115 4878 ministris
2134 4823 2314 4877 sedem
2340 4823 2400 4874 li-

847 4909 952 4971 xit,
987 4919 1120 4964 tunc
1145 4911 1228 4965 vel
1258 4912 1311 4966 in
1337 4927 1531 4968 somno
1553 4915 1638 4969 vel
1669 4916 1722 4968 in
1750 4914 2091 4983 vigilantibus
2111 4928 2204 4982 per
2224 4913 2397 4966 visum

837 4996 1038 5055 habitu
1070 4999 1353 5071 formaque
1388 5005 1468 5059 vel
1503 5004 1645 5059 beati
1674 5005 1904 5074 alicujus
1934 5003 2128 5073 angeli,
2160 5003 2242 5057 vel
2273 5017 2408 5056 mar-

834 5089 978 5172 tyris
1009 5101 1253 5163 apparet,
1278 5105 1333 5150 et
1355 5110 1554 5150 arcana
1582 5095 1828 5165 quaedam
1861 5094 2050 5166 aperit,
2079 5093 2160 5149 vel
2185 5094 2408 5163 quibus-

854 5186 977 5242 dam
1003 5185 1302 5254 gratiarum
1345 5189 1504 5243 donis
1540 5200 1719 5254 ornat,
1753 5198 1814 5244 ut
1842 5189 1912 5242 ita
1951 5187 2124 5242 delusi
2170 5187 2407 5242 infelices

854 5284 1030 5330 mente
1052 5277 1266 5332 demum
1294 5280 1509 5349 penitus
1530 5280 1798 5340 excidant.
1849 5279 2005 5351 Quod
2033 5281 2078 5334 si
2109 5279 2192 5334 vel
2222 5279 2401 5333 inﬁni-

849 5376 936 5421 tas
971 5381 1071 5436 pro
1092 5368 1308 5426 Christo
1337 5381 1535 5428 mortes
1556 5373 1870 5437 toleramus,
1902 5372 2050 5425 nullo
2076 5382 2254 5424 tamen
2277 5385 2397 5424 mo-

849 5454 922 5510 do
969 5457 1054 5510 vel
1092 5458 1172 5513 sic
1203 5474 1299 5528 pro
1345 5461 1528 5516 debito
1559 5461 2010 5517 satisfaceremus.
2051 5461 2210 5516 Aliud
2252 5461 2394 5516 enim

2428 4866 2473 4922 D

837 5562 924 5608 eet
959 5550 1181 5620 sanguis
1217 5549 1331 5620 Dei,
1363 5555 1512 5610 aliud
1537 5571 1813 5612 servorum
1845 5555 1935 5612 Dei
1966 5572 2208 5628 sanguis,
2240 5557 2282 5612 si
2312 5555 2395 5611 di-
2437 5637 2442 5642 _

919 5727 968 5760 "
1000 5726 1117 5783 Jac.
1146 5745 1218 5792 Iv,
1264 5727 1316 5783 6.

919 5822 996 5890 (α)
1031 5820 1289 5888 Eruditio,
1320 5823 1608 5888 correctio,
1641 5822 2008 5892 reprehensio.

2588 2353 2837 2424 Ἀδελφδν
2865 2357 3402 2428 ὐαρηφανευόμενον
3418 2360 3593 2429 γέρων
3617 2360 4050 2426 γνωστικώτατος

2505 2446 2886 2514 πνευματικῶς
2912 2449 3262 2520 ἐνουθέτησεν
3285 2449 3383 2516 (8),
3402 2451 3430 2502 ὁ
3455 2450 3513 2502 δὲ
3537 2450 3856 2517 τυσ).ὡττων
3891 2453 4046 2519 91:35-

2504 2534 2880 2611 Συγχὼρησον,
2927 2543 3120 2612 πάτερ,
3171 2544 3271 2600 οὐκ
3320 2542 3435 2612 εἰμὶ
3484 2544 3851 2613 ὺαρήςανος.
3911 2545 3969 2595 ’0
3999 2544 4051 2595 ἑὲ

2504 2628 2776 2697 πάνσοφος
2825 2631 3002 2700 γέρων
3048 2632 3184 2702 πρὸς
3231 2632 3429 2684 αὐτόν·
3483 2634 3595 2686 Καὶ
3646 2632 3834 2685 ποίαν.
3890 2634 4048 2700 ensi,

2503 2721 2710 2786 τέκνον,
2736 2721 3010 2788 ἀπόδειξιν
3040 2724 3376 2794 σαφεστέραν
3402 2723 3604 2794 ταύτης
3641 2725 3897 2794 παρέχεις
3924 2728 4052 2793 ἡμῖν

2502 2809 2597 2863 τοῦ
2648 2811 2873 2876 πάθους,
2900 2813 3077 2883 ἀλλ’ἢ
3122 2814 3182 2866 τὸ
3219 2815 3423 2867 εἰπεῖν’
3478 2816 3592 2868 υὺκ
3624 2817 3736 2884 εἰμὶ
3779 2817 4050 2885 ὑπερήσει-

2504 2919 2626 2967 νος;
2657 2903 2804 2957 Πάνυ
2833 2907 2948 2968 τοῖς
2972 2906 3233 2969 τοιούτοις
3261 2907 3575 2977 συνέρχεται
3606 2909 3639 2976 ἠ
3669 2909 3934 2977 ὑποταγὴ,
3964 2910 4052 2959 καὶ

2504 2998 2781 3068 παχυτέρα
2811 2999 2905 3050 καὶ
2956 2999 3251 3069 ἀτιμοτέρα
3279 2998 3549 3068 διαγωγή·
3580 3000 3672 3051 καὶ
3720 3001 3753 3069 ἡ
3781 3001 3888 3050 τῶν
3915 3000 4050 3068 ὑπὲρ

2505 3088 2667 3156 φύσιν
2689 3088 2796 3140 τῶν
2816 3090 3067 3158 πατέρων
3093 3089 3531 3160 κατορθωμάτων
3556 3091 3858 3157 ἀνάγνωσις
3877 3107 3890 3120 ·
3926 3090 4052 3151 ἴσως

2504 3178 2611 3230 κᾶν
2672 3177 2843 3241 οὕτως
2899 3178 3049 3230 ἔσται
3104 3181 3215 3241 τοῖς
3277 3178 3494 3232 νοσοῦσι
3554 3180 3722 3251 μικρὰ
3786 3181 4051 3248 σωτηρίας

2506 3267 2678 3329 ἐλπίς.
2713 3267 2948 3337 Αίσχύνη
2973 3269 3059 3321 ἐπ’
3083 3268 3345 3339 ἀλλοτρίῳ
3388 3270 3574 3338 κόσμῳ
3600 3259 3916 3340 ἐπαίρεσθαι
3942 3274 4049 3341 (9)·

2504 3355 2655 3408 ἄνοια
2703 3356 2760 3409 δὲ
2793 3357 3015 3427 ἐσχάτη,
3043 3358 3136 3410 ἐπὶ
3176 3359 3483 3438 χαρίσματι
3505 3359 4048 3430 Θεοῦραντάζεσθαι.

2505 3446 2646 3501 Ὅσα
2672 3465 2753 3501 σοι
2778 3449 3173 3519 κατορθώματα
3214 3452 3319 3522 πρὸ
3364 3451 3464 3521 τῆς
3493 3452 3593 3520 σῆς
3615 3455 3916 3523 γεννήσεως
3962 3470 4050 3520 γε·

2501 3540 2740 3607 γόνασιν,
2788 3542 2881 3594 ἐπὶ
2928 3544 3134 3606 τούτοις
3166 3545 3347 3613 μόνοις
3392 3546 3651 3615 ὲ·ιτιιίρου⁹
3684 3546 3751 3597 τὰ
3776 3547 3886 3614 γὰρ
3916 3548 4050 3615 μετά

2501 3633 2752 3703 γέννησιν
2779 3636 2808 3687 ὁ
2838 3634 2970 3697 θεὸς
3003 3619 3346 3705 ἐδωρήσατο,
3368 3637 3558 3706 ὥσπερ
3595 3639 3688 3689 καί
3719 3638 3817 3707 τὴν
3865 3640 4044 3707 γέννηο

2503 3738 2618 3774 σιν·
2663 3721 2815 3786 ἶσας*
2853 3725 3010 3787 ἒκτδς
3065 3725 3158 3777 τοῦ
3212 3725 3331 3788 νοὸς
3393 3726 3594 3796 ἀρετὰς
3649 3727 4046 3797 κατώρθωκ-πς.

2500 3806 2658 3868 αὗται
2689 3817 2784 3868 καὶ
2834 3817 2992 3877 μόναι
3021 3815 3116 3869 σοῦ
3144 3818 3487 3884 τυγχάνουσι·
3517 3817 3607 3869 τὸν
3635 3817 3742 3887 γὰρ
3771 3819 3895 3870 νοῦν
3928 3820 4049 3883 Θεὴ

2499 3907 2528 3958 ὁ
2554 3908 2956 3978 δωρησάμενος.
2986 3907 3142 3988 ,Ὅσα
3176 3907 3332 3982 ἐκτὸς
3356 3906 3449 3988 τοῦ
3498 3907 3745 3976 σώματος
3793 3909 4050 3974 ἐπεδείξω

2501 3999 2726 4063 ἔπαθλα,
2766 3991 2829 4051 ﬁt
2879 4000 2977 4067 σῆς
3014 3987 3596 4067 σπουδῆςκαὶδμόνον
3651 4000 3937 4066 γεγόνασι·
3993 4003 4047 4053 τὸ

2463 4087 2472 4093 ’
2499 4089 2606 4158 γὰρ
2642 4089 2818 4159 σῶμα,
2847 4090 2907 4140 οὐ
2940 4090 3051 4151 σὺν,
3079 4089 3213 4142 ἀλλὰ
3237 4089 3332 4142 τοῦ
3361 4089 3494 4142 Θεοῦ
3525 4091 3732 4160 ποίημα
3751 4107 3764 4120 ·
3812 4093 3889 4160 μὴ
3920 4092 4045 4160 οάρ.

2501 4198 2580 4233 σει
2609 4181 2713 4241 ἕως
2759 4180 2859 4250 τὴν
2905 4179 3178 4248 ἀπόφασιν
3214 4178 3338 4249 δέξῃ
3375 4179 3512 4247 (10),
3545 4178 3684 4247 ὁρῶν
3715 4181 3923 4231 ἐκεῖνον
3960 4180 4047 4230 καί

2503 4273 2640 4344 μετᾶ
2684 4272 2783 4343 τὴν
2829 4274 2889 4324 ὲν
2933 4271 3012 4340 τῷ
3060 4270 3306 4341 νυμφῶνι
3361 4270 3677 4322 κατάκλισιν
3723 4271 3911 4339 χεῖρας
3959 4270 4048 4321 καὶ

2498 4363 2664 4428 πόδας
2710 4363 3091 4434 δεσμούμενον,
3139 4365 3233 4416 καὶ⁵
3270 4364 3350 4425 εἰς
3385 4361 3457 4430 ,τὸ
3490 4362 3675 4422 σκότος
3701 4361 3762 4412 τὸ
3791 4361 4046 4429 ἐξώτερον

2498 4455 2902 4526 ἐξοριζόμενον·
2955 4456 3029 4525 μὴ
3086 4455 3414 4524 ὑψαυχένει,
3471 4455 3654 4523 γήϊνος
3703 4453 3817 4505 ὤν’
3871 4453 4048 4506 πολλοὶ

2497 4548 2606 4618 γάρ
2659 4548 2753 4600 καὶ
2798 4545 2860 4610 ἐξ
2909 4543 3153 4614 οὐρανῶν
3205 4543 3506 4614 ἐρρίφησαν
3558 4542 3697 4609 ᾰγιοι
3753 4542 3851 4594 καὶ
3904 4541 4045 4594 ἇῡλοι

2497 4639 2872 4708 τυγχάνοντες.
2905 4637 3072 4689 Ὅταν
3101 4633 3279 4704 χώραν
3314 4637 3370 4686 ὲν
3413 4636 3522 4697 τοῖς
3564 4632 3754 4685 ἑαυτοῦ
3797 4635 4048 4703 ἐργάταις

2499 4729 2527 4779 ὁ
2557 4727 2763 4795 δαίμων
2788 4724 3016 4794 λήψεται
3035 4741 3049 4754 ·
3084 4725 3203 4776 τότε
3249 4723 3315 4776 ἂν
3341 4719 3453 4784 τοῖς
3493 4721 3635 4774 κατά
3666 4723 3790 4782 τοὺς
3829 4722 4044 4783 ὕπνους,

2500 4817 2532 4886 ἦ
2565 4816 2657 4867 καὶ
2689 4813 2809 4866 καθ’
2839 4813 2986 4881 ὕπαρ
3013 4811 3087 4873 ὡς
3117 4813 3174 4863 ὲν
3206 4812 3442 4880 σχήματι
3487 4808 3646 4876 δῆθεν
3691 4807 3856 4873 ἁγίου
3892 4807 4049 4874 ἀγγέ-

2501 4909 2615 4970 λου,
2664 4907 2696 4977 ῆ
2750 4907 2842 4958 καὶ
2878 4903 3148 4974 μάρτυρός
3178 4901 3794 4970 τινοςὶἐπιφαινόμενος,
3851 4914 4046 4967 μυστη-

2503 5001 2632 5070 ρίων
2679 4997 2860 5060 αὐτοῖς
2918 4993 3252 5061 ἀποκάλυψιν
3278 5032 3293 5055 ,
3351 4991 3384 5060 ἦ
3438 4988 3786 5059 χαρισμάτων
3848 4989 4047 5057 δωρεὰν

2502 5093 2830 5152 ἐπιδίδωσιν,
2859 5090 2945 5142 ἵνα
2973 5086 3343 5154 ἀπατηθέντες
3371 5083 3420 5134 oi
3445 5082 3668 5142 τάλανες
3692 5079 3914 5140 τελείως
3944 5077 4046 5128 τῶν

2503 5186 2713 5257 φρενῶν
2755 5183 3076 5237 ἐκπέσωσιν.
3125 5179 3186 5230 Ei
3217 5176 3308 5229 καὶ
3350 5175 3574 5245 μυρίους
3621 5171 3883 5230 θανάτους
3914 5168 4044 5236 ὑπὲρ

2503 5276 2737 5348 Χριστοῦ
2771 5273 3151 5342 ὑπομείνωμεν
3181 5269 3314 5338 (ll),
3343 5265 3462 5318 οὐδὲ
3504 5264 3672 5325 οὕτως
3712 5261 3773 5313 τὸ
3813 5261 4046 5348 δέον-ἀν-

2502 5345 2895 5440 επληρώσαμεν
2914 5382 2928 5394 ’
2960 5364 3084 5418 ἄλλο
3111 5362 3219 5430 γάρ
3248 5355 3385 5428 αἷμα
3409 5355 3566 5414 Θεοῦ.
3587 5355 3679 5407 καὶ
3703 5355 3890 5423 ἕτερον
3911 5345 4043 5416 αἷμα

2500 5462 2720 5522 δούλων,
2755 5457 2894 5512 κατὰ
2933 5456 2993 5510 τὸ
3035 5454 3269 5522 ἀξίωμα,
3301 5450 3394 5504 καὶ
3437 5448 3498 5500 οὐ
3529 5444 3669 5498 κατὰ
3695 5443 3794 5514 τὴν
3825 5442 4005 5494 οὑσξαν
4027 5459 4038 5465 -

2503 5553 2852 5626 συζητοῦντες
2897 5550 3120 5611 ἑαυτοὺς
3175 5547 3294 5611 ἀεὶ,
3345 5543 3439 5596 καὶ
3480 5539 3860 5609 ἀνακρίνοντες
3914 5533 4043 5603 uel;

2611 5822 2680 5885 (ὑὶ
2716 5818 3014 5874 Subtracu’o
3039 5815 3479 5885 itttcruu'tdivina'
3505 5826 3677 5864 "cuine
3709 5809 3939 5878 gratim).
