4216 6458
148 423 249 491 969

1111 418 1338 477 SCAIA
1372 413 1745 475 PARADISI.
1788 436 1855 450 -
1889 411 2194 472 GRADUS
2220 410 2442 471 XXIII.

3249 404 3352 465 970

146 536 263 595 τοὺς
314 532 419 604 πρὸ
466 531 618 601 ἡμῶν
670 529 909 599 πατέρας
961 529 1050 581 καὶ
1087 528 1397 598 φωστῆρας,
1433 526 1507 598 μὴ
1558 540 1697 578 παυ-
1724 529 1811 593 At

1691 553 1697 564 -
1724 529 1767 583 Α
1795 522 2075 593 gnitatem,
2114 536 2226 576 non
2258 532 2505 573 naturam
2538 516 2911 586 respiciamus.
2939 513 3039 569 Uhi
3074 514 3356 583 diligenter

148 622 391 692 σὼμεθα,
446 624 539 675 καὶ
583 622 700 675 τότε
746 623 1049 692 εὑρήσομεν
1098 621 1352 682 ἑαυτοὺςσ
1383 619 1515 688 μηδέ
1558 619 1691 677 ὅλως

1799 616 1851 667 in
1882 629 1980 667 nos
2022 615 2168 683 ipsos
2208 611 2671 682 inquisiverimus,
2706 619 3055 677 nostramque
3084 608 3246 661 vitam
3293 605 3359 660 ad

149 716 286 783 ἴχνος
335 712 591 785 ἀκριϐοῦς
655 712 929 773 πολιτείας
996 712 1378 780 πατήσαντας·
1452 708 1585 777 μηδέ
1635 706 1695 759 τὸ
1798 723 1814 761 t

1798 708 2042 775 exempla
2073 714 2384 761 sanctorum
2417 704 2659 768 Patrum,
2697 703 2799 772 qui
2820 711 2942 757 ante
2972 714 3075 755 nos
3115 700 3363 754 vixerunt

142 808 456 877 ἐπάγγελμα
476 806 633 868 ὁσίως
658 806 999 874 τηρήσαντας
1016 819 1029 831 ’
1060 801 1174 854 ἀλλ’
1202 802 1281 854 ἔτι
1300 801 1435 869 ἐντῇ
1458 800 1693 869 κοσμικῇ

145 899 464 952 καταστάσει
491 896 882 968 διατρίϐοντας.

1803 810 1855 853 et
1882 799 2027 853 velut
2053 814 2175 852 vera
2198 798 2387 851 mundi
2412 797 2615 850 lumina
2640 794 3111 863 resplenduerunt.
3148 790 3365 860 exigere

1805 906 1913 945 non
1960 891 2386 954 cessaverimus;
2424 897 2537 943 tum
2576 903 2705 943 vero
2748 902 2847 941 nos
2893 886 3099 939 nullum
3149 882 3365 954 penitus

144 992 419 1057 vestigium
452 993 502 1045 in
538 992 695 1047 nobis
728 990 872 1062 quod
902 999 1142 1043 teramus
1171 987 1432 1057 religiosa:
1469 996 1523 1041 et
1578 988 1734 1042 seriae
1774 988 1894 1041 vitae
1956 985 2442 1054 deprehendemus,
2485 998 2583 1037 nec
2620 982 2761 1051 quod
2797 978 3116 1049 professioni
3164 984 3368 1031 nostrae

143 1083 560 1145 satisfaciamus,
592 1083 686 1136 sed
737 1083 916 1153 potius
949 1080 1126 1135 adhuc
1161 1081 1212 1134 in
1249 1088 1393 1133 statu
1431 1080 1558 1133 vitae
1605 1081 1881 1135 saecularis
1907 1089 1961 1132 et
1989 1077 2227 1147 profanas
2258 1092 2558 1132 versemur.

209 1176 450 1246 Μοναχδς
500 1176 701 1244 κυρίως
757 1177 904 1229 ἐστὶν
945 1174 1345 1245 ἀμετεώριστον
1389 1173 1543 1243 δμμα
1600 1172 1703 1241 ψυ-

142 1271 237 1339 χῆς
270 1268 401 1339 (12),
432 1269 526 1322 καὶ
557 1268 811 1339 ἀκίνητος
844 1268 1093 1337 σώματος
1139 1266 1410 1335 αἴσθησις.
1456 1267 1705 1335 Μοναχός

143 1368 286 1413 ἐστιν
342 1360 370 1410 δ
399 1360 523 1421 τοὺς
558 1359 871 1429 πολεμίους,
917 1359 1071 1428 δίκην
1117 1357 1318 1429 θηρῶν,
1371 1356 1708 1427 προσκαλού-

144 1467 321 1519 μενος,
351 1452 442 1502 καὶ
478 1449 737 1519 ἐρεθίζων
769 1452 826 1502 ἐν
863 1449 940 1518 τῷ
972 1448 1192 1516 φεύγειν
1232 1449 1326 1500 ἀπ’
1361 1446 1546 1501 αὑτοῦ.
1593 1448 1706 1501 Μο-

141 1545 298 1614 ναχός
356 1546 503 1596 ἐστιν
542 1543 855 1604 ἀδιάστατος
895 1542 1169 1605 ἔκστασις,
1215 1541 1307 1593 καὶ
1353 1539 1497 1608 λύπη
1537 1540 1702 1609 ζωῆς.

143 1638 386 1705 Μοναχός
424 1636 569 1688 ἐστιν
617 1636 644 1688 ό
700 1634 953 1695 ποιωθεὶς
999 1637 1118 1696 ταῖς
1153 1635 1395 1703 ἀρεταῖς,
1446 1632 1518 1694 ὡς
1549 1632 1708 1694 ἄλλος

142 1732 261 1789 ταῖς
300 1728 533 1798 ἡδοναῖς.
566 1728 814 1797 Μοναχός
848 1729 996 1779 ἐστιν
1026 1725 1403 1795 ἄληκτονυφῶς
1434 1727 1490 1778 ἐν
1522 1726 1708 1795 ὀφθαλ-

145 1818 229 1889 μῷ
259 1820 503 1888 καρδίας.
545 1820 789 1889 Μοναχός
834 1820 983 1871 ἐστιν
1030 1818 1264 1879 ἄϐυσσος
1308 1817 1706 1879 ταπεινώσεως,

1877 1173 2172 1228 Monachus
2189 1172 2401 1242 proprie
2422 1184 2653 1239 vereque
2671 1166 2761 1222 ille
2783 1173 2887 1230 est,
2909 1166 3003 1236 qui
3026 1164 3225 1219 mentis
3243 1179 3370 1219 ocu-

1805 1268 1914 1322 lum
1956 1280 2229 1335 nunquam
2276 1264 2499 1325 extollit,
2529 1272 2582 1317 et
2623 1260 2868 1331 corporis
2914 1274 3136 1314 sensum
3172 1258 3369 1313 immo-

1805 1370 1918 1414 tum
1953 1359 2209 1414 cuStodit.
2239 1356 2537 1411 Monachus
2564 1362 2646 1409 est
2669 1355 2762 1424 qui
2790 1355 2991 1416 hostes,
3031 1351 3266 1405 ferarum
3298 1350 3373 1403 ri-

1806 1462 1862 1506 tu
1892 1451 2050 1522 293
2097 1451 2163 1505 ad
2208 1464 2442 1520 pugnam
2477 1455 2734 1518 provocat
2758 1454 2812 1501 et
2859 1446 3054 1507 irritat,
3088 1436 3216 1497 dum
3268 1442 3375 1495 illa:

1804 1546 2119 1614 profugiunt
2140 1543 2209 1596 ab
2242 1558 2327 1596 eo.
2367 1540 2664 1596 Monachus
2713 1548 2795 1594 est
2830 1551 3119 1609 perpetuus
3178 1535 3373 1589 mentis

1809 1651 2067 1690 excessus
2097 1641 2151 1688 et
2181 1633 2304 1688 vitae
2328 1635 2524 1688 luctus.
2555 1629 2854 1686 Monachus
2878 1630 2949 1685 ita
2980 1628 3270 1684 virtutibus
3292 1635 3376 1681 est

1812 1724 2035 1779 allectus
2064 1731 2119 1778 et
2146 1731 2499 1792 temperatus,
2538 1730 2598 1774 ut
2635 1719 2776 1773 alius
2835 1718 3197 1787 voluptatibus
3252 1731 3376 1771 cor-

1815 1824 2004 1883 ruptus
2030 1824 2085 1868 et
2114 1812 2374 1883 perditus.
2424 1810 2721 1865 Monachus
2774 1819 2856 1865 est
2905 1810 3292 1864 inexstinctum
3321 1808 3377 1862 in

143 1915 201 1963 ἐν
233 1914 369 1981 αὐτῇ
405 1915 511 1965 πᾶν
546 1910 761 1982 πνεῦμα
782 1911 1095 1982 κρημνίσας
1127 1908 1219 1963 καὶ
1248 1910 1569 1973 ἀποπνίξας.
1596 1908 1706 1976 Λή·
1744 1889 1787 1944 Β

1744 1889 1975 1961 Boculo
2000 1906 2181 1959 cordis
2228 1904 2435 1959 lumen.
2465 1902 2761 1958 Monachus
2810 1915 2893 1958 est
2946 1901 3214 1955 infinitum
3272 1901 3376 1954 hu-

143 2004 242 2073 Θην
276 2004 632 2073 πταισμάτων
660 2001 828 2072 τύφος
856 2001 1147 2073 ἐργάζεται
1172 2000 1312 2071 (ιδγ
1348 2001 1575 2053 ἐκείνων
1602 2002 1712 2069 γὰρ

146 2097 335 2165 μνήμη
410 2095 903 2165 ταπεινοφροσύνης
981 2092 1254 2163 πρόξενος.
1337 2091 1714 2162 ’Υπερηφανία

142 2190 293 2240 ἐστὶν
320 2187 519 2257 ἐσχάτη
550 2188 710 2239 πενία
736 2186 916 2255 ψυχῆς
945 2184 1056 2254 (N)
1088 2200 1101 2214 ·
1130 2184 1358 2238 πλοῦτον
1400 2185 1458 2237 ἐν
1490 2182 1713 2254 σκοτείᾳ

144 2282 365 2351 οἰομένη
398 2282 458 2332 οὐ
504 2281 659 2350 μόνον
685 2278 998 2348 προϐαίνειν
1047 2281 1146 2331 οὐκ
1189 2280 1253 2350 ἐᾷ
1279 2280 1312 2349 ἡ
1343 2277 1533 2349 μιαρά,
1582 2276 1717 2330 ἀλλὰ

144 2368 239 2421 καὶ
287 2367 379 2419 τοῦ
422 2367 587 2435 ὕψους
638 2366 985 2435 ἀπορρίπτει.
1048 2366 1423 2435 Ὑπερηφανία
1452 2364 1567 2416 ἐστὶ
1599 2362 1718 2435 ῥοιά

145 2459 348 2511 ἔσωθεν
385 2461 677 2529 σεσηπυῖα,
720 2458 918 2524 ἔξωθεν
958 2458 1015 2511 δέ
1045 2460 1108 2527 τῇ
1138 2456 1257 2527 ὥρᾳ
1299 2454 1719 2510 ἀποστίλϐουσα.

146 2551 399 2620 Μοναχὸς
427 2552 777 2621 ὑπερήφανος
806 2550 865 2602 οὑ
895 2550 1224 2620 δεηθήσεται
1248 2548 1495 2614 δαίμονος
1520 2566 1531 2575 ·
1559 2547 1721 2609 αὐτὸς

143 2642 257 2711 γάρ
309 2642 494 2694 λοιπὸν
546 2640 724 2710 ἐαυτῷ
778 2640 989 2711 δαίμων
1036 2641 1130 2693 καὶ
1159 2640 1416 2709 πολέμιος
1445 2642 1670 2706 γέγονεν
1704 2654 1718 2667 ’

145 2735 430 2804 ἀλλότριον
481 2734 579 2803 μὲν
626 2733 719 2787 τοῦ
768 2733 944 2802 φωτὸς
991 2733 1052 2785 τὸ
1099 2732 1320 2794 σκότος·
1350 2731 1629 2800 ἀλλότριος
1665 2729 1723 2781 δὲ

150 2828 247 2879 καὶ
280 2828 627 2896 ὑπερήφανος
663 2826 922 2888 παντοίας
962 2826 1179 2895 ἀρετῆς.
1236 2824 1323 2876 Ἐν
1361 2823 1723 2893 ὑπερηφάνων
1768 2818 1774 2825 ’

146 2921 397 2992 καρδίαις
420 2919 840 2990 γεννηθήσονται
868 2917 1211 2987 βλασφημίας
1234 2918 1452 2987 ῥήματα
1479 2914 1591 2984 (15)
1611 2930 1625 2944 ο
1668 2914 1725 2965 ἐν

145 3014 421 3067 ταπεινῶν
442 3014 497 3066 δὲ
521 3014 735 3082 ψυχαῖς,
752 3012 978 3082 οὐράνια
1005 3009 1357 3080 θεωρήματα.
1379 3006 1726 3059 Βδελύττιται

144 3107 301 3175 ἥλιον
332 3104 570 3174 κλέπτης
601 3104 735 3171 (16},
765 3103 1111 3173 ὑπερήφανος
1144 3101 1199 3154 δὲ
1225 3102 1417 3171 πραεῖς
1443 3096 1726 3165 ἐξουδενώ-

148 3214 252 3249 σει.
312 3196 560 3255 Ἐλαθον,
612 3193 729 3257 πῶς
753 3196 853 3246 οὑκ
901 3187 1041 3255 οῖδα,
1094 3191 1319 3253 ἑαυτοὺς
1359 3189 1724 3259 ὑπερηφάνων

146 3288 395 3340 πλεῖστοι
420 3305 433 3318 ο
478 3290 570 3341 καὶ
613 3287 865 3351 δόξαντες
914 3287 1147 3347 ἀπαθεῖς
1176 3282 1336 3348 εἶναι,
1369 3284 1468 3354 τὴν
1517 3282 1722 3336 οἰκείαν

147 3378 346 3432 πενίαν
380 3381 437 3432 ἐν
460 3378 624 3447 ἐξόδῳ
657 3378 981 3447 ἑωράκασιν.
1018 3375 1075 3429 Ὀ
1108 3374 1279 3445 ταύτῃ
1329 3374 1487 3437 ἁλοὺς
1515 3372 1723 3441 Κυρίου

144 3471 474 3540 δεηθήσεται
504 3488 518 3502 ·
576 3469 778 3539 ματαία
824 3470 930 3540 γάρ
962 3467 1091 3537 παρ’
1132 3466 1326 3536 ἐκείνῳ
1362 3465 1606 3534 σωτηρία
1635 3465 1728 3517 ἀν-

146 3556 412 3627 θρώπων.
472 3557 790 3627 Κατείληφά
849 3574 952 3609 που
994 3556 1094 3625 τὴν
1144 3554 1414 3622 ἀκέφαλον
1466 3553 1725 3620 πλανῆτιν

146 3650 423 3702 πέλουσαν
448 3651 505 3701 ἐν
534 3653 600 3718 τῇ
634 3651 738 3719 ἐμῇ
771 3648 989 3718 καρδίᾳ,
1042 3647 1137 3700 καὶ
1174 3646 1266 3699 ἐπὶ
1290 3645 1397 3698 τῶν
1433 3643 1599 3715 ὤμων
1626 3642 1726 3711 τῆς

146 3744 363 3803 οἰκείας
423 3741 626 3812 μητρὸς
679 3741 980 3809 ὀχουμένην
1006 3754 1023 3773 ο
1058 3738 1126 3801 ἃς
1168 3736 1498 3804 παγιδεύσας
1543 3733 1727 3804 δεσμῷ

147 3834 403 3902 ὑπακοῆς
444 3833 578 3901 (17),
620 3832 715 3885 καὶ
765 3831 987 3901 μάστιγι
1041 3829 1313 3891 εὐτελείας
1355 3825 1725 3897 μαστιγώσας,

144 3926 249 3993 τὴν
281 3926 341 3975 ἐν
372 3925 494 3992 ἐμοὶ
520 3924 699 3975 αὑτῶν
737 3922 941 3974 εἴσοδον
972 3919 1232 3987 ἐξήταζον
1256 3920 1436 3986 λέγειν
1461 3935 1472 3946 ·
1517 3918 1597 3971 διὸ
1634 3918 1729 3969 καὶ

149 4015 557 4085 μαστιζόμεναι
588 4015 794 4080 ἐλεγοεν
837 4013 1023 4082 Ἡμεῖς
1053 4013 1226 4083 ἀρχὴν
1256 4013 1355 4063 οὑκ
1383 4009 1729 4079 ἐχομεν,οὑδὲ

144 4109 413 4174 γέννησιν
436 4127 446 4136 ·
483 4107 743 4175 ἄρχουσαι
767 4107 874 4176 γάρ
904 4108 997 4160 καὶ
1019 4108 1333 4175 γεννήτριαι
1361 4103 1580 4157 πάντων
1620 4102 1728 4155 τῶν

146 4199 347 4251 παθῶν
380 4197 799 4269 καθεστήκαμεν
825 4216 839 4230 ·
883 4198 1187 4267 πολεμεῖδέ
1223 4199 1373 4267 ἡμᾶς
1399 4197 1459 4249 οὑ
1495 4195 1731 4266 μετρίως

147 4290 499 4360 συντριμμὸς
554 4291 785 4361 καρδίας
836 4292 894 4343 ἐν
949 4292 1192 4362 ὑποταγῇ
1246 4291 1558 4358 τικτόμενος
1591 4287 1731 4356 ’ἆρ-

144 4383 349 4451 χεσθαι
391 4382 499 4451 γάρ
529 4381 619 4433 ὑπ’
660 4382 867 4445 οὐδενὸς
908 4382 1363 4452 σεσυνηθίκαμεν.
1417 4380 1507 4431 Διὸ
1544 4379 1639 4431 καὶ
1674 4379 1731 4429 ἐν

144 4474 405 4544 οὐρανοῖς
427 4473 689 4542 ἄρχουσαι
712 4473 1225 4541 γεγονυῖαι,ἐκεῖθεν
1253 4473 1728 4542 ἀπεστατήσαμενο

1816 1998 2066 2053 militatis
2092 1996 2443 2067 profundum,
2473 2012 2580 2064 quo
2610 1996 2789 2052 omnis
2820 1996 3100 2065 improbus
3154 1994 3379 2064 spiritus

1816 2106 2051 2161 praeceps
2084 2090 2330 2143 hauritur
2372 2099 2426 2143 et
2478 2088 2794 2147 sull‘ocatur.
2840 2086 3060 2143 lnllatus
3126 2085 3379 2155 superbia

1817 2184 2033 2237 animus
2057 2192 2404 2251 peccatorum
2454 2182 2773 2236 memoriam
2799 2180 2960 2244 delet,
3012 2194 3244 2248 quorum
3291 2192 3380 2232 re-

1818 2275 2058 2330 cordatio
2082 2275 2223 2344 parit
2250 2272 2632 2327 humilitatem.
2687 2272 2949 2342 Superbia
3006 2280 3092 2326 est
3136 2279 3381 2324 extrema

1820 2371 2014 2422 animae
2037 2367 2240 2438 inopia,
2269 2382 2391 2436 quin
2428 2366 2532 2421 sihi
2579 2366 2796 2419 divitias
2824 2365 2877 2418 in
2906 2363 3147 2418 tenebris
3204 2362 3379 2433 lingit,

1821 2461 2063 2531 adeoque
2096 2468 2374 2515 exsecrata
2410 2459 2498 2513 illa
2536 2460 2730 2529 pestis,
2763 2473 2870 2511 non
2905 2458 3080 2513 solum
3132 2457 3382 2527 progredi

1822 2569 1929 2608 non
1961 2554 2091 2607 sinit
2117 2551 2647 2633 asceiidenteiii,.sed
2680 2567 2745 2605 ex
2771 2551 2880 2605 alto
2908 2550 3070 2605 etiam
3110 2550 3383 2605 deturbat.

1826 2644 2086 2713 Superbia
2142 2645 2344 2697 malum
2376 2654 2459 2699 est
2492 2644 2638 2699 intus
2668 2653 2842 2713 putre,
2906 2644 3040 2699 foris
3091 2644 3269 2699 nitens
3335 2652 3389 2697 et

1825 2736 2040 2792 ﬂorens.
2079 2736 2379 2791 Monachus
2411 2736 2677 2805 superbus
2708 2751 2814 2790 non
2859 2736 3062 2807 indiget
3109 2736 3218 2790 alio
3277 2736 3389 2791 dte-

1824 2844 2008 2889 mone.
2044 2829 2157 2898 ipse
2179 2830 2322 2883 enim
2353 2829 2455 2885 sibi
2507 2838 2591 2885 est
2626 2830 2739 2899 jam
2769 2830 2979 2885 daemon
3006 2838 3061 2884 et
3090 2830 3263 2885 hostis
3298 2828 3391 2885 -I‘a-

1825 2930 1980 2975 ctus:
2025 2934 2083 2975 ut
2117 2922 2348 2976 tenebrae
2386 2922 2575 2976 alienae
2605 2932 2733 2977 sunt
2786 2924 2855 2976 ab
2883 2922 3022 2986 luce,
3075 2923 3148 2977 ita
3197 2937 3392 2990 super-

1830 3015 1931 3068 bus
1983 3014 2052 3068 ab
2100 3015 2247 3068 omni
2306 3015 2509 3070 virtute
2557 3025 2640 3070 est
2700 3016 2930 3071 alienus.
2992 3018 3047 3069 In
3087 3016 3254 3072 corde
3298 3031 3390 3071 su—

1828 3106 2113 3175 perborum
2165 3118 2464 3162 nascuntur
2531 3107 2846 3181 blasphema
2899 3108 3084 3174 verba,
3150 3109 3203 3163 iii
3226 3108 3392 3164 corde

1831 3198 2155 3263 humilium,
2230 3200 2480 3254 caelestes
2560 3200 2984 3263 illustrationes,
3059 3200 3136 3255 uti
3219 3200 3388 3255 solem

1826 3289 1912 3343 fur
1950 3296 2250 3353 aversatur,
2277 3290 2348 3344 ita
2378 3291 2645 3359 superbus
2705 3302 3016 3347 mansuetos
3073 3294 3390 3348 contemnit.

1824 3371 2076 3440 Plerique
2113 3372 2475 3442 superborum
2512 3375 2700 3429 nescio
2754 3390 2865 3444 quo
2926 3384 3085 3444 pacto
3113 3390 3172 3431 se
3224 3376 3392 3447 ipsos,

1824 3464 1951 3517 dum
1978 3464 2185 3528 vivunt,
2224 3464 2492 3528 nesciant,
2524 3465 2652 3519 dum
2678 3467 2781 3520 sibi
2817 3466 3070 3520 videntur
3096 3468 3148 3520 in
3178 3480 3393 3521 summa

1826 3555 1994 3609 animi
2034 3556 2422 3625 tranquillitate
2463 3556 2768 3621 constituti,
2820 3560 2912 3628 qui
2944 3560 3000 3614 in
3042 3575 3267 3615 excessu
3314 3559 3397 3615 vi-

1827 3657 2072 3701 taesuam
2105 3647 2322 3701 demum
2370 3647 2604 3719 inopiam
2653 3660 2972 3720 agnoscunt.
3039 3653 3141 3718 Qui
3175 3654 3244 3707 ab
3303 3668 3396 3707 su-

1827 3737 2013 3807 perbia
2060 3750 2358 3809 occupatus
2414 3751 2497 3795 est
2548 3750 2602 3795 et
2653 3751 2867 3811 captus,
2939 3743 3145 3797 auxilio
3210 3743 3397 3798 divino

1828 3831 2050 3900 indiget,
2080 3847 2220 3885 vana
2246 3832 2389 3886 enim
2432 3834 2576 3902 apud
2623 3834 2935 3903 hujusmodi
2992 3836 3141 3891 salus
3213 3837 3396 3891 homi-

1829 3938 1980 3976 num.
2018 3921 2418 3993 Comprehendi
2456 3941 2558 3996 ego
2588 3926 2718 3981 olim
2764 3928 2905 3982 hanc
2938 3928 3114 3997 rapite
3152 3928 3396 3983 diminu-

1829 4019 1938 4062 tam
1968 4010 2434 4079 praestigiatricem
2473 4014 2616 4082 (qua:
2650 4015 2703 4069 in
2752 4016 2917 4069 corde
2970 4031 3093 4071 meo
3150 4017 3395 4073 nidulata

1832 4101 2025 4167 fuerat,
2054 4112 2109 4156 et
2138 4104 2380 4159 humeris
2429 4110 2620 4161 matris
2670 4123 2785 4162 sum
2831 4107 3149 4179 vehebatur)
3174 4118 3228 4164 et
3276 4126 3397 4164 ιπη-

1832 4192 1926 4245 has
1974 4192 2191 4245 vinculo
2216 4193 2539 4248 obedientia:
2579 4196 2929 4260 constrictas.
2971 4195 3154 4269 294,
3202 4206 3258 4253 et
3286 4198 3394 4253 uti-

1834 4281 1996 4337 litatis
2035 4298 2169 4337 mea:
2210 4282 2377 4353 ﬂagro
2425 4299 2594 4340 caesas
2618 4286 2921 4355 exprimere
2971 4288 3147 4357 coegi,
3169 4304 3279 4357 quo
3299 4304 3397 4357 pa-

1832 4386 1919 4429 cto
1953 4389 2011 4431 se
2043 4375 2097 4430 in
2129 4391 2223 4431 cor
2254 4391 2432 4431 meum
2472 4377 2866 4435 insinuassent.
2894 4376 3006 4435 Nos
3036 4395 3188 4450 ergo,
3220 4381 3398 4435 diver-

1833 4469 2033 4523 beratae
2070 4470 2306 4535 aiebant,
2371 4471 2639 4541 principio
2697 4487 2968 4536 caremus,
3018 4488 3193 4543 neque
3246 4476 3397 4528 nasci

142 4564 232 4616 διὸ
274 4565 370 4616 καὶ
424 4566 640 4618 πάντων
677 4564 976 4636 συλλήϐδην
1016 4566 1210 4629 εἰπεῖν,
1263 4566 1370 4615 των
1434 4565 1730 4633 άντιπρατ-
1760 4572 1807 4630 ο

1760 4572 1808 4630 ο
1833 4558 2091 4619 solemus,
2121 4560 2214 4613 sed
2250 4559 2494 4627 ipsazmet
2523 4574 2712 4615 sumus
2756 4561 3029 4631 principes
3051 4570 3106 4616 et
3152 4561 3395 4616 omnium

143 4656 361 4706 τόντων
423 4657 489 4725 τῇ
557 4656 1026 4726 ταπεινοφροσύνῃ
1054 4697 1069 4717 ,
1147 4656 1308 4724 ἡμεῖς
1375 4654 1688 4724 γεννήτριαι
1714 4669 1726 4680 -

143 4745 341 4796 πάντα
369 4744 480 4815 γάρ
510 4744 579 4797 τά
627 4745 809 4816 ἐκείνῃ
875 4745 1269 4816 συνεργοῦντα,
1298 4741 1432 4815 ἡμῖν
1463 4746 1728 4798 ἀντίκειν-

138 4855 263 4891 ται.
294 4837 442 4907 Πλὴν
474 4839 531 4890 ἐν
567 4837 781 4908 οὑρανῷ
807 4838 1143 4909 ’ίσχύσαμεν,
1164 4840 1259 4892 καὶ
1287 4837 1389 4891 ποῦ
1425 4837 1533 4890 ἀπὸ
1562 4854 1733 4907 προσ-

140 4930 308 4981 ώπου
346 4929 505 4998 ἡμῶν
565 4930 770 5000 φεύξῃς
812 4931 1002 4999 Ἡμεῖς
1037 4931 1294 4993 πολλάκις
1334 4930 1419 4982 ἐπ’
1467 4931 1731 4998 ἀτιμίαις,

141 5020 248 5073 καὶ
264 5019 507 5087 ὑπακοῇ,
535 5020 630 5071 καὶ
649 5020 941 5090 ἀοργησία.
967 5021 1059 5072 καὶ
1084 5018 1482 5089 ἀμνησικακία,
1506 5022 1597 5071 καὶ
1616 5019 1733 5071 δια-

141 5109 315 5179 κονίᾳ
351 5107 738 5160 ἐπακολουθεῖν
782 5109 1107 5179 πεφύκαμεν
1126 5126 1139 5138 ·
1177 5111 1208 5175 ἡ
1219 5108 1333 5177 μῶν
1363 5108 1561 5177 ἔκγονα
1586 5108 1736 5160 πτώ-

143 5215 309 5269 ματα
366 5198 791 5267 πνευματικῶν·
847 5199 1007 5269 ὀργὴ,
1053 5198 1372 5263 καταλαλιά,
1400 5199 1613 5270 πικρία,
1645 5197 1737 5251 θυ-

142 5294 283 5361 μὸς,
312 5290 553 5359 κραυγὴ,
585 5289 924 5361 βλασφημία,
954 5291 1264 5361 ὑπόκρισις,
1300 5294 1476 5360 μῖσος,
1522 5290 1732 5359 φθόνος,

138 5381 463 5450 ἀντιλογία,
491 5381 814 5453 ίδιορυθμία,
834 5383 1211 5439 ἀπείθεια.”Εν
1236 5385 1351 5436 ἐστι
1383 5385 1474 5437 καὶ
1492 5382 1651 5454 μόνον
1680 5384 1737 5433 ἐν

134 5469 187 5543 ᾧ
224 5474 539 5542 ἐπιχειρεῖν
566 5474 665 5527 οὑκ
678 5474 873 5544 ἔχομεν
893 5473 1147 5545 δύναμινο
1170 5475 1265 5527 καί⁵
1294 5475 1452 5528 τοῦτο
1485 5491 1567 5527 σοι
1632 5489 1738 5541 μα·

139 5565 479 5633 στιζόμεναι
503 5564 751 5635 λέγομεν·
780 5565 906 5620 Ἐάν
929 5566 1115 5620 ἑαυτὸν
1132 5564 1359 5621 ἐνώπιον
1375 5566 1582 5637 Κυρίου
1605 5563 1738 5617 είλιο

138 5658 367 5727 κρινώς
398 5657 755 5728 καταμέμφει,
778 5658 925 5727 ἡμᾶς
954 5658 1029 5721 ὡς
1052 5657 1294 5728 ἀράχνην
1316 5656 1567 5726 λελογίσῃ
1603 5655 1736 5724 (18).

140 5750 364 5811 Ἵππος
396 5750 496 5818 μὲν
520 5750 650 5821 γὰρ,
670 5752 745 5813 ὡς
774 5752 925 5821 ὁρᾷς,
953 5749 1328 5820 ὑπερηφανίας
1345 5748 1637 5813 κενοδοξία,
1657 5750 1738 5816 ἐφ’

140 5859 215 5922 ἢν
241 5841 561 5912 ὲπιϐέϐηκα
590 5858 603 5871 ·
636 5845 668 5914 ή
703 5844 761 5897 δέ
788 5844 909 5897 όσία
952 5844 1303 5907 ταπείνωσις,
1334 5844 1428 5896 καὶ
1464 5843 1741 5913 αὑτομεμο

484 5959 751 6020 ΡΑτιιοι..
798 5959 915 6020 Gn.
940 5957 1335 6020 LXXXVIII.

1833 4650 2089 4703 vitiorum
2126 4650 2540 4719 procreatrioes.
2574 4650 2935 4706 Vehementer
2980 4661 3164 4707 autem
3226 4667 3399 4722 oppu-

1834 4749 1961 4809 gnat
1987 4751 2042 4795 et
2095 4741 2417 4795 adversatur
2467 4742 2625 4797 nobis
2652 4744 2910 4798 contritio
2935 4744 3116 4798 cordis
3161 4759 3226 4799 ex
3266 4744 3400 4799 obe-

1834 4834 2034 4887 dientia
2075 4841 2222 4887 nata.
2250 4832 2646 4888 Consuevimus
2685 4834 2829 4889 enim
2864 4835 2997 4889 nulli
3048 4850 3256 4904 parere.
3316 4836 3402 4892 Ill-

1835 4924 1981 4977 circo
2010 4926 2063 4976 iu
2092 4924 2230 4977 caelo
2259 4938 2479 4992 quoque
2525 4924 2799 4993 principes
2831 4924 2985 4978 facta:
3042 4923 3401 4981 defectionem

1837 5015 2036 5069 molitae
2066 5029 2277 5069 sumus.
2311 5015 2496 5082 Itaque
2532 5026 2588 5068 ut
2616 5016 2799 5069 omnia
2848 5014 3016 5069 verbo
3071 5017 3403 5085 complecta-

1838 5110 1976 5171 mur,
2005 5104 2249 5184 omnium
2282 5104 2536 5158 vitiorum
2570 5121 2693 5173 quas
2748 5106 3039 5159 humilitati
3071 5117 3395 5177 repugnant,

1839 5213 1937 5251 nos
1962 5196 2230 5250 auctrices
2252 5204 2307 5249 et
2333 5196 2621 5265 genitrices
2650 5211 2863 5251 sumus.
2895 5195 3089 5251 Omnia
3114 5198 3259 5252 enim
3286 5214 3404 5265 quae.

1840 5287 2128 5342 humilitati
2165 5286 2553 5356 suﬂ‘ragantur,
2594 5288 2752 5343 nobis
2798 5288 3173 5343 adversantur.
3218 5287 3402 5343 Enim-

1836 5394 1963 5435 vero
1989 5394 2089 5433 nos
2138 5380 2192 5431 in
2226 5379 2365 5434 coelo
2404 5380 2809 5449 pmpotuimus.
2852 5390 2907 5435 et
2936 5396 3047 5451 quo
3074 5397 3105 5436 a
3138 5382 3274 5438 facie
3300 5398 3403 5437 no-

1838 5484 1949 5529 stra
1988 5473 2212 5542 fugies?
2242 5472 2353 5528 Nos
2387 5488 2494 5528 non
2541 5489 2664 5527 raro
2691 5482 2808 5543 post
2849 5475 3105 5531 toleratas
3172 5476 3407 5545 ignomi-

1840 5568 1979 5629 nias,
2017 5566 2379 5621 obedientiam
2414 5566 2735 5630 exercitam,
2785 5567 3127 5621 iracundiam
3188 5581 3407 5637 repres-

1840 5674 1978 5723 sam,
2023 5657 2255 5712 deletam
2322 5656 2648 5727 injuriarum
2735 5660 3079 5723 memoriam,
3138 5658 3311 5714 oﬂicia
3356 5669 3409 5715 et

1842 5750 2143 5805 ministeria
2206 5750 2422 5819 insequi
2494 5750 2779 5820 religiosos
2832 5753 3069 5807 solemus
3112 5771 3125 5807 :
3168 5768 3199 5807 a
3253 5751 3410 5806 nobis

1843 5859 2005 5915 porro
2037 5844 2150 5901 haec
2217 5845 2412 5901 vitiosa
2457 5848 2754 5918 progenies
2803 5855 3172 5919 propagatur-
3224 5847 3411 5916 lapsus

3025 5961 3086 6024 31
