  <div class='ocr_page' id='page_1' title='image "/cluster/home/n/w/nwhite01/storage/ocr_20150623/88/nnc1.0046980237/497.png"; bbox 0 0 4216 6458; ppageno 0'>
   <div class='ocr_carea' id='block_1_1' title="bbox 839 448 2070 516">
    <p class='ocr_par' dir='ltr' id='par_1_1' title="bbox 839 448 2070 516">
     <span class='ocr_line' id='line_1_1' title="bbox 839 448 2070 516; baseline -0.007 0"><span class='ocrx_word' id='word_1_1' title='bbox 839 451 946 516; x_wconf 78' lang='lat'><strong>975</strong></span> <span class='ocrx_word' id='word_1_2' title='bbox 2031 448 2070 507; x_wconf 91' lang='lat' dir='ltr'><strong>S</strong></span> 
     </span>
    </p>
   </div>
   <div class='ocr_carea' id='block_1_2' title="bbox 2145 447 2807 512">
    <p class='ocr_par' dir='ltr' id='par_1_2' title="bbox 2145 447 2807 512">
     <span class='ocr_line' id='line_1_2' title="bbox 2145 447 2807 512; baseline 0.006 -4"><span class='ocrx_word' id='word_1_3' title='bbox 2145 447 2380 508; x_wconf 77' lang='lat' dir='ltr'><strong>JOANN</strong></span> <span class='ocrx_word' id='word_1_4' title='bbox 2398 448 2465 507; x_wconf 84' lang='lat' dir='ltr'><strong>IS</strong></span> <span class='ocrx_word' id='word_1_5' title='bbox 2502 448 2807 512; x_wconf 79' lang='lat' dir='ltr'><strong>CLIMACI</strong></span> 
     </span>
    </p>
   </div>
   <div class='ocr_carea' id='block_1_3' title="bbox 3976 461 4099 523">
    <p class='ocr_par' dir='ltr' id='par_1_3' title="bbox 3976 461 4099 523">
     <span class='ocr_line' id='line_1_3' title="bbox 3976 461 4099 523; baseline -0.016 1"><span class='ocrx_word' id='word_1_6' title='bbox 3976 461 4099 523; x_wconf 79' lang='lat'><strong>9‘16</strong></span> 
     </span>
    </p>
   </div>
   <div class='ocr_carea' id='block_1_4' title="bbox 833 560 2498 642">
    <p class='ocr_par' dir='ltr' id='par_1_4' title="bbox 833 560 2472 633">
     <span class='ocr_line' id='line_1_4' title="bbox 833 560 2472 633; baseline -0.004 -12"><span class='ocrx_word' id='word_1_7' title='bbox 833 573 1074 629; x_wconf 82' lang='lat' dir='ltr'><strong>sanctos,</strong></span> <span class='ocrx_word' id='word_1_8' title='bbox 1098 570 1151 617; x_wconf 90' lang='lat' dir='ltr'><strong>et</strong></span> <span class='ocrx_word' id='word_1_9' title='bbox 1182 569 1469 633; x_wconf 79' lang='lat' dir='ltr'><strong>postquam</strong></span> <span class='ocrx_word' id='word_1_10' title='bbox 1519 560 1586 615; x_wconf 86' lang='lat' dir='ltr'><strong>ad</strong></span> <span class='ocrx_word' id='word_1_11' title='bbox 1632 560 1792 616; x_wconf 82' lang='lat' dir='ltr'><strong>linem</strong></span> <span class='ocrx_word' id='word_1_12' title='bbox 1845 572 1900 615; x_wconf 88' lang='lat' dir='ltr'><strong>et</strong></span> <span class='ocrx_word' id='word_1_13' title='bbox 1925 569 2229 616; x_wconf 74' lang='lat' dir='ltr'><strong>extremum</strong></span> <span class='ocrx_word' id='word_1_14' title='bbox 2285 577 2395 615; x_wconf 80' lang='lat' dir='ltr'><strong>tna-</strong></span> <span class='ocrx_word' id='word_1_15' title='bbox 2427 570 2472 624; x_wconf 82' lang='grc' dir='ltr'><strong>Α</strong></span> 
     </span>
    </p>
   </div>
   <div class='ocr_carea' id='block_1_5' title="bbox 2428 560 4093 642">
    <p class='ocr_par' dir='ltr' id='par_1_5' title="bbox 2428 565 4093 642">
     <span class='ocr_line' id='line_1_5' title="bbox 2428 565 4093 642; baseline 0.007 -26"><span class='ocrx_word' id='word_1_16' title='bbox 2428 570 2472 624; x_wconf 83' lang='grc' dir='ltr'><strong>Α</strong></span> <span class='ocrx_word' id='word_1_17' title='bbox 2500 581 2648 617; x_wconf 84' lang='grc' dir='ltr'>νεται</span> <span class='ocrx_word' id='word_1_18' title='bbox 2669 565 2770 634; x_wconf 85' lang='grc' dir='ltr'>τὴν</span> <span class='ocrx_word' id='word_1_19' title='bbox 2801 566 3025 638; x_wconf 82' lang='grc' dir='ltr'><strong>καρδίαν</strong></span> <span class='ocrx_word' id='word_1_20' title='bbox 3055 568 3190 637; x_wconf 74' lang='grc' dir='ltr'>πρὸς</span> <span class='ocrx_word' id='word_1_21' title='bbox 3221 567 3342 630; x_wconf 69' lang='grc' dir='ltr'>τοὺς</span> <span class='ocrx_word' id='word_1_22' title='bbox 3372 570 3559 638; x_wconf 77' lang='grc' dir='ltr'>ἁγίους</span> <span class='ocrx_word' id='word_1_23' title='bbox 3592 587 3604 600; x_wconf 88' lang='grc'>·</span> <span class='ocrx_word' id='word_1_24' title='bbox 3633 572 3724 625; x_wconf 73' lang='grc' dir='ltr'><strong>καὶ</strong></span> <span class='ocrx_word' id='word_1_25' title='bbox 3742 573 3799 624; x_wconf 78' lang='grc' dir='ltr'>ἐν</span> <span class='ocrx_word' id='word_1_26' title='bbox 3832 571 3910 642; x_wconf 82' lang='grc' dir='ltr'><strong>τῷ</strong></span> <span class='ocrx_word' id='word_1_27' title='bbox 3939 575 4093 629; x_wconf 78' lang='grc' dir='ltr'>τέλει</span> 
     </span>
    </p>
   </div>
   <div class='ocr_carea' id='block_1_6' title="bbox 832 652 2399 722">
    <p class='ocr_par' dir='ltr' id='par_1_6' title="bbox 832 652 2399 722">
     <span class='ocr_line' id='line_1_6' title="bbox 832 652 2399 722; baseline -0.002 -12"><span class='ocrx_word' id='word_1_28' title='bbox 832 656 1010 711; x_wconf 86' lang='lat' dir='ltr'><strong>lorum</strong></span> <span class='ocrx_word' id='word_1_29' title='bbox 1061 668 1283 708; x_wconf 85' lang='lat' dir='ltr'><strong>suorum</strong></span> <span class='ocrx_word' id='word_1_30' title='bbox 1313 654 1577 722; x_wconf 89' lang='lat' dir='ltr'><strong>pervenit,</strong></span> <span class='ocrx_word' id='word_1_31' title='bbox 1615 653 1691 706; x_wconf 82' lang='lat' dir='ltr'><strong>.iu</strong></span> <span class='ocrx_word' id='word_1_32' title='bbox 1720 652 2022 721; x_wconf 81' lang='lat' dir='ltr'><strong>improbam</strong></span> <span class='ocrx_word' id='word_1_33' title='bbox 2085 653 2273 708; x_wconf 83' lang='lat' dir='ltr'><strong>incidit</strong></span> <span class='ocrx_word' id='word_1_34' title='bbox 2307 669 2399 707; x_wconf 74' lang='grc' dir='ltr'><strong>ςυ-</strong></span> 
     </span>
    </p>
   </div>
   <div class='ocr_carea' id='block_1_7' title="bbox 832 743 1841 818">
    <p class='ocr_par' dir='ltr' id='par_1_7' title="bbox 832 743 1841 818">
     <span class='ocr_line' id='line_1_7' title="bbox 832 743 1841 818; baseline -0.005 -14"><span class='ocrx_word' id='word_1_35' title='bbox 832 747 1072 818; x_wconf 87' lang='lat' dir='ltr'><strong>perbiam</strong></span> <span class='ocrx_word' id='word_1_36' title='bbox 1120 755 1174 801; x_wconf 86' lang='lat' dir='ltr'><strong>et</strong></span> <span class='ocrx_word' id='word_1_37' title='bbox 1208 745 1486 799; x_wconf 91' lang='lat' dir='ltr'><strong>libidinem</strong></span> <span class='ocrx_word' id='word_1_38' title='bbox 1524 743 1841 800; x_wconf 72' lang='lat' dir='ltr'><strong>mentiendi.</strong></span> 
     </span>
    </p>
   </div>
   <div class='ocr_carea' id='block_1_8' title="bbox 1420 836 1806 894">
    <p class='ocr_par' dir='ltr' id='par_1_8' title="bbox 1420 836 1806 894">
     <span class='ocr_line' id='line_1_8' title="bbox 1420 836 1806 894; baseline 0 -1"><span class='ocrx_word' id='word_1_39' title='bbox 1420 836 1665 893; x_wconf 81' lang='lat' dir='ltr'><strong>Scholion</strong></span> <span class='ocrx_word' id='word_1_40' title='bbox 1716 837 1806 894; x_wconf 81' lang='lat' dir='ltr'><strong>l7.</strong></span> 
     </span>
    </p>
   </div>
   <div class='ocr_carea' id='block_1_9' title="bbox 903 928 2398 1000">
    <p class='ocr_par' dir='ltr' id='par_1_9' title="bbox 903 928 2398 1000">
     <span class='ocr_line' id='line_1_9' title="bbox 903 928 2398 1000; baseline -0.003 -13"><span class='ocrx_word' id='word_1_41' title='bbox 903 929 1139 987; x_wconf 88' lang='lat' dir='ltr'><strong>Observa</strong></span> <span class='ocrx_word' id='word_1_42' title='bbox 1171 930 1313 1000; x_wconf 87' lang='lat' dir='ltr'><strong>quod</strong></span> <span class='ocrx_word' id='word_1_43' title='bbox 1342 932 1675 985; x_wconf 85' lang='lat' dir='ltr'><strong>voluntatem</strong></span> <span class='ocrx_word' id='word_1_44' title='bbox 1708 944 1863 985; x_wconf 87' lang='lat' dir='ltr'><strong>suam</strong></span> <span class='ocrx_word' id='word_1_45' title='bbox 1895 942 2018 983; x_wconf 91' lang='lat' dir='ltr'><strong>cum</strong></span> <span class='ocrx_word' id='word_1_46' title='bbox 2049 928 2274 983; x_wconf 89' lang='lat' dir='ltr'><strong>scientia</strong></span> <span class='ocrx_word' id='word_1_47' title='bbox 2303 943 2398 982; x_wconf 91' lang='lat' dir='ltr'><strong>seu</strong></span> 
     </span>
    </p>
   </div>
   <div class='ocr_carea' id='block_1_10' title="bbox 828 1019 2400 1091">
    <p class='ocr_par' dir='ltr' id='par_1_10' title="bbox 828 1019 2400 1091">
     <span class='ocr_line' id='line_1_10' title="bbox 828 1019 2400 1091; baseline -0.002 -17"><span class='ocrx_word' id='word_1_48' title='bbox 828 1021 1113 1091; x_wconf 85' lang='lat' dir='ltr'><strong>prudentia</strong></span> <span class='ocrx_word' id='word_1_49' title='bbox 1134 1021 1476 1076; x_wconf 90' lang='lat' dir='ltr'><strong>committere</strong></span> <span class='ocrx_word' id='word_1_50' title='bbox 1507 1020 1781 1091; x_wconf 80' lang='lat' dir='ltr'><strong>proximo,</strong></span> <span class='ocrx_word' id='word_1_51' title='bbox 1832 1020 1947 1074; x_wconf 65' lang='lat' dir='ltr'><strong>haec</strong></span> <span class='ocrx_word' id='word_1_52' title='bbox 1983 1033 2113 1074; x_wconf 84' lang='lat' dir='ltr'><strong>vera</strong></span> <span class='ocrx_word' id='word_1_53' title='bbox 2168 1019 2240 1074; x_wconf 85' lang='lat' dir='ltr'><strong>sit</strong></span> <span class='ocrx_word' id='word_1_54' title='bbox 2294 1019 2400 1072; x_wconf 93' lang='lat' dir='ltr'><strong>hu-</strong></span> 
     </span>
    </p>
   </div>
   <div class='ocr_carea' id='block_1_11' title="bbox 828 1112 1046 1167">
    <p class='ocr_par' dir='ltr' id='par_1_11' title="bbox 828 1112 1046 1167">
     <span class='ocr_line' id='line_1_11' title="bbox 828 1112 1046 1167; baseline 0 0"><span class='ocrx_word' id='word_1_55' title='bbox 828 1112 1046 1167; x_wconf 86' lang='lat' dir='ltr'><strong>militas.</strong></span> 
     </span>
    </p>
   </div>
   <div class='ocr_carea' id='block_1_12' title="bbox 1408 1202 1771 1258">
    <p class='ocr_par' dir='ltr' id='par_1_12' title="bbox 1408 1202 1771 1258">
     <span class='ocr_line' id='line_1_12' title="bbox 1408 1202 1771 1258; baseline -0.003 0"><span class='ocrx_word' id='word_1_56' title='bbox 1408 1202 1655 1258; x_wconf 79' lang='lat' dir='ltr'><strong>Scholion</strong></span> <span class='ocrx_word' id='word_1_57' title='bbox 1668 1202 1771 1258; x_wconf 61' lang='lat'><strong>.18.</strong></span> 
     </span>
    </p>
   </div>
   <div class='ocr_carea' id='block_1_13' title="bbox 898 1295 2400 1366">
    <p class='ocr_par' dir='ltr' id='par_1_13' title="bbox 898 1295 2400 1366">
     <span class='ocr_line' id='line_1_13' title="bbox 898 1295 2400 1366; baseline -0.001 -16"><span class='ocrx_word' id='word_1_58' title='bbox 898 1295 957 1350; x_wconf 84' lang='lat' dir='ltr'><strong>Si</strong></span> <span class='ocrx_word' id='word_1_59' title='bbox 991 1310 1098 1349; x_wconf 88' lang='lat' dir='ltr'><strong>nou</strong></span> <span class='ocrx_word' id='word_1_60' title='bbox 1142 1295 1225 1349; x_wconf 87' lang='lat' dir='ltr'><strong>vis</strong></span> <span class='ocrx_word' id='word_1_61' title='bbox 1275 1297 1531 1366; x_wconf 88' lang='lat' dir='ltr'><strong>occupari</strong></span> <span class='ocrx_word' id='word_1_62' title='bbox 1557 1304 1610 1350; x_wconf 91' lang='lat' dir='ltr'><strong>et</strong></span> <span class='ocrx_word' id='word_1_63' title='bbox 1641 1295 1819 1362; x_wconf 84' lang='lat' dir='ltr'><strong>subigi</strong></span> <span class='ocrx_word' id='word_1_64' title='bbox 1861 1309 1893 1350; x_wconf 87' lang='lat' dir='ltr'><strong>a</strong></span> <span class='ocrx_word' id='word_1_65' title='bbox 1927 1295 2182 1365; x_wconf 80' lang='lat' dir='ltr'><strong>malignis</strong></span> <span class='ocrx_word' id='word_1_66' title='bbox 2235 1295 2400 1366; x_wconf 88' lang='lat' dir='ltr'><strong>spiri-</strong></span> 
     </span>
    </p>
   </div>
   <div class='ocr_carea' id='block_1_14' title="bbox 831 1387 2399 1460">
    <p class='ocr_par' dir='ltr' id='par_1_14' title="bbox 831 1387 2399 1460">
     <span class='ocr_line' id='line_1_14' title="bbox 831 1387 2399 1460; baseline -0.001 -18"><span class='ocrx_word' id='word_1_67' title='bbox 831 1388 977 1443; x_wconf 87' lang='lat' dir='ltr'><strong>tibus</strong></span> <span class='ocrx_word' id='word_1_68' title='bbox 1017 1387 1485 1460; x_wconf 76' lang='lat' dir='ltr'><strong>[cogitationibus]</strong></span> <span class='ocrx_word' id='word_1_69' title='bbox 1520 1399 1891 1458; x_wconf 90' lang='lat' dir='ltr'><strong>contemptum</strong></span> <span class='ocrx_word' id='word_1_70' title='bbox 1920 1388 2182 1453; x_wconf 89' lang='lat' dir='ltr'><strong>auimi,et</strong></span> <span class='ocrx_word' id='word_1_71' title='bbox 2206 1402 2399 1457; x_wconf 89' lang='lat' dir='ltr'><strong>corpo-</strong></span> 
     </span>
    </p>
   </div>
   <div class='ocr_carea' id='block_1_15' title="bbox 829 1478 2397 1551">
    <p class='ocr_par' dir='ltr' id='par_1_15' title="bbox 829 1478 2397 1551">
     <span class='ocr_line' id='line_1_15' title="bbox 829 1478 2397 1551; baseline -0.003 -15"><span class='ocrx_word' id='word_1_72' title='bbox 829 1482 904 1536; x_wconf 90' lang='lat' dir='ltr'><strong>ris</strong></span> <span class='ocrx_word' id='word_1_73' title='bbox 932 1478 1334 1536; x_wconf 81' lang='lat' dir='ltr'><strong>alllictatiouem</strong></span> <span class='ocrx_word' id='word_1_74' title='bbox 1371 1481 1607 1551; x_wconf 90' lang='lat' dir='ltr'><strong>suspice,</strong></span> <span class='ocrx_word' id='word_1_75' title='bbox 1641 1489 1696 1535; x_wconf 89' lang='lat' dir='ltr'><strong>et</strong></span> <span class='ocrx_word' id='word_1_76' title='bbox 1745 1482 1847 1533; x_wconf 89' lang='lat' dir='ltr'><strong>hoc</strong></span> <span class='ocrx_word' id='word_1_77' title='bbox 1878 1494 1984 1533; x_wconf 90' lang='lat' dir='ltr'><strong>non</strong></span> <span class='ocrx_word' id='word_1_78' title='bbox 2056 1478 2289 1533; x_wconf 89' lang='lat' dir='ltr'><strong>subinde</strong></span> <span class='ocrx_word' id='word_1_79' title='bbox 2343 1488 2397 1532; x_wconf 87' lang='lat' dir='ltr'><strong>et</strong></span> 
     </span>
    </p>
   </div>
   <div class='ocr_carea' id='block_1_16' title="bbox 828 1568 2289 1643">
    <p class='ocr_par' dir='ltr' id='par_1_16' title="bbox 828 1568 2289 1643">
     <span class='ocr_line' id='line_1_16' title="bbox 828 1568 2289 1643; baseline -0.003 -16"><span class='ocrx_word' id='word_1_80' title='bbox 828 1571 1124 1643; x_wconf 87' lang='lat' dir='ltr'><strong>sigillatim,</strong></span> <span class='ocrx_word' id='word_1_81' title='bbox 1155 1570 1249 1627; x_wconf 88' lang='lat' dir='ltr'><strong>sed</strong></span> <span class='ocrx_word' id='word_1_82' title='bbox 1281 1570 1334 1625; x_wconf 88' lang='lat' dir='ltr'><strong>in</strong></span> <span class='ocrx_word' id='word_1_83' title='bbox 1362 1569 1509 1624; x_wconf 89' lang='lat' dir='ltr'><strong>omni</strong></span> <span class='ocrx_word' id='word_1_84' title='bbox 1543 1571 1665 1626; x_wconf 89' lang='lat' dir='ltr'><strong>loco</strong></span> <span class='ocrx_word' id='word_1_85' title='bbox 1696 1579 1750 1625; x_wconf 92' lang='lat' dir='ltr'><strong>et</strong></span> <span class='ocrx_word' id='word_1_86' title='bbox 1799 1568 2088 1624; x_wconf 87' lang='lat' dir='ltr'><strong>occasione</strong></span> <span class='ocrx_word' id='word_1_87' title='bbox 2121 1576 2175 1623; x_wconf 86' lang='lat' dir='ltr'><strong>et</strong></span> <span class='ocrx_word' id='word_1_88' title='bbox 2210 1582 2289 1623; x_wconf 89' lang='lat' dir='ltr'><strong>re.</strong></span> 
     </span>
    </p>
   </div>
   <div class='ocr_carea' id='block_1_17' title="bbox 1418 1657 1806 1716">
    <p class='ocr_par' dir='ltr' id='par_1_17' title="bbox 1418 1657 1806 1716">
     <span class='ocr_line' id='line_1_17' title="bbox 1418 1657 1806 1716; baseline -0.013 0"><span class='ocrx_word' id='word_1_89' title='bbox 1418 1660 1666 1716; x_wconf 78' lang='lat' dir='ltr'><strong>Scholion</strong></span> <span class='ocrx_word' id='word_1_90' title='bbox 1719 1657 1806 1714; x_wconf 74' lang='lat' dir='ltr'><strong>l9.</strong></span> 
     </span>
    </p>
   </div>
   <div class='ocr_carea' id='block_1_18' title="bbox 894 1752 2395 1824">
    <p class='ocr_par' dir='ltr' id='par_1_18' title="bbox 894 1752 2395 1824">
     <span class='ocr_line' id='line_1_18' title="bbox 894 1752 2395 1824; baseline -0.004 -15"><span class='ocrx_word' id='word_1_91' title='bbox 894 1754 1036 1811; x_wconf 90' lang='lat' dir='ltr'><strong>Fieri</strong></span> <span class='ocrx_word' id='word_1_92' title='bbox 1078 1769 1187 1809; x_wconf 89' lang='lat' dir='ltr'><strong>non</strong></span> <span class='ocrx_word' id='word_1_93' title='bbox 1221 1761 1400 1824; x_wconf 82' lang='lat' dir='ltr'><strong>potest</strong></span> <span class='ocrx_word' id='word_1_94' title='bbox 1440 1764 1520 1817; x_wconf 91' lang='lat' dir='ltr'><strong>ut,</strong></span> <span class='ocrx_word' id='word_1_95' title='bbox 1567 1752 1659 1821; x_wconf 89' lang='lat' dir='ltr'><strong>qui</strong></span> <span class='ocrx_word' id='word_1_96' title='bbox 1695 1765 1802 1806; x_wconf 91' lang='lat' dir='ltr'><strong>non</strong></span> <span class='ocrx_word' id='word_1_97' title='bbox 1850 1764 1977 1820; x_wconf 84' lang='lat' dir='ltr'><strong>erga</strong></span> <span class='ocrx_word' id='word_1_98' title='bbox 2040 1763 2234 1804; x_wconf 86' lang='lat' dir='ltr'><strong>omnes</strong></span> <span class='ocrx_word' id='word_1_99' title='bbox 2293 1763 2395 1818; x_wconf 91' lang='lat' dir='ltr'><strong>pro</strong></span> 
     </span>
    </p>
   </div>
   <div class='ocr_carea' id='block_1_19' title="bbox 825 1836 2397 1911">
    <p class='ocr_par' dir='ltr' id='par_1_19' title="bbox 825 1836 2397 1911">
     <span class='ocr_line' id='line_1_19' title="bbox 825 1836 2397 1911; baseline -0.006 -12"><span class='ocrx_word' id='word_1_100' title='bbox 825 1855 1064 1900; x_wconf 86' lang='lat' dir='ltr'><strong>extrema</strong></span> <span class='ocrx_word' id='word_1_101' title='bbox 1093 1859 1190 1899; x_wconf 88' lang='lat' dir='ltr'><strong>sua</strong></span> <span class='ocrx_word' id='word_1_102' title='bbox 1224 1842 1479 1898; x_wconf 79' lang='lat' dir='ltr'><strong>facultate</strong></span> <span class='ocrx_word' id='word_1_103' title='bbox 1494 1851 1696 1896; x_wconf 88' lang='lat' dir='ltr'><strong>metum</strong></span> <span class='ocrx_word' id='word_1_104' title='bbox 1726 1836 2177 1911; x_wconf 81' lang='lat' dir='ltr'><strong>[venerationem]</strong></span> <span class='ocrx_word' id='word_1_105' title='bbox 2207 1851 2397 1908; x_wconf 74' lang='lat' dir='ltr'><strong>quein-</strong></span> 
     </span>
    </p>
   </div>
   <div class='ocr_carea' id='block_1_20' title="bbox 2503 647 4093 728">
    <p class='ocr_par' dir='ltr' id='par_1_20' title="bbox 2503 647 4093 728">
     <span class='ocr_line' id='line_1_20' title="bbox 2503 647 4093 728; baseline 0.007 -28"><span class='ocrx_word' id='word_1_106' title='bbox 2503 647 2612 701; x_wconf 85' lang='grc' dir='ltr'><strong>τῶν</strong></span> <span class='ocrx_word' id='word_1_107' title='bbox 2647 649 2835 704; x_wconf 81' lang='grc' dir='ltr'>κακῶν</span> <span class='ocrx_word' id='word_1_108' title='bbox 2882 650 3080 711; x_wconf 84' lang='grc' dir='ltr'>αὐτοῦ.</span> <span class='ocrx_word' id='word_1_109' title='bbox 3132 654 3210 714; x_wconf 78' lang='grc' dir='ltr'><strong>εἰς</strong></span> <span class='ocrx_word' id='word_1_110' title='bbox 3258 653 3710 726; x_wconf 66' lang='grc' dir='ltr'>ύψηλοφροσύνην</span> <span class='ocrx_word' id='word_1_111' title='bbox 3758 657 4093 728; x_wconf 79' lang='grc' dir='ltr'>περιπίπτει</span> 
     </span>
    </p>
   </div>
   <div class='ocr_carea' id='block_1_21' title="bbox 2505 740 3601 813">
    <p class='ocr_par' dir='ltr' id='par_1_21' title="bbox 2505 740 3601 813">
     <span class='ocr_line' id='line_1_21' title="bbox 2505 740 3601 813; baseline 0.005 -22"><span class='ocrx_word' id='word_1_112' title='bbox 2505 740 2751 811; x_wconf 78' lang='grc' dir='ltr'>πονηρὰν</span> <span class='ocrx_word' id='word_1_113' title='bbox 2777 742 2871 795; x_wconf 81' lang='grc' dir='ltr'>καὶ</span> <span class='ocrx_word' id='word_1_114' title='bbox 2892 741 3148 813; x_wconf 78' lang='grc' dir='ltr'>φροντίδα</span> <span class='ocrx_word' id='word_1_115' title='bbox 3171 740 3265 794; x_wconf 63' lang='grc' dir='ltr'>τοῦ</span> <span class='ocrx_word' id='word_1_116' title='bbox 3290 742 3601 812; x_wconf 76' lang='grc' dir='ltr'>ψεύδεσθαι.</span> 
     </span>
    </p>
   </div>
   <div class='ocr_carea' id='block_1_22' title="bbox 3100 836 3478 905">
    <p class='ocr_par' dir='ltr' id='par_1_22' title="bbox 3100 836 3478 905">
     <span class='ocr_line' id='line_1_22' title="bbox 3100 836 3478 905; baseline 0.003 -16"><span class='ocrx_word' id='word_1_117' title='bbox 3100 836 3361 905; x_wconf 75' lang='grc' dir='ltr'>Σχόλιον</span> <span class='ocrx_word' id='word_1_118' title='bbox 3397 836 3478 901; x_wconf 73' lang='grc' dir='ltr'>ιζ’.</span> 
     </span>
    </p>
   </div>
   <div class='ocr_carea' id='block_1_23' title="bbox 2578 926 4094 1002">
    <p class='ocr_par' dir='ltr' id='par_1_23' title="bbox 2578 926 4094 1002">
     <span class='ocr_line' id='line_1_23' title="bbox 2578 926 4094 1002; baseline 0.005 -26"><span class='ocrx_word' id='word_1_119' title='bbox 2578 926 2741 995; x_wconf 85' lang='grc' dir='ltr'><strong>Ὅρα,</strong></span> <span class='ocrx_word' id='word_1_120' title='bbox 2774 927 2855 980; x_wconf 85' lang='grc' dir='ltr'>ὅτι</span> <span class='ocrx_word' id='word_1_121' title='bbox 2881 926 2942 981; x_wconf 59' lang='lat' dir='ltr'><strong>ea</strong></span> <span class='ocrx_word' id='word_1_122' title='bbox 2969 928 3242 982; x_wconf 85' lang='grc' dir='ltr'>ἀπολῦσαι</span> <span class='ocrx_word' id='word_1_123' title='bbox 3263 929 3324 981; x_wconf 79' lang='grc' dir='ltr'>τὸ</span> <span class='ocrx_word' id='word_1_124' title='bbox 3354 929 3571 1000; x_wconf 84' lang='grc' dir='ltr'>θέλημά</span> <span class='ocrx_word' id='word_1_125' title='bbox 3609 947 3703 984; x_wconf 87' lang='grc' dir='ltr'>σου</span> <span class='ocrx_word' id='word_1_126' title='bbox 3731 929 3811 1002; x_wconf 84' lang='grc' dir='ltr'>τῷ</span> <span class='ocrx_word' id='word_1_127' title='bbox 3851 930 4094 1000; x_wconf 76' lang='grc' dir='ltr'>πλησίον</span> 
     </span>
    </p>
   </div>
   <div class='ocr_carea' id='block_1_24' title="bbox 2502 1015 3604 1087">
    <p class='ocr_par' dir='ltr' id='par_1_24' title="bbox 2502 1015 3604 1087">
     <span class='ocr_line' id='line_1_24' title="bbox 2502 1015 3604 1087; baseline 0.009 -23"><span class='ocrx_word' id='word_1_128' title='bbox 2502 1018 2562 1065; x_wconf 75' lang='grc' dir='ltr'>ὲν</span> <span class='ocrx_word' id='word_1_129' title='bbox 2588 1015 2809 1081; x_wconf 82' lang='grc' dir='ltr'><strong>γνώσει,</strong></span> <span class='ocrx_word' id='word_1_130' title='bbox 2837 1015 2977 1087; x_wconf 81' lang='grc' dir='ltr'>αὕτη</span> <span class='ocrx_word' id='word_1_131' title='bbox 3006 1017 3156 1071; x_wconf 75' lang='grc' dir='ltr'>ἐστὶν</span> <span class='ocrx_word' id='word_1_132' title='bbox 3182 1021 3216 1087; x_wconf 86' lang='grc' dir='ltr'>ἠ</span> <span class='ocrx_word' id='word_1_133' title='bbox 3256 1018 3604 1083; x_wconf 78' lang='grc' dir='ltr'>ταπείνωσις.</span> 
     </span>
    </p>
   </div>
   <div class='ocr_carea' id='block_1_25' title="bbox 3084 1194 3475 1265">
    <p class='ocr_par' dir='ltr' id='par_1_25' title="bbox 3084 1194 3475 1265">
     <span class='ocr_line' id='line_1_25' title="bbox 3084 1194 3475 1265; baseline 0.01 -18"><span class='ocrx_word' id='word_1_134' title='bbox 3084 1194 3359 1262; x_wconf 75' lang='grc' dir='ltr'><strong>Μαξίμου</strong></span> <span class='ocrx_word' id='word_1_135' title='bbox 3386 1202 3475 1265; x_wconf 81' lang='grc' dir='ltr'>ιη’.</span> 
     </span>
    </p>
   </div>
   <div class='ocr_carea' id='block_1_26' title="bbox 2574 1283 4089 1363">
    <p class='ocr_par' dir='ltr' id='par_1_26' title="bbox 2574 1283 4089 1363">
     <span class='ocr_line' id='line_1_26' title="bbox 2574 1283 4089 1363; baseline 0.006 -26"><span class='ocrx_word' id='word_1_136' title='bbox 2574 1286 2635 1338; x_wconf 84' lang='grc' dir='ltr'><strong>Εἰ</strong></span> <span class='ocrx_word' id='word_1_137' title='bbox 2686 1283 2867 1355; x_wconf 84' lang='grc' dir='ltr'>βούλει</span> <span class='ocrx_word' id='word_1_138' title='bbox 2920 1288 2996 1357; x_wconf 80' lang='grc' dir='ltr'>μὴ</span> <span class='ocrx_word' id='word_1_139' title='bbox 3063 1286 3406 1356; x_wconf 74' lang='grc' dir='ltr'><strong>ἐνεργεῖσθαι</strong></span> <span class='ocrx_word' id='word_1_140' title='bbox 3461 1288 3568 1343; x_wconf 77' lang='grc' dir='ltr'><strong>ὑπὸ</strong></span> <span class='ocrx_word' id='word_1_141' title='bbox 3617 1289 3728 1344; x_wconf 87' lang='grc' dir='ltr'><strong>τῶν</strong></span> <span class='ocrx_word' id='word_1_142' title='bbox 3783 1289 4089 1363; x_wconf 78' lang='grc' dir='ltr'>πονηρῶν,</span> 
     </span>
    </p>
   </div>
   <div class='ocr_carea' id='block_1_27' title="bbox 2502 1376 4088 1455">
    <p class='ocr_par' dir='ltr' id='par_1_27' title="bbox 2502 1376 4088 1455">
     <span class='ocr_line' id='line_1_27' title="bbox 2502 1376 4088 1455; baseline 0.004 -25"><span class='ocrx_word' id='word_1_143' title='bbox 2502 1376 2845 1444; x_wconf 78' lang='grc' dir='ltr'>ξξουδένωσιν</span> <span class='ocrx_word' id='word_1_144' title='bbox 2892 1377 3072 1450; x_wconf 76' lang='grc' dir='ltr'>ψυχῆς</span> <span class='ocrx_word' id='word_1_145' title='bbox 3126 1378 3221 1433; x_wconf 85' lang='grc' dir='ltr'>καὶ</span> <span class='ocrx_word' id='word_1_146' title='bbox 3261 1378 3442 1448; x_wconf 76' lang='grc' dir='ltr'>θλίψιν</span> <span class='ocrx_word' id='word_1_147' title='bbox 3492 1381 3694 1455; x_wconf 81' lang='grc' dir='ltr'>σαρκὸς</span> <span class='ocrx_word' id='word_1_148' title='bbox 3753 1384 4088 1455; x_wconf 82' lang='grc' dir='ltr'>καταόἐχου,</span> 
     </span>
    </p>
   </div>
   <div class='ocr_carea' id='block_1_28' title="bbox 2502 1467 4092 1545">
    <p class='ocr_par' dir='ltr' id='par_1_28' title="bbox 2502 1467 4092 1545">
     <span class='ocr_line' id='line_1_28' title="bbox 2502 1467 4092 1545; baseline 0.006 -24"><span class='ocrx_word' id='word_1_149' title='bbox 2502 1467 2779 1522; x_wconf 79' lang='grc' dir='ltr'>καὶτοῦτο</span> <span class='ocrx_word' id='word_1_150' title='bbox 2847 1468 2909 1521; x_wconf 83' lang='grc' dir='ltr'>οὐ</span> <span class='ocrx_word' id='word_1_151' title='bbox 2942 1469 3208 1540; x_wconf 82' lang='grc' dir='ltr'><strong>μερικῶς,</strong></span> <span class='ocrx_word' id='word_1_152' title='bbox 3261 1470 3378 1524; x_wconf 87' lang='grc' dir='ltr'>ἀλλ’</span> <span class='ocrx_word' id='word_1_153' title='bbox 3430 1473 3524 1526; x_wconf 72' lang='grc' dir='ltr'><strong>ἐπὶ</strong></span> <span class='ocrx_word' id='word_1_154' title='bbox 3583 1474 3750 1528; x_wconf 74' lang='grc' dir='ltr'>παντὶ</span> <span class='ocrx_word' id='word_1_155' title='bbox 3775 1475 3945 1545; x_wconf 76' lang='grc' dir='ltr'><strong>τόπῳ⁵</strong></span> <span class='ocrx_word' id='word_1_156' title='bbox 3985 1477 4092 1530; x_wconf 81' lang='grc' dir='ltr'>καὶ</span> 
     </span>
    </p>
   </div>
   <div class='ocr_carea' id='block_1_29' title="bbox 2500 1558 3174 1632">
    <p class='ocr_par' dir='ltr' id='par_1_29' title="bbox 2500 1558 3174 1632">
     <span class='ocr_line' id='line_1_29' title="bbox 2500 1558 3174 1632; baseline 0.003 -20"><span class='ocrx_word' id='word_1_157' title='bbox 2500 1558 2698 1631; x_wconf 82' lang='grc' dir='ltr'>καιρῷ,</span> <span class='ocrx_word' id='word_1_158' title='bbox 2740 1558 2838 1613; x_wconf 74' lang='grc' dir='ltr'>καὶ</span> <span class='ocrx_word' id='word_1_159' title='bbox 2863 1560 3174 1632; x_wconf 80' lang='grc' dir='ltr'>πράγματι.</span> 
     </span>
    </p>
   </div>
   <div class='ocr_carea' id='block_1_30' title="bbox 3097 1654 3473 1722">
    <p class='ocr_par' dir='ltr' id='par_1_30' title="bbox 3097 1654 3473 1722">
     <span class='ocr_line' id='line_1_30' title="bbox 3097 1654 3473 1722; baseline 0.003 -14"><span class='ocrx_word' id='word_1_160' title='bbox 3097 1654 3356 1722; x_wconf 74' lang='grc' dir='ltr'>Σχόλιον</span> <span class='ocrx_word' id='word_1_161' title='bbox 3389 1656 3473 1710; x_wconf 89' lang='grc' dir='ltr'>ιθ¹.</span> 
     </span>
    </p>
   </div>
   <div class='ocr_carea' id='block_1_31' title="bbox 2582 1741 4089 1819">
    <p class='ocr_par' dir='ltr' id='par_1_31' title="bbox 2582 1741 4089 1819">
     <span class='ocr_line' id='line_1_31' title="bbox 2582 1741 4089 1819; baseline 0.005 -24"><span class='ocrx_word' id='word_1_162' title='bbox 2582 1743 2889 1813; x_wconf 83' lang='grc' dir='ltr'><strong>Ἀμήχανον</strong></span> <span class='ocrx_word' id='word_1_163' title='bbox 2916 1741 3011 1797; x_wconf 75' lang='grc' dir='ltr'>τὸν</span> <span class='ocrx_word' id='word_1_164' title='bbox 3034 1743 3111 1817; x_wconf 80' lang='grc' dir='ltr'>μὴ</span> <span class='ocrx_word' id='word_1_165' title='bbox 3131 1746 3573 1818; x_wconf 74' lang='grc' dir='ltr'>καταδεξάμενον</span> <span class='ocrx_word' id='word_1_166' title='bbox 3606 1749 3668 1802; x_wconf 75' lang='grc' dir='ltr'><strong>τὸ</strong></span> <span class='ocrx_word' id='word_1_167' title='bbox 3700 1751 3837 1819; x_wconf 81' lang='grc' dir='ltr'>πρὸς</span> <span class='ocrx_word' id='word_1_168' title='bbox 3868 1751 4089 1815; x_wconf 78' lang='grc' dir='ltr'>πάντας</span> 
     </span>
    </p>
   </div>
   <div class='ocr_carea' id='block_1_32' title="bbox 2499 1832 4088 1912">
    <p class='ocr_par' dir='ltr' id='par_1_32' title="bbox 2499 1832 4088 1912">
     <span class='ocr_line' id='line_1_32' title="bbox 2499 1832 4088 1912; baseline 0.003 -26"><span class='ocrx_word' id='word_1_169' title='bbox 2499 1833 2723 1898; x_wconf 81' lang='grc' dir='ltr'>ὑποδεὲς</span> <span class='ocrx_word' id='word_1_170' title='bbox 2748 1833 2843 1887; x_wconf 77' lang='grc' dir='ltr'>καὶ</span> <span class='ocrx_word' id='word_1_171' title='bbox 2882 1832 3111 1905; x_wconf 66' lang='grc' dir='ltr'>ἐσχατον</span> <span class='ocrx_word' id='word_1_172' title='bbox 3149 1836 3444 1909; x_wconf 82' lang='grc' dir='ltr'>δυνηθῆναί</span> <span class='ocrx_word' id='word_1_173' title='bbox 3487 1840 3694 1911; x_wconf 77' lang='grc' dir='ltr'>ποτε,ἤ</span> <span class='ocrx_word' id='word_1_174' title='bbox 3729 1839 4088 1912; x_wconf 81' lang='grc' dir='ltr'>λοιδορούμε-</span> 
     </span>
    </p>
   </div>
   <div class='ocr_carea' id='block_1_33' title="bbox 824 1916 2489 2006">
    <p class='ocr_par' dir='ltr' id='par_1_33' title="bbox 824 1916 2468 2006">
     <span class='ocr_line' id='line_1_33' title="bbox 824 1916 2468 2006; baseline -0.007 -12"><span class='ocrx_word' id='word_1_175' title='bbox 824 1940 950 1994; x_wconf 84' lang='lat' dir='ltr'><strong>dam</strong></span> <span class='ocrx_word' id='word_1_176' title='bbox 984 1936 1232 2006; x_wconf 87' lang='lat' dir='ltr'><strong>suscipit,</strong></span> <span class='ocrx_word' id='word_1_177' title='bbox 1270 1937 1354 1994; x_wconf 82' lang='lat' dir='ltr'><strong>vel</strong></span> <span class='ocrx_word' id='word_1_178' title='bbox 1380 1934 1656 1998; x_wconf 84' lang='lat' dir='ltr'><strong>convicio,</strong></span> <span class='ocrx_word' id='word_1_179' title='bbox 1687 1934 1771 1988; x_wconf 90' lang='lat' dir='ltr'><strong>vel</strong></span> <span class='ocrx_word' id='word_1_180' title='bbox 1802 1931 2130 1987; x_wconf 88' lang='lat' dir='ltr'><strong>contumelia</strong></span> <span class='ocrx_word' id='word_1_181' title='bbox 2187 1929 2394 2000; x_wconf 88' lang='lat' dir='ltr'><strong>appeti-</strong></span> <span class='ocrx_word' id='word_1_182' title='bbox 2424 1916 2468 1973; x_wconf 81' lang='grc' dir='ltr'><strong><em>Β</em></strong></span> 
     </span>
    </p>
   </div>
   <div class='ocr_carea' id='block_1_34' title="bbox 2423 1916 4088 2006">
    <p class='ocr_par' dir='ltr' id='par_1_34' title="bbox 2424 1916 4088 2005">
     <span class='ocr_line' id='line_1_34' title="bbox 2424 1916 4088 2005; baseline 0.009 -32"><span class='ocrx_word' id='word_1_183' title='bbox 2424 1916 2468 1973; x_wconf 84' lang='grc' dir='ltr'><strong><em>Β</em></strong></span> <span class='ocrx_word' id='word_1_184' title='bbox 2496 1941 2605 1991; x_wconf 85' lang='grc' dir='ltr'>νον,</span> <span class='ocrx_word' id='word_1_185' title='bbox 2646 1923 2821 1997; x_wconf 81' lang='grc' dir='ltr'>θυμοῦ</span> <span class='ocrx_word' id='word_1_186' title='bbox 2862 1927 3154 1997; x_wconf 84' lang='grc' dir='ltr'>κρατῆσαι,</span> <span class='ocrx_word' id='word_1_187' title='bbox 3186 1929 3222 2000; x_wconf 78' lang='grc' dir='ltr'><strong>ἢ</strong></span> <span class='ocrx_word' id='word_1_188' title='bbox 3249 1929 3565 2002; x_wconf 77' lang='grc' dir='ltr'>θλιϐόμενον</span> <span class='ocrx_word' id='word_1_189' title='bbox 3620 1932 3758 2003; x_wconf 84' lang='grc' dir='ltr'><strong>μετά</strong></span> <span class='ocrx_word' id='word_1_190' title='bbox 3797 1935 4088 2005; x_wconf 71' lang='grc' dir='ltr'><strong>μακροθιι⁴</strong></span> 
     </span>
    </p>
   </div>
   <div class='ocr_carea' id='block_1_35' title="bbox 826 2024 2392 2097">
    <p class='ocr_par' dir='ltr' id='par_1_35' title="bbox 826 2024 2392 2097">
     <span class='ocr_line' id='line_1_35' title="bbox 826 2024 2392 2097; baseline -0.005 -13"><span class='ocrx_word' id='word_1_191' title='bbox 826 2044 935 2094; x_wconf 85' lang='lat' dir='ltr'><strong>tus,</strong></span> <span class='ocrx_word' id='word_1_192' title='bbox 963 2031 1099 2085; x_wconf 89' lang='lat' dir='ltr'><strong>iram</strong></span> <span class='ocrx_word' id='word_1_193' title='bbox 1126 2029 1341 2097; x_wconf 88' lang='lat' dir='ltr'><strong>vincat;</strong></span> <span class='ocrx_word' id='word_1_194' title='bbox 1383 2036 1480 2084; x_wconf 88' lang='lat' dir='ltr'><strong>aut</strong></span> <span class='ocrx_word' id='word_1_195' title='bbox 1523 2026 1753 2082; x_wconf 84' lang='lat' dir='ltr'><strong>alllictus</strong></span> <span class='ocrx_word' id='word_1_196' title='bbox 1785 2039 1943 2095; x_wconf 72' lang='lat' dir='ltr'><strong>aequo</strong></span> <span class='ocrx_word' id='word_1_197' title='bbox 1972 2024 2156 2079; x_wconf 88' lang='lat' dir='ltr'><strong>animo</strong></span> <span class='ocrx_word' id='word_1_198' title='bbox 2214 2032 2392 2078; x_wconf 77' lang='lat' dir='ltr'><strong>tenta-</strong></span> 
     </span>
    </p>
   </div>
   <div class='ocr_carea' id='block_1_36' title="bbox 2498 2016 3544 2094">
    <p class='ocr_par' dir='ltr' id='par_1_36' title="bbox 2498 2016 3544 2094">
     <span class='ocr_line' id='line_1_36' title="bbox 2498 2016 3544 2094; baseline 0.006 -24"><span class='ocrx_word' id='word_1_199' title='bbox 2498 2016 2629 2087; x_wconf 88' lang='grc' dir='ltr'>μίας</span> <span class='ocrx_word' id='word_1_200' title='bbox 2652 2018 3036 2090; x_wconf 69' lang='grc' dir='ltr'>περιγενέσθαι</span> <span class='ocrx_word' id='word_1_201' title='bbox 3062 2019 3174 2074; x_wconf 86' lang='grc' dir='ltr'><strong>τῶν</strong></span> <span class='ocrx_word' id='word_1_202' title='bbox 3202 2022 3544 2094; x_wconf 85' lang='grc' dir='ltr'>πειρασμῶν.</span> 
     </span>
    </p>
   </div>
   <div class='ocr_carea' id='block_1_37' title="bbox 825 2126 1301 2194">
    <p class='ocr_par' dir='ltr' id='par_1_37' title="bbox 825 2126 1301 2194">
     <span class='ocr_line' id='line_1_37' title="bbox 825 2126 1301 2194; baseline -0.002 -16"><span class='ocrx_word' id='word_1_203' title='bbox 825 2126 1027 2180; x_wconf 78' lang='lat' dir='ltr'><strong>tionem</strong></span> <span class='ocrx_word' id='word_1_204' title='bbox 1057 2129 1301 2194; x_wconf 90' lang='lat' dir='ltr'><strong>superet.</strong></span> 
     </span>
    </p>
   </div>
   <div class='ocr_carea' id='block_1_38' title="bbox 824 2208 2396 2336">
    <p class='ocr_par' dir='ltr' id='par_1_38' title="bbox 824 2208 2396 2336">
     <span class='ocr_line' id='line_1_38' title="bbox 824 2208 2396 2336; baseline -0.006 -64"><span class='ocrx_word' id='word_1_205' title='bbox 824 2217 990 2289; x_wconf 71' lang='lat'><strong>298</strong></span> <span class='ocrx_word' id='word_1_206' title='bbox 1051 2216 1126 2271; x_wconf 82' lang='lat' dir='ltr'><strong>De</strong></span> <span class='ocrx_word' id='word_1_207' title='bbox 1177 2214 1632 2336; x_wconf 49' lang='lat' dir='ltr'><strong>inexplicabilihtlt’s</strong></span> <span class='ocrx_word' id='word_1_208' title='bbox 1695 2210 2029 2280; x_wconf 64' lang='lat' dir='ltr'><strong>blasphemia</strong></span> <span class='ocrx_word' id='word_1_209' title='bbox 2115 2208 2396 2276; x_wconf 79' lang='lat' dir='ltr'><strong>cogitatio-</strong></span> 
     </span>
     <span class='ocr_line' id='line_1_39' title="bbox 1520 2299 1673 2336; baseline 0 0"><span class='ocrx_word' id='word_1_210' title='bbox 1520 2301 1573 2336; x_wconf 71' lang='grc' dir='ltr'><strong>ιιι</strong></span> <span class='ocrx_word' id='word_1_211' title='bbox 1611 2299 1673 2336; x_wconf 77' lang='lat' dir='ltr'><strong>us</strong></span> 
     </span>
    </p>
   </div>
   <div class='ocr_carea' id='block_1_39' title="bbox 2495 2211 4086 2354">
    <p class='ocr_par' dir='ltr' id='par_1_39' title="bbox 2495 2211 4086 2354">
     <span class='ocr_line' id='line_1_40' title="bbox 2495 2211 4086 2354; baseline 0.003 -87"><span class='ocrx_word' id='word_1_212' title='bbox 2495 2211 2635 2282; x_wconf 74' lang='grc' dir='ltr'>Περὶ</span> <span class='ocrx_word' id='word_1_213' title='bbox 2661 2211 2782 2266; x_wconf 71' lang='grc' dir='ltr'>τῶν</span> <span class='ocrx_word' id='word_1_214' title='bbox 2808 2212 3243 2337; x_wconf 52' lang='grc' dir='ltr'>ἀνεκφράστωῖ</span> <span class='ocrx_word' id='word_1_215' title='bbox 3285 2213 3595 2354; x_wconf 49' lang='grc' dir='ltr'>λῖγῖσμῶν</span> <span class='ocrx_word' id='word_1_216' title='bbox 3628 2215 3739 2285; x_wconf 83' lang='grc' dir='ltr'>τῆς</span> <span class='ocrx_word' id='word_1_217' title='bbox 3777 2215 4086 2287; x_wconf 74' lang='grc' dir='ltr'>,βλασφη-</span> 
     </span>
     <span class='ocr_line' id='line_1_41' title="bbox 3174 2301 3448 2352; baseline 0 -14"><span class='ocrx_word' id='word_1_218' title='bbox 3174 2302 3213 2352; x_wconf 83' lang='grc' dir='ltr'><strong>μ</strong></span> <span class='ocrx_word' id='word_1_219' title='bbox 3240 2301 3315 2351; x_wconf 83' lang='grc' dir='ltr'><strong>ας</strong></span> <span class='ocrx_word' id='word_1_220' title='bbox 3370 2302 3403 2337; x_wconf 89' lang='lat' dir='ltr'><strong>a</strong></span> <span class='ocrx_word' id='word_1_221' title='bbox 3432 2322 3448 2338; x_wconf 94' lang='lat'><strong>.</strong></span> 
     </span>
    </p>
   </div>
   <div class='ocr_carea' id='block_1_40' title="bbox 3174 2292 3448 2356">
    <p class='ocr_par' dir='ltr' id='par_1_40' title="bbox 3174 2292 3448 2356">
     <span class='ocr_line' id='line_1_42' title="bbox 3174 2292 3448 2356; baseline 0.007 -4"><span class='ocrx_word' id='word_1_222' title='bbox 3174 2292 3315 2352; x_wconf 81' lang='grc' dir='ltr'>μίας</span> <span class='ocrx_word' id='word_1_223' title='bbox 3347 2292 3448 2356; x_wconf 73' lang='lat' dir='ltr'><strong>la)-</strong></span> 
     </span>
    </p>
   </div>
   <div class='ocr_carea' id='block_1_41' title="bbox 2562 2373 4087 2448">
    <p class='ocr_par' dir='ltr' id='par_1_41' title="bbox 2562 2373 4087 2448">
     <span class='ocr_line' id='line_1_43' title="bbox 2562 2373 4087 2448; baseline 0.002 -19"><span class='ocrx_word' id='word_1_224' title='bbox 2562 2374 2822 2447; x_wconf 81' lang='grc' dir='ltr'>Χαλεπῆς</span> <span class='ocrx_word' id='word_1_225' title='bbox 2855 2373 3016 2446; x_wconf 74' lang='grc' dir='ltr'>ῥίζης</span> <span class='ocrx_word' id='word_1_226' title='bbox 3067 2376 3165 2429; x_wconf 75' lang='grc' dir='ltr'>καὶ</span> <span class='ocrx_word' id='word_1_227' title='bbox 3206 2373 3418 2447; x_wconf 80' lang='grc' dir='ltr'>μητρὸς</span> <span class='ocrx_word' id='word_1_228' title='bbox 3449 2375 3833 2448; x_wconf 79' lang='grc' dir='ltr'>χαλεπώτατον</span> <span class='ocrx_word' id='word_1_229' title='bbox 3869 2377 4087 2447; x_wconf 75' lang='grc' dir='ltr'>ἀπότο-</span> 
     </span>
    </p>
   </div>
   <div class='ocr_carea' id='block_1_42' title="bbox 2496 2462 4086 2540">
    <p class='ocr_par' dir='ltr' id='par_1_42' title="bbox 2496 2462 4086 2540">
     <span class='ocr_line' id='line_1_44' title="bbox 2496 2462 4086 2540; baseline -0.004 -17"><span class='ocrx_word' id='word_1_230' title='bbox 2496 2483 2586 2523; x_wconf 86' lang='grc' dir='ltr'><strong>νον</strong></span> <span class='ocrx_word' id='word_1_231' title='bbox 2614 2462 2753 2521; x_wconf 78' lang='grc' dir='ltr'>εἶναι</span> <span class='ocrx_word' id='word_1_232' title='bbox 2781 2467 2841 2519; x_wconf 80' lang='grc' dir='ltr'>ὲν</span> <span class='ocrx_word' id='word_1_233' title='bbox 2871 2469 2982 2532; x_wconf 86' lang='grc' dir='ltr'>τοῖς</span> <span class='ocrx_word' id='word_1_234' title='bbox 3007 2466 3277 2536; x_wconf 86' lang='grc' dir='ltr'>φθάσασιν</span> <span class='ocrx_word' id='word_1_235' title='bbox 3300 2469 3643 2540; x_wconf 83' lang='grc' dir='ltr'>ἀκηκόαμεν,</span> <span class='ocrx_word' id='word_1_236' title='bbox 3687 2468 3832 2537; x_wconf 77' lang='grc' dir='ltr'>λέγω</span> <span class='ocrx_word' id='word_1_237' title='bbox 3871 2468 3936 2540; x_wconf 77' lang='grc' dir='ltr'>δὴ</span> <span class='ocrx_word' id='word_1_238' title='bbox 3971 2469 4086 2539; x_wconf 76' lang='grc' dir='ltr'>τῆς</span> 
     </span>
    </p>
   </div>
   <div class='ocr_carea' id='block_1_43' title="bbox 2498 2561 4084 2633">
    <p class='ocr_par' dir='ltr' id='par_1_43' title="bbox 2498 2561 4084 2633">
     <span class='ocr_line' id='line_1_45' title="bbox 2498 2561 4084 2633; baseline 0.001 -19"><span class='ocrx_word' id='word_1_239' title='bbox 2498 2563 2704 2633; x_wconf 76' lang='grc' dir='ltr'>μιαρᾶς</span> <span class='ocrx_word' id='word_1_240' title='bbox 2735 2562 3118 2632; x_wconf 72' lang='grc' dir='ltr'>ὑπερηφανίας</span> <span class='ocrx_word' id='word_1_241' title='bbox 3154 2561 3396 2633; x_wconf 70' lang='grc' dir='ltr'>ἄρρητον</span> <span class='ocrx_word' id='word_1_242' title='bbox 3420 2562 3522 2632; x_wconf 83' lang='grc' dir='ltr'>τῆς</span> <span class='ocrx_word' id='word_1_243' title='bbox 3550 2561 3899 2632; x_wconf 80' lang='grc' dir='ltr'>βλασφημίας</span> <span class='ocrx_word' id='word_1_244' title='bbox 3931 2562 4084 2615; x_wconf 69' lang='grc' dir='ltr'>ἀπό-</span> 
     </span>
    </p>
   </div>
   <div class='ocr_carea' id='block_1_44' title="bbox 2495 2652 4083 2725">
    <p class='ocr_par' dir='ltr' id='par_1_44' title="bbox 2495 2652 4083 2725">
     <span class='ocr_line' id='line_1_46' title="bbox 2495 2652 4083 2725; baseline 0.001 -20"><span class='ocrx_word' id='word_1_245' title='bbox 2495 2670 2650 2722; x_wconf 90' lang='grc' dir='ltr'>γονον</span> <span class='ocrx_word' id='word_1_246' title='bbox 2683 2670 2697 2684; x_wconf 76' lang='grc' dir='ltr'><strong>ο</strong></span> <span class='ocrx_word' id='word_1_247' title='bbox 2729 2652 2815 2707; x_wconf 81' lang='grc' dir='ltr'><strong>διδ</strong></span> <span class='ocrx_word' id='word_1_248' title='bbox 2844 2654 3142 2722; x_wconf 84' lang='grc' dir='ltr'>ἀναγκαῖον</span> <span class='ocrx_word' id='word_1_249' title='bbox 3163 2652 3327 2707; x_wconf 79' lang='grc' dir='ltr'>αὑτὸν</span> <span class='ocrx_word' id='word_1_250' title='bbox 3376 2653 3458 2717; x_wconf 89' lang='grc' dir='ltr'><strong>είς</strong></span> <span class='ocrx_word' id='word_1_251' title='bbox 3494 2655 3657 2724; x_wconf 81' lang='grc' dir='ltr'>μέσον</span> <span class='ocrx_word' id='word_1_252' title='bbox 3688 2652 3920 2725; x_wconf 76' lang='grc' dir='ltr'>ἀχθῆναι</span> <span class='ocrx_word' id='word_1_253' title='bbox 3958 2669 3975 2682; x_wconf 82' lang='grc'><em>’</em></span> <span class='ocrx_word' id='word_1_254' title='bbox 4013 2655 4083 2706; x_wconf 79' lang='grc' dir='ltr'>οὐ</span> 
     </span>
    </p>
   </div>
   <div class='ocr_carea' id='block_1_45' title="bbox 2494 2744 4087 2816">
    <p class='ocr_par' dir='ltr' id='par_1_45' title="bbox 2494 2744 4087 2816">
     <span class='ocr_line' id='line_1_47' title="bbox 2494 2744 4087 2816; baseline 0 -18"><span class='ocrx_word' id='word_1_255' title='bbox 2494 2744 2607 2816; x_wconf 84' lang='grc' dir='ltr'><strong>γὰρ</strong></span> <span class='ocrx_word' id='word_1_256' title='bbox 2628 2744 2741 2799; x_wconf 89' lang='grc' dir='ltr'><strong>τῶν</strong></span> <span class='ocrx_word' id='word_1_257' title='bbox 2768 2744 3067 2816; x_wconf 80' lang='grc' dir='ltr'><strong>τυχόντων,</strong></span> <span class='ocrx_word' id='word_1_258' title='bbox 3094 2744 3234 2798; x_wconf 86' lang='grc' dir='ltr'><strong>ἀλλά</strong></span> <span class='ocrx_word' id='word_1_259' title='bbox 3263 2761 3329 2811; x_wconf 87' lang='grc' dir='ltr'><strong>γε</strong></span> <span class='ocrx_word' id='word_1_260' title='bbox 3377 2745 3468 2800; x_wconf 74' lang='grc' dir='ltr'>καὶ</span> <span class='ocrx_word' id='word_1_261' title='bbox 3498 2745 3635 2798; x_wconf 81' lang='grc' dir='ltr'>πολὺ</span> <span class='ocrx_word' id='word_1_262' title='bbox 3669 2745 3885 2800; x_wconf 82' lang='grc' dir='ltr'>πάντων</span> <span class='ocrx_word' id='word_1_263' title='bbox 3917 2745 4087 2813; x_wconf 79' lang='grc' dir='ltr'>χαλε-</span> 
     </span>
    </p>
   </div>
   <div class='ocr_carea' id='block_1_46' title="bbox 2494 2836 4083 2909">
    <p class='ocr_par' dir='ltr' id='par_1_46' title="bbox 2494 2836 4083 2909">
     <span class='ocr_line' id='line_1_48' title="bbox 2494 2836 4083 2909; baseline 0 -18"><span class='ocrx_word' id='word_1_264' title='bbox 2494 2838 2740 2909; x_wconf 76' lang='grc' dir='ltr'>πώτερος·</span> <span class='ocrx_word' id='word_1_265' title='bbox 2768 2836 2962 2907; x_wconf 70' lang='grc' dir='ltr'>ἐχθρὸς</span> <span class='ocrx_word' id='word_1_266' title='bbox 3013 2837 3111 2891; x_wconf 78' lang='grc' dir='ltr'>καὶ</span> <span class='ocrx_word' id='word_1_267' title='bbox 3140 2837 3397 2908; x_wconf 66' lang='grc' dir='ltr'>πολέμιος</span> <span class='ocrx_word' id='word_1_268' title='bbox 3431 2836 3762 2907; x_wconf 76' lang='grc' dir='ltr'>καθέστηκε,</span> <span class='ocrx_word' id='word_1_269' title='bbox 3794 2839 3891 2891; x_wconf 81' lang='grc' dir='ltr'>καὶ</span> <span class='ocrx_word' id='word_1_270' title='bbox 3916 2837 3987 2891; x_wconf 78' lang='grc' dir='ltr'>τὸ</span> <span class='ocrx_word' id='word_1_271' title='bbox 4010 2838 4083 2909; x_wconf 80' lang='grc' dir='ltr'>δὴ</span> 
     </span>
    </p>
   </div>
   <div class='ocr_carea' id='block_1_47' title="bbox 2493 2928 4086 3002">
    <p class='ocr_par' dir='ltr' id='par_1_47' title="bbox 2493 2928 4086 3002">
     <span class='ocr_line' id='line_1_49' title="bbox 2493 2928 4086 3002; baseline -0.001 -17"><span class='ocrx_word' id='word_1_272' title='bbox 2493 2928 2872 3002; x_wconf 73' lang='grc' dir='ltr'>χαλεπάηερον</span> <span class='ocrx_word' id='word_1_273' title='bbox 2907 2930 3027 2984; x_wconf 76' lang='grc' dir='ltr'>οὐδὲ</span> <span class='ocrx_word' id='word_1_274' title='bbox 3068 2930 3311 3001; x_wconf 80' lang='grc' dir='ltr'>εὐχερῶς</span> <span class='ocrx_word' id='word_1_275' title='bbox 3334 2930 3709 3002; x_wconf 79' lang='grc' dir='ltr'>ὲκφρασθῆναι</span> <span class='ocrx_word' id='word_1_276' title='bbox 3738 2930 3834 2985; x_wconf 75' lang='grc' dir='ltr'>καὶ</span> <span class='ocrx_word' id='word_1_277' title='bbox 3878 2929 4086 3001; x_wconf 76' lang='grc' dir='ltr'>ἐξομο-</span> 
     </span>
    </p>
   </div>
   <div class='ocr_carea' id='block_1_48' title="bbox 2492 3022 4085 3096">
    <p class='ocr_par' dir='ltr' id='par_1_48' title="bbox 2492 3022 4085 3096">
     <span class='ocr_line' id='line_1_50' title="bbox 2492 3022 4085 3096; baseline 0.001 -19"><span class='ocrx_word' id='word_1_278' title='bbox 2492 3023 2811 3096; x_wconf 84' lang='grc' dir='ltr'>λογηθῆναι,</span> <span class='ocrx_word' id='word_1_279' title='bbox 2838 3023 2873 3093; x_wconf 79' lang='grc' dir='ltr'>ἦ</span> <span class='ocrx_word' id='word_1_280' title='bbox 2908 3023 3324 3094; x_wconf 78' lang='grc' dir='ltr'>στηλιτενθῆναι</span> <span class='ocrx_word' id='word_1_281' title='bbox 3373 3023 3731 3096; x_wconf 87' lang='grc' dir='ltr'>πνευματικῷ</span> <span class='ocrx_word' id='word_1_282' title='bbox 3776 3022 3950 3096; x_wconf 82' lang='grc' dir='ltr'>ίατρῷ</span> <span class='ocrx_word' id='word_1_283' title='bbox 3984 3024 4085 3078; x_wconf 81' lang='grc' dir='ltr'>δυ-</span> 
     </span>
    </p>
   </div>
   <div class='ocr_carea' id='block_1_49' title="bbox 821 3110 2486 3187">
    <p class='ocr_par' dir='ltr' id='par_1_49' title="bbox 821 3110 2390 3183">
     <span class='ocr_line' id='line_1_51' title="bbox 821 3110 2390 3183; baseline -0.005 -14"><span class='ocrx_word' id='word_1_284' title='bbox 821 3116 945 3169; x_wconf 89' lang='lat' dir='ltr'><strong>dico</strong></span> <span class='ocrx_word' id='word_1_285' title='bbox 978 3114 1202 3169; x_wconf 85' lang='lat' dir='ltr'><strong>sistatur</strong></span> <span class='ocrx_word' id='word_1_286' title='bbox 1232 3121 1288 3168; x_wconf 90' lang='lat' dir='ltr'><strong>et</strong></span> <span class='ocrx_word' id='word_1_287' title='bbox 1310 3113 1604 3183; x_wconf 82' lang='lat' dir='ltr'><strong>aperiatur.</strong></span> <span class='ocrx_word' id='word_1_288' title='bbox 1639 3110 1794 3168; x_wconf 85' lang='lat' dir='ltr'><strong>Unde</strong></span> <span class='ocrx_word' id='word_1_289' title='bbox 1850 3121 2224 3178; x_wconf 67' lang='lat' dir='ltr'><strong>saepenumero</strong></span> <span class='ocrx_word' id='word_1_290' title='bbox 2283 3123 2390 3162; x_wconf 89' lang='lat' dir='ltr'><strong>non</strong></span> 
     </span>
    </p>
   </div>
   <div class='ocr_carea' id='block_1_50' title="bbox 2416 3110 4081 3187">
    <p class='ocr_par' dir='ltr' id='par_1_50' title="bbox 2492 3113 4081 3187">
     <span class='ocr_line' id='line_1_52' title="bbox 2492 3113 4081 3187; baseline 0 -17"><span class='ocrx_word' id='word_1_291' title='bbox 2492 3118 2748 3187; x_wconf 85' lang='grc' dir='ltr'>νάμενος.</span> <span class='ocrx_word' id='word_1_292' title='bbox 2797 3116 2889 3168; x_wconf 83' lang='grc' dir='ltr'><strong>Διὸ</strong></span> <span class='ocrx_word' id='word_1_293' title='bbox 2934 3116 3031 3169; x_wconf 76' lang='grc' dir='ltr'><strong>καὶ</strong></span> <span class='ocrx_word' id='word_1_294' title='bbox 3082 3114 3300 3178; x_wconf 79' lang='grc' dir='ltr'>πολλοῖς</span> <span class='ocrx_word' id='word_1_295' title='bbox 3340 3113 3602 3180; x_wconf 81' lang='grc' dir='ltr'>πολλάκις</span> <span class='ocrx_word' id='word_1_296' title='bbox 3633 3115 3948 3183; x_wconf 78' lang='grc' dir='ltr'>ἀπόγνωσιν</span> <span class='ocrx_word' id='word_1_297' title='bbox 3975 3117 4081 3170; x_wconf 78' lang='grc' dir='ltr'>καὶ</span> 
     </span>
    </p>
   </div>
   <div class='ocr_carea' id='block_1_51' title="bbox 824 3204 2489 3280">
    <p class='ocr_par' dir='ltr' id='par_1_51' title="bbox 824 3204 2457 3280">
     <span class='ocr_line' id='line_1_53' title="bbox 824 3204 2457 3280; baseline -0.006 -15"><span class='ocrx_word' id='word_1_298' title='bbox 824 3212 1011 3280; x_wconf 83' lang='lat' dir='ltr'><strong>paucis</strong></span> <span class='ocrx_word' id='word_1_299' title='bbox 1049 3207 1319 3275; x_wconf 87' lang='lat' dir='ltr'><strong>usuvenit,</strong></span> <span class='ocrx_word' id='word_1_300' title='bbox 1348 3215 1410 3262; x_wconf 90' lang='lat' dir='ltr'><strong>ut</strong></span> <span class='ocrx_word' id='word_1_301' title='bbox 1444 3208 1496 3259; x_wconf 94' lang='lat' dir='ltr'><strong>in</strong></span> <span class='ocrx_word' id='word_1_302' title='bbox 1527 3204 1772 3260; x_wconf 83' lang='lat' dir='ltr'><strong>ultimam</strong></span> <span class='ocrx_word' id='word_1_303' title='bbox 1801 3204 2256 3274; x_wconf 80' lang='lat' dir='ltr'><strong>desperationem,</strong></span> <span class='ocrx_word' id='word_1_304' title='bbox 2278 3217 2392 3258; x_wconf 91' lang='lat' dir='ltr'><strong>om-</strong></span> <span class='ocrx_word' id='word_1_305' title='bbox 2422 3272 2457 3280; x_wconf 79' lang='lat'><strong>_</strong></span> 
     </span>
    </p>
   </div>
   <div class='ocr_carea' id='block_1_52' title="bbox 2412 3204 4077 3280">
    <p class='ocr_par' dir='ltr' id='par_1_52' title="bbox 2422 3205 4077 3280">
     <span class='ocr_line' id='line_1_54' title="bbox 2422 3205 4077 3280; baseline -0.003 -16"><span class='ocrx_word' id='word_1_306' title='bbox 2422 3272 2457 3280; x_wconf 80' lang='lat'><strong>_</strong></span> <span class='ocrx_word' id='word_1_307' title='bbox 2490 3209 2842 3263; x_wconf 72' lang='grc' dir='ltr'>ἀνελπιστίαν</span> <span class='ocrx_word' id='word_1_308' title='bbox 2894 3208 3185 3277; x_wconf 69' lang='grc' dir='ltr'>ἐγέννησεν</span> <span class='ocrx_word' id='word_1_309' title='bbox 3214 3222 3230 3236; x_wconf 88' lang='grc'><strong>·</strong></span> <span class='ocrx_word' id='word_1_310' title='bbox 3294 3205 3485 3279; x_wconf 83' lang='grc' dir='ltr'>ὥσπερ</span> <span class='ocrx_word' id='word_1_311' title='bbox 3538 3205 3754 3278; x_wconf 79' lang='grc' dir='ltr'>σκώληξ</span> <span class='ocrx_word' id='word_1_312' title='bbox 3795 3208 3856 3260; x_wconf 75' lang='grc' dir='ltr'>ἐν</span> <span class='ocrx_word' id='word_1_313' title='bbox 3898 3205 4077 3277; x_wconf 79' lang='grc' dir='ltr'>ξύλῳ,</span> 
     </span>
    </p>
   </div>
   <div class='ocr_carea' id='block_1_53' title="bbox 826 3272 2491 3372">
    <p class='ocr_par' dir='ltr' id='par_1_53' title="bbox 826 3272 2459 3372">
     <span class='ocr_line' id='line_1_55' title="bbox 826 3272 2459 3372; baseline -0.006 -15"><span class='ocrx_word' id='word_1_314' title='bbox 826 3272 877 3357; x_wconf 77' lang='lat' dir='ltr'><strong>ni</strong></span> <span class='ocrx_word' id='word_1_315' title='bbox 908 3302 1100 3359; x_wconf 86' lang='lat' dir='ltr'><strong>salutis</strong></span> <span class='ocrx_word' id='word_1_316' title='bbox 1137 3316 1233 3372; x_wconf 88' lang='lat' dir='ltr'><strong>spe</strong></span> <span class='ocrx_word' id='word_1_317' title='bbox 1260 3272 1499 3361; x_wconf 86' lang='lat' dir='ltr'><strong>sublata,</strong></span> <span class='ocrx_word' id='word_1_318' title='bbox 1541 3297 1862 3353; x_wconf 87' lang='lat' dir='ltr'><strong>inciderent.</strong></span> <span class='ocrx_word' id='word_1_319' title='bbox 1893 3272 2012 3351; x_wconf 57' lang='lat' dir='ltr'><strong>Non</strong></span> <span class='ocrx_word' id='word_1_320' title='bbox 2047 3309 2208 3352; x_wconf 86' lang='lat' dir='ltr'><strong>secus</strong></span> <span class='ocrx_word' id='word_1_321' title='bbox 2238 3295 2382 3350; x_wconf 86' lang='lat' dir='ltr'><strong>enim</strong></span> <span class='ocrx_word' id='word_1_322' title='bbox 2414 3272 2459 3331; x_wconf 64' lang='grc' dir='ltr'><strong>(ἶ</strong></span> 
     </span>
    </p>
   </div>
   <div class='ocr_carea' id='block_1_54' title="bbox 2406 3272 4071 3372">
    <p class='ocr_par' dir='ltr' id='par_1_54' title="bbox 2414 3272 4071 3372">
     <span class='ocr_line' id='line_1_56' title="bbox 2414 3272 4071 3372; baseline -0.002 -15"><span class='ocrx_word' id='word_1_323' title='bbox 2414 3272 2459 3331; x_wconf 78' lang='lat' dir='ltr'>c</span> <span class='ocrx_word' id='word_1_324' title='bbox 2491 3304 2672 3357; x_wconf 79' lang='grc' dir='ltr'>πᾶσαν</span> <span class='ocrx_word' id='word_1_325' title='bbox 2719 3300 2899 3355; x_wconf 81' lang='grc' dir='ltr'>αὐτῶν</span> <span class='ocrx_word' id='word_1_326' title='bbox 2937 3272 3052 3372; x_wconf 39' lang='grc' dir='ltr'>’τὴν</span> <span class='ocrx_word' id='word_1_327' title='bbox 3077 3272 3291 3354; x_wconf 66' lang='grc' dir='ltr'><strong>⁷ιέλιιιςίδα</strong></span> <span class='ocrx_word' id='word_1_328' title='bbox 3338 3272 3682 3366; x_wconf 72' lang='grc' dir='ltr'>ἐξαναλώσας</span> <span class='ocrx_word' id='word_1_329' title='bbox 3821 3272 4071 3364; x_wconf 75' lang='grc' dir='ltr'>ἀνόσιος.</span> 
     </span>
    </p>
   </div>
   <div class='ocr_carea' id='block_1_55' title="bbox 824 3385 2489 3465">
    <p class='ocr_par' dir='ltr' id='par_1_55' title="bbox 824 3387 2489 3461">
     <span class='ocr_line' id='line_1_57' title="bbox 824 3387 2489 3461; baseline -0.007 -13"><span class='ocrx_word' id='word_1_330' title='bbox 824 3411 887 3448; x_wconf 84' lang='lat' dir='ltr'><strong>ac</strong></span> <span class='ocrx_word' id='word_1_331' title='bbox 913 3395 1096 3449; x_wconf 90' lang='lat' dir='ltr'><strong>teredo</strong></span> <span class='ocrx_word' id='word_1_332' title='bbox 1128 3393 1357 3461; x_wconf 68' lang='lat' dir='ltr'><strong>lignum,</strong></span> <span class='ocrx_word' id='word_1_333' title='bbox 1390 3390 1462 3443; x_wconf 91' lang='lat' dir='ltr'><strong>ita</strong></span> <span class='ocrx_word' id='word_1_334' title='bbox 1492 3404 1642 3459; x_wconf 90' lang='lat' dir='ltr'><strong>spem</strong></span> <span class='ocrx_word' id='word_1_335' title='bbox 1671 3404 1886 3443; x_wconf 86' lang='lat' dir='ltr'><strong>omnem</strong></span> <span class='ocrx_word' id='word_1_336' title='bbox 1936 3387 2098 3458; x_wconf 89' lang='lat' dir='ltr'><strong>impia</strong></span> <span class='ocrx_word' id='word_1_337' title='bbox 2126 3387 2385 3443; x_wconf 87' lang='lat' dir='ltr'><strong>absumit.</strong></span> <span class='ocrx_word' id='word_1_338' title='bbox 2488 3420 2489 3429; x_wconf 58' lang='grc' dir='ltr'><strong>η</strong></span> 
     </span>
    </p>
   </div>
   <div class='ocr_carea' id='block_1_56' title="bbox 2413 3385 4078 3465">
    <p class='ocr_par' dir='ltr' id='par_1_56' title="bbox 2488 3385 4078 3465">
     <span class='ocr_line' id='line_1_58' title="bbox 2488 3385 4078 3465; baseline -0.002 -17"><span class='ocrx_word' id='word_1_339' title='bbox 2488 3387 2657 3457; x_wconf 77' lang='grc' dir='ltr'>Οὗτος</span> <span class='ocrx_word' id='word_1_340' title='bbox 2669 3394 2869 3459; x_wconf 80' lang='grc' dir='ltr'>τοίνυν,</span> <span class='ocrx_word' id='word_1_341' title='bbox 2884 3385 3040 3456; x_wconf 78' lang='grc' dir='ltr'>οὗτος</span> <span class='ocrx_word' id='word_1_342' title='bbox 3066 3394 3095 3446; x_wconf 85' lang='grc' dir='ltr'><strong>ό</strong></span> <span class='ocrx_word' id='word_1_343' title='bbox 3112 3391 3432 3463; x_wconf 80' lang='grc' dir='ltr'>παμμίαρος</span> <span class='ocrx_word' id='word_1_344' title='bbox 3459 3391 3605 3461; x_wconf 88' lang='grc' dir='ltr'>φιλεῖ</span> <span class='ocrx_word' id='word_1_345' title='bbox 3626 3390 3883 3454; x_wconf 74' lang='grc' dir='ltr'>πολλάκις</span> <span class='ocrx_word' id='word_1_346' title='bbox 3936 3391 4078 3465; x_wconf 79' lang='grc' dir='ltr'>παρ’</span> 
     </span>
    </p>
   </div>
   <div class='ocr_carea' id='block_1_57' title="bbox 823 3477 2488 3557">
    <p class='ocr_par' dir='ltr' id='par_1_57' title="bbox 823 3477 2389 3557">
     <span class='ocr_line' id='line_1_59' title="bbox 823 3477 2389 3557; baseline -0.007 -17"><span class='ocrx_word' id='word_1_347' title='bbox 823 3488 929 3541; x_wconf 80' lang='lat' dir='ltr'><strong>Ista</strong></span> <span class='ocrx_word' id='word_1_348' title='bbox 968 3502 1096 3557; x_wconf 83' lang='lat' dir='ltr'><strong>ergo</strong></span> <span class='ocrx_word' id='word_1_349' title='bbox 1117 3488 1246 3547; x_wconf 86' lang='lat' dir='ltr'><strong>ista,</strong></span> <span class='ocrx_word' id='word_1_350' title='bbox 1280 3484 1611 3539; x_wconf 78' lang='lat' dir='ltr'><strong>exsecranda</strong></span> <span class='ocrx_word' id='word_1_351' title='bbox 1660 3480 1997 3551; x_wconf 87' lang='lat' dir='ltr'><strong>blasphemia</strong></span> <span class='ocrx_word' id='word_1_352' title='bbox 2031 3479 2173 3534; x_wconf 89' lang='lat' dir='ltr'><strong>inter</strong></span> <span class='ocrx_word' id='word_1_353' title='bbox 2241 3477 2389 3547; x_wconf 86' lang='lat' dir='ltr'><strong>ipsas</strong></span> 
     </span>
    </p>
   </div>
   <div class='ocr_carea' id='block_1_58' title="bbox 2410 3477 4075 3557">
    <p class='ocr_par' dir='ltr' id='par_1_58' title="bbox 2489 3483 4075 3555">
     <span class='ocr_line' id='line_1_60' title="bbox 2489 3483 4075 3555; baseline -0.002 -14"><span class='ocrx_word' id='word_1_354' title='bbox 2489 3487 2658 3550; x_wconf 70' lang='grc' dir='ltr'>αὑτὰς</span> <span class='ocrx_word' id='word_1_355' title='bbox 2685 3487 2783 3551; x_wconf 74' lang='grc' dir='ltr'><strong>τὰς</strong></span> <span class='ocrx_word' id='word_1_356' title='bbox 2815 3486 2975 3554; x_wconf 77' lang='grc' dir='ltr'>ἁγίας</span> <span class='ocrx_word' id='word_1_357' title='bbox 3003 3483 3272 3550; x_wconf 80' lang='grc' dir='ltr'>συνάξεις,</span> <span class='ocrx_word' id='word_1_358' title='bbox 3293 3484 3388 3537; x_wconf 78' lang='grc' dir='ltr'>καὶ</span> <span class='ocrx_word' id='word_1_359' title='bbox 3414 3485 3535 3538; x_wconf 84' lang='grc' dir='ltr'>κατ’</span> <span class='ocrx_word' id='word_1_360' title='bbox 3582 3483 3752 3555; x_wconf 76' lang='grc' dir='ltr'>αὐτὴν</span> <span class='ocrx_word' id='word_1_361' title='bbox 3803 3484 3901 3554; x_wconf 84' lang='grc' dir='ltr'>τὴν</span> <span class='ocrx_word' id='word_1_362' title='bbox 3942 3502 4075 3554; x_wconf 83' lang='grc' dir='ltr'>φρι-</span> 
     </span>
    </p>
   </div>
   <div class='ocr_carea' id='block_1_59' title="bbox 823 3568 2488 3651">
    <p class='ocr_par' dir='ltr' id='par_1_59' title="bbox 823 3568 2388 3651">
     <span class='ocr_line' id='line_1_61' title="bbox 823 3568 2388 3651; baseline -0.008 -16"><span class='ocrx_word' id='word_1_363' title='bbox 823 3587 1008 3636; x_wconf 89' lang='lat' dir='ltr'><strong>sa&#39;cras</strong></span> <span class='ocrx_word' id='word_1_364' title='bbox 1029 3594 1282 3651; x_wconf 75' lang='lat' dir='ltr'><strong>synaxes,</strong></span> <span class='ocrx_word' id='word_1_365' title='bbox 1311 3584 1366 3631; x_wconf 90' lang='lat' dir='ltr'><strong>et</strong></span> <span class='ocrx_word' id='word_1_366' title='bbox 1396 3575 1499 3629; x_wconf 91' lang='lat' dir='ltr'><strong>sub</strong></span> <span class='ocrx_word' id='word_1_367' title='bbox 1529 3575 1701 3643; x_wconf 87' lang='lat' dir='ltr'><strong>ipsam</strong></span> <span class='ocrx_word' id='word_1_368' title='bbox 1735 3573 1922 3626; x_wconf 89' lang='lat' dir='ltr'><strong>horam</strong></span> <span class='ocrx_word' id='word_1_369' title='bbox 1956 3586 2064 3641; x_wconf 86' lang='lat' dir='ltr'><strong>qua</strong></span> <span class='ocrx_word' id='word_1_370' title='bbox 2108 3568 2388 3626; x_wconf 86' lang='lat' dir='ltr'><strong>trementia</strong></span> 
     </span>
    </p>
   </div>
   <div class='ocr_carea' id='block_1_60' title="bbox 2409 3568 4074 3651">
    <p class='ocr_par' dir='ltr' id='par_1_60' title="bbox 2490 3574 4074 3651">
     <span class='ocr_line' id='line_1_62' title="bbox 2490 3574 4074 3651; baseline -0.001 -19"><span class='ocrx_word' id='word_1_371' title='bbox 2490 3579 2621 3651; x_wconf 80' lang='grc' dir='ltr'>κτὴν</span> <span class='ocrx_word' id='word_1_372' title='bbox 2655 3578 2751 3631; x_wconf 65' lang='grc' dir='ltr'><strong>σῶν</strong></span> <span class='ocrx_word' id='word_1_373' title='bbox 2778 3578 3091 3649; x_wconf 81' lang='grc' dir='ltr'>μυστηρίων</span> <span class='ocrx_word' id='word_1_374' title='bbox 3110 3576 3258 3649; x_wconf 88' lang='grc' dir='ltr'>ῶραν</span> <span class='ocrx_word' id='word_1_375' title='bbox 3289 3577 3591 3649; x_wconf 78' lang='grc' dir='ltr'>δυσφημεῖν</span> <span class='ocrx_word' id='word_1_376' title='bbox 3612 3577 3703 3630; x_wconf 65' lang='grc' dir='ltr'><strong>τὸν</strong></span> <span class='ocrx_word' id='word_1_377' title='bbox 3720 3574 3948 3647; x_wconf 77' lang='grc' dir='ltr'>Κύριον,</span> <span class='ocrx_word' id='word_1_378' title='bbox 3977 3581 4074 3632; x_wconf 82' lang='grc' dir='ltr'><strong>καὶ</strong></span> 
     </span>
    </p>
   </div>
   <div class='ocr_carea' id='block_1_61' title="bbox 825 3660 2386 3743">
    <p class='ocr_par' dir='ltr' id='par_1_61' title="bbox 825 3660 2386 3743">
     <span class='ocr_line' id='line_1_63' title="bbox 825 3660 2386 3743; baseline -0.006 -19"><span class='ocrx_word' id='word_1_379' title='bbox 825 3670 1078 3743; x_wconf 85' lang='lat' dir='ltr'><strong>mysteria</strong></span> <span class='ocrx_word' id='word_1_380' title='bbox 1117 3666 1472 3723; x_wconf 73' lang='lat' dir='ltr'><strong>Euchartstiae</strong></span> <span class='ocrx_word' id='word_1_381' title='bbox 1510 3673 1861 3735; x_wconf 77' lang='lat' dir='ltr'><strong>peraguntur,</strong></span> <span class='ocrx_word' id='word_1_382' title='bbox 1897 3664 2037 3717; x_wconf 87' lang='lat' dir='ltr'><strong>solet</strong></span> <span class='ocrx_word' id='word_1_383' title='bbox 2097 3660 2386 3715; x_wconf 88' lang='lat' dir='ltr'><strong>Dominum</strong></span> 
     </span>
    </p>
   </div>
   <div class='ocr_carea' id='block_1_62' title="bbox 825 3753 2388 3831">
    <p class='ocr_par' dir='ltr' id='par_1_62' title="bbox 825 3753 2388 3831">
     <span class='ocr_line' id='line_1_64' title="bbox 825 3753 2388 3831; baseline -0.004 -18"><span class='ocrx_word' id='word_1_384' title='bbox 825 3762 1005 3829; x_wconf 87' lang='lat' dir='ltr'><strong>impiis</strong></span> <span class='ocrx_word' id='word_1_385' title='bbox 1051 3759 1471 3831; x_wconf 80' lang='lat' dir='ltr'><strong>cogitationibus</strong></span> <span class='ocrx_word' id='word_1_386' title='bbox 1532 3760 1821 3818; x_wconf 81' lang='lat' dir='ltr'><strong>incessere,</strong></span> <span class='ocrx_word' id='word_1_387' title='bbox 1878 3754 2120 3822; x_wconf 88' lang='lat' dir='ltr'><strong>adeoque</strong></span> <span class='ocrx_word' id='word_1_388' title='bbox 2177 3753 2388 3810; x_wconf 82' lang='lat' dir='ltr'><strong>sacriﬁ-</strong></span> 
     </span>
    </p>
   </div>
   <div class='ocr_carea' id='block_1_63' title="bbox 821 3844 2387 3922">
    <p class='ocr_par' dir='ltr' id='par_1_63' title="bbox 821 3844 2387 3922">
     <span class='ocr_line' id='line_1_65' title="bbox 821 3844 2387 3922; baseline -0.005 -16"><span class='ocrx_word' id='word_1_389' title='bbox 821 3854 968 3907; x_wconf 74' lang='grc' dir='ltr'>«τὶυιιι</span> <span class='ocrx_word' id='word_1_390' title='bbox 1001 3854 1178 3922; x_wconf 85' lang='lat' dir='ltr'><strong>ipsum</strong></span> <span class='ocrx_word' id='word_1_391' title='bbox 1208 3850 1455 3918; x_wconf 88' lang='lat' dir='ltr'><strong>impiare.</strong></span> <span class='ocrx_word' id='word_1_392' title='bbox 1494 3847 1648 3903; x_wconf 84' lang='lat' dir='ltr'><strong>llnde</strong></span> <span class='ocrx_word' id='word_1_393' title='bbox 1675 3846 1836 3916; x_wconf 88' lang='lat' dir='ltr'><strong>plane</strong></span> <span class='ocrx_word' id='word_1_394' title='bbox 1862 3844 2215 3915; x_wconf 83' lang='lat' dir='ltr'><strong>intelligimus</strong></span> <span class='ocrx_word' id='word_1_395' title='bbox 2276 3846 2387 3907; x_wconf 84' lang='lat' dir='ltr'><strong>illa,</strong></span> 
     </span>
    </p>
   </div>
   <div class='ocr_carea' id='block_1_64' title="bbox 826 3937 2390 4013">
    <p class='ocr_par' dir='ltr' id='par_1_64' title="bbox 826 3937 2390 4013">
     <span class='ocr_line' id='line_1_66' title="bbox 826 3937 2390 4013; baseline -0.006 -13"><span class='ocrx_word' id='word_1_396' title='bbox 826 3946 1066 4010; x_wconf 78' lang='lat' dir='ltr'><strong>infanda,</strong></span> <span class='ocrx_word' id='word_1_397' title='bbox 1097 3945 1545 4013; x_wconf 87' lang='lat' dir='ltr'><strong>incompreheusa</strong></span> <span class='ocrx_word' id='word_1_398' title='bbox 1580 3950 1635 3993; x_wconf 90' lang='lat' dir='ltr'><strong>et</strong></span> <span class='ocrx_word' id='word_1_399' title='bbox 1671 3938 1835 4009; x_wconf 89' lang='lat' dir='ltr'><strong>impia</strong></span> <span class='ocrx_word' id='word_1_400' title='bbox 1862 3937 2249 4007; x_wconf 76' lang='lat' dir='ltr'><strong>cogitationum</strong></span> <span class='ocrx_word' id='word_1_401' title='bbox 2279 3951 2390 3990; x_wconf 83' lang='lat' dir='ltr'><strong>ma-</strong></span> 
     </span>
    </p>
   </div>
   <div class='ocr_carea' id='block_1_65' title="bbox 824 4027 2388 4093">
    <p class='ocr_par' dir='ltr' id='par_1_65' title="bbox 824 4027 2388 4093">
     <span class='ocr_line' id='line_1_67' title="bbox 824 4027 2388 4093; baseline -0.006 -1"><span class='ocrx_word' id='word_1_402' title='bbox 824 4040 1015 4093; x_wconf 89' lang='lat' dir='ltr'><strong>ledieta</strong></span> <span class='ocrx_word' id='word_1_403' title='bbox 1051 4038 1105 4091; x_wconf 90' lang='lat' dir='ltr'><strong>iu</strong></span> <span class='ocrx_word' id='word_1_404' title='bbox 1138 4037 1306 4091; x_wconf 88' lang='lat' dir='ltr'><strong>Deum</strong></span> <span class='ocrx_word' id='word_1_405' title='bbox 1341 4050 1446 4089; x_wconf 92' lang='lat' dir='ltr'><strong>non</strong></span> <span class='ocrx_word' id='word_1_406' title='bbox 1473 4034 1541 4088; x_wconf 89' lang='lat' dir='ltr'><strong>ab</strong></span> <span class='ocrx_word' id='word_1_407' title='bbox 1568 4032 1749 4087; x_wconf 89' lang='lat' dir='ltr'><strong>anima</strong></span> <span class='ocrx_word' id='word_1_408' title='bbox 1782 4038 1989 4093; x_wconf 86' lang='lat' dir='ltr'><strong>nostra,</strong></span> <span class='ocrx_word' id='word_1_409' title='bbox 2023 4027 2119 4084; x_wconf 86' lang='lat' dir='ltr'><strong>sed</strong></span> <span class='ocrx_word' id='word_1_410' title='bbox 2169 4030 2238 4083; x_wconf 89' lang='lat' dir='ltr'><strong>ab</strong></span> <span class='ocrx_word' id='word_1_411' title='bbox 2291 4029 2388 4083; x_wconf 88' lang='lat' dir='ltr'><strong>ho-</strong></span> 
     </span>
    </p>
   </div>
   <div class='ocr_carea' id='block_1_66' title="bbox 823 4116 2386 4192">
    <p class='ocr_par' dir='ltr' id='par_1_66' title="bbox 823 4116 2386 4192">
     <span class='ocr_line' id='line_1_68' title="bbox 823 4116 2386 4192; baseline -0.007 -10"><span class='ocrx_word' id='word_1_412' title='bbox 823 4138 905 4183; x_wconf 81' lang='lat' dir='ltr'><strong>ste</strong></span> <span class='ocrx_word' id='word_1_413' title='bbox 952 4127 1046 4183; x_wconf 88' lang='lat' dir='ltr'><strong>Dei</strong></span> <span class='ocrx_word' id='word_1_414' title='bbox 1070 4128 1316 4181; x_wconf 70' lang='lat' dir='ltr'><strong>daemone</strong></span> <span class='ocrx_word' id='word_1_415' title='bbox 1342 4139 1374 4180; x_wconf 95' lang='lat' dir='ltr'><strong>e</strong></span> <span class='ocrx_word' id='word_1_416' title='bbox 1402 4124 1543 4178; x_wconf 61' lang='lat' dir='ltr'><strong>caelo</strong></span> <span class='ocrx_word' id='word_1_417' title='bbox 1568 4119 1821 4192; x_wconf 80' lang='lat' dir='ltr'><strong>profugo,</strong></span> <span class='ocrx_word' id='word_1_418' title='bbox 1855 4120 1945 4174; x_wconf 91' lang='lat' dir='ltr'><strong>ubi</strong></span> <span class='ocrx_word' id='word_1_419' title='bbox 1973 4133 2191 4187; x_wconf 89' lang='lat' dir='ltr'><strong>quoque</strong></span> <span class='ocrx_word' id='word_1_420' title='bbox 2216 4116 2386 4172; x_wconf 86' lang='lat' dir='ltr'><strong>Deum</strong></span> 
     </span>
    </p>
   </div>
   <div class='ocr_carea' id='block_1_67' title="bbox 820 4212 2389 4279">
    <p class='ocr_par' dir='ltr' id='par_1_67' title="bbox 820 4212 2389 4279">
     <span class='ocr_line' id='line_1_69' title="bbox 820 4212 2389 4279; baseline -0.007 -2"><span class='ocrx_word' id='word_1_421' title='bbox 820 4222 956 4276; x_wconf 87' lang='lat' dir='ltr'><strong>diris</strong></span> <span class='ocrx_word' id='word_1_422' title='bbox 1033 4218 1498 4275; x_wconf 77' lang='lat' dir='ltr'><strong>exsecrationibus</strong></span> <span class='ocrx_word' id='word_1_423' title='bbox 1546 4216 1697 4269; x_wconf 89' lang='lat' dir='ltr'><strong>visus</strong></span> <span class='ocrx_word' id='word_1_424' title='bbox 1777 4222 1861 4267; x_wconf 86' lang='lat' dir='ltr'><strong>est</strong></span> <span class='ocrx_word' id='word_1_425' title='bbox 1904 4212 2214 4274; x_wconf 86' lang='lat' dir='ltr'><strong>incessisse,</strong></span> <span class='ocrx_word' id='word_1_426' title='bbox 2260 4225 2389 4279; x_wconf 86' lang='lat' dir='ltr'><strong>pro-</strong></span> 
     </span>
    </p>
   </div>
   <div class='ocr_carea' id='block_1_68' title="bbox 820 4301 2386 4367">
    <p class='ocr_par' dir='ltr' id='par_1_68' title="bbox 820 4301 2386 4367">
     <span class='ocr_line' id='line_1_70' title="bbox 820 4301 2386 4367; baseline -0.007 0"><span class='ocrx_word' id='word_1_427' title='bbox 820 4313 1009 4367; x_wconf 86' lang='lat' dir='ltr'><strong>liciscl.</strong></span> <span class='ocrx_word' id='word_1_428' title='bbox 1054 4311 1110 4365; x_wconf 85' lang='lat' dir='ltr'><strong>Si</strong></span> <span class='ocrx_word' id='word_1_429' title='bbox 1163 4310 1306 4364; x_wconf 88' lang='lat' dir='ltr'><strong>enim</strong></span> <span class='ocrx_word' id='word_1_430' title='bbox 1376 4306 1518 4361; x_wconf 77' lang='lat' dir='ltr'><strong>lteda</strong></span> <span class='ocrx_word' id='word_1_431' title='bbox 1583 4315 1638 4360; x_wconf 87' lang='lat' dir='ltr'><strong>et</strong></span> <span class='ocrx_word' id='word_1_432' title='bbox 1697 4305 1951 4358; x_wconf 87' lang='lat' dir='ltr'><strong>indecora</strong></span> <span class='ocrx_word' id='word_1_433' title='bbox 1995 4302 2195 4357; x_wconf 90' lang='lat' dir='ltr'><strong>mentis</strong></span> <span class='ocrx_word' id='word_1_434' title='bbox 2223 4301 2386 4356; x_wconf 90' lang='lat' dir='ltr'><strong>verba</strong></span> 
     </span>
    </p>
   </div>
   <div class='ocr_carea' id='block_1_69' title="bbox 893 2371 2395 2449">
    <p class='ocr_par' dir='ltr' id='par_1_69' title="bbox 893 2371 2395 2449">
     <span class='ocr_line' id='line_1_71' title="bbox 893 2371 2395 2449; baseline -0.009 -10"><span class='ocrx_word' id='word_1_435' title='bbox 893 2383 1218 2438; x_wconf 59' lang='lat' dir='ltr'><strong>Perniciosa</strong></span> <span class='ocrx_word' id='word_1_436' title='bbox 1246 2378 1435 2449; x_wconf 87' lang='lat' dir='ltr'><strong>stirpis</strong></span> <span class='ocrx_word' id='word_1_437' title='bbox 1459 2385 1513 2432; x_wconf 91' lang='lat' dir='ltr'><strong>et</strong></span> <span class='ocrx_word' id='word_1_438' title='bbox 1567 2375 1811 2446; x_wconf 89' lang='lat' dir='ltr'><strong>parentis</strong></span> <span class='ocrx_word' id='word_1_439' title='bbox 1869 2371 2395 2444; x_wconf 88' lang='lat' dir='ltr'><strong>perniciosissimam</strong></span> 
     </span>
    </p>
   </div>
   <div class='ocr_carea' id='block_1_70' title="bbox 824 2471 2391 2541">
    <p class='ocr_par' dir='ltr' id='par_1_70' title="bbox 824 2471 2391 2541">
     <span class='ocr_line' id='line_1_72' title="bbox 824 2471 2391 2541; baseline -0.008 -11"><span class='ocrx_word' id='word_1_440' title='bbox 824 2476 1063 2530; x_wconf 83' lang='lat' dir='ltr'><strong>sobolem</strong></span> <span class='ocrx_word' id='word_1_441' title='bbox 1099 2488 1221 2529; x_wconf 90' lang='lat' dir='ltr'><strong>esse</strong></span> <span class='ocrx_word' id='word_1_442' title='bbox 1252 2486 1415 2541; x_wconf 89' lang='lat' dir='ltr'><strong>supra</strong></span> <span class='ocrx_word' id='word_1_443' title='bbox 1449 2471 1881 2525; x_wconf 84' lang='lat' dir='ltr'><strong>demonstratum</strong></span> <span class='ocrx_word' id='word_1_444' title='bbox 1929 2475 2033 2531; x_wconf 89' lang='lat' dir='ltr'><strong>est,</strong></span> <span class='ocrx_word' id='word_1_445' title='bbox 2073 2473 2391 2528; x_wconf 66' lang='lat' dir='ltr'><strong>exsecrata,</strong></span> 
     </span>
    </p>
   </div>
   <div class='ocr_carea' id='block_1_71' title="bbox 827 2558 2390 2637">
    <p class='ocr_par' dir='ltr' id='par_1_71' title="bbox 827 2558 2390 2637">
     <span class='ocr_line' id='line_1_73' title="bbox 827 2558 2390 2637; baseline -0.008 -15"><span class='ocrx_word' id='word_1_446' title='bbox 827 2570 1075 2637; x_wconf 90' lang='lat' dir='ltr'><strong>inquam,</strong></span> <span class='ocrx_word' id='word_1_447' title='bbox 1114 2565 1387 2636; x_wconf 67' lang='lat' dir='ltr'><strong>superbia:</strong></span> <span class='ocrx_word' id='word_1_448' title='bbox 1431 2560 1704 2617; x_wconf 81' lang='lat' dir='ltr'><strong>infandam</strong></span> <span class='ocrx_word' id='word_1_449' title='bbox 1770 2558 2117 2628; x_wconf 75' lang='lat' dir='ltr'><strong>blasphemia:</strong></span> <span class='ocrx_word' id='word_1_450' title='bbox 2160 2559 2390 2628; x_wconf 84' lang='lat' dir='ltr'><strong>prolem.</strong></span> 
     </span>
    </p>
   </div>
   <div class='ocr_carea' id='block_1_72' title="bbox 822 2649 2393 2719">
    <p class='ocr_par' dir='ltr' id='par_1_72' title="bbox 822 2649 2393 2719">
     <span class='ocr_line' id='line_1_74' title="bbox 822 2649 2393 2719; baseline -0.008 -6"><span class='ocrx_word' id='word_1_451' title='bbox 822 2659 1055 2713; x_wconf 77' lang='lat' dir='ltr'><strong>Proinde</strong></span> <span class='ocrx_word' id='word_1_452' title='bbox 1082 2670 1303 2712; x_wconf 87' lang='lat' dir='ltr'><strong>necesse</strong></span> <span class='ocrx_word' id='word_1_453' title='bbox 1326 2664 1409 2710; x_wconf 87' lang='lat' dir='ltr'><strong>est</strong></span> <span class='ocrx_word' id='word_1_454' title='bbox 1444 2662 1501 2707; x_wconf 92' lang='lat' dir='ltr'><strong>ut</strong></span> <span class='ocrx_word' id='word_1_455' title='bbox 1526 2666 1644 2706; x_wconf 88' lang='lat' dir='ltr'><strong>eam</strong></span> <span class='ocrx_word' id='word_1_456' title='bbox 1676 2651 1732 2705; x_wconf 90' lang='lat' dir='ltr'><strong>in</strong></span> <span class='ocrx_word' id='word_1_457' title='bbox 1759 2649 1940 2704; x_wconf 90' lang='lat' dir='ltr'><strong>medio</strong></span> <span class='ocrx_word' id='word_1_458' title='bbox 1963 2662 2258 2719; x_wconf 84' lang='lat' dir='ltr'><strong>ponamus,</strong></span> <span class='ocrx_word' id='word_1_459' title='bbox 2292 2662 2393 2701; x_wconf 83' lang='lat' dir='ltr'><strong>ne-</strong></span> 
     </span>
    </p>
   </div>
   <div class='ocr_carea' id='block_1_73' title="bbox 823 2738 2391 2817">
    <p class='ocr_par' dir='ltr' id='par_1_73' title="bbox 823 2738 2391 2817">
     <span class='ocr_line' id='line_1_75' title="bbox 823 2738 2391 2817; baseline -0.006 -15"><span class='ocrx_word' id='word_1_460' title='bbox 823 2764 929 2817; x_wconf 88' lang='lat' dir='ltr'><strong>que</strong></span> <span class='ocrx_word' id='word_1_461' title='bbox 955 2748 1099 2801; x_wconf 90' lang='lat' dir='ltr'><strong>enim</strong></span> <span class='ocrx_word' id='word_1_462' title='bbox 1153 2761 1217 2800; x_wconf 73' lang='lat' dir='ltr'><strong>es</strong></span> <span class='ocrx_word' id='word_1_463' title='bbox 1251 2744 1428 2799; x_wconf 82' lang='lat' dir='ltr'><strong>obviis</strong></span> <span class='ocrx_word' id='word_1_464' title='bbox 1455 2750 1510 2798; x_wconf 92' lang='lat' dir='ltr'><strong>et</strong></span> <span class='ocrx_word' id='word_1_465' title='bbox 1532 2741 1848 2812; x_wconf 76' lang='lat' dir='ltr'><strong>vulgaribus</strong></span> <span class='ocrx_word' id='word_1_466' title='bbox 1889 2748 1974 2795; x_wconf 86' lang='lat' dir='ltr'><strong>est</strong></span> <span class='ocrx_word' id='word_1_467' title='bbox 2039 2738 2391 2802; x_wconf 84' lang='lat' dir='ltr'><strong>adversariis,</strong></span> 
     </span>
    </p>
   </div>
   <div class='ocr_carea' id='block_1_74' title="bbox 823 2831 2391 2908">
    <p class='ocr_par' dir='ltr' id='par_1_74' title="bbox 823 2831 2391 2908">
     <span class='ocr_line' id='line_1_76' title="bbox 823 2831 2391 2908; baseline -0.008 -11"><span class='ocrx_word' id='word_1_468' title='bbox 823 2841 920 2896; x_wconf 88' lang='lat' dir='ltr'><strong>sed</strong></span> <span class='ocrx_word' id='word_1_469' title='bbox 940 2840 1185 2895; x_wconf 90' lang='lat' dir='ltr'><strong>omnium</strong></span> <span class='ocrx_word' id='word_1_470' title='bbox 1220 2838 1312 2908; x_wconf 89' lang='lat' dir='ltr'><strong>qui</strong></span> <span class='ocrx_word' id='word_1_471' title='bbox 1343 2846 1490 2902; x_wconf 89' lang='lat' dir='ltr'><strong>sunt,</strong></span> <span class='ocrx_word' id='word_1_472' title='bbox 1526 2836 1687 2907; x_wconf 87' lang='lat' dir='ltr'><strong>longe</strong></span> <span class='ocrx_word' id='word_1_473' title='bbox 1724 2831 2115 2889; x_wconf 78' lang='lat' dir='ltr'><strong>infestissimus</strong></span> <span class='ocrx_word' id='word_1_474' title='bbox 2137 2831 2391 2885; x_wconf 83' lang='lat' dir='ltr'><strong>inimicus</strong></span> 
     </span>
    </p>
   </div>
   <div class='ocr_carea' id='block_1_75' title="bbox 820 2923 2388 3000">
    <p class='ocr_par' dir='ltr' id='par_1_75' title="bbox 820 2923 2388 3000">
     <span class='ocr_line' id='line_1_77' title="bbox 820 2923 2388 3000; baseline -0.005 -12"><span class='ocrx_word' id='word_1_475' title='bbox 820 2944 876 2988; x_wconf 84' lang='lat' dir='ltr'><strong>et</strong></span> <span class='ocrx_word' id='word_1_476' title='bbox 912 2931 1107 2993; x_wconf 88' lang='lat' dir='ltr'><strong>hostis,</strong></span> <span class='ocrx_word' id='word_1_477' title='bbox 1133 2939 1187 2984; x_wconf 91' lang='lat' dir='ltr'><strong>et</strong></span> <span class='ocrx_word' id='word_1_478' title='bbox 1214 2931 1361 3000; x_wconf 90' lang='lat' dir='ltr'><strong>quod</strong></span> <span class='ocrx_word' id='word_1_479' title='bbox 1386 2931 1605 2999; x_wconf 76' lang='lat' dir='ltr'><strong>gravius</strong></span> <span class='ocrx_word' id='word_1_480' title='bbox 1641 2937 1746 2991; x_wconf 89' lang='lat' dir='ltr'><strong>est,</strong></span> <span class='ocrx_word' id='word_1_481' title='bbox 1800 2925 2072 2996; x_wconf 78' lang='lat' dir='ltr'><strong>explicatu</strong></span> <span class='ocrx_word' id='word_1_482' title='bbox 2128 2923 2388 2989; x_wconf 80' lang='lat' dir='ltr'><strong>dlﬂicilis,</strong></span> 
     </span>
    </p>
   </div>
   <div class='ocr_carea' id='block_1_76' title="bbox 823 3017 2391 3094">
    <p class='ocr_par' dir='ltr' id='par_1_76' title="bbox 823 3017 2391 3094">
     <span class='ocr_line' id='line_1_78' title="bbox 823 3017 2391 3094; baseline -0.004 -16"><span class='ocrx_word' id='word_1_483' title='bbox 823 3024 1026 3094; x_wconf 87' lang='lat' dir='ltr'><strong>quique</strong></span> <span class='ocrx_word' id='word_1_484' title='bbox 1061 3035 1203 3091; x_wconf 65' lang='lat' dir='ltr'><strong>aegre</strong></span> <span class='ocrx_word' id='word_1_485' title='bbox 1229 3036 1326 3092; x_wconf 91' lang='lat' dir='ltr'><strong>per</strong></span> <span class='ocrx_word' id='word_1_486' title='bbox 1357 3020 1759 3077; x_wconf 78' lang='lat' dir='ltr'><strong>confessionem</strong></span> <span class='ocrx_word' id='word_1_487' title='bbox 1785 3017 2039 3087; x_wconf 84' lang='lat' dir='ltr'><strong>religioso</strong></span> <span class='ocrx_word' id='word_1_488' title='bbox 2066 3017 2236 3071; x_wconf 85' lang='lat' dir='ltr'><strong>animi</strong></span> <span class='ocrx_word' id='word_1_489' title='bbox 2274 3030 2391 3071; x_wconf 82' lang='lat' dir='ltr'><strong>me—</strong></span> 
     </span>
    </p>
   </div>
   <div class='ocr_carea' id='block_1_77' title="bbox 2488 3668 4074 3741">
    <p class='ocr_par' dir='ltr' id='par_1_77' title="bbox 2488 3668 4074 3741">
     <span class='ocr_line' id='line_1_79' title="bbox 2488 3668 4074 3741; baseline -0.001 -18"><span class='ocrx_word' id='word_1_490' title='bbox 2488 3673 2557 3723; x_wconf 71' lang='grc' dir='ltr'><strong>τά</strong></span> <span class='ocrx_word' id='word_1_491' title='bbox 2583 3669 2875 3739; x_wconf 79' lang='grc' dir='ltr'>τελούμενα</span> <span class='ocrx_word' id='word_1_492' title='bbox 2905 3671 3057 3738; x_wconf 80' lang='grc' dir='ltr'>ἆγια.</span> <span class='ocrx_word' id='word_1_493' title='bbox 3110 3669 3277 3723; x_wconf 86' lang='grc' dir='ltr'>Ὅθεν</span> <span class='ocrx_word' id='word_1_494' title='bbox 3311 3669 3546 3741; x_wconf 82' lang='grc' dir='ltr'>μάλιστα</span> <span class='ocrx_word' id='word_1_495' title='bbox 3590 3669 3684 3721; x_wconf 74' lang='grc' dir='ltr'>καὶ</span> <span class='ocrx_word' id='word_1_496' title='bbox 3718 3668 4074 3739; x_wconf 83' lang='grc' dir='ltr'>μανθάνομεν</span> 
     </span>
    </p>
   </div>
   <div class='ocr_carea' id='block_1_78' title="bbox 2488 3756 4072 3833">
    <p class='ocr_par' dir='ltr' id='par_1_78' title="bbox 2488 3756 4072 3833">
     <span class='ocr_line' id='line_1_80' title="bbox 2488 3756 4072 3833; baseline 0 -19"><span class='ocrx_word' id='word_1_497' title='bbox 2488 3759 2675 3830; x_wconf 83' lang='grc' dir='ltr'>σαφῶς</span> <span class='ocrx_word' id='word_1_498' title='bbox 2703 3761 2777 3831; x_wconf 78' lang='grc' dir='ltr'>μὴ</span> <span class='ocrx_word' id='word_1_499' title='bbox 2806 3756 2972 3815; x_wconf 76' lang='grc' dir='ltr'>οὖσαν</span> <span class='ocrx_word' id='word_1_500' title='bbox 2989 3762 3089 3833; x_wconf 84' lang='grc' dir='ltr'>τὴν</span> <span class='ocrx_word' id='word_1_501' title='bbox 3112 3761 3389 3833; x_wconf 73' lang='grc' dir='ltr'>ἡμετέραν</span> <span class='ocrx_word' id='word_1_502' title='bbox 3410 3760 3588 3833; x_wconf 69' lang='grc' dir='ltr'>ψυχὴν</span> <span class='ocrx_word' id='word_1_503' title='bbox 3611 3762 3709 3832; x_wconf 85' lang='grc' dir='ltr'>τὴν</span> <span class='ocrx_word' id='word_1_504' title='bbox 3726 3759 3796 3813; x_wconf 73' lang='grc' dir='ltr'><strong>τὰ</strong></span> <span class='ocrx_word' id='word_1_505' title='bbox 3819 3760 4072 3830; x_wconf 77' lang='grc' dir='ltr'>ἄθεσμα,</span> 
     </span>
    </p>
   </div>
   <div class='ocr_carea' id='block_1_79' title="bbox 2490 3852 4072 3925">
    <p class='ocr_par' dir='ltr' id='par_1_79' title="bbox 2490 3852 4072 3925">
     <span class='ocr_line' id='line_1_81' title="bbox 2490 3852 4072 3925; baseline 0 -18"><span class='ocrx_word' id='word_1_506' title='bbox 2490 3855 2588 3908; x_wconf 79' lang='grc' dir='ltr'>καὶ</span> <span class='ocrx_word' id='word_1_507' title='bbox 2620 3854 2982 3925; x_wconf 79' lang='grc' dir='ltr'>ἀκατάληπτα</span> <span class='ocrx_word' id='word_1_508' title='bbox 3035 3855 3239 3919; x_wconf 79' lang='grc' dir='ltr'>ἐκεῖνα,</span> <span class='ocrx_word' id='word_1_509' title='bbox 3288 3852 3385 3908; x_wconf 64' lang='grc' dir='ltr'><strong>καὶ¹</strong></span> <span class='ocrx_word' id='word_1_510' title='bbox 3417 3853 3633 3925; x_wconf 73' lang='grc' dir='ltr'>ἀρρητα</span> <span class='ocrx_word' id='word_1_511' title='bbox 3662 3853 3822 3921; x_wconf 78' lang='grc' dir='ltr'>λόγια</span> <span class='ocrx_word' id='word_1_512' title='bbox 3848 3853 4072 3907; x_wconf 69' lang='grc' dir='ltr'>ἔνδοθεν</span> 
     </span>
    </p>
   </div>
   <div class='ocr_carea' id='block_1_80' title="bbox 2492 3945 4070 4017">
    <p class='ocr_par' dir='ltr' id='par_1_80' title="bbox 2492 3945 4070 4017">
     <span class='ocr_line' id='line_1_82' title="bbox 2492 3945 4070 4017; baseline 0.001 -18"><span class='ocrx_word' id='word_1_513' title='bbox 2492 3945 2874 4017; x_wconf 79' lang='grc' dir='ltr'>φθεγξαμένην</span> <span class='ocrx_word' id='word_1_514' title='bbox 2899 3960 2916 3976; x_wconf 79' lang='grc'><em>’</em></span> <span class='ocrx_word' id='word_1_515' title='bbox 2963 3945 3101 4000; x_wconf 73' lang='grc' dir='ltr'>ἀλλὰ</span> <span class='ocrx_word' id='word_1_516' title='bbox 3144 3946 3239 3999; x_wconf 74' lang='grc' dir='ltr'><strong>τὸν</strong></span> <span class='ocrx_word' id='word_1_517' title='bbox 3293 3945 3542 4016; x_wconf 86' lang='grc' dir='ltr'>μισόθεον</span> <span class='ocrx_word' id='word_1_518' title='bbox 3592 3946 3822 4015; x_wconf 86' lang='grc' dir='ltr'>δαίμονα</span> <span class='ocrx_word' id='word_1_519' title='bbox 3853 3946 3955 3998; x_wconf 76' lang='grc' dir='ltr'>τὸν</span> <span class='ocrx_word' id='word_1_520' title='bbox 4004 3948 4070 4000; x_wconf 78' lang='grc' dir='ltr'>ἐκ</span> 
     </span>
    </p>
   </div>
   <div class='ocr_carea' id='block_1_81' title="bbox 2488 4036 4068 4110">
    <p class='ocr_par' dir='ltr' id='par_1_81' title="bbox 2488 4036 4068 4110">
     <span class='ocr_line' id='line_1_83' title="bbox 2488 4036 4068 4110; baseline 0 -19"><span class='ocrx_word' id='word_1_521' title='bbox 2488 4038 2598 4092; x_wconf 87' lang='grc' dir='ltr'><strong>τῶν</strong></span> <span class='ocrx_word' id='word_1_522' title='bbox 2619 4037 2863 4109; x_wconf 85' lang='grc' dir='ltr'>οὐρανῶν</span> <span class='ocrx_word' id='word_1_523' title='bbox 2887 4038 3330 4110; x_wconf 82' lang='grc' dir='ltr'>δραπετεύσαντα</span> <span class='ocrx_word' id='word_1_524' title='bbox 3363 4054 3380 4070; x_wconf 79' lang='grc' dir='ltr'><strong><em>ο</em></strong></span> <span class='ocrx_word' id='word_1_525' title='bbox 3420 4036 3509 4091; x_wconf 79' lang='grc' dir='ltr'><strong>διὰ</strong></span> <span class='ocrx_word' id='word_1_526' title='bbox 3532 4036 3596 4091; x_wconf 79' lang='grc' dir='ltr'>τὸ</span> <span class='ocrx_word' id='word_1_527' title='bbox 3627 4037 3787 4092; x_wconf 80' lang='grc' dir='ltr'>κάκεῖ</span> <span class='ocrx_word' id='word_1_528' title='bbox 3823 4038 3923 4091; x_wconf 78' lang='grc' dir='ltr'>τὸν</span> <span class='ocrx_word' id='word_1_529' title='bbox 3953 4040 4068 4092; x_wconf 79' lang='grc' dir='ltr'><strong>Κύ-</strong></span> 
     </span>
    </p>
   </div>
   <div class='ocr_carea' id='block_1_82' title="bbox 2487 4305 4070 4384">
    <p class='ocr_par' dir='ltr' id='par_1_82' title="bbox 2487 4305 4070 4384">
     <span class='ocr_line' id='line_1_84' title="bbox 2487 4305 4070 4384; baseline -0.005 -17"><span class='ocrx_word' id='word_1_530' title='bbox 2487 4312 2777 4384; x_wconf 79' lang='grc' dir='ltr'>δεξάμενος</span> <span class='ocrx_word' id='word_1_531' title='bbox 2813 4308 3145 4383; x_wconf 71' lang='grc' dir='ltr'>προσκννῶς</span> <span class='ocrx_word' id='word_1_532' title='bbox 3194 4307 3319 4372; x_wconf 82' lang='grc' dir='ltr'>Πῶς</span> <span class='ocrx_word' id='word_1_533' title='bbox 3356 4307 3615 4377; x_wconf 75' lang='grc' dir='ltr'>λοιδορεῖν</span> <span class='ocrx_word' id='word_1_534' title='bbox 3673 4305 3770 4360; x_wconf 76' lang='grc' dir='ltr'>καὶ</span> <span class='ocrx_word' id='word_1_535' title='bbox 3817 4305 4070 4374; x_wconf 77' lang='grc' dir='ltr'>εὐλογεῖν</span> 
     </span>
    </p>
   </div>
   <div class='ocr_carea' id='block_1_83' title="bbox 819 4391 2484 4474">
    <p class='ocr_par' dir='ltr' id='par_1_83' title="bbox 819 4391 2385 4467">
     <span class='ocr_line' id='line_1_85' title="bbox 819 4391 2385 4467; baseline -0.007 -12"><span class='ocrx_word' id='word_1_536' title='bbox 819 4416 940 4455; x_wconf 83' lang='lat' dir='ltr'><strong>utea</strong></span> <span class='ocrx_word' id='word_1_537' title='bbox 998 4409 1145 4465; x_wconf 87' lang='lat' dir='ltr'><strong>sunt,</strong></span> <span class='ocrx_word' id='word_1_538' title='bbox 1210 4396 1505 4467; x_wconf 84' lang='lat' dir='ltr'><strong>quomodo,</strong></span> <span class='ocrx_word' id='word_1_539' title='bbox 1543 4396 1672 4447; x_wconf 89' lang='lat' dir='ltr'><strong>dum</strong></span> <span class='ocrx_word' id='word_1_540' title='bbox 1719 4393 1941 4448; x_wconf 71' lang='lat' dir='ltr'><strong>cmleste</strong></span> <span class='ocrx_word' id='word_1_541' title='bbox 1988 4391 2122 4445; x_wconf 91' lang='lat' dir='ltr'><strong>illud</strong></span> <span class='ocrx_word' id='word_1_542' title='bbox 2182 4391 2385 4446; x_wconf 78' lang='lat' dir='ltr'><strong>donum</strong></span> 
     </span>
    </p>
   </div>
   <div class='ocr_carea' id='block_1_84' title="bbox 2403 4391 4068 4474">
    <p class='ocr_par' dir='ltr' id='par_1_84' title="bbox 2487 4391 4068 4474">
     <span class='ocr_line' id='line_1_86' title="bbox 2487 4391 4068 4474; baseline -0.004 -17"><span class='ocrx_word' id='word_1_543' title='bbox 2487 4404 2749 4474; x_wconf 76' lang='grc' dir='ltr'>δύναμαις</span> <span class='ocrx_word' id='word_1_544' title='bbox 2793 4401 3028 4465; x_wconf 72' lang='grc' dir='ltr'>Πολλοὺς</span> <span class='ocrx_word' id='word_1_545' title='bbox 3054 4402 3085 4454; x_wconf 82' lang='grc' dir='ltr'><strong>ὁ</strong></span> <span class='ocrx_word' id='word_1_546' title='bbox 3114 4397 3366 4453; x_wconf 85' lang='grc' dir='ltr'>ἀπατεὼν</span> <span class='ocrx_word' id='word_1_547' title='bbox 3397 4391 3552 4463; x_wconf 78' lang='grc' dir='ltr'>οὗτος</span> <span class='ocrx_word' id='word_1_548' title='bbox 3579 4397 3674 4451; x_wconf 73' lang='grc' dir='ltr'>καὶ</span> <span class='ocrx_word' id='word_1_549' title='bbox 3713 4397 4068 4469; x_wconf 74' lang='grc' dir='ltr'>ψυχοφθὸρος</span> 
     </span>
    </p>
   </div>
   <div class='ocr_carea' id='block_1_85' title="bbox 818 4480 2483 4563">
    <p class='ocr_par' dir='ltr' id='par_1_85' title="bbox 818 4480 2388 4557">
     <span class='ocr_line' id='line_1_87' title="bbox 818 4480 2388 4557; baseline -0.006 -12"><span class='ocrx_word' id='word_1_550' title='bbox 818 4503 1006 4551; x_wconf 87' lang='lat' dir='ltr'><strong>sumo,</strong></span> <span class='ocrx_word' id='word_1_551' title='bbox 1085 4487 1307 4557; x_wconf 77' lang='lat' dir='ltr'><strong>supplex</strong></span> <span class='ocrx_word' id='word_1_552' title='bbox 1396 4484 1601 4539; x_wconf 81' lang='lat' dir='ltr'><strong>adoro?</strong></span> <span class='ocrx_word' id='word_1_553' title='bbox 1677 4480 1950 4552; x_wconf 86' lang='lat' dir='ltr'><strong>quomodo</strong></span> <span class='ocrx_word' id='word_1_554' title='bbox 2036 4482 2199 4535; x_wconf 87' lang='lat' dir='ltr'><strong>simul</strong></span> <span class='ocrx_word' id='word_1_555' title='bbox 2261 4496 2388 4551; x_wconf 91' lang='lat' dir='ltr'><strong>pos-</strong></span> 
     </span>
    </p>
   </div>
   <div class='ocr_carea' id='block_1_86' title="bbox 2399 4480 4064 4563">
    <p class='ocr_par' dir='ltr' id='par_1_86' title="bbox 2493 4488 4064 4563">
     <span class='ocr_line' id='line_1_88' title="bbox 2493 4488 4064 4563; baseline -0.006 -13"><span class='ocrx_word' id='word_1_556' title='bbox 2493 4500 2571 4560; x_wconf 86' lang='grc' dir='ltr'><strong>είς</strong></span> <span class='ocrx_word' id='word_1_557' title='bbox 2624 4496 2881 4549; x_wconf 80' lang='grc' dir='ltr'>ἔκστασιν</span> <span class='ocrx_word' id='word_1_558' title='bbox 2929 4490 3146 4563; x_wconf 81' lang='grc' dir='ltr'>φρενῶν</span> <span class='ocrx_word' id='word_1_559' title='bbox 3184 4490 3362 4560; x_wconf 65' lang='grc' dir='ltr'>ἤγαγε</span> <span class='ocrx_word' id='word_1_560' title='bbox 3400 4488 3657 4553; x_wconf 81' lang='grc' dir='ltr'>πολλάκις</span> <span class='ocrx_word' id='word_1_561' title='bbox 3686 4505 3700 4519; x_wconf 90' lang='grc'><strong>·</strong></span> <span class='ocrx_word' id='word_1_562' title='bbox 3729 4488 3910 4551; x_wconf 66' lang='grc' dir='ltr'>οὐδεὶς</span> <span class='ocrx_word' id='word_1_563' title='bbox 3954 4491 4064 4559; x_wconf 70' lang='grc' dir='ltr'><strong>γάρ</strong></span> 
     </span>
    </p>
   </div>
   <div class='ocr_carea' id='block_1_87' title="bbox 817 4571 2482 4672">
    <p class='ocr_par' dir='ltr' id='par_1_87' title="bbox 817 4571 2462 4672">
     <span class='ocr_line' id='line_1_89' title="bbox 817 4571 2462 4672; baseline -0.004 -39"><span class='ocrx_word' id='word_1_564' title='bbox 817 4596 936 4634; x_wconf 79' lang='lat' dir='ltr'><strong>sum</strong></span> <span class='ocrx_word' id='word_1_565' title='bbox 966 4579 1141 4634; x_wconf 86' lang='lat' dir='ltr'><strong>eidem</strong></span> <span class='ocrx_word' id='word_1_566' title='bbox 1200 4588 1257 4631; x_wconf 92' lang='lat' dir='ltr'><strong>et</strong></span> <span class='ocrx_word' id='word_1_567' title='bbox 1315 4577 1454 4630; x_wconf 89' lang='lat' dir='ltr'><strong>male</strong></span> <span class='ocrx_word' id='word_1_568' title='bbox 1507 4585 1563 4629; x_wconf 90' lang='lat' dir='ltr'><strong>et</strong></span> <span class='ocrx_word' id='word_1_569' title='bbox 1634 4572 1984 4629; x_wconf 79' lang='lat' dir='ltr'><strong>benedicere?</strong></span> <span class='ocrx_word' id='word_1_570' title='bbox 2042 4571 2240 4628; x_wconf 78' lang='lat' dir='ltr'><strong>Multos</strong></span> <span class='ocrx_word' id='word_1_571' title='bbox 2298 4572 2387 4627; x_wconf 91' lang='lat' dir='ltr'><strong>ille</strong></span> <span class='ocrx_word' id='word_1_572' title='bbox 2416 4616 2462 4672; x_wconf 67' lang='grc' dir='ltr'>υ</span> 
     </span>
    </p>
   </div>
   <div class='ocr_carea' id='block_1_88' title="bbox 2398 4571 4063 4672">
    <p class='ocr_par' dir='ltr' id='par_1_88' title="bbox 2416 4577 4063 4672">
     <span class='ocr_line' id='line_1_90' title="bbox 2416 4577 4063 4672; baseline -0.007 -30"><span class='ocrx_word' id='word_1_573' title='bbox 2416 4616 2462 4672; x_wconf 77' lang='lat' dir='ltr'><strong>D</strong></span> <span class='ocrx_word' id='word_1_574' title='bbox 2490 4588 2675 4660; x_wconf 76' lang='grc' dir='ltr'>ἔτερος</span> <span class='ocrx_word' id='word_1_575' title='bbox 2725 4582 2983 4653; x_wconf 84' lang='grc' dir='ltr'>λογισμὸς</span> <span class='ocrx_word' id='word_1_576' title='bbox 3029 4580 3204 4645; x_wconf 81' lang='grc' dir='ltr'>οὕτως</span> <span class='ocrx_word' id='word_1_577' title='bbox 3261 4579 3738 4651; x_wconf 76' lang='grc' dir='ltr'>δυσεξαγόρευτος,</span> <span class='ocrx_word' id='word_1_578' title='bbox 3784 4577 3862 4640; x_wconf 81' lang='grc' dir='ltr'>ὡς</span> <span class='ocrx_word' id='word_1_579' title='bbox 3894 4579 4063 4636; x_wconf 70' lang='grc' dir='ltr'>αὐτὸς</span> 
     </span>
    </p>
   </div>
   <div class='ocr_carea' id='block_1_89' title="bbox 818 4664 2483 4747">
    <p class='ocr_par' dir='ltr' id='par_1_89' title="bbox 818 4664 2454 4743">
     <span class='ocr_line' id='line_1_91' title="bbox 818 4664 2454 4743; baseline -0.002 -22"><span class='ocrx_word' id='word_1_580' title='bbox 818 4669 983 4743; x_wconf 71' lang='lat'><strong>399</strong></span> <span class='ocrx_word' id='word_1_581' title='bbox 1002 4679 1270 4725; x_wconf 84' lang='lat' dir='ltr'><strong>veterator</strong></span> <span class='ocrx_word' id='word_1_582' title='bbox 1299 4680 1354 4720; x_wconf 86' lang='lat' dir='ltr'><strong>et</strong></span> <span class='ocrx_word' id='word_1_583' title='bbox 1383 4667 1686 4720; x_wconf 90' lang='lat' dir='ltr'><strong>animarum</strong></span> <span class='ocrx_word' id='word_1_584' title='bbox 1704 4664 1943 4734; x_wconf 88' lang='lat' dir='ltr'><strong>perditor</strong></span> <span class='ocrx_word' id='word_1_585' title='bbox 1971 4678 2114 4734; x_wconf 63' lang='lat' dir='ltr'><strong>sape</strong></span> <span class='ocrx_word' id='word_1_586' title='bbox 2139 4664 2207 4719; x_wconf 91' lang='lat' dir='ltr'><strong>de</strong></span> <span class='ocrx_word' id='word_1_587' title='bbox 2237 4673 2380 4719; x_wconf 87' lang='lat' dir='ltr'><strong>statu</strong></span> <span class='ocrx_word' id='word_1_588' title='bbox 2416 4664 2454 4672; x_wconf 79' lang='lat'><em>&quot;</em></span> 
     </span>
    </p>
   </div>
   <div class='ocr_carea' id='block_1_90' title="bbox 2394 4664 4059 4747">
    <p class='ocr_par' dir='ltr' id='par_1_90' title="bbox 2416 4664 4059 4747">
     <span class='ocr_line' id='line_1_92' title="bbox 2416 4664 4059 4747; baseline -0.01 -12"><span class='ocrx_word' id='word_1_589' title='bbox 2416 4664 2454 4672; x_wconf 44' lang='grc'>⁷</span> <span class='ocrx_word' id='word_1_590' title='bbox 2488 4678 2790 4747; x_wconf 82' lang='grc' dir='ltr'>καθέστηκε</span> <span class='ocrx_word' id='word_1_591' title='bbox 2821 4690 2835 4704; x_wconf 78' lang='lat'><strong><em>°</em></strong></span> <span class='ocrx_word' id='word_1_592' title='bbox 2867 4674 2946 4728; x_wconf 86' lang='grc' dir='ltr'><strong>διδ</strong></span> <span class='ocrx_word' id='word_1_593' title='bbox 2977 4673 3232 4736; x_wconf 82' lang='grc' dir='ltr'>πολλάκις</span> <span class='ocrx_word' id='word_1_594' title='bbox 3246 4673 3358 4734; x_wconf 81' lang='grc' dir='ltr'>τοῖς</span> <span class='ocrx_word' id='word_1_595' title='bbox 3373 4670 3585 4734; x_wconf 84' lang='grc' dir='ltr'>πολλοῖς</span> <span class='ocrx_word' id='word_1_596' title='bbox 3612 4671 3708 4725; x_wconf 85' lang='grc' dir='ltr'>καὶ</span> <span class='ocrx_word' id='word_1_597' title='bbox 3747 4672 4059 4742; x_wconf 64' lang='grc' dir='ltr'>συνετήρε-</span> 
     </span>
    </p>
   </div>
   <div class='ocr_carea' id='block_1_91' title="bbox 818 4755 2483 4842">
    <p class='ocr_par' dir='ltr' id='par_1_91' title="bbox 818 4755 2386 4829">
     <span class='ocr_line' id='line_1_93' title="bbox 818 4755 2386 4829; baseline -0.004 -14"><span class='ocrx_word' id='word_1_598' title='bbox 818 4763 1016 4815; x_wconf 86' lang='lat' dir='ltr'><strong>mentis</strong></span> <span class='ocrx_word' id='word_1_599' title='bbox 1045 4760 1258 4829; x_wconf 69' lang='lat' dir='ltr'><strong>deiecit.</strong></span> <span class='ocrx_word' id='word_1_600' title='bbox 1301 4756 1460 4810; x_wconf 82' lang='lat' dir='ltr'><strong>Nulla</strong></span> <span class='ocrx_word' id='word_1_601' title='bbox 1500 4757 1643 4810; x_wconf 89' lang='lat' dir='ltr'><strong>enim</strong></span> <span class='ocrx_word' id='word_1_602' title='bbox 1674 4756 1777 4809; x_wconf 90' lang='lat' dir='ltr'><strong>alia</strong></span> <span class='ocrx_word' id='word_1_603' title='bbox 1804 4755 2061 4824; x_wconf 80' lang='lat' dir='ltr'><strong>cogitatio</strong></span> <span class='ocrx_word' id='word_1_604' title='bbox 2107 4764 2214 4808; x_wconf 91' lang='lat' dir='ltr'><strong>tam</strong></span> <span class='ocrx_word' id='word_1_605' title='bbox 2244 4769 2386 4825; x_wconf 62' lang='lat' dir='ltr'><strong>aegre</strong></span> 
     </span>
    </p>
   </div>
   <div class='ocr_carea' id='block_1_92' title="bbox 2392 4755 4057 4842">
    <p class='ocr_par' dir='ltr' id='par_1_92' title="bbox 2485 4762 4057 4842">
     <span class='ocr_line' id='line_1_94' title="bbox 2485 4762 4057 4842; baseline -0.006 -17"><span class='ocrx_word' id='word_1_606' title='bbox 2485 4789 2578 4825; x_wconf 88' lang='grc' dir='ltr'><strong>σεν</strong></span> <span class='ocrx_word' id='word_1_607' title='bbox 2618 4769 2716 4842; x_wconf 79' lang='grc' dir='ltr'><strong>[αι.</strong></span> <span class='ocrx_word' id='word_1_608' title='bbox 2755 4762 3217 4837; x_wconf 79' lang='grc' dir='ltr'>συγγεγήρακεν].</span> <span class='ocrx_word' id='word_1_609' title='bbox 3250 4764 3419 4818; x_wconf 72' lang='grc' dir='ltr'>Οὐδὲν</span> <span class='ocrx_word' id='word_1_610' title='bbox 3442 4763 3554 4833; x_wconf 76' lang='grc' dir='ltr'><strong>γάρ</strong></span> <span class='ocrx_word' id='word_1_611' title='bbox 3595 4764 3769 4824; x_wconf 82' lang='grc' dir='ltr'>οὕτως</span> <span class='ocrx_word' id='word_1_612' title='bbox 3797 4766 3915 4826; x_wconf 76' lang='grc' dir='ltr'>τοῖς</span> <span class='ocrx_word' id='word_1_613' title='bbox 3940 4765 4057 4817; x_wconf 58' lang='grc' dir='ltr'>δαίς</span> 
     </span>
    </p>
   </div>
   <div class='ocr_carea' id='block_1_93' title="bbox 816 4847 2481 4934">
    <p class='ocr_par' dir='ltr' id='par_1_93' title="bbox 816 4847 2381 4923">
     <span class='ocr_line' id='line_1_95' title="bbox 816 4847 2381 4923; baseline -0.005 -18"><span class='ocrx_word' id='word_1_614' title='bbox 816 4869 982 4923; x_wconf 80' lang='lat' dir='ltr'><strong>quam</strong></span> <span class='ocrx_word' id='word_1_615' title='bbox 1038 4854 1151 4906; x_wconf 64' lang='lat' dir='ltr'><strong>haec</strong></span> <span class='ocrx_word' id='word_1_616' title='bbox 1198 4850 1546 4919; x_wconf 64' lang='lat' dir='ltr'><strong>blasphemiae</strong></span> <span class='ocrx_word' id='word_1_617' title='bbox 1578 4848 1837 4917; x_wconf 84' lang='lat' dir='ltr'><strong>aperitur.</strong></span> <span class='ocrx_word' id='word_1_618' title='bbox 1872 4847 2058 4917; x_wconf 89' lang='lat' dir='ltr'><strong>Itaque</strong></span> <span class='ocrx_word' id='word_1_619' title='bbox 2096 4862 2239 4915; x_wconf 60' lang='lat' dir='ltr'><strong>sape</strong></span> <span class='ocrx_word' id='word_1_620' title='bbox 2258 4860 2381 4900; x_wconf 88' lang='lat' dir='ltr'><strong>cum</strong></span> 
     </span>
    </p>
   </div>
   <div class='ocr_carea' id='block_1_94' title="bbox 2388 4847 4053 4934">
    <p class='ocr_par' dir='ltr' id='par_1_94' title="bbox 2487 4856 4053 4934">
     <span class='ocr_line' id='line_1_96' title="bbox 2487 4856 4053 4934; baseline -0.006 -17"><span class='ocrx_word' id='word_1_621' title='bbox 2487 4882 2611 4934; x_wconf 86' lang='grc' dir='ltr'>μοσι</span> <span class='ocrx_word' id='word_1_622' title='bbox 2659 4862 2755 4914; x_wconf 80' lang='grc' dir='ltr'>καὶ</span> <span class='ocrx_word' id='word_1_623' title='bbox 2807 4863 2920 4922; x_wconf 80' lang='grc' dir='ltr'>τοῖς</span> <span class='ocrx_word' id='word_1_624' title='bbox 2973 4860 3251 4927; x_wconf 73' lang='grc' dir='ltr'><strong>ιιογισμοῖ.⁸</strong></span> <span class='ocrx_word' id='word_1_625' title='bbox 3300 4857 3451 4926; x_wconf 79' lang='grc' dir='ltr'>ἰσχὺν</span> <span class='ocrx_word' id='word_1_626' title='bbox 3478 4856 3598 4910; x_wconf 80' lang='grc' dir='ltr'>καθ’</span> <span class='ocrx_word' id='word_1_627' title='bbox 3623 4857 3780 4926; x_wconf 76' lang='grc' dir='ltr'>ἡμῶν</span> <span class='ocrx_word' id='word_1_628' title='bbox 3811 4857 4053 4917; x_wconf 64' lang='grc' dir='ltr'>δίδωσιν,</span> 
     </span>
    </p>
   </div>
   <div class='ocr_carea' id='block_1_95' title="bbox 818 4936 2483 5018">
    <p class='ocr_par' dir='ltr' id='par_1_95' title="bbox 818 4936 2483 5001">
     <span class='ocr_line' id='line_1_97' title="bbox 818 4936 2483 5001; baseline -0.005 -1"><span class='ocrx_word' id='word_1_629' title='bbox 818 4946 1003 5001; x_wconf 87' lang='lat' dir='ltr'><strong>multis</strong></span> <span class='ocrx_word' id='word_1_630' title='bbox 1057 4945 1244 4998; x_wconf 83' lang='lat' dir='ltr'><strong>clausa</strong></span> <span class='ocrx_word' id='word_1_631' title='bbox 1292 4943 1439 4996; x_wconf 85' lang='lat' dir='ltr'><strong>intus</strong></span> <span class='ocrx_word' id='word_1_632' title='bbox 1496 4940 1800 4994; x_wconf 86' lang='lat' dir='ltr'><strong>consenuit.</strong></span> <span class='ocrx_word' id='word_1_633' title='bbox 1861 4936 2005 4993; x_wconf 75' lang='lat' dir='ltr'><strong>Nihil</strong></span> <span class='ocrx_word' id='word_1_634' title='bbox 2065 4939 2210 4993; x_wconf 88' lang='lat' dir='ltr'><strong>enim</strong></span> <span class='ocrx_word' id='word_1_635' title='bbox 2250 4938 2384 4992; x_wconf 87' lang='lat' dir='ltr'><strong>adeo</strong></span> <span class='ocrx_word' id='word_1_636' title='bbox 2481 4982 2483 4999; x_wconf 44' lang='grc' dir='ltr'>ι</span> 
     </span>
    </p>
   </div>
   <div class='ocr_carea' id='block_1_96' title="bbox 2390 4936 4055 5018">
    <p class='ocr_par' dir='ltr' id='par_1_96' title="bbox 2481 4948 4055 5018">
     <span class='ocr_line' id='line_1_98' title="bbox 2481 4948 4055 5018; baseline -0.004 -11"><span class='ocrx_word' id='word_1_637' title='bbox 2481 4956 2556 5017; x_wconf 81' lang='grc' dir='ltr'>ὡς</span> <span class='ocrx_word' id='word_1_638' title='bbox 2582 4954 2644 5006; x_wconf 83' lang='grc' dir='ltr'>τὸ</span> <span class='ocrx_word' id='word_1_639' title='bbox 2677 4951 2899 5010; x_wconf 84' lang='grc' dir='ltr'>τούτους</span> <span class='ocrx_word' id='word_1_640' title='bbox 2946 4948 3404 5018; x_wconf 81' lang='grc' dir='ltr'>άνεξαγορεύτονς</span> <span class='ocrx_word' id='word_1_641' title='bbox 3450 4948 3509 4999; x_wconf 79' lang='grc' dir='ltr'>ἐν</span> <span class='ocrx_word' id='word_1_642' title='bbox 3554 4950 3623 5017; x_wconf 77' lang='grc' dir='ltr'><strong>τῇ</strong></span> <span class='ocrx_word' id='word_1_643' title='bbox 3674 4948 3875 5018; x_wconf 69' lang='grc' dir='ltr'>καρδίᾳ</span> <span class='ocrx_word' id='word_1_644' title='bbox 3922 4951 4055 5002; x_wconf 76' lang='grc' dir='ltr'>σιτί-</span> 
     </span>
    </p>
   </div>
   <div class='ocr_carea' id='block_1_97' title="bbox 816 5031 2481 5111">
    <p class='ocr_par' dir='ltr' id='par_1_97' title="bbox 816 5031 2382 5104">
     <span class='ocr_line' id='line_1_99' title="bbox 816 5031 2382 5104; baseline -0.005 -12"><span class='ocrx_word' id='word_1_645' title='bbox 816 5040 1125 5093; x_wconf 74' lang='lat' dir='ltr'><strong>tlmmonum</strong></span> <span class='ocrx_word' id='word_1_646' title='bbox 1148 5046 1200 5091; x_wconf 89' lang='lat' dir='ltr'><strong>et</strong></span> <span class='ocrx_word' id='word_1_647' title='bbox 1233 5035 1619 5104; x_wconf 77' lang='lat' dir='ltr'><strong>cogitationum</strong></span> <span class='ocrx_word' id='word_1_648' title='bbox 1655 5034 1943 5103; x_wconf 83' lang='lat' dir='ltr'><strong>impiarum</strong></span> <span class='ocrx_word' id='word_1_649' title='bbox 1971 5031 2230 5086; x_wconf 86' lang='lat' dir='ltr'><strong>adversus</strong></span> <span class='ocrx_word' id='word_1_650' title='bbox 2284 5045 2382 5085; x_wconf 89' lang='lat' dir='ltr'><strong>nos</strong></span> 
     </span>
    </p>
   </div>
   <div class='ocr_carea' id='block_1_98' title="bbox 2390 5031 4055 5111">
    <p class='ocr_par' dir='ltr' id='par_1_98' title="bbox 2483 5039 4055 5111">
     <span class='ocr_line' id='line_1_100' title="bbox 2483 5039 4055 5111; baseline -0.008 -11"><span class='ocrx_word' id='word_1_651' title='bbox 2483 5046 2670 5111; x_wconf 80' lang='grc' dir='ltr'>ζεσθαι</span> <span class='ocrx_word' id='word_1_652' title='bbox 2722 5044 2818 5099; x_wconf 72' lang='grc' dir='ltr'>καὶ</span> <span class='ocrx_word' id='word_1_653' title='bbox 2870 5039 3317 5109; x_wconf 81' lang='grc' dir='ltr'>ἀποκρύπτεσθαι</span> <span class='ocrx_word' id='word_1_654' title='bbox 3350 5058 3365 5070; x_wconf 87' lang='grc'><strong>·</strong></span> <span class='ocrx_word' id='word_1_655' title='bbox 3427 5039 3614 5110; x_wconf 80' lang='grc' dir='ltr'>μηδεὶς</span> <span class='ocrx_word' id='word_1_656' title='bbox 3651 5040 4055 5111; x_wconf 66' lang='grc' dir='ltr'>ἐπιλογισμοῖς</span> 
     </span>
    </p>
   </div>
   <div class='ocr_carea' id='block_1_99' title="bbox 815 5123 2480 5210">
    <p class='ocr_par' dir='ltr' id='par_1_99' title="bbox 815 5123 2384 5201">
     <span class='ocr_line' id='line_1_101' title="bbox 815 5123 2384 5201; baseline -0.007 -16"><span class='ocrx_word' id='word_1_657' title='bbox 815 5132 927 5185; x_wconf 87' lang='lat' dir='ltr'><strong>vim</strong></span> <span class='ocrx_word' id='word_1_658' title='bbox 952 5139 1130 5201; x_wconf 86' lang='lat' dir='ltr'><strong>auget,</strong></span> <span class='ocrx_word' id='word_1_659' title='bbox 1162 5139 1325 5197; x_wconf 86' lang='lat' dir='ltr'><strong>atque</strong></span> <span class='ocrx_word' id='word_1_660' title='bbox 1364 5129 1460 5182; x_wconf 85' lang='lat' dir='ltr'><strong>bas</strong></span> <span class='ocrx_word' id='word_1_661' title='bbox 1511 5128 1564 5181; x_wconf 88' lang='lat' dir='ltr'><strong>in</strong></span> <span class='ocrx_word' id='word_1_662' title='bbox 1617 5126 1783 5181; x_wconf 90' lang='lat' dir='ltr'><strong>corde</strong></span> <span class='ocrx_word' id='word_1_663' title='bbox 1823 5124 2016 5181; x_wconf 83' lang='lat' dir='ltr'><strong>tacitas</strong></span> <span class='ocrx_word' id='word_1_664' title='bbox 2071 5123 2279 5177; x_wconf 89' lang='lat' dir='ltr'><strong>nutrire</strong></span> <span class='ocrx_word' id='word_1_665' title='bbox 2329 5130 2384 5175; x_wconf 94' lang='lat' dir='ltr'><strong>et</strong></span> 
     </span>
    </p>
   </div>
   <div class='ocr_carea' id='block_1_100' title="bbox 2387 5123 4052 5210">
    <p class='ocr_par' dir='ltr' id='par_1_100' title="bbox 2484 5129 4052 5210">
     <span class='ocr_line' id='line_1_102' title="bbox 2484 5129 4052 5210; baseline -0.004 -18"><span class='ocrx_word' id='word_1_666' title='bbox 2484 5136 2833 5210; x_wconf 72' lang='grc' dir='ltr'>βλασφημίας</span> <span class='ocrx_word' id='word_1_667' title='bbox 2861 5133 3025 5188; x_wconf 80' lang='grc' dir='ltr'>αὐτὸν</span> <span class='ocrx_word' id='word_1_668' title='bbox 3079 5132 3250 5187; x_wconf 71' lang='grc' dir='ltr'>αἴτιον</span> <span class='ocrx_word' id='word_1_669' title='bbox 3293 5129 3434 5187; x_wconf 78' lang='grc' dir='ltr'>εἶναι</span> <span class='ocrx_word' id='word_1_670' title='bbox 3473 5130 3740 5200; x_wconf 84' lang='grc' dir='ltr'>λογίσοιτο</span> <span class='ocrx_word' id='word_1_671' title='bbox 3771 5149 3787 5163; x_wconf 89' lang='grc'><strong>·</strong></span> <span class='ocrx_word' id='word_1_672' title='bbox 3832 5135 4052 5205; x_wconf 60' lang='lat' dir='ltr'><strong>napo-.0-</strong></span> 
     </span>
    </p>
   </div>
   <div class='ocr_carea' id='block_1_101' title="bbox 814 5215 2479 5298">
    <p class='ocr_par' dir='ltr' id='par_1_101' title="bbox 814 5215 2382 5287">
     <span class='ocr_line' id='line_1_103' title="bbox 814 5215 2382 5287; baseline -0.006 -11"><span class='ocrx_word' id='word_1_673' title='bbox 814 5222 1011 5276; x_wconf 88' lang='lat' dir='ltr'><strong>celare.</strong></span> <span class='ocrx_word' id='word_1_674' title='bbox 1052 5218 1222 5274; x_wconf 86' lang='lat' dir='ltr'><strong>Nemo</strong></span> <span class='ocrx_word' id='word_1_675' title='bbox 1256 5234 1316 5274; x_wconf 86' lang='lat' dir='ltr'><strong>se</strong></span> <span class='ocrx_word' id='word_1_676' title='bbox 1349 5227 1564 5287; x_wconf 83' lang='lat' dir='ltr'><strong>propter</strong></span> <span class='ocrx_word' id='word_1_677' title='bbox 1611 5215 1984 5287; x_wconf 84' lang='lat' dir='ltr'><strong>hujuscemodi</strong></span> <span class='ocrx_word' id='word_1_678' title='bbox 2035 5216 2382 5284; x_wconf 66' lang='lat' dir='ltr'><strong>bIaSphetnia:</strong></span> 
     </span>
    </p>
   </div>
   <div class='ocr_carea' id='block_1_102' title="bbox 2388 5215 4053 5298">
    <p class='ocr_par' dir='ltr' id='par_1_102' title="bbox 2481 5223 4053 5298">
     <span class='ocr_line' id='line_1_104' title="bbox 2481 5223 4053 5298; baseline -0.003 -16"><span class='ocrx_word' id='word_1_679' title='bbox 2481 5229 2725 5298; x_wconf 81' lang='grc' dir='ltr'>γνώστης</span> <span class='ocrx_word' id='word_1_680' title='bbox 2771 5226 2882 5295; x_wconf 81' lang='grc' dir='ltr'><strong>γάρ</strong></span> <span class='ocrx_word' id='word_1_681' title='bbox 2914 5227 3064 5278; x_wconf 71' lang='grc' dir='ltr'>ἐστιν</span> <span class='ocrx_word' id='word_1_682' title='bbox 3116 5226 3146 5278; x_wconf 85' lang='grc' dir='ltr'><strong>ό</strong></span> <span class='ocrx_word' id='word_1_683' title='bbox 3197 5223 3423 5296; x_wconf 79' lang='grc' dir='ltr'>Κύριος.</span> <span class='ocrx_word' id='word_1_684' title='bbox 3472 5224 3566 5278; x_wconf 75' lang='grc' dir='ltr'>καὶ</span> <span class='ocrx_word' id='word_1_685' title='bbox 3601 5223 3922 5288; x_wconf 67' lang='grc' dir='ltr'>ἐπίσταται,</span> <span class='ocrx_word' id='word_1_686' title='bbox 3961 5227 4053 5296; x_wconf 80' lang='grc' dir='ltr'>οὐχ</span> 
     </span>
    </p>
   </div>
   <div class='ocr_carea' id='block_1_103' title="bbox 815 5308 2480 5387">
    <p class='ocr_par' dir='ltr' id='par_1_103' title="bbox 815 5308 2382 5382">
     <span class='ocr_line' id='line_1_105' title="bbox 815 5308 2382 5382; baseline -0.004 -15"><span class='ocrx_word' id='word_1_687' title='bbox 815 5313 1173 5382; x_wconf 82' lang='lat' dir='ltr'><strong>cogitationes</strong></span> <span class='ocrx_word' id='word_1_688' title='bbox 1212 5327 1363 5365; x_wconf 89' lang='lat' dir='ltr'><strong>reum</strong></span> <span class='ocrx_word' id='word_1_689' title='bbox 1414 5310 1529 5363; x_wconf 86' lang='lat' dir='ltr'><strong>lieri</strong></span> <span class='ocrx_word' id='word_1_690' title='bbox 1564 5319 1658 5363; x_wconf 90' lang='lat' dir='ltr'><strong>aut</strong></span> <span class='ocrx_word' id='word_1_691' title='bbox 1694 5323 1920 5379; x_wconf 85' lang='lat' dir='ltr'><strong>peccare</strong></span> <span class='ocrx_word' id='word_1_692' title='bbox 1946 5308 2239 5373; x_wconf 76' lang='lat' dir='ltr'><strong>existimet,</strong></span> <span class='ocrx_word' id='word_1_693' title='bbox 2285 5322 2382 5361; x_wconf 85' lang='lat' dir='ltr'><strong>uo-</strong></span> 
     </span>
    </p>
   </div>
   <div class='ocr_carea' id='block_1_104' title="bbox 2386 5308 4051 5387">
    <p class='ocr_par' dir='ltr' id='par_1_104' title="bbox 2483 5309 4051 5387">
     <span class='ocr_line' id='line_1_106' title="bbox 2483 5309 4051 5387; baseline 0 -19"><span class='ocrx_word' id='word_1_694' title='bbox 2483 5317 2659 5387; x_wconf 74' lang='grc' dir='ltr'>ἡμῶν,</span> <span class='ocrx_word' id='word_1_695' title='bbox 2700 5314 2839 5367; x_wconf 83' lang='grc' dir='ltr'><strong>άλλά</strong></span> <span class='ocrx_word' id='word_1_696' title='bbox 2861 5313 2972 5365; x_wconf 89' lang='grc' dir='ltr'><strong>τῶν</strong></span> <span class='ocrx_word' id='word_1_697' title='bbox 2997 5312 3207 5382; x_wconf 77' lang='grc' dir='ltr'>ἐχθρῶν</span> <span class='ocrx_word' id='word_1_698' title='bbox 3231 5312 3391 5383; x_wconf 79' lang='grc' dir='ltr'>ημῶν</span> <span class='ocrx_word' id='word_1_699' title='bbox 3416 5309 3556 5368; x_wconf 80' lang='grc' dir='ltr'>εἶναι</span> <span class='ocrx_word' id='word_1_700' title='bbox 3581 5312 3649 5366; x_wconf 71' lang='grc' dir='ltr'><strong>τά</strong></span> <span class='ocrx_word' id='word_1_701' title='bbox 3683 5312 3921 5368; x_wconf 74' lang='grc' dir='ltr'>τοιαῦτα</span> <span class='ocrx_word' id='word_1_702' title='bbox 3966 5317 4051 5385; x_wconf 62' lang='grc' dir='ltr'>ριξ-</span> 
     </span>
    </p>
   </div>
   <div class='ocr_carea' id='block_1_105' title="bbox 813 5401 2478 5479">
    <p class='ocr_par' dir='ltr' id='par_1_105' title="bbox 813 5401 2377 5469">
     <span class='ocr_line' id='line_1_107' title="bbox 813 5401 2377 5469; baseline -0.001 -13"><span class='ocrx_word' id='word_1_703' title='bbox 813 5406 892 5458; x_wconf 83' lang='lat' dir='ltr'><strong>vit</strong></span> <span class='ocrx_word' id='word_1_704' title='bbox 917 5403 1061 5457; x_wconf 81' lang='lat' dir='ltr'><strong>enim</strong></span> <span class='ocrx_word' id='word_1_705' title='bbox 1094 5403 1336 5457; x_wconf 88' lang='lat' dir='ltr'><strong>cordium</strong></span> <span class='ocrx_word' id='word_1_706' title='bbox 1367 5402 1616 5469; x_wconf 76' lang='lat' dir='ltr'><strong>cognitor</strong></span> <span class='ocrx_word' id='word_1_707' title='bbox 1643 5401 1784 5456; x_wconf 85' lang='lat' dir='ltr'><strong>Deus</strong></span> <span class='ocrx_word' id='word_1_708' title='bbox 1834 5415 1942 5454; x_wconf 88' lang='lat' dir='ltr'><strong>non</strong></span> <span class='ocrx_word' id='word_1_709' title='bbox 1998 5409 2234 5463; x_wconf 79' lang='lat' dir='ltr'><strong>nostras,</strong></span> <span class='ocrx_word' id='word_1_710' title='bbox 2284 5402 2377 5455; x_wconf 84' lang='lat' dir='ltr'><strong>sed</strong></span> 
     </span>
    </p>
   </div>
   <div class='ocr_carea' id='block_1_106' title="bbox 2385 5401 4050 5479">
    <p class='ocr_par' dir='ltr' id='par_1_106' title="bbox 2484 5404 4050 5479">
     <span class='ocr_line' id='line_1_108' title="bbox 2484 5404 4050 5479; baseline -0.001 -18"><span class='ocrx_word' id='word_1_711' title='bbox 2484 5425 2649 5479; x_wconf 89' lang='grc' dir='ltr'>ματα.</span> <span class='ocrx_word' id='word_1_712' title='bbox 2696 5406 2771 5460; x_wconf 83' lang='grc' dir='ltr'><strong>Τὸ</strong></span> <span class='ocrx_word' id='word_1_713' title='bbox 2825 5405 3046 5476; x_wconf 85' lang='grc' dir='ltr'>μεθύειν</span> <span class='ocrx_word' id='word_1_714' title='bbox 3093 5407 3265 5460; x_wconf 79' lang='grc' dir='ltr'>αῖτιον</span> <span class='ocrx_word' id='word_1_715' title='bbox 3284 5404 3380 5460; x_wconf 75' lang='grc' dir='ltr'>τοῦ</span> <span class='ocrx_word' id='word_1_716' title='bbox 3407 5406 3770 5476; x_wconf 84' lang='grc' dir='ltr'>προσκόπτειν</span> <span class='ocrx_word' id='word_1_717' title='bbox 3799 5422 3812 5436; x_wconf 90' lang='grc'><strong>·</strong></span> <span class='ocrx_word' id='word_1_718' title='bbox 3848 5410 3951 5460; x_wconf 81' lang='grc' dir='ltr'>καὶ</span> <span class='ocrx_word' id='word_1_719' title='bbox 3993 5409 4050 5459; x_wconf 73' lang='grc' dir='ltr'>τὸ</span> 
     </span>
    </p>
   </div>
   <div class='ocr_carea' id='block_1_107' title="bbox 815 5490 2480 5571">
    <p class='ocr_par' dir='ltr' id='par_1_107' title="bbox 815 5490 2383 5560">
     <span class='ocr_line' id='line_1_109' title="bbox 815 5490 2383 5560; baseline -0.002 -12"><span class='ocrx_word' id='word_1_720' title='bbox 815 5494 1052 5549; x_wconf 88' lang='lat' dir='ltr'><strong>hostium</strong></span> <span class='ocrx_word' id='word_1_721' title='bbox 1088 5500 1396 5547; x_wconf 88' lang='lat' dir='ltr'><strong>nostrorum</strong></span> <span class='ocrx_word' id='word_1_722' title='bbox 1431 5506 1554 5545; x_wconf 75' lang='lat' dir='ltr'><strong>esse</strong></span> <span class='ocrx_word' id='word_1_723' title='bbox 1584 5492 1848 5558; x_wconf 85' lang='lat' dir='ltr'><strong>ejusmodi</strong></span> <span class='ocrx_word' id='word_1_724' title='bbox 1877 5490 2252 5560; x_wconf 83' lang='lat' dir='ltr'><strong>cogitationes.</strong></span> <span class='ocrx_word' id='word_1_725' title='bbox 2312 5491 2383 5546; x_wconf 87' lang='lat' dir='ltr'><strong>Ut</strong></span> 
     </span>
    </p>
   </div>
   <div class='ocr_carea' id='block_1_108' title="bbox 2380 5490 4045 5571">
    <p class='ocr_par' dir='ltr' id='par_1_108' title="bbox 2380 5498 4045 5571">
     <span class='ocr_line' id='line_1_110' title="bbox 2380 5498 4045 5571; baseline -0.001 -19"><span class='ocrx_word' id='word_1_726' title='bbox 2380 5532 2383 5543; x_wconf 75' lang='grc' dir='ltr'><strong>ι</strong></span> <span class='ocrx_word' id='word_1_727' title='bbox 2483 5498 3017 5571; x_wconf 78' lang='grc' dir='ltr'>ὑπερηφανεύεσθαι,</span> <span class='ocrx_word' id='word_1_728' title='bbox 3079 5499 3252 5551; x_wconf 76' lang='grc' dir='ltr'>αἴτιον</span> <span class='ocrx_word' id='word_1_729' title='bbox 3282 5498 3391 5552; x_wconf 90' lang='grc' dir='ltr'><strong>τῶν</strong></span> <span class='ocrx_word' id='word_1_730' title='bbox 3446 5498 3710 5568; x_wconf 80' lang='grc' dir='ltr'>ἀπρεπῶν</span> <span class='ocrx_word' id='word_1_731' title='bbox 3751 5498 4045 5569; x_wconf 83' lang='grc' dir='ltr'>λογισμῶν.</span> 
     </span>
    </p>
   </div>
   <div class='ocr_carea' id='block_1_109' title="bbox 813 5580 2478 5662">
    <p class='ocr_par' dir='ltr' id='par_1_109' title="bbox 813 5580 2377 5650">
     <span class='ocr_line' id='line_1_111' title="bbox 813 5580 2377 5650; baseline -0.001 -12"><span class='ocrx_word' id='word_1_732' title='bbox 813 5582 1049 5638; x_wconf 80' lang='lat' dir='ltr'><strong>ebrietas</strong></span> <span class='ocrx_word' id='word_1_733' title='bbox 1103 5590 1190 5637; x_wconf 88' lang='lat' dir='ltr'><strong>est</strong></span> <span class='ocrx_word' id='word_1_734' title='bbox 1240 5596 1405 5635; x_wconf 83' lang='lat' dir='ltr'><strong>causa</strong></span> <span class='ocrx_word' id='word_1_735' title='bbox 1455 5596 1557 5635; x_wconf 89' lang='lat' dir='ltr'><strong>cur</strong></span> <span class='ocrx_word' id='word_1_736' title='bbox 1597 5580 1859 5644; x_wconf 72' lang='lat' dir='ltr'><strong>ollendas.</strong></span> <span class='ocrx_word' id='word_1_737' title='bbox 1893 5583 1961 5633; x_wconf 78' lang='lat' dir='ltr'><strong>ita</strong></span> <span class='ocrx_word' id='word_1_738' title='bbox 1990 5581 2240 5650; x_wconf 87' lang='lat' dir='ltr'><strong>superbia</strong></span> <span class='ocrx_word' id='word_1_739' title='bbox 2273 5583 2377 5636; x_wconf 88' lang='lat' dir='ltr'><strong>im-</strong></span> 
     </span>
    </p>
   </div>
   <div class='ocr_carea' id='block_1_110' title="bbox 2378 5580 4043 5662">
    <p class='ocr_par' dir='ltr' id='par_1_110' title="bbox 2482 5591 4043 5662">
     <span class='ocr_line' id='line_1_112' title="bbox 2482 5591 4043 5662; baseline -0.001 -15"><span class='ocrx_word' id='word_1_740' title='bbox 2482 5595 2576 5647; x_wconf 73' lang='grc' dir='ltr'>καὶ</span> <span class='ocrx_word' id='word_1_741' title='bbox 2614 5596 2680 5647; x_wconf 80' lang='grc' dir='ltr'>ὲκ</span> <span class='ocrx_word' id='word_1_742' title='bbox 2716 5593 2816 5662; x_wconf 82' lang='grc' dir='ltr'>μὲν</span> <span class='ocrx_word' id='word_1_743' title='bbox 2844 5591 2941 5645; x_wconf 78' lang='grc' dir='ltr'>τοῦ</span> <span class='ocrx_word' id='word_1_744' title='bbox 2972 5592 3343 5662; x_wconf 83' lang='grc' dir='ltr'>προσκόπτειν</span> <span class='ocrx_word' id='word_1_745' title='bbox 3370 5591 3613 5654; x_wconf 83' lang='grc' dir='ltr'>ἀναίτιος</span> <span class='ocrx_word' id='word_1_746' title='bbox 3649 5593 3680 5641; x_wconf 78' lang='grc' dir='ltr'><strong>δ</strong></span> <span class='ocrx_word' id='word_1_747' title='bbox 3708 5591 4043 5661; x_wconf 66' lang='grc' dir='ltr'>προσκόψας,</span> 
     </span>
    </p>
   </div>
   <div class='ocr_carea' id='block_1_111' title="bbox 816 5672 2481 5755">
    <p class='ocr_par' dir='ltr' id='par_1_111' title="bbox 816 5672 2481 5744">
     <span class='ocr_line' id='line_1_113' title="bbox 816 5672 2481 5744; baseline 0.001 -17"><span class='ocrx_word' id='word_1_748' title='bbox 816 5676 1024 5743; x_wconf 85' lang='lat' dir='ltr'><strong>piarum</strong></span> <span class='ocrx_word' id='word_1_749' title='bbox 1055 5675 1465 5744; x_wconf 88' lang='lat' dir='ltr'><strong>cogitationum.</strong></span> <span class='ocrx_word' id='word_1_750' title='bbox 1511 5674 1574 5727; x_wconf 79' lang='lat' dir='ltr'><strong>Et</strong></span> <span class='ocrx_word' id='word_1_751' title='bbox 1612 5676 1861 5741; x_wconf 81' lang='lat' dir='ltr'><strong>quatnvis</strong></span> <span class='ocrx_word' id='word_1_752' title='bbox 1902 5672 2218 5728; x_wconf 79' lang='lat' dir='ltr'><strong>oﬂ‘endeudn</strong></span> <span class='ocrx_word' id='word_1_753' title='bbox 2268 5690 2375 5729; x_wconf 88' lang='lat' dir='ltr'><strong>non</strong></span> <span class='ocrx_word' id='word_1_754' title='bbox 2475 5690 2481 5735; x_wconf 63' lang='grc' dir='ltr'><strong>ί</strong></span> 
     </span>
    </p>
   </div>
   <div class='ocr_carea' id='block_1_112' title="bbox 2374 5672 4039 5755">
    <p class='ocr_par' dir='ltr' id='par_1_112' title="bbox 2374 5682 4039 5755">
     <span class='ocr_line' id='line_1_114' title="bbox 2374 5682 4039 5755; baseline -0.001 -18"><span class='ocrx_word' id='word_1_755' title='bbox 2374 5712 2375 5719; x_wconf 59' lang='grc' dir='ltr'><strong>ι</strong></span> <span class='ocrx_word' id='word_1_756' title='bbox 2475 5689 2539 5738; x_wconf 81' lang='grc' dir='ltr'>ἐκ</span> <span class='ocrx_word' id='word_1_757' title='bbox 2560 5688 2617 5739; x_wconf 76' lang='grc' dir='ltr'>δὲ</span> <span class='ocrx_word' id='word_1_758' title='bbox 2649 5685 2746 5738; x_wconf 78' lang='grc' dir='ltr'><strong>τοῦ</strong></span> <span class='ocrx_word' id='word_1_759' title='bbox 2775 5682 2995 5754; x_wconf 81' lang='grc' dir='ltr'>μεθύειν</span> <span class='ocrx_word' id='word_1_760' title='bbox 3019 5682 3237 5746; x_wconf 80' lang='grc' dir='ltr'>πάντως</span> <span class='ocrx_word' id='word_1_761' title='bbox 3266 5682 3731 5755; x_wconf 76' lang='grc' dir='ltr'>τιμωρηθήσεται.</span> <span class='ocrx_word' id='word_1_762' title='bbox 3766 5683 3860 5736; x_wconf 81' lang='grc' dir='ltr'>Ἔν</span> <span class='ocrx_word' id='word_1_763' title='bbox 3881 5699 4039 5754; x_wconf 84' lang='grc' dir='ltr'>προσ-</span> 
     </span>
    </p>
   </div>
   <div class='ocr_carea' id='block_1_113' title="bbox 813 5763 2478 5845">
    <p class='ocr_par' dir='ltr' id='par_1_113' title="bbox 813 5763 2478 5842">
     <span class='ocr_line' id='line_1_115' title="bbox 813 5763 2478 5842; baseline 0.002 -23"><span class='ocrx_word' id='word_1_764' title='bbox 813 5780 1022 5842; x_wconf 84' lang='lat' dir='ltr'><strong>pecces.</strong></span> <span class='ocrx_word' id='word_1_765' title='bbox 1052 5765 1291 5828; x_wconf 71' lang='lat' dir='ltr'><strong>puniet-is</strong></span> <span class='ocrx_word' id='word_1_766' title='bbox 1314 5774 1490 5818; x_wconf 83' lang='lat' dir='ltr'><strong>tamen</strong></span> <span class='ocrx_word' id='word_1_767' title='bbox 1566 5774 1783 5831; x_wconf 75' lang='lat' dir='ltr'><strong>pl&#39;oplt&#39;t&#39;</strong></span> <span class='ocrx_word' id='word_1_768' title='bbox 1839 5764 2176 5821; x_wconf 77' lang='lat' dir='ltr'><strong>eluit-tatem.</strong></span> <span class='ocrx_word' id='word_1_769' title='bbox 2237 5763 2372 5819; x_wconf 87' lang='lat' dir='ltr'><strong>Dum</strong></span> <span class='ocrx_word' id='word_1_770' title='bbox 2475 5798 2478 5823; x_wconf 68' lang='grc' dir='ltr'><strong>ι</strong></span> 
     </span>
    </p>
   </div>
   <div class='ocr_carea' id='block_1_114' title="bbox 2372 5763 4037 5845">
    <p class='ocr_par' dir='ltr' id='par_1_114' title="bbox 2475 5770 4037 5845">
     <span class='ocr_line' id='line_1_116' title="bbox 2475 5770 4037 5845; baseline -0.003 -17"><span class='ocrx_word' id='word_1_771' title='bbox 2475 5776 2607 5843; x_wconf 80' lang='grc' dir='ltr'>ευχῇ</span> <span class='ocrx_word' id='word_1_772' title='bbox 2676 5771 2979 5828; x_wconf 73' lang='grc' dir='ltr'>σταθέντων</span> <span class='ocrx_word' id='word_1_773' title='bbox 3024 5770 3183 5838; x_wconf 80' lang='grc' dir='ltr'>ἡμῶν</span> <span class='ocrx_word' id='word_1_774' title='bbox 3228 5774 3277 5825; x_wconf 87' lang='grc' dir='ltr'>οἱ</span> <span class='ocrx_word' id='word_1_775' title='bbox 3327 5770 3626 5841; x_wconf 78' lang='grc' dir='ltr'>ἀκάθαρτοι</span> <span class='ocrx_word' id='word_1_776' title='bbox 3683 5774 3779 5825; x_wconf 81' lang='grc' dir='ltr'>καὶ</span> <span class='ocrx_word' id='word_1_777' title='bbox 3819 5771 4037 5845; x_wconf 64' lang='grc' dir='ltr'>ἄρρητοι</span> 
     </span>
    </p>
   </div>
   <div class='ocr_carea' id='block_1_115' title="bbox 889 5904 1525 5989">
    <p class='ocr_par' dir='ltr' id='par_1_115' title="bbox 889 5904 1525 5989">
     <span class='ocr_line' id='line_1_117' title="bbox 889 5904 1525 5989; baseline -0.005 -18"><span class='ocrx_word' id='word_1_778' title='bbox 889 5941 958 5971; x_wconf 70' lang='grc' dir='ltr'><strong>τίξ-</strong></span> <span class='ocrx_word' id='word_1_779' title='bbox 994 5904 1105 5973; x_wconf 55' lang='grc' dir='ltr'><strong>(ξω)</strong></span> <span class='ocrx_word' id='word_1_780' title='bbox 1137 5922 1325 5973; x_wconf 77' lang='lat' dir='ltr'><strong>eodem</strong></span> <span class='ocrx_word' id='word_1_781' title='bbox 1359 5926 1525 5989; x_wconf 72' lang='lat' dir='ltr'><strong>gradu</strong></span> 
     </span>
    </p>
   </div>
   <div class='ocr_carea' id='block_1_116' title="bbox 2491 4125 4181 4205">
    <p class='ocr_par' dir='ltr' id='par_1_116' title="bbox 2491 4125 4181 4205">
     <span class='ocr_line' id='line_1_118' title="bbox 2491 4125 4181 4205; baseline 0 -23"><span class='ocrx_word' id='word_1_782' title='bbox 2491 4147 2606 4202; x_wconf 87' lang='grc' dir='ltr'>ριον</span> <span class='ocrx_word' id='word_1_783' title='bbox 2640 4129 2984 4199; x_wconf 79' lang='grc' dir='ltr'>βλασφημίας</span> <span class='ocrx_word' id='word_1_784' title='bbox 3023 4128 3104 4199; x_wconf 82' lang='grc' dir='ltr'>τῷ</span> <span class='ocrx_word' id='word_1_785' title='bbox 3144 4126 3322 4181; x_wconf 85' lang='grc' dir='ltr'>δοκεῖν</span> <span class='ocrx_word' id='word_1_786' title='bbox 3350 4126 3554 4198; x_wconf 80' lang='grc' dir='ltr'>βαλεῖν.</span> <span class='ocrx_word' id='word_1_787' title='bbox 3593 4127 3658 4180; x_wconf 85' lang='grc' dir='ltr'><strong>Εἰ</strong></span> <span class='ocrx_word' id='word_1_788' title='bbox 3705 4125 3817 4198; x_wconf 75' lang='grc' dir='ltr'><strong>γὰρ</strong></span> <span class='ocrx_word' id='word_1_789' title='bbox 3853 4129 3989 4198; x_wconf 75' lang='grc' dir='ltr'>ἐμοὶ</span> <span class='ocrx_word' id='word_1_790' title='bbox 4017 4131 4065 4182; x_wconf 74' lang='grc' dir='ltr'>οξ</span> <span class='ocrx_word' id='word_1_791' title='bbox 4178 4150 4181 4205; x_wconf 18' lang='grc' dir='ltr'><strong>γη</strong></span> 
     </span>
    </p>
   </div>
   <div class='ocr_carea' id='block_1_117' title="bbox 2489 4215 4177 4291">
    <p class='ocr_par' dir='ltr' id='par_1_117' title="bbox 2489 4215 4177 4291">
     <span class='ocr_line' id='line_1_119' title="bbox 2489 4215 4177 4291; baseline -0.004 -16"><span class='ocrx_word' id='word_1_792' title='bbox 2489 4223 2714 4291; x_wconf 78' lang='grc' dir='ltr'>ἄσμενοι</span> <span class='ocrx_word' id='word_1_793' title='bbox 2774 4222 2973 4274; x_wconf 73' lang='grc' dir='ltr'>ἐκεῖνοι</span> <span class='ocrx_word' id='word_1_794' title='bbox 3016 4218 3113 4272; x_wconf 77' lang='grc' dir='ltr'>καὶ</span> <span class='ocrx_word' id='word_1_795' title='bbox 3153 4220 3421 4289; x_wconf 83' lang='grc' dir='ltr'>ἀπρεπεῖς</span> <span class='ocrx_word' id='word_1_796' title='bbox 3463 4216 3631 4285; x_wconf 77' lang='grc' dir='ltr'>λόγοι,</span> <span class='ocrx_word' id='word_1_797' title='bbox 3663 4215 3776 4278; x_wconf 84' lang='grc' dir='ltr'><strong>πῶς</strong></span> <span class='ocrx_word' id='word_1_798' title='bbox 3800 4216 3865 4270; x_wconf 80' lang='grc' dir='ltr'>τὸ</span> <span class='ocrx_word' id='word_1_799' title='bbox 3887 4216 4070 4289; x_wconf 79' lang='grc' dir='ltr'>δῶρον</span> <span class='ocrx_word' id='word_1_800' title='bbox 4176 4248 4177 4257; x_wconf 61' lang='grc' dir='ltr'><strong>ι</strong></span> 
     </span>
    </p>
   </div>
   <div class='ocr_carea' id='block_1_118' title="bbox 4134 4292 4175 5349">
    <p class='ocr_par' dir='ltr' id='par_1_118' title="bbox 4154 4392 4171 4829">
     <span class='ocr_line' id='line_1_120' title="bbox 4154 4392 4171 4829; baseline 0 0"><span class='ocrx_word' id='word_1_801' title='bbox 4158 4522 4165 4725; x_wconf 42' lang='grc' dir='ltr'><strong>ί</strong></span> 
     </span>
    </p>
   </div>
  </div>
