4216 6458
197 405 296 470 977

1129 419 1357 480 SCALA
1387 418 1759 480 PARADISI.
1791 438 1838 452 ’-
1888 419 2193 483 GRADUS
2220 425 2439 486 XXIII.

3309 441 3411 503 978

194 511 443 584 λογισμοὶ
495 519 694 576 ἐκεῖνοι
729 523 1129 598 ἐπανέστησανο
1160 530 1255 582 καὶ
1299 533 1400 624 sip!
1447 527 1754 602 προσευχὴν
1780 528 1859 593 Α]

1745 546 1754 578 ι
1780 528 1830 584 Α
1856 529 2104 594 precibus
2133 546 2354 603 operam
2405 545 2620 602 damus,
2673 539 2896 610 impura:
2966 544 3069 599 illae
3094 556 3149 600 et
3178 547 3410 606 infandae

194 605 610 679 πληρωσάντων,
636 617 838 683 εὐθέως
867 620 1248 694 ὑπεχώρησανο
1279 605 1400 690 τοῖς
1415 626 1526 698 γὰρ
1545 630 1620 699 μὴ
1646 647 1750 699 μα-

189 700 438 791 ζομένοις
479 705 661 771 αὐτοῖς
710 709 773 762 οὐ
822 711 1035 778 φιλοῦσι
1075 717 1360 785 μάχεσθαι.
1392 721 1464 772 Οὐ
1504 719 1663 791 μόνον
1690 721 1750 773 τδ

189 786 365 852 Θεῖον,
399 791 596 847 καὶτὰ
636 795 752 849 θεῖα
800 799 979 855 πάντα
1009 803 1038 855 ό
1058 802 1214 868 ἄθεος
1245 786 1571 879 βλασφημεῖ,
1613 810 1748 864 ἀλλὰ

187 880 576 950 αίσχροτάτους
621 888 773 953 τινὰς
831 891 926 943 καὶ
975 894 1235 966 ἀπρεπεῖς
1276 895 1467 966 λόγους
1503 902 1561 954 ἐν
1615 903 1748 973 ἡμῖν

187 972 484 1041 φθέγγεται
511 993 526 1008 ο
555 976 642 1030 ἵνα
688 979 720 1050 ἢ
767 983 865 1050 τὴν
905 987 1210 1059 προσευχὴν
1243 972 1677 1062 καταλείψωμεῆ
1710 995 1743 1067 ἦ

181 1157 442 1228 ἀνέκοψε,
469 1163 700 1228 πολλοὺς
753 1165 810 1218 δὲ
863 1169 970 1222 τῶν
1016 1174 1328 1245 μυστηρίων
1370 1157 1741 1252 ἀπεχώρησε-ο

180 1252 343 1304 τινῶν
401 1255 501 1326 μὲν
549 1255 619 1311 τὰ
676 1257 902 1329 σώματα
948 1268 1014 1336 τῇ
1062 1265 1206 1340 λύπῃ
1259 1270 1551 1343 κατέτηξεν
1580 1289 1594 1304 ·
1647 1275 1743 1328 ἀλ-

178 1342 307 1436 λους
337 1348 392 1403 δὲ
422 1351 510 1405 διὰ
535 1357 786 1423 νηστείας
815 1357 1116 1430 δεδάμακεν
1141 1364 1170 1416 ὁ
1202 1342 1618 1436 Μνηρὸςγοῦτος
1647 1369 1743 1422 καὶ

177 1433 547 1508 ἀπάνθρωπος
572 1443 831 1515 τύραννος
855 1462 870 1477 ο
902 1449 996 1502 καὶ
1029 1449 1281 1519 οὐδεμίαν
1303 1433 1472 1524 αὗτῆς
1499 1454 1599 1526 τῆν
1645 1459 1742 1511 άν-

175 1539 298 1577 εσιν
343 1527 601 1585 δέδωκεν·
640 1536 698 1589 οὐ
736 1538 896 1608 μόνον
930 1544 1041 1605 τοίς
1063 1543 1202 1597 κατά
1233 1545 1458 1615 κόσμον,
1481 1549 1616 1602 ἀλλὰ
1645 1552 1741 1604 καὶ

174 1619 294 1678 τοῖς
319 1619 411 1672 τὸν
443 1627 724 1692 μοναδικὸν
768 1629 883 1698 βίον
931 1635 1346 1706 μετερχομένοις
1377 1637 1532 1694 τοῦτο
1568 1643 1739 1714 ἀπερ-

172 1709 504 1802 γασάμενος,
538 1719 805 1789 μηδεμίαν
857 1723 1039 1787 αὐτοῖς
1081 1724 1264 1780 λοιπὸν
1294 1728 1564 1802 σωτηρίαν
1595 1709 1739 1802 ἔχειν

172 1799 580 1874 ὑποτιθέμενος,
619 1809 752 1864 ἀλλά
784 1815 879 1867 καὶ
919 1816 1161 1871 ἀπίστων
1185 1820 1277 1874 καὶ
1309 1799 1572 1894 Ἑλλήνων
1604 1799 1738 1882 τεὰν.

173 1908 291 1946 των
317 1894 708 1971 ἐλεεινοτέρους
736 1900 874 1960 εἶναι
904 1908 1353 1983 ἀποφαινόμενος.

254 2051 316 2104 '0
347 2053 616 2127 πνεύματι
659 2059 1008 2134 βλασφημιας
1042 2069 1384 2142 ὀχλούμενος,
1421 2078 1515 2131 καὶ
1542 2079 1731 2136 τούτου

165 2142 547 2246 ἀπαλλαγῆναι
573 2149 890 2226 βουλόμενος
919 2160 1200 2229 ἐπιγνὼτω
1236 2167 1495 2237 ἀκριϐῶς,
1527 2173 1600 2244 μὴ
1635 2174 1732 2246 τὴν

163 2235 352 2309 ψυχὴν
377 2241 477 2310 τὴν
510 2243 705 2299 ἑαυτοῦ
754 2247 927 2303 αἴτιον
968 2247 1106 2307 εἶναι
1136 2256 1246 2311 τῶν
1277 2261 1531 2316 τοιούτων
1589 2263 1734 2334 λογι-

167 2333 349 2400 σμῶν,
373 2333 506 2390 ἀλλὰ
535 2339 696 2394 αὑτὸν
725 2343 1031 2417 ἀκάθαρτον
1053 2349 1300 2420 δαίμονα,
1321 2357 1410 2410 τόν
1434 2375 1565 2414 ποτε
1595 2364 1731 2434 πρὸς

161 2423 376 2528 Ιὲὐριον
404 2427 659 2496 λέγοντα·
695 2435 886 2490 Ταῦτα
916 2441 1110 2495 πάντα
1136 2462 1234 2499 σοι
1263 2447 1454 2516 δώσω,
1505 2455 1558 2507 ει

162 2512 248 2614 {ir
280 2517 486 2614 πεσὼν
517 2526 962 2596 προσκυνήσῃς
982 2551 1104 2602 μοι.
1143 2537 1235 2591 Διὸ
1267 2541 1362 2593 καὶ
1400 2512 1559 2614 ἡμεῖς
1588 2512 1733 2612 έξουί

162 2605 454 2708 θενοῦντες
491 2613 669 2679 αὑτὸν,
711 2618 809 2671 καὶ
844 2621 1085 2692 μηδόλως
1113 2627 1180 2682 τά
1214 2631 1346 2702 παρ’
1380 2605 1552 2690 aii-“cod
1583 2605 1730 2708 λογι-

158 2695 371 2767 ζόμενα
393 2703 471 2764 είς
491 2705 686 2774 μέτρον
721 2708 1208 2788 ἐχοντες,εἴπωμεν
1230 2737 1245 2752 ο
1279 2695 1510 2796 "Iram-8
1539 2695 1730 2786 dzlo’w

152 2805 309 2888 poi),
339 2792 593 2888 Σατανᾶ,
625 2800 844 2867 Κύριον
865 2805 973 2858 τὸν
1003 2810 1150 2863 Θεόν
1168 2829 1286 2880 μου
1304 2792 1726 2888 προακυνήσω,

154 2878 267 2981 καί
308 2881 468 2981 αὐτῷ
506 2887 667 2981 μόνῳ
700 2894 1028 2962 λατρεύσω.
1239 2903 1297 2956 δὲ
1341 2878 1662 2981 έπιστρέφει

158 2969 334 3033 πόνος
359 2975 453 3076 καὶ
478 2979 507 3030 ό
538 2978 694 3048 λόγος
715 2985 805 3039 ἐπὶ
835 2989 932 3059 τὴν
957 2992 1202 3066 κεφαλήν
1230 3013 1346 3065 σου,
1385 3001 1480 3055 καὶ
1507 2969 1608 3058 ’ἐπὶ
1629 3007 1728 3076 τὴν

151 3067 414 3170 κορυφήν
445 3074 638 3170 donni]
673 3074 991 3151 βλασφημία
1017 3099 1110 3137 σου
1138 3089 1506 3157 καταϐήσεται
1542 3097 1600 3149 ὲν
1650 3067 1729 3170 si]:

1848 619 2208 688 cOgitationes
2228 640 2327 682 nos
2367 625 2644 684 infestant.
2671 629 2932 690 Precibus
2982 637 3246 696 absolutis
3296 652 3410 698 sta-

1848 707 1944 762 tim
1970 724 2320 769 evanescunt.
2355 717 2545 787 Neque
2576 721 2719 774 enim
2751 722 2818 778 iis
2853 726 3091 782 molesta:
3139 741 3266 786 sunt
3310 729 3408 802 qui

1848 800 2106 856 adversus
2137 818 2231 860 eas
2256 821 2364 860 non
2402 809 2701 866 decertant.
2735 812 2853 868 Non
2889 818 3060 873 solum
3096 835 3295 876 numen
3321 800 3406 878 di-

1845 890 2032 944 vinum
2058 901 2113 947 et
2139 896 2318 950 omnia
2349 899 2526 954 divina
2559 902 2759 973 impius
2785 904 2873 960 ille
2897 907 3234 979 blasphemat
3264 929 3277 966 :
3310 917 3405 969 sed

1845 992 1900 1038 et
1955 986 2374 1045 obscenissimas
2429 999 2482 1047 et
2525 997 2905 1063 spurcissimas
2961 1003 3317 1072 cOgitationes
3349 1006 3402 1060 in

1845 1075 2004 1130 nobis
2049 1077 2269 1142 excitat,
2318 1090 2378 1133 ut
2427 1090 2520 1136 aut
2568 1099 2597 1137 a
2639 1088 2889 1154 precibus
2920 1090 3268 1160 desistamus,
3310 1106 3405 1152 aut

1843 1167 1910 1221 de
1934 1171 2109 1224 salute
2140 1181 2325 1227 nostra
2358 1173 2729 1244 desperemus.
2788 1179 3078 1238 Multorum
3119 1200 3252 1240 sane
3274 1201 3400 1256 pre-

1842 1274 1933 1314 ces
1959 1261 2319 1331 interpellavit
2344 1275 2437 1322 aut
2462 1269 2794 1338 praepedivit,
2825 1273 3022 1330 multos
3044 1289 3075 1329 a
3095 1277 3266 1332 sacris
3288 1293 3404 1347 my-

1842 1351 2022 1408 steriis
2035 1365 2496 1414 sacramentorum
2525 1361 2841 1428 absterruit,
2858 1366 3213 1433 quorumdam
3238 1371 3400 1423 etiam

1840 1456 2067 1511 corpora
2113 1459 2211 1514 per
2241 1447 2516 1503 tristitiam
2545 1453 2831 1508 emaciavit
2863 1462 2917 1509 et
2949 1458 3210 1524 corrupit.
3249 1457 3400 1514 Alios

1838 1532 2001 1586 etiam
2051 1533 2332 1603 improbus
2384 1537 2472 1592 hic
2517 1546 2571 1593 et
2631 1541 2862 1597 crudelis
2911 1552 3173 1614 tyrannus
3219 1545 3396 1601 inedia

1839 1622 2090 1690 confecit,
2126 1625 2439 1695 nullamque
2465 1628 2664 1698 quietis
2686 1639 2890 1700 partem
2915 1635 3202 1697 concessit,
3236 1645 3399 1706 atque

1839 1714 1941 1769 hoc
1956 1731 2062 1772 non
2080 1717 2253 1772 solum
2274 1720 2414 1788 apud
2431 1721 2736 1787 saeculares,
2759 1723 2852 1777 sed
2878 1724 3154 1795 religiosos
3169 1729 3326 1782 etiam
3344 1739 3397 1783 et

1837 1806 2108 1862 solitarios
2135 1807 2297 1879 300
2336 1809 2530 1878 eﬂ'ecit,
2566 1814 2641 1867 uti
2671 1829 2818 1884 spem
2844 1816 2912 1872 de
2947 1826 3143 1872 caetero
3179 1834 3394 1875 omnem

1839 1897 2030 1954 salutis
2075 1899 2390 1970 abjicerent,
2418 1903 2512 1959 sed
2535 1904 2696 1960 iidem
2724 1922 2783 1962 se
2805 1908 2968 1963 etiam
3005 1909 3312 1967 infidelibus
3341 1923 3395 1968 et

1836 1990 2146 2045 daemonum
2171 1993 2474 2051 cultoribus
2499 1997 2919 2058 miserabiliores
2945 2002 3334 2060 existimarent.

1905 2085 2008 2151 Qui
2038 2086 2412 2156 hujuscemodi
2441 2090 2634 2161 spiritu
2664 2092 3011 2164 blasphemiae
3067 2099 3389 2168 exagitatur,

1835 2190 1890 2236 et
1935 2182 2003 2234 ab
2031 2195 2097 2236 eo
2125 2181 2339 2237 liberari
2368 2184 2535 2254 cupit,
2569 2187 2703 2242 sciat
2729 2198 2878 2243 certo
2925 2203 3033 2243 non
3095 2194 3163 2246 ab
3212 2192 3392 2248 anima

1838 2273 2006 2342 ipsius
2067 2274 2379 2344 hujusmodi
2437 2278 2790 2347 cogitationes
2831 2281 3124 2349 proficisci,
3188 2284 3281 2338 sed
3327 2287 3393 2336 ah

1835 2366 2022 2420 eodem
2053 2367 2266 2438 impuro
2289 2369 2533 2425 da~mone
2557 2371 2647 2442 qui
2673 2372 2800 2427 olim
2827 2373 2893 2428 ad
2913 2374 3198 2430 Dominum
3224 2377 3390 2431 dixit:

1843 2456 1965 2510 llazc
2003 2460 2181 2512 omnia
2222 2460 2357 2513 dabo
2415 2460 2531 2524 tibi,
2580 2462 2630 2516 si
2652 2464 2844 2518 cadens
2875 2465 3178 2520 admoveris
3203 2483 3284 2520 me
3321 2468 3388 2521 ⁸⁸.

1835 2549 2066 2606 Proinde
2101 2563 2154 2607 et
2186 2569 2284 2609 nos
2312 2563 2622 2626 contempto
2650 2557 2744 2611 illo
2793 2557 2927 2612 nihil
2978 2559 3195 2628 penitus
3249 2559 3394 2614 illius

1836 2643 2215 2712 phantasmata
2241 2659 2522 2707 curemus,
2575 2655 2668 2701 aut
2717 2649 2870 2716 pensi
2918 2649 3235 2716 habeamus,
3297 2653 3392 2707 sed

1834 2733 2118 2787 dicamus:
2169 2731 2308 2786 Vade
2333 2742 2450 2802 post
2477 2751 2578 2799 me,
2619 2733 2845 2798 Satana,
2899 2737 3178 2792 Dominum
3227 2741 3393 2796 Deum

1835 2838 2003 2874 meum
2061 2822 2313 2888 adorabo,
2364 2834 2417 2878 ct
2461 2825 2545 2879 illi
2581 2827 2682 2880 soli
2718 2829 2943 2881 serviam
2973 2830 3039 2885 ”.
3083 2829 3274 2886 Sermo
3295 2849 3388 2887 au-

1834 2919 1942 2966 tem
2009 2912 2269 2983 laborque
2322 2924 2448 2970 tuus
2489 2916 2546 2969 in
2570 2925 2734 2986 caput
2760 2925 2914 2973 tuum
2940 2929 3304 2986 convertatur,
3337 2934 3392 2978 et

1833 3002 2168 3072 blasphemia
2196 3013 2283 3059 tua
2317 3009 2370 3058 in
2399 3006 2656 3061 verticem
2690 3016 2844 3063 tuum
2872 3017 2927 3065 et
2975 3025 3120 3066 nunc
3178 3012 3234 3066 in
3289 3015 3391 3068 hoc

1832 3093 2107 3163 praesenti,
2139 3103 2193 3148 et
2225 3103 2350 3164 post
2371 3097 2422 3149 in
2450 3099 2632 3152 futuro
2680 3099 2880 3153 saeculo
2940 3099 3247 3156 descendet.
3288 3102 3388 3170 Qui

1336 3152 1347 3157 ’
1699 3152 1710 3170 Ι

152 3152 262 3206 νῦν
320 3157 416 3209 καὶ
443 3160 500 3213 ὲν
528 3162 604 3232 τῷ
651 3167 898 3235 μέλλοντι
943 3173 1098 3229 αἰῶνι
1125 3193 1138 3206 ·
1184 3180 1213 3232 ὁ
1236 3183 1390 3247 ἐκτὸς
1421 3187 1516 3241 τοῦ
1546 3206 1728 3260 προει-
1754 3219 1797 3277 c

154 3247 413 3277 ηερ-λιι-..
445 3255 642 3277 --1--μ
677 3260 723 3277 _\
824 3261 850 3272 α
923 3264 968 3277 Λα
1188 3273 1198 3277 -
1291 3273 1305 3277 -
1364 3276 1370 3277 ,

1723 3222 1728 3232 .
1754 3219 1797 3277 ο
1833 3152 2026 3254 praeter
2077 3152 2283 3238 bunda
2315 3185 2471 3241 nobis
2531 3187 2960 3243 demonstratum
3014 3191 3235 3246 modum
3266 3209 3388 3248 cum

150 3262 228 3314 ρη
240 3247 414 3346 μένου
439 3255 646 3346 τρόπου
671 3260 764 3312 τὸν
789 3261 889 3332 τῆς
920 3264 1264 3340 βλασφημίας
1284 3273 1511 3346 δαίμονα
1541 3247 1729 3336 παλαῖ-

149 3357 253 3443 σαι
290 3341 631 3446 βουλόμενος,
665 3353 847 3423 ὅμοιός
879 3359 994 3412 ἐστι
1025 3363 1102 3432 τῷ
1131 3366 1188 3418 ὲν
1216 3371 1334 3432 ταῖς
1359 3341 1522 3426 αὑτοῦ
1543 3379 1728 3446 χερσὶν

143 3432 449 3506 ἀστραπὴν
477 3448 768 3512 κατασχεῖν
793 3445 1135 3517 δοκιμάζοντι
1161 3471 1174 3486 ·
1217 3459 1334 3522 πῶς
1364 3462 1474 3532 γάρ
1504 3432 1728 3522 καὶ-κα-

143 3522 483 3632 ταληψεται,
515 3529 547 3599 ἢ
578 3532 824 3608 ἀντείπῃ,
853 3541 886 3609 ἢ
919 3542 1159 3618 παλαίσῃ
1182 3548 1257 3619 τῷ
1287 3522 1542 3626 ἐξαίφνης
1570 3560 1630 3610 ὲν
1661 3563 1726 3632 τῇ

144 3617 366 3688 καρδίᾳ
389 3621 556 3719 ’δίκην
596 3627 796 3699 ἀνέμου
837 3617 1238 3712 παρερχομένων
1275 3647 1369 3697 καὶ
1405 3617 1598 3719 ροπῆς,
1627 3617 1725 3708 ea:

142 3725 326 3776 χιστα
352 3711 444 3765 τὸν
481 3714 635 3785 λόγον
671 3719 902 3790 λέγοντι,
931 3729 1026 3781 κα)⁸
1067 3731 1266 3798 εὐθέως
1299 3737 1725 3816 ἀφαντουμένῳ;

139 3799 372 3864 Πάντες
407 3805 512 3876 γὰρ
544 3811 593 3860 οἱ
622 3813 866 3883 πολέμιοι
900 3820 994 3872 καὶ
1041 3822 1308 3888 ἵστανται,
1347 3832 1439 3882 καὶ
1483 3799 1730 3904 προσπα-

1829 3275 2024 3345 spiritu
2078 3275 2428 3346 blasphemia:
2473 3279 2617 3334 volet
2674 3295 2934 3348 pugnare,
2981 3283 3204 3352 perinde
3233 3285 3392 3340 faciet

1828 3378 1991 3438 atque
2045 3369 2114 3433 is,
2161 3371 2253 3439 qui
2298 3370 2590 3441 fulgetrum
2619 3387 2783 3426 manu
2810 3375 3089 3444 complecti
3115 3386 3341 3432 conatur
3373 3396 3389 3434 :

1826 3459 2102 3530 quomodo
2161 3460 2305 3514 enim
2358 3465 2770 3530 complectetur,
2830 3472 2923 3519 aut
2959 3466 3230 3532 quomodo
3261 3482 3392 3523 con-

1829 3552 2111 3617 traveniet,
2142 3562 2236 3606 aut
2273 3553 2818 3623 pugnabitadversus
2862 3570 3008 3622 eum,
3048 3557 3142 3627 qui
3189 3568 3391 3626 punctu

1827 3643 2090 3712 temporis
2120 3653 2340 3712 repente
2369 3659 2464 3711 per
2493 3660 2608 3708 cor,
2637 3646 2784 3699 venti
2831 3646 3024 3711 instar,
3070 3649 3389 3709 transvolat,

1826 3747 1881 3792 et
1902 3745 2178 3791 momento
2207 3736 2444 3791 velocius
2479 3751 2668 3804 sparso
2688 3737 2851 3792 verbo
2877 3739 3057 3793 statim
3086 3742 3394 3797 evanescit?

1828 3828 2042 3893 Reliqui
2097 3842 2331 3896 namque
2389 3827 2574 3882 hostes
2599 3843 2808 3893 omnes,
2836 3837 2892 3882 et
2943 3831 3266 3897 consistunt,
3303 3850 3390 3887 re-

1827 3921 2102 3974 luctantur
2145 3927 2200 3972 et
2251 3917 2551 3982 decertant,
2606 3929 2910 3984 morantur,
2971 3930 3025 3977 et
3079 3923 3390 3979 adversario

1827 4012 2067 4082 spatium
2090 4012 2365 4081 pugnandi
2391 4011 2649 4080 praabent.
2689 4010 2786 4066 Hic
2811 4021 2989 4066 autem
3025 4030 3385 4086 nequaquam,

1828 4106 1921 4160 sed
1944 4105 2106 4159 simul
2133 4113 2295 4174 atque
2314 4103 2587 4173 apparuit,
2616 4119 2676 4159 se
2702 4105 2974 4172 subducit,
3003 4115 3058 4160 et
3089 4123 3214 4162 mox
3268 4121 3389 4178 past

1827 4197 2208 4251 allocutionem
2241 4196 2456 4250 transit.

1897 4290 2359 4359 Consuevitstrpe
2411 4289 2722 4357 hujusmodi
2763 4289 3112 4358 blasphemis:
3167 4286 3389 4362 spiritus

135 3890 396 4000 λαίουσιἔ
445 3901 545 4000 καὶ
590 3906 920 3972 χρονίζουσι,
971 3915 1065 3968 καὶ
1095 3919 1285 3989 καιρὸν
1330 3890 1629 3995 παρέχουσι
1650 3930 1729 4000 τῷ

136 3985 281 4036 κατ’
332 3987 510 4042 αὐτῶν
553 3994 800 4052 παλαίειν
834 3999 1137 4078 βουλομένῳ
1163 4026 1177 4039 ο
1205 4003 1359 4076 οὗτος
1395 4015 1452 4066 δὲ
1478 4016 1561 4081 οὔ,
1595 3985 1729 4075 ἀλλά

130 4074 392 4179 ἅμαὸτσῦ
416 4081 646 4152 φανῆναι
679 4087 910 4163 ἀπέστη,
944 4097 1038 4149 καὶ
1078 4074 1192 4168 ἅμα
1230 4074 1726 4179 τοῦνπροσλαλῆσαι

129 4167 423 4237 παρῆλθε.
463 4222 466 4226 ί

216 4263 498 4332 Πολλάκις
539 4269 597 4322 ἐν
651 4276 715 4345 τῇ
783 4277 893 4331 τῶν
959 4282 1339 4357 ἁπλουστέρων
1391 4293 1677 4362 ἁκεραιοτὲ
1701 4327 1726 4336 -

127 4371 264 4424 ρων
315 4355 524 4429 διανοίᾳ
563 4361 592 4414 ὁ
637 4363 875 4430 τοιοῦτος
910 4369 1117 4441 δαίμων
1165 4355 1684 4449 φιλοχωρεῖνέἵωθε
1709 4425 1723 4449 ,

1714 4425 1723 4448 ,
1828 4380 2217 4449 simpliciorum
2250 4389 2303 4434 et
2355 4380 2793 4448 incorruptorum
2843 4381 3000 4453 301
3039 4384 3251 4441 animos
3298 4402 3379 4442 oc-

122 4450 357 4549 οἵτινες
452 4452 546 4505 καὶ
629 4457 862 4524 μάλιστα
925 4465 1293 4537 σφοδροτέρως
1364 4473 1469 4524 τῶν
1553 4474 1726 4528 ἄλλων

1720 4495 1726 4520 ι
1828 4490 2048 4549 ciipare,
2081 4474 2174 4544 qui
2209 4473 2330 4542 plus
2355 4473 2478 4527 aliis
2506 4475 2679 4528 solent
2704 4488 2772 4528 ex
2807 4450 3116 4543 hujusmodi
3178 4480 3385 4547 cogita-

121 4537 510 4606 θορυϐοῦνται
612 4549 704 4600 καὶ
764 4555 1124 4622 ταράττονται
1175 4561 1282 4630 ’(1).
1347 4563 1434 4615 Ἐν
1473 4560 1555 4628 οἷς
1623 4569 1716 4622 καὶ
1750 4550 1786 4604 n

1750 4550 1793 4604 ι)
1823 4537 2061 4622 tionibus
2098 4537 2408 4631 perturbari
2435 4573 2489 4618 et
2507 4565 2711 4619 vexari.
2748 4565 2805 4621 In
2837 4565 2943 4622 hoc
2972 4585 3166 4639 genere
3214 4571 3381 4625 bmni-

115 4631 385 4699 λέγομεν
432 4634 654 4704 κυρίως,
701 4641 800 4693 οὐκ
852 4644 909 4709 ἐξ
953 4647 1204 4713 οἰήσεως,
1250 4651 1369 4704 ἀλλ’
1422 4657 1486 4708 ἐκ
1517 4657 1712 4722 φθόνου

1708 4683 1712 4705 ›
1818 4676 1945 4715 num
1967 4675 2093 4712 vere
2117 4667 2397 4723 testamur,
2431 4672 2538 4711 non
2569 4657 2743 4713 solere
2769 4659 3135 4729 blasphemias
3160 4678 3222 4716 ex
3258 4664 3373 4716 ani-

115 4723 253 4772 τῶν
309 4722 579 4792 δαιμόνων
618 4728 677 4780 τὸ
720 4733 827 4784 πᾶν
871 4735 1133 4801 γίνεσθαι.
1192 4740 1297 4794 Τοῦ
1378 4746 1583 4815 κρίνειν
1623 4754 1718 4802 καὶ

1715 4788 1718 4800 .
1816 4751 1948 4806 nimi
2020 4758 2230 4803 tumore
2276 4758 2372 4803 aut
2418 4751 2668 4818 superbia
2733 4751 2906 4816 nasci,
2969 4754 3061 4807 sed
3097 4768 3286 4809 omnes
3317 4771 3380 4812 ct

111 4813 231 4868 τοῦ
279 4818 633 4888 κατακρίνειν
659 4821 750 4876 τὸν
779 4827 1008 4894 πλησίον
1039 4832 1402 4904 παυσώμεθα,
1441 4840 1536 4892 καὶ
1564 4840 1710 4908 λογι-

1818 4858 1967 4897 mera
1998 4842 2302 4896 daemonum
2331 4841 2530 4896 invidia
2565 4843 2812 4897 excitari.
2859 4843 3192 4899 Desistamus
3248 4847 3383 4901 alios

113 4907 706 5008 opobgmﬂiaozpqpia;
741 4917 801 4969 οὐ
857 4919 1309 4992 φοϐηθησόμεθα·
1352 4928 1572 5003 ἀφορμὴ
1609 4935 1715 5004 γὰρ

1813 4937 2061 5006 judicare
2120 4943 2174 4988 et
2225 4935 2502 4995 damnare.
2535 4945 2587 4988 ct
2620 4935 3075 5004 blasphemiarum
3103 4938 3383 5008 cogitatio--

109 4998 231 5048 καὶ
273 4995 406 5064 ῥίζα
433 4999 524 5051 τοῦ
548 5001 798 5075 δευτέρου
827 5008 888 5060 τὸ
909 5011 1192 5081 πρότερον.
1216 4995 1426 5088 Ὥσπερ
1497 4995 1718 5097 ένόίκω

1712 5047 1718 5074 ι
1813 4995 1915 5082 nes
1970 5041 2077 5079 non
2135 5024 2569 5080 formidabimus.
2623 5023 2802 5080 Causa
2829 5026 2976 5080 enim
3008 5036 3060 5082 et
3087 5029 3236 5083 radix
3267 5030 3377 5084 hla-

108 5089 679 5162 κατακεκλεισμένος
712 5097 972 5169 ὑπάρχων
1005 5103 1105 5158 τῶν
1133 5105 1236 5172 ἔξω
1267 5115 1570 5180 παριόντων
1592 5120 1719 5183 τοὺς

1712 5137 1719 5180 ς
1818 5117 2184 5187 sphemiarum
2237 5124 2321 5171 est
2385 5118 2732 5170 temerarium
2787 5116 2855 5172 de
2891 5118 3062 5172 altero
3092 5117 3377 5188 judicium.

101 5183 344 5250 λόγους
390 5185 597 5250 ἀκούει,
630 5190 792 5255 αὐτὸς
815 5193 1038 5260 τούτους
1070 5201 1145 5271 μὴ
1177 5202 1546 5278 φθεγγόμενος
1571 5227 1584 5240 ·
1621 5212 1713 5266 οὖς

99 5293 200 5328 τω
248 5275 360 5326 καὶ
382 5278 415 5344 ἡ
446 5277 592 5350 ψυχὴ
617 5282 675 5334 ἐν
700 5285 865 5358 ὲαυτλλ
900 5291 1180 5360 οιάνουσα,
1210 5297 1308 5360 τὰς
1337 5301 1430 5353 τοῦ
1469 5303 1718 5373 δαίμονος

100 5366 501 5435 βλασφημίας
551 5371 872 5446 ἀκροωμένη
915 5381 1254 5451 πλάττεται,
1293 5388 1438 5461 ἅπερ
1487 5366 1717 5463 solam;

93 5477 213 5512 ται
253 5457 337 5510 δι’
367 5459 536 5529 αὐτῆς
567 5467 991 5536 παρερχόμενος.
1031 5475 1084 5526 Ὀ
1115 5477 1482 5545 ἐξουθενώσας
1511 5485 1717 5556 τοῦτον,

87 5551 217 5608 τοῦ
259 5549 481 5614 πάθους
508 5555 880 5627 ἠλευθέρωται
907 5582 918 5594 η
949 5567 973 5618 ὗ
1005 5566 1060 5618 δὲ
1096 5570 1269 5635 dilui;
1298 5574 1447 5646 αὐτῷ
1465 5579 1712 5636 παλαίειν

91 5638 525 5710 σοφιζόμενος,
551 5646 630 5708 είς
661 5648 812 5715 τέλος
835 5653 1140 5713 ὑπόκειται·
1166 5664 1192 5712 ᾁ
1217 5662 1324 5734 γὰρ
1349 5665 1527 5734 λόγοις
1555 5673 1714 5725 πθεύυ

1816 5209 2282 5277 Quemadmodum
2313 5208 2454 5263 domi
2482 5209 2702 5264 clausus
2737 5212 3174 5278 praetereuntium
3222 5213 3378 5266 verba

1817 5303 1984 5357 audit
2041 5316 2161 5370 quae
2215 5303 2326 5370 ipse
2369 5312 2550 5354 tamen
2581 5317 2686 5354 non
2714 5303 3070 5372 pronuntiat:
3097 5301 3170 5355 ita
3197 5318 3381 5357 annua

1823 5411 2007 5449 securi
2042 5394 2313 5455 habitans,
2350 5393 2479 5448 dum
2515 5394 2711 5463 impias
2765 5394 3070 5476 damonum
3131 5394 3382 5464 blasphe--

1823 5488 1958 5540 mins
1977 5485 2149 5549 audit,
2178 5493 2430 5543 terretur,
2458 5500 2594 5554 quas
2623 5497 2799 5537 tamen
2833 5499 2938 5539 non
2975 5484 3109 5550 ipsa,
3142 5484 3232 5538 sed
3268 5484 3378 5537 dte-

1820 5593 1946 5630 nm.)
1982 5592 2077 5646 per
2111 5577 2283 5647 ipsam
2323 5576 2591 5631 transiens
2623 5575 2849 5643 spargit,
2901 5590 3039 5644 quas
3100 5573 3200 5643 qui
3246 5589 3378 5624 cnn-

1818 5670 2026 5737 temnit,
2081 5669 2150 5725 ab
2192 5668 2341 5725 omni
2394 5669 2803 5738 perturbatione
2860 5665 3023 5737 hujus
3070 5663 3378 5720 tcntatiunis

184 5873 246 5898 ἠ
283 5864 482 5923 Matth.
516 5885 590 5927 tv.
624 5871 678 5924 9.
753 5870 796 5902 "
836 5874 965 5929 ibid.
1006 5875 1068 5929 ιο
