4216 6458
781 413 886 472 979

1987 407 2049 466 S.
2084 407 2115 465 J
2120 405 2319 466 OANN
2324 405 2396 464 IS
2435 405 2736 464 CLIMACI

3853 396 3967 464 εει»

775 505 1045 570 liberatur.
1099 512 1198 579 Qui
1258 522 1433 567 autem
1496 516 1647 568 aliter
1703 529 1858 584 agere
1889 522 1942 567 et
1967 515 2192 568 multum
2231 515 2314 566 lu-
2344 518 2384 574 Α
2420 529 2440 580 ι

2301 543 2314 552 -
2344 518 2384 574 Α
2420 529 2563 580 ματα
2589 514 2856 583 κρατῆσαι
2884 511 2991 584 [αι.
3026 512 3203 578 λόγοις
3224 513 3543 582 πνευμάτων
3573 511 3765 562 πιᾶσαι
3786 545 3804 578 1
3837 506 3966 576 βω-

775 606 908 660 ctari
963 621 1084 660 cum
1153 605 1306 660 hoste
1362 605 1522 668 volet,
1571 607 1785 660 demum
1842 606 2172 660 succumbet.
2213 604 2314 670 Qui

775 696 918 749 enim
957 694 1224 748 dazmones
1263 695 1442 750 verbis
1477 710 1730 763 superare
1783 696 2074 754 contendit,
2129 705 2315 748 ventos

778 786 1048 839 incassum
1081 784 1351 839 includere
1380 793 1624 839 conatur.

849 874 1141 930 Monachus
1173 876 1408 945 quidam,
1449 876 1738 930 admodum
1777 875 2059 944 religiosus
2088 875 2156 927 ab
2216 875 2315 927 hoc

779 963 966 1030 spiritu
997 978 1092 1031 per
1111 978 1280 1016 annos
1308 963 1490 1032 viginti
1525 973 1746 1018 vexatus
1777 978 1972 1032 corpus
2004 978 2162 1016 suum
2204 963 2318 1015 ine-

777 1055 863 1106 dia
890 1063 944 1106 et
979 1053 1172 1124 vigiliis
1193 1052 1378 1106 afﬂixit
1406 1071 1420 1107 ι
1465 1054 1556 1107 sed
1579 1070 1699 1106 cum
1741 1069 1798 1107 se
1824 1052 2021 1107 frustra
2045 1053 2318 1106 laborasse

776 1143 1016 1206 sentiret,
1041 1144 1336 1211 perscripta
1377 1143 1429 1195 in
1461 1143 1644 1197 charta
1675 1142 1983 1198 tentationis
2019 1141 2210 1207 forma,
2250 1143 2316 1195 ad

773 1232 967 1284 virum.
1006 1231 1290 1300 quemdam
1351 1240 1596 1286 sanctum
1667 1233 2164 1299 a'biitchartamque
2193 1247 2315 1298 por-

774 1318 928 1383 rexit,
959 1326 1012 1372 et
1040 1318 1095 1372 in
1121 1317 1309 1373 faciem
1341 1333 1399 1372 se
1431 1334 1628 1386 pronus
1655 1319 1867 1388 abjecit,
1895 1335 2004 1388 prae
2061 1335 2318 1373 verecun-

771 1408 863 1463 dia
921 1424 1027 1464 non
1082 1425 1248 1464 ausus
1297 1409 1448 1463 illum
1497 1409 1717 1464 intueri.
1771 1408 1950 1475 Pater,
1990 1419 2048 1462 ut
2076 1409 2315 1463 chartam

774 1496 920 1567 legit,
978 1497 1219 1563 subrisit,
1277 1507 1332 1553 et
1374 1497 1546 1552 levato
1577 1496 1759 1554 fratris
1796 1515 2020 1569 corpore
2043 1541 2057 1562 ,
2091 1497 2211 1562 Fili,
2238 1499 2318 1552 in-

772 1588 912 1656 quit,
961 1602 1100 1657 pone
1151 1603 1370 1642 manum
1420 1605 1584 1658 super
1626 1591 1887 1645 cervicem
1920 1606 2136 1655 meam;
2177 1597 2318 1660 quod

773 1691 896 1730 cum
919 1676 1006 1730 ille
1038 1675 1253 1731 fecisset
1282 1695 1298 1732 :
1329 1678 1502 1747 Super
1527 1694 1612 1733 me
1639 1689 1690 1733 et
1715 1681 1909 1733 collum
1960 1697 2136 1734 meum
2191 1689 2205 1750 (
2240 1684 2316 1736 in-

773 1766 892 1835 quit
913 1782 1137 1837 magnus
1171 1767 1278 1837 ille)
1303 1769 1393 1833 sil,
1434 1768 1619 1833 frater,
1650 1779 1928 1839 peccatum
1958 1782 2131 1836 tuum,
2168 1783 2318 1840 quot-

2417 603 2654 671 λόμενος,
2691 602 2872 670 ὅμοιός
2897 603 3011 653 ἐστι
3039 601 3115 670 τῷ
3147 602 3378 670 ἀνέμους
3407 599 3722 667 ὲγκλείονιτ.

2485 870 2729 940 Μοναχὸς
2781 869 3063 932 σπουδαῖος
3111 869 3216 922 ὑπὸ
3255 871 3442 921 τούτου
3501 867 3820 937 ὀχλούμενος
3869 867 3971 918 τοῦ

2413 961 2661 1030 δαίμονος
2707 959 2798 1011 ἐπὶ
2843 959 3085 1012 εἰκοστὸν
3133 959 3251 1021 ἔτος
3281 958 3379 1020 τὰς
3410 957 3602 1010 ἑαυτοῦ
3631 959 3840 1026 σάρκας
3869 971 3973 1022 νηο-

2417 1050 2617 1106 στείαις
2646 1051 2738 1102 καὶ
2765 1049 3093 1118 ἀγρυπνίαις
3119 1047 3403 1116 κατέτηξε.
3449 1049 3557 1100 Καὶ
3587 1049 3662 1109 ὡς
3706 1044 3972 1112 οὐδεμιᾶς

2416 1138 2673 1206 ὠφελείας
2717 1137 2915 1208 ᾔσθετο
2955 1136 3202 1189 ἀπελθὼν
3248 1137 3342 1190 καὶ
3387 1135 3448 1188 τὺ
3481 1134 3653 1197 πάθος
3689 1135 3748 1185 ἐν
3791 1133 3974 1201 χάρπτῃ

2417 1227 2727 1298 γεγραφὼς.
2757 1229 2897 1298 ἁγίῳ
2939 1228 3044 1280 τινὶ
3086 1227 3238 1295 ἀνδρὶ
3296 1226 3566 1278 ἐπέδωκεν
3651 1223 3745 1275 ἐπὶ
3801 1220 3973 1288 πρόσ-

2417 1337 2561 1372 ωπον
2589 1320 2834 1388 κείμενος
2866 1318 3110 1388 καὶπρὸς
3133 1317 3293 1370 αὑτὸν
3324 1318 3604 1371 ἀνανεύειν
3638 1315 3711 1384 μὴ
3735 1313 3974 1377 δυναμε-

2418 1426 2523 1472 νος.
2564 1408 2649 1470 Ὠς
2670 1409 2724 1460 δὲ
2754 1407 2959 1475 ἀνέγνω
2987 1409 3015 1459 6
3042 1409 3238 1478 γέρων.
3267 1407 3560 1476 ἐμειδίασε,
3589 1407 3684 1458 καὶ
3721 1405 3970 1472 ἀναστῆς-

2420 1516 2516 1560 σας
2544 1499 2634 1550 τὸν
2669 1499 2892 1566 ἀδελφὸν
2934 1498 3082 1566 λέγει
3132 1498 3278 1568 αὑτῷ
3308 1514 3320 1526 ·
3363 1497 3597 1560 Ἐπίοες,
3626 1498 3834 1556 τέκνον,
3871 1500 3972 1568 τήν

2420 1591 2517 1659 σὴν
2559 1593 2713 1660 χεῖρα
2757 1592 2850 1643 ἐπὶ
2892 1591 2981 1642 τὸν
3022 1590 3151 1658 ὲμδν
3193 1591 3414 1660 αὐχένα.
3454 1591 3564 1642 Καὶ
3617 1589 3692 1650 ὡς
3727 1589 3904 1661 τοῦτο-
3942 1592 3974 1640 6

2420 1679 2639 1748 ἀδελφὸς
2683 1680 2968 1750 πεποίηκε,
3029 1680 3176 1748 λέγει
3207 1684 3236 1733 6
3269 1681 3439 1749 μέγας
3473 1695 3486 1708 ·
3531 1680 3653 1731 Ἐπὶ
3694 1679 3785 1737 τὸν
3837 1679 3971 1746 ὲμὺν

2420 1769 2700 1841 τράχηλον,
2728 1770 2942 1838 ἀδελφὲ,
2984 1773 3017 1838 ἡ
3047 1770 3287 1840 ἁμαρτία
3318 1769 3480 1838 αὕτη,
3506 1771 3604 1822 ὅσα
3632 1769 3728 1837 ἔτη
3752 1770 3848 1821 καὶ
3879 1785 3970 1820 πε-

773 1867 909 1925 quot
962 1859 1118 1911 annis
1169 1867 1220 1911 te
1248 1859 1327 1912 vel
1351 1863 1562 1914 vexavit
1585 1873 1726 1922 ante.
1763 1862 1842 1914 vel
1878 1862 2128 1931 deinceps
2159 1839 2314 1932 302
2347 1839 2388 1894 Β
2418 1879 2438 1911 τ

2302 1869 2314 1932 ι
2347 1839 2388 1894 Β
2418 1861 2630 1929 ποεηκε,
2667 1862 2758 1913 καὶ
2785 1862 2995 1931 ποιήσει
3043 1862 3098 1911 ἐν
3133 1861 3233 1921 σοὶ,
3270 1861 3427 1929 μόνον
3461 1861 3523 1912 σὺ
3552 1859 3717 1929 αὐτὴν
3751 1862 3830 1920 εἰς
3872 1860 3967 1928 μέ-

775 1948 985 2018 allliget,
1016 1958 1070 2002 tu
1102 1957 1307 2003 tantum
1330 1953 1554 2020 posthac
1583 1954 1808 2022 neglige,
1833 1964 1885 2006 et.
1909 1956 2106 2006 nullam
2161 1970 2314 2024 pror-

774 2054 870 2094 sus
915 2040 1061 2095 illius
1110 2057 1299 2096 curam
1356 2043 1509 2097 habe.
1542 2043 1836 2097 Allirmavit
1869 2045 1956 2097 ille
1989 2054 2189 2113 postea,
2223 2044 2314 2098 sed

774 2139 1057 2200 antequam
1098 2148 1162 2188 ex
1216 2134 1442 2189 senioris
1493 2134 1636 2190 illiu‘s
1666 2136 1799 2189 cella
1828 2136 2195 2206 egrederetur,
2224 2152 2314 2206 pe-

775 2222 920 2276 nitus
944 2223 1012 2277 ab
1043 2223 1128 2278 illa
1151 2224 1441 2279 tentatione
1465 2223 1630 2280 fuisse
1664 2225 1969 2290 liberatum,
2023 2240 2317 2294 omnesque

775 2310 1124 2380 cogitationes
1170 2310 1361 2380 impias
1389 2313 1442 2366 in
1482 2311 1689 2368 fumum
1722 2314 2024 2368 evanuisse.
2072 2312 2186 2368 Hoc
2216 2316 2314 2368 mi-

776 2401 830 2454 bi
859 2401 971 2471 ipse
993 2403 1085 2472 qui
1117 2417 1232 2457 rem
1263 2411 1429 2458 totam
1453 2414 1705 2474 expertus
1725 2413 1826 2469 est,
1865 2405 2050 2473 gratiis
2103 2404 2318 2460 Christo

773 2495 910 2550 satis
941 2495 1231 2550 enamvit.

841 2583 943 2651 Qui
970 2586 1035 2639 de
1074 2586 1176 2640 hoc
1214 2585 1344 2640 vitio
1413 2588 1695 2642 victoriam
1763 2589 1963 2651 retulit,
2013 2590 2316 2660 superbiam

775 2677 1049 2746 superavit
1075 2685 1127 2732 et
1144 2678 1394 2734 exclusit.

1082 2788 1408 2845 SCHOLION
1431 2792 1518 2844 AD
1543 2791 1826 2848 GRADUM
1850 2792 2026 2849 XXIII.

1287 2903 1363 2958 De
1391 2904 1730 2974 blasphemia.

841 2986 919 3042 E1
935 2990 1305 3047 incredulitate
1319 2992 1654 3065 [inﬁdelitate
1666 2997 1748 3051 vel
1760 2995 2069 3067 difﬁdentia]
2089 3008 2324 3053 nascuur

2413 1967 2538 2018 τρον
2594 1953 2793 2021 μηκέτι
2826 1952 2935 2022 ἔχε.
2981 1953 3089 2004 Καὶ
3128 1951 3496 2005 διεϐεϐαιοῦτο
3527 1953 3555 2004 6
3603 1951 3863 2014 τοιοῦτος,
3892 1951 3968 2012 ὡς

2413 2043 2472 2093 οὐ
2509 2041 2697 2111 πρώην
2733 2044 2829 2112 τῆς
2870 2043 3066 2112 κὲλλης
3093 2043 3187 2096 τοῦ
3213 2043 3458 2111 γέροντος
3496 2043 3831 2111 ἐξεληλύθει,
3863 2041 3968 2103 ἕως

2414 2124 2473 2184 οὗ
2500 2133 2562 2185 τὸ
2592 2134 2758 2198 πάθος
2782 2134 2976 2188 θᾶττον
3005 2134 3239 2204 ἄφαντον
3269 2135 3516 2202 γέγονεν·
3541 2135 3729 2188 τούτου
3759 2135 3816 2184 ὲν
3850 2132 3970 2184 πεξ-

2418 2241 2487 2295 pq.
2512 2225 2797 2296 γενόμενος
2835 2227 2957 2296 ἐμοὶ
2997 2225 3296 2298 διηγήσατο
3336 2226 3669 2296 εὐχαριστῶν
3717 2225 3796 2294 τῷ
3829 2225 3970 2294 Χριο

2419 2330 2546 2368 στω.

2489 2599 2658 2666 Νίκην
2700 2597 2794 2650 τοῦ
2863 2595 3062 2660 πάθους
3109 2599 3138 2650 6
3179 2595 3413 2667 εἰληφὼς
3478 2595 3736 2648 ἀπώσατο
3801 2597 3974 2662 ὑπερ-

2419 2690 2672 2760 ηφανίαν.

2768 2799 3063 2853 ΣΧΟΔΙΟΝ
3103 2798 3211 2851 ΕΙΣ
3252 2797 3474 2850 ΔΟΓΟΝ
3523 2794 3648 2849 Kl“.

2908 2910 3046 2978 Περὶ
3067 2909 3482 2976 βλασφημίας.

2504 3003 2591 3069 Ἐξ
2615 3002 2867 3066 ἀπιστίας
2893 3003 3140 3071 παρακοὴ
3161 3017 3175 3030 ·
3194 3003 3257 3054 ὲκ
3271 2999 3552 3070 παρακοῆς
3567 2997 3928 3066 αὑταρέσκεια
3965 3017 3974 3021 ·

776 3079 1165 3147 mobedientia;
1194 3097 1260 3137 ex
1285 3085 1667 3152 inobedientia,
1693 3089 1774 3142 sui
1805 3089 2226 3158 complacentia;
2256 3106 2324 3145 ex
2424 3097 2441 3148 ἔ

2305 3107 2324 3145 ι
2424 3097 2488 3148 ὲκ
2537 3092 2737 3172 ταύτης
2781 3092 3053 3156 κενοδοξία
3081 3109 3096 3122 ·
3133 3095 3197 3144 ἐκ
3235 3090 3539 3154 κενοδοξίας
3582 3085 3927 3156 ὑπερηφανία
3950 3102 3970 3172 ί·

777 3168 895 3232 hac,
926 3185 1060 3223 vana
1087 3172 1275 3241 gloria,
1296 3187 1362 3226 ex
1379 3189 1513 3227 vana
1537 3175 1728 3244 gloria,
1749 3177 1994 3244 superbia
2018 3191 2113 3243 ;ex
2139 3192 2324 3246 supcr-
2351 3175 2393 3232 C
2427 3185 2442 3234 ἑ

2310 3206 2324 3219 -
2351 3175 2393 3232 C
2427 3182 2486 3247 ἐξ
2532 3168 2906 3250 ὑπερηφανίας
2949 3179 3285 3250 βλασφημία,
3329 3178 3362 3246 ἦ
3411 3176 3630 3236 εκτασις
3657 3175 3808 3236 νοόςο
3833 3175 3890 3224 ὲν
3915 3171 3975 3224 ἓ

777 3258 884 3325 bia,
904 3261 1230 3330 blasphemia
1260 3274 1355 3318 aut
1393 3276 1580 3334 stupor
1605 3268 1791 3322 animi.
1829 3268 1883 3320 In
1910 3269 2324 3338 simplicioribus
2427 3289 2442 3320 ιτ

2312 3287 2324 3324 ι
2427 3273 2539 3333 τοῖς
2601 3269 2986 3340 ἁπλουστέροις
3036 3270 3102 3322 ὲκ
3152 3268 3348 3336 φθόνου
3393 3266 3660 3335 δαιμόνων
3704 3265 3909 3332 γίνεται
3938 3265 3977 3331 ἡ

777 3349 1106 3419 blasphemia
1133 3353 1345 3408 exsistit
1375 3369 1439 3409 ex
1469 3356 1666 3410 invidia
1699 3358 2021 3411 diemonum.

2429 3359 2756 3428 βλασφημία.

820 3484 2959 3510 ...._.____________________________________

1289 3565 1566 3620 GRADUS
1609 3567 1794 3621 XXIV.

779 3674 853 3729 De
902 3675 1116 3748 leuitate
1169 3696 1254 3732 seu
1299 3683 1712 3741 mansuetudine,
1770 3684 2117 3748 simplicitate.
2175 3685 2321 3734 inno-

844 3746 1010 3816 centia
1039 3757 1088 3799 et
1116 3749 1322 3802 malitia
1352 3767 1454 3803 non
1485 3751 1548 3803 ab
1577 3764 1766 3804 natura
1798 3746 1992 3816 insitis,
2023 3754 2110 3805 sed
2135 3753 2324 3805 virtute

845 3815 925 3868 vel
953 3818 1075 3868 vitio
1099 3819 1286 3884 partis.

849 3905 1024 3960 Solem
1053 3909 1314 3964 matutina
1345 3911 1435 3964 lux
1491 3927 1697 3964 aurorae
1747 3913 2046 3980 praecurrit.
2105 3913 2324 3964 humili-

777 4000 937 4047 tatem
985 3992 1338 4053 mansuetudo
1400 4001 1673 4067 praecedit.
1704 3999 1886 4070 Itaque
1912 4002 2083 4055 lucem
2114 4005 2130 4068 (
2165 4002 2324 4054 Chri-

777 4090 959 4153 stum)
1010 4085 1154 4152 prius
1196 4088 1498 4153 audiamus,
1544 4105 1665 4157 qua}
1716 4105 1808 4144 eas
1856 4091 1928 4144 ita
1967 4107 2060 4158 per
2098 4092 2321 4160 gradum

777 4173 1046 4241 disponit:
1087 4176 1302 4241 Discite,
1337 4180 1528 4248 inquit,
1557 4198 1589 4233 rt
1618 4198 1714 4245 me,
1767 4183 1892 4250 quia
1925 4167 2068 4235 initis
2115 4199 2250 4247 sum,
2274 4192 2323 4235 et

778 4264 992 4319 humilis
1039 4269 1190 4322 corde
1234 4271 1272 4324 ⁸.
1328 4269 1432 4324 Par
1478 4282 1561 4325 est
1596 4288 1742 4341 ergo,
1789 4283 1847 4326 ut
1873 4274 2042 4342 prius,
2073 4289 2231 4341 quam
2259 4275 2326 4327 de

779 4357 892 4411 sole
946 4374 1188 4427 agamus,
1237 4361 1477 4416 bacluce
1517 4364 1864 4428 illustremur,
1892 4381 1953 4417 ac
1978 4374 2085 4417 tum
2110 4367 2322 4417 demum

779 4447 966 4501 oculos
1016 4449 1070 4501 in
1130 4451 1297 4504 solem
1358 4451 1560 4505 clarius
1607 4453 1766 4523 303
1794 4453 2162 4529 intendamus:
2185 4453 2323 4507 Fieri

782 4551 889 4589 non
941 4547 1138 4606 potest,
1191 4556 1296 4592 non
1320 4551 1511 4609 potest,
1564 4544 1804 4611 inquam,
1855 4545 1970 4598 fieri
2011 4546 2253 4598 utsolcm
2287 4545 2332 4598 is

2997 3570 3208 3624 ΛΟΓΟΣ
3255 3572 3375 3623 ΚΔθ.

2430 3683 2562 3749 Περὶ
2608 3685 2955 3747 πραότητος.
3017 3682 3113 3734 καὶ
3148 3684 3504 3749 ἁπλότητος,
3553 3683 3648 3734 καὶ
3697 3683 3976 3747 ἀκακιάς,

2507 3751 2604 3827 καὶ
2651 3755 2937 3818 πονηρίας
2975 3753 3432 3820 σεσοφισμένων
3464 3791 3477 3813 ,
3547 3751 3640 3803 καὶ
3683 3754 3755 3803 οὐ
3799 3769 3977 3808 φυσι-

2515 3838 2654 3874 κων.

2504 3912 2796 3980 Προτρέχει
2839 3913 2936 3981 μὲν
2967 3911 3060 3964 τοῦ
3088 3911 3238 3980 ἡλίου
3267 3911 3328 3962 τὺ
3356 3911 3587 3980 πρωῐνὺν
3620 3911 3754 3977 φῶς,
3797 3912 3978 3977 πάσης

2429 4000 2483 4052 δὲ
2503 4001 2996 4071 ταπεινοφροσύνης
3019 4002 3268 4071 πραΰτης
3285 4000 3305 4070 (
3320 4017 3351 4052 a
3371 4001 3388 4067 )
3409 4000 3710 4068 πρόδρομος
3731 4017 3741 4026 ·
3762 3999 3843 4050 διὸ
3878 4000 3973 4050 καὶ

2430 4089 2520 4141 τοῦ
2541 4090 2715 4156 φωτὸς
2730 4091 3067 4158 ἀκούσωμεν,
3107 4090 3281 4152 οὕτως
3295 4091 3464 4150 αὑτὰς
3485 4088 3562 4157 τῷ
3585 4087 3779 4157 βαομῷ
3795 4105 3966 4140 κατα-

2429 4179 2730 4240 τάττοντος⁹
2765 4178 2991 4232 Μάθετε
3024 4179 3133 4246 γὰρ
3164 4178 3264 4230 ἀπ’
3295 4176 3463 4243 ἐμοῦ,
3495 4176 3644 4244 φησὶ,
3672 4173 3761 4225 ὅτι
3789 4171 3982 4240 πρᾶόν

2427 4271 2562 4334 εἰμι,
2579 4269 2676 4322 καὶ
2694 4271 2968 4334 ταπεινὸς
3002 4268 3074 4336 τῇ
3108 4268 3316 4336 καρδίᾳ
3337 4269 3434 4336 (I).
3458 4263 3665 4317 Οὐκοῦν
3683 4264 3843 4331 Θέμις
3873 4263 3983 4333 πρὸ

2428 4360 2578 4428 ἡλίου
2599 4361 2725 4429 περὶ
2739 4360 2912 4428 φωτὸς
2927 4359 3275 4428 φωτισθῆναγ
3295 4355 3395 4410 εἷθ’
3407 4355 3576 4417 οὕτως
3597 4354 3672 4423 τῷ
3683 4354 3819 4423 ἡλίῳ
3833 4355 3983 4404 ἐναν-

2432 4450 2639 4503 τενίσαι
2662 4452 2890 4520 τρανῶς.
2921 4452 3032 4503 Οὐκ
3048 4449 3162 4502 ἔστι
3189 4450 3316 4519 γὰρ,
3343 4449 3442 4501 οὐκ
3467 4449 3582 4499 ἔστι
3608 4447 3698 4497 τὸν
3721 4446 3795 4513 μὴ
3821 4444 3984 4495 τοῦτο

2438 4543 2759 4611 προγνόντα,
2803 4542 3005 4593 ἐκεῖνον
3040 4539 3354 4601 θεάσασθαι,
3388 4539 3460 4599 ὡς
3487 4537 3646 4606 ἡτῶν
3673 4534 3986 4602 λεγομένων

782 4617 1071 4690 intueatur,
1113 4629 1204 4695 qui
1231 4630 1368 4683 hanc
1393 4631 1564 4684 lucem
1591 4641 1715 4686 ante
1737 4649 1842 4687 non
1869 4635 2138 4704 cognovit.
2187 4631 2339 4688 Sicut
2438 4631 2447 4703 1

2304 4644 2339 4688 It
2438 4631 2534 4703 [αι.
2579 4631 2900 4701 γεγονότων]
2923 4631 3158 4683 διδάσκει
3187 4629 3390 4698 ἀληθὴς
3415 4628 3768 4686 κατάστασις.
3793 4623 3969 4691 Πραΰ-

786 4729 910 4767 vcra
932 4716 1154 4771 docendi
1188 4719 1324 4771 ratio
1347 4729 1400 4772 et
1429 4720 1562 4773 ordo
1590 4722 1801 4774 dicendi
1826 4738 1924 4776 nos
1947 4732 2142 4777 monet.
2185 4722 2334 4775 Mau-

784 4806 1014 4859 Snetuilo
1035 4818 1113 4861 est
1148 4810 1496 4866 immutabilis
1535 4813 1694 4868 animi
1742 4822 1938 4878 status,
1967 4815 2057 4883 qui
2095 4816 2146 4867 iti
2184 4817 2330 4868 omni

786 4894 1000 4949 fortuna
1053 4897 1316 4953 honorum
1366 4909 1419 4954 et
1495 4904 1942 4956 contumeliarum
2014 4905 2332 4973 aequabilem

786 4985 949 5040 animi
976 4983 1544 5046 habituin'conservat.
1578 4993 1933 5047 Mansuetudo
1966 5005 2048 5048 est
2073 5011 2165 5063 pro
2213 4995 2333 5049 aliis

790 5085 840 5128 te
902 5081 1344 5144 perturbantibus
1401 5082 1518 5137 sine
1575 5084 1978 5151 perturbatione
2036 5085 2242 5139 sini-ere
2279 5095 2334 5139 et

785 5182 852 5220 ex
899 5168 1079 5222 animo
1139 5173 1365 5239 precari.
1406 5172 1760 5228 Mansuetudo
1790 5183 1872 5228 est
1898 5176 2207 5243 prominens
2239 5173 2332 5227 aii-

784 5268 975 5309 versus
1029 5257 1162 5310 iram
1232 5260 1398 5314 maris
1445 5277 1625 5330 rupes,
1668 5278 1788 5331 quae
1826 5276 2015 5315 omnes
2039 5262 2208 5315 illisos
2237 5262 2334 5314 Ilu-

784 5354 908 5400 ctus
930 5344 1174 5399 dissolvit
1196 5361 1259 5402 ac
1281 5347 1495 5418 frangit,
1539 5365 1636 5403 nec
1661 5350 1781 5419 ipsa
1837 5349 2048 5402 interim
2087 5357 2330 5400 movetur

787 5444 884 5490 aut
939 5434 1220 5505 frangitur.
1266 5439 1617 5494 Mansuetudo
1671 5451 1752 5495 est
1793 5439 2209 5493 stabilimentum
2239 5454 2334 5506 pa-

861 5593 881 5625 ¹
917 5593 1104 5646 Matth.
1139 5607 1212 5652 xi,
1247 5592 1334 5644 ‘29.

2433 4739 2530 4791 της
2572 4723 2718 4774 ἐστὶν
2761 4719 3088 4790 ἀμετάθετος
3130 4718 3247 4780 νοὸς
3291 4718 3642 4775 κατάστασις,
3700 4715 3758 4765 ὲν
3793 4714 3984 4779 τιμαῖς

2433 4815 2527 4864 καὶ
2570 4812 2814 4882 ἀτιμίαις
2869 4810 3128 4871 ὡσαύτως
3179 4809 3377 4876 ἔχουσα
3419 4807 3514 4874 (9.).
3551 4805 3804 4875 Πραΰτης
3836 4802 3986 4854 ἐστὶν

2431 4904 2488 4954 ἐν
2513 4903 2775 4971 ταραχαῖς
2800 4899 2891 4951 τοῦ
2919 4899 3142 4967 πλησίον
3181 4895 3588 4962 ἀνεπαισθήτως
3630 4893 3724 4944 καὶ
3755 4891 3984 4954 εἱλικρι-

2429 4990 2535 5052 νῶς
2560 4990 2698 5058 ὑπὲρ
2727 4985 2890 5040 αὑτοῦ
2915 4983 3328 5054 προσεύχεσθαι.
3358 4981 3609 5049 Πραΰτης
3639 4975 3786 5028 ἐστὶν
3814 4976 3983 5042 ὑπερ-

2432 5079 2656 5149 κειμένη
2704 5079 2802 5146 τῆς
2840 5076 2932 5128 τοῦ
2959 5074 3127 5146 θυμοῦ
3152 5073 3418 5142 θαλάττης
3459 5071 3652 5138 πέτρα,
3709 5066 3891 5118 πάντα
3916 5064 3988 5113 τὰ

2434 5170 2844 5240 προσρήσσοντα
2867 5167 3084 5237 κύματα
3108 5163 3418 5228 διαλύουσα,
3445 5159 3538 5213 καὶ
3586 5155 3838 5224 οὐδαμῶς
3860 5151 3984 5204 κλιί-

2434 5278 2521 5313 νον
2549 5257 2907 5328 ὑπομένουσα.
2933 5255 3181 5324 Πραῦτης
3211 5253 3354 5305 ἐστὶν
3375 5248 3644 5315 ὑπομονῆς
3682 5246 3985 5312 στήριγμα,

2439 5348 2654 5417 ἀγάπης
2698 5345 2858 5415 θύρα,
2903 5345 3098 5414 μᾶλλον
3135 5343 3190 5393 δὲ
3236 5341 3443 5408 μήτηρ,
3492 5334 3816 5404 διακρίσεως
3847 5329 3979 5381 ὑπό-

2442 5440 2624 5501 οεσιςο
2657 5437 2884 5500 Διδιὶξει
2929 5435 3054 5502 γὰρ.
3105 5433 3255 5501 φησὶ,
3308 5430 3516 5494 Κύριος
3567 5425 3776 5494 πραεῖς
3805 5418 3986 5481 ὁδοὺς

864 5685 942 5756 (α)
977 5685 1238 5756 πραΰτης.
1274 5685 1343 5740 Ita
1374 5687 1568 5754 su-pius
1601 5685 1920 5738 membrana:
1959 5683 2047 5735 ubi
2100 5682 2184 5735 alii
2253 5678 2466 5736 codices

2330 5678 2466 5734 ilices
2530 5684 2783 5749 πραότης,
2846 5682 2935 5736 sed
3001 5682 3136 5737 idem
3173 5678 3313 5734 valet
3366 5680 3651 5740 utrumque:
3716 5671 3886 5740 πρᾶος
3931 5677 3995 5725 οι

792 5755 980 5822 πραΰς,
