4216 6458
232 392 335 467 981

1184 392 1419 468 'SCALA
1454 412 1826 475 PARADISI.
1847 418 2236 478 —GRADUS
2268 422 2451 480 XXIV
3332 427 3436 488 sxa

226 514 413 566 αὐτου
433 530 445 542 ·
477 512 724 580 ἀφέσεως
753 512 1009 582 πρόξενος
1037 532 1049 546 θ
1081 518 1363 589 παρρησία
1403 523 1459 572 ὲν
1479 527 1751 595 προσευχῇ
1776 545 1788 558 .

1894 528 2117 605 tientize,
2170 531 2451 585 cbaritatis
2502 531 2690 598 jauua,
2745 531 2855 584 imo
2906 547 3034 587 vero
3072 549 3283 603 parens,
3314 556 3409 605 pm

226 603 539 676 Ιῐνεύματος
563 605 719 673 ἁγίου
752 607 946 675 χωρίον
968 624 982 637 ο
1025 609 1153 662 Ἐπὶ
1197 612 1365 677 τίνας
1412 615 1520 681 γὰρ
1549 616 1785 669 ἐπιϐλέ-

221 699 341 761 ψω,
368 695 503 747 ἀλλ’
530 694 569 761 ἦ
607 693 704 745 ἐπὶ
731 695 840 747 τὸν
878 694 1072 764 πρᾶον
1117 699 1215 752 καί
1264 699 1525 770 ἡσύχιον
1545 719 1564 767 ;
1608 706 1787 774 Πραΰ-

222 797 322 847 της
352 781 595 850 ὑπακοῆς
626 786 902 853 συνεργὸς,
952 785 1309 856 ἀδελφότητος
1342 790 1554 860 ὁδηγδς,
1582 811 1773 861 μαινοο

225 873 401 941 μένων
440 873 671 943 χαλινὸς,
712 875 1065 945 θυμουμένων
1109 880 1340 952 ὲκκοπὴ.
1370 885 1464 936 καὶ
1488 889 1660 955 χαρᾶς
1691 905 1780 957 χο-

223 962 411 1030 ρηγὸς,
440 963 672 1033 Χριστοῦ
711 966 957 1035 μίμημα,
989 966 1238 1035 ἀγγέλων
1263 970 1477 1043 ίδίωμα,
1508 974 1779 1046 δαιμόνων

216 1047 437 1118 δεσμὸς,
477 1051 569 1104 καὶ
622 1055 844 1121 πικρίας
897 1053 1105 1124 θυρεός.
1152 1058 1241 1113 Ἐν
1283 1063 1532 1133 καρδίαις
1561 1068 1780 1137 πραέων

216 1138 656 1196 ὲπαναπαύσεται
705 1143 942 1215 Κύριος·
984 1146 1130 1220 ψυχὴ
1200 1150 1256 1204 δὲ
1302 1156 1622 1227 ταραχώδης
1663 1158 1777 1211 διαο

216 1227 375 1282 δόλου
402 1230 659 1302 καθέδρα.
690 1236 752 1286 Oi
781 1234 991 1302 πραεῖς
1047 1234 1578 1310 κληρονομήσουσι
1619 1245 1736 1315 γῆν
1757 1265 1773 1278 ο

218 1319 420 1388 μᾶλλον
443 1321 501 1374 δὲ
540 1325 1031 1394 κατακυριεύσουσι
1066 1328 1170 1399 γῆς
1198 1347 1212 1360 ο
1242 1336 1546 1403 μεμηνότες
1580 1336 1636 1389 δὲ
1677 1338 1773 1392 ἀν-

211 1410 340 1483 δρες
392 1413 778 1484 ὲκπορθοῦνται
823 1418 932 1471 ἀπὸ
978 1419 1079 1490 γῆς
1128 1422 1327 1476 αὐτῶν.
1381 1425 1539 1497 Ψυχὴ
1572 1433 1773 1498 πραεῖα

213 1499 404 1570 θρόνος
434 1502 732 1576 ἁπλότητος
751 1520 766 1534 ·
804 1505 928 1572 νοῦς
960 1500 1043 1562 ιδὲ
1071 1510 1283 1580 ὀργίλος
1319 1513 1646 1587 δημιουργὸς
1676 1538 1773 1574 πο-

210 1593 422 1662 νηρίας.
454 1594 615 1666 Ψυχὴ
670 1597 807 1667 ἡπία
851 1602 1088 1671 χωρήσει
1117 1604 1305 1673 λόγους
1349 1609 1558 1676 σοφίας,
1609 1613 1773 1683 Ὀδη-

211 1682 390 1752 γήσει
419 1686 529 1757 γὰρ
570 1688 783 1758 Κύριος
803 1691 1007 1757 πραεῖς
1039 1693 1108 1745 ἐν
1134 1697 1346 1764 κρίσει,
1374 1701 1571 1769 μᾶλλον
1605 1704 1663 1757 δὲ
1713 1707 1772 1759 ἐν

207 1775 501 1847 διακρίσει.
558 1779 716 1850 Ψυχὴ
739 1781 901 1851 εὐθὴς
929 1785 1155 1863 σύμὸιος
1181 1790 1588 1858 ταπεινώσεωςο
1633 1801 1663 1867 η
1710 1798 1767 1851 δὲ

209 1869 426 1939 πονηρὰ
455 1871 823 1963 ὑπερηφανίας
852 1877 1046 1941 νεανίς.
1070 1879 1254 1951 Ψυχαὶ
1285 1885 1504 1953 πραέων
1527 1888 1775 1963 πλησθή-
1808 1879 1851 1937 Β

209 1973 398 2011 σονται
414 1953 665 2026 γνώσεως
690 1978 702 1989 ·
733 1962 984 2035 θυμώδης
1010 1967 1064 2020 δὲ
1092 1971 1214 2034 νοῦς
1234 1974 1457 2038 σκότους
1479 1977 1571 2029 καὶ
1599 1980 1773 2045 ἁγνωο

209 2049 337 2114 σίας
367 2049 630 2117 σύνοικος.
677 2054 942 2128 Θυμώδης
994 2061 1086 2113 καὶ
1135 2062 1297 2132 εἴρων
1324 2065 1571 2135 ἀλλήλοις
1603 2071 1774 2140 ὑπήν-

205 2159 383 2213 τησαν
423 2142 498 2215 (3)
524 2158 537 2173 °
572 2145 665 2198 καὶ
690 2147 791 2199 οὐκ
838 2140 925 2220 ἦν’
948 2150 1125 2221 εὑρεῖν
1163 2153 1319 2222 λόγον
1366 2156 1494 2227 εὺοῆ
1528 2161 1585 2212 ὲν
1609 2160 1775 2214 διαλέ-

207 2232 293 2298 ξει
325 2235 523 2290 αὐτῶν.
572 2236 914 2305 Ἀναπτῦξας
955 2242 1051 2312 τὴν
1096 2245 1321 2315 καρδίαν
1353 2248 1445 2301 τοῦ
1486 2253 1770 2325 προτέρου,

202 2327 465 2398 εὑρήσεις
507 2330 721 2400 μανίαν,
771 2334 869 2401 τὴν
930 2335 985 2387 δὲ
1013 2336 1105 2389 τοῦ
1132 2339 1384 2409 δευτέρου
1418 2342 1595 2414 ψυχὴν
1622 2348 1775 2417 ἐρευ-

202 2420 401 2489 νήσας,
456 2420 756 2492 θεωρήσεις
809 2426 1091 2496 πονηρίαν.
1151 2428 1412 2503 Ἀπλότης
1468 2436 1614 2487 ἐστὶν
1662 2436 1775 2500 ἕξις

197 2510 383 2582 ψυχῆς
407 2513 685 2580 ἀποίκιλος
720 2516 819 2588 (ί),
857 2518 991 2588 πρὸς
1033 2522 1319 2574 κακόνοιαν
1351 2526 1615 2599 γενομένη
1651 2532 1774 2583 ἀκί-

200 2620 389 2672 νητος.
419 2606 659 2677 Πονηρία
694 2608 841 2660 ἐστὶν
864 2610 1161 2679 ἐπιστήμη,
1211 2612 1409 2681 μᾶλλον
1436 2615 1492 2668 δὲ
1527 2617 1774 2688 ἀσχημο-

199 2694 342 2765 σύνη
362 2693 735 2768 δαιμονιώδης,
758 2699 1013 2768 ἀληθείας
1038 2702 1493 2774 ἀποπερηθεῖσα.
1526 2709 1619 2762 καὶ
1647 2712 1775 2774 τοὺς

196 2786 433 2849 πολλοὺς
454 2787 732 2841 λανθάνειν
753 2791 1004 2845 δοκοῦσα.
1044 2793 1361 2866 ’Υπὸκρισίς
1381 2799 1496 2852 ἐστι
1516 2800 1772 2871 σώματος

198 2876 303 2931 καὶ
347 2876 527 2948 ψυχῆς
563 2882 777 2934 ἐναντία
836 2883 1164 2948 κατάστασις
1222 2889 1483 2953 ἐπινοίαις
1537 2892 1785 2958 ἀπάσαις,

197 2967 634 3041 ἐμπεπλεγμένη
659 2988 687 3013 ο.
716 2972 923 3026 ἀκακία
971 2976 1119 3027 ἐστὶν
1172 2975 1331 3047 ίλαρά
1377 2978 1556 3051 ψυχῆς
1598 2983 1769 3036 κατά-

198 3076 398 3125 στασις
423 3062 664 3127 ἐπινοίας
698 3065 880 3136 πάσης
901 3067 1319 3141 ἀπηλλαγμένη.
1355 3070 1602 3144 Εὑθύτης
1625 3077 1773 3129 ἐστὶν

196 3151 535 3225 ἀπερίεργος
573 3154 770 3221 ἔννοια,
819 3159 1104 3212 ἀνόθευτον
1151 3156 1283 3232 ἦθος
1356 3164 1455 3233 (a),
1498 3166 1773 3232 ἄπλαστος

321 3215 334 3222 -
411 3215 462 3225 --
517 3215 526 3218 -
758 3215 767 3221 -
1175 3215 1187 3232 .
1262 3215 1280 3225 -
1359 3215 1455 3233 ιηι.
1502 3215 1769 3232 ,τ-ηςπ--τ

101 3243 105 3246 ’
196 3241 301 3293 καὶ
335 3242 927 3312 ἀπροκατασκεύαστος
970 3246 1159 3313 λόγος’
1209 3249 1480 3318 ἀπόνηρος
1525 3254 1644 3306 ἐστι
1683 3274 1773 3309 κα·
1802 3215 1847 3274 c

1896 620 2086 673 tlentize
2127 632 2502 692 argumentum
2546 639 2559 672 :
2612 623 2819 676 Docebit
2850 626 3017 687 cnim,
3055 627 3225 695 inquit
3264 626 3436 680 Domi-

1893 720 2014 767 nus,
2070 709 2219 760 mites
2250 710 2358 762 vias
2389 726 2511 762 suas
2534 712 2554 741 ¹
2580 726 2595 764 ι
2629 712 2962 780 procuratrix
2988 715 3159 768 venia:
3187 730 3435 784 pem-ato-

1890 808 2033 856 rum,
2093 794 2281 849 iiducia
2338 797 2389 849 in
2438 798 2707 866 precibus,
2762 798 2994 865 Spiritus
3014 804 3182 855 sancti
3212 803 3436 856 domicio

1888 884 2052 940 lium:
2106 885 2274 956 Super
2300 904 2427 957 quos
2474 889 2609 942 enim
2636 891 2929 959 respiciam,
2967 892 3068 945 nisi
3091 909 3243 961 super
3293 912 3441 948 utan.-

1888 975 2095 1029 suetum
2128 987 2179 1030 et
2202 980 2433 1046 quietum
2458 978 2524 1033 ’ἲ
2550 979 2904 1035 Mansuetudo
2921 992 3006 1037 est
3021 983 3255 1052 adjutrix
3310 987 3440 1040 obe-

1885 1066 2119 1131 dientim,
2139 1069 2246 1122 dux
2274 1069 2534 1138 religiosa:
2564 1072 2861 1139 societatis,
2888 1072 3174 1130 furentium
3206 1074 3436 1135 frenum.

1884 1159 2233 1212 irascentium
2285 1158 2718 1229 [iracundomm
2761 1162 2782 1235 ]
2831 1165 3119 1233 expultrix,
3184 1166 3438 1236 magistra

1882 1249 2088 1319 gaudii,
2142 1251 2400 1305 imitatrix
2440 1251 2659 1317 Christi,
2695 1254 2939 1324 caelitum
2968 1255 3288 1324 proprietas,
3318 1256 3437 1308 vin-

1884 1342 2069 1411 culum
2103 1353 2156 1396 et
2195 1344 2369 1397 nodus
2400 1343 2724 1408 daemonum,
2751 1355 2964 1400 scutum
2995 1350 3249 1400 adversus
3290 1360 3439 1400 ama-

1881 1433 2175 1487 ritudinem
2202 1449 2293 1488 seu
2327 1435 2493 1490 animi
2527 1436 2890 1490 acerbitatem.
2927 1436 2979 1488 In
3020 1438 3267 1491 cordibus
3291 1454 3440 1489 mau-

1880 1534 2154 1579 suetorum
2206 1527 2509 1596 requiescet
2561 1527 2837 1582 Dominus.
2874 1530 3067 1583 Anima
3098 1541 3278 1584 autem
3314 1538 3435 1582 tur-

1881 1618 2097 1673 bulenta
2158 1618 2318 1673 nidus
2393 1628 2477 1674 est
2525 1620 2757 1675 diaboli:
2822 1619 2978 1675 Mite:
3061 1622 3441 1676 Iucreditabunt

1880 1715 2145 1776 terram‘,
2217 1716 2297 1768 vel
2346 1717 2525 1783 potius
2577 1717 3004 1772 dominabuntur
3035 1720 3214 1781 terris,
3257 1716 3441 1771 furiosi

1878 1815 2059 1860 autem
2087 1807 2591 1860 exterminahuntur
2622 1823 2652 1862 a
2685 1809 2842 1864 terris
2893 1810 3028 1864 suis.
3065 1810 3253 1861 Anima
3293 1824 3443 1861 mau-

1879 1908 2031 1953 sueta
2088 1907 2172 1953 est
2218 1899 2489 1954 thalamus
2551 1900 2945 1971 simplicitatis:
2999 1902 3212 1955 animus
3263 1914 3442 1953 autem

1881 1991 2175 2047 iracundus
2206 1999 2290 2047 est
2322 1992 2648 2048 architectus
2680 1993 3057 2063 improbitatis.
3088 1992 3230 2047 Mitis
3264 1992 3442 2046 anima

1876 2083 2050 2153 capiet
2080 2085 2243 2138 verba
2270 2085 2566 2155 sapientiae,
2597 2084 2758 2158 305
2793 2084 2991 2157 Diriget
3020 2085 3162 2139 enim
3194 2084 3448 2138 Dominus

1877 2184 2178 2228 mamuetos
2209 2177 2262 2228 in
2292 2176 2493 2240 iudicio
2524 2177 2566 2240 ⁵,
2602 2177 2710 2230 imo
2733 2178 2786 2231 in
2813 2172 3134 2233 discretione
3166 2192 3257 2231 seu
3316 2192 3444 2245 pru-

1874 2265 2076 2320 dentia.
2126 2268 2319 2322 Anima
2348 2268 2564 2338 .sincera
2596 2277 2651 2324 et
2691 2278 2839 2324 recta
2910 2283 2993 2326 est
3045 2272 3446 2325 contubernalis

1878 2349 2239 2418 humilitatis;
2296 2353 2539 2422 improba
2594 2368 2722 2408 vero
2779 2363 2860 2408 est
2905 2356 3171 2424 superbia:
3226 2356 3437 2409 ancilla.

1875 2443 2085 2498 Animae
2140 2446 2549 2499 mansuetor‘um
2604 2444 2969 2513 implebantur
3034 2446 3282 2511 scientia,
3331 2445 3442 2498 ira-

1875 2534 2090 2590 cundus
2114 2550 2240 2590 vero
2268 2536 2485 2589 animus
2514 2535 2698 2589 socius
2725 2544 2779 2589 et
2798 2536 3126 2590 domesticus
3154 2546 3234 2589 cst
3272 2537 3450 2589 noctis

1876 2624 1895 2696 [
1927 2626 2175 2695 caliginis
2202 2623 2223 2697 ]
2255 2636 2309 2681 et
2340 2626 2673 2697 ignorantiae.
2706 2626 2840 2681 Cum
2877 2627 3168 2681 iracundus
3216 2638 3265 2679 et
3287 2628 3447 2681 dissi-

1881 2716 2116 2771 mulator
2160 2716 2264 2772 sibi
2330 2725 2521 2773 mutuo
2577 2719 2966 2783 occurrissent,
3034 2719 3180 2773 nulla
3237 2719 3446 2773 sincera

1874 2806 2267 2862 sermocinatio
2329 2817 2542 2877 poterat
2605 2810 2747 2864 inter
2798 2809 2918 2863 illos
2946 2811 3078 2866 licri.
3118 2810 3173 2864 Si
3208 2826 3300 2865 cor
3334 2811 3443 2865 ira-

1872 2899 2036 2953 cundi
2066 2901 2440 2970 explicaveris,
2473 2903 2845 2973 deprehendes
2872 2904 3137 2959 insaniam
3169 2924 3181 2959 :
3209 2906 3253 2957 si
3282 2905 3443 2959 dissi-

1875 2989 2161 3044 mulatoris
2220 2992 2461 3046 animum
2522 2996 2899 3063 perscruteris,
2923 2995 3129 3049 videbis
3164 2995 3446 3048 malitiam.

1878 3081 2207 3152 Simplicitas
2258 3094 2342 3140 est
2393 3084 2609 3157 habitus
2635 3086 2829 3141 anima:
2852 3088 3072 3141 minime
3103 3089 3302 3149 varius,
3331 3103 3453 3155 om-

1882 3173 1969 3227 nis
2000 3189 2266 3243 perversa:
2294 3176 2639 3244 cogitationis
2665 3190 2877 3244 expers.
2912 3175 3113 3231 Malitia
3144 3189 3220 3231 est
3271 3178 3449 3231 scicn-

1882 3266 1989 3332 tia;
2016 3266 2096 3320 vel
2132 3268 2312 3336 potius
2343 3268 2361 3338 (
2395 3277 2450 3322 ut
2484 3269 2554 3321 ita
2580 3269 2811 3339 loquar)
2837 3269 3103 3323 diabolica
3150 3271 3450 3325 iudecentia

195 3332 351 3402 θαρά
408 3334 571 3402 φύσις
610 3335 810 3404 ψυχῆς,
855 3337 929 3400 ὼς
967 3338 1175 3405 πέφυκε
1225 3341 1506 3397 κτισθεῖσα
1552 3347 1652 3409 τὰς
1688 3352 1777 3401 ὲν-

1877 3372 1973 3411 seu
2024 3359 2301 3425 turpitudo
2356 3358 2581 3414 veritate
2633 3361 2909 3421 destituta,
2954 3377 3074 3431 qua:
3113 3362 3212 3416 sibi
3247 3364 3453 3417 videtur

194 3424 415 3514 τεύξεις
446 3426 581 3495 πρὸς
623 3428 829 3492 πάντας
860 3430 1180 3502 ποιουμένη.
1227 3434 1464 3505 Πονηρία
1505 3438 1655 3493 ἐστὶν
1692 3442 1799 3495 εὐο,

197 3512 436 3587 θύτητος
464 3518 749 3593 ἐναλλαγὴ.
786 3519 1175 3593 πεπλανημένη
1209 3522 1384 3580 ἔννοια
1410 3543 1424 3557 ·
1457 3524 1773 3601 οἰκονομίας

196 3602 544 3681 ψὲῦδομένητ
577 3612 965 3683 κεκολασμένοι
996 3615 1265 3686 (Mog-im,
1285 3620 1771 3691 συμπεπλεγμένοι

197 3698 395 3769 λόγον
451 3701 610 3771 βυθὸς
663 3705 910 3775 καρδίας.
959 3706 1192 3771 ἄσυσσος
1236 3709 1411 3776 δόλου,
1463 3716 1777 3785 πεποιωμέ-

196 3806 300 3843 νον
349 3788 582 3859 ψεῦδος,
632 3793 835 3864 φυσικὴ
887 3794 1072 3848 λοιπὸν
1133 3795 1309 3867 οίησις
1333 3839 1349 3859 ,
1398 3800 1779 3865 ταπεινώσεως

197 3881 526 3946 ἀντίπαλος,
580 3885 866 3954 μετανοίας
919 3887 1235 3958 ὑπόκρισις.
1296 3891 1527 3956 πένθους
1578 3909 1777 3964 μικρυ-

201 3972 352 4045 σμδς
390 4014 406 4037 ,
452 3975 888 4048 ὲξομολογήσεως
946 3977 1115 4050 ἔχθρα
1147 4020 1162 4045 ,
1220 3981 1721 4054 ίδιογνωμόρυθμος
1758 4022 1774 4047 ,

1354 4074 1629 4138 ἀντίθετος
1679 4076 1778 4148 (5),

201 4068 523 4137 πτωμάτων
573 4069 865 4141 πρόξενος,
922 4072 1271 4137 ἀναστάσεως

201 4156 430 4229 ὕϐρεων
469 4162 808 4233 μειδιασμὸς.
857 4165 1275 4237 μεμωραμμένη
1326 4167 1619 4237 κατήφεια,
1656 4167 1771 4221 ἑπι-

203 4249 455 4316 πλαστος
478 4253 755 4315 esteem.
781 4255 1139 4331 δαιμονιώδης
1174 4256 1308 4326 βίος.

1883 3446 2022 3501 alios
2052 3447 2347 3515 nequitiam
2387 3463 2541 3503 suam
2572 3449 2745 3504 celare
2769 3465 2948 3520 posse.
2974 3475 2981 3481 κ
3005 3451 3315 3522 llypocrisis
3374 3464 3459 3509 est

1877 3537 2187 3592 contrarius
2243 3540 2490 3610 corporis
2549 3551 2603 3595 ct
2654 3543 2848 3598 anima:
2878 3553 3050 3598 status
3079 3546 3224 3597 multi
3258 3562 3455 3615 genere

1874 3620 2304 3686 commentor-um
2362 3633 2666 3702 perplexas.
2736 3636 3041 3693 lnnocentia
3113 3647 3195 3693 cst
3267 3654 3457 3692 serena

1874 3722 2069 3776 animae
2123 3724 2482 3792 tranquillitas
2539 3728 2609 3781 ab
2648 3730 2797 3782 cunni
2841 3744 3093 3797 perversa
3116 3728 3458 3798 'cogitaliouc

1879 3819 2115 3865 remota.
2174 3810 2463 3867 Rectitudo
2514 3830 2617 3872 seu.
2663 3826 2843 3871 rectus
2870 3818 3082 3872 animus
3112 3828 3214 3881 est,
3242 3818 3334 3887 qui
3366 3834 3458 3872 su-

1878 3914 2217 3971 pervacanea
2276 3913 2329 3959 et
2381 3905 2596 3959 curiosa
2644 3907 2970 3975 cogitatione
3033 3918 3207 3973 vacat,
3250 3909 3458 3964 indoles

1879 3990 2137 4063 sincera[
2170 3993 2366 4049 sinceri
2407 4010 2585 4050 mores
2613 3995 2633 4068 ]
2660 4005 2715 4051 et
2744 4012 2852 4051 non
2900 3999 3223 4064 adulterata,
3279 4016 3459 4054 sermo

1890 4095 1996 4135 non
2052 4081 2233 4148 lictus,
2283 4099 2383 4139 nec
2411 4086 2463 4139 in
2496 4084 2738 4142 fraudem
2763 4091 3167 4158 pmmeditatus
3189 4100 3282 4143 aut
3312 4093 3462 4146 luca-

1889 4182 1996 4227 tus.
2057 4172 2172 4229 Non
2223 4177 2527 4234 malitiosus
2570 4188 2673 4243 est,
2720 4180 2812 4249 qui
2845 4191 3227 4251 proutnatura
3266 4184 3462 4238 anima:

1888 4280 2021 4333 pure
2074 4268 2299 4324 condita
2357 4281 2459 4333 est,
2516 4287 2639 4325 cum
2666 4272 2920 4329 omnibus
2951 4274 3159 4344 sincere
3191 4270 3247 4328 ét
3272 4284 3463 4344 aperte

204 4345 330 4416 agit
356 4355 412 4401 et
431 4345 698 4404 versatur.
734 4346 934 4402 Malitia
972 4358 1112 4405 esta
1179 4365 1308 4406 vero
1344 4360 1422 4405 et
1482 4360 1630 4407 recto
1675 4354 1859 4411 animo
1895 4371 1987 4413 seu
2044 4362 2365 4425 rectitudine
2426 4363 2636 4417 detorta
2704 4365 3048 4435 perversitas,
3118 4356 3462 4425 fraudulenta

202 4456 395 4508 mens,
448 4442 705 4525 ementita
760 4451 815 4496 et
866 4442 1002 4495 victa
1036 4443 1249 4497 vivendi
1294 4444 1453 4507 ratio,
1480 4443 1787 4511 iuramenta
1825 4450 2005 4519 poenis
2072 4453 2305 4509 obnoxia
2372 4470 2469 4510 seu
2508 4455 2663 4522 falsa,
2703 4459 2867 4514 verba
2917 4468 3168 4529 perplexa
3196 4470 3250 4516 et
3277 4463 3461 4529 dubia,

204 4551 313 4591 cor
337 4545 538 4591 tectum
587 4545 642 4592 et
696 4536 1048 4608 profundum.
1111 4538 1269 4592 dolus
1322 4537 1483 4609 305
1554 4540 1696 4597 altus
1737 4552 1790 4598 et
1863 4544 2372 4618 incomprehensus,
2456 4552 2797 4609 mendacium
2841 4553 2953 4626 jam
3016 4536 3463 4609 modiﬁcatum‘et

200 4639 562 4699 usurpatum,
612 4637 797 4685 tumor
844 4631 967 4685 inde
1013 4631 1124 4701 jam
1163 4631 1332 4685 animi
1363 4633 1651 4715 naturalis,
1719 4636 2299 4707 hostis—humilitatis,
2366 4643 2643 4701 simulatio
2680 4646 3029 4716 ptenitentize,
3101 4648 3223 4718 iuga
3263 4647 3459 4702 luctus.

201 4725 441 4780 inimica
482 4722 863 4792 confessionis,
913 4727 1157 4796 pertinax
1210 4740 1320 4780 sua:
1378 4727 1663 4782 sententiae
1735 4734 2115 4803 propugnatio.
2181 4736 2542 4805 spiritualium
2614 4737 2892 4792 ruinarum
2964 4739 3234 4803 ministra,
3273 4729 3457 4793 adver-

201 4817 362 4873 saria
404 4814 801 4873 emendationis
861 4832 957 4873 seu
1015 4818 1283 4891 religiosa
1338 4818 1784 4885 resurrectionis.
1860 4827 2310 4883 contumeliarum
2371 4833 2633 4900 (virtutis
2706 4846 2871 4885 causa
2933 4830 3331 4897 toleratarum)
3373 4830 3449 4882 ir-

202 4912 354 4970 risio
378 4927 473 4968 seu
498 4911 789 4973 cavillatio.
818 4914 981 5010 stulta
1002 4923 1056 4970 et
1092 4913 1339 4970 affectata
1362 4914 1580 4970 tristitia
1607 4912 1628 4987 [
1664 4917 1970 5003 gravitas],
2006 4923 2127 4978 ticta
2154 4923 2367 4995 religio,
2418 4925 2684 4982 diabolica
2715 4924 2844 4980 vita.

282 5029 532 5102 Πονηρός
571 5032 686 5084 ἐστι
715 5020 969 5103 διαϐόλουκ
1008 5032 1325 5105 συνώνυμος
1361 5033 1455 5088 καὶ
1483 5033 1791 5105 συνόμιλος.

1895 5019 2069 5076 Malus
2102 5028 2187 5077 est
2243 5024 2586 5094 cognominis
2632 5021 2896 5078 daemonis
2942 5033 2996 5078 et
3038 5019 3340 5101 familiaris.
3385 5018 3462 5075 Ita

202 5122 309 5177 Διὸ
339 5124 432 5176 καὶ
465 5122 668 5194 Κύριος
712 5121 885 5187 οὕτως
913 5124 1075 5179 αὑτὸν
1097 5128 1245 5198 ἡμᾶς
1269 5125 1556 5198 ὀνομάζειν
1586 5125 1794 5195 ιδίδαξε

1892 5113 2037 5168 enim
2084 5109 2341 5170 Christus
2402 5112 2784 5183 appellandum
2848 5113 3035 5169 docuit
3079 5110 3133 5165 in
3188 5110 3465 5165 Domiuit-a

202 5215 509 5284 λέγοντας⁸
552 5216 760 5271 Ῥῦσαι
799 5208 959 5286 ’ἡμᾶς
986 5216 1109 5273 ἀπὸ
1138 5219 1247 5274 τοῦ
1285 5198 1573 5289 ποκηροῦ.
1607 5217 1798 5288 Φύγωο

1895 5204 2171 5269 Oratione,
2197 5283 2205 5290 I
2230 5220 2355 5261 cum
2391 5205 2623 5265 dicimus
2656 5206 2706 5261 ἐ
2748 5205 2935 5260 Libera
2967 5219 3058 5257 nos
3098 5219 3132 5255 a
3171 5202 3312 5257 man
3345 5206 3464 5274 (ε),

209 5324 330 5380 μεν
354 5307 463 5362 ἀπὺ
504 5308 754 5381 κρημνοῦ
791 5309 1149 5381 ὑποκρίσεως,
1179 5312 1276 5367 καὶ
1309 5297 1417 5367 ἀπὸ
1462 5310 1667 5366 λάκκου
1696 5312 1801 5365 ὑπο

1895 5298 2199 5355 Caveamus
2249 5299 2318 5356 ab
2371 5298 2674 5368 hypocrisis
2724 5295 3052 5369 precipitio,
3108 5306 3164 5352 et
3224 5297 3468 5361 subdola:

203 5400 536 5472 ωλὸτητος.
552 5401 842 5469 ἀκούοντες
878 5401 972 5457 τοῦ
988 5401 1237 5473 λέγοντος
1266 5405 1359 5461 ὅτι
1389 5408 1444 5461 oi
1469 5407 1801 5473 πονηρβυόο

1897 5412 2241 5474 yersutzque
2269 5401 2582 5460 calliditatis
2604 5402 2746 5465 lacn,
2769 5399 2965 5457 attenti
2982 5399 3049 5455 ad
3074 5400 3278 5457 dictum
3302 5400 3465 5462 illius,

292 5537 320 5570 ³
358 5533 505 5592 Psal.
535 5553 682 5603 utv,
714 5539 769 5596 9.
843 5540 864 5572 ⁸
893 5539 976 5597 lsa
1010 5556 1153 5607 un,
1178 5541 1233 5599 2.
1308 5544 1331 5576 ⁸
1353 5542 1542 5599 Matth;
1568 5558 1624 5607 ν,
1650 5543 1712 5609 ι;
1742 5540 1888 5602 Psal.
1923 5554 2115 5603 an",
2143 5539 2233 5597 ii.
2305 5537 2329 5569 '
2350 5534 2497 5592 Psat.
2531 5536 2751 5602 “11,9.
2830 5535 2852 5567 ⁸
2877 5532 3069 5591 Matth.
3096 5552 3171 5600 vr,
3205 5535 3256 5588 6.

286 5627 373 5710 (αξ
576 5627 803 5712 Quintil.
841 5630 879 5687 ι.
901 5647 974 5698 νι,
1004 5648 1053 5690 c.
1078 5631 1136 5697 2,
1158 5633 1253 5704 qui
1272 5645 1432 5706 negat
1458 5630 1590 5706 ἦθος
1613 5632 1803 5692 Latine

1900 5633 2439 5712 exaggjuramenta
2465 5629 2877 5712 transtulerunt.
3004 5699 3042 5712 ’Δ
3142 5699 3154 5712 ι
3200 5697 3214 5710 ⁸
3312 5697 3345 5712 γ’
3428 5698 3438 5708 .

206 5697 740 5782 οκιιςὲυεξνοξοεο.
874 5772 898 5782 -
1335 5697 1374 5782 ,⁷
1482 5697 1582 5706 ’⁷

1906 5780 1914 5782 _
1969 5702 2039 5776 (ο)
2060 5697 2327 5782 Observa,
2351 5702 2587 5782 πονηρὸς
2621 5700 2672 5754 in
2704 5699 2977 5782 Oratione
3004 5697 3281 5782 hominum
3304 5697 3471 5766 signi-

319 5770 376 5836 b)
414 5768 825 5845 Κεκολασμὲνοι
872 5772 1023 5845 ὅρκοι
1050 5772 1251 5830 habent
1299 5776 1505 5831 chartae
1533 5787 1588 5831 ct
1628 5783 1797 5832 mem-

1899 5768 2063 5832 ltcat‘e
2080 5773 2359 5829 diabolum
2388 5768 2607 5844 qui"per
2638 5772 3069 5827 antonomasiam
3093 5778 3322 5823 vocatur
3351 5783 3469 5823 ma-

214 5844 437 5905 brante,
481 5854 590 5896 non
644 5841 1050 5913 κικολλημῖένω,
1085 5855 1143 5902 ut
1181 5845 1271 5902 alii
1331 5847 1672 5919 interpretes,
1704 5850 1797 5919 qui
1845 5868 1848 5873 ·
1896 5846 2003 5904 ιω.
2037 5919 2051 5929 .
