4216 6458
201 426 301 490 935

1195 435 1420 495 SCALA
1445 435 1898 497 PARADISI.“
1925 437 2232 502 GRADUS
2254 442 2462 502 XXIV-

3325 443 3434 512 986

201 551 429 592 numero
471 539 650 607 gravis
690 542 896 609 peccaJ
938 546 1120 612 lapsu.
1168 543 1447 612 improbos
1492 545 1750 609 correxit,
1791 552 1846 600 et
1913 547 2233 602 modestiam
2301 549 2502 614 docuit,
2541 549 2612 604 ita
2655 558 2716 604 ut
2761 550 3068 605 nolentibus
3113 549 3341 605 salutem
3375 549 3431 602 cl

199 631 560 694 .nnocentiam
619 631 852 688 all'errct.
899 633 1102 706 Pugna.
1135 648 1188 690 et

1265 647 1420 693 stude
1486 649 1634 694 tuam
1690 639 1863 708 ipsius
1927 644 2266 710 pxiiuentiam
2323 643 2543 699 eludere
2583 661 2597 698 :
2641 645 2783 714 quod
2833 645 2878 700 si
2926 639 3138 709 feceris,
3189 643 3432 698 invenies

199 720 426 776 Salutem
451 729 504 777 et
528 732 731 778 rectam
765 735 1000 780 mentem
1028 727 1081 780 in
1114 724 1336 782 Christo
1361 727 1490 784 Jesu
1525 729 1756 784 Domino
1797 737 2008 785 nostro.

552 857 802 911 ΣΧΟΔΙΔ
849 857 956 911 ΕΙΣ
1015 859 1238 914 ΛΟΓυΝ
1291 861 1395 914 ΚΔ¹

715 964 854 1032 Περὶ
915 965 1266 1033 πραότητος.

790 1081 1047 1147 Σχόλιον
1074 1086 1142 1135 α’.

279 1170 346 1222 Ἥ
384 1169 480 1238 μὲν
512 1169 751 1240 πραότης
773 1170 1043 1240 ἀτάραχον
1064 1170 1156 1224 τὸν
1179 1171 1349 1242 θυμὸν
1369 1171 1714 1240 διαφυλάττει
1741 1187 1758 1202 ⁶

196 1263 230 1330 ἡ
256 1262 315 1314 δὲ
342 1264 672 1327 ταπείνωσις
715 1281 869 1332 ,υφου
895 1265 991 1317 καὶ
1022 1263 1327 1330 κενοδοξίας
1354 1265 1446 1319 τὸν
1468 1265 1592 1318 νοῦν
1609 1265 1759 1319 ἐλευ-

196 1354 364 1424 (lepor.

786 1448 1041 1515 Σχόλιιλ·
1098 1447 1160 1500 5’.

265 1537 342 1591 Τὸ
378 1537 478 1608 βαι*
501 1539 638 1593 ·άσαι
668 1540 815 1592 ἐστὶν
838 1541 872 1608 ή
912 1540 1179 1610 πραότης.

807 1634 854 1685 Σ
858 1633 1068 1700 χόλιον
1093 1637 1164 1700 γ’.

267 1721 442 1792 Εἷρων
485 1722 696 1788 λέγεται
719 1727 748 1778 ὸ
770 1724 955 1790 κόλαξ,
988 1727 1017 1778 ὁ
1047 1723 1321 1786 ἀπατεὼν,
1351 1725 1380 1777 δ
1414 1723 1754 1793 ψευδολόγος,

187 1813 261 1864 ὲκ
282 1813 376 1866 τοῦ
405 1814 739 1885 συμπλέκειν
768 1816 958 1886 λόγους
984 1816 1121 1880 ποὺς
1163 1819 1343 1888 χάριν,
1373 1817 1433 1869 οὐ
1467 1817 1599 1883 πρὸς
1622 1815 1756 1886 ἀλή-

187 1903 367 1957 ιειαν.

615 2001 660 2052 Σ
663 2001 872 2066 χόλιον
912 1999 1211 2068 Εὑαγρίου
1255 1999 1314 2053 δ’.

261 2086 430 2152 Φύσις
458 2089 628 2160 Θυμοῦ
653 2091 715 2144 τὸ
741 2093 850 2155 τοῖς
884 2091 1104 2162 δαεμοσι
1141 2089 1440 2162 μάχεσθαι,
1485 2093 1578 2146 καὶ⁵
1617 2093 1757 2167 ὑπὲρ

183 2172 410 2247 ἧστινος
468 2175 560 2232 οὖν
618 2179 809 2250 ἡδονῆς
867 2179 1266 2248 ἀγωνίζεσθαιο
1319 2181 1508 2252 διόπερ
1557 2184 1606 2236 οἱ
1658 2184 1756 2254 μὲν

179 2265 414 2333 ἄγγελοι
435 2267 534 2337 τὴν
555 2269 930 2340 πνευματικὴν
954 2271 1086 2341 ἡμῖν
1105 2271 1298 2342 ἡδονὴν
1321 2271 1712 2328 ὑποϐάλλονται
1735 2292 1750 2306 °

179 2357 288 2409 καὶ
321 2358 421 2428 τὴν
450 2359 518 2412 ὲκ
543 2359 747 2430 τηνττὴδ
781 2377 1050 2433 μακαριοτ
1079 2379 1158 2419 ιτα
1182 2362 1318 2434 πρὸς
1351 2365 1476 2428 τοὺς
1496 2363 1757 2436 δαίμονας

178 2448 281 2500 τὸν
314 2447 484 2518 θυμὸν
515 2451 707 2523 ’.ρέψαι
759 2452 1164 2523 παρακαλοῦσιν
1186 2471 1201 2485 ο
1231 2455 1427 2509 ἐκεῖνοι
1467 2455 1514 2510 δ’
1544 2452 1610 2511 αὖ
1647 2457 1755 2511 πά-

178 2539 273 2591 λιν
323 2541 458 2608 πρὸς
507 2542 606 2604 τὰς
651 2545 922 2614 κοσμικὰς
969 2543 1263 2616 ἐπιθυμίας
1316 2546 1540 2602 ἕλκοντα
1587 2549 1755 2620 ἡμᾶς,

177 2633 278 2685 τὸν
334 2631 504 2703 Θυμὸν
545 2637 660 2700 τοῖς
711 2635 889 2707 ἀνθρὼ
924 2655 1018 2702 ,οις
1063 2639 1214 2709 παρὰ
1259 2642 1421 2709 φύσιν
1483 2641 1757 2712 βιάζονται

183 2722 484 2793 μάχεσθαι,
531 2744 616 2780 ινα
665 2726 968 2791 σκοτισθεὶς
999 2731 1028 2782 ό
1061 2730 1179 2790 ντῦ,
1229 2730 1325 2784 καὶ
1360 2733 1460 2803 τῆς
1504 2731 1758 2802 γνώσεως

179 2815 461 2882 ἐκπεσὼν,
502 2819 764 2888 προᾶ--ης
796 2819 902 2873 τῶν
928 2822 1138 2894 ἀρετῶν
1163 2824 1412 2896 γένηται.

505 3027 677 3083 Ἀλλ(
740 3031 1066 3099 Γρητυρίοι
1117 3033 1436 3102 Θεολότου.

253 3120 442 3191 Θυμὺν
485 3122 722 3192 χαλινοῦ,
775 3125 849 3196 μὴ
895 3126 1108 3194 φρενίλλ
1153 3125 1258 3191 ἔξω
1308 3126 1514 3198 πέσῃςο
1564 3127 1754 3192 κόλαζε

176 3212 277 3263 τὸν
303 3209 494 3281 θυμὸν,
528 3220 724 3283 μανίας
752 3215 862 3284 γὰρ
895 3216 1002 3267 ὲστ·
1050 3215 1234 3286 πατὴρ
1281 3218 1342 3270 τὸ
1375 3222 1572 3288 μέτρον
1603 3217 1757 3289 ἐξερ-

177 3303 438 3369 χόμενος.

796 3395 844 3446 Σ
844 3396 1056 3464 χόλιον
1093 3402 1154 3447 ε’.

269 3483 336 3534 Ἠ
362 3483 471 3552 γὰρ
498 3485 729 3556 πονηρία
759 3487 818 3539 οὐ
852 3489 1128 3556 συγχωρεῖ
1167 3485 1256 3540 διὰ
1306 3492 1596 3556 μετανοιας
1625 3489 1757 3543 ἁνα-

181 3593 212 3624 σ
227 3591 382 3628 ῖηναι
404 3577 498 3628 του
525 3576 835 3648 πτώματος.

781 3677 828 3727 Σ
828 3675 1041 3744 χόλιον
1085 3683 1156 3740 ς’.

290 3765 533 3828 Υπουλος
557 3765 716 3838 ἀνὴρ,
741 3769 956 3822 δικτύον
986 3768 1392 3838 κεκρυμμένον.

799 3947 843 3997 Σ
845 3945 1054 4012 χόλιον
1077 3945 1118 4010 ζ’
1127 3987 1141 4000 .

267 4035 335 4088 Ἥ
372 4035 576 4104 φυσικὴ
599 4035 860 4106 ἁπλότης,
910 4039 1060 4108 mal,
1097 4037 1308 4093 πολλῶν
1355 4037 1541 4092 παθῶν
1568 4041 1755 4110 τηρεῖ-

176 4142 275 4177 ται
313 4125 598 4194 ἀμέτοχος.

790 4224 836 4273 Σ
837 4223 1051 4288 χόλιον
1083 4232 1152 4292 η’,

263 4310 333 4362 Ἥ
363 4311 599 4382 ἁπλότης
615 4311 707 4364 καὶ
739 4312 798 4364 τὸ
830 4315 903 4383 si}
925 4318 1145 4384 μετρεῖν
1179 4317 1370 4371 ἑαυτὸν
1421 4315 1625 4386 ἁγνίζει
1655 4317 1754 4388 τὴν

175 4403 412 4474 ,καρδίαν
441 4405 546 4458 ἀπὸ
573 4403 669 4459 τοῦ
712 4422 962 4476 πονηρὼ»,

827 4501 1085 4566 Σχολιον
1134 4501 1197 4553 0'.

245 4588 535 4649 Φευκτέον,
561 4593 882 4662 παρακαλῶ,
931 4598 1056 4657 τοὺς
1103 4598 1302 4657 κακοὺς
1353 4595 1750 4666 συνδιαιτητὰς,

171 4686 282 4754 ὅση
342 4683 588 4753 δύεεαμις,
655 4685 740 4738 ἵνα
785 4685 861 4755 μὴ
909 4688 1226 4742 συναλιιμεν
1276 4691 1341 4759 τῇ
1411 4689 1578 4758 κακίᾳ
1638 4690 1754 4742 αὑ-

171 4795 318 4830 ’ΐῑιὶῚΙο

778 4875 1038 4940 Σχόλιον
1071 4891 1084 4922 ι
1112 4918 1118 4923 .

2141 865 2434 922 SCHOLIA
2488 866 2580 922 AD
2633 866 2923 923 GRADUM
2961 863 3150 920 XXIV.

2377 976 2455 1030 De
2487 976 2915 1030 mananundine.

2504 1083 2752 1140 Scholion
2787 1085 2840 1139 1.

1931 1171 2286 1229 Mansuetudo
2319 1175 2770 1244 imperturbatum
2806 1181 3101 1230 conservat
3139 1174 3424 1227 animum:

1862 1261 2142 1317 humilitas
2169 1279 2198 1316 a
2237 1273 2450 1318 tumore
2481 1263 2752 1328 superbiae
2780 1272 2834 1319 et
2865 1277 3004 1317 vana
3036 1261 3208 1332 gloria
3228 1261 3426 1316 liberat

1861 1361 2116 1409 mentem.

2478 1447 2731 1504 Scholion
2765 1447 2820 1502 2.

1929 1537 2074 1594 Susti
2099 1554 2208 1595 iere
2229 1551 2313 1596 est
2349 1540 2736 1595 mansuetudo.

2488 1632 2548 1686 Sc
2563 1631 2729 1685 ἰοιίοη
2766 1630 2819 1684 3.

1929 1719 2304 1776 Dissimulator
2339 1722 2539 1777 dicitur
2570 1723 2840 1788 adulator,
2861 1721 3144 1792 impostor,
3168 1721 3422 1782 mendax,

1855 1810 2001 1878 quod
2029 1811 2194 1868 verba
2223 1827 2323 1868 sua
2370 1811 2568 1869 referat
2608 1813 2675 1868 ad
2717 1813 2971 1884 gratiam,
3019 1825 3128 1866 non
3175 1809 3242 1864 ad
3281 1809 3424 1865 veri-

1857 1911 2042 1956 tatem.

2489 1991 2703 2062 Evagrii
2735 1992 2791 2047 ι.

1924 2081 2129 2139 Natura
2162 2084 2564 2156 (indignantis)
2600 2085 2791 2151 animi,
2825 2083 3075 2150 siveirae,
3110 2095 3194 2137 est
3229 2080 3424 2136 adver-

1859 2191 1953 2232 sus
2008 2177 2283 2233 daemonas
2324 2192 2586 2248 pugnare,
2621 2185 2676 2232 et
2727 2191 2826 2248 pro
2869 2177 3238 2248 qualicunque
3286 2174 3426 2230 dele-

1857 2269 2094 2324 ctatione
2127 2270 2428 2326 decertare.
2458 2268 2644 2339 Itaque
2682 2270 2858 2342 angeli
2903 2268 3238 2339 spiritualem
3266 2266 3426 2322 nobis

1856 2359 2191 2430 voluptatem
2246 2369 2568 2432 suggerunt,
2608 2368 2664 2415 et
2709 2361 3002 2416 hortantur
3028 2359 3336 2432 3081109,
3366 2368 3429 2413 ut

1855 2468 1956 2524 pro
2008 2463 2134 2508 nata
2188 2452 2313 2508 inde
2369 2453 2634 2509 beatitate
2683 2454 2820 2508 iram
2861 2453 3124 2509 adversus
3149 2453 3426 2507 damones

1855 2546 2097 2601 alamus:
2158 2559 2364 2612 contra,
2427 2546 2628 2602 diaboli
2662 2546 2728 2601 ad
2752 2545 3041 2602 saeculares
3075 2557 3129 2601 et
3168 2542 3428 2617 profanas

1855 2638 2176 2708 cupiditates
2213 2641 2438 2695 trahunt
2475 2656 2598 2704 nos,
2659 2641 2909 2712 iramque
2960 2648 3309 2696 commovent
3365 2647 3427 2694 ut

1855 2732 2119 2785 adversus
2145 2732 2393 2788 homines
2418 2743 2756 2804 repugnante
2801 2742 2989 2788 natura
3030 2733 3426 2803 depugnemus.

1857 2825 1932 2878 uti
1969 2839 2122 2877 mens
2165 2823 2358 2880 offusis
2408 2825 2647 2880 tenebris
2703 2825 3014 2895 amissaque
3057 2823 3285 2880 scientia
3319 2825 3426 2877 vir-

1880 2925 2031 2970 utum
2063 2915 2325 2985 proditrix
2356 2915 2468 2971 liat.

2306 3033 2468 3087 Aliud
2518 3031 2560 3088 G
2567 3050 2674 3103 reg.
2720 3032 2984 3106 Theologl.

1926 3124 2129 3180 Coerce
2169 3125 2306 3179 iram
2358 3140 2427 3179 ne
2471 3134 2650 3179 mente
2699 3125 2965 3192 excidas;
3009 3125 3217 3197 castiga
3255 3135 3310 3180 et
3339 3141 3426 3182 re~

1855 3218 2026 3274 tunde
2065 3218 2548 3275 excandescentem
2599 3219 2867 3283 animum,
2913 3228 2998 3276 est
3025 3221 3170 3277 enim
3201 3221 3426 3277 insaniae

1857 3321 2052 3378 parens
2099 3308 2170 3358 ,η’
2201 3309 2420 3364 modum
2445 3323 2664 3362 omnem
2683 3307 2918 3364 excudit.

2468 3396 2714 3453 Scholion
2737 3399 2789 3454 5.

1927 3491 2124 3547 Malitia
2148 3506 2294 3547 enim
2328 3507 2435 3546 non
2457 3492 2590 3548 sinit
2615 3493 2890 3549 hominem
2919 3509 3014 3565 per
3046 3493 3420 3564 pmmtentiam

1778 3589 1822 3649 C
1853 3598 2157 3654 resurgere.

2447 3673 2699 3730 Scholion
2739 3673 2790 3728 6.

1930 3763 2101 3820 Homo
2157 3763 2418 3820 subdolus
2470 3773 2522 3820 et
2584 3763 2750 3818 fallax
2793 3773 2876 3820 est
2948 3774 3061 3820 rete
3113 3763 3423 3820 abscondi-

1856 3867 1991 3913 tum.

2491 3947 2740 4003 Scholion
2768 3947 2821 4002 7.

1925 4038 2198 4094 Naturalis
2243 4037 2586 4108 simplicitas,
2622 4037 2823 4108 inquit,
2860 4051 2890 4092 a
2919 4037 3108 4093 multis
3155 4037 3304 4096 vitiis
3341 4051 3426 4096 est

1855 4131 2134 4186 immunis.

2464 4221 2714 4276 Scholion
2739 4223 2792 4276 8.

1928 4314 2264 4385 Simplicitas
2289 4325 2343 4370 et
2367 4314 2604 4385 seipsuni
2630 4329 2738 4370 non
2769 4315 3061 4380 aestimare.
3089 4330 3119 4369 a
3139 4314 3281 4370 malo
3300 4317 3422 4370 ani-

1853 4421 2004 4460 mum
2029 4415 2307 4476 repurgat.

2469 4495 2718 4554 Scholion
2759 4500 2809 4554 9.

1923 4590 2230 4664 aniendos
2275 4592 2552 4663 improbos
2608 4593 2949 4648 convictores
2993 4605 3259 4663 quantum
3303 4594 3419 4648 iiei-i

1853 4692 2053 4755 potest,
2103 4699 2320 4749 moneo,
2373 4684 2679 4754 hortorque
2714 4701 2780 4738 ne
2811 4685 3025 4739 illorum
3056 4685 3201 4741 vitiis
3239 4688 3419 4757 capia-

1855 4791 1994 4830 mur.

2450 4862 2701 4918 Scholion
2735 4862 2823 4920 10.

244 4956 359 5010 Τὸν
389 4957 588 5026 τρόπον
617 4957 786 5023 λέγει,
819 4935 928 5017 πῶτ
960 4960 1024 5012 ἂν
1055 4977 1102 5011 οι
1153 4965 1378 5033 πονηροὶ
1404 4981 1496 5016 και
1528 4962 1752 5018 ὓπουλοι
1786 4935 1829 4990 D

1786 4935 1829 4990 Ῑ)
1927 4954 2004 5011 De
2037 4954 2282 5010 moribus
2324 4955 2582 5024 loquitur,
2636 4956 2910 5022 quomodo
2941 4957 3172 5026 improbi
3213 4965 3266 5013 et
3289 4956 3417 5013 sub-

168 5072 201 5100 υ
213 5048 574 5119 ετασληθείεν
625 5067 772 5104 ποτε.

773 5145 819 5196 Σ
821 5147 1032 5212 χόλων
1061 5183 1066 5191 -

241 5234 412 5295 Τινες
464 5234 758 5304 φρονίμως
799 5236 985 5301 λέγομες
1067 5236 1190 5299 τοὺς
1236 5237 1604 5308 διακριτικοὺς
1646 5241 1751 5294 τῶν

158 5319 456 5392 αἰσθητῶν
494 5338 835 5392 πραγματων
861 5336 876 5349 ·
907 5323 1156 5392 φρόνιμοι
1179 5323 1236 5376 δέ
1257 5328 1394 5377 εἰσιν
1425 5328 1472 5380 οὶ
1505 5329 1742 5389 ἐπικρα-

155 5415 400 5478 τοῦντες
423 5413 534 5466 τῶν
561 5413 776 5466 οἰκείων
810 5412 1152 5483 θελημὰτων.

723 5616 769 5666 Σ
770 5617 979 5682 χόλιον
1024 5615 1194 5667 ἀλλο.

242 5698 518 5769 ’Δφροιςς
572 5699 787 5769 ἀληθῶς
825 5701 874 5752 οἱ
905 5701 1052 5770 παρὰ.
1085 5702 1292 5765 ἑαυτοῖς
1323 5721 1423 5772 φρ)
1464 5722 1571 5773 ιροι
1600 5722 1610 5733 ·
1641 5723 1669 5756 γ
1712 5709 1729 5755 ἰ

150 5788 258 5846 τοῦ
281 5791 620 5861 προφητικηίι
664 5791 796 5846 οὐαὶ
831 5792 1155 5863 κληρονόμοι
1189 5794 1396 5853 idem;

1842 5774 1985 5823 Plus

1841 5875 1993 5918 ιιιιιιζ.

1857 5046 1966 5100 doli
2004 5045 2233 5101 subinde
2260 5054 2539 5100 mutentur
2573 5056 2627 5100 et
2651 5045 3028 5104 emendentur.

2463 5134 2720 5191 Scholion
2754 5135 2841 5191 11.

1924 5227 2179 5296 Quidam,
2235 5229 2530 5300 prudentes
2557 5227 2882 5284 existimant
2905 5230 3052 5296 illos,
3076 5229 3172 5301 qui
3200 5233 3418 5302 negotia

1853 5322 2076 5369 externa
2133 5332 2394 5372 sensuum
2445 5314 2732 5371 commode
2768 5325 2822 5371 et
2857 5319 3156 5387 prudenter
3181 5319 3415 5374 admiri-

1851 5412 2047 5460 strant.
2081 5404 2187 5462 Sed
2224 5421 2412 5462 revera
2441 5407 2738 5478 prudentes
2764 5418 2914 5472 sunt,
2961 5409 3056 5479 qui
3087 5408 3416 5464 voluntatem

1847 5497 2123 5567 propriam
2153 5497 2205 5551 in
2235 5495 2410 5554 oﬂieio
2449 5499 2752 5556 continent.

2394 5587 2645 5644 Scholion
2700 5589 2872 5644 aliud.

1913 5675 2075 5733 Stulti
2104 5695 2226 5734 vere
2253 5690 2382 5735 sunt
2407 5682 2483 5736 illi
2527 5697 2621 5750 qui
2661 5681 2766 5736 sibi
2818 5695 3006 5751 :apere
3057 5679 3329 5744 videntur,
3365 5695 3415 5739 rt

2057 5773 2358 5844 prophetici
2466 5773 2632 5829 ~aculi
2684 5779 2836 5836 (vae,
2908 5772 3100 5829 merito
3167 5772 3412 5829 heredes
