4216 6458
173 407 280 470 993

1154 401 1382 460 SCALA
1411 401 1786 462 PARADISI.
1821 427 1889 438 --
1913 404 2224 466 GRADUS
2255 407 2427 466 XXV.

3300 412 3406 476 99‘.

171 524 228 577 δὲ
255 525 447 588 πένθος
467 525 544 587 είς
567 526 822 594 aias-cmi);
851 523 1068 596 κρούει·
1103 523 1135 592 ἡ
1163 523 1216 587 δὲ
1245 522 1372 602 being
1395 521 1724 585 ταπείνωσις
1753 535 1796 587 Α
1828 523 1838 574 1

1836 523 2146 595 Scriptura)
2203 534 2253 578 et
2309 525 2552 580 velociter
2609 527 2830 582 saluauit
2886 543 2964 580 me
3024 527 3288 586 Dominus
3339 533 3404 579 ⁸³.

169 615 396 682 ἀνοίγει.
434 614 572 683 Ἐγὼ
601 618 656 668 οε
713 616 873 683 λέγω,
928 617 1023 668 καὶ
1058 613 1347 684 προσκυνῶ
1396 612 1600 681 Τριάδα
1671 613 1729 662 ὲν

172 709 357 776 μονάδι
393 709 491 780 (9),
529 711 621 764 κειὶ
649 710 851 781 μονάδα
911 711 969 762 ἐν
1020 707 1229 778 Τριάδι.
1287 707 1472 759 Πάντα
1524 707 1622 775 μὲν
1658 705 1729 757 τά

165 800 418 872 ὁρώμενα
439 801 660 870 φωτίζει
682 804 711 853 ὁ
747 801 898 870 ἣλιος
928 817 942 831 ο
969 799 1146 854 πάντα
1191 797 1248 851 δὲ
1281 797 1347 850 τὰ
1379 797 1520 867 λόγῳ
1553 813 1728 867 πρατ-

171 893 368 962 τόμενα
420 893 677 964 κρατύνει
705 891 1046 954 ταπείνωσις.
1094 891 1186 960 Μὴ
1235 887 1500 958 παρόντος
1529 887 1728 956 φωτὸς,

174 982 346 1034 πάντα
375 980 586 1050 ζοφώδη
621 996 634 1009 ·
667 981 760 1034 καί
787 982 858 1051 μὴ
889 979 1170 1050 παρούσης
1211 976 1733 1047 ταπεινοφροσύνης,

175 1073 349 1126 πάντα
375 1073 530 1142 ἡμῶν
555 1072 715 1126 ἕωλα.
755 1068 846 1135 Εἷς
876 1075 934 1124 ὲν
963 1071 1112 1142 πάσῃ
1139 1073 1204 1140 τῇ
1233 1071 1406 1123 κτίσει
1438 1070 1513 1138 (a)
1560 1067 1736 1138 χῶρος

173 1165 322 1228 ’άπαξ
347 1164 597 1218 τεθέαται
650 1164 833 1236 ἥλιον·
894 1166 988 1217 καὶ
1047 1158 1129 1226 εἷς
1175 1162 1431 1232 λογισμὸς
1482 1159 1738 1224 πολλάκις

174 1257 500 1308 ταπείνωσιν
525 1255 711 1308 τέτοκε
742 1255 975 1323 (10.11).
994 1255 1108 1325 Μιᾷ
1127 1254 1221 1306 καὶ
1232 1253 1370 1324 μόνῃ
1391 1250 1572 1322 ἡμέρᾳ
1589 1251 1694 1315 πᾶς
1708 1251 1740 1303 ὁ

174 1346 376 1416 κόσμος
405 1346 727 1415 ὴγαλλίαται
747 1363 760 1376 ο
797 1347 889 1400 καὶ
920 1346 1018 1409 μία
1037 1344 1173 1414 αὕτη
1227 1344 1375 1396 ἐστὶν
1420 1342 1586 1412 ἀρετὴ
1624 1343 1738 1405 τοῖς

173 1438 394 1506 δαίμοσι
420 1439 712 1508 ἀμίμητος.
743 1437 906 1490 ’Ἄλλο
935 1435 995 1488 τὸ
1025 1433 1350 1505 ἐπαίρεσθαι
1381 1449 1393 1464 ο
1428 1433 1521 1487 καὶ
1555 1433 1740 1500 ἕτερον

173 1529 234 1580 τὸ
268 1529 344 1598 μὴ
385 1528 730 1600 ἐπαίρεσθαι,
766 1529 858 1580 καὶ
886 1527 1012 1580 ἄλλο
1041 1526 1101 1580 τὸ
1116 1525 1500 1580 ταπεινοῦσθαι
1528 1541 1538 1553 ·
1571 1527 1599 1577 ὀ
1639 1523 1738 1594 μὲν

176 1621 280 1691 γὰρ
312 1621 483 1692 κρίνει
512 1623 687 1675 πᾶσαν
713 1622 924 1692 ἡμέραν
946 1639 956 1650 ·
980 1623 1007 1671 ὁ
1031 1621 1086 1672 δε
1117 1621 1176 1671 ού
1209 1619 1381 1689 κρίνει
1402 1635 1413 1646 ⁸
1449 1618 1509 1669 ού
1558 1619 1740 1685 μέντοι

175 1713 274 1766 καὶ
306 1713 494 1765 ἑαυτὸν
515 1713 864 1783 κατακρίνει·
892 1715 920 1763 ὁ
956 1711 1013 1764 δὲ
1048 1709 1478 1770 ἁκαταδίκαστος
1521 1707 1598 1758 ὢν
1653 1705 1741 1758 διὰ

175 1800 376 1863 παντὸς
402 1801 590 1854 ἑαυτὸν
604 1801 972 1866 καταδικάζει.
993 1800 1154 1852 Ἄλλο
1175 1799 1236 1852 τὸ
1270 1799 1706 1869 ταπεινοφρονεῖν
1726 1814 1741 1828 ο

175 1893 272 1946 καὶ
303 1892 430 1948 ἄλλο
478 1892 540 1946 τὸ
574 1892 932 1961 ἀγωνίζεσθαι
976 1892 1416 1963 ταπεινοφρονεῖν
1445 1906 1457 1918 ·
1494 1890 1589 1942 καὶ
1621 1888 1738 1942 ἓτε-

176 2001 272 2054 ρον
304 1984 366 2037 τὸ
389 1986 629 2038 ἐπαινεῖν
672 1985 764 2038 τὸν
809 1984 1230 2056 ταπεινόφρονα.
1264 1983 1338 2038 Τὸ
1390 1982 1490 2053 μὲν
1523 1980 1736 2053 πρῶτον

177 2075 398 2129 τελείων
421 2090 438 2105 ⁶
471 2077 532 2129 τὸ
557 2076 612 2130 δὲ
639 2076 888 2147 δεύτερον
938 2075 1314 2130 ύποτακτικῶν
1339 2072 1609 2144 ἀληθινῶς
1628 2088 1641 2101 ·
1673 2071 1736 2124 τὸ

175 2167 230 2220 δὲ
246 2167 449 2238 τρίτον,
492 2169 706 2221 πάντων
729 2169 954 2223 πιστῶν.
987 2169 1046 2221 '0
1077 2169 1146 2222 τὰ
1171 2167 1278 2220 ἔσω
1303 2163 1737 2228 τεταπεινωκὼς,

176 2257 284 2312 ὕπὸ
314 2258 533 2329 χειλέων
576 2260 635 2314 οὐ
665 2259 952 2314 κλέπτεται
972 2274 986 2289 °
1017 2259 1046 2312 ὃ
1071 2259 1182 2330 γὰρ
1211 2258 1310 2312 οὐκ
1337 2255 1450 2327 ἔχει
1482 2257 1511 2309 ὁ
1537 2255 1740 2325 θησαυο

175 2349 294 2421 ρδς,
331 2351 390 2402 οὐ
423 2349 683 2420 προφέρει
705 2351 738 2418 ἡ
771 2347 928 2418 θύρα.
965 2346 1366 2418 Μεμονωμένος
1403 2345 1565 2409 ἵππος
1614 2343 1743 2397 πολ-

177 2442 338 2504 λάκις
368 2440 578 2512 τρέχειν
606 2439 768 2505 δοκεῖ,
821 2438 1320 2508 συναγελαζόμενος
1368 2437 1424 2490 δὲ
1477 2437 1600 2490 τότε
1638 2435 1739 2506 τὴν

175 2531 374 2586 ἑαυτοῦ
419 2531 630 2599 ἐπέγνω
670 2531 1002 2602 νωθρότητα.
1067 2529 1192 2582 Ἐάν
1263 2529 1458 2600 μηκέτι
1514 2530 1573 2581 ἐν
1625 2529 1744 2590 τοῖς

175 2624 430 2691 φυσικοῖς
472 2623 500 2674 ὁ
528 2621 784 2692 λογισμὸς
826 2620 1207 2692 ἐναϐρύνηται,
1235 2620 1408 2691 ἀρχῆς
1442 2617 1630 2686 ὑγείας
1659 2634 1747 2670 τε-

175 2714 424 2785 κμήριον
449 2729 462 2743 ’
505 2713 608 2777 ἕως
638 2714 693 2767 δὲ
716 2714 815 2782 τῆς
852 2711 1076 2776 ὀζωδίας
1099 2710 1312 2780 ἐκείνης
1339 2709 1744 2774 ἐπαισθάνεται,

174 2805 360 2874 ὀσμῆς
387 2803 556 2874 μύρου
593 2804 692 2857 οὐκ
719 2803 1051 2857 αἰσθάνεται.
1089 2802 1204 2854 Οὐκ
1254 2801 1333 2854 ἑτι
1385 2798 1578 2870 πλήξει
1609 2799 1744 2870 (12),

174 2897 238 2949 ού
266 2895 501 2957 δικάσει,
533 2897 632 2948 οὐκ
647 2894 818 2965 ἄρξει,
851 2895 909 2946 ού
934 2891 1320 2964 σοφισθήσεται
1351 2892 1380 2944 ὁ
1433 2891 1564 2960 ἐμὸς
1620 2894 1748 2960 ἐρα-

177 2989 342 3059 στὴς,
364 2989 398 3058 ὴ
425 2987 545 3040 ὁσία
578 2987 799 3057 ἔφησεν,
851 2985 1009 3056 ἄχρις
1044 2983 1111 3038 ἂν
1147 2985 1270 3054 ἐμοὶ
1297 2982 1562 3052 συναφθῇ.
1596 2983 1749 3036 Μετὰ

174 3081 289 3150 γὰρ
339 3080 438 3151 τὴν
468 3081 607 3151 ἐμὴν
671 3081 964 3147 συνάφειαν
1026 3075 1199 3146 τούτῳ
1245 3075 1431 3129 λοιπὸν
1472 3074 1633 3144 νόμος
1685 3075 1745 3126 οὐ

174 3173 379 3225 κεῖται.
411 3171 528 3223 Ttvl.
574 3169 682 3223 τῶν
719 3169 812 3222 ἐπὶ
835 3170 933 3239 τὴν
959 3166 1236 3239 μακαρίαν
1270 3165 1472 3236 ταύτην
1507 3165 1740 3218 σπουδα-

175 3263 406 3328 ζόντων,
433 3262 585 3332 ἀνδρὶ
615 3262 884 3329 ἀγωνιστῇ
917 3259 1137 3312 [παινον
1156 3259 1217 3310 ὲν
1249 3255 1447 3328 καρδίᾳ
1472 3257 1520 3308 οἱ
1541 3255 1743 3308 άνόσιοι

176 3354 519 3422 ύπέσπειραν
549 3353 796 3420 δαίμονες
830 3367 840 3378 ·
879 3352 909 3404 ὁ
936 3351 993 3404 δὲ
1029 3350 1334 3420 μηχανᾶται
1363 3349 1428 3400 ὲκ
1457 3347 1606 3409 θείας
1635 3348 1736 3416 έμ-

177 3446 458 3511 πνεύσεως
483 3446 802 3515 πνευμάτων
825 3443 1081 3515 πονηρίαν
1100 3441 1317 3512 νικῆσαι
1358 3439 1570 3493 εὐσεϐεῖ
1611 3439 1746 3510 μεθ-ο

179 3539 335 3610 οδεία
355 3557 368 3569 ι
405 3539 497 3590 xa‘t
521 3537 585 3608 δὴ
620 3535 855 3598 ἀναστάς
905 3535 1226 3588 κατατάττει
1256 3532 1316 3584 ἐν
1334 3525 1412 3600 τῷ
1454 3532 1616 3602 τοίχῳ
1648 3531 1748 3600 τῆς

179 3631 380 3684 ἑαυτοῦ
409 3629 599 3699 κέλλης
630 3629 727 3687 τὰς
763 3628 870 3680 τῶν
932 3625 1279 3696 ὑψηλοτάτων
1329 3624 1540 3694 ἀρετῶν
1580 3639 1747 3694 προσ-

183 3723 433 3792 ηγορίας·
451 3722 592 3785 λέγω
618 3721 675 3774 δὲ
694 3721 792 3789 τῆς
813 3717 1022 3780 τελείας
1054 3717 1296 3787 ἀγάπης,
1325 3716 1425 3785 τῆς
1451 3714 1747 3784 ἁγγελικῆς

190 3814 704 3885 ταπεινοφροσύνης,
757 3811 854 3880 τῆς
943 3810 1187 3880 καθαρᾶς
1263 3807 1591 3877 προσευχῆς,
1647 3807 1745 3876 τῆς

179 3909 461 3978 ἀφθάρτου
504 3906 741 3973 ἁγνείας,
788 3909 882 3957 καὶ
924 3903 1031 3956 τῶν
1076 3899 1350 3954 τοιούτων.
1419 3900 1611 3952 Ἠνίκα
1659 3896 1750 3952 οὖν

181 4003 352 4054 αὑτὸν
397 4002 446 4053 οἱ
488 3997 736 4066 λογισμοὶ
767 3997 1008 4048 ἐπαινεῖν
1047 3994 1294 4065 ἤρχοντο,
1328 3991 1510 4058 ἔλεγεν
1544 3991 1746 4053 αὐτοῖς’

185 4092 449 4156 Ἄγωμεν
491 4087 580 4139 ἐπὶ
608 4086 696 4139 τὸν
725 4083 1092 4153 ἑλεγχον(15),
1125 4081 1220 4134 καλ⁵
1244 4081 1534 4151 ἐρχόμενος
1568 4079 1754 4132 λοιπὸν

187 4184 288 4244 τάς
311 4178 676 4251 προσηγορίας
702 4178 1032 4244 ἀνεγίνωσκε
1054 4191 1067 4203 ·
1092 4174 1186 4228 καὶ
1211 4172 1342 4225 ὲσόα
1367 4171 1518 4242 αὐτῷ
1539 4186 1553 4200 °
1595 4170 1757 4239 Ὀπη-

183 4273 318 4324 νίκα
363 4270 564 4332 ταύτας
621 4269 814 4338 κτήσῃ,
857 4265 1021 4334 γνῶθι
1049 4265 1130 4317 ὅτι
1174 4264 1391 4333 μακρὰν
1420 4259 1469 4314 εἷ
1517 4261 1595 4314 ἔτι
1647 4260 1756 4314 ἀπὸ

183 4362 287 4415 τοῦ
334 4361 489 4415 Θεοῦ.
523 4360 618 4423 Τίς
664 4361 762 4428 μὲν
818 4358 852 4426 ἡ
889 4355 982 4410 τοῦ
1011 4355 1162 4426 ἡλίου
1208 4354 1436 4424 δύναμις
1458 4354 1551 4405 καὶ
1576 4352 1754 4414 οὐσία,

185 4455 370 4508 εἰπεῖν
417 4454 578 4523 ἡμεῖς
627 4451 688 4503 οὐ
739 4447 1013 4519 δυνάμεθα
1042 4463 1057 4478 ³
1117 4449 1181 4499 ἐκ
1231 4446 1339 4500 τῶν
1367 4445 1424 4499 δὲ
1458 4443 1756 4514 ἐνεργειῶν

188 4545 364 4600 αὐτοῦ
392 4545 575 4596 λοιπὸν
629 4543 724 4595 καὶ
782 4541 1084 4610 ἰδιωμάτων
1109 4537 1208 4607 τὴν
1254 4535 1478 4590 ἐνοῦσαν
1502 4534 1652 4601 αὐτῷ
1680 4535 1764 4587 οὐ·
1793 4557 1838 4612 D

191 4637 320 4690 σίαν
356 4631 840 4702 πεφανερώκαμεν.
894 4624 1373 4698 Ταπεινοφροσύνη
1430 4625 1550 4678 ἐστὶ
1623 4623 1758 4678 σκέ-

193 4746 277 4799 πη
307 4727 452 4790 θεία,
479 4726 568 4778 ἐπὶ
598 4723 830 4792 ἀϐλεψίᾳ
876 4721 982 4775 τῶν
1035 4719 1250 4772 οἰκείων
1295 4715 1756 4787 κατορθωμάτων.

190 4813 678 4888 Ταπεινοφροσύνη
725 4812 870 4865 ἐστὶν
899 4810 1132 4872 ἄὸυσσος
1172 4806 1445 4868 εὐτελείας
1478 4806 1611 4858 πᾶσι
1635 4804 1757 4858 κλέα

193 4928 365 4973 πταις
426 4905 558 4961 οὖσα
601 4903 1027 4974 ἀνεπιχείρητος.
1113 4896 1592 4967 Ταπεινοφροσύνη
1643 4896 1762 4947 ἐστὶ

195 5003 410 5071 πύργος
430 4998 608 5068 ἰσχύος
622 4996 731 5050 ἀπὸ
755 4993 1049 5066 προσώπου
1064 4989 1278 5060 ἐχθροῦ.
1323 4991 1442 5041 οὐκ
1463 4985 1763 5056 ὠφελήσει

197 5093 414 5163 ἐχθρὸς
441 5090 512 5143 ἐν
542 5086 722 5153 αὐτῷ.
772 5086 869 5140 καὶ
915 5083 1061 5145 υἷάς,
1121 5080 1320 5151 μᾶλλον
1367 5078 1424 5132 δὲ
1481 5074 1762 5143 λογισμὸς.

195 5183 459 5252 ἀνομίαν
497 5181 569 5233 οὐ
600 5176 930 5246 προσθήσει
980 5172 1085 5226 τοῦ
1117 5168 1382 5224 κακῶσαι
1409 5167 1612 5227 αὐτὸν,
1668 5166 1766 5218 καὶ

196 5275 509 5345 συγκόψαι
553 5271 672 5330 ἀπὸ
730 5269 1051 5338 προσώπου
1098 5263 1282 5318 αὑτοῦ
1321 5261 1460 5326 τοὺς
1514 5257 1768 5327 ἐχθροὺς

199 5362 416 5425 αὐτοῦ,
509 5359 605 5414 καὶ
676 5360 802 5420 τοὺς
869 5353 1161 5426 μισούντας
1257 5349 1420 5404 αὑτὸν
1486 5347 1764 5418 τροπώσε-

199 5473 317 5510 ται.

1832 617 2156 673 Pcenitentia
2192 619 2453 681 suscitat,
2503 619 2680 675 luctus
2722 620 2790 676 ad
2839 618 2987 674 fores
3026 623 3150 676 caeli
3183 625 3362 692 pulsat
3387 665 3404 685 ,

1833 722 2020 766 sancta
2067 710 2346 764 humilitas
2400 711 2597 779 aperit.
2644 709 2755 780 Ego
2791 727 2920 765 vero
2959 711 3086 766 dico
3133 723 3187 766 et
3237 714 3408 767 adoro

1833 801 2154 856 Trinitatem
2205 803 2257 855 in
2302 806 2551 867 unitate,
2609 813 2665 857 et
2713 803 2970 858 unitatem
3017 805 3073 858 in
3121 802 3407 859 Trinitatc.

1834 890 2028 947 Omnia
2063 907 2184 962 quae
2218 903 2517 946 cernuntur
2541 933 2557 959 ,
2604 893 2686 948 sol
2723 893 3032 948 illuminat:
3073 894 3258 949 omnia
3288 909 3410 964 quae

1835 984 2044 1038 ratione
2089 985 2249 1048 tiunt,
2296 983 2576 1039 humilitas
2637 985 2945 1039 conﬁrmat.
3002 985 3238 1040 Absente
3267 986 3407 1051 sole,

1837 1077 2022 1130 omnia
2074 1077 2312 1131 tenebris
2355 1077 2774 1146 inhorrescunt;
2812 1079 3036 1133 absente
3080 1078 3407 1142 humilitate,

1837 1166 2022 1220 omnia
2075 1176 2262 1222 nostra
2308 1165 2472 1237 315
2521 1182 2681 1237 opera
2729 1177 2973 1223 marcent
3018 1178 3073 1222 et
3123 1167 3308 1223 fetent.
3352 1171 3412 1223 In

1839 1267 1954 1313 toto
2005 1271 2274 1314 terrarum
2328 1260 2464 1315 orbe
2514 1259 2709 1314 unicus
2744 1271 2827 1314 est
2875 1260 3029 1314 locus
3057 1300 3073 1325 ,
3119 1262 3212 1330 qui
3242 1262 3412 1315 solem

1839 1351 2105 1405 duntaxat
2149 1351 2320 1406 semel
2365 1351 2612 1420 aspexit,
2661 1360 2717 1405 et
2764 1353 2922 1406 unica
2970 1367 3112 1420 saepe
3154 1353 3413 1422 cogitatio

1840 1445 2046 1512 peperit
2068 1443 2451 1498 humilitatem.
2473 1442 2591 1498 Uno
2615 1445 2851 1513 quodam
2885 1446 2974 1499 die
2999 1454 3050 1498 et
3081 1448 3242 1500 unico
3270 1455 3414 1500 totus

1842 1534 2006 1588 simul
2035 1534 2270 1588 mundus
2301 1533 2514 1603 gaudiis
2532 1533 2847 1588 exsultavit.
2880 1534 2943 1588 Et
2970 1550 3074 1588 una
3101 1536 3216 1590 haec
3241 1536 3414 1590 virtus

1843 1627 2165 1684 humilitatis
2200 1636 2301 1688 est,
2332 1641 2495 1694 quam
2528 1641 2689 1681 nemo
2717 1627 3057 1681 'diabolorum
3087 1629 3288 1682 imitari
3319 1643 3416 1699 po-

1841 1726 1966 1774 test.
1995 1718 2156 1772 Aliud
2180 1725 2266 1772 est
2287 1718 2494 1781 extolli,
2523 1718 2670 1772 aliud
2695 1733 2802 1771 non
2831 1718 3034 1783 extolli,
3067 1718 3214 1773 aliud
3238 1720 3419 1774 humi-

1843 1811 1983 1864 liari.
2024 1809 2116 1863 llle
2159 1809 2306 1863 enim
2353 1810 2562 1879 primus
2607 1809 2819 1880 judicat
2855 1811 3074 1878 omnia;
3129 1813 3266 1866 alter
3307 1827 3416 1866 non

1839 1899 2048 1968 judicat
2075 1914 2428 1968 quemquam,
2479 1902 2573 1953 sed
2622 1899 2862 1968 seipsum
2899 1903 3263 1967 condemnat;
3310 1911 3419 1957 ter-

1839 1993 1948 2047 tius
1976 1990 2320 2046 indemnatus
2356 2003 2409 2046 et
2443 1993 2706 2048 innocens
2753 2009 2967 2062 semper
2996 1996 3236 2062 seipsum
3269 1995 3418 2048 velut

1843 2095 2128 2141 nocentem
2181 2085 2528 2142 condemnat.
2581 2087 2742 2141 Aliud
2795 2099 2880 2142 est
2942 2088 3199 2142 humilem
3256 2103 3418 2154 esse;

1841 2175 1988 2229 aliud
2017 2185 2101 2229 est
2132 2175 2349 2230 studere
2390 2186 2447 2229 ut
2477 2178 2554 2230 sis
2591 2177 2843 2241 humilis;
2876 2178 3020 2232 aliud
3055 2179 3277 2232 laudare
3313 2179 3420 2233 hu-

1841 2268 2071 2322 milem:
2122 2269 2356 2338 primum
2401 2277 2484 2322 est
2528 2267 2922 2337 perlecturum;
2971 2271 3201 2326 alterum
3231 2284 3421 2325 eorum

1845 2361 1936 2430 qui
1964 2375 2088 2415 vere
2116 2377 2175 2416 se
2202 2361 2520 2416 obedientiae
2548 2362 2677 2432 jugo
2707 2363 3034 2432 subjiciunt;
3076 2373 3419 2434 postremum

1845 2453 2090 2507 omnium
2127 2452 2595 2508 Christianorum.
2627 2453 2730 2519 Qui
2763 2470 2828 2509 ex
2863 2455 3047 2509 animo
3087 2456 3308 2510 humilis
3338 2442 3425 2510 est

1844 2559 1942 2615 per
1983 2544 2220 2613 linguam
2269 2560 2363 2600 seu
2409 2546 2551 2600 labia
2598 2560 2706 2600 nen
2748 2546 3048 2615 spoliatur,
3085 2547 3234 2618 quod
3277 2548 3424 2602 enim

1847 2637 2134 2692 thesaurus
2176 2653 2282 2692 non
2319 2638 2518 2701 habet,
2553 2640 2658 2691 hoc
2688 2637 2858 2704 janua
2905 2639 2958 2692 in
3007 2639 3282 2709 publicum
3313 2655 3427 2695 non

1845 2731 2069 2800 profert.
2092 2731 2279 2801 Equus
2305 2733 2583 2787 solitarius
2614 2747 2757 2803 saepe
2791 2733 2897 2788 sibi
2931 2733 3178 2790 celeriter
3205 2749 3429 2790 currere

1849 2826 2099 2888 videtur,
2135 2827 2230 2879 sed
2270 2827 2491 2895 quando
2541 2840 2664 2879 cum
2707 2841 2868 2896 grege
2899 2827 3281 2896 coniungitur,
3311 2837 3427 2883 tum

1849 2918 2068 2972 demum
2103 2933 2260 2973 suam
2308 2920 2555 2989 agnoscit
2586 2919 2959 2974 lentitudinetn
3002 2931 3058 2974 et
3092 2921 3426 2976 tarditatem.

1850 3009 2080 3077 Quando
2117 3028 2272 3067 mens
2316 3014 2384 3068 de
2425 3021 2634 3069 natura:
2665 3013 2823 3067 donis
2854 3024 2906 3067 et
2945 3017 3284 3071 ornamentis
3323 3015 3429 3071 sibi

1851 3121 1960 3161 non
2008 3108 2244 3178 amplius
2289 3107 2567 3162 blanditur
2609 3120 2704 3162 aut
2752 3109 2961 3176 placet,
3003 3108 3218 3178 signum
3270 3109 3432 3163 habet

1770 3200 1813 3257 C
1845 3201 2096 3257 sanitatis
2122 3211 2179 3256 et
2206 3200 2555 3256 humilitatis.
2594 3200 2844 3268 Quandiu
2875 3217 3005 3256 vero
3035 3201 3245 3256 hircum
3275 3202 3431 3257 illum

1849 3295 2117 3364 superbiae
2145 3293 2255 3348 olet
2279 3303 2334 3348 et
2371 3293 2551 3359 sentit,
2585 3294 2813 3364 gratiam
2858 3294 3076 3363 pretiosi
3109 3293 3432 3352 humilitatis

1851 3389 2110 3460 unguenti
2139 3389 2344 3444 sentire
2380 3405 2487 3443 non
2518 3399 2714 3459 potest.
2763 3389 2868 3455 Qui
2917 3405 3004 3446 me
3047 3400 3223 3456 amat,
3255 3391 3434 3462 inquit

1853 3497 2041 3540 sancta
2071 3484 2372 3547 humilitas,
2396 3501 2503 3538 non
2536 3485 2846 3555 objurgabit
2876 3485 3068 3550 ullum,
3107 3487 3314 3540 nullutn
3339 3489 3432 3556 ju-

1853 3579 2058 3635 dicabit
2083 3621 2098 3642 ,
2146 3593 2253 3634 non
2301 3579 2670 3649 imperitabit,
2704 3594 2810 3633 non
2846 3581 3220 3650 argulahitur,
3259 3579 3434 3636 donec

1856 3673 1986 3726 mihi
2030 3672 2245 3742 penitus
2273 3671 2563 3741 c0puletur
2605 3679 2660 3726 et
2691 3672 3080 3742 coniungatur,
3111 3682 3230 3742 post
3259 3688 3430 3745 copu-

1855 3762 2114 3816 lationem
2146 3775 2276 3815 vero
2306 3775 2481 3814 meam
2517 3761 2664 3813 nulla
2705 3761 2961 3829 deinceps
2996 3761 3077 3814 illi
3127 3763 3210 3815 lex
3251 3765 3425 3832 posita

1855 3865 1958 3910 est.
1990 3853 2114 3908 Fuit
2153 3869 2218 3907 ex
2253 3853 2322 3908 iis
2346 3853 2438 3922 qui
2486 3851 2650 3924 316
2672 3853 2738 3907 ad
2773 3853 2912 3907 hanc
2939 3854 3152 3907 beatam
3174 3854 3428 3909 virtutem

1856 3946 2238 4012 enitebantur,
2271 3945 2500 4014 insignis
2546 3945 2746 3998 athleta
2768 3983 2782 4007 ,
2811 3945 2900 3999 cui
2949 3944 3179 4014 improbi
3208 3946 3434 4015 spiritus

1857 4040 2074 4095 laudem
2116 4040 2171 4093 in
2219 4037 2385 4093 corde
2430 4038 2714 4093 subserere
2757 4035 2939 4090 conati
2982 4046 3148 4102 sunt,
3199 4037 3294 4092 sed
3343 4039 3436 4094 ille

1861 4130 2098 4185 vicissim
2131 4129 2438 4183 daemonum
2470 4128 2734 4182 malitiam
2768 4127 2857 4197 pio
2887 4125 3151 4182 divinitus
3179 4137 3436 4198 suggesta

1861 4222 2092 4277 artiﬁcio
2121 4221 2408 4276 retundere
2440 4233 2730 4292 aggressus
2750 4258 2766 4283 ,
2802 4219 3073 4285 surrexit,
3112 4228 3167 4274 et
3204 4219 3258 4273 in
3286 4221 3439 4276 cella

1863 4333 1975 4374 suae
2005 4319 2213 4388 pariete
2251 4331 2591 4372 summarum
2629 4323 2683 4369 et
2715 4314 3290 4385 prmstantissimarum
3323 4314 3437 4369 vir-

1864 4420 2038 4466 tutum
2072 4410 2280 4465 indiees
2317 4417 2373 4464 et
2410 4407 2633 4464 nomina
2673 4407 2996 4476 descripsit,
3045 4404 3319 4476 perfectae,
3351 4405 3436 4460 in-

1863 4520 2050 4576 quam,
2081 4503 2359 4559 charitatis
2380 4543 2396 4568 ,
2427 4510 2482 4557 et
2514 4500 2772 4571 angelica:
2802 4499 3159 4566 humilitatis,
3191 4513 3294 4554 nec
3325 4514 3435 4554 non

1862 4613 2010 4667 parte
2051 4596 2354 4658 orationis,
2403 4595 2731 4664 intactaque
2778 4601 2833 4647 et
2878 4593 3095 4647 illibata:
3130 4591 3434 4658 castitatis,

1864 4703 1918 4745 et
1957 4693 2062 4747 hoc
2102 4708 2272 4763 genus
2313 4690 2564 4744 aliarum.
2611 4687 2842 4756 Quando
2873 4702 3002 4756 ergo
3042 4687 3193 4741 illum
3222 4687 3432 4755 cogita-

1865 4787 2038 4840 tiones
2071 4783 2337 4853 superbize
2361 4781 2618 4835 extollere
2641 4779 2979 4834 conabantur
3005 4794 3019 4832 :
3056 4780 3188 4848 Age,
3220 4777 3432 4848 inquie-

1863 4878 1954 4932 bat
1973 4916 1988 4940 ,
2017 4889 2206 4930 eamus
2233 4873 2298 4928 ad
2324 4871 2560 4943 iudicem
2585 4889 2600 4938 ;
2634 4870 3008 4940 accedensque
3038 4870 3224 4923 titulos
3257 4869 3432 4922 virtu-

1867 4981 1980 5026 tum
2032 4966 2476 5038 recognoscebat,
2523 4972 2578 5018 et
2624 4963 2937 5018 exclamans
2981 4980 2996 5017 :
3056 4960 3244 5028 Quoad
3294 4961 3433 5025 has,

1864 5063 2080 5134 inquit,
2114 5063 2346 5117 virtutes
2387 5057 2696 5129 possederis
2738 5055 3018 5128 [quandiu
3072 5056 3169 5110 has
3206 5064 3438 5109 Virtutes

1865 5170 1972 5209 non
2001 5149 2386 5223 possederis],
2429 5148 2567 5203 scito
2613 5148 2758 5216 quod
2799 5148 2987 5217 procul
3030 5145 3206 5201 adhuc
3250 5161 3283 5199 a
3327 5144 3437 5198 Deo

1865 5247 2032 5302 absis.
2077 5244 2209 5313 Quae
2241 5244 2324 5297 vis
2352 5249 2405 5296 et
2443 5250 2636 5294 natura
2670 5239 2801 5295 solis
2830 5239 2901 5295 sit
2937 5253 3097 5293 nemo
3122 5237 3437 5292 mortalium

1866 5335 2136 5404 explicare
2163 5341 2356 5404 potest,
2387 5329 2480 5386 sed
2516 5343 2582 5384 ex
2614 5329 2918 5384 actionibus
2940 5327 3084 5382 illius
3112 5337 3168 5384 et
3195 5327 3438 5397 proprie-

1878 5429 2112 5492 tatibus,
2143 5441 2265 5497 quae
2289 5425 2363 5478 illi
2393 5423 2522 5478 insit
2546 5430 2736 5476 natura
2762 5458 2777 5483 ,
2805 5420 3000 5475 docere
3030 5419 3434 5476 consuevimus.

199 5509 500 5604 Humilitas
545 5551 628 5599 est
707 5539 872 5595 tutela
913 5536 1134 5598 divina,
1183 5543 1237 5588 et
1281 5533 1452 5586 velum
1505 5545 1612 5598 quo
1653 5543 1816 5590 opera
1853 5525 2112 5579 virtutum
2166 5528 2476 5576 uestrarum
2523 5523 2778 5586 teguntur
2804 5553 2819 5576 ,
2851 5527 2919 5567 ne
2964 5512 3055 5566 illa
3133 5509 3436 5564 videamus.

202 5641 501 5698 Humilitas
527 5648 611 5696 est
636 5637 894 5693 altissima
919 5647 973 5688 et
1005 5633 1364 5689 subtilissima
1402 5627 1621 5683 vi‘itatis
1688 5624 1919 5694 p-opriae
1950 5617 2211 5690 cognitio,
2281 5615 2492 5672 furibus
2525 5612 2742 5670 cunctis
2807 5610 3108 5666 inaccessa.
3145 5605 3440 5666 Humilitu

283 5758 327 5788 ⁸⁸
354 5755 501 5808 Psal.
535 5768 678 5815 cxtv,
705 5751 760 5806 6.

287 5855 364 5910 ta)
403 5849 680 5905 Schol-ium
712 5846 1054 5903 undecimum
1083 5840 1148 5894 ad
1180 5840 1387 5894 nullum
1447 5837 1657 5899 signum
1695 5830 1928 5886 refertur
1964 5842 2062 5884 nec
2096 5827 2154 5882 Id
2179 5833 2500 5896 praesentem
2536 5821 2819 5878 materiam
2849 5818 3000 5874 facit.
