  <div class='ocr_page' id='page_1' title='image "/cluster/home/n/w/nwhite01/storage/ocr_20150623/88/nnc1.0046980237/508.png"; bbox 0 0 4216 6458; ppageno 0'>
   <div class='ocr_carea' id='block_1_1' title="bbox 184 427 285 497">
    <p class='ocr_par' dir='ltr' id='par_1_1' title="bbox 184 427 285 497">
     <span class='ocr_line' id='line_1_1' title="bbox 184 427 285 497; baseline 0.059 -6"><span class='ocrx_word' id='word_1_1' title='bbox 184 427 285 497; x_wconf 78' lang='lat'><strong>997</strong></span> 
     </span>
    </p>
   </div>
   <div class='ocr_carea' id='block_1_2' title="bbox 1151 425 2422 488">
    <p class='ocr_par' dir='ltr' id='par_1_2' title="bbox 1151 425 2422 488">
     <span class='ocr_line' id='line_1_2' title="bbox 1151 425 2422 488; baseline 0.001 -1"><span class='ocrx_word' id='word_1_2' title='bbox 1151 428 1379 488; x_wconf 85' lang='lat' dir='ltr'><strong>SCALA</strong></span> <span class='ocrx_word' id='word_1_3' title='bbox 1418 425 1792 488; x_wconf 79' lang='lat' dir='ltr'><strong>PARADISI.</strong></span> <span class='ocrx_word' id='word_1_4' title='bbox 1829 449 1894 458; x_wconf 89' lang='grc'><strong>-·</strong></span> <span class='ocrx_word' id='word_1_5' title='bbox 1923 425 2225 487; x_wconf 84' lang='lat' dir='ltr'><strong>GRADUS</strong></span> <span class='ocrx_word' id='word_1_6' title='bbox 2253 429 2422 488; x_wconf 81' lang='lat' dir='ltr'><strong>XXV.</strong></span> 
     </span>
    </p>
   </div>
   <div class='ocr_carea' id='block_1_3' title="bbox 3309 437 3411 498">
    <p class='ocr_par' dir='ltr' id='par_1_3' title="bbox 3309 437 3411 498">
     <span class='ocr_line' id='line_1_3' title="bbox 3309 437 3411 498; baseline 0 0"><span class='ocrx_word' id='word_1_7' title='bbox 3309 437 3411 498; x_wconf 82' lang='lat'><strong>998</strong></span> 
     </span>
    </p>
   </div>
   <div class='ocr_carea' id='block_1_4' title="bbox 188 536 3412 614">
    <p class='ocr_par' dir='ltr' id='par_1_4' title="bbox 188 536 3412 614">
     <span class='ocr_line' id='line_1_4' title="bbox 188 536 3412 614; baseline 0.001 -22"><span class='ocrx_word' id='word_1_8' title='bbox 188 546 463 608; x_wconf 84' lang='lat' dir='ltr'><strong>parentem</strong></span> <span class='ocrx_word' id='word_1_9' title='bbox 504 539 605 594; x_wconf 82' lang='lat' dir='ltr'><strong>sibi</strong></span> <span class='ocrx_word' id='word_1_10' title='bbox 649 538 971 593; x_wconf 78' lang='lat' dir='ltr'><strong>familiarem</strong></span> <span class='ocrx_word' id='word_1_11' title='bbox 1027 537 1277 592; x_wconf 90' lang='lat' dir='ltr'><strong>reddunt.</strong></span> <span class='ocrx_word' id='word_1_12' title='bbox 1337 538 1476 602; x_wconf 78' lang='lat' dir='ltr'><strong>Sunt</strong></span> <span class='ocrx_word' id='word_1_13' title='bbox 1528 547 1581 590; x_wconf 89' lang='lat' dir='ltr'><strong>et</strong></span> <span class='ocrx_word' id='word_1_14' title='bbox 1638 536 1726 588; x_wconf 83' lang='lat' dir='ltr'><strong>alii</strong></span> <span class='ocrx_word' id='word_1_15' title='bbox 1784 536 1987 598; x_wconf 87' lang='lat' dir='ltr'><strong>(utrum</strong></span> <span class='ocrx_word' id='word_1_16' title='bbox 2037 551 2164 590; x_wconf 91' lang='lat' dir='ltr'><strong>vero</strong></span> <span class='ocrx_word' id='word_1_17' title='bbox 2214 537 2370 590; x_wconf 84' lang='lat' dir='ltr'><strong>hodie</strong></span> <span class='ocrx_word' id='word_1_18' title='bbox 2399 546 2528 601; x_wconf 84' lang='lat' dir='ltr'><strong>sint,</strong></span> <span class='ocrx_word' id='word_1_19' title='bbox 2552 538 2733 596; x_wconf 87' lang='lat' dir='ltr'><strong>dicere</strong></span> <span class='ocrx_word' id='word_1_20' title='bbox 2793 555 2898 596; x_wconf 91' lang='lat' dir='ltr'><strong>non</strong></span> <span class='ocrx_word' id='word_1_21' title='bbox 2967 541 3159 612; x_wconf 82' lang='lat' dir='ltr'><strong>habeo)</strong></span> <span class='ocrx_word' id='word_1_22' title='bbox 3197 543 3288 612; x_wconf 85' lang='lat' dir='ltr'><strong>qui</strong></span> <span class='ocrx_word' id='word_1_23' title='bbox 3319 557 3412 614; x_wconf 87' lang='lat' dir='ltr'><strong>per</strong></span> 
     </span>
    </p>
   </div>
   <div class='ocr_carea' id='block_1_5' title="bbox 185 627 3408 705">
    <p class='ocr_par' dir='ltr' id='par_1_5' title="bbox 185 627 3408 705">
     <span class='ocr_line' id='line_1_5' title="bbox 185 627 3408 705; baseline 0.001 -17"><span class='ocrx_word' id='word_1_24' title='bbox 185 639 301 705; x_wconf 89' lang='lat' dir='ltr'><strong>ipsa</strong></span> <span class='ocrx_word' id='word_1_25' title='bbox 377 636 615 690; x_wconf 74' lang='lat' dir='ltr'><strong>cmlestia</strong></span> <span class='ocrx_word' id='word_1_26' title='bbox 679 634 772 689; x_wconf 91' lang='lat' dir='ltr'><strong>Dei</strong></span> <span class='ocrx_word' id='word_1_27' title='bbox 823 636 965 688; x_wconf 89' lang='lat' dir='ltr'><strong>dona</strong></span> <span class='ocrx_word' id='word_1_28' title='bbox 1046 635 1246 702; x_wconf 85' lang='lat' dir='ltr'><strong>quibus</strong></span> <span class='ocrx_word' id='word_1_29' title='bbox 1349 633 1591 701; x_wconf 75' lang='lat' dir='ltr'><strong>quotidie</strong></span> <span class='ocrx_word' id='word_1_30' title='bbox 1698 627 2003 682; x_wconf 81' lang='lat' dir='ltr'><strong>aiﬁcinntur</strong></span> <span class='ocrx_word' id='word_1_31' title='bbox 2089 640 2142 684; x_wconf 93' lang='lat' dir='ltr'><strong>et</strong></span> <span class='ocrx_word' id='word_1_32' title='bbox 2215 630 2522 700; x_wconf 91' lang='lat' dir='ltr'><strong>proﬁciunt,</strong></span> <span class='ocrx_word' id='word_1_33' title='bbox 2580 635 2774 704; x_wconf 85' lang='lat' dir='ltr'><strong>seipsis</strong></span> <span class='ocrx_word' id='word_1_34' title='bbox 2834 635 3217 691; x_wconf 86' lang='lat' dir='ltr'><strong>submissiores</strong></span> <span class='ocrx_word' id='word_1_35' title='bbox 3256 635 3408 704; x_wconf 84' lang='lat' dir='ltr'><strong>ﬁunt,</strong></span> 
     </span>
    </p>
   </div>
   <div class='ocr_carea' id='block_1_6' title="bbox 183 718 3412 796">
    <p class='ocr_par' dir='ltr' id='par_1_6' title="bbox 183 718 3412 796">
     <span class='ocr_line' id='line_1_6' title="bbox 183 718 3412 796; baseline -0 -14"><span class='ocrx_word' id='word_1_36' title='bbox 183 727 314 782; x_wconf 88' lang='lat' dir='ltr'><strong>dum</strong></span> <span class='ocrx_word' id='word_1_37' title='bbox 354 742 410 780; x_wconf 79' lang='lat' dir='ltr'><strong>se</strong></span> <span class='ocrx_word' id='word_1_38' title='bbox 449 725 700 794; x_wconf 84' lang='lat' dir='ltr'><strong>indignos</strong></span> <span class='ocrx_word' id='word_1_39' title='bbox 727 724 890 778; x_wconf 85' lang='lat' dir='ltr'><strong>tantis</strong></span> <span class='ocrx_word' id='word_1_40' title='bbox 933 722 1228 793; x_wconf 90' lang='lat' dir='ltr'><strong>gratiarum</strong></span> <span class='ocrx_word' id='word_1_41' title='bbox 1281 721 1554 776; x_wconf 82' lang='lat' dir='ltr'><strong>thesauris</strong></span> <span class='ocrx_word' id='word_1_42' title='bbox 1618 718 1955 783; x_wconf 81' lang='lat' dir='ltr'><strong>existimant,</strong></span> <span class='ocrx_word' id='word_1_43' title='bbox 1990 726 2044 772; x_wconf 86' lang='lat' dir='ltr'><strong>et</strong></span> <span class='ocrx_word' id='word_1_44' title='bbox 2104 721 2326 788; x_wconf 90' lang='lat' dir='ltr'><strong>perinde</strong></span> <span class='ocrx_word' id='word_1_45' title='bbox 2385 720 2694 778; x_wconf 80' lang='lat' dir='ltr'><strong>afﬁciuntur</strong></span> <span class='ocrx_word' id='word_1_46' title='bbox 2722 739 2785 780; x_wconf 90' lang='lat' dir='ltr'><strong>ac</strong></span> <span class='ocrx_word' id='word_1_47' title='bbox 2844 726 2890 780; x_wconf 90' lang='lat' dir='ltr'><strong>si</strong></span> <span class='ocrx_word' id='word_1_48' title='bbox 2922 726 3164 796; x_wconf 87' lang='lat' dir='ltr'><strong>quotidie</strong></span> <span class='ocrx_word' id='word_1_49' title='bbox 3190 727 3412 782; x_wconf 89' lang='lat' dir='ltr'><strong>nomina</strong></span> 
     </span>
    </p>
   </div>
   <div class='ocr_carea' id='block_1_7' title="bbox 185 822 800 889">
    <p class='ocr_par' dir='ltr' id='par_1_7' title="bbox 185 822 800 889">
     <span class='ocr_line' id='line_1_7' title="bbox 185 822 800 889; baseline -0.008 -12"><span class='ocrx_word' id='word_1_50' title='bbox 185 822 489 878; x_wconf 87' lang='lat' dir='ltr'><strong>debitorum</strong></span> <span class='ocrx_word' id='word_1_51' title='bbox 522 829 800 889; x_wconf 86' lang='lat' dir='ltr'><strong>augerent.</strong></span> 
     </span>
    </p>
   </div>
   <div class='ocr_carea' id='block_1_8' title="bbox 256 895 1921 982">
    <p class='ocr_par' dir='ltr' id='par_1_8' title="bbox 256 908 1921 981">
     <span class='ocr_line' id='line_1_8' title="bbox 256 908 1921 981; baseline -0.006 -14"><span class='ocrx_word' id='word_1_52' title='bbox 256 913 426 967; x_wconf 83' lang='grc' dir='ltr'>Τοῦτο</span> <span class='ocrx_word' id='word_1_53' title='bbox 473 912 818 976; x_wconf 78' lang='grc' dir='ltr'><strong>ταπείνωσις,</strong></span> <span class='ocrx_word' id='word_1_54' title='bbox 859 911 1016 962; x_wconf 83' lang='grc' dir='ltr'>τοῦτο</span> <span class='ocrx_word' id='word_1_55' title='bbox 1065 913 1100 981; x_wconf 80' lang='grc' dir='ltr'>ἡ</span> <span class='ocrx_word' id='word_1_56' title='bbox 1150 911 1485 979; x_wconf 85' lang='grc' dir='ltr'>μακαριότης</span> <span class='ocrx_word' id='word_1_57' title='bbox 1519 923 1536 940; x_wconf 70' lang='grc'><strong><em>⁸</em></strong></span> <span class='ocrx_word' id='word_1_58' title='bbox 1593 908 1749 961; x_wconf 81' lang='grc' dir='ltr'>τοῦτο</span> <span class='ocrx_word' id='word_1_59' title='bbox 1775 912 1820 966; x_wconf 78' lang='grc' dir='ltr'><strong>Α</strong></span> <span class='ocrx_word' id='word_1_60' title='bbox 1919 943 1921 950; x_wconf 71' lang='grc' dir='ltr'><strong>ι</strong></span> 
     </span>
    </p>
   </div>
   <div class='ocr_carea' id='block_1_9' title="bbox 1752 895 3417 982">
    <p class='ocr_par' dir='ltr' id='par_1_9' title="bbox 1775 895 3417 982">
     <span class='ocr_line' id='line_1_9' title="bbox 1775 895 3417 982; baseline 0.012 -33"><span class='ocrx_word' id='word_1_61' title='bbox 1775 912 1820 966; x_wconf 72' lang='grc' dir='ltr'><strong>Α</strong></span> <span class='ocrx_word' id='word_1_62' title='bbox 1919 895 2046 952; x_wconf 68' lang='lat' dir='ltr'><strong>llazc</strong></span> <span class='ocrx_word' id='word_1_63' title='bbox 2075 908 2156 954; x_wconf 92' lang='lat' dir='ltr'><strong>est</strong></span> <span class='ocrx_word' id='word_1_64' title='bbox 2187 899 2483 967; x_wconf 86' lang='lat' dir='ltr'><strong>humilitas,</strong></span> <span class='ocrx_word' id='word_1_65' title='bbox 2516 905 2631 960; x_wconf 75' lang='lat' dir='ltr'><strong>haec</strong></span> <span class='ocrx_word' id='word_1_66' title='bbox 2657 905 2950 972; x_wconf 80' lang='lat' dir='ltr'><strong>beatitudo,</strong></span> <span class='ocrx_word' id='word_1_67' title='bbox 2974 909 3139 980; x_wconf 79' lang='lat'><strong>319</strong></span> <span class='ocrx_word' id='word_1_68' title='bbox 3169 909 3274 965; x_wconf 88' lang='lat' dir='ltr'><strong>hoc</strong></span> <span class='ocrx_word' id='word_1_69' title='bbox 3295 927 3417 982; x_wconf 85' lang='lat' dir='ltr'><strong>per-</strong></span> 
     </span>
    </p>
   </div>
   <div class='ocr_carea' id='block_1_10' title="bbox 181 1001 1744 1074">
    <p class='ocr_par' dir='ltr' id='par_1_10' title="bbox 181 1001 1744 1074">
     <span class='ocr_line' id='line_1_10' title="bbox 181 1001 1744 1074; baseline -0.004 -13"><span class='ocrx_word' id='word_1_70' title='bbox 181 1009 246 1061; x_wconf 83' lang='grc' dir='ltr'><strong>τδ</strong></span> <span class='ocrx_word' id='word_1_71' title='bbox 271 1009 474 1060; x_wconf 84' lang='grc' dir='ltr'>τέλειον</span> <span class='ocrx_word' id='word_1_72' title='bbox 497 1003 745 1058; x_wconf 78' lang='grc' dir='ltr'>ἔπαθλον.</span> <span class='ocrx_word' id='word_1_73' title='bbox 793 1004 1022 1057; x_wconf 88' lang='grc' dir='ltr'>Ὀπόταν</span> <span class='ocrx_word' id='word_1_74' title='bbox 1075 1001 1196 1055; x_wconf 85' lang='grc' dir='ltr'>τινὰ</span> <span class='ocrx_word' id='word_1_75' title='bbox 1253 1001 1367 1074; x_wconf 72' lang='grc' dir='ltr'>ἴδῃς</span> <span class='ocrx_word' id='word_1_76' title='bbox 1415 1002 1450 1072; x_wconf 83' lang='grc' dir='ltr'>ἢ</span> <span class='ocrx_word' id='word_1_77' title='bbox 1505 1001 1744 1072; x_wconf 72' lang='grc' dir='ltr'>ἀκούσης</span> 
     </span>
    </p>
   </div>
   <div class='ocr_carea' id='block_1_11' title="bbox 183 1093 1747 1167">
    <p class='ocr_par' dir='ltr' id='par_1_11' title="bbox 183 1093 1747 1167">
     <span class='ocr_line' id='line_1_11' title="bbox 183 1093 1747 1167; baseline -0.004 -15"><span class='ocrx_word' id='word_1_78' title='bbox 183 1102 245 1152; x_wconf 79' lang='grc' dir='ltr'>ὲν</span> <span class='ocrx_word' id='word_1_79' title='bbox 299 1097 499 1167; x_wconf 80' lang='grc' dir='ltr'><strong>ὀλίγοις</strong></span> <span class='ocrx_word' id='word_1_80' title='bbox 557 1095 732 1148; x_wconf 81' lang='grc' dir='ltr'>ἔτεσιν</span> <span class='ocrx_word' id='word_1_81' title='bbox 786 1094 1125 1164; x_wconf 68' lang='grc' dir='ltr'><strong>ὑψηλοτάτην</strong></span> <span class='ocrx_word' id='word_1_82' title='bbox 1166 1093 1431 1148; x_wconf 88' lang='grc' dir='ltr'>ἀπάθειαν</span> <span class='ocrx_word' id='word_1_83' title='bbox 1476 1093 1747 1164; x_wconf 85' lang='grc' dir='ltr'>κτησάμε-</span> 
     </span>
    </p>
   </div>
   <div class='ocr_carea' id='block_1_12' title="bbox 183 1186 1747 1259">
    <p class='ocr_par' dir='ltr' id='par_1_12' title="bbox 183 1186 1747 1259">
     <span class='ocr_line' id='line_1_12' title="bbox 183 1186 1747 1259; baseline -0.002 -16"><span class='ocrx_word' id='word_1_84' title='bbox 183 1207 298 1254; x_wconf 90' lang='grc' dir='ltr'>νον,</span> <span class='ocrx_word' id='word_1_85' title='bbox 345 1190 439 1243; x_wconf 77' lang='grc' dir='ltr'><strong>καὶ</strong></span> <span class='ocrx_word' id='word_1_86' title='bbox 492 1187 566 1259; x_wconf 78' lang='grc' dir='ltr'>μὴ</span> <span class='ocrx_word' id='word_1_87' title='bbox 620 1186 806 1258; x_wconf 80' lang='grc' dir='ltr'>ἄλλην,</span> <span class='ocrx_word' id='word_1_88' title='bbox 839 1187 975 1240; x_wconf 83' lang='grc' dir='ltr'><strong>ἀλλά</strong></span> <span class='ocrx_word' id='word_1_89' title='bbox 1004 1188 1208 1256; x_wconf 87' lang='grc' dir='ltr'>ταύτην</span> <span class='ocrx_word' id='word_1_90' title='bbox 1241 1187 1401 1240; x_wconf 79' lang='grc' dir='ltr'>αὐτὸν</span> <span class='ocrx_word' id='word_1_91' title='bbox 1438 1189 1539 1258; x_wconf 79' lang='grc' dir='ltr'>τὴν</span> <span class='ocrx_word' id='word_1_92' title='bbox 1573 1203 1747 1258; x_wconf 87' lang='grc' dir='ltr'>μακα-</span> 
     </span>
    </p>
   </div>
   <div class='ocr_carea' id='block_1_13' title="bbox 184 1277 1746 1353">
    <p class='ocr_par' dir='ltr' id='par_1_13' title="bbox 184 1277 1746 1353">
     <span class='ocr_line' id='line_1_13' title="bbox 184 1277 1746 1353; baseline -0.002 -20"><span class='ocrx_word' id='word_1_93' title='bbox 184 1282 308 1353; x_wconf 90' lang='grc' dir='ltr'>ρίαν</span> <span class='ocrx_word' id='word_1_94' title='bbox 339 1280 597 1349; x_wconf 89' lang='grc' dir='ltr'>σύντομον</span> <span class='ocrx_word' id='word_1_95' title='bbox 635 1277 752 1330; x_wconf 81' lang='lat' dir='ltr'><em>666v</em></span> <span class='ocrx_word' id='word_1_96' title='bbox 801 1277 1248 1348; x_wconf 72' lang='grc' dir='ltr'>πεζοπορῆσαντα</span> <span class='ocrx_word' id='word_1_97' title='bbox 1274 1277 1639 1346; x_wconf 84' lang='grc' dir='ltr'>ὑπολάμϐανε.</span> <span class='ocrx_word' id='word_1_98' title='bbox 1679 1278 1746 1330; x_wconf 84' lang='grc' dir='ltr'><strong>Ἦ</strong></span> 
     </span>
    </p>
   </div>
   <div class='ocr_carea' id='block_1_14' title="bbox 185 1367 1746 1442">
    <p class='ocr_par' dir='ltr' id='par_1_14' title="bbox 185 1367 1746 1442">
     <span class='ocr_line' id='line_1_14' title="bbox 185 1367 1746 1442; baseline -0.003 -18"><span class='ocrx_word' id='word_1_99' title='bbox 185 1372 311 1442; x_wconf 84' lang='grc' dir='ltr'>ἱερὰ</span> <span class='ocrx_word' id='word_1_100' title='bbox 351 1371 596 1440; x_wconf 73' lang='grc' dir='ltr'>ξυνωρὶς,</span> <span class='ocrx_word' id='word_1_101' title='bbox 641 1369 828 1438; x_wconf 83' lang='grc' dir='ltr'><strong>ἀγάπη</strong></span> <span class='ocrx_word' id='word_1_102' title='bbox 885 1370 976 1421; x_wconf 75' lang='grc' dir='ltr'>καὶ</span> <span class='ocrx_word' id='word_1_103' title='bbox 1018 1371 1344 1431; x_wconf 68' lang='grc' dir='ltr'><strong>ταπείνωσις</strong></span> <span class='ocrx_word' id='word_1_104' title='bbox 1369 1383 1383 1399; x_wconf 78' lang='grc' dir='ltr'><strong><em>ο</em></strong></span> <span class='ocrx_word' id='word_1_105' title='bbox 1412 1369 1446 1436; x_wconf 83' lang='grc' dir='ltr'><strong>ἡ</strong></span> <span class='ocrx_word' id='word_1_106' title='bbox 1500 1370 1597 1437; x_wconf 87' lang='grc' dir='ltr'><strong>μὲν</strong></span> <span class='ocrx_word' id='word_1_107' title='bbox 1637 1367 1746 1438; x_wconf 75' lang='grc' dir='ltr'><strong>γάρ</strong></span> 
     </span>
    </p>
   </div>
   <div class='ocr_carea' id='block_1_15' title="bbox 181 1458 1746 1534">
    <p class='ocr_par' dir='ltr' id='par_1_15' title="bbox 181 1458 1746 1534">
     <span class='ocr_line' id='line_1_15' title="bbox 181 1458 1746 1534; baseline -0.005 -16"><span class='ocrx_word' id='word_1_108' title='bbox 181 1465 332 1534; x_wconf 73' lang='grc' dir='ltr'>ὑψοῖ,</span> <span class='ocrx_word' id='word_1_109' title='bbox 372 1464 406 1532; x_wconf 86' lang='grc' dir='ltr'>ἡ</span> <span class='ocrx_word' id='word_1_110' title='bbox 440 1463 498 1515; x_wconf 83' lang='grc' dir='ltr'><strong>δὲ</strong></span> <span class='ocrx_word' id='word_1_111' title='bbox 543 1463 668 1525; x_wconf 78' lang='grc' dir='ltr'>τοὺς</span> <span class='ocrx_word' id='word_1_112' title='bbox 701 1459 1013 1529; x_wconf 68' lang='grc' dir='ltr'>ὑψωθέντας</span> <span class='ocrx_word' id='word_1_113' title='bbox 1054 1459 1329 1530; x_wconf 77' lang='grc' dir='ltr'><strong>κρατοῦσα</strong></span> <span class='ocrx_word' id='word_1_114' title='bbox 1365 1458 1617 1513; x_wconf 74' lang='grc' dir='ltr'>οὐδέποτε</span> <span class='ocrx_word' id='word_1_115' title='bbox 1656 1458 1746 1512; x_wconf 89' lang='grc' dir='ltr'>πί-</span> 
     </span>
    </p>
   </div>
   <div class='ocr_carea' id='block_1_16' title="bbox 182 1550 1743 1622">
    <p class='ocr_par' dir='ltr' id='par_1_16' title="bbox 182 1550 1743 1622">
     <span class='ocr_line' id='line_1_16' title="bbox 182 1550 1743 1622; baseline -0.001 -17"><span class='ocrx_word' id='word_1_116' title='bbox 182 1571 333 1607; x_wconf 87' lang='grc' dir='ltr'>πτει.</span> <span class='ocrx_word' id='word_1_117' title='bbox 370 1553 530 1605; x_wconf 83' lang='grc' dir='ltr'>Ἀλλο</span> <span class='ocrx_word' id='word_1_118' title='bbox 581 1553 914 1622; x_wconf 76' lang='grc' dir='ltr'>συντριμμὸς</span> <span class='ocrx_word' id='word_1_119' title='bbox 955 1551 1065 1621; x_wconf 72' lang='grc'>(21)</span> <span class='ocrx_word' id='word_1_120' title='bbox 1091 1591 1106 1616; x_wconf 91' lang='grc'><strong>,</strong></span> <span class='ocrx_word' id='word_1_121' title='bbox 1140 1552 1235 1604; x_wconf 72' lang='grc' dir='ltr'>καὶ</span> <span class='ocrx_word' id='word_1_122' title='bbox 1273 1550 1399 1604; x_wconf 85' lang='grc' dir='ltr'>ἄλλο</span> <span class='ocrx_word' id='word_1_123' title='bbox 1426 1551 1743 1619; x_wconf 75' lang='grc' dir='ltr'>ἐπίγνωσις,</span> 
     </span>
    </p>
   </div>
   <div class='ocr_carea' id='block_1_17' title="bbox 182 1643 1748 1718">
    <p class='ocr_par' dir='ltr' id='par_1_17' title="bbox 182 1643 1748 1718">
     <span class='ocr_line' id='line_1_17' title="bbox 182 1643 1748 1718; baseline -0.001 -19"><span class='ocrx_word' id='word_1_124' title='bbox 182 1649 281 1700; x_wconf 81' lang='grc' dir='ltr'><strong>καὶ</strong></span> <span class='ocrx_word' id='word_1_125' title='bbox 330 1646 457 1701; x_wconf 83' lang='grc' dir='ltr'>ἄλλο</span> <span class='ocrx_word' id='word_1_126' title='bbox 493 1643 843 1706; x_wconf 73' lang='grc' dir='ltr'>ταπείνωσις.</span> <span class='ocrx_word' id='word_1_127' title='bbox 886 1644 1226 1714; x_wconf 86' lang='grc' dir='ltr'>Συντριμμός</span> <span class='ocrx_word' id='word_1_128' title='bbox 1278 1645 1394 1718; x_wconf 64' lang='grc' dir='ltr'>εστι</span> <span class='ocrx_word' id='word_1_129' title='bbox 1457 1645 1748 1714; x_wconf 84' lang='grc' dir='ltr'><strong>πτώματος</strong></span> 
     </span>
    </p>
   </div>
   <div class='ocr_carea' id='block_1_18' title="bbox 181 1734 1746 1808">
    <p class='ocr_par' dir='ltr' id='par_1_18' title="bbox 181 1734 1746 1808">
     <span class='ocr_line' id='line_1_18' title="bbox 181 1734 1746 1808; baseline -0.001 -19"><span class='ocrx_word' id='word_1_130' title='bbox 181 1738 450 1806; x_wconf 77' lang='grc' dir='ltr'><strong>γέννημα.</strong></span> <span class='ocrx_word' id='word_1_131' title='bbox 493 1737 550 1789; x_wconf 88' lang='grc' dir='ltr'>Ὁ</span> <span class='ocrx_word' id='word_1_132' title='bbox 579 1736 683 1807; x_wconf 81' lang='grc' dir='ltr'><strong>γάρ</strong></span> <span class='ocrx_word' id='word_1_133' title='bbox 719 1735 932 1787; x_wconf 84' lang='grc' dir='ltr'>πίπτων</span> <span class='ocrx_word' id='word_1_134' title='bbox 974 1734 1315 1805; x_wconf 88' lang='grc' dir='ltr'>συντρίϐεται</span> <span class='ocrx_word' id='word_1_135' title='bbox 1362 1737 1458 1788; x_wconf 80' lang='grc' dir='ltr'>καὶ</span> <span class='ocrx_word' id='word_1_136' title='bbox 1491 1737 1746 1808; x_wconf 73' lang='grc' dir='ltr'>ἀπαρρη-</span> 
     </span>
    </p>
   </div>
   <div class='ocr_carea' id='block_1_19' title="bbox 183 1825 1746 1897">
    <p class='ocr_par' dir='ltr' id='par_1_19' title="bbox 183 1825 1746 1897">
     <span class='ocr_line' id='line_1_19' title="bbox 183 1825 1746 1897; baseline 0 -17"><span class='ocrx_word' id='word_1_137' title='bbox 183 1829 405 1891; x_wconf 89' lang='grc' dir='ltr'>σίαστος</span> <span class='ocrx_word' id='word_1_138' title='bbox 456 1830 514 1880; x_wconf 83' lang='grc' dir='ltr'>ὲν</span> <span class='ocrx_word' id='word_1_139' title='bbox 559 1827 832 1897; x_wconf 77' lang='grc' dir='ltr'>προσευχῇ</span> <span class='ocrx_word' id='word_1_140' title='bbox 874 1825 990 1895; x_wconf 88' lang='grc' dir='ltr'>μετ’</span> <span class='ocrx_word' id='word_1_141' title='bbox 1038 1827 1432 1896; x_wconf 79' lang='grc' dir='ltr'>ἐπαινουμένης</span> <span class='ocrx_word' id='word_1_142' title='bbox 1477 1827 1746 1890; x_wconf 82' lang='grc' dir='ltr'>ἀναιδείας</span> 
     </span>
    </p>
   </div>
   <div class='ocr_carea' id='block_1_20' title="bbox 181 1915 1744 1989">
    <p class='ocr_par' dir='ltr' id='par_1_20' title="bbox 181 1915 1744 1989">
     <span class='ocr_line' id='line_1_20' title="bbox 181 1915 1744 1989; baseline 0.001 -19"><span class='ocrx_word' id='word_1_143' title='bbox 181 1918 538 1987; x_wconf 84' lang='grc' dir='ltr'>παρίσταται,</span> <span class='ocrx_word' id='word_1_144' title='bbox 570 1915 749 1987; x_wconf 75' lang='grc' dir='ltr'>ῥάϐδῳ</span> <span class='ocrx_word' id='word_1_145' title='bbox 777 1916 990 1980; x_wconf 80' lang='grc' dir='ltr'>ἐλπίδος</span> <span class='ocrx_word' id='word_1_146' title='bbox 1021 1915 1096 1979; x_wconf 83' lang='grc' dir='ltr'>ὡς</span> <span class='ocrx_word' id='word_1_147' title='bbox 1130 1915 1594 1989; x_wconf 87' lang='grc' dir='ltr'>συντεθλασμένος</span> <span class='ocrx_word' id='word_1_148' title='bbox 1623 1919 1744 1972; x_wconf 83' lang='grc' dir='ltr'>ἐπι-</span> 
     </span>
    </p>
   </div>
   <div class='ocr_carea' id='block_1_21' title="bbox 184 2006 1746 2080">
    <p class='ocr_par' dir='ltr' id='par_1_21' title="bbox 184 2006 1746 2080">
     <span class='ocr_line' id='line_1_21' title="bbox 184 2006 1746 2080; baseline -0.001 -20"><span class='ocrx_word' id='word_1_149' title='bbox 184 2008 595 2080; x_wconf 77' lang='grc' dir='ltr'>στηριζόμενος,</span> <span class='ocrx_word' id='word_1_150' title='bbox 641 2011 734 2061; x_wconf 82' lang='grc' dir='ltr'>καὶ</span> <span class='ocrx_word' id='word_1_151' title='bbox 781 2009 837 2059; x_wconf 85' lang='grc' dir='ltr'>ὲν</span> <span class='ocrx_word' id='word_1_152' title='bbox 886 2007 1022 2078; x_wconf 81' lang='grc' dir='ltr'>αὐτῇ</span> <span class='ocrx_word' id='word_1_153' title='bbox 1067 2007 1159 2059; x_wconf 76' lang='grc' dir='ltr'><strong>τὸν</strong></span> <span class='ocrx_word' id='word_1_154' title='bbox 1210 2006 1344 2062; x_wconf 87' lang='grc' dir='ltr'>κύνα</span> <span class='ocrx_word' id='word_1_155' title='bbox 1371 2009 1469 2078; x_wconf 82' lang='grc' dir='ltr'>τῆς</span> <span class='ocrx_word' id='word_1_156' title='bbox 1501 2007 1746 2076; x_wconf 86' lang='grc' dir='ltr'>ἀπογνώ-</span> 
     </span>
    </p>
   </div>
   <div class='ocr_carea' id='block_1_22' title="bbox 182 2098 1749 2173">
    <p class='ocr_par' dir='ltr' id='par_1_22' title="bbox 182 2098 1749 2173">
     <span class='ocr_line' id='line_1_22' title="bbox 182 2098 1749 2173; baseline 0.001 -21"><span class='ocrx_word' id='word_1_157' title='bbox 182 2117 325 2162; x_wconf 88' lang='grc' dir='ltr'>σεως</span> <span class='ocrx_word' id='word_1_158' title='bbox 356 2099 584 2154; x_wconf 84' lang='grc' dir='ltr'>διώκων.</span> <span class='ocrx_word' id='word_1_159' title='bbox 621 2098 940 2167; x_wconf 81' lang='grc' dir='ltr'>Ἐπίγνωσίς</span> <span class='ocrx_word' id='word_1_160' title='bbox 963 2101 1108 2152; x_wconf 75' lang='grc' dir='ltr'>ἐστιν</span> <span class='ocrx_word' id='word_1_161' title='bbox 1129 2100 1377 2173; x_wconf 78' lang='grc' dir='ltr'>ἀσφαλὴς</span> <span class='ocrx_word' id='word_1_162' title='bbox 1403 2100 1514 2154; x_wconf 85' lang='grc' dir='ltr'><strong>τῶν</strong></span> <span class='ocrx_word' id='word_1_163' title='bbox 1535 2101 1749 2154; x_wconf 86' lang='grc' dir='ltr'>οἰκείων</span> 
     </span>
    </p>
   </div>
   <div class='ocr_carea' id='block_1_23' title="bbox 1846 987 3416 1066">
    <p class='ocr_par' dir='ltr' id='par_1_23' title="bbox 1846 987 3416 1066">
     <span class='ocr_line' id='line_1_23' title="bbox 1846 987 3416 1066; baseline 0.011 -23"><span class='ocrx_word' id='word_1_164' title='bbox 1846 987 2045 1043; x_wconf 82' lang='lat' dir='ltr'><strong>fectum</strong></span> <span class='ocrx_word' id='word_1_165' title='bbox 2082 993 2383 1060; x_wconf 76' lang='lat' dir='ltr'><strong>prandium.</strong></span> <span class='ocrx_word' id='word_1_166' title='bbox 2414 994 2564 1062; x_wconf 86' lang='lat' dir='ltr'><strong>Quod</strong></span> <span class='ocrx_word' id='word_1_167' title='bbox 2600 998 2646 1051; x_wconf 86' lang='lat' dir='ltr'><strong>si</strong></span> <span class='ocrx_word' id='word_1_168' title='bbox 2679 1013 2837 1066; x_wconf 87' lang='lat' dir='ltr'><strong>quem</strong></span> <span class='ocrx_word' id='word_1_169' title='bbox 2867 1000 3064 1055; x_wconf 89' lang='lat' dir='ltr'><strong>videris</strong></span> <span class='ocrx_word' id='word_1_170' title='bbox 3091 1003 3176 1057; x_wconf 91' lang='lat' dir='ltr'><strong>vel</strong></span> <span class='ocrx_word' id='word_1_171' title='bbox 3226 1005 3416 1060; x_wconf 81' lang='lat' dir='ltr'><strong>audie-</strong></span> 
     </span>
    </p>
   </div>
   <div class='ocr_carea' id='block_1_24' title="bbox 1846 1082 3418 1167">
    <p class='ocr_par' dir='ltr' id='par_1_24' title="bbox 1846 1082 3418 1167">
     <span class='ocr_line' id='line_1_24' title="bbox 1846 1082 3418 1167; baseline 0.011 -32"><span class='ocrx_word' id='word_1_172' title='bbox 1846 1082 1922 1137; x_wconf 85' lang='lat' dir='ltr'><strong>ris</strong></span> <span class='ocrx_word' id='word_1_173' title='bbox 1969 1082 2110 1137; x_wconf 90' lang='lat' dir='ltr'><strong>intra</strong></span> <span class='ocrx_word' id='word_1_174' title='bbox 2133 1098 2338 1154; x_wconf 89' lang='lat' dir='ltr'><strong>paucos</strong></span> <span class='ocrx_word' id='word_1_175' title='bbox 2376 1090 2623 1144; x_wconf 88' lang='lat' dir='ltr'><strong>annosad</strong></span> <span class='ocrx_word' id='word_1_176' title='bbox 2651 1107 2920 1145; x_wconf 86' lang='lat' dir='ltr'><strong>summam</strong></span> <span class='ocrx_word' id='word_1_177' title='bbox 2952 1092 3118 1147; x_wconf 89' lang='lat' dir='ltr'><strong>animi</strong></span> <span class='ocrx_word' id='word_1_178' title='bbox 3152 1099 3418 1167; x_wconf 84' lang='lat' dir='ltr'><strong>tranquil-</strong></span> 
     </span>
    </p>
   </div>
   <div class='ocr_carea' id='block_1_25' title="bbox 1846 1172 3417 1259">
    <p class='ocr_par' dir='ltr' id='par_1_25' title="bbox 1846 1172 3417 1259">
     <span class='ocr_line' id='line_1_25' title="bbox 1846 1172 3417 1259; baseline 0.011 -33"><span class='ocrx_word' id='word_1_179' title='bbox 1846 1172 2050 1228; x_wconf 90' lang='lat' dir='ltr'><strong>litatem</strong></span> <span class='ocrx_word' id='word_1_180' title='bbox 2082 1177 2374 1246; x_wconf 87' lang='lat' dir='ltr'><strong>aspirasse,</strong></span> <span class='ocrx_word' id='word_1_181' title='bbox 2396 1195 2522 1250; x_wconf 32' lang='lat' dir='ltr'><strong>(non</strong></span> <span class='ocrx_word' id='word_1_182' title='bbox 2553 1181 2657 1236; x_wconf 87' lang='lat' dir='ltr'><strong>alia</strong></span> <span class='ocrx_word' id='word_1_183' title='bbox 2688 1183 2836 1236; x_wconf 90' lang='lat' dir='ltr'><strong>illum</strong></span> <span class='ocrx_word' id='word_1_184' title='bbox 2875 1185 2958 1238; x_wconf 90' lang='lat' dir='ltr'><strong>via</strong></span> <span class='ocrx_word' id='word_1_185' title='bbox 3012 1186 3078 1240; x_wconf 92' lang='lat' dir='ltr'><strong>ad</strong></span> <span class='ocrx_word' id='word_1_186' title='bbox 3115 1187 3256 1242; x_wconf 90' lang='lat' dir='ltr'><strong>hanc</strong></span> <span class='ocrx_word' id='word_1_187' title='bbox 3290 1205 3417 1259; x_wconf 87' lang='lat' dir='ltr'><strong>per-</strong></span> 
     </span>
    </p>
   </div>
   <div class='ocr_carea' id='block_1_26' title="bbox 1849 1263 3416 1346">
    <p class='ocr_par' dir='ltr' id='par_1_26' title="bbox 1849 1263 3416 1346">
     <span class='ocr_line' id='line_1_26' title="bbox 1849 1263 3416 1346; baseline 0.013 -30"><span class='ocrx_word' id='word_1_188' title='bbox 1849 1263 2131 1321; x_wconf 80' lang='lat' dir='ltr'><strong>fectionem</strong></span> <span class='ocrx_word' id='word_1_189' title='bbox 2168 1270 2476 1336; x_wconf 85' lang='lat' dir='ltr'><strong>pervenisse</strong></span> <span class='ocrx_word' id='word_1_190' title='bbox 2506 1274 2670 1334; x_wconf 90' lang='lat' dir='ltr'><strong>scias,</strong></span> <span class='ocrx_word' id='word_1_191' title='bbox 2723 1290 2883 1343; x_wconf 86' lang='lat' dir='ltr'><strong>quam</strong></span> <span class='ocrx_word' id='word_1_192' title='bbox 2917 1293 3010 1346; x_wconf 89' lang='lat' dir='ltr'><strong>per</strong></span> <span class='ocrx_word' id='word_1_193' title='bbox 3042 1278 3179 1333; x_wconf 89' lang='lat' dir='ltr'><strong>banc</strong></span> <span class='ocrx_word' id='word_1_194' title='bbox 3203 1280 3416 1336; x_wconf 88' lang='lat' dir='ltr'><strong>beatam</strong></span> 
     </span>
    </p>
   </div>
   <div class='ocr_carea' id='block_1_27' title="bbox 1847 1361 3420 1436">
    <p class='ocr_par' dir='ltr' id='par_1_27' title="bbox 1847 1361 3420 1436">
     <span class='ocr_line' id='line_1_27' title="bbox 1847 1361 3420 1436; baseline 0.013 -27"><span class='ocrx_word' id='word_1_195' title='bbox 1847 1365 1900 1409; x_wconf 91' lang='lat' dir='ltr'><strong>et</strong></span> <span class='ocrx_word' id='word_1_196' title='bbox 1931 1361 2367 1428; x_wconf 79' lang='lat' dir='ltr'><strong>compendiosam</strong></span> <span class='ocrx_word' id='word_1_197' title='bbox 2415 1365 2661 1419; x_wconf 88' lang='lat' dir='ltr'><strong>semitam</strong></span> <span class='ocrx_word' id='word_1_198' title='bbox 2720 1369 3041 1436; x_wconf 80' lang='lat' dir='ltr'><strong>pedestrem.</strong></span> <span class='ocrx_word' id='word_1_199' title='bbox 3101 1369 3264 1427; x_wconf 89' lang='lat' dir='ltr'><strong>Sacra</strong></span> <span class='ocrx_word' id='word_1_200' title='bbox 3304 1374 3420 1430; x_wconf 67' lang='lat' dir='ltr'><strong>hac</strong></span> 
     </span>
    </p>
   </div>
   <div class='ocr_carea' id='block_1_28' title="bbox 1849 1447 3413 1530">
    <p class='ocr_par' dir='ltr' id='par_1_28' title="bbox 1849 1447 3413 1530">
     <span class='ocr_line' id='line_1_28' title="bbox 1849 1447 3413 1530; baseline 0.013 -30"><span class='ocrx_word' id='word_1_201' title='bbox 1849 1447 1969 1517; x_wconf 87' lang='lat' dir='ltr'><strong>biga</strong></span> <span class='ocrx_word' id='word_1_202' title='bbox 2014 1459 2097 1502; x_wconf 91' lang='lat' dir='ltr'><strong>est</strong></span> <span class='ocrx_word' id='word_1_203' title='bbox 2132 1451 2371 1506; x_wconf 90' lang='lat' dir='ltr'><strong>charitas</strong></span> <span class='ocrx_word' id='word_1_204' title='bbox 2407 1463 2460 1507; x_wconf 91' lang='lat' dir='ltr'><strong>et</strong></span> <span class='ocrx_word' id='word_1_205' title='bbox 2493 1456 2804 1520; x_wconf 86' lang='lat' dir='ltr'><strong>humilitas;</strong></span> <span class='ocrx_word' id='word_1_206' title='bbox 2843 1475 2968 1514; x_wconf 88' lang='lat' dir='ltr'><strong>nam</strong></span> <span class='ocrx_word' id='word_1_207' title='bbox 3027 1461 3116 1516; x_wconf 80' lang='lat' dir='ltr'><strong>illa</strong></span> <span class='ocrx_word' id='word_1_208' title='bbox 3190 1465 3413 1530; x_wconf 80' lang='lat' dir='ltr'><strong>cxaltat,</strong></span> 
     </span>
    </p>
   </div>
   <div class='ocr_carea' id='block_1_29' title="bbox 1849 1538 3419 1631">
    <p class='ocr_par' dir='ltr' id='par_1_29' title="bbox 1849 1538 3419 1631">
     <span class='ocr_line' id='line_1_29' title="bbox 1849 1538 3419 1631; baseline 0.014 -40"><span class='ocrx_word' id='word_1_209' title='bbox 1849 1538 1961 1592; x_wconf 73' lang='lat' dir='ltr'><strong>haec</strong></span> <span class='ocrx_word' id='word_1_210' title='bbox 1992 1539 2254 1597; x_wconf 82' lang='lat' dir='ltr'><strong>exaltatos</strong></span> <span class='ocrx_word' id='word_1_211' title='bbox 2287 1559 2354 1597; x_wconf 91' lang='lat' dir='ltr'><strong>ne</strong></span> <span class='ocrx_word' id='word_1_212' title='bbox 2402 1561 2640 1616; x_wconf 89' lang='lat' dir='ltr'><strong>unquam</strong></span> <span class='ocrx_word' id='word_1_213' title='bbox 2715 1550 2986 1616; x_wconf 87' lang='lat' dir='ltr'><strong>decidant,</strong></span> <span class='ocrx_word' id='word_1_214' title='bbox 3039 1562 3206 1631; x_wconf 81' lang='lat' dir='ltr'><strong>tenet.</strong></span> <span class='ocrx_word' id='word_1_215' title='bbox 3256 1556 3419 1614; x_wconf 79' lang='lat' dir='ltr'><strong>Aliud</strong></span> 
     </span>
    </p>
   </div>
   <div class='ocr_carea' id='block_1_30' title="bbox 1847 1633 3419 1707">
    <p class='ocr_par' dir='ltr' id='par_1_30' title="bbox 1847 1633 3419 1707">
     <span class='ocr_line' id='line_1_30' title="bbox 1847 1633 3419 1707; baseline 0.013 -24"><span class='ocrx_word' id='word_1_216' title='bbox 1847 1641 1930 1684; x_wconf 83' lang='lat' dir='ltr'><strong>est</strong></span> <span class='ocrx_word' id='word_1_217' title='bbox 1956 1633 2230 1699; x_wconf 86' lang='lat' dir='ltr'><strong>contritio,</strong></span> <span class='ocrx_word' id='word_1_218' title='bbox 2262 1635 2406 1688; x_wconf 87' lang='lat' dir='ltr'><strong>aliud</strong></span> <span class='ocrx_word' id='word_1_219' title='bbox 2439 1640 2696 1707; x_wconf 90' lang='lat' dir='ltr'><strong>cognitio,</strong></span> <span class='ocrx_word' id='word_1_220' title='bbox 2729 1642 2874 1696; x_wconf 88' lang='lat' dir='ltr'><strong>aliud</strong></span> <span class='ocrx_word' id='word_1_221' title='bbox 2937 1643 3235 1701; x_wconf 88' lang='lat' dir='ltr'><strong>humilitas.</strong></span> <span class='ocrx_word' id='word_1_222' title='bbox 3273 1647 3419 1704; x_wconf 87' lang='lat' dir='ltr'><strong>Con-</strong></span> 
     </span>
    </p>
   </div>
   <div class='ocr_carea' id='block_1_31' title="bbox 1848 1722 3417 1808">
    <p class='ocr_par' dir='ltr' id='par_1_31' title="bbox 1848 1722 3417 1808">
     <span class='ocr_line' id='line_1_31' title="bbox 1848 1722 3417 1808; baseline 0.015 -35"><span class='ocrx_word' id='word_1_223' title='bbox 1848 1722 1997 1775; x_wconf 87' lang='lat' dir='ltr'><strong>trilio</strong></span> <span class='ocrx_word' id='word_1_224' title='bbox 2027 1739 2092 1778; x_wconf 82' lang='lat' dir='ltr'><strong>ex</strong></span> <span class='ocrx_word' id='word_1_225' title='bbox 2145 1739 2276 1780; x_wconf 80' lang='lat' dir='ltr'><strong>casu</strong></span> <span class='ocrx_word' id='word_1_226' title='bbox 2325 1743 2421 1782; x_wconf 92' lang='lat' dir='ltr'><strong>seu</strong></span> <span class='ocrx_word' id='word_1_227' title='bbox 2452 1729 2604 1798; x_wconf 88' lang='lat' dir='ltr'><strong>lapsu</strong></span> <span class='ocrx_word' id='word_1_228' title='bbox 2638 1733 2894 1786; x_wconf 87' lang='lat' dir='ltr'><strong>nascitur.</strong></span> <span class='ocrx_word' id='word_1_229' title='bbox 2922 1733 3056 1789; x_wconf 81' lang='lat' dir='ltr'><strong>Nam</strong></span> <span class='ocrx_word' id='word_1_230' title='bbox 3123 1739 3217 1808; x_wconf 85' lang='lat' dir='ltr'><strong>qui</strong></span> <span class='ocrx_word' id='word_1_231' title='bbox 3247 1740 3417 1807; x_wconf 89' lang='lat' dir='ltr'><strong>cadit,</strong></span> 
     </span>
    </p>
   </div>
   <div class='ocr_carea' id='block_1_32' title="bbox 1850 1815 3415 1896">
    <p class='ocr_par' dir='ltr' id='par_1_32' title="bbox 1850 1815 3415 1896">
     <span class='ocr_line' id='line_1_32' title="bbox 1850 1815 3415 1896; baseline 0.013 -30"><span class='ocrx_word' id='word_1_232' title='bbox 1850 1815 2171 1882; x_wconf 84' lang='lat' dir='ltr'><strong>conteritur,</strong></span> <span class='ocrx_word' id='word_1_233' title='bbox 2201 1826 2254 1872; x_wconf 92' lang='lat' dir='ltr'><strong>et</strong></span> <span class='ocrx_word' id='word_1_234' title='bbox 2283 1819 2401 1873; x_wconf 91' lang='lat' dir='ltr'><strong>sine</strong></span> <span class='ocrx_word' id='word_1_235' title='bbox 2433 1821 2756 1876; x_wconf 89' lang='lat' dir='ltr'><strong>conﬁdentia</strong></span> <span class='ocrx_word' id='word_1_236' title='bbox 2789 1825 2871 1878; x_wconf 89' lang='lat' dir='ltr'><strong>sui</strong></span> <span class='ocrx_word' id='word_1_237' title='bbox 2906 1826 2958 1879; x_wconf 91' lang='lat' dir='ltr'><strong>in</strong></span> <span class='ocrx_word' id='word_1_238' title='bbox 2985 1831 3238 1896; x_wconf 83' lang='lat' dir='ltr'><strong>precibus</strong></span> <span class='ocrx_word' id='word_1_239' title='bbox 3292 1848 3415 1888; x_wconf 88' lang='lat' dir='ltr'><strong>cum</strong></span> 
     </span>
    </p>
   </div>
   <div class='ocr_carea' id='block_1_33' title="bbox 1849 1908 3416 1993">
    <p class='ocr_par' dir='ltr' id='par_1_33' title="bbox 1849 1908 3416 1993">
     <span class='ocr_line' id='line_1_33' title="bbox 1849 1908 3416 1993; baseline 0.011 -34"><span class='ocrx_word' id='word_1_240' title='bbox 1849 1908 2101 1962; x_wconf 86' lang='lat' dir='ltr'><strong>laudabili</strong></span> <span class='ocrx_word' id='word_1_241' title='bbox 2133 1909 2459 1978; x_wconf 88' lang='lat' dir='ltr'><strong>impudentia</strong></span> <span class='ocrx_word' id='word_1_242' title='bbox 2494 1912 2603 1968; x_wconf 89' lang='lat' dir='ltr'><strong>Deo</strong></span> <span class='ocrx_word' id='word_1_243' title='bbox 2631 1925 2792 1980; x_wconf 80' lang='lat' dir='ltr'><strong>astat,</strong></span> <span class='ocrx_word' id='word_1_244' title='bbox 2820 1917 3039 1975; x_wconf 83' lang='lat' dir='ltr'><strong>innixus</strong></span> <span class='ocrx_word' id='word_1_245' title='bbox 3072 1921 3263 1977; x_wconf 90' lang='lat' dir='ltr'><strong>baculo</strong></span> <span class='ocrx_word' id='word_1_246' title='bbox 3280 1925 3416 1993; x_wconf 84' lang='lat' dir='ltr'><strong>spei,</strong></span> 
     </span>
    </p>
   </div>
   <div class='ocr_carea' id='block_1_34' title="bbox 1851 2001 3422 2078">
    <p class='ocr_par' dir='ltr' id='par_1_34' title="bbox 1851 2001 3422 2078">
     <span class='ocr_line' id='line_1_34' title="bbox 1851 2001 3422 2078; baseline 0.013 -27"><span class='ocrx_word' id='word_1_247' title='bbox 1851 2008 2105 2068; x_wconf 90' lang='lat' dir='ltr'><strong>tanquam</strong></span> <span class='ocrx_word' id='word_1_248' title='bbox 2137 2001 2469 2070; x_wconf 75' lang='lat' dir='ltr'><strong>confractus,</strong></span> <span class='ocrx_word' id='word_1_249' title='bbox 2504 2022 2612 2075; x_wconf 90' lang='lat' dir='ltr'><strong>quo</strong></span> <span class='ocrx_word' id='word_1_250' title='bbox 2650 2009 3036 2078; x_wconf 88' lang='lat' dir='ltr'><strong>desperationis</strong></span> <span class='ocrx_word' id='word_1_251' title='bbox 3065 2029 3253 2068; x_wconf 90' lang='lat' dir='ltr'><strong>canem</strong></span> <span class='ocrx_word' id='word_1_252' title='bbox 3306 2017 3422 2071; x_wconf 90' lang='lat' dir='ltr'><strong>abi-</strong></span> 
     </span>
    </p>
   </div>
   <div class='ocr_carea' id='block_1_35' title="bbox 1850 2089 3418 2172">
    <p class='ocr_par' dir='ltr' id='par_1_35' title="bbox 1850 2089 3418 2172">
     <span class='ocr_line' id='line_1_35' title="bbox 1850 2089 3418 2172; baseline 0.01 -31"><span class='ocrx_word' id='word_1_253' title='bbox 1850 2090 1925 2158; x_wconf 89' lang='lat' dir='ltr'><strong>git</strong></span> <span class='ocrx_word' id='word_1_254' title='bbox 1956 2097 2011 2143; x_wconf 92' lang='lat' dir='ltr'><strong>et</strong></span> <span class='ocrx_word' id='word_1_255' title='bbox 2043 2089 2361 2160; x_wconf 84' lang='lat' dir='ltr'><strong>insequitur.</strong></span> <span class='ocrx_word' id='word_1_256' title='bbox 2398 2094 2650 2164; x_wconf 82' lang='lat' dir='ltr'><strong>Cognitio</strong></span> <span class='ocrx_word' id='word_1_257' title='bbox 2677 2105 2761 2151; x_wconf 87' lang='lat' dir='ltr'><strong>est</strong></span> <span class='ocrx_word' id='word_1_258' title='bbox 2820 2098 2972 2152; x_wconf 89' lang='lat' dir='ltr'><strong>ﬁrma</strong></span> <span class='ocrx_word' id='word_1_259' title='bbox 3011 2101 3240 2170; x_wconf 70' lang='lat' dir='ltr'><strong>propria:</strong></span> <span class='ocrx_word' id='word_1_260' title='bbox 3299 2103 3418 2172; x_wconf 84' lang='lat' dir='ltr'><strong>(seu</strong></span> 
     </span>
    </p>
   </div>
   <div class='ocr_carea' id='block_1_36' title="bbox 181 2181 1846 2263">
    <p class='ocr_par' dir='ltr' id='par_1_36' title="bbox 181 2190 1804 2263">
     <span class='ocr_line' id='line_1_36' title="bbox 181 2190 1804 2263; baseline 0.002 -20"><span class='ocrx_word' id='word_1_261' title='bbox 181 2190 435 2262; x_wconf 83' lang='grc' dir='ltr'>μέτρων.</span> <span class='ocrx_word' id='word_1_262' title='bbox 465 2192 558 2243; x_wconf 83' lang='grc' dir='ltr'>καὶ</span> <span class='ocrx_word' id='word_1_263' title='bbox 588 2190 760 2258; x_wconf 70' lang='grc' dir='ltr'>ψιλῶν</span> <span class='ocrx_word' id='word_1_264' title='bbox 789 2191 1145 2260; x_wconf 82' lang='grc' dir='ltr'>πταισμάτων</span> <span class='ocrx_word' id='word_1_265' title='bbox 1186 2191 1531 2262; x_wconf 85' lang='grc' dir='ltr'>ἀρέμϐαστος</span> <span class='ocrx_word' id='word_1_266' title='bbox 1560 2192 1747 2263; x_wconf 81' lang='grc' dir='ltr'><strong>μνήμη</strong></span> <span class='ocrx_word' id='word_1_267' title='bbox 1787 2261 1804 2263; x_wconf 15' lang='grc' dir='ltr'>ξ</span> 
     </span>
    </p>
   </div>
   <div class='ocr_carea' id='block_1_37' title="bbox 1754 2181 3419 2263">
    <p class='ocr_par' dir='ltr' id='par_1_37' title="bbox 1853 2181 3419 2258">
     <span class='ocr_line' id='line_1_37' title="bbox 1853 2181 3419 2258; baseline 0.012 -24"><span class='ocrx_word' id='word_1_268' title='bbox 1853 2181 2188 2255; x_wconf 80' lang='lat' dir='ltr'><strong>facultatum)</strong></span> <span class='ocrx_word' id='word_1_269' title='bbox 2217 2189 2655 2258; x_wconf 81' lang='lat' dir='ltr'><strong>comprehensio,</strong></span> <span class='ocrx_word' id='word_1_270' title='bbox 2687 2200 2739 2246; x_wconf 81' lang='lat' dir='ltr'><strong>et</strong></span> <span class='ocrx_word' id='word_1_271' title='bbox 2770 2192 3126 2250; x_wconf 85' lang='lat' dir='ltr'><strong>intentissima</strong></span> <span class='ocrx_word' id='word_1_272' title='bbox 3153 2196 3313 2251; x_wconf 87' lang='lat' dir='ltr'><strong>etiam</strong></span> <span class='ocrx_word' id='word_1_273' title='bbox 3338 2198 3419 2252; x_wconf 84' lang='lat' dir='ltr'><strong>le-</strong></span> 
     </span>
    </p>
   </div>
   <div class='ocr_carea' id='block_1_38' title="bbox 179 2261 1844 2356">
    <p class='ocr_par' dir='ltr' id='par_1_38' title="bbox 179 2261 1824 2356">
     <span class='ocr_line' id='line_1_38' title="bbox 179 2261 1824 2356; baseline 0 -21"><span class='ocrx_word' id='word_1_274' title='bbox 179 2261 305 2335; x_wconf 13' lang='grc' dir='ltr'>καὶί</span> <span class='ocrx_word' id='word_1_275' title='bbox 331 2281 650 2351; x_wconf 80' lang='grc' dir='ltr'>κατάληψις.</span> <span class='ocrx_word' id='word_1_276' title='bbox 702 2281 1040 2345; x_wconf 90' lang='grc' dir='ltr'>Ταπείνωσίς</span> <span class='ocrx_word' id='word_1_277' title='bbox 1089 2261 1450 2354; x_wconf 14' lang='grc' dir='ltr'>ὲστιίδιδαχὴ</span> <span class='ocrx_word' id='word_1_278' title='bbox 1507 2261 1747 2356; x_wconf 66' lang='grc' dir='ltr'>Χριστοῦ</span> <span class='ocrx_word' id='word_1_279' title='bbox 1784 2261 1824 2316; x_wconf 73' lang='grc' dir='ltr'><strong>Β</strong></span> 
     </span>
    </p>
   </div>
   <div class='ocr_carea' id='block_1_39' title="bbox 1754 2261 3419 2356">
    <p class='ocr_par' dir='ltr' id='par_1_39' title="bbox 1784 2261 3419 2350">
     <span class='ocr_line' id='line_1_39' title="bbox 1784 2261 3419 2350; baseline 0.012 -21"><span class='ocrx_word' id='word_1_280' title='bbox 1784 2261 1824 2316; x_wconf 76' lang='grc' dir='ltr'><strong>Β</strong></span> <span class='ocrx_word' id='word_1_281' title='bbox 1855 2278 2062 2332; x_wconf 89' lang='lat' dir='ltr'><strong>viorum</strong></span> <span class='ocrx_word' id='word_1_282' title='bbox 2105 2280 2404 2350; x_wconf 84' lang='lat' dir='ltr'><strong>lapsionum</strong></span> <span class='ocrx_word' id='word_1_283' title='bbox 2440 2287 2720 2340; x_wconf 81' lang='lat' dir='ltr'><strong>memoria.</strong></span> <span class='ocrx_word' id='word_1_284' title='bbox 2755 2286 3042 2345; x_wconf 86' lang='lat' dir='ltr'><strong>Hnmilitas</strong></span> <span class='ocrx_word' id='word_1_285' title='bbox 3073 2301 3152 2345; x_wconf 90' lang='lat' dir='ltr'><strong>est</strong></span> <span class='ocrx_word' id='word_1_286' title='bbox 3176 2291 3419 2348; x_wconf 80' lang='lat' dir='ltr'><strong>doctrina</strong></span> 
     </span>
    </p>
   </div>
   <div class='ocr_carea' id='block_1_40' title="bbox 181 2373 1750 2446">
    <p class='ocr_par' dir='ltr' id='par_1_40' title="bbox 181 2373 1750 2446">
     <span class='ocr_line' id='line_1_40' title="bbox 181 2373 1750 2446; baseline -0.001 -19"><span class='ocrx_word' id='word_1_287' title='bbox 181 2374 347 2445; x_wconf 78' lang='grc' dir='ltr'>νοερά</span> <span class='ocrx_word' id='word_1_288' title='bbox 375 2373 576 2444; x_wconf 89' lang='grc' dir='ltr'>νοητῶς</span> <span class='ocrx_word' id='word_1_289' title='bbox 606 2375 716 2436; x_wconf 77' lang='grc' dir='ltr'>τοῖς</span> <span class='ocrx_word' id='word_1_290' title='bbox 744 2373 1186 2444; x_wconf 77' lang='grc' dir='ltr'>καταξιουμένοις</span> <span class='ocrx_word' id='word_1_291' title='bbox 1206 2376 1264 2427; x_wconf 84' lang='grc' dir='ltr'><strong>έν</strong></span> <span class='ocrx_word' id='word_1_292' title='bbox 1291 2373 1368 2444; x_wconf 84' lang='grc' dir='ltr'>τῷ</span> <span class='ocrx_word' id='word_1_293' title='bbox 1396 2375 1626 2446; x_wconf 83' lang='grc' dir='ltr'>ταμιείῳ</span> <span class='ocrx_word' id='word_1_294' title='bbox 1651 2375 1750 2445; x_wconf 82' lang='grc' dir='ltr'>τῆς</span> 
     </span>
    </p>
   </div>
   <div class='ocr_carea' id='block_1_41' title="bbox 177 2463 1751 2536">
    <p class='ocr_par' dir='ltr' id='par_1_41' title="bbox 177 2463 1751 2536">
     <span class='ocr_line' id='line_1_41' title="bbox 177 2463 1751 2536; baseline -0.012 2"><span class='ocrx_word' id='word_1_295' title='bbox 177 2465 365 2536; x_wconf 68' lang='grc' dir='ltr'>ψυχῆς</span> <span class='ocrx_word' id='word_1_296' title='bbox 419 2465 862 2536; x_wconf 68' lang='grc' dir='ltr'>θαλάμευομένη,</span> <span class='ocrx_word' id='word_1_297' title='bbox 910 2466 1004 2518; x_wconf 79' lang='grc' dir='ltr'><strong>καὶ</strong></span> <span class='ocrx_word' id='word_1_298' title='bbox 1053 2465 1232 2534; x_wconf 78' lang='grc' dir='ltr'>λόγοις</span> <span class='ocrx_word' id='word_1_299' title='bbox 1285 2467 1558 2536; x_wconf 79' lang='grc' dir='ltr'>αἰσθητοῖς</span> <span class='ocrx_word' id='word_1_300' title='bbox 1615 2463 1751 2520; x_wconf 80' lang='grc' dir='ltr'>οὖσα</span> 
     </span>
    </p>
   </div>
   <div class='ocr_carea' id='block_1_42' title="bbox 179 2556 1753 2630">
    <p class='ocr_par' dir='ltr' id='par_1_42' title="bbox 179 2556 1753 2630">
     <span class='ocr_line' id='line_1_42' title="bbox 179 2556 1753 2630; baseline 0.001 -20"><span class='ocrx_word' id='word_1_301' title='bbox 179 2558 498 2628; x_wconf 85' lang='grc' dir='ltr'>ἀπρόσιτος.</span> <span class='ocrx_word' id='word_1_302' title='bbox 537 2557 594 2608; x_wconf 80' lang='grc'><strong>’0</strong></span> <span class='ocrx_word' id='word_1_303' title='bbox 625 2557 775 2621; x_wconf 33' lang='grc' dir='ltr'>,ὅλως</span> <span class='ocrx_word' id='word_1_304' title='bbox 814 2557 992 2627; x_wconf 81' lang='grc' dir='ltr'>ὀσμῆς</span> <span class='ocrx_word' id='word_1_305' title='bbox 1041 2556 1135 2609; x_wconf 85' lang='grc' dir='ltr'><strong>τοῦ</strong></span> <span class='ocrx_word' id='word_1_306' title='bbox 1185 2557 1423 2612; x_wconf 80' lang='grc' dir='ltr'>τοιούτου</span> <span class='ocrx_word' id='word_1_307' title='bbox 1469 2559 1640 2630; x_wconf 85' lang='grc' dir='ltr'>μύρου</span> <span class='ocrx_word' id='word_1_308' title='bbox 1693 2561 1753 2612; x_wconf 71' lang='grc' dir='ltr'>ἐν</span> 
     </span>
    </p>
   </div>
   <div class='ocr_carea' id='block_1_43' title="bbox 179 2648 1766 2730">
    <p class='ocr_par' dir='ltr' id='par_1_43' title="bbox 179 2648 1766 2730">
     <span class='ocr_line' id='line_1_43' title="bbox 179 2648 1766 2730; baseline 0.001 -28"><span class='ocrx_word' id='word_1_309' title='bbox 179 2648 368 2719; x_wconf 79' lang='grc' dir='ltr'>ἑαυτῷ</span> <span class='ocrx_word' id='word_1_310' title='bbox 395 2649 670 2702; x_wconf 72' lang='grc' dir='ltr'>αἰσθέσθαι</span> <span class='ocrx_word' id='word_1_311' title='bbox 704 2649 897 2716; x_wconf 90' lang='grc' dir='ltr'>λέγων,</span> <span class='ocrx_word' id='word_1_312' title='bbox 933 2651 1028 2702; x_wconf 80' lang='grc' dir='ltr'><strong>καὶ</strong></span> <span class='ocrx_word' id='word_1_313' title='bbox 1054 2649 1112 2701; x_wconf 83' lang='grc' dir='ltr'>ὲν</span> <span class='ocrx_word' id='word_1_314' title='bbox 1139 2648 1316 2721; x_wconf 85' lang='grc' dir='ltr'>καιρῷ</span> <span class='ocrx_word' id='word_1_315' title='bbox 1339 2651 1602 2712; x_wconf 75' lang='grc' dir='ltr'>ἐπαίνων,</span> <span class='ocrx_word' id='word_1_316' title='bbox 1646 2653 1766 2730; x_wconf 72' lang='grc' dir='ltr'><strong>κᾶν</strong></span> 
     </span>
    </p>
   </div>
   <div class='ocr_carea' id='block_1_44' title="bbox 181 2739 1746 2812">
    <p class='ocr_par' dir='ltr' id='par_1_44' title="bbox 181 2739 1746 2812">
     <span class='ocr_line' id='line_1_44' title="bbox 181 2739 1746 2812; baseline 0.003 -21"><span class='ocrx_word' id='word_1_317' title='bbox 181 2739 326 2810; x_wconf 77' lang='grc' dir='ltr'>πρὸς</span> <span class='ocrx_word' id='word_1_318' title='bbox 350 2741 520 2810; x_wconf 71' lang='grc' dir='ltr'>βραχὺ</span> <span class='ocrx_word' id='word_1_319' title='bbox 547 2741 642 2810; x_wconf 78' lang='grc' dir='ltr'>τὴν</span> <span class='ocrx_word' id='word_1_320' title='bbox 687 2740 910 2810; x_wconf 79' lang='grc' dir='ltr'>καρδίαν</span> <span class='ocrx_word' id='word_1_321' title='bbox 941 2741 1250 2811; x_wconf 90' lang='grc' dir='ltr'>κινούμενος</span> <span class='ocrx_word' id='word_1_322' title='bbox 1281 2758 1293 2771; x_wconf 91' lang='grc'><strong>·</strong></span> <span class='ocrx_word' id='word_1_323' title='bbox 1332 2742 1364 2812; x_wconf 81' lang='grc' dir='ltr'>ἢ</span> <span class='ocrx_word' id='word_1_324' title='bbox 1399 2743 1496 2812; x_wconf 83' lang='grc' dir='ltr'><strong>τὴν</strong></span> <span class='ocrx_word' id='word_1_325' title='bbox 1522 2741 1630 2794; x_wconf 85' lang='grc' dir='ltr'><strong>τῶν</strong></span> <span class='ocrx_word' id='word_1_326' title='bbox 1656 2743 1746 2796; x_wconf 86' lang='grc' dir='ltr'>λό-</span> 
     </span>
    </p>
   </div>
   <div class='ocr_carea' id='block_1_45' title="bbox 179 2832 1752 2905">
    <p class='ocr_par' dir='ltr' id='par_1_45' title="bbox 179 2832 1752 2905">
     <span class='ocr_line' id='line_1_45' title="bbox 179 2832 1752 2905; baseline 0.002 -20"><span class='ocrx_word' id='word_1_327' title='bbox 179 2850 303 2900; x_wconf 86' lang='grc' dir='ltr'><strong>γων</strong></span> <span class='ocrx_word' id='word_1_328' title='bbox 332 2833 562 2903; x_wconf 89' lang='grc' dir='ltr'>δύναμιν</span> <span class='ocrx_word' id='word_1_329' title='bbox 585 2832 946 2902; x_wconf 81' lang='grc' dir='ltr'>ἐπιστάμενος</span> <span class='ocrx_word' id='word_1_330' title='bbox 981 2832 1114 2904; x_wconf 88' lang='grc'>(22),</span> <span class='ocrx_word' id='word_1_331' title='bbox 1151 2837 1226 2904; x_wconf 84' lang='grc' dir='ltr'>μὴ</span> <span class='ocrx_word' id='word_1_332' title='bbox 1264 2834 1508 2905; x_wconf 80' lang='grc' dir='ltr'>πλανηθῇ</span> <span class='ocrx_word' id='word_1_333' title='bbox 1541 2835 1752 2888; x_wconf 87' lang='grc' dir='ltr'>πεπλά-</span> 
     </span>
    </p>
   </div>
   <div class='ocr_carea' id='block_1_46' title="bbox 179 2923 1751 2999">
    <p class='ocr_par' dir='ltr' id='par_1_46' title="bbox 179 2923 1751 2999">
     <span class='ocr_line' id='line_1_46' title="bbox 179 2923 1751 2999; baseline 0.003 -23"><span class='ocrx_word' id='word_1_334' title='bbox 179 2940 346 2993; x_wconf 83' lang='grc' dir='ltr'>νηται</span> <span class='ocrx_word' id='word_1_335' title='bbox 379 2941 392 2954; x_wconf 74' lang='grc'><em>’</em></span> <span class='ocrx_word' id='word_1_336' title='bbox 428 2923 524 2989; x_wconf 82' lang='grc' dir='ltr'><strong>Μὴ</strong></span> <span class='ocrx_word' id='word_1_337' title='bbox 557 2924 716 2992; x_wconf 77' lang='grc' dir='ltr'>ἡμῖν,</span> <span class='ocrx_word' id='word_1_338' title='bbox 742 2925 938 2992; x_wconf 80' lang='grc' dir='ltr'>Κύριε,</span> <span class='ocrx_word' id='word_1_339' title='bbox 973 2924 1060 2994; x_wconf 77' lang='grc' dir='ltr'>μὴ</span> <span class='ocrx_word' id='word_1_340' title='bbox 1093 2925 1257 2994; x_wconf 75' lang='grc' dir='ltr'>ἡμῖν,</span> <span class='ocrx_word' id='word_1_341' title='bbox 1292 2927 1348 2978; x_wconf 85' lang='grc' dir='ltr'><strong>ἐν</strong></span> <span class='ocrx_word' id='word_1_342' title='bbox 1380 2927 1626 2999; x_wconf 83' lang='grc' dir='ltr'>αἰσθήσει</span> <span class='ocrx_word' id='word_1_343' title='bbox 1652 2927 1751 2996; x_wconf 78' lang='grc' dir='ltr'><strong>ψυ-</strong></span> 
     </span>
    </p>
   </div>
   <div class='ocr_carea' id='block_1_47' title="bbox 179 3015 1751 3088">
    <p class='ocr_par' dir='ltr' id='par_1_47' title="bbox 179 3015 1751 3088">
     <span class='ocr_line' id='line_1_47' title="bbox 179 3015 1751 3088; baseline 0.001 -20"><span class='ocrx_word' id='word_1_344' title='bbox 179 3017 288 3085; x_wconf 82' lang='grc' dir='ltr'><strong>χῆς</strong></span> <span class='ocrx_word' id='word_1_345' title='bbox 311 3032 452 3077; x_wconf 85' lang='grc' dir='ltr'>τινος</span> <span class='ocrx_word' id='word_1_346' title='bbox 481 3016 691 3085; x_wconf 82' lang='grc' dir='ltr'>ἀκήκοα</span> <span class='ocrx_word' id='word_1_347' title='bbox 713 3015 958 3083; x_wconf 83' lang='grc' dir='ltr'>λέγοντος</span> <span class='ocrx_word' id='word_1_348' title='bbox 988 3033 1000 3046; x_wconf 75' lang='grc' dir='ltr'><strong><em>ο</em></strong></span> <span class='ocrx_word' id='word_1_349' title='bbox 1027 3015 1167 3070; x_wconf 74' lang='grc' dir='ltr'><strong>ἀλλ’</strong></span> <span class='ocrx_word' id='word_1_350' title='bbox 1193 3017 1231 3085; x_wconf 78' lang='grc' dir='ltr'><em>ἢ</em></span> <span class='ocrx_word' id='word_1_351' title='bbox 1260 3016 1340 3070; x_wconf 78' lang='grc' dir='ltr'>τῶ</span> <span class='ocrx_word' id='word_1_352' title='bbox 1366 3019 1610 3088; x_wconf 82' lang='grc' dir='ltr'>ὀνόματί</span> <span class='ocrx_word' id='word_1_353' title='bbox 1635 3033 1751 3074; x_wconf 83' lang='grc' dir='ltr'>σου</span> 
     </span>
    </p>
   </div>
   <div class='ocr_carea' id='block_1_48' title="bbox 177 3102 1750 3181">
    <p class='ocr_par' dir='ltr' id='par_1_48' title="bbox 177 3102 1750 3181">
     <span class='ocr_line' id='line_1_48' title="bbox 177 3102 1750 3181; baseline 0.006 -26"><span class='ocrx_word' id='word_1_354' title='bbox 177 3105 295 3170; x_wconf 78' lang='grc' dir='ltr'>δὸς</span> <span class='ocrx_word' id='word_1_355' title='bbox 322 3102 528 3168; x_wconf 78' lang='grc' dir='ltr'>δόξαν.</span> <span class='ocrx_word' id='word_1_356' title='bbox 567 3106 855 3172; x_wconf 86' lang='grc' dir='ltr'>Ἑγίνωσκε</span> <span class='ocrx_word' id='word_1_357' title='bbox 884 3107 992 3176; x_wconf 70' lang='grc' dir='ltr'><strong>γὰρ</strong></span> <span class='ocrx_word' id='word_1_358' title='bbox 1019 3105 1117 3176; x_wconf 84' lang='grc' dir='ltr'>τὴν</span> <span class='ocrx_word' id='word_1_359' title='bbox 1141 3107 1321 3174; x_wconf 86' lang='grc' dir='ltr'>φύσιν,</span> <span class='ocrx_word' id='word_1_360' title='bbox 1356 3109 1430 3179; x_wconf 79' lang='grc' dir='ltr'>μὴ</span> <span class='ocrx_word' id='word_1_361' title='bbox 1460 3109 1534 3172; x_wconf 87' lang='grc' dir='ltr'>ὼς</span> <span class='ocrx_word' id='word_1_362' title='bbox 1563 3111 1750 3181; x_wconf 72' lang='grc' dir='ltr'>ἔτυχεν</span> 
     </span>
    </p>
   </div>
   <div class='ocr_carea' id='block_1_49' title="bbox 179 3197 1751 3269">
    <p class='ocr_par' dir='ltr' id='par_1_49' title="bbox 179 3197 1751 3269">
     <span class='ocr_line' id='line_1_49' title="bbox 179 3197 1751 3269; baseline 0.01 -26"><span class='ocrx_word' id='word_1_363' title='bbox 179 3197 242 3260; x_wconf 79' lang='grc' dir='ltr'>ἐξ</span> <span class='ocrx_word' id='word_1_364' title='bbox 269 3197 469 3264; x_wconf 75' lang='grc' dir='ltr'>ἑαυτῆς</span> <span class='ocrx_word' id='word_1_365' title='bbox 498 3197 710 3267; x_wconf 81' lang='grc' dir='ltr'>ἀϐλαϐῆ</span> <span class='ocrx_word' id='word_1_366' title='bbox 750 3197 1048 3266; x_wconf 86' lang='grc' dir='ltr'>διαμένειν.</span> <span class='ocrx_word' id='word_1_367' title='bbox 1096 3199 1258 3266; x_wconf 81' lang='grc' dir='ltr'>Παρὰ</span> <span class='ocrx_word' id='word_1_368' title='bbox 1301 3200 1398 3252; x_wconf 70' lang='grc' dir='ltr'>σοι</span> <span class='ocrx_word' id='word_1_369' title='bbox 1441 3203 1473 3254; x_wconf 86' lang='grc' dir='ltr'><strong><em>ό</em></strong></span> <span class='ocrx_word' id='word_1_370' title='bbox 1508 3202 1751 3269; x_wconf 76' lang='grc' dir='ltr'>ἔπαινός</span> 
     </span>
    </p>
   </div>
   <div class='ocr_carea' id='block_1_50' title="bbox 177 3287 1752 3366">
    <p class='ocr_par' dir='ltr' id='par_1_50' title="bbox 177 3287 1752 3366">
     <span class='ocr_line' id='line_1_50' title="bbox 177 3287 1752 3366; baseline 0.004 -24"><span class='ocrx_word' id='word_1_371' title='bbox 177 3305 303 3357; x_wconf 79' lang='grc' dir='ltr'>μου</span> <span class='ocrx_word' id='word_1_372' title='bbox 333 3292 404 3342; x_wconf 77' lang='grc' dir='ltr'><strong><em>ἐν</em></strong></span> <span class='ocrx_word' id='word_1_373' title='bbox 452 3290 748 3355; x_wconf 73' lang='grc' dir='ltr'>ἐκκλησίᾳ</span> <span class='ocrx_word' id='word_1_374' title='bbox 777 3287 1032 3358; x_wconf 68' lang='grc' dir='ltr'>μεγάλῃ,</span> <span class='ocrx_word' id='word_1_375' title='bbox 1075 3291 1133 3341; x_wconf 83' lang='grc' dir='ltr'>ὲν</span> <span class='ocrx_word' id='word_1_376' title='bbox 1177 3290 1256 3360; x_wconf 81' lang='grc' dir='ltr'>τῷ</span> <span class='ocrx_word' id='word_1_377' title='bbox 1315 3291 1578 3359; x_wconf 87' lang='grc' dir='ltr'>μέλλοντι.</span> <span class='ocrx_word' id='word_1_378' title='bbox 1639 3296 1752 3366; x_wconf 83' lang='grc' dir='ltr'><strong>Πρὸ</strong></span> 
     </span>
    </p>
   </div>
   <div class='ocr_carea' id='block_1_51' title="bbox 178 3370 1751 3459">
    <p class='ocr_par' dir='ltr' id='par_1_51' title="bbox 178 3370 1751 3459">
     <span class='ocr_line' id='line_1_51' title="bbox 178 3370 1751 3459; baseline 0.004 -25"><span class='ocrx_word' id='word_1_379' title='bbox 178 3370 319 3451; x_wconf 78' lang='grc' dir='ltr'><strong>γάρ</strong></span> <span class='ocrx_word' id='word_1_380' title='bbox 347 3381 576 3444; x_wconf 74' lang='grc' dir='ltr'>ἐκείνου,</span> <span class='ocrx_word' id='word_1_381' title='bbox 626 3379 828 3449; x_wconf 89' lang='grc' dir='ltr'>ταύτην</span> <span class='ocrx_word' id='word_1_382' title='bbox 879 3379 1193 3454; x_wconf 79' lang='grc' dir='ltr'>[εὐφημίαν]</span> <span class='ocrx_word' id='word_1_383' title='bbox 1229 3384 1526 3450; x_wconf 85' lang='grc' dir='ltr'>ἀκινδύνως</span> <span class='ocrx_word' id='word_1_384' title='bbox 1565 3387 1751 3459; x_wconf 86' lang='grc' dir='ltr'>φέρειν</span> 
     </span>
    </p>
   </div>
   <div class='ocr_carea' id='block_1_52' title="bbox 175 3472 1750 3546">
    <p class='ocr_par' dir='ltr' id='par_1_52' title="bbox 175 3472 1750 3546">
     <span class='ocr_line' id='line_1_52' title="bbox 175 3472 1750 3546; baseline 0.006 -21"><span class='ocrx_word' id='word_1_385' title='bbox 175 3475 242 3525; x_wconf 85' lang='grc' dir='ltr'><strong>οὑ</strong></span> <span class='ocrx_word' id='word_1_386' title='bbox 273 3472 528 3541; x_wconf 85' lang='grc' dir='ltr'>δύναμαι.</span> <span class='ocrx_word' id='word_1_387' title='bbox 570 3473 629 3524; x_wconf 75' lang='lat' dir='ltr'><strong>Ei</strong></span> <span class='ocrx_word' id='word_1_388' title='bbox 678 3473 832 3524; x_wconf 77' lang='grc' dir='ltr'>τοῦτο</span> <span class='ocrx_word' id='word_1_389' title='bbox 873 3473 1016 3541; x_wconf 79' lang='grc' dir='ltr'>ὅρος,</span> <span class='ocrx_word' id='word_1_390' title='bbox 1056 3474 1150 3526; x_wconf 73' lang='grc' dir='ltr'><strong>καὶ</strong></span> <span class='ocrx_word' id='word_1_391' title='bbox 1195 3475 1370 3544; x_wconf 86' lang='grc' dir='ltr'>λόγος,</span> <span class='ocrx_word' id='word_1_392' title='bbox 1417 3479 1511 3532; x_wconf 79' lang='grc' dir='ltr'><strong>καὶ</strong></span> <span class='ocrx_word' id='word_1_393' title='bbox 1553 3480 1750 3546; x_wconf 84' lang='grc' dir='ltr'>τρόπος</span> 
     </span>
    </p>
   </div>
   <div class='ocr_carea' id='block_1_53' title="bbox 1853 2367 3422 2455">
    <p class='ocr_par' dir='ltr' id='par_1_53' title="bbox 1853 2367 3422 2455">
     <span class='ocr_line' id='line_1_53' title="bbox 1853 2367 3422 2455; baseline 0.01 -31"><span class='ocrx_word' id='word_1_394' title='bbox 1853 2367 2055 2426; x_wconf 88' lang='lat' dir='ltr'><strong>Christi</strong></span> <span class='ocrx_word' id='word_1_395' title='bbox 2087 2388 2191 2443; x_wconf 90' lang='lat' dir='ltr'><strong>qua</strong></span> <span class='ocrx_word' id='word_1_396' title='bbox 2218 2375 2514 2444; x_wconf 80' lang='lat' dir='ltr'><strong>spiritualis</strong></span> <span class='ocrx_word' id='word_1_397' title='bbox 2545 2379 2792 2432; x_wconf 89' lang='lat' dir='ltr'><strong>eruditur</strong></span> <span class='ocrx_word' id='word_1_398' title='bbox 2817 2381 2886 2435; x_wconf 93' lang='lat' dir='ltr'><strong>ab</strong></span> <span class='ocrx_word' id='word_1_399' title='bbox 2914 2382 2980 2436; x_wconf 91' lang='lat' dir='ltr'><strong>iis</strong></span> <span class='ocrx_word' id='word_1_400' title='bbox 3006 2384 3096 2453; x_wconf 87' lang='lat' dir='ltr'><strong>qui</strong></span> <span class='ocrx_word' id='word_1_401' title='bbox 3129 2385 3272 2455; x_wconf 85' lang='lat' dir='ltr'><strong>digni</strong></span> <span class='ocrx_word' id='word_1_402' title='bbox 3293 2395 3422 2440; x_wconf 87' lang='lat' dir='ltr'><strong>sunt</strong></span> 
     </span>
    </p>
   </div>
   <div class='ocr_carea' id='block_1_54' title="bbox 1851 2465 3418 2549">
    <p class='ocr_par' dir='ltr' id='par_1_54' title="bbox 1851 2465 3418 2549">
     <span class='ocr_line' id='line_1_54' title="bbox 1851 2465 3418 2549; baseline 0.011 -33"><span class='ocrx_word' id='word_1_403' title='bbox 1851 2465 2276 2533; x_wconf 88' lang='lat' dir='ltr'><strong>comprehensa;</strong></span> <span class='ocrx_word' id='word_1_404' title='bbox 2307 2483 2535 2538; x_wconf 67' lang='lat' dir='ltr'><strong>quaeque</strong></span> <span class='ocrx_word' id='word_1_405' title='bbox 2562 2471 2614 2524; x_wconf 93' lang='lat' dir='ltr'><strong>in</strong></span> <span class='ocrx_word' id='word_1_406' title='bbox 2642 2473 2882 2526; x_wconf 86' lang='lat' dir='ltr'><strong>conclavi</strong></span> <span class='ocrx_word' id='word_1_407' title='bbox 2911 2474 3106 2530; x_wconf 70' lang='lat' dir='ltr'><strong>animae</strong></span> <span class='ocrx_word' id='word_1_408' title='bbox 3160 2487 3418 2549; x_wconf 89' lang='lat' dir='ltr'><strong>tanquam</strong></span> 
     </span>
    </p>
   </div>
   <div class='ocr_carea' id='block_1_55' title="bbox 1851 2554 3420 2640">
    <p class='ocr_par' dir='ltr' id='par_1_55' title="bbox 1851 2554 3420 2640">
     <span class='ocr_line' id='line_1_55' title="bbox 1851 2554 3420 2640; baseline 0.011 -34"><span class='ocrx_word' id='word_1_409' title='bbox 1851 2554 2088 2609; x_wconf 89' lang='lat' dir='ltr'><strong>thalamo</strong></span> <span class='ocrx_word' id='word_1_410' title='bbox 2118 2558 2390 2612; x_wconf 83' lang='lat' dir='ltr'><strong>recondita</strong></span> <span class='ocrx_word' id='word_1_411' title='bbox 2432 2570 2612 2614; x_wconf 86' lang='lat' dir='ltr'><strong>manet</strong></span> <span class='ocrx_word' id='word_1_412' title='bbox 2647 2564 2902 2618; x_wconf 89' lang='lat' dir='ltr'><strong>omnibus</strong></span> <span class='ocrx_word' id='word_1_413' title='bbox 2936 2581 3056 2635; x_wconf 78' lang='lat' dir='ltr'><strong>quae</strong></span> <span class='ocrx_word' id='word_1_414' title='bbox 3102 2582 3263 2623; x_wconf 89' lang='lat' dir='ltr'><strong>sensu</strong></span> <span class='ocrx_word' id='word_1_415' title='bbox 3296 2585 3420 2640; x_wconf 88' lang='lat' dir='ltr'><strong>per-</strong></span> 
     </span>
    </p>
   </div>
   <div class='ocr_carea' id='block_1_56' title="bbox 1851 2646 3422 2729">
    <p class='ocr_par' dir='ltr' id='par_1_56' title="bbox 1851 2646 3422 2729">
     <span class='ocr_line' id='line_1_56' title="bbox 1851 2646 3422 2729; baseline 0.011 -30"><span class='ocrx_word' id='word_1_416' title='bbox 1851 2646 2124 2715; x_wconf 89' lang='lat' dir='ltr'><strong>cipiuntur</strong></span> <span class='ocrx_word' id='word_1_417' title='bbox 2161 2651 2338 2705; x_wconf 76' lang='lat' dir='ltr'><strong>verbis</strong></span> <span class='ocrx_word' id='word_1_418' title='bbox 2369 2653 2678 2708; x_wconf 80' lang='lat' dir='ltr'><strong>ineﬂ&#39;abilis.</strong></span> <span class='ocrx_word' id='word_1_419' title='bbox 2709 2654 2809 2721; x_wconf 88' lang='lat' dir='ltr'><strong>Qui</strong></span> <span class='ocrx_word' id='word_1_420' title='bbox 2845 2671 2903 2711; x_wconf 85' lang='lat' dir='ltr'><strong>se</strong></span> <span class='ocrx_word' id='word_1_421' title='bbox 2932 2659 3154 2712; x_wconf 89' lang='lat' dir='ltr'><strong>omnino</strong></span> <span class='ocrx_word' id='word_1_422' title='bbox 3178 2658 3422 2729; x_wconf 80' lang='lat' dir='ltr'><strong>fragran-</strong></span> 
     </span>
    </p>
   </div>
   <div class='ocr_carea' id='block_1_57' title="bbox 1851 2739 3423 2818">
    <p class='ocr_par' dir='ltr' id='par_1_57' title="bbox 1851 2739 3423 2818">
     <span class='ocr_line' id='line_1_57' title="bbox 1851 2739 3423 2818; baseline 0.01 -27"><span class='ocrx_word' id='word_1_423' title='bbox 1851 2739 1980 2791; x_wconf 86' lang='lat' dir='ltr'><strong>tiam</strong></span> <span class='ocrx_word' id='word_1_424' title='bbox 2011 2739 2172 2808; x_wconf 86' lang='lat' dir='ltr'><strong>hujus</strong></span> <span class='ocrx_word' id='word_1_425' title='bbox 2207 2743 2464 2812; x_wconf 79' lang='lat' dir='ltr'><strong>unguenti</strong></span> <span class='ocrx_word' id='word_1_426' title='bbox 2493 2747 2694 2801; x_wconf 88' lang='lat' dir='ltr'><strong>sentire</strong></span> <span class='ocrx_word' id='word_1_427' title='bbox 2728 2748 2779 2800; x_wconf 91' lang='lat' dir='ltr'><strong>in</strong></span> <span class='ocrx_word' id='word_1_428' title='bbox 2813 2764 2870 2803; x_wconf 90' lang='lat' dir='ltr'><strong>se</strong></span> <span class='ocrx_word' id='word_1_429' title='bbox 2908 2750 3026 2818; x_wconf 90' lang='lat' dir='ltr'><strong>ipso</strong></span> <span class='ocrx_word' id='word_1_430' title='bbox 3052 2751 3202 2816; x_wconf 88' lang='lat' dir='ltr'><strong>dicit,</strong></span> <span class='ocrx_word' id='word_1_431' title='bbox 3229 2763 3282 2807; x_wconf 91' lang='lat' dir='ltr'><strong>et</strong></span> <span class='ocrx_word' id='word_1_432' title='bbox 3341 2754 3423 2806; x_wconf 85' lang='lat' dir='ltr'><strong>in-</strong></span> 
     </span>
    </p>
   </div>
   <div class='ocr_carea' id='block_1_58' title="bbox 1852 2830 3422 2908">
    <p class='ocr_par' dir='ltr' id='par_1_58' title="bbox 1852 2830 3422 2908">
     <span class='ocr_line' id='line_1_58' title="bbox 1852 2830 3422 2908; baseline 0.011 -26"><span class='ocrx_word' id='word_1_433' title='bbox 1852 2831 2005 2883; x_wconf 87' lang='lat' dir='ltr'><strong>terim</strong></span> <span class='ocrx_word' id='word_1_434' title='bbox 2053 2830 2327 2898; x_wconf 88' lang='lat' dir='ltr'><strong>laudibus,</strong></span> <span class='ocrx_word' id='word_1_435' title='bbox 2360 2836 2461 2889; x_wconf 90' lang='lat' dir='ltr'><strong>etsi</strong></span> <span class='ocrx_word' id='word_1_436' title='bbox 2494 2839 2648 2905; x_wconf 83' lang='lat' dir='ltr'><strong>quasi</strong></span> <span class='ocrx_word' id='word_1_437' title='bbox 2675 2854 2770 2908; x_wconf 90' lang='lat' dir='ltr'><strong>per</strong></span> <span class='ocrx_word' id='word_1_438' title='bbox 2805 2851 3160 2908; x_wconf 87' lang='lat' dir='ltr'><strong>momentum,</strong></span> <span class='ocrx_word' id='word_1_439' title='bbox 3192 2845 3247 2897; x_wconf 92' lang='lat' dir='ltr'><strong>in</strong></span> <span class='ocrx_word' id='word_1_440' title='bbox 3304 2847 3422 2900; x_wconf 89' lang='lat' dir='ltr'><strong>ani-</strong></span> 
     </span>
    </p>
   </div>
   <div class='ocr_carea' id='block_1_59' title="bbox 1852 2930 3422 3004">
    <p class='ocr_par' dir='ltr' id='par_1_59' title="bbox 1852 2930 3422 3004">
     <span class='ocr_line' id='line_1_59' title="bbox 1852 2930 3422 3004; baseline 0.011 -31"><span class='ocrx_word' id='word_1_441' title='bbox 1852 2936 1942 2974; x_wconf 91' lang='lat' dir='ltr'><strong>mo</strong></span> <span class='ocrx_word' id='word_1_442' title='bbox 1974 2934 2335 2990; x_wconf 86' lang='lat' dir='ltr'><strong>permovetur,</strong></span> <span class='ocrx_word' id='word_1_443' title='bbox 2364 2937 2457 2980; x_wconf 90' lang='lat' dir='ltr'><strong>aut</strong></span> <span class='ocrx_word' id='word_1_444' title='bbox 2489 2930 2596 2982; x_wconf 88' lang='lat' dir='ltr'><strong>vim</strong></span> <span class='ocrx_word' id='word_1_445' title='bbox 2627 2931 2916 2985; x_wconf 88' lang='lat' dir='ltr'><strong>verborum</strong></span> <span class='ocrx_word' id='word_1_446' title='bbox 2949 2933 3218 3004; x_wconf 87' lang='lat' dir='ltr'><strong>intelligit,</strong></span> <span class='ocrx_word' id='word_1_447' title='bbox 3257 2936 3303 2991; x_wconf 88' lang='lat' dir='ltr'><strong>is</strong></span> <span class='ocrx_word' id='word_1_448' title='bbox 3353 2954 3422 2993; x_wconf 91' lang='lat' dir='ltr'><strong>ne</strong></span> 
     </span>
    </p>
   </div>
   <div class='ocr_carea' id='block_1_60' title="bbox 1853 3015 3421 3093">
    <p class='ocr_par' dir='ltr' id='par_1_60' title="bbox 1853 3015 3421 3093">
     <span class='ocr_line' id='line_1_60' title="bbox 1853 3015 3421 3093; baseline 0.011 -28"><span class='ocrx_word' id='word_1_449' title='bbox 1853 3024 2014 3078; x_wconf 82' lang='lat' dir='ltr'><strong>erret,</strong></span> <span class='ocrx_word' id='word_1_450' title='bbox 2043 3015 2155 3083; x_wconf 89' lang='lat' dir='ltr'><strong>jam</strong></span> <span class='ocrx_word' id='word_1_451' title='bbox 2187 3018 2442 3087; x_wconf 83' lang='lat' dir='ltr'><strong>deceptus</strong></span> <span class='ocrx_word' id='word_1_452' title='bbox 2468 3032 2588 3074; x_wconf 86' lang='lat' dir='ltr'><strong>est:</strong></span> <span class='ocrx_word' id='word_1_453' title='bbox 2651 3021 2775 3077; x_wconf 88' lang='lat' dir='ltr'><strong>Non</strong></span> <span class='ocrx_word' id='word_1_454' title='bbox 2827 3026 2996 3083; x_wconf 79' lang='lat' dir='ltr'><strong>nobis.</strong></span> <span class='ocrx_word' id='word_1_455' title='bbox 3049 3025 3289 3093; x_wconf 80' lang='lat' dir='ltr'><strong>Domine,</strong></span> <span class='ocrx_word' id='word_1_456' title='bbox 3318 3046 3421 3084; x_wconf 72' lang='lat' dir='ltr'><strong>non</strong></span> 
     </span>
    </p>
   </div>
   <div class='ocr_carea' id='block_1_61' title="bbox 1853 3101 3420 3186">
    <p class='ocr_par' dir='ltr' id='par_1_61' title="bbox 1853 3101 3420 3186">
     <span class='ocr_line' id='line_1_61' title="bbox 1853 3101 3420 3186; baseline 0.013 -33"><span class='ocrx_word' id='word_1_457' title='bbox 1853 3101 2000 3155; x_wconf 73' lang='lat' dir='ltr'><strong>nobis</strong></span> <span class='ocrx_word' id='word_1_458' title='bbox 2031 3105 2337 3172; x_wconf 85' lang='lat' dir='ltr'><strong>(quemdam</strong></span> <span class='ocrx_word' id='word_1_459' title='bbox 2359 3108 2537 3162; x_wconf 90' lang='lat' dir='ltr'><strong>audivi</strong></span> <span class='ocrx_word' id='word_1_460' title='bbox 2577 3109 2633 3165; x_wconf 92' lang='lat' dir='ltr'><strong>in</strong></span> <span class='ocrx_word' id='word_1_461' title='bbox 2665 3111 2856 3167; x_wconf 80' lang='lat' dir='ltr'><strong>aﬁ‘ectu</strong></span> <span class='ocrx_word' id='word_1_462' title='bbox 2884 3115 3105 3184; x_wconf 84' lang='lat' dir='ltr'><strong>spiritus</strong></span> <span class='ocrx_word' id='word_1_463' title='bbox 3131 3118 3420 3186; x_wconf 89' lang='lat' dir='ltr'><strong>dicentem,</strong></span> 
     </span>
    </p>
   </div>
   <div class='ocr_carea' id='block_1_62' title="bbox 1857 3194 3419 3268">
    <p class='ocr_par' dir='ltr' id='par_1_62' title="bbox 1857 3194 3419 3268">
     <span class='ocr_line' id='line_1_62' title="bbox 1857 3194 3419 3268; baseline 0.012 -25"><span class='ocrx_word' id='word_1_464' title='bbox 1857 3194 1950 3244; x_wconf 73' lang='lat' dir='ltr'><strong>sed</strong></span> <span class='ocrx_word' id='word_1_465' title='bbox 1998 3195 2196 3247; x_wconf 78' lang='lat' dir='ltr'><strong>nomini</strong></span> <span class='ocrx_word' id='word_1_466' title='bbox 2227 3205 2316 3248; x_wconf 82' lang='lat' dir='ltr'><strong>tuo</strong></span> <span class='ocrx_word' id='word_1_467' title='bbox 2368 3198 2436 3250; x_wconf 84' lang='lat' dir='ltr'><strong>da</strong></span> <span class='ocrx_word' id='word_1_468' title='bbox 2466 3198 2690 3268; x_wconf 64' lang='lat' dir='ltr'><strong>gloriam</strong></span> <span class='ocrx_word' id='word_1_469' title='bbox 2721 3201 2786 3254; x_wconf 73' lang='grc' dir='ltr'><strong>ι’.</strong></span> <span class='ocrx_word' id='word_1_470' title='bbox 2817 3200 2983 3258; x_wconf 84' lang='lat' dir='ltr'><strong>Norat</strong></span> <span class='ocrx_word' id='word_1_471' title='bbox 3013 3206 3154 3258; x_wconf 90' lang='lat' dir='ltr'><strong>enim</strong></span> <span class='ocrx_word' id='word_1_472' title='bbox 3172 3217 3419 3262; x_wconf 84' lang='lat' dir='ltr'><strong>naturam</strong></span> 
     </span>
    </p>
   </div>
   <div class='ocr_carea' id='block_1_63' title="bbox 1852 3295 3418 3364">
    <p class='ocr_par' dir='ltr' id='par_1_63' title="bbox 1852 3295 3418 3364">
     <span class='ocr_line' id='line_1_63' title="bbox 1852 3295 3418 3364; baseline 0.012 -28"><span class='ocrx_word' id='word_1_473' title='bbox 1852 3297 1947 3351; x_wconf 91' lang='lat' dir='ltr'><strong>pro</strong></span> <span class='ocrx_word' id='word_1_474' title='bbox 1973 3299 2122 3340; x_wconf 90' lang='lat' dir='ltr'><strong>more</strong></span> <span class='ocrx_word' id='word_1_475' title='bbox 2140 3302 2260 3351; x_wconf 92' lang='lat' dir='ltr'><strong>suo,</strong></span> <span class='ocrx_word' id='word_1_476' title='bbox 2283 3304 2378 3357; x_wconf 89' lang='lat' dir='ltr'><strong>per</strong></span> <span class='ocrx_word' id='word_1_477' title='bbox 2411 3305 2469 3343; x_wconf 90' lang='lat' dir='ltr'><strong>se</strong></span> <span class='ocrx_word' id='word_1_478' title='bbox 2500 3305 2606 3346; x_wconf 92' lang='lat' dir='ltr'><strong>non</strong></span> <span class='ocrx_word' id='word_1_479' title='bbox 2637 3308 2798 3362; x_wconf 90' lang='lat' dir='ltr'><strong>posse</strong></span> <span class='ocrx_word' id='word_1_480' title='bbox 2824 3295 3046 3351; x_wconf 62' lang='lat' dir='ltr'><strong>illaasam</strong></span> <span class='ocrx_word' id='word_1_481' title='bbox 3067 3312 3379 3364; x_wconf 85' lang='lat' dir='ltr'><strong>permanere</strong></span> <span class='ocrx_word' id='word_1_482' title='bbox 3403 3317 3418 3355; x_wconf 89' lang='lat'><strong>:</strong></span> 
     </span>
    </p>
   </div>
   <div class='ocr_carea' id='block_1_64' title="bbox 1850 3373 3420 3458">
    <p class='ocr_par' dir='ltr' id='par_1_64' title="bbox 1850 3373 3420 3458">
     <span class='ocr_line' id='line_1_64' title="bbox 1850 3373 3420 3458; baseline 0.013 -33"><span class='ocrx_word' id='word_1_483' title='bbox 1850 3373 2003 3440; x_wconf 81' lang='lat' dir='ltr'><strong>Apud</strong></span> <span class='ocrx_word' id='word_1_484' title='bbox 2043 3386 2091 3429; x_wconf 85' lang='lat' dir='ltr'><strong>te</strong></span> <span class='ocrx_word' id='word_1_485' title='bbox 2123 3380 2261 3431; x_wconf 76' lang='lat' dir='ltr'><strong>enim</strong></span> <span class='ocrx_word' id='word_1_486' title='bbox 2287 3379 2406 3432; x_wconf 79' lang='lat' dir='ltr'><strong>laus</strong></span> <span class='ocrx_word' id='word_1_487' title='bbox 2432 3397 2547 3434; x_wconf 87' lang='lat' dir='ltr'><strong>mea</strong></span> <span class='ocrx_word' id='word_1_488' title='bbox 2585 3384 2642 3435; x_wconf 77' lang='lat' dir='ltr'><strong>in</strong></span> <span class='ocrx_word' id='word_1_489' title='bbox 2693 3381 2931 3440; x_wconf 74' lang='lat' dir='ltr'><strong>Ecclesia</strong></span> <span class='ocrx_word' id='word_1_490' title='bbox 2986 3405 3178 3458; x_wconf 82' lang='lat' dir='ltr'><strong>magna</strong></span> <span class='ocrx_word' id='word_1_491' title='bbox 3208 3391 3275 3456; x_wconf 76' lang='lat'><strong>&#39;°,</strong></span> <span class='ocrx_word' id='word_1_492' title='bbox 3337 3391 3420 3444; x_wconf 81' lang='lat' dir='ltr'><strong>fu-</strong></span> 
     </span>
    </p>
   </div>
   <div class='ocr_carea' id='block_1_65' title="bbox 1854 3472 3422 3553">
    <p class='ocr_par' dir='ltr' id='par_1_65' title="bbox 1854 3472 3422 3553">
     <span class='ocr_line' id='line_1_65' title="bbox 1854 3472 3422 3553; baseline 0.013 -35"><span class='ocrx_word' id='word_1_493' title='bbox 1854 3476 1980 3520; x_wconf 90' lang='lat' dir='ltr'><strong>turo</strong></span> <span class='ocrx_word' id='word_1_494' title='bbox 2039 3484 2232 3541; x_wconf 89' lang='lat' dir='ltr'><strong>nempe</strong></span> <span class='ocrx_word' id='word_1_495' title='bbox 2285 3481 2528 3542; x_wconf 88' lang='lat' dir='ltr'><strong>tempore</strong></span> <span class='ocrx_word' id='word_1_496' title='bbox 2577 3472 2844 3549; x_wconf 68' lang='lat' dir='ltr'><strong>[saeculo].</strong></span> <span class='ocrx_word' id='word_1_497' title='bbox 2897 3481 3034 3534; x_wconf 87' lang='lat' dir='ltr'><strong>Ante</strong></span> <span class='ocrx_word' id='word_1_498' title='bbox 3080 3482 3243 3553; x_wconf 77' lang='lat'><strong>320</strong></span> <span class='ocrx_word' id='word_1_499' title='bbox 3291 3500 3422 3538; x_wconf 90' lang='lat' dir='ltr'><strong>vero</strong></span> 
     </span>
    </p>
   </div>
   <div class='ocr_carea' id='block_1_66' title="bbox 176 3560 1841 3648">
    <p class='ocr_par' dir='ltr' id='par_1_66' title="bbox 176 3564 1820 3648">
     <span class='ocr_line' id='line_1_66' title="bbox 176 3564 1820 3648; baseline 0.006 -32"><span class='ocrx_word' id='word_1_500' title='bbox 176 3565 421 3634; x_wconf 75' lang='grc' dir='ltr'>ἐσχάτης</span> <span class='ocrx_word' id='word_1_501' title='bbox 455 3565 827 3634; x_wconf 67' lang='grc' dir='ltr'>ὑπερηφαλίας</span> <span class='ocrx_word' id='word_1_502' title='bbox 867 3564 1171 3636; x_wconf 85' lang='grc' dir='ltr'>καθέστηκε</span> <span class='ocrx_word' id='word_1_503' title='bbox 1197 3607 1212 3631; x_wconf 85' lang='grc'><strong>,</strong></span> <span class='ocrx_word' id='word_1_504' title='bbox 1249 3567 1308 3621; x_wconf 85' lang='grc' dir='ltr'><strong>τὸ</strong></span> <span class='ocrx_word' id='word_1_505' title='bbox 1350 3569 1446 3633; x_wconf 78' lang='grc' dir='ltr'><strong>τάς</strong></span> <span class='ocrx_word' id='word_1_506' title='bbox 1479 3570 1553 3642; x_wconf 83' lang='grc' dir='ltr'>μὴ</span> <span class='ocrx_word' id='word_1_507' title='bbox 1583 3590 1749 3643; x_wconf 86' lang='grc' dir='ltr'>προσ·</span> <span class='ocrx_word' id='word_1_508' title='bbox 1774 3588 1820 3648; x_wconf 76' lang='lat' dir='ltr'><strong>C</strong></span> 
     </span>
    </p>
   </div>
   <div class='ocr_carea' id='block_1_67' title="bbox 1752 3560 3417 3648">
    <p class='ocr_par' dir='ltr' id='par_1_67' title="bbox 1774 3560 3417 3648">
     <span class='ocr_line' id='line_1_67' title="bbox 1774 3560 3417 3648; baseline 0.01 -36"><span class='ocrx_word' id='word_1_509' title='bbox 1774 3588 1820 3648; x_wconf 66' lang='grc' dir='ltr'>ο</span> <span class='ocrx_word' id='word_1_510' title='bbox 1850 3575 2010 3628; x_wconf 87' lang='lat' dir='ltr'><strong>quam</strong></span> <span class='ocrx_word' id='word_1_511' title='bbox 2041 3560 2170 3615; x_wconf 88' lang='lat' dir='ltr'><strong>illud</strong></span> <span class='ocrx_word' id='word_1_512' title='bbox 2205 3562 2476 3628; x_wconf 87' lang='lat' dir='ltr'><strong>adveniat,</strong></span> <span class='ocrx_word' id='word_1_513' title='bbox 2508 3565 2650 3621; x_wconf 90' lang='lat' dir='ltr'><strong>hanc</strong></span> <span class='ocrx_word' id='word_1_514' title='bbox 2693 3566 2832 3621; x_wconf 76' lang='lat' dir='ltr'><strong>ferre</strong></span> <span class='ocrx_word' id='word_1_515' title='bbox 2859 3570 2975 3625; x_wconf 87' lang='lat' dir='ltr'><strong>sine</strong></span> <span class='ocrx_word' id='word_1_516' title='bbox 3011 3576 3251 3643; x_wconf 89' lang='lat' dir='ltr'><strong>periculo</strong></span> <span class='ocrx_word' id='word_1_517' title='bbox 3308 3591 3417 3630; x_wconf 91' lang='lat' dir='ltr'><strong>non</strong></span> 
     </span>
    </p>
   </div>
   <div class='ocr_carea' id='block_1_68' title="bbox 174 3653 1746 3728">
    <p class='ocr_par' dir='ltr' id='par_1_68' title="bbox 174 3653 1746 3728">
     <span class='ocr_line' id='line_1_68' title="bbox 174 3653 1746 3728; baseline 0.004 -20"><span class='ocrx_word' id='word_1_518' title='bbox 174 3656 352 3718; x_wconf 88' lang='grc' dir='ltr'>ούσας</span> <span class='ocrx_word' id='word_1_519' title='bbox 390 3655 588 3725; x_wconf 79' lang='grc' dir='ltr'>ἀρετάς</span> <span class='ocrx_word' id='word_1_520' title='bbox 611 3694 627 3717; x_wconf 85' lang='grc'><strong>,</strong></span> <span class='ocrx_word' id='word_1_521' title='bbox 663 3653 819 3725; x_wconf 78' lang='grc' dir='ltr'>δόξης</span> <span class='ocrx_word' id='word_1_522' title='bbox 851 3656 1030 3725; x_wconf 87' lang='grc' dir='ltr'>χάριν,</span> <span class='ocrx_word' id='word_1_523' title='bbox 1073 3657 1479 3728; x_wconf 83' lang='grc' dir='ltr'>ὑποκρίνεσθαι,</span> <span class='ocrx_word' id='word_1_524' title='bbox 1513 3662 1612 3714; x_wconf 80' lang='grc' dir='ltr'><strong>οὐκ</strong></span> <span class='ocrx_word' id='word_1_525' title='bbox 1654 3657 1746 3715; x_wconf 87' lang='grc' dir='ltr'>οὖν</span> 
     </span>
    </p>
   </div>
   <div class='ocr_carea' id='block_1_69' title="bbox 173 3744 1750 3823">
    <p class='ocr_par' dir='ltr' id='par_1_69' title="bbox 173 3744 1750 3823">
     <span class='ocr_line' id='line_1_69' title="bbox 173 3744 1750 3823; baseline 0.004 -23"><span class='ocrx_word' id='word_1_526' title='bbox 173 3747 346 3800; x_wconf 81' lang='grc' dir='ltr'>τοῦτο</span> <span class='ocrx_word' id='word_1_527' title='bbox 393 3747 690 3816; x_wconf 80' lang='grc' dir='ltr'>τεκμήριον</span> <span class='ocrx_word' id='word_1_528' title='bbox 743 3744 1047 3816; x_wconf 86' lang='grc' dir='ltr'>βαθυτάτης</span> <span class='ocrx_word' id='word_1_529' title='bbox 1085 3751 1583 3823; x_wconf 74' lang='grc' dir='ltr'>ταπεινοφροσύνης</span> <span class='ocrx_word' id='word_1_530' title='bbox 1625 3753 1750 3806; x_wconf 87' lang='grc' dir='ltr'>καθ-</span> 
     </span>
    </p>
   </div>
   <div class='ocr_carea' id='block_1_70' title="bbox 175 3837 1747 3909">
    <p class='ocr_par' dir='ltr' id='par_1_70' title="bbox 175 3837 1747 3909">
     <span class='ocr_line' id='line_1_70' title="bbox 175 3837 1747 3909; baseline 0.002 -16"><span class='ocrx_word' id='word_1_531' title='bbox 175 3841 389 3909; x_wconf 84' lang='grc' dir='ltr'>έστηκε</span> <span class='ocrx_word' id='word_1_532' title='bbox 421 3839 479 3891; x_wconf 82' lang='grc' dir='ltr'>τὸ</span> <span class='ocrx_word' id='word_1_533' title='bbox 505 3838 601 3900; x_wconf 75' lang='grc' dir='ltr'><strong>τὰς</strong></span> <span class='ocrx_word' id='word_1_534' title='bbox 637 3838 711 3909; x_wconf 77' lang='grc' dir='ltr'><strong>μη</strong></span> <span class='ocrx_word' id='word_1_535' title='bbox 742 3837 1047 3905; x_wconf 82' lang='grc' dir='ltr'>προσούσας</span> <span class='ocrx_word' id='word_1_536' title='bbox 1085 3839 1218 3908; x_wconf 79' lang='grc' dir='ltr'>ἡμῖν</span> <span class='ocrx_word' id='word_1_537' title='bbox 1248 3842 1427 3904; x_wconf 83' lang='grc' dir='ltr'>αἰτίας</span> <span class='ocrx_word' id='word_1_538' title='bbox 1461 3842 1552 3894; x_wconf 81' lang='grc' dir='ltr'><strong>έπί</strong></span> <span class='ocrx_word' id='word_1_539' title='bbox 1583 3860 1747 3897; x_wconf 90' lang='grc' dir='ltr'>τινων</span> 
     </span>
    </p>
   </div>
   <div class='ocr_carea' id='block_1_71' title="bbox 175 3928 1747 4003">
    <p class='ocr_par' dir='ltr' id='par_1_71' title="bbox 175 3928 1747 4003">
     <span class='ocr_line' id='line_1_71' title="bbox 175 3928 1747 4003; baseline 0.003 -19"><span class='ocrx_word' id='word_1_540' title='bbox 175 3931 460 3992; x_wconf 80' lang='grc' dir='ltr'>εὐτελείας</span> <span class='ocrx_word' id='word_1_541' title='bbox 511 3932 667 4000; x_wconf 80' lang='grc' dir='ltr'>χάριν</span> <span class='ocrx_word' id='word_1_542' title='bbox 713 3928 1158 4000; x_wconf 76' lang='grc' dir='ltr'>σχηματίζεσθαι.</span> <span class='ocrx_word' id='word_1_543' title='bbox 1203 3931 1387 3996; x_wconf 87' lang='grc' dir='ltr'>υῦτως</span> <span class='ocrx_word' id='word_1_544' title='bbox 1413 3935 1440 3986; x_wconf 92' lang='grc' dir='ltr'><strong>ό</strong></span> <span class='ocrx_word' id='word_1_545' title='bbox 1469 3933 1559 3986; x_wconf 84' lang='grc' dir='ltr'><strong>τὸν</strong></span> <span class='ocrx_word' id='word_1_546' title='bbox 1585 3936 1747 4003; x_wconf 83' lang='grc' dir='ltr'>ἄρτον</span> 
     </span>
    </p>
   </div>
   <div class='ocr_carea' id='block_1_72' title="bbox 177 4021 1750 4099">
    <p class='ocr_par' dir='ltr' id='par_1_72' title="bbox 177 4021 1750 4099">
     <span class='ocr_line' id='line_1_72' title="bbox 177 4021 1750 4099; baseline 0.003 -23"><span class='ocrx_word' id='word_1_547' title='bbox 177 4030 284 4075; x_wconf 80' lang='grc' dir='ltr'><strong>καὶ</strong></span> <span class='ocrx_word' id='word_1_548' title='bbox 331 4024 423 4074; x_wconf 81' lang='grc' dir='ltr'><strong>τὸν</strong></span> <span class='ocrx_word' id='word_1_549' title='bbox 457 4021 617 4092; x_wconf 68' lang='grc' dir='ltr'>τυρὸν</span> <span class='ocrx_word' id='word_1_550' title='bbox 668 4022 805 4090; x_wconf 75' lang='grc' dir='ltr'>μετὰ</span> <span class='ocrx_word' id='word_1_551' title='bbox 861 4024 1047 4090; x_wconf 81' lang='grc' dir='ltr'>χεῖρας</span> <span class='ocrx_word' id='word_1_552' title='bbox 1086 4023 1198 4091; x_wconf 79' lang='grc'>(25)</span> <span class='ocrx_word' id='word_1_553' title='bbox 1245 4025 1480 4095; x_wconf 86' lang='grc' dir='ltr'>εἰληφὼς</span> <span class='ocrx_word' id='word_1_554' title='bbox 1523 4030 1750 4099; x_wconf 87' lang='grc' dir='ltr'>πεποίη-</span> 
     </span>
    </p>
   </div>
   <div class='ocr_carea' id='block_1_73' title="bbox 174 4111 1746 4187">
    <p class='ocr_par' dir='ltr' id='par_1_73' title="bbox 174 4111 1746 4187">
     <span class='ocr_line' id='line_1_73' title="bbox 174 4111 1746 4187; baseline 0.003 -21"><span class='ocrx_word' id='word_1_555' title='bbox 174 4132 281 4167; x_wconf 83' lang='grc' dir='ltr'><strong>κεν</strong></span> <span class='ocrx_word' id='word_1_556' title='bbox 306 4115 386 4182; x_wconf 83' lang='grc' dir='ltr'>(ιι)</span> <span class='ocrx_word' id='word_1_557' title='bbox 405 4131 417 4143; x_wconf 76' lang='grc' dir='ltr'><strong><em>ο</em></strong></span> <span class='ocrx_word' id='word_1_558' title='bbox 441 4112 609 4174; x_wconf 74' lang='grc' dir='ltr'>οὕτως</span> <span class='ocrx_word' id='word_1_559' title='bbox 627 4113 655 4163; x_wconf 90' lang='grc' dir='ltr'><strong>ὀ</strong></span> <span class='ocrx_word' id='word_1_560' title='bbox 675 4111 770 4182; x_wconf 80' lang='grc' dir='ltr'><strong>τὴν</strong></span> <span class='ocrx_word' id='word_1_561' title='bbox 789 4112 982 4164; x_wconf 82' lang='grc' dir='ltr'>ἑαυτοῦ</span> <span class='ocrx_word' id='word_1_562' title='bbox 1006 4111 1210 4183; x_wconf 81' lang='grc' dir='ltr'>ἐσθῆτα</span> <span class='ocrx_word' id='word_1_563' title='bbox 1235 4116 1597 4187; x_wconf 78' lang='grc' dir='ltr'>ἐκδυσάμενος</span> <span class='ocrx_word' id='word_1_564' title='bbox 1613 4117 1746 4187; x_wconf 78' lang='grc'>(24),</span> 
     </span>
    </p>
   </div>
   <div class='ocr_carea' id='block_1_74' title="bbox 174 4204 1749 4279">
    <p class='ocr_par' dir='ltr' id='par_1_74' title="bbox 174 4204 1749 4279">
     <span class='ocr_line' id='line_1_74' title="bbox 174 4204 1749 4279; baseline 0.002 -21"><span class='ocrx_word' id='word_1_565' title='bbox 174 4209 278 4259; x_wconf 80' lang='grc' dir='ltr'><strong>καὶ</strong></span> <span class='ocrx_word' id='word_1_566' title='bbox 306 4204 532 4262; x_wconf 82' lang='grc' dir='ltr'>ἀπαθῶς</span> <span class='ocrx_word' id='word_1_567' title='bbox 567 4205 594 4255; x_wconf 88' lang='grc' dir='ltr'>ὁ</span> <span class='ocrx_word' id='word_1_568' title='bbox 621 4209 718 4272; x_wconf 82' lang='grc' dir='ltr'>τῆς</span> <span class='ocrx_word' id='word_1_569' title='bbox 755 4204 974 4270; x_wconf 84' lang='grc' dir='ltr'>ἁγνείας</span> <span class='ocrx_word' id='word_1_570' title='bbox 1005 4207 1245 4278; x_wconf 78' lang='grc' dir='ltr'>ἐργάτης</span> <span class='ocrx_word' id='word_1_571' title='bbox 1269 4209 1368 4279; x_wconf 80' lang='grc' dir='ltr'>τὴν</span> <span class='ocrx_word' id='word_1_572' title='bbox 1407 4208 1560 4261; x_wconf 85' lang='grc' dir='ltr'>πόλιν</span> <span class='ocrx_word' id='word_1_573' title='bbox 1590 4225 1749 4279; x_wconf 90' lang='grc' dir='ltr'>περι-</span> 
     </span>
    </p>
   </div>
   <div class='ocr_carea' id='block_1_75' title="bbox 172 4295 1749 4372">
    <p class='ocr_par' dir='ltr' id='par_1_75' title="bbox 172 4295 1749 4372">
     <span class='ocr_line' id='line_1_75' title="bbox 172 4295 1749 4372; baseline 0.003 -23"><span class='ocrx_word' id='word_1_574' title='bbox 172 4297 460 4367; x_wconf 62' lang='grc' dir='ltr'>ωλὴσας·</span> <span class='ocrx_word' id='word_1_575' title='bbox 513 4296 572 4347; x_wconf 87' lang='grc' dir='ltr'><strong>ού</strong></span> <span class='ocrx_word' id='word_1_576' title='bbox 627 4295 962 4364; x_wconf 86' lang='grc' dir='ltr'>μεριμνῶσιν</span> <span class='ocrx_word' id='word_1_577' title='bbox 1012 4300 1060 4350; x_wconf 88' lang='grc' dir='ltr'>οἱ</span> <span class='ocrx_word' id='word_1_578' title='bbox 1124 4299 1354 4354; x_wconf 84' lang='grc' dir='ltr'>τοιοῦτοι</span> <span class='ocrx_word' id='word_1_579' title='bbox 1408 4301 1749 4372; x_wconf 86' lang='grc' dir='ltr'>ἀνθρωπίνου</span> 
     </span>
    </p>
   </div>
   <div class='ocr_carea' id='block_1_76' title="bbox 172 4383 1750 4466">
    <p class='ocr_par' dir='ltr' id='par_1_76' title="bbox 172 4383 1750 4466">
     <span class='ocr_line' id='line_1_76' title="bbox 172 4383 1750 4466; baseline 0.005 -26"><span class='ocrx_word' id='word_1_580' title='bbox 172 4386 632 4459; x_wconf 82' lang='grc' dir='ltr'>προσκόμματος,</span> <span class='ocrx_word' id='word_1_581' title='bbox 672 4383 856 4438; x_wconf 79' lang='grc' dir='ltr'>λοιπὸν</span> <span class='ocrx_word' id='word_1_582' title='bbox 887 4387 1168 4458; x_wconf 78' lang='grc' dir='ltr'>εἰληφότες</span> <span class='ocrx_word' id='word_1_583' title='bbox 1197 4390 1423 4462; x_wconf 90' lang='grc' dir='ltr'>δύναμιν</span> <span class='ocrx_word' id='word_1_584' title='bbox 1449 4393 1538 4446; x_wconf 83' lang='grc' dir='ltr'>διὰ</span> <span class='ocrx_word' id='word_1_585' title='bbox 1579 4411 1750 4466; x_wconf 89' lang='grc' dir='ltr'>προσ-</span> 
     </span>
    </p>
   </div>
   <div class='ocr_carea' id='block_1_77' title="bbox 173 4477 1751 4557">
    <p class='ocr_par' dir='ltr' id='par_1_77' title="bbox 173 4477 1751 4557">
     <span class='ocr_line' id='line_1_77' title="bbox 173 4477 1751 4557; baseline -0.003 -25"><span class='ocrx_word' id='word_1_586' title='bbox 173 4481 351 4551; x_wconf 82' lang='grc' dir='ltr'>ευχῆς</span> <span class='ocrx_word' id='word_1_587' title='bbox 383 4479 630 4548; x_wconf 84' lang='grc' dir='ltr'>ἀοράτως</span> <span class='ocrx_word' id='word_1_588' title='bbox 671 4477 878 4541; x_wconf 87' lang='grc' dir='ltr'>πάντας</span> <span class='ocrx_word' id='word_1_589' title='bbox 925 4480 1358 4554; x_wconf 84' lang='grc' dir='ltr'>πληροφορῆσαι.</span> <span class='ocrx_word' id='word_1_590' title='bbox 1409 4484 1466 4538; x_wconf 86' lang='lat'><strong>&#39;0</strong></span> <span class='ocrx_word' id='word_1_591' title='bbox 1495 4487 1586 4539; x_wconf 77' lang='grc' dir='ltr'>τοῦ</span> <span class='ocrx_word' id='word_1_592' title='bbox 1618 4503 1751 4557; x_wconf 86' lang='grc' dir='ltr'>προ-</span> 
     </span>
    </p>
   </div>
   <div class='ocr_carea' id='block_1_78' title="bbox 169 4569 1752 4649">
    <p class='ocr_par' dir='ltr' id='par_1_78' title="bbox 169 4569 1752 4649">
     <span class='ocr_line' id='line_1_78' title="bbox 169 4569 1752 4649; baseline 0.004 -24"><span class='ocrx_word' id='word_1_593' title='bbox 169 4572 345 4641; x_wconf 78' lang='grc' dir='ltr'>τέρου</span> <span class='ocrx_word' id='word_1_594' title='bbox 367 4569 788 4639; x_wconf 77' lang='grc' dir='ltr'>ἐπιμελούμενος</span> <span class='ocrx_word' id='word_1_595' title='bbox 823 4571 954 4642; x_wconf 85' lang='grc'>(25).</span> <span class='ocrx_word' id='word_1_596' title='bbox 986 4572 1079 4625; x_wconf 79' lang='grc' dir='ltr'>τοῦ</span> <span class='ocrx_word' id='word_1_597' title='bbox 1111 4574 1360 4645; x_wconf 79' lang='grc' dir='ltr'>δευτέρου</span> <span class='ocrx_word' id='word_1_598' title='bbox 1390 4575 1592 4631; x_wconf 76' lang='grc' dir='ltr'>ἔνδειαν</span> <span class='ocrx_word' id='word_1_599' title='bbox 1621 4579 1752 4649; x_wconf 73' lang='grc' dir='ltr'><strong>ἐσή-</strong></span> 
     </span>
    </p>
   </div>
   <div class='ocr_carea' id='block_1_79' title="bbox 176 4661 1750 4740">
    <p class='ocr_par' dir='ltr' id='par_1_79' title="bbox 176 4661 1750 4740">
     <span class='ocr_line' id='line_1_79' title="bbox 176 4661 1750 4740; baseline 0.004 -22"><span class='ocrx_word' id='word_1_600' title='bbox 176 4680 379 4733; x_wconf 81' lang='grc' dir='ltr'>μανεν.</span> <span class='ocrx_word' id='word_1_601' title='bbox 413 4662 586 4714; x_wconf 81' lang='grc' dir='ltr'>Ὅπου</span> <span class='ocrx_word' id='word_1_602' title='bbox 615 4664 724 4733; x_wconf 80' lang='grc' dir='ltr'><strong>γάρ</strong></span> <span class='ocrx_word' id='word_1_603' title='bbox 754 4661 884 4725; x_wconf 84' lang='grc' dir='ltr'>Θεὸς</span> <span class='ocrx_word' id='word_1_604' title='bbox 924 4665 1060 4734; x_wconf 83' lang='grc' dir='ltr'>πρὸς</span> <span class='ocrx_word' id='word_1_605' title='bbox 1087 4667 1302 4736; x_wconf 79' lang='grc' dir='ltr'>αἴτησιν</span> <span class='ocrx_word' id='word_1_606' title='bbox 1335 4668 1572 4740; x_wconf 68' lang='grc' dir='ltr'>ἕτοιμος,</span> <span class='ocrx_word' id='word_1_607' title='bbox 1614 4672 1750 4724; x_wconf 88' lang='grc' dir='ltr'>πάν-</span> 
     </span>
    </p>
   </div>
   <div class='ocr_carea' id='block_1_80' title="bbox 171 4751 1751 4830">
    <p class='ocr_par' dir='ltr' id='par_1_80' title="bbox 171 4751 1751 4830">
     <span class='ocr_line' id='line_1_80' title="bbox 171 4751 1751 4830; baseline 0.006 -23"><span class='ocrx_word' id='word_1_608' title='bbox 171 4771 246 4808; x_wconf 85' lang='grc' dir='ltr'><strong>τα</strong></span> <span class='ocrx_word' id='word_1_609' title='bbox 298 4754 475 4805; x_wconf 81' lang='grc' dir='ltr'>ποιεῖν</span> <span class='ocrx_word' id='word_1_610' title='bbox 523 4751 818 4820; x_wconf 83' lang='grc' dir='ltr'>δυνάμεθα.</span> <span class='ocrx_word' id='word_1_611' title='bbox 854 4753 990 4808; x_wconf 81' lang='grc' dir='ltr'>Θέλε</span> <span class='ocrx_word' id='word_1_612' title='bbox 1031 4757 1230 4824; x_wconf 81' lang='grc' dir='ltr'>μᾶλλον</span> <span class='ocrx_word' id='word_1_613' title='bbox 1268 4758 1605 4830; x_wconf 82' lang='grc' dir='ltr'>ἀνθρώπους,</span> <span class='ocrx_word' id='word_1_614' title='bbox 1656 4765 1751 4817; x_wconf 79' lang='grc' dir='ltr'><strong>καὶ</strong></span> 
     </span>
    </p>
   </div>
   <div class='ocr_carea' id='block_1_81' title="bbox 173 4843 1748 4927">
    <p class='ocr_par' dir='ltr' id='par_1_81' title="bbox 173 4843 1748 4927">
     <span class='ocr_line' id='line_1_81' title="bbox 173 4843 1748 4927; baseline 0 -31"><span class='ocrx_word' id='word_1_615' title='bbox 173 4844 260 4916; x_wconf 71' lang='grc' dir='ltr'>μὴ</span> <span class='ocrx_word' id='word_1_616' title='bbox 285 4844 422 4896; x_wconf 83' lang='grc' dir='ltr'>Θεὸν</span> <span class='ocrx_word' id='word_1_617' title='bbox 451 4843 639 4895; x_wconf 81' lang='grc' dir='ltr'>λυπεῖν</span> <span class='ocrx_word' id='word_1_618' title='bbox 657 4862 668 4875; x_wconf 92' lang='grc'><strong>·</strong></span> <span class='ocrx_word' id='word_1_619' title='bbox 699 4846 877 4915; x_wconf 84' lang='grc' dir='ltr'>χαίρει</span> <span class='ocrx_word' id='word_1_620' title='bbox 899 4846 1006 4918; x_wconf 84' lang='grc' dir='ltr'>γὰρ</span> <span class='ocrx_word' id='word_1_621' title='bbox 1037 4847 1178 4919; x_wconf 84' lang='grc' dir='ltr'>ὁρῶν</span> <span class='ocrx_word' id='word_1_622' title='bbox 1199 4851 1344 4920; x_wconf 75' lang='grc' dir='ltr'>ἡμᾶς</span> <span class='ocrx_word' id='word_1_623' title='bbox 1368 4852 1557 4925; x_wconf 77' lang='grc' dir='ltr'>ἀτιμίᾳ</span> <span class='ocrx_word' id='word_1_624' title='bbox 1580 4873 1748 4927; x_wconf 78' lang='grc' dir='ltr'>προσ-</span> 
     </span>
    </p>
   </div>
   <div class='ocr_carea' id='block_1_82' title="bbox 1847 3650 3421 3720">
    <p class='ocr_par' dir='ltr' id='par_1_82' title="bbox 1847 3650 3421 3720">
     <span class='ocr_line' id='line_1_82' title="bbox 1847 3650 3421 3720; baseline 0.01 -16"><span class='ocrx_word' id='word_1_625' title='bbox 1847 3664 2088 3718; x_wconf 89' lang='lat' dir='ltr'><strong>possum.</strong></span> <span class='ocrx_word' id='word_1_626' title='bbox 2141 3650 2198 3706; x_wconf 91' lang='lat' dir='ltr'><strong>Si</strong></span> <span class='ocrx_word' id='word_1_627' title='bbox 2229 3651 2343 3707; x_wconf 68' lang='lat' dir='ltr'><strong>haec</strong></span> <span class='ocrx_word' id='word_1_628' title='bbox 2379 3653 2622 3710; x_wconf 82' lang='lat' dir='ltr'><strong>deﬁnitio</strong></span> <span class='ocrx_word' id='word_1_629' title='bbox 2668 3666 2723 3710; x_wconf 91' lang='lat' dir='ltr'><strong>et</strong></span> <span class='ocrx_word' id='word_1_630' title='bbox 2776 3659 2916 3714; x_wconf 89' lang='lat' dir='ltr'><strong>ratio</strong></span> <span class='ocrx_word' id='word_1_631' title='bbox 2978 3672 3032 3716; x_wconf 90' lang='lat' dir='ltr'><strong>et</strong></span> <span class='ocrx_word' id='word_1_632' title='bbox 3081 3667 3272 3719; x_wconf 87' lang='lat' dir='ltr'><strong>modus</strong></span> <span class='ocrx_word' id='word_1_633' title='bbox 3338 3675 3421 3720; x_wconf 89' lang='lat' dir='ltr'><strong>est</strong></span> 
     </span>
    </p>
   </div>
   <div class='ocr_carea' id='block_1_83' title="bbox 1846 3745 3421 3826">
    <p class='ocr_par' dir='ltr' id='par_1_83' title="bbox 1846 3745 3421 3826">
     <span class='ocr_line' id='line_1_83' title="bbox 1846 3745 3421 3826; baseline 0.01 -31"><span class='ocrx_word' id='word_1_634' title='bbox 1846 3750 2101 3797; x_wconf 79' lang='lat' dir='ltr'><strong>extremae</strong></span> <span class='ocrx_word' id='word_1_635' title='bbox 2129 3745 2420 3814; x_wconf 69' lang='lat' dir='ltr'><strong>superbiae,</strong></span> <span class='ocrx_word' id='word_1_636' title='bbox 2451 3747 2636 3817; x_wconf 76' lang='lat' dir='ltr'><strong>gloriae</strong></span> <span class='ocrx_word' id='word_1_637' title='bbox 2689 3750 2866 3804; x_wconf 91' lang='lat' dir='ltr'><strong>studio</strong></span> <span class='ocrx_word' id='word_1_638' title='bbox 2921 3756 3164 3820; x_wconf 82' lang='lat' dir='ltr'><strong>virtutes,</strong></span> <span class='ocrx_word' id='word_1_639' title='bbox 3221 3757 3421 3826; x_wconf 88' lang='lat' dir='ltr'><strong>quibus</strong></span> 
     </span>
    </p>
   </div>
   <div class='ocr_carea' id='block_1_84' title="bbox 1847 3836 3421 3912">
    <p class='ocr_par' dir='ltr' id='par_1_84' title="bbox 1847 3836 3421 3912">
     <span class='ocr_line' id='line_1_84' title="bbox 1847 3836 3421 3912; baseline 0.01 -25"><span class='ocrx_word' id='word_1_640' title='bbox 1847 3849 2020 3896; x_wconf 87' lang='lat' dir='ltr'><strong>cares.</strong></span> <span class='ocrx_word' id='word_1_641' title='bbox 2055 3850 2150 3904; x_wconf 89' lang='lat' dir='ltr'><strong>per</strong></span> <span class='ocrx_word' id='word_1_642' title='bbox 2174 3836 2500 3907; x_wconf 88' lang='lat' dir='ltr'><strong>bypocrisim</strong></span> <span class='ocrx_word' id='word_1_643' title='bbox 2555 3840 2832 3907; x_wconf 80' lang='lat' dir='ltr'><strong>simulare,</strong></span> <span class='ocrx_word' id='word_1_644' title='bbox 2867 3843 3104 3912; x_wconf 79' lang='lat' dir='ltr'><strong>profecto</strong></span> <span class='ocrx_word' id='word_1_645' title='bbox 3143 3848 3421 3903; x_wconf 74' lang='lat' dir='ltr'><strong>altissimae</strong></span> 
     </span>
    </p>
   </div>
   <div class='ocr_carea' id='block_1_85' title="bbox 1847 3926 3417 4011">
    <p class='ocr_par' dir='ltr' id='par_1_85' title="bbox 1847 3926 3417 4011">
     <span class='ocr_line' id='line_1_85' title="bbox 1847 3926 3417 4011; baseline 0.01 -31"><span class='ocrx_word' id='word_1_646' title='bbox 1847 3926 2166 3984; x_wconf 90' lang='lat' dir='ltr'><strong>humilitatis</strong></span> <span class='ocrx_word' id='word_1_647' title='bbox 2189 3939 2567 3999; x_wconf 88' lang='lat' dir='ltr'><strong>argumentum</strong></span> <span class='ocrx_word' id='word_1_648' title='bbox 2602 3933 2725 3999; x_wconf 91' lang='lat' dir='ltr'><strong>erit,</strong></span> <span class='ocrx_word' id='word_1_649' title='bbox 2756 3936 2945 4004; x_wconf 88' lang='lat' dir='ltr'><strong>culpas</strong></span> <span class='ocrx_word' id='word_1_650' title='bbox 2978 3940 3240 4006; x_wconf 87' lang='lat' dir='ltr'><strong>quasdam</strong></span> <span class='ocrx_word' id='word_1_651' title='bbox 3267 3940 3417 4011; x_wconf 89' lang='lat' dir='ltr'><strong>(qui-</strong></span> 
     </span>
    </p>
   </div>
   <div class='ocr_carea' id='block_1_86' title="bbox 1848 4019 3420 4093">
    <p class='ocr_par' dir='ltr' id='par_1_86' title="bbox 1848 4019 3420 4093">
     <span class='ocr_line' id='line_1_86' title="bbox 1848 4019 3420 4093; baseline 0.011 -21"><span class='ocrx_word' id='word_1_652' title='bbox 1848 4019 1950 4073; x_wconf 88' lang='lat' dir='ltr'><strong>bus</strong></span> <span class='ocrx_word' id='word_1_653' title='bbox 1983 4028 2160 4075; x_wconf 87' lang='lat' dir='ltr'><strong>tamen</strong></span> <span class='ocrx_word' id='word_1_654' title='bbox 2190 4022 2369 4093; x_wconf 88' lang='lat' dir='ltr'><strong>vaces)</strong></span> <span class='ocrx_word' id='word_1_655' title='bbox 2402 4025 2677 4080; x_wconf 87' lang='lat' dir='ltr'><strong>nonnullis</strong></span> <span class='ocrx_word' id='word_1_656' title='bbox 2709 4028 2762 4080; x_wconf 91' lang='lat' dir='ltr'><strong>in</strong></span> <span class='ocrx_word' id='word_1_657' title='bbox 2805 4029 2967 4083; x_wconf 85' lang='lat' dir='ltr'><strong>rebus</strong></span> <span class='ocrx_word' id='word_1_658' title='bbox 2999 4040 3059 4084; x_wconf 93' lang='lat' dir='ltr'><strong>ut</strong></span> <span class='ocrx_word' id='word_1_659' title='bbox 3107 4032 3265 4087; x_wconf 90' lang='lat' dir='ltr'><strong>vilior</strong></span> <span class='ocrx_word' id='word_1_660' title='bbox 3321 4036 3420 4088; x_wconf 89' lang='lat' dir='ltr'><strong>ha-</strong></span> 
     </span>
    </p>
   </div>
   <div class='ocr_carea' id='block_1_87' title="bbox 1848 4111 3414 4188">
    <p class='ocr_par' dir='ltr' id='par_1_87' title="bbox 1848 4111 3414 4188">
     <span class='ocr_line' id='line_1_87' title="bbox 1848 4111 3414 4188; baseline 0.009 -22"><span class='ocrx_word' id='word_1_661' title='bbox 1848 4111 2026 4166; x_wconf 88' lang='lat' dir='ltr'><strong>bearis</strong></span> <span class='ocrx_word' id='word_1_662' title='bbox 2049 4111 2319 4184; x_wconf 86' lang='lat' dir='ltr'><strong>elIingere.</strong></span> <span class='ocrx_word' id='word_1_663' title='bbox 2350 4113 2440 4170; x_wconf 90' lang='lat' dir='ltr'><strong>Sic</strong></span> <span class='ocrx_word' id='word_1_664' title='bbox 2459 4116 2599 4182; x_wconf 7' lang='lat' dir='ltr'><strong>(fecit</strong></span> <span class='ocrx_word' id='word_1_665' title='bbox 2626 4117 2703 4187; x_wconf 87' lang='lat' dir='ltr'><strong>(a)</strong></span> <span class='ocrx_word' id='word_1_666' title='bbox 2733 4120 2823 4188; x_wconf 89' lang='lat' dir='ltr'><strong>qui</strong></span> <span class='ocrx_word' id='word_1_667' title='bbox 2865 4135 3060 4188; x_wconf 86' lang='lat' dir='ltr'><strong>panem</strong></span> <span class='ocrx_word' id='word_1_668' title='bbox 3112 4131 3167 4177; x_wconf 92' lang='lat' dir='ltr'><strong>et</strong></span> <span class='ocrx_word' id='word_1_669' title='bbox 3197 4139 3414 4181; x_wconf 87' lang='lat' dir='ltr'><strong>caseum</strong></span> 
     </span>
    </p>
   </div>
   <div class='ocr_carea' id='block_1_88' title="bbox 1856 4203 3419 4281">
    <p class='ocr_par' dir='ltr' id='par_1_88' title="bbox 1856 4203 3419 4281">
     <span class='ocr_line' id='line_1_88' title="bbox 1856 4203 3419 4281; baseline 0.011 -25"><span class='ocrx_word' id='word_1_670' title='bbox 1856 4203 1908 4256; x_wconf 91' lang='lat' dir='ltr'><strong>in</strong></span> <span class='ocrx_word' id='word_1_671' title='bbox 1936 4218 2136 4260; x_wconf 90' lang='lat' dir='ltr'><strong>manus</strong></span> <span class='ocrx_word' id='word_1_672' title='bbox 2161 4207 2404 4276; x_wconf 81' lang='lat' dir='ltr'><strong>accepit:</strong></span> <span class='ocrx_word' id='word_1_673' title='bbox 2449 4208 2528 4263; x_wconf 88' lang='lat' dir='ltr'><strong>sic</strong></span> <span class='ocrx_word' id='word_1_674' title='bbox 2568 4212 2586 4230; x_wconf 79' lang='grc'><strong><em>⁶</em></strong></span> <span class='ocrx_word' id='word_1_675' title='bbox 2606 4211 2696 4279; x_wconf 90' lang='lat' dir='ltr'><strong>qui</strong></span> <span class='ocrx_word' id='word_1_676' title='bbox 2738 4211 2946 4280; x_wconf 81' lang='lat' dir='ltr'><strong>abjccta</strong></span> <span class='ocrx_word' id='word_1_677' title='bbox 2979 4225 3143 4281; x_wconf 91' lang='lat' dir='ltr'><strong>veste,</strong></span> <span class='ocrx_word' id='word_1_678' title='bbox 3176 4215 3311 4270; x_wconf 89' lang='lat' dir='ltr'><strong>liber</strong></span> <span class='ocrx_word' id='word_1_679' title='bbox 3336 4227 3419 4273; x_wconf 80' lang='lat' dir='ltr'><strong>ta-</strong></span> 
     </span>
    </p>
   </div>
   <div class='ocr_carea' id='block_1_89' title="bbox 1849 4297 3419 4373">
    <p class='ocr_par' dir='ltr' id='par_1_89' title="bbox 1849 4297 3419 4373">
     <span class='ocr_line' id='line_1_89' title="bbox 1849 4297 3419 4373; baseline 0.01 -24"><span class='ocrx_word' id='word_1_680' title='bbox 1849 4311 1972 4350; x_wconf 90' lang='lat' dir='ltr'><strong>men</strong></span> <span class='ocrx_word' id='word_1_681' title='bbox 2002 4297 2072 4350; x_wconf 88' lang='lat' dir='ltr'><strong>ab</strong></span> <span class='ocrx_word' id='word_1_682' title='bbox 2101 4298 2246 4351; x_wconf 92' lang='lat' dir='ltr'><strong>omni</strong></span> <span class='ocrx_word' id='word_1_683' title='bbox 2287 4314 2450 4354; x_wconf 88' lang='lat' dir='ltr'><strong>sensu</strong></span> <span class='ocrx_word' id='word_1_684' title='bbox 2490 4300 2752 4367; x_wconf 82' lang='lat' dir='ltr'><strong>libidinis,</strong></span> <span class='ocrx_word' id='word_1_685' title='bbox 2811 4319 3099 4373; x_wconf 82' lang='lat' dir='ltr'><strong>germanus</strong></span> <span class='ocrx_word' id='word_1_686' title='bbox 3153 4311 3419 4367; x_wconf 82' lang='lat' dir='ltr'><strong>castitatis</strong></span> 
     </span>
    </p>
   </div>
   <div class='ocr_carea' id='block_1_90' title="bbox 1847 4388 3420 4471">
    <p class='ocr_par' dir='ltr' id='par_1_90' title="bbox 1847 4388 3420 4471">
     <span class='ocr_line' id='line_1_90' title="bbox 1847 4388 3420 4471; baseline 0.01 -29"><span class='ocrx_word' id='word_1_687' title='bbox 1847 4388 2027 4443; x_wconf 89' lang='lat' dir='ltr'><strong>cultor</strong></span> <span class='ocrx_word' id='word_1_688' title='bbox 2053 4389 2322 4444; x_wconf 89' lang='lat' dir='ltr'><strong>civitatem</strong></span> <span class='ocrx_word' id='word_1_689' title='bbox 2350 4391 2482 4446; x_wconf 92' lang='lat' dir='ltr'><strong>obiit</strong></span> <span class='ocrx_word' id='word_1_690' title='bbox 2516 4392 2613 4461; x_wconf 83' lang='lat' dir='ltr'><strong>(b).</strong></span> <span class='ocrx_word' id='word_1_691' title='bbox 2641 4391 2756 4448; x_wconf 87' lang='lat' dir='ltr'><strong>Non</strong></span> <span class='ocrx_word' id='word_1_692' title='bbox 2791 4405 2920 4450; x_wconf 84' lang='lat' dir='ltr'><strong>sunt</strong></span> <span class='ocrx_word' id='word_1_693' title='bbox 2952 4398 3168 4454; x_wconf 89' lang='lat' dir='ltr'><strong>solliciti</strong></span> <span class='ocrx_word' id='word_1_694' title='bbox 3226 4399 3420 4471; x_wconf 88' lang='lat' dir='ltr'><strong>hujus-</strong></span> 
     </span>
    </p>
   </div>
   <div class='ocr_carea' id='block_1_91' title="bbox 1849 4484 3416 4559">
    <p class='ocr_par' dir='ltr' id='par_1_91' title="bbox 1849 4484 3416 4559">
     <span class='ocr_line' id='line_1_91' title="bbox 1849 4484 3416 4559; baseline 0.008 -21"><span class='ocrx_word' id='word_1_695' title='bbox 1849 4484 1996 4539; x_wconf 88' lang='lat' dir='ltr'><strong>modi</strong></span> <span class='ocrx_word' id='word_1_696' title='bbox 2042 4501 2110 4540; x_wconf 89' lang='lat' dir='ltr'><strong>ne</strong></span> <span class='ocrx_word' id='word_1_697' title='bbox 2147 4487 2453 4555; x_wconf 88' lang='lat' dir='ltr'><strong>quempiam</strong></span> <span class='ocrx_word' id='word_1_698' title='bbox 2486 4489 2766 4545; x_wconf 82' lang='lat' dir='ltr'><strong>hominum</strong></span> <span class='ocrx_word' id='word_1_699' title='bbox 2800 4491 3093 4559; x_wconf 69' lang='lat' dir='ltr'><strong>offendant,</strong></span> <span class='ocrx_word' id='word_1_700' title='bbox 3120 4510 3238 4548; x_wconf 92' lang='lat' dir='ltr'><strong>eam</strong></span> <span class='ocrx_word' id='word_1_701' title='bbox 3271 4497 3416 4552; x_wconf 90' lang='lat' dir='ltr'><strong>enim</strong></span> 
     </span>
    </p>
   </div>
   <div class='ocr_carea' id='block_1_92' title="bbox 1849 4579 3416 4658">
    <p class='ocr_par' dir='ltr' id='par_1_92' title="bbox 1849 4579 3416 4658">
     <span class='ocr_line' id='line_1_92' title="bbox 1849 4579 3416 4658; baseline 0.01 -26"><span class='ocrx_word' id='word_1_702' title='bbox 1849 4579 2077 4649; x_wconf 89' lang='lat' dir='ltr'><strong>gratiam</strong></span> <span class='ocrx_word' id='word_1_703' title='bbox 2095 4590 2149 4634; x_wconf 92' lang='lat' dir='ltr'><strong>et</strong></span> <span class='ocrx_word' id='word_1_704' title='bbox 2171 4580 2422 4636; x_wconf 87' lang='lat' dir='ltr'><strong>virtutem</strong></span> <span class='ocrx_word' id='word_1_705' title='bbox 2441 4598 2537 4653; x_wconf 85' lang='lat' dir='ltr'><strong>per</strong></span> <span class='ocrx_word' id='word_1_706' title='bbox 2554 4599 2742 4653; x_wconf 88' lang='lat' dir='ltr'><strong>preces</strong></span> <span class='ocrx_word' id='word_1_707' title='bbox 2756 4602 2781 4637; x_wconf 87' lang='lat' dir='ltr'><strong>a</strong></span> <span class='ocrx_word' id='word_1_708' title='bbox 2799 4587 2908 4641; x_wconf 89' lang='lat' dir='ltr'><strong>Deo</strong></span> <span class='ocrx_word' id='word_1_709' title='bbox 2924 4599 3262 4658; x_wconf 90' lang='lat' dir='ltr'><strong>acceperunt,</strong></span> <span class='ocrx_word' id='word_1_710' title='bbox 3287 4601 3344 4646; x_wconf 92' lang='lat' dir='ltr'><strong>ut</strong></span> <span class='ocrx_word' id='word_1_711' title='bbox 3361 4592 3416 4647; x_wconf 92' lang='lat' dir='ltr'><strong>in</strong></span> 
     </span>
    </p>
   </div>
   <div class='ocr_carea' id='block_1_93' title="bbox 1860 4671 3421 4748">
    <p class='ocr_par' dir='ltr' id='par_1_93' title="bbox 1860 4671 3421 4748">
     <span class='ocr_line' id='line_1_93' title="bbox 1860 4671 3421 4748; baseline 0.009 -24"><span class='ocrx_word' id='word_1_712' title='bbox 1860 4671 2053 4740; x_wconf 88' lang='lat' dir='ltr'><strong>spiritu</strong></span> <span class='ocrx_word' id='word_1_713' title='bbox 2069 4672 2322 4726; x_wconf 92' lang='lat' dir='ltr'><strong>omnibus</strong></span> <span class='ocrx_word' id='word_1_714' title='bbox 2342 4674 2696 4730; x_wconf 83' lang='lat' dir='ltr'><strong>satisfaciant.</strong></span> <span class='ocrx_word' id='word_1_715' title='bbox 2717 4677 2818 4743; x_wconf 85' lang='lat' dir='ltr'><strong>Qui</strong></span> <span class='ocrx_word' id='word_1_716' title='bbox 2836 4679 3033 4748; x_wconf 88' lang='lat' dir='ltr'><strong>prioris</strong></span> <span class='ocrx_word' id='word_1_717' title='bbox 3052 4683 3310 4737; x_wconf 88' lang='lat' dir='ltr'><strong>rationem</strong></span> <span class='ocrx_word' id='word_1_718' title='bbox 3323 4683 3421 4737; x_wconf 88' lang='lat' dir='ltr'><strong>ha-</strong></span> 
     </span>
    </p>
   </div>
   <div class='ocr_carea' id='block_1_94' title="bbox 1850 4763 3416 4835">
    <p class='ocr_par' dir='ltr' id='par_1_94' title="bbox 1850 4763 3416 4835">
     <span class='ocr_line' id='line_1_94' title="bbox 1850 4763 3416 4835; baseline 0.01 -19"><span class='ocrx_word' id='word_1_719' title='bbox 1850 4763 1960 4828; x_wconf 89' lang='lat' dir='ltr'><strong>bet,</strong></span> <span class='ocrx_word' id='word_1_720' title='bbox 1977 4763 2146 4818; x_wconf 87' lang='lat' dir='ltr'><strong>altero</strong></span> <span class='ocrx_word' id='word_1_721' title='bbox 2166 4779 2225 4819; x_wconf 91' lang='lat' dir='ltr'><strong>se</strong></span> <span class='ocrx_word' id='word_1_722' title='bbox 2242 4764 2480 4834; x_wconf 85' lang='lat' dir='ltr'><strong>indigere</strong></span> <span class='ocrx_word' id='word_1_723' title='bbox 2498 4769 2748 4822; x_wconf 85' lang='lat' dir='ltr'><strong>ostendit.</strong></span> <span class='ocrx_word' id='word_1_724' title='bbox 2767 4768 2994 4835; x_wconf 89' lang='lat' dir='ltr'><strong>Quando</strong></span> <span class='ocrx_word' id='word_1_725' title='bbox 3006 4771 3146 4826; x_wconf 89' lang='lat' dir='ltr'><strong>enim</strong></span> <span class='ocrx_word' id='word_1_726' title='bbox 3162 4771 3326 4829; x_wconf 92' lang='lat' dir='ltr'><strong>Deum</strong></span> <span class='ocrx_word' id='word_1_727' title='bbox 3347 4776 3416 4831; x_wconf 84' lang='lat' dir='ltr'><strong>ad</strong></span> 
     </span>
    </p>
   </div>
   <div class='ocr_carea' id='block_1_95' title="bbox 1850 4850 3417 4937">
    <p class='ocr_par' dir='ltr' id='par_1_95' title="bbox 1850 4850 3417 4937">
     <span class='ocr_line' id='line_1_95' title="bbox 1850 4850 3417 4937; baseline 0.01 -31"><span class='ocrx_word' id='word_1_728' title='bbox 1850 4864 2034 4909; x_wconf 82' lang='lat' dir='ltr'><strong>votum</strong></span> <span class='ocrx_word' id='word_1_729' title='bbox 2070 4864 2316 4912; x_wconf 90' lang='lat' dir='ltr'><strong>nostrum</strong></span> <span class='ocrx_word' id='word_1_730' title='bbox 2335 4850 2578 4927; x_wconf 86' lang='lat' dir='ltr'><strong>paratum</strong></span> <span class='ocrx_word' id='word_1_731' title='bbox 2624 4861 2902 4930; x_wconf 86' lang='lat' dir='ltr'><strong>habemus,</strong></span> <span class='ocrx_word' id='word_1_732' title='bbox 2924 4863 3060 4918; x_wconf 89' lang='lat' dir='ltr'><strong>nihil</strong></span> <span class='ocrx_word' id='word_1_733' title='bbox 3088 4879 3195 4919; x_wconf 89' lang='lat' dir='ltr'><strong>non</strong></span> <span class='ocrx_word' id='word_1_734' title='bbox 3219 4881 3312 4934; x_wconf 90' lang='lat' dir='ltr'><strong>per</strong></span> <span class='ocrx_word' id='word_1_735' title='bbox 3337 4868 3417 4937; x_wconf 89' lang='lat' dir='ltr'><strong>ip-</strong></span> 
     </span>
    </p>
   </div>
   <div class='ocr_carea' id='block_1_96' title="bbox 173 4919 1838 5025">
    <p class='ocr_par' dir='ltr' id='par_1_96' title="bbox 173 4919 1823 5016">
     <span class='ocr_line' id='line_1_96' title="bbox 173 4919 1823 5016; baseline 0.012 -34"><span class='ocrx_word' id='word_1_736' title='bbox 173 4938 482 5008; x_wconf 74' lang='grc' dir='ltr'>τρὲχοντας</span> <span class='ocrx_word' id='word_1_737' title='bbox 519 4933 652 5002; x_wconf 71' lang='lat'><strong>(-26),</strong></span> <span class='ocrx_word' id='word_1_738' title='bbox 699 4935 783 4988; x_wconf 78' lang='grc' dir='ltr'><strong>ἵνα</strong></span> <span class='ocrx_word' id='word_1_739' title='bbox 840 4935 938 5007; x_wconf 81' lang='grc' dir='ltr'>τὴν</span> <span class='ocrx_word' id='word_1_740' title='bbox 974 4939 1208 5007; x_wconf 88' lang='grc' dir='ltr'>ματαίαν</span> <span class='ocrx_word' id='word_1_741' title='bbox 1245 4919 1422 5012; x_wconf 78' lang='grc' dir='ltr'>οἴησιν</span> <span class='ocrx_word' id='word_1_742' title='bbox 1463 4919 1747 5016; x_wconf 28' lang='grc' dir='ltr'>*θλίψιομεν</span> <span class='ocrx_word' id='word_1_743' title='bbox 1778 4919 1823 4975; x_wconf 78' lang='lat' dir='ltr'><strong>D</strong></span> 
     </span>
    </p>
   </div>
   <div class='ocr_carea' id='block_1_97' title="bbox 1750 4919 3415 5025">
    <p class='ocr_par' dir='ltr' id='par_1_97' title="bbox 1778 4919 3415 5025">
     <span class='ocr_line' id='line_1_97' title="bbox 1778 4919 3415 5025; baseline 0.009 -24"><span class='ocrx_word' id='word_1_744' title='bbox 1778 4919 1823 4975; x_wconf 72' lang='grc' dir='ltr'><strong>θ</strong></span> <span class='ocrx_word' id='word_1_745' title='bbox 1854 4963 1972 5002; x_wconf 87' lang='lat' dir='ltr'><strong>sum</strong></span> <span class='ocrx_word' id='word_1_746' title='bbox 2000 4963 2310 5018; x_wconf 89' lang='lat' dir='ltr'><strong>possumus.</strong></span> <span class='ocrx_word' id='word_1_747' title='bbox 2351 4949 2631 5007; x_wconf 84' lang='lat' dir='ltr'><strong>Hominem</strong></span> <span class='ocrx_word' id='word_1_748' title='bbox 2663 4954 2841 5023; x_wconf 89' lang='lat' dir='ltr'><strong>potius</strong></span> <span class='ocrx_word' id='word_1_749' title='bbox 2881 4969 3043 5025; x_wconf 87' lang='lat' dir='ltr'><strong>quam</strong></span> <span class='ocrx_word' id='word_1_750' title='bbox 3075 4957 3242 5012; x_wconf 91' lang='lat' dir='ltr'><strong>Deum</strong></span> <span class='ocrx_word' id='word_1_751' title='bbox 3280 4961 3415 5017; x_wconf 87' lang='lat' dir='ltr'><strong>velis</strong></span> 
     </span>
    </p>
   </div>
   <div class='ocr_carea' id='block_1_98' title="bbox 170 5023 1748 5109">
    <p class='ocr_par' dir='ltr' id='par_1_98' title="bbox 170 5023 1748 5109">
     <span class='ocr_line' id='line_1_98' title="bbox 170 5023 1748 5109; baseline 0.007 -29"><span class='ocrx_word' id='word_1_752' title='bbox 170 5029 282 5082; x_wconf 81' lang='grc' dir='ltr'>καὶ</span> <span class='ocrx_word' id='word_1_753' title='bbox 314 5023 628 5095; x_wconf 84' lang='grc' dir='ltr'>πλήξωμεν,</span> <span class='ocrx_word' id='word_1_754' title='bbox 664 5025 759 5079; x_wconf 78' lang='grc' dir='ltr'>καὶ</span> <span class='ocrx_word' id='word_1_755' title='bbox 791 5026 1165 5098; x_wconf 81' lang='grc' dir='ltr'>ἀπολέσωμεν.</span> <span class='ocrx_word' id='word_1_756' title='bbox 1200 5033 1452 5087; x_wconf 84' lang='grc' dir='ltr'>Χενιτεία</span> <span class='ocrx_word' id='word_1_757' title='bbox 1474 5036 1748 5109; x_wconf 85' lang='grc' dir='ltr'>ἀκροτάτη</span> 
     </span>
    </p>
   </div>
   <div class='ocr_carea' id='block_1_99' title="bbox 169 5116 1749 5200">
    <p class='ocr_par' dir='ltr' id='par_1_99' title="bbox 169 5116 1749 5200">
     <span class='ocr_line' id='line_1_99' title="bbox 169 5116 1749 5200; baseline 0.008 -27"><span class='ocrx_word' id='word_1_758' title='bbox 169 5119 294 5173; x_wconf 79' lang='grc' dir='ltr'>τῶν</span> <span class='ocrx_word' id='word_1_759' title='bbox 320 5116 580 5170; x_wconf 85' lang='grc' dir='ltr'>τοιούτων</span> <span class='ocrx_word' id='word_1_760' title='bbox 616 5117 790 5171; x_wconf 82' lang='grc' dir='ltr'>ἄθλων</span> <span class='ocrx_word' id='word_1_761' title='bbox 824 5120 1083 5190; x_wconf 79' lang='grc' dir='ltr'>πρόξενος</span> <span class='ocrx_word' id='word_1_762' title='bbox 1105 5138 1118 5150; x_wconf 84' lang='lat'><strong><em>°</em></strong></span> <span class='ocrx_word' id='word_1_763' title='bbox 1154 5126 1405 5194; x_wconf 87' lang='grc' dir='ltr'>μεγάλων</span> <span class='ocrx_word' id='word_1_764' title='bbox 1442 5127 1550 5200; x_wconf 83' lang='grc' dir='ltr'><strong>γὰρ</strong></span> <span class='ocrx_word' id='word_1_765' title='bbox 1583 5129 1749 5195; x_wconf 77' lang='grc' dir='ltr'>ὅντως</span> 
     </span>
    </p>
   </div>
   <div class='ocr_carea' id='block_1_100' title="bbox 169 5207 1751 5293">
    <p class='ocr_par' dir='ltr' id='par_1_100' title="bbox 169 5207 1751 5293">
     <span class='ocr_line' id='line_1_100' title="bbox 169 5207 1751 5293; baseline 0.009 -31"><span class='ocrx_word' id='word_1_766' title='bbox 169 5211 238 5273; x_wconf 78' lang='grc' dir='ltr'><strong>ἐξ</strong></span> <span class='ocrx_word' id='word_1_767' title='bbox 265 5207 489 5261; x_wconf 84' lang='grc' dir='ltr'>οἰκείων</span> <span class='ocrx_word' id='word_1_768' title='bbox 526 5207 712 5278; x_wconf 76' lang='grc' dir='ltr'>φέρειν</span> <span class='ocrx_word' id='word_1_769' title='bbox 762 5210 1147 5278; x_wconf 78' lang='grc' dir='ltr'>ὲμπαίζεσθαι.</span> <span class='ocrx_word' id='word_1_770' title='bbox 1197 5217 1290 5286; x_wconf 82' lang='grc' dir='ltr'><strong>Μὴ</strong></span> <span class='ocrx_word' id='word_1_771' title='bbox 1345 5217 1628 5293; x_wconf 78' lang='grc' dir='ltr'>θαμϐηθῇς</span> <span class='ocrx_word' id='word_1_772' title='bbox 1657 5225 1751 5277; x_wconf 74' lang='grc' dir='ltr'><strong>ἐπὶ</strong></span> 
     </span>
    </p>
   </div>
   <div class='ocr_carea' id='block_1_101' title="bbox 169 5300 1748 5382">
    <p class='ocr_par' dir='ltr' id='par_1_101' title="bbox 169 5300 1748 5382">
     <span class='ocr_line' id='line_1_101' title="bbox 169 5300 1748 5382; baseline 0.012 -32"><span class='ocrx_word' id='word_1_773' title='bbox 169 5304 300 5364; x_wconf 79' lang='grc' dir='ltr'>τοῖς</span> <span class='ocrx_word' id='word_1_774' title='bbox 346 5300 696 5370; x_wconf 85' lang='grc' dir='ltr'>εἰρημένοις·</span> <span class='ocrx_word' id='word_1_775' title='bbox 735 5301 910 5365; x_wconf 79' lang='grc' dir='ltr'>οὐδεὶς</span> <span class='ocrx_word' id='word_1_776' title='bbox 956 5305 1064 5374; x_wconf 84' lang='grc' dir='ltr'>γὰρ</span> <span class='ocrx_word' id='word_1_777' title='bbox 1110 5309 1350 5377; x_wconf 86' lang='grc' dir='ltr'>κλίμακα</span> <span class='ocrx_word' id='word_1_778' title='bbox 1390 5313 1479 5382; x_wconf 81' lang='grc' dir='ltr'><strong>ὑφ’</strong></span> <span class='ocrx_word' id='word_1_779' title='bbox 1520 5315 1578 5366; x_wconf 80' lang='grc' dir='ltr'><strong>’ἐν</strong></span> <span class='ocrx_word' id='word_1_780' title='bbox 1619 5333 1748 5369; x_wconf 88' lang='grc' dir='ltr'>ποτε</span> 
     </span>
    </p>
   </div>
   <div class='ocr_carea' id='block_1_102' title="bbox 170 5391 1746 5472">
    <p class='ocr_par' dir='ltr' id='par_1_102' title="bbox 170 5391 1746 5472">
     <span class='ocr_line' id='line_1_102' title="bbox 170 5391 1746 5472; baseline 0.009 -25"><span class='ocrx_word' id='word_1_781' title='bbox 170 5392 436 5447; x_wconf 84' lang='grc' dir='ltr'>ἀνελθεῖν</span> <span class='ocrx_word' id='word_1_782' title='bbox 479 5391 778 5462; x_wconf 79' lang='grc' dir='ltr'>δεδύνηται.</span> <span class='ocrx_word' id='word_1_783' title='bbox 833 5393 921 5448; x_wconf 86' lang='grc' dir='ltr'><strong>Ἐν</strong></span> <span class='ocrx_word' id='word_1_784' title='bbox 958 5398 1138 5470; x_wconf 85' lang='grc' dir='ltr'>τούτῳ</span> <span class='ocrx_word' id='word_1_785' title='bbox 1185 5402 1479 5469; x_wconf 85' lang='grc' dir='ltr'>γνώσονταί</span> <span class='ocrx_word' id='word_1_786' title='bbox 1527 5407 1746 5472; x_wconf 86' lang='grc' dir='ltr'>πάντες,</span> 
     </span>
    </p>
   </div>
   <div class='ocr_carea' id='block_1_103' title="bbox 168 5484 1752 5572">
    <p class='ocr_par' dir='ltr' id='par_1_103' title="bbox 168 5484 1752 5572">
     <span class='ocr_line' id='line_1_103' title="bbox 168 5484 1752 5572; baseline 0.008 -33"><span class='ocrx_word' id='word_1_787' title='bbox 168 5487 262 5539; x_wconf 82' lang='grc' dir='ltr'>ὅτι</span> <span class='ocrx_word' id='word_1_788' title='bbox 291 5485 433 5537; x_wconf 81' lang='grc' dir='ltr'>Θεοῦ</span> <span class='ocrx_word' id='word_1_789' title='bbox 472 5484 707 5554; x_wconf 87' lang='grc' dir='ltr'>μαθηταί</span> <span class='ocrx_word' id='word_1_790' title='bbox 748 5490 945 5557; x_wconf 75' lang='grc' dir='ltr'>ἐσμεν,</span> <span class='ocrx_word' id='word_1_791' title='bbox 982 5493 1081 5560; x_wconf 80' lang='grc' dir='ltr'>οὐχ</span> <span class='ocrx_word' id='word_1_792' title='bbox 1119 5491 1201 5545; x_wconf 80' lang='grc' dir='ltr'>ὅτι</span> <span class='ocrx_word' id='word_1_793' title='bbox 1239 5494 1308 5547; x_wconf 86' lang='grc' dir='ltr'><strong>τά</strong></span> <span class='ocrx_word' id='word_1_794' title='bbox 1342 5495 1589 5567; x_wconf 89' lang='grc' dir='ltr'>δαιμόνια</span> <span class='ocrx_word' id='word_1_795' title='bbox 1618 5501 1752 5572; x_wconf 79' lang='grc' dir='ltr'>ἡμῖν</span> 
     </span>
    </p>
   </div>
   <div class='ocr_carea' id='block_1_104' title="bbox 172 5575 1751 5661">
    <p class='ocr_par' dir='ltr' id='par_1_104' title="bbox 172 5575 1751 5661">
     <span class='ocr_line' id='line_1_104' title="bbox 172 5575 1751 5661; baseline 0.011 -31"><span class='ocrx_word' id='word_1_796' title='bbox 172 5580 200 5630; x_wconf 70' lang='grc' dir='ltr'>ί,</span> <span class='ocrx_word' id='word_1_797' title='bbox 216 5575 467 5630; x_wconf 84' lang='grc' dir='ltr'>πακούου</span> <span class='ocrx_word' id='word_1_798' title='bbox 477 5592 578 5641; x_wconf 82' lang='grc' dir='ltr'>σιν,</span> <span class='ocrx_word' id='word_1_799' title='bbox 612 5577 725 5630; x_wconf 84' lang='grc' dir='ltr'>ἀλλ’</span> <span class='ocrx_word' id='word_1_800' title='bbox 761 5577 849 5632; x_wconf 89' lang='grc' dir='ltr'>ὅτι</span> <span class='ocrx_word' id='word_1_801' title='bbox 877 5580 948 5633; x_wconf 85' lang='grc' dir='ltr'>τὰ</span> <span class='ocrx_word' id='word_1_802' title='bbox 969 5582 1226 5651; x_wconf 82' lang='grc' dir='ltr'>ὀνόματα</span> <span class='ocrx_word' id='word_1_803' title='bbox 1248 5587 1414 5656; x_wconf 76' lang='grc' dir='ltr'><strong>ἡμῶν</strong></span> <span class='ocrx_word' id='word_1_804' title='bbox 1433 5589 1751 5661; x_wconf 72' lang='grc' dir='ltr'>γέγραπται</span> 
     </span>
    </p>
   </div>
   <div class='ocr_carea' id='block_1_105' title="bbox 251 5707 1309 5786">
    <p class='ocr_par' dir='ltr' id='par_1_105' title="bbox 251 5707 1309 5786">
     <span class='ocr_line' id='line_1_105' title="bbox 251 5707 1309 5786; baseline 0.021 -32"><span class='ocrx_word' id='word_1_805' title='bbox 251 5711 302 5740; x_wconf 71' lang='grc' dir='ltr'><strong>η</strong></span> <span class='ocrx_word' id='word_1_806' title='bbox 341 5707 480 5762; x_wconf 85' lang='lat' dir='ltr'><strong>Psal.</strong></span> <span class='ocrx_word' id='word_1_807' title='bbox 515 5724 672 5773; x_wconf 75' lang='lat' dir='ltr'><strong>cxiii,</strong></span> <span class='ocrx_word' id='word_1_808' title='bbox 706 5711 754 5764; x_wconf 79' lang='grc'><strong>1.</strong></span> <span class='ocrx_word' id='word_1_809' title='bbox 831 5714 876 5744; x_wconf 85' lang='grc'><strong>¹⁰</strong></span> <span class='ocrx_word' id='word_1_810' title='bbox 905 5711 1048 5768; x_wconf 80' lang='lat' dir='ltr'><strong>l’sal.</strong></span> <span class='ocrx_word' id='word_1_811' title='bbox 1083 5731 1194 5786; x_wconf 77' lang='lat' dir='ltr'><strong>ut,</strong></span> <span class='ocrx_word' id='word_1_812' title='bbox 1225 5719 1309 5776; x_wconf 78' lang='grc'><strong>23,</strong></span> 
     </span>
    </p>
   </div>
   <div class='ocr_carea' id='block_1_106' title="bbox 254 5801 1118 5878">
    <p class='ocr_par' dir='ltr' id='par_1_106' title="bbox 254 5801 1118 5878">
     <span class='ocr_line' id='line_1_106' title="bbox 254 5801 1118 5878; baseline 0.009 -23"><span class='ocrx_word' id='word_1_813' title='bbox 254 5806 344 5868; x_wconf 75' lang='grc' dir='ltr'>(α)</span> <span class='ocrx_word' id='word_1_814' title='bbox 369 5801 424 5855; x_wconf 89' lang='lat' dir='ltr'><strong>S.</strong></span> <span class='ocrx_word' id='word_1_815' title='bbox 460 5803 813 5872; x_wconf 83' lang='lat' dir='ltr'><strong>Serapionem</strong></span> <span class='ocrx_word' id='word_1_816' title='bbox 849 5805 1118 5878; x_wconf 85' lang='lat' dir='ltr'><strong>intelligit.</strong></span> 
     </span>
    </p>
   </div>
   <div class='ocr_carea' id='block_1_107' title="bbox 1854 5039 3414 5122">
    <p class='ocr_par' dir='ltr' id='par_1_107' title="bbox 1854 5039 3414 5122">
     <span class='ocr_line' id='line_1_107' title="bbox 1854 5039 3414 5122; baseline 0.008 -28"><span class='ocrx_word' id='word_1_817' title='bbox 1854 5039 2142 5104; x_wconf 81' lang='lat' dir='ltr'><strong>oﬁendere,</strong></span> <span class='ocrx_word' id='word_1_818' title='bbox 2168 5043 2260 5112; x_wconf 90' lang='lat' dir='ltr'><strong>qui</strong></span> <span class='ocrx_word' id='word_1_819' title='bbox 2295 5043 2549 5113; x_wconf 84' lang='lat' dir='ltr'><strong>gaudium</strong></span> <span class='ocrx_word' id='word_1_820' title='bbox 2575 5045 2791 5114; x_wconf 88' lang='lat' dir='ltr'><strong>quando</strong></span> <span class='ocrx_word' id='word_1_821' title='bbox 2809 5062 2910 5103; x_wconf 91' lang='lat' dir='ltr'><strong>nos</strong></span> <span class='ocrx_word' id='word_1_822' title='bbox 2932 5047 3073 5104; x_wconf 86' lang='lat' dir='ltr'><strong>videt</strong></span> <span class='ocrx_word' id='word_1_823' title='bbox 3094 5051 3160 5104; x_wconf 90' lang='lat' dir='ltr'><strong>ad</strong></span> <span class='ocrx_word' id='word_1_824' title='bbox 3185 5051 3414 5122; x_wconf 85' lang='lat' dir='ltr'><strong>ignomi-</strong></span> 
     </span>
    </p>
   </div>
   <div class='ocr_carea' id='block_1_108' title="bbox 1855 5133 3418 5202">
    <p class='ocr_par' dir='ltr' id='par_1_108' title="bbox 1855 5133 3418 5202">
     <span class='ocr_line' id='line_1_108' title="bbox 1855 5133 3418 5202; baseline 0.008 -16"><span class='ocrx_word' id='word_1_825' title='bbox 1855 5133 1997 5186; x_wconf 88' lang='lat' dir='ltr'><strong>niam</strong></span> <span class='ocrx_word' id='word_1_826' title='bbox 2030 5148 2338 5202; x_wconf 86' lang='lat' dir='ltr'><strong>properare,</strong></span> <span class='ocrx_word' id='word_1_827' title='bbox 2371 5143 2430 5188; x_wconf 91' lang='lat' dir='ltr'><strong>ut</strong></span> <span class='ocrx_word' id='word_1_828' title='bbox 2457 5135 2675 5190; x_wconf 83' lang='lat' dir='ltr'><strong>stultam</strong></span> <span class='ocrx_word' id='word_1_829' title='bbox 2718 5140 2886 5194; x_wconf 88' lang='lat' dir='ltr'><strong>nostri</strong></span> <span class='ocrx_word' id='word_1_830' title='bbox 2921 5141 3331 5197; x_wconf 62' lang='lat' dir='ltr'><strong>aestimationem</strong></span> <span class='ocrx_word' id='word_1_831' title='bbox 3369 5176 3418 5200; x_wconf 57' lang='grc' dir='ltr'><strong>μ.</strong></span> 
     </span>
    </p>
   </div>
   <div class='ocr_carea' id='block_1_109' title="bbox 1854 5225 3425 5296">
    <p class='ocr_par' dir='ltr' id='par_1_109' title="bbox 1854 5225 3425 5296">
     <span class='ocr_line' id='line_1_109' title="bbox 1854 5225 3425 5296; baseline 0.008 -17"><span class='ocrx_word' id='word_1_832' title='bbox 1854 5226 2214 5294; x_wconf 85' lang='lat' dir='ltr'><strong>arrogantiam</strong></span> <span class='ocrx_word' id='word_1_833' title='bbox 2244 5225 2562 5296; x_wconf 83' lang='lat' dir='ltr'><strong>aﬂligamus,</strong></span> <span class='ocrx_word' id='word_1_834' title='bbox 2589 5229 2854 5285; x_wconf 86' lang='lat' dir='ltr'><strong>elidamus</strong></span> <span class='ocrx_word' id='word_1_835' title='bbox 2881 5239 2934 5286; x_wconf 92' lang='lat' dir='ltr'><strong>et</strong></span> <span class='ocrx_word' id='word_1_836' title='bbox 2972 5235 3425 5293; x_wconf 48' lang='lat' dir='ltr'><strong>exterminemus.‘</strong></span> 
     </span>
    </p>
   </div>
   <div class='ocr_carea' id='block_1_110' title="bbox 1855 5318 3414 5398">
    <p class='ocr_par' dir='ltr' id='par_1_110' title="bbox 1855 5318 3414 5398">
     <span class='ocr_line' id='line_1_110' title="bbox 1855 5318 3414 5398; baseline 0.008 -27"><span class='ocrx_word' id='word_1_837' title='bbox 1855 5318 2174 5389; x_wconf 83' lang='lat' dir='ltr'><strong>Hujusmodi</strong></span> <span class='ocrx_word' id='word_1_838' title='bbox 2207 5323 2501 5377; x_wconf 86' lang='lat' dir='ltr'><strong>certamina</strong></span> <span class='ocrx_word' id='word_1_839' title='bbox 2529 5333 2932 5380; x_wconf 75' lang='lat' dir='ltr'><strong>creatextrema</strong></span> <span class='ocrx_word' id='word_1_840' title='bbox 2963 5326 3087 5398; x_wconf 79' lang='lat' dir='ltr'><strong>fuga</strong></span> <span class='ocrx_word' id='word_1_841' title='bbox 3107 5331 3289 5384; x_wconf 58' lang='lat' dir='ltr'><strong>saeculi</strong></span> <span class='ocrx_word' id='word_1_842' title='bbox 3319 5347 3414 5386; x_wconf 88' lang='lat' dir='ltr'><strong>seu</strong></span> 
     </span>
    </p>
   </div>
   <div class='ocr_carea' id='block_1_111' title="bbox 1855 5411 3419 5482">
    <p class='ocr_par' dir='ltr' id='par_1_111' title="bbox 1855 5411 3419 5482">
     <span class='ocr_line' id='line_1_111' title="bbox 1855 5411 3419 5482; baseline 0.008 -18"><span class='ocrx_word' id='word_1_843' title='bbox 1855 5412 2228 5482; x_wconf 81' lang='lat' dir='ltr'><strong>peregrinatio.</strong></span> <span class='ocrx_word' id='word_1_844' title='bbox 2263 5411 2577 5482; x_wconf 82' lang='lat' dir='ltr'><strong>Magnorum</strong></span> <span class='ocrx_word' id='word_1_845' title='bbox 2619 5417 2761 5470; x_wconf 90' lang='lat' dir='ltr'><strong>enim</strong></span> <span class='ocrx_word' id='word_1_846' title='bbox 2797 5432 2982 5474; x_wconf 89' lang='lat' dir='ltr'><strong>revera</strong></span> <span class='ocrx_word' id='word_1_847' title='bbox 3050 5421 3287 5475; x_wconf 87' lang='lat' dir='ltr'><strong>virorum</strong></span> <span class='ocrx_word' id='word_1_848' title='bbox 3334 5431 3419 5476; x_wconf 86' lang='lat' dir='ltr'><strong>est</strong></span> 
     </span>
    </p>
   </div>
   <div class='ocr_carea' id='block_1_112' title="bbox 1858 5504 3417 5580">
    <p class='ocr_par' dir='ltr' id='par_1_112' title="bbox 1858 5504 3417 5580">
     <span class='ocr_line' id='line_1_112' title="bbox 1858 5504 3417 5580; baseline 0.005 -22"><span class='ocrx_word' id='word_1_849' title='bbox 1858 5504 1926 5558; x_wconf 88' lang='lat' dir='ltr'><strong>ab</strong></span> <span class='ocrx_word' id='word_1_850' title='bbox 1972 5505 2283 5560; x_wconf 76' lang='lat' dir='ltr'><strong>domesticis</strong></span> <span class='ocrx_word' id='word_1_851' title='bbox 2336 5514 2389 5559; x_wconf 90' lang='lat' dir='ltr'><strong>et</strong></span> <span class='ocrx_word' id='word_1_852' title='bbox 2432 5504 2787 5564; x_wconf 82' lang='lat' dir='ltr'><strong>familiaribus</strong></span> <span class='ocrx_word' id='word_1_853' title='bbox 2865 5509 3094 5565; x_wconf 86' lang='lat' dir='ltr'><strong>ludibria</strong></span> <span class='ocrx_word' id='word_1_854' title='bbox 3135 5511 3264 5580; x_wconf 83' lang='lat' dir='ltr'><strong>pati.</strong></span> <span class='ocrx_word' id='word_1_855' title='bbox 3304 5510 3417 5567; x_wconf 84' lang='lat' dir='ltr'><strong>Nec</strong></span> 
     </span>
    </p>
   </div>
   <div class='ocr_carea' id='block_1_113' title="bbox 1861 5595 3414 5671">
    <p class='ocr_par' dir='ltr' id='par_1_113' title="bbox 1861 5595 3414 5671">
     <span class='ocr_line' id='line_1_113' title="bbox 1861 5595 3414 5671; baseline 0.003 -19"><span class='ocrx_word' id='word_1_856' title='bbox 1861 5606 1941 5652; x_wconf 89' lang='lat' dir='ltr'><strong>est</strong></span> <span class='ocrx_word' id='word_1_857' title='bbox 1969 5597 2112 5666; x_wconf 90' lang='lat' dir='ltr'><strong>quod</strong></span> <span class='ocrx_word' id='word_1_858' title='bbox 2136 5611 2299 5666; x_wconf 82' lang='lat' dir='ltr'><strong>super</strong></span> <span class='ocrx_word' id='word_1_859' title='bbox 2332 5595 2419 5651; x_wconf 86' lang='lat' dir='ltr'><strong>his</strong></span> <span class='ocrx_word' id='word_1_860' title='bbox 2443 5597 2599 5652; x_wconf 86' lang='lat' dir='ltr'><strong>dictis</strong></span> <span class='ocrx_word' id='word_1_861' title='bbox 2619 5599 2997 5670; x_wconf 69' lang='lat' dir='ltr'><strong>obstupescas&#39;</strong></span> <span class='ocrx_word' id='word_1_862' title='bbox 3034 5615 3194 5656; x_wconf 90' lang='lat' dir='ltr'><strong>nemo</strong></span> <span class='ocrx_word' id='word_1_863' title='bbox 3217 5600 3414 5671; x_wconf 87' lang='lat' dir='ltr'><strong>quippe</strong></span> 
     </span>
    </p>
   </div>
   <div class='ocr_carea' id='block_1_114' title="bbox 1929 5821 2668 5886">
    <p class='ocr_par' dir='ltr' id='par_1_114' title="bbox 1929 5821 2668 5886">
     <span class='ocr_line' id='line_1_114' title="bbox 1929 5821 2668 5886; baseline -0.003 -8"><span class='ocrx_word' id='word_1_864' title='bbox 1929 5821 2003 5886; x_wconf 76' lang='lat' dir='ltr'><strong>ib)</strong></span> <span class='ocrx_word' id='word_1_865' title='bbox 2041 5821 2226 5878; x_wconf 86' lang='lat' dir='ltr'><strong>Simon</strong></span> <span class='ocrx_word' id='word_1_866' title='bbox 2261 5821 2420 5880; x_wconf 84' lang='lat' dir='ltr'><strong>Salus</strong></span> <span class='ocrx_word' id='word_1_867' title='bbox 2454 5823 2541 5879; x_wconf 92' lang='lat' dir='ltr'><strong>hic</strong></span> <span class='ocrx_word' id='word_1_868' title='bbox 2568 5823 2668 5876; x_wconf 85' lang='lat' dir='ltr'><strong>fuit</strong></span> 
     </span>
    </p>
   </div>
  </div>
