4216 6458
777 468 884 532 999

2027 466 2085 525 S.
2115 462 2436 525 JOANNIS
2461 462 2764 523 CLIMAC]

3890 455 4030 520 1000

774 581 936 634 simul
995 592 1102 632 uno
1166 593 1328 648 passu
1397 577 1560 649 [saltu
1626 595 1717 632 seu
1765 575 1958 648 gradu]
2015 585 2179 629 totam
2228 577 2390 638 δραι,

2454 575 2623 640 ἐνεῷ
2645 577 2879 643 οὐρανῳ
2915 573 3014 641 τῆς
3059 569 3459 632 ταπεινώσεως.
3503 568 3566 621 Ἢ
3629 567 3728 638 μὲν
3776 567 4033 638 ἀκαρπία

774 673 879 724 lant
910 670 1270 725 conscendere
1299 671 1490 738 potuit.
1549 669 1604 723 In
1657 673 1760 723 hoc
1810 681 2202 738 cognoscemus
2248 681 2349 720 nos

773 761 864 814 Dei
893 761 1187 830 discipulos
1227 776 1367 824 esse,
1402 775 1509 814 non
1537 761 1679 828 quod
1727 760 1882 813 nobis
1905 759 2178 812 daemones
2221 759 2351 811 sub-

769 855 1054 923 jiciantur,
1144 853 1235 906 sed
1269 854 1408 922 quod
1434 855 1642 905 nomina
1673 861 1853 904 nostra
1906 851 2101 918 scripta
2152 850 2258 902 sint
2295 851 2352 903 in

2455 668 2617 735 φύσει
2641 670 2722 730 εἰς
2763 665 2896 736 ὕψος
2918 669 3041 728 τοὺς
3069 664 3177 716 τῶν
3217 663 3527 734 λεγομένων
3560 661 3760 731 κίτρων
3793 660 4029 722 κλάδοις

2455 759 2691 828 ἀνυψοῦν
2719 759 2929 828 πέφυκε
2947 773 2961 786 ο
2993 755 3481 825 κατακαμφθέντες
3507 755 3563 806 δὲ
3593 753 3786 806 θᾶττον
3811 767 4027 820 καρπο-

2459 851 2617 920 φόροι
2647 851 2905 918 γίνονται.
2961 849 3022 900 '0
3051 847 3314 918 νουνεχῶς
3343 847 3505 913 γνοὺς
3530 846 3839 898 ἐπίσταται.

774 947 905 1000 caelo
965 946 1286 1010 humilitatis
1313 948 1381 999 ’¹.
1431 945 1586 1014 321
1640 944 1909 998 Steriiitas
1957 943 2211 995 arborum
2267 949 2456 996 natura
2522 958 2621 998 sua
2671 957 2852 998 ramos
2924 942 3219 1004 citrorum,
3251 948 3311 994 ut
3336 940 3694 1009 appellantur,
3739 939 3792 992 in
3849 939 4030 990 altum

777 1042 968 1094 tollere
1022 1039 1584 1100 solet,curvesceutes
1620 1053 1747 1092 vero
1775 1038 1935 1092 citius
1983 1035 2192 1090 fructus
2235 1043 2618 1104 progenerant.
2668 1034 2810 1100 Quid
2871 1035 2977 1088 hoc
3029 1033 3133 1088 sibi
3175 1033 3302 1087 velit
3374 1034 3648 1102 intelligit,
3703 1033 3796 1103 qui
3874 1047 4031 1084 men-

778 1142 882 1185 tem
908 1131 1156 1184 advertit.

845 1220 1057 1276 Gradus
1089 1221 1176 1275 hic
1203 1229 1401 1274 sancta:
1434 1221 1598 1289 hujus
1659 1220 1880 1302 virtutis
1917 1222 2115 1288 prabet
2156 1235 2348 1274 ascen-

779 1328 898 1367 Sum
949 1312 1040 1382 (ad
1064 1311 1251 1378 Deum)
1291 1327 1415 1364 cum
1456 1311 1631 1365 fructu
1665 1312 1963 1371 tricesimo,
2004 1312 2343 1380 sexagesimo

780 1414 835 1459 ct
869 1404 1183 1460 centesimo.
1219 1403 1298 1456 Ad
1329 1420 1602 1457 summum
1629 1405 1863 1457 evadunt
1903 1404 1937 1456 ii
1979 1404 2071 1471 qui
2127 1403 2350 1457 devictis

770 1499 1035 1565 omnibus
1061 1495 1227 1550 animi
1259 1497 1754 1566 perturbationibus
1775 1499 1840 1549 ad
1876 1512 2147 1551 summam
2195 1511 2349 1548 tncn-

785 1587 856 1642 tis
887 1585 1327 1654 tranquillitatem
1347 1597 1724 1654 pervenerunt.
1757 1584 1812 1639 In
1834 1586 2010 1639 medio
2042 1585 2351 1639 consistunt

785 1679 1032 1748 generosi
1081 1679 1315 1733 athletas
1383 1678 1464 1731 Ad
1517 1678 1752 1747 primum
1805 1677 2099 1749 [intimum]
2167 1692 2356 1733 onmes

783 1771 1023 1840 aspirare
1069 1769 1456 1840 possunt.’Qui
1514 1786 1573 1824 se
1632 1772 1810 1838 ipsum
1857 1771 2025 1834 novit,
2056 1786 2354 1839 'nunquam

783 1867 1082 1921 committet
1110 1875 1169 1918 ut
1205 1865 1461 1919 illudatur
1489 1866 1540 1917 in
1576 1865 1740 1920 rebus
1788 1880 1908 1934 qua:
1953 1865 2125 1934 ipsius
2181 1863 2353 1918 facul-

786 1970 951 2014 tatem
1009 1970 1267 2028 superant
1309 1958 1702 2028 aggrediendis,
1762 1958 1854 2012 sed
1894 1959 2081 2027 pedem
2135 1958 2247 2027 jam
2295 1959 2348 2012 in

2528 1216 2810 1285 Κέκτηται
2855 1218 2884 1267 ό
2908 1216 3005 1284 τῆς
3035 1215 3192 1277 ὁσίας
3233 1213 3431 1286 ταύτης
3463 1216 3612 1286 παρά
3659 1215 3778 1286 Θεῷ
3824 1217 4034 1288 βαθμὸς

2452 1308 2514 1360 ὲν
2541 1309 2836 1377 τριάκοντα
2881 1308 2978 1360 καὶ
3025 1309 3083 1358 ὲν
3132 1306 3396 1376 ἐξήκοντα
3427 1307 3564 1375 (9.7),
3607 1311 3701 1359 καὶ
3734 1311 3792 1362 ἐν
3830 1310 4034 1362 ἑκατὸν

2454 1399 2556 1469 τὴν
2587 1399 2874 1460 ἀνάϐασιν,
2921 1399 3015 1450 καὶ
3051 1401 3108 1450 ὲν
3133 1397 3211 1467 τῷ
3256 1398 3468 1468 ἐσχάτῳ
3507 1400 3554 1450 οἱ
3595 1399 3844 1462 ἀπαθεῖς,
3881 1403 3943 1451 ἐν
3977 1400 4033 1452 δὲ

2455 1493 2534 1562 τῷ
2565 1493 2714 1562 μέσῳ
2755 1493 2805 1544 οἱ
2838 1490 3093 1562 ἀνδρεῖοι.
3134 1491 3224 1544 Ἑν
3249 1489 3305 1543 δὲ
3339 1489 3415 1561 τῷ
3448 1492 3648 1561 πρώτῳ
3696 1493 3900 1555 πάντες
3943 1494 4029 1544 άν-

2457 1586 2632 1638 ελθεῖν
2684 1584 2970 1638 δύνανταιο
3002 1583 3031 1634 ὁ
3067 1585 3227 1651 γνοὺς
3265 1583 3456 1637 ἑαυτὸν
3512 1584 3768 1636 οὐδέποτε
3821 1587 4034 1655 ἐμπαι-

2454 1677 2602 1746 χθεξ
2630 1678 2688 1729 ἐν
2718 1679 2829 1738 τοῖς
2865 1674 3004 1745 ὑπὲρ
3049 1673 3241 1727 ἑαυτὸν
3273 1675 3675 1746 ἐπιχειρήσειεν
3705 1693 3716 1703 ·
3747 1675 3888 1728 ἀλλὰ
3940 1676 4031 1745 βέ-

2454 1768 2593 1838 ϐηκε
2621 1767 2807 1821 λοιπὸν
2835 1766 2926 1819 τὸν
2955 1765 3091 1818 πόδα
3115 1765 3210 1818 ἐπὶ
3231 1766 3330 1836 τὴν
3359 1765 3636 1836 μακαρίαν
3670 1766 3880 1836 ταύτην
3928 1769 4034 1838 τρί-

2453 1859 2568 1914 ϐον.
2591 1858 2902 1912 Δεδείκασιν
2931 1857 3024 1930 [aL
3053 1856 3378 1928 δεδοίκασιν]
3403 1857 3584 1926 ὄρνεις
3618 1857 3842 1926 ἱέρακος
3863 1853 4031 1920 εἶδος,

2452 1952 2680 2024 ἐργάται
2706 1951 2764 2005 δὲ
2802 1949 3006 2020 ταύτης
3043 1947 3351 2017 ἀντιλογίας
3380 1943 3513 2019 ἦχον
3551 1946 3683 2018 (28).
3721 1949 3885 2000 Ἄνευ
3937 1950 4036 2018 μὲν

785 2063 986 2107 sancta:
1021 2051 1341 2106 humilitatis
1395 2051 1586 2106 semita
1622 2050 1874 2104 ﬁrmavit.
1911 2048 2177 2104 Tremunt
2228 2052 2345 2105 avi-
2379 2040 2390 2099 Ι

2454 2043 2828 2115 προρρήσεων,
2862 2039 2957 2094 καὶ
2977 2037 3316 2109 ὲλλάμψεων,
3343 2040 3435 2091 καὶ
3465 2037 3727 2108 σημείων,
3747 2037 3844 2090 καὶ
3873 2039 4039 2106 τερά-

783 2145 919 2199 cuia:
945 2144 1012 2198 ad
1042 2144 1314 2213 accipitris
1340 2152 1708 2211 conspectum,
1772 2151 1823 2196 et
1860 2141 2180 2196 humilitatis
2233 2151 2351 2195 stu-

783 2237 919 2290 diosi
961 2236 1026 2290 ad
1062 2251 1249 2290 vocem
1277 2235 1640 2303 ubloquentis.
1704 2235 1832 2289 Sine
1889 2233 2348 2303 praedictioaibus,

785 2328 1236 2383 illustratiouibus
1267 2327 1466 2381 divinis
1486 2342 1580 2381 seu
1624 2327 1774 2391 visis,
1798 2326 1968 2393 signis
1989 2335 2042 2382 et
2098 2326 2354 2396 prodigiis

786 2419 941 2474 multi
977 2418 1205 2472 salutem
1232 2419 1512 2472 consecuti
1545 2427 1693 2483 sunt,
1732 2416 1824 2471 sed
1871 2417 1987 2471 sine
2042 2416 2348 2471 humilitate

789 2524 950 2564 nemo
1013 2525 1254 2580 unquam
1322 2511 1376 2563 in
1419 2509 1713 2563 thalamum
1774 2509 1959 2579 sponsi
2003 2510 2350 2578 ingredietur.

791 2601 924 2656 Nam
956 2603 1170 2656 illorum
1213 2601 1451 2672 priorum
1494 2603 1773 2670 signorum
1849 2603 1959 2656 haec
2019 2602 2188 2655 altera
2249 2601 2356 2656 (ida

788 2707 972 2751 custos
1013 2705 1113 2750 est.
1167 2693 1318 2748 llanc
1347 2704 1527 2748 autem
1561 2695 1649 2748 illa
1717 2695 1771 2748 in
1825 2709 1938 2748 non
1997 2695 2133 2749 satis
2187 2694 2356 2750 ﬁrmis

788 2787 1242 2841 exterminarunt.
1272 2785 1496 2839 Factum
1526 2796 1609 2840 est
1640 2786 1804 2839 etiam
1832 2785 2091 2840 divinitus
2149 2787 2214 2839 ad
2256 2787 2357 2838 hu-

791 2893 1077 2948 miliandos
1111 2907 1211 2946 nos
1243 2894 1403 2946 etiam
1438 2891 1633 2944 invitos
1662 2890 1782 2957 hoc,
1834 2902 1893 2944 ut
1926 2906 2085 2945 nemo
2133 2905 2358 2946 suorum

791 2991 1072 3043 vulnerum
1112 2989 1260 3041 labes
1291 2997 1398 3040 tam
1439 2989 1575 3042 bene
1632 2987 1900 3056 inspicere
1942 2987 2136 3056 possit,
2193 3003 2356 3057 quam

791 3087 858 3138 ab
885 3086 1053 3138 altero
1089 3085 1358 3137 videntur.
1404 3080 1640 3136 Proinde
1677 3097 1900 3137 necesse
1929 3091 2094 3138 estut
2123 3092 2353 3153 recepta:

791 3179 1040 3233 sanitatis
1069 3179 1299 3248 gratiam
1330 3192 1436 3231 non
1473 3177 1628 3230 nobis
1653 3177 2014 3244 ascribamus,
2047 3178 2142 3232 sed
2203 3180 2358 3235 alteri

790 3281 847 3325 et
879 3269 988 3325 Deo
1012 3270 1066 3324 in
1100 3269 1336 3338 acceptis
1367 3267 1691 3323 referamus.
1723 3267 1958 3324 Humilis
1992 3269 2154 3324 corde
2204 3287 2358 3326 suam

797 3365 1123 3416 voluntatem
1161 3376 1374 3431 semper
1406 3370 1664 3431 tauquam
1696 3361 2056 3429 deceptricetn
2110 3377 2360 3418 exsecra-

796 3480 904 3534 tur,
929 3479 983 3524 et
1009 3470 1061 3523 in
1085 3468 1335 3539 precibus
1356 3468 1469 3522 suis
1489 3468 1554 3522 ad
1575 3465 1740 3521 Deum
1759 3466 2060 3521 certissima
2078 3465 2179 3521 ﬁde
2203 3469 2363 3525 nixus

797 3573 853 3617 et
881 3571 1182 3632 opportuna
1213 3561 1316 3616 sibi
1355 3561 1563 3614 discere
1605 3557 1978 3630 [cognoscere]
2034 3567 2089 3613 et
2144 3560 2366 3616 obedire

806 3654 1109 3719 consuevit,
1145 3652 1348 3706 nonad
1392 3668 1572 3706 mores
1605 3661 1661 3705 ct
1715 3653 1876 3706 vitam
1928 3651 2089 3721 322
2139 3668 2363 3707 suorum

799 3757 1183 3815 praceptorum
1215 3755 1470 3808 attentus,
1519 3744 1610 3798 sed
1642 3745 1788 3798 omni
1814 3760 1945 3798 cura
1977 3743 2086 3798 Deo
2112 3747 2366 3800 commis-

798 3857 881 3904 sa,
915 3842 1007 3910 qui
1039 3841 1198 3894 etiam
1232 3854 1326 3909 per
1351 3839 1559 3892 asinam
1609 3847 1787 3892 vatem
1851 3837 2066 3891 Balaam
2125 3854 2368 3894 net-essa-

801 3934 880 3988 ria
924 3932 1130 3986 docuit.
1171 3930 1494 4000 Hujusmodi
1557 3945 1748 3985 servus
1778 3931 1865 3984 Dei
1926 3931 2138 3984 etiamsi
2185 3931 2366 3985 omnia

798 4043 867 4082 ex
902 4027 990 4081 Dei
1029 4027 1303 4081 voluntate
1333 4034 1476 4095 agat,
1548 4025 1748 4094 cogitet
1793 4033 1847 4080 et
1900 4025 2175 4094 loquatur,
2234 4027 2369 4080 nihil

801 4133 980 4174 tamen
1011 4120 1114 4172 sibi
1148 4120 1396 4173 ascribit.
1435 4117 1579 4173 Crux
1605 4125 1766 4173 estet
1797 4132 1958 4188 grave
1988 4133 2127 4172 onus
2156 4118 2367 4182 humili,

755 4224 757 4226 '
798 4213 1019 4281 quando
1043 4211 1146 4265 sibi
1180 4211 1402 4265 credere
1427 4211 1658 4279 cogitur,
1713 4209 1794 4264 uti
1841 4210 2094 4278 superbo,
2152 4212 2370 4279 quando

800 4307 1024 4360 alterius
1062 4305 1327 4361 sententia
1356 4303 1774 4372 starejubetur.
1833 4302 1960 4356 Mihi
2021 4305 2195 4372 angeli
2251 4319 2372 4360 esse

801 4397 1038 4461 videtur,
1073 4410 1350 4465 nunquam
1377 4396 1540 4449 etiam
1592 4393 1776 4448 furtim
1815 4393 1870 4447 in
1920 4404 2198 4462 peccatum
2251 4410 2372 4461 per-

803 4489 969 4552 trahi,
1015 4503 1138 4543 cum
1200 4487 1416 4541 audiam
1471 4486 1540 4540 ab
1587 4485 1780 4554 angelo
1837 4487 2074 4539 terresu-i
2123 4485 2370 4539 dictum:

807 4580 959 4634 Nihil
992 4580 1120 4633 mihi
1152 4580 1391 4632 conscius
1421 4593 1556 4641 sunt,
1589 4577 1679 4631 sed
1701 4593 1805 4630 non
1841 4577 1897 4630 in
1927 4576 2022 4628 hoc
2042 4578 2372 4645 Iusti/iectus

801 4689 956 4736 sum;
993 4673 1082 4742 qui
1109 4681 1282 4724 autem
1299 4670 1507 4739 judtcat
1535 4685 1634 4734 me,
1671 4669 1922 4721 Dominus
1962 4679 2038 4721 est
2089 4671 2154 4722 “.
2192 4668 2374 4738 Itaque

807 4781 1030 4818 necesse
1059 4773 1140 4817 est
1192 4764 1264 4816 uti
1323 4771 1578 4830 perpetuo
1614 4776 1714 4814 nos
1758 4761 1907 4829 ipsos
1949 4761 2374 4817 condemnemus
2405 4747 2449 4802 Ῑ)

807 4871 862 4913 et
885 4856 1360 4926 reprehendamus,
1399 4863 1456 4906 ut
1486 4869 1578 4922 per
1609 4855 1964 4908 voluntariam
1999 4853 2168 4906 nostri
2221 4853 2374 4923 ahje-

806 4951 1042 5006 etimiem
1076 4955 1130 5001 et
1160 4946 1419 5000 vilitatem
1466 4946 1534 5000 ab
1591 4961 1699 4999 non
1767 4945 2087 5000 voluntariis
2134 4945 2377 5015 lapsibus

811 5043 1163 5100 defendamur
1193 5051 1248 5096 et
1299 5055 1646 5097 excusemur.
1693 5039 1847 5104 Quod
1902 5040 2005 5094 nisi
2062 5040 2376 5103 fecerimus,

813 5139 868 5192 in
916 5137 1060 5191 exitu
1091 5136 1212 5189 vita:
1232 5133 1412 5204 gravis
1444 5132 1668 5187 omnino
1690 5133 1757 5187 de
1815 5133 1882 5186 iis
1957 5148 1987 5185 a
2041 5133 2196 5188 nobis
2240 5135 2379 5188 ratio

810 5232 1077 5302 exigetur.
1123 5230 1226 5296 Qui
1272 5244 1302 5282 a
1343 5227 1452 5281 Deo
1489 5226 1692 5297 aliquid
1723 5227 1874 5296 petit,
1930 5227 2075 5296 quod
2105 5228 2242 5282 infra
2274 5244 2374 5282 sua

814 5325 1006 5380 merita
1040 5335 1142 5385 est,
1177 5323 1296 5376 sine
1323 5320 1664 5376 dubitatione
1696 5322 1924 5391 accipiet
1951 5339 2073 5390 quae
2099 5339 2262 5392 supra
2296 5324 2377 5393 ip-

802 5422 930 5487 sius
976 5420 1266 5488 promerita
1300 5425 1448 5474 sunt.
1482 5419 1658 5487 Atque
1695 5418 1798 5473 hoc
1853 5418 2178 5488 publicanus
2235 5429 2376 5475 atte-

810 5522 990 5567 statur
1019 5511 1084 5575 ⁸³,
1112 5511 1204 5580 qui
1233 5526 1353 5565 cum
1395 5510 1766 5564 remissionem
1809 5510 2072 5566 duntaxat
2127 5522 2379 5581 peccato-

819 5619 939 5657 rum
983 5602 1251 5672 petiisset,
1293 5601 1558 5668 justitiam
1591 5603 1906 5667 reportavit.
1939 5601 2100 5656 Latro
2145 5603 2232 5657 ille
2258 5614 2377 5657 tau-

821 5704 934 5749 tum
969 5703 1187 5764 rogarat
1215 5693 1488 5748 Christum
1522 5701 1576 5747 ut
1625 5693 1708 5747 sui
1744 5709 1951 5748 memor
2002 5705 2145 5749 esset
2189 5697 2240 5748 in
2295 5712 2380 5748 re-

821 5804 930 5861 gno
963 5804 1080 5851 suo,
1130 5796 1181 5840 et
1213 5787 1376 5841 totius
1405 5787 1639 5856 paradisi
1673 5787 1863 5850 hzeres,
1900 5798 1954 5842 et
1985 5790 2193 5858 primus
2251 5790 2376 5858 qui-

895 5923 940 5956 “
963 5921 1095 5979 Luc.
1122 5923 1309 5982 x.‘.’0.-
1356 5926 1398 5956 ²¹
1431 5923 1446 5977 l
1476 5923 1598 5979 Cor.
1643 5939 1712 5989 tv,
1753 5926 1802 5979 ί.

2450 2153 2560 2189 των
2582 2133 2766 2188 πολλοὶ
2793 2134 2891 2205 τῆς
2925 2133 3196 2203 σωτηρίας
3219 2132 3578 2202 τετυχήκασιν
3601 2148 3616 2160 ·
3648 2131 3779 2183 ἄνευ
3805 2130 3862 2183 δὲ
3896 2130 4033 2182 ταύο

2451 2245 2549 2298 της
2593 2227 2768 2290 οὐδεὶς
2816 2229 2875 2280 ὲν
2918 2225 2996 2297 τῷ
3030 2224 3278 2296 νυμφῶνι
3324 2223 3709 2277 εἰσελεύσεται.
3755 2221 3880 2274 Τῶν
3937 2222 4037 2293 μὲν

2452 2319 2563 2391 γὰρ
2607 2318 2887 2390 προτέρων
2936 2319 2969 2389 ἡ
3024 2317 3251 2388 δευτέρα
3305 2314 3478 2386 φύλαξ
3506 2314 3618 2383 (29)
3654 2331 3668 2346 ο
3722 2315 3930 2383 ταύτης
3981 2315 4038 2365 δὲ

2453 2408 2712 2471 πολλάκις
2738 2408 2805 2460 τά
2835 2406 3094 2478 πρότερα,
3119 2407 3176 2458 ὲν
3204 2407 3314 2467 τοῖς
3338 2403 3683 2473 κουφοτέροις
3715 2401 4038 2472 ἀναιρετικά

2453 2501 2758 2570 γεγόνασιν.
2796 2499 3158 2570 ’ῼκονόμησεν
3193 2500 3222 2550 ό
3255 2496 3458 2567 Κύριος
3490 2495 3626 2562 πρὸς
3655 2494 3715 2547 τὸ
3739 2497 3891 2565 ἡμᾶς
3920 2495 4034 2557 (51))

2455 2591 2552 2646 καὶ
2581 2590 2657 2661 μὴ
2683 2589 2931 2653 θέλοντας
2954 2581 3340 2642 ταπεινοῦσθαι
3378 2587 3472 2640 καὶ
3500 2584 3685 2638 τοῦτο’
3715 2585 3896 2647 οὐδεὶς
3929 2587 4040 2654 γὰρ

2455 2683 2582 2745 τοὺς
2613 2678 2809 2733 ἑαυτοῦ
2844 2679 3137 2749 μώλωπας,
3176 2679 3252 2743 ὡς
3281 2679 3309 2731 ό
3337 2676 3564 2748 πλησίον
3598 2677 3733 2747 ὀρᾷν
3772 2675 4040 2729 δύναται·

2453 2771 2646 2843 διόπερ
2677 2773 2890 2842 ἀνάγκη
2913 2773 3084 2841 ἡμᾶς,
3112 2772 3188 2841 μὴ
3215 2772 3443 2833 ἑαυτοῖς.
3469 2769 3584 2822 ἀλλ’
3604 2769 3798 2839 ἐκείνῳ
3820 2768 3923 2838 τὴν
3944 2768 4043 2837 τῆς

2459 2864 2672 2934 ὑγιείας
2702 2864 2884 2935 χάριν,
2913 2863 3010 2916 καὶ
3042 2861 3162 2933 Θεῷ
3192 2862 3388 2915 διδόναι
3407 2877 3422 2890 ·
3466 2863 3495 2914 ό
3522 2861 3870 2923 ταπεινόνους
3902 2861 4042 2914 πάν-

2457 2969 2579 3007 τοτε
2606 2952 2667 3006 τὺ
2703 2953 2895 3006 ἑαυτοῦ
2940 2952 3152 3023 θέλημα
3184 2951 3260 3016 ὡς
3303 2951 3501 3005 πλάνον
3531 2951 3871 3021 βδελύττεται
3895 2965 3914 2982 ο
3949 2952 4044 3004 καὶ

2457 3049 2516 3100 ὲν
2543 3047 2656 3109 τοῖς
2699 3047 2994 3116 αἰτήμασιν
3035 3045 3199 3098 αὑτοῦ
3252 3046 3366 3107 τοῖς
3412 3043 3548 3114 πρὸς
3588 3042 3814 3113 Κύριον,
3860 3043 4044 3096 πίστει

2459 3137 2774 3206 ἀδιστάκτῳ
2813 3135 2882 3189 τὰ
2915 3137 3261 3206 προσήκοντα
3312 3134 3603 3204 μανθάνειν
3635 3133 3770 3202 (51),
3816 3134 3912 3185 καὶ
3945 3134 4047 3186 ὐπ-

2460 3227 2681 3282 ακούειν
2712 3227 2958 3298 πέφυκεν
2983 3243 2997 3257 ⁸
3026 3227 3086 3280 ού
3111 3229 3178 3297 τῇ
3206 3225 3451 3298 πολιτείᾳ
3497 3227 3783 3298 προσέχων
3822 3226 3936 3278 τῶν
3968 3228 4047 3280 δι-

2459 3321 2745 3374 δασκάλων
2766 3335 2783 3352 ⁸
2811 3319 2947 3374 ἀλλὰ
2973 3318 3092 3389 Θεῷ
3119 3319 3338 3381 ἀναθεὶς
3365 3319 3464 3389 τὴν
3500 3318 3793 3388 μέριμναν,
3825 3317 3906 3388 τῷ
3950 3321 4046 3372 καὶ

2386 3387 2432 3446 ο
2463 3413 2531 3466 δι’
2565 3413 2686 3466 δνου
2727 3411 2822 3465 ιπι
2850 3412 2949 3466 ,τοῦ
2974 3387 3203 3482 Βαλαάμ
3228 3413 3296 3466 τε
3322 3387 3556 3483 χρειώδη
3575 3387 3583 3388 “
3603 3387 3894 3476 διδάξαντιζ
3930 3413 4047 3465 Κᾶν

2466 3507 2681 3560 ἅπαντα
2711 3506 2740 3558 ὁ
2778 3504 3015 3568 τοιοῦτος
3052 3505 3289 3576 ἐργάτης
3315 3503 3455 3557 κατά
3487 3504 3620 3558 Θεὸν
3647 3505 3737 3558 καὶ
3767 3508 3920 3575 ποιῇ,
3952 3508 4048 3559 καὶ

2465 3600 2582 3668 νοῇ.
2613 3597 2708 3651 καὶ
2749 3597 3076 3668 φθέγγηται,
3116 3597 3225 3650 οὐδ’
3260 3596 3433 3660 οὕτως
3482 3595 3658 3667 ἐαυτῷ
3699 3597 4000 3651 ἀποδίδωσι
4031 3615 4043 3629 ·

2469 3689 2667 3759 σκόλοψ
2695 3691 2790 3744 καὶ
2821 3690 2984 3760 βάρος
3019 3689 3095 3760 τῷ
3123 3689 3362 3758 ταπεινῷ
3393 3689 3453 3742 τὸ
3489 3690 3852 3742 οἱκειόπιστον
3880 3706 3896 3718 ’
3938 3691 4048 3743 ὦσ-

2471 3799 2578 3854 περ
2617 3783 2694 3853 τῷ
2716 3783 3052 3854 ὑπερηφάνῳ
3082 3782 3143 3835 τὸ
3171 3783 3511 3854 ὲτερόλεκτον
3541 3782 3676 3851 (52).
3714 3783 3872 3851 Ἐμοὶ
3899 3782 4052 3835 δοκεί

2469 3876 2722 3944 ἀγγέλου,
2765 3876 2826 3928 τὸ
2856 3876 2930 3946 μὴ
2960 3874 3286 3929 κλέπτεσθαι
3321 3877 3403 3943 ἐφ’
3429 3876 3823 3946 ἁμαρτήμασιν
3857 3871 4003 3928 εἶναι
4031 3918 4045 3938 ,

2468 3967 2714 4020 ἀκούοντι
2762 3966 2855 4019 τοῦ
2900 3966 3138 4034 ἐπιγείου
3195 3967 3428 4035 ἀγγέλου
3494 3967 3778 4035 λέγοντος·
3847 3971 4048 4023 Οὐδὲν

2469 4057 2704 4128 ἐμαυτῷ
2741 4059 2998 4111 σύνοιδα
3028 4075 3042 4088 ·
3078 4058 3216 4112 ἀλλ’
3257 4061 3366 4111 οὐκ
3413 4058 3484 4111 ἐν
3520 4061 3708 4126 τούτῳ
3738 4059 4050 4114 δεδικαιω-

2466 4167 2604 4220 μαι·
2655 4154 2688 4204 ό
2746 4150 2815 4202 δὲ
2869 4150 3211 4219 ἀνακρίνων
3266 4167 3364 4219 με,
3415 4152 3629 4216 Κύριός
3671 4153 3838 4206 ἐστιν
3876 4171 3890 4184 ·
3922 4155 4050 4208 ὅθεν

2471 4243 2754 4312 ὀφείλομεν
2781 4240 3044 4312 διηνεκῶς
3085 4243 3323 4306 ἑαυτοὺς·
3354 4245 3704 4314 κατακρίνειν
3749 4245 3846 4298 καὶ
3900 4249 4048 4319 μέμ-

2473 4337 2668 4404 φεσθαι
2701 4332 2832 4404 (55),
2892 4333 2978 4387 ἵνα
3030 4332 3120 4386 διά
3164 4333 3264 4403 τῆς
3311 4334 3557 4388 ἑκουσίου
3602 4336 3900 4400 εὐτελείας,
3950 4338 4049 4401 τὰς

2472 4419 2758 4484 ἀκουσίους
2802 4420 3075 4492 ἁμαρτίας
3111 4422 3646 4494 άπολογηθησώμεθα
3673 4424 3771 4495 [αι.
3810 4427 4050 4497 ἀπορρί-

2471 4509 2683 4580 ψωμεν]
2714 4527 2728 4542 ο
2782 4511 2832 4564 εί
2871 4509 2928 4562 δὲ
2962 4508 3058 4581 μὴ,
3109 4511 3326 4575 πάντως
3373 4513 3431 4564 ὲν
3477 4517 3540 4583 τῇ
3582 4515 3744 4586 ἐξόδῳ
3787 4517 4054 4586 χαλεπῶς

2474 4602 2615 4673 ὑπὲρ
2641 4602 2823 4656 αὑτῶν
2865 4603 3352 4676 λογοθετησόμεθα.
3409 4606 3468 4658 '0
3522 4607 3668 4677 παρά
3701 4609 3801 4679 τὴν
3843 4611 4045 4665 ἑαυτοῦ

2476 4693 2631 4757 ἀξίαν
2653 4691 2721 4745 τά
2749 4695 2812 4745 ὲκ
2841 4692 2976 4746 Θεοῦ
3008 4695 3280 4765 αἰτήματα
3306 4695 3622 4765 αἰτούμενος
3653 4699 3787 4768 (54),
3823 4701 4044 4764 πάντως

2477 4785 2584 4837 τῶν
2608 4783 2749 4853 ὑπὲρ
2785 4785 2970 4837 ἑαυτὸν
2997 4784 3240 4849 τεύξεται
3267 4802 3280 4817 ·
3323 4787 3414 4839 καὶ
3445 4787 3600 4839 τοῦτο
3631 4787 3872 4859 τελώνης
3904 4810 4048 4861 μαρ-

2471 4878 2626 4946 τυρεῖ
2653 4919 2668 4942 ,
2695 4877 2888 4946 ἄφεσιν
2933 4877 3031 4946 μὲν
3058 4878 3442 4948 αἰτησάμενος,
3470 4880 3817 4950 δικαιοσύνην
3856 4883 3913 4937 δὲ
3958 4903 4048 4938 κο-

2477 4968 2772 5039 μισάμενος
2795 4969 2905 5039 (55)
2931 4985 2948 5000 ο
2983 4970 3202 5038 μνήμην
3233 4969 3400 5040 μόνην
3432 4971 3460 5022 ό
3494 4971 3690 5042 λῃστὴς
3742 4976 3952 5038 ἐκεῖνος
3990 4980 4049 5027 ἐν

2474 5062 2542 5129 τῇ
2577 5057 2820 5130 βασιλείᾳ
2854 5061 3110 5130 ᾐτήσατο,
3151 5060 3245 5112 καὶ
3267 5061 3384 5113 ὅλον
3413 5061 3503 5113 τὸν
3533 5063 3865 5133 παράδεισον
3893 5066 4048 5135 πρῶ-

2475 5167 2565 5213 τος
2595 5150 3052 5221 ἐκληρονόμησεν
3083 5153 3195 5206 Οὐκ
3246 5153 3392 5206 ἐστιν
3439 5155 3496 5207 ἐν
3537 5157 3602 5224 τῇ
3637 5156 3814 5208 κτίσει
3850 5159 4050 5228 μικρὸν

2479 5243 2572 5295 καὶ
2609 5242 2750 5311 μέγα
2772 5241 2882 5312 πῦρ
2910 5242 3204 5296 θεάσασθαι
3240 5245 3338 5313 τὴν
3363 5243 3523 5312 φύσιν
3547 5261 3564 5276 ο
3598 5246 3687 5296 καὶ
3709 5247 3810 5298 οὐκ
3851 5247 3968 5300 ἐστι
3990 5252 4052 5300 ἐν

2476 5336 2544 5404 τῇ
2583 5333 2854 5403 ἀνοθεύτῳ
2903 5335 3365 5406 ταπεινοφροσύνῃ
3413 5333 3544 5404 ὕλης
3579 5333 3716 5399 εἶδος
3754 5339 4054 5409 ἐναπομεῐ-

2479 5442 2565 5478 ναι
2593 5424 2654 5476 τὸ
2701 5425 2937 5480 σύνολον.
2969 5426 3115 5489 Ἕως
3158 5421 3218 5480 οὗ
3254 5428 3512 5489 ἑκουσίως
3553 5429 3858 5498 πταίωμεν,
3891 5431 4059 5484 τοῦτο

2482 5519 2540 5569 ὲν
2562 5519 2690 5587 ἡμῖν
2711 5518 2772 5570 οὐ
2804 5517 3064 5588 πρόσεστι
3109 5519 3241 5583 (56),
3273 5519 3365 5572 καὶ
3392 5520 3546 5572 τοῦτο
3571 5520 3632 5572 τὸ
3678 5527 3904 5590 σημεῖον
3952 5524 4059 5589 τῆς

2486 5609 2788 5678 παρουσίας
2819 5610 3006 5663 αὐτοῦ.
3061 5610 3348 5664 Γινώσκων
3373 5613 3403 5664 ό
3430 5612 3704 5683 Δεσπότης
3739 5615 3808 5682 τῇ
3853 5613 4062 5679 ἔξωθεν

2485 5704 2726 5771 διαγωγῇ
2750 5701 3247 5773 συσχημτίζεώαι
3266 5701 3360 5771 τὴν
3385 5701 3481 5771 τῆς
3501 5703 3678 5770 ψυχῆς
3700 5703 3902 5771 ἀρετὴν
3917 5704 4009 5773 (57
4026 5719 4057 5768 ι,

2487 5793 2665 5846 λαϐὼν
2691 5794 2894 5848 λεντίον
2923 5794 3199 5858 ὑπέδειξεν
3229 5797 3361 5864 ἡμῖν
3401 5794 3617 5864 μέθοδον
3640 5795 3761 5848 ὁδοῦ
3787 5799 4064 5850 ταπεινώ-

1880 5927 1924 5958 ¹³
1955 5925 2083 5980 Ιιιις.
2119 5944 2267 5991 xvul,
2327 5928 2389 5982 10
2421 5945 2570 5994 sequ.
