4216 6458
174 379 304 446 1005

249 581 627 651 ’Υπερηφανία
659 552 829 645 ἐστὶν,
872 578 993 648 οὐχὶ
1028 578 1118 629 ὅτε
1163 552 1394 645 περάςά
1427 573 1484 623 ὲν
1524 572 1591 640 τῇ
1625 570 1740 622 δια-

172 675 286 746 νοίᾳ
312 677 342 729 ὁ
368 672 626 744 λογισμὸς
647 672 841 742 αὐτῆς,
873 670 994 724 οὐδὲ
1036 671 1133 723 ἐὰν
1161 665 1384 721 νικᾶταί
1428 681 1510 725 τις
1539 664 1600 727 ἐξ
1641 664 1741 717 αὺ-

1113 373 1340 434 SCALA
1377 370 1760 431 PARADISI.
1788 393 1852 407 -
1886 371 2193 431 GRADUS
2216 372 2387 431 XXV.

648 491 908 558 Σχόλιον
950 486 1155 540 Ἰσαὰκ
1188 490 1263 547 ς’.
1374 552 1379 557 ι
1770 489 1815 543 Α

3280 374 3413 439 1006

2494 480 2667 535 Isaaci
2705 485 2753 535 li.

1919 572 2184 644 Superbia
2212 584 2314 638 est,
2335 590 2444 630 non
2468 574 2689 643 quando
2711 573 2972 645 cogitatio
2994 571 3139 628 illius
3162 574 3214 627 in
3233 586 3419 630 mente

1844 666 2138 735 pertransit
2168 685 2183 734 ;
2216 681 2392 737 neque
2424 666 2646 735 quando
2674 665 2797 734 quis
2826 666 2895 720 ab
2927 664 3018 720 illa
3043 674 3265 735 repente
3291 666 3417 721 data

172 768 268 837 τῆς
291 766 434 821 κατὰ
463 766 688 835 καιρόν·
735 764 850 817 ἀλλ’
879 762 1061 832 ἐκείνη
1106 762 1141 831 ὴ
1187 759 1518 829 διαμένουσα
1566 758 1626 808 ὲν
1666 754 1745 837 τῷ

1857 758 2025 828 aliqua
2066 760 2378 824 occasione,
2408 760 2663 815 vincitur.
2700 756 2806 812 Sed
2839 758 2929 812 illa
2965 772 3087 828 quae
3138 767 3325 813 manet
3367 768 3423 812 et

172 836 461 921 ἀνθρώπῳ.
527 847 753 917 Ἐκείνῳ
814 845 915 918 μὲν
960 845 1039 914 τῷ
1099 841 1302 915 πρώτῳ
1354 843 1389 911 ὴ
1448 836 1744 901 κατάνυξις

173 941 455 997 ἀκολουθεί
479 957 493 971 ο
530 933 683 1004 οὗτος
716 940 773 994 δὲ
809 942 839 994 ὁ
865 940 1157 1010 ἀγαπήσας
1181 937 1351 1008 αὐτὴν
1375 935 1476 989 οὐκ
1506 928 1616 987 οἶδε
1649 948 1746 985 κα-

170 1033 409 1099 τάνυξιν.

769 1208 1029 1275 Σχόλιαν
1082 1205 1146 1268 ζ’.

256 1302 506 1374 ’Υψι-ιλῶν
538 1303 708 1373 ἀρετῇ
737 1301 831 1354 καὶ
860 1296 1322 1368 κατορθωμάτων.

775 1475 822 1527 Σ
823 1472 1037 1542 χόλιον
1066 1468 1137 1539 η’.

251 1571 536 1641 ’Δχρηστα
565 1567 660 1622 καὶ
687 1565 902 1636 χυδαϊα,
943 1564 1035 1617 καὶ
1072 1562 1298 1633 μάταια.

784 1660 830 1711 Σ
832 1657 1041 1723 χόλιον
1090 1653 1155 1707 θ’.

276 1755 349 1816 Ως
371 1755 404 1821 ἠ
435 1751 562 1816 ἁγία
586 1747 756 1819 ἰ’ριὰς
786 1745 893 1799 τῶν
919 1743 1273 1798 ὑποστάσεων
1300 1741 1358 1793 ἐν
1403 1740 1505 1812 μιᾷ
1538 1740 1657 1791 ὲστι
1685 1740 1753 1809 τῇ

1846 851 2013 906 haeret
2042 853 2097 906 in
2131 851 2371 906 homine.
2405 851 2558 906 Illum
2591 852 2829 922 primum
2859 849 2974 919 (qui
3008 850 3209 921 cogitat
3231 850 3299 905 de
3330 866 3425 906 sn-

1845 940 2053 1010 perbia,
2105 950 2204 996 aut
2254 951 2474 1012 repente
2535 941 2786 997 obruitur
2822 940 2937 1009 illa)
2962 940 3218 1009 sequitur
3264 940 3423 996 dolor

1846 1033 2015 1088 animi
2045 1048 2139 1088 seu
2170 1033 2547 1102 compunctio;
2594 1033 2696 1087 iste
2721 1033 2857 1088 alter
2885 1032 2981 1102 qui
3028 1040 3176 1086 amat
3230 1047 3424 1102 super-

1847 1123 2014 1189 biam,
2047 1138 2156 1178 non
2190 1124 2341 1179 novit
2368 1124 2865 1193 compunctionem.

2471 1212 2720 1268 Scholion
2748 1213 2798 1268 7.

1920 1303 2041 1359 Alta
2093 1314 2146 1360 et
2194 1305 2457 1375 praeclara
2496 1304 2638 1358 facta
2687 1304 2755 1358 de
2788 1305 2991 1360 virtute
3021 1302 3426 1374 (inenarrabilia

1853 1393 2091 1466 [ἄρρητα
2122 1394 2340 1467 nempe]
2374 1409 2468 1451 seu
2489 1410 2687 1450 arcana
2718 1394 2850 1466 [b]).

2474 1485 2723 1542 Scholion
2748 1487 2807 1542 8.

1923 1572 2161 1638 lnutilia,
2194 1572 2442 1640 confusa,
2472 1589 2633 1628 vana.

2472 1661 2720 1717 Scholion
2752 1664 2805 1719 9.

1924 1753 2395 1820 Quemadmodum
2417 1766 2602 1809 sancta
2619 1755 2860 1811 Trinitas
2881 1756 3043 1810 trium
3067 1769 3429 1825 personarum

169 1846 426 1913 Θεότητι,
455 1844 548 1895 καὶ
580 1842 678 1912 μία
703 1839 904 1908 Θεότης
928 1839 985 1891 ὲν
1012 1838 1133 1894 ταῖς
1153 1835 1333 1906 τρισὶν
1364 1831 1750 1894 ὑποστάσεσιν,

1857 1845 1909 1899 ἰιι
1940 1860 2047 1898 una
2078 1856 2162 1899 εει
2193 1844 2420 1907 lleitate,
2442 1853 2496 1899 et
2526 1858 2633 1899 una
2666 1842 2850 1899 Deitas
2876 1846 2931 1899 in
2964 1846 3139 1900 tribus
3158 1846 3430 1916 personis,

170 1938 352 2001 οὕτως
381 1935 476 1989 καὶ⁵
508 1936 543 2005 ἡ
591 1933 867 2003 μετάνοια,
904 1930 996 1983 καὶ
1030 1928 1093 1982 τὸ
1125 1926 1339 1991 πένθος,
1376 1924 1469 1978 καὶ
1496 1926 1531 1993 ἡ
1561 1919 1753 1975 ταπεί-

172 2048 343 2094 νωσις
366 2028 602 2099 συγγενῆ
629 2024 879 2094 ἀλλήλοις
920 2021 1048 2087 είσὶ,
1079 2020 1173 2074 καὶ
1216 2021 1274 2072 ἐν
1307 2020 1373 2089 τῇ
1404 2016 1525 2089 θείᾳ
1554 2014 1754 2086 κρατύ-

171 2142 331 2177 νεται
367 2123 569 2194 χάριτι,
616 2120 711 2173 καὶ
735 2119 770 2189 ἡ
800 2118 959 2188 χάρις
993 2116 1228 2168 ὲνοποιεῐ
1253 2112 1451 2177 ταῦτα,
1495 2110 1557 2163 τὸ
1587 2108 1645 2162 ἓν
1675 2108 1755 2178 τῷ

169 2220 354 2290 ἑτέρῳ
380 2217 743 2278 συνάπτουσα,
776 2212 869 2265 καὶ
897 2211 1034 2282 πρὸς
1065 2209 1155 2263 τὸν
1187 2208 1321 2262 Θεὸν
1348 2205 1441 2259 τὸν
1470 2201 1596 2258 νοῦν
1622 2202 1755 2255 ἀνα-

171 2314 248 2369 πὲ
256 2330 404 2385 μπου
413 2327 478 2364 σα
485 2351 498 2364 .

790 2398 1053 2467 Σχόλιον
1110 2403 1139 2449 ι’
1151 2436 1164 2450 .

253 2492 351 2560 Εἷς
381 2494 577 2566 χῶρος,
605 2495 633 2546 ὁ
649 2491 869 2562 πυθμὴν
891 2490 989 2559 τῆς
1013 2486 1280 2559 Ἐρυθρᾶς
1310 2482 1581 2554 θαλάσσης
1612 2482 1671 2535 ἑν
1691 2481 1758 2552 τῇ

168 2587 431 2643 διαὸάσει
462 2584 557 2638 τοῦ
597 2582 834 2656 Ἰσραήλ.
878 2583 941 2634 Ἥ
975 2580 1033 2635 δὲ
1068 2578 1169 2648 τῆς
1216 2574 1561 2645 παγκοσμίου
1586 2573 1762 2644 χαρᾶς

168 2680 287 2733 οὐκ
311 2677 446 2746 άλλη
488 2675 693 2745 ἡμέρα,
727 2674 760 2743 ἢ
804 2675 839 2743 ἡ
880 2671 980 2740 τῆς
1019 2667 1371 2729 ἀναστάσεως
1407 2664 1502 2718 τοῦ
1556 2664 1761 2735 Κυρίου

172 2777 283 2829 καὶ
306 2773 558 2843 Σωτῆρος
586 2770 764 2840 ἡμῶν,
789 2771 847 2822 ὲν
940 2767 1001 2820 τὸ
1022 2765 1179 2834 γένος
1201 2762 1361 2834 ἡμῶν
1391 2759 1503 2814 τῶν
1530 2760 1762 2815 αἰωνίων

167 2866 280 2920 τοῦ
306 2864 435 2935 ᾅδου
458 2858 808 2930 ἠλευθερώθη
837 2856 1073 2927 δεσμῶν.
1118 2853 1275 2916 Τινὲς
1298 2850 1357 2904 δὲ
1385 2850 1485 2921 τὴν
1505 2848 1609 2918 τῆς
1637 2865 1765 2917 γεν-

170 2959 400 3029 νήσεως
423 2952 636 3024 ἡμέραν
661 2951 933 3018 λέγουσιν,
947 2949 1005 3001 ὲν
1032 2938 1184 3019 καὶ
1214 2942 1367 3012 παρὰ
1386 2940 1496 2994 τῶν
1517 2939 1766 3008 ἀγγέλων

167 3048 422 3119 ἠκούετο
447 3046 510 3099 τό
543 3060 555 3075 ν
590 3042 747 3107 Δόξα
780 3042 847 3094 ἐν
892 3038 1180 3107 ὑψίστοις
1226 3032 1381 3119 ᾂειξ,
1416 3032 1614 3119 ἕτεροι
1667 3029 1767 3119 τῂν

169 3112 425 3203 ἦμέραν,
459 3122 574 3202 ὲνῇ
602 3126 724 3180 Νῶε
760 3122 897 3195 μετὰ
937 3120 1047 3174 τῶν
1078 3119 1175 3172 σὺν
1216 3114 1366 3184 αὐτῷ
1412 3112 1609 3184 ἐξῆλθε
1664 3112 1765 3182 τῆς

169 3220 450 3277 κιϐωτοῦ.

547 3310 802 3378 Σχόλιον
840 3303 1275 3374 Χρυσοστόμου
1311 3297 1399 3353 ια’.

252 3404 344 3476 (a)
365 3403 434 3458 Εῐ
469 3418 572 3456 που
605 3400 706 3469 τὴν
739 3396 1022 3451 εὐσέϐειαν
1054 3388 1585 3462 παραϐλαπτομένην
1619 3386 1768 3447 ῐδοις,

173 3498 265 3569 μὴ
312 3495 553 3566 προτίμα
575 3492 674 3562 τὴν
704 3490 958 3560 ὁμόνοιαν
983 3484 1083 3554 τῆς
1116 3480 1397 3553 ἀληθείας,
1442 3477 1556 3531 ἀλλ’
1585 3477 1773 3569 ἵστασο

167 3565 458 3656 γενναίως
482 3582 588 3644 ἓως
621 3579 852 3633 θανάτου
872 3594 887 3608 ο
935 3576 1032 3629 καὶ
1062 3572 1195 3643 μηδὲ
1223 3569 1396 3632 οὓτως
1439 3569 1585 3656 ψυχῇ
1615 3565 1773 3618 πολὲ-

170 3649 310 3749 inst,
347 3675 487 3747 μηδὲ
516 3672 859 3743 ἀποστρέφου
894 3668 1113 3739 γνώμῃ,
1163 3663 1300 3717 ἀλλὰ
1324 3664 1439 3722 τοῖς
1484 3649 1774 3749 ἦράγμασι

168 3747 373 3839 μάχου
417 3766 613 3835 μόνον·
659 3762 818 3815 τοῦτο
847 3760 956 3831 γάρ
1004 3760 1121 3811 ὲστι
1154 3754 1247 3808 τοο
1292 3752 1388 3816 Ἐξ
1417 3749 1585 3818 ὑμῶν
1630 3747 1777 3839 μετα

470 3854 794 3923 ἀνθρώπιον
835 3849 1247 3919 εἰρηνεύοντες
1265 3860 1276 3872 '
1316 3842 1418 3895 κᾶν
1461 3841 1667 3899 ἐκεῖνος
1700 3837 1775 3907 μὴ

162 3947 478 4021 εἰρηνεύῃ,
538 3948 603 4000 σὺ
655 3945 731 4015 μὴ
777 3943 1071 4012 πληρώσῃς
1114 3934 1381 4007 χειμῶνος
1424 3932 1523 4003 τὴν
1565 3931 1775 4021 ψυχὴν·

161 4020 335 4108 δυκερ
364 4038 538 4106 ἔφθην
560 4034 761 4097 εἰπὼν,
784 4034 883 4103 τὴν
908 4031 1167 4101 ἀλήθειαν
1194 4023 1447 4097 μηδαμοῦ
1480 4020 1780 4093 προδιδούς.

1858 1934 1930 1989 ita
1961 1935 2279 2005 poenitentia
2306 1943 2361 1990 et
2395 1936 2597 2001 luctus,
2647 1945 2702 1990 et
2758 1936 3037 1991 humilitas
3068 1938 3208 1992 inter
3235 1952 3295 1993 se
3342 1952 3436 1992 co-

1857 2036 2034 2098 gnatae
2062 2036 2209 2092 sunt,
2256 2037 2312 2081 et
2361 2027 2415 2081 in
2468 2025 2649 2081 divina
2701 2028 2873 2098 gratia
2920 2027 3286 2092 continentur,
3320 2044 3439 2099 gra-

1858 2121 2045 2189 tiaque
2092 2134 2261 2173 unum
2323 2117 2450 2173 facit
2505 2118 2639 2183 haec,
2696 2128 2751 2173 et
2807 2121 3035 2175 alterum
3094 2134 3218 2175 cum
3266 2120 3437 2177 altero

1857 2207 2157 2278 coniungit,
2190 2207 2462 2277 mittitque
2487 2208 2730 2262 animum
2753 2208 2818 2263 ad
2848 2208 3042 2264 Deum.

2464 2396 2714 2453 Scholion
2749 2397 2836 2453 10.

1938 2488 2140 2544 Unicus
2162 2489 2253 2545 ille
2284 2489 2435 2544 locus
2460 2497 2543 2543 est
2567 2488 2765 2544 fundus
2786 2488 2955 2544 Rubri
2992 2489 3161 2548 maris
3184 2490 3238 2545 in
3259 2499 3439 2548 trans-

1864 2577 1941 2631 itu
1972 2577 2149 2647 populi
2204 2577 2591 2631 lsraelitarum.
2644 2576 2770 2632 Dies
2822 2586 3002 2633 autem
3053 2594 3162 2648 quo
3206 2579 3443 2634 mundus

1866 2665 2155 2719 universus
2194 2663 2392 2733 gaudio
2442 2663 2756 2727 exsultavit,
2806 2678 2913 2718 non
2959 2674 3043 2719 est
3088 2665 3228 2721 alius
3278 2681 3442 2736 quam

1866 2755 1985 2810 dies
2039 2754 2457 2810 resurrectionis
2520 2753 2735 2808 Domini
2794 2764 2847 2809 et
2891 2754 3193 2813 Salvatoris
3248 2758 3441 2821 nostri,

1866 2861 1979 2917 quo
2018 2860 2193 2916 genus
2239 2845 2537 2900 humanum
2584 2846 2651 2900 ab
2688 2845 2850 2916 327
2892 2849 3112 2903 aeternis
3142 2847 3443 2904 inferorum

1869 2937 2102 2992 vinculis
2137 2946 2221 2992 est
2252 2937 2564 2991 liberatum.
2612 2937 2716 2991 Alii
2760 2938 2902 2993 diem
2951 2936 3156 2993 Christi
3210 2940 3444 2993 natalem

1872 3028 2200 3099 intelligunt,
2222 3041 2332 3097 quo
2355 3027 2424 3081 ab
2451 3027 2660 3098 angelis
2682 3028 2812 3082 illud
2837 3029 3082 3084 auditutn
3112 3040 3193 3086 est
3216 3051 3229 3087 :
3262 3031 3447 3086 Gloria

1871 3121 1925 3173 in
1972 3120 2189 3174 excelsis
2238 3118 2344 3173 Deo
2398 3117 2465 3172 ".
2506 3119 2611 3173 Alii
2654 3120 2796 3175 diem
2844 3122 3287 3193 interpretantur,
3333 3140 3444 3196 quo

1793 3178 1835 3235 ϐ
1869 3204 1981 3262 Noe
2013 3222 2140 3261 cum
2170 3207 2287 3262 suis
2320 3221 2388 3261 ex
2420 3221 2547 3262 arca
2574 3222 2828 3277 egressus
2850 3218 2957 3265 est.

2252 3294 2504 3350 Scholion
2555 3294 2920 3367 σὴν-μεθεισιηὶ
2941 3298 3031 3353 ll.

1944 3384 2131 3440 Sicubi
2156 3384 2473 3455 religionem
2507 3387 2689 3443 laesam
2716 3388 2938 3455 videris,
2972 3397 3111 3451 tum.
3137 3399 3446 3460 contempta

1873 3475 2103 3529 aliorum
2166 3473 2590 3543 conspiratione,
2645 3478 2929 3532 veritatem
2988 3488 3173 3544 tuere,
3244 3495 3451 3550 proque

1875 3566 1966 3620 illa
1992 3579 2253 3635 generose
2285 3565 2350 3618 ad
2382 3575 2611 3620 mortem
2657 3583 2831 3637 usque
2865 3570 3081 3625 decerta
3118 3590 3131 3615 ι
3166 3585 3341 3641 neque
3372 3574 3451 3626 sic

1873 3673 1997 3713 cum
2055 3657 2234 3710 anima
2273 3667 2363 3711 tua
2405 3672 2604 3727 pugna,
2642 3674 2818 3729 neque
2861 3659 2927 3714 de
2956 3663 3222 3716 sententia
3259 3672 3348 3716 tua
3401 3673 3453 3716 te

1874 3746 2137 3801 dimoveri
2167 3754 2370 3813 patere,
2403 3746 2497 3800 sed
2528 3744 2686 3803 factis
2716 3749 2847 3818 ipsis
2880 3759 2934 3803 et
2968 3751 3101 3806 solis
3148 3767 3451 3822 propngna.

1875 3835 1990 3891 Hoc
2022 3835 2168 3889 enim
2211 3842 2294 3888 est
2334 3834 2467 3888 illud
2499 3852 2513 3890 :
2564 3836 2836 3901 Quantum
2873 3839 2929 3893 in
2960 3840 3101 3895 vobis
3135 3850 3233 3906 est,
3268 3858 3453 3911 pacem

1876 3943 1996 3980 cum
2025 3927 2265 3980 omnibus
2295 3926 2541 3981 habentes
2572 3929 2639 3993 ”,
2671 3931 2920 3999 quamvis
2942 3931 3030 3985 ille
3050 3932 3311 4000 paciﬁcus
3343 3947 3452 3985 non

1890 4020 1977 4075 sit.
2013 4016 2124 4073 Nec
2159 4026 2216 4073 tu
2248 4018 2472 4088 impleas
2498 4019 2734 4073 animam
2779 4030 3095 4090 tempestate
3130 4021 3220 4093 {Et
3248 4033 3305 4078 tu
3334 4024 3455 4078 ani-

164 4150 346 4191 mam
390 4142 540 4186 tuam
575 4145 646 4184 ne
671 4128 825 4199 gravi
884 4133 1209 4194 tempestate
1272 4123 1469 4184 imbre,
1528 4117 1721 4188 spiritu
1786 4113 2149 4186 procellarum
2200 4113 2506 4186 concutias]
2543 4115 3049 4188 (perturbationum)
3102 4118 3249 4189 quod
3293 4136 3456 4177 occu-

161 4227 317 4299 pavi
370 4225 556 4279 dicere
591 4236 938 4292 nequaquam
993 4218 1196 4274 violata
1255 4225 1351 4272 aut
1397 4216 1611 4286 prodita
1648 4211 1896 4267 veritate.

802 4334 848 4385 Σ
850 4331 1061 4400 χόλων
1094 4330 1182 4399 ιβ’.

242 4426 394 4479 Ὀτι
426 4424 567 4487 τινὲς
610 4422 721 4477 τῶν
752 4421 1096 4490 ἀναισθήτως
1136 4419 1595 4491 ὲπιπληττόντων,
1629 4417 1663 4489 ἦ
1694 4417 1775 4471 δι-

152 4519 480 4584 καζόντων
518 4516 552 4585 ἢ
597 4514 988 4583 σοφιζομένων,
1024 4514 1058 4583 ἢ
1091 4513 1264 4583 ἀρχῆς
1308 4512 1652 4583 ὀρεγομένων
1683 4525 1778 4560 τα-

150 4627 235 4661 eas
250 4606 516 4668 ινὼσεὼς
560 4608 699 4657 εἰσιν
732 4605 991 4675 ἁμὲτοχοι
1015 4618 1029 4633 ο
1080 4602 1193 4655 ἐστι
1237 4602 1282 4655 δ’
1333 4603 1422 4654 ὅτε
1456 4601 1550 4653 καὶ
1595 4598 1780 4670 ἔργοις

147 4698 445 4754 διδάσκει
470 4697 583 4759 τοῖς
611 4693 896 4764 προσιοῦσι
940 4692 1040 4764 τὴν
1070 4691 1423 4746 ταπείνωσιν.

793 4875 1055 4943 Σχόλιον
1103 4872 1190 4941 ιγ’.

232 4966 440 5024 Εἶπεν
470 4968 499 5019 ὁ
527 4964 702 5027 άὸὁας
739 4965 968 5027 Ἠσαίας
996 4963 1075 5011 διὶ
1120 4961 1217 5032 τὴν
1261 4962 1779 5033 ταπεινοςρροσύνην,

140 5063 249 5113 ὅτι
291 5056 572 5126 γλῶσσαν
604 5057 706 5107 οὒκ
737 5054 850 5124 ἔχει
892 5053 1119 5123 λαλῆυα·
1175 5054 1311 5121 πρός
1357 5070 1478 5105 τινα
1523 5053 1599 5115 ὼς
1644 5056 1781 5125 ἁμε-

139 5154 437 5213 λοῦντα,
493 5147 529 5217 ἢ
589 5146 725 5215 πρὸς
776 5146 934 5199 ἄλλον
990 5145 1065 5207 ὼς
1132 5144 1603 5215 καταφρονοῦνταο
1657 5145 1780 5200 οὔτε

216 5333 277 5363 ’δ
332 5327 572 5383 Luem,
616 5324 697 5377 M.
776 5324 820 5355 ³³
855 5322 1014 5377 Rom.
1050 5344 1099 5375 ..ι
1173 5325 1261 5378 18.

228 5534 321 5599 [α)
368 5525 495 5599 Hoc
528 5524 795 5599 scholium
820 5523 887 5599 ad
912 5524 1124 5578 nullum
1148 5572 1151 5573 ν
1175 5540 1355 5579 unum
1391 5525 1647 5594 refertur,
1677 5543 1775 5583 nec

127 5595 409 5662 videtur
441 5595 531 5650 hic
554 5596 733 5649 locum
766 5595 964 5649 habere

215 5676 313 5747 (ὁ)
351 5667 524 5735 Apud
555 5663 857 5747 Climachm
889 5676 990 5727 est,
1020 5668 1264 5747 μοναγὸς
1295 5666 1688 5747 ταντιε-ινόφρων.
1712 5670 1773 5721 οὐ

131 5736 718 5809 πολυπραγμονήσει
748 5736 978 5804 ἁρῤητα.
1007 5736 1086 5788 At:
1130 5751 1313 5794 vocem
1343 5736 1557 5809 ἄζιρητα
1615 5738 1773 5793 scho-

1811 4328 1857 4383 D
2485 4321 2730 4377 Scholion
2762 4324 2848 4378 19..

1953 4412 2225 4479 Quosdam
2258 4416 2351 4483 qui
2396 4415 2534 4471 alios
2565 4416 2663 4485 ipsi
2714 4418 2913 4486 stupidi
2946 4420 3214 4489 castigant
3242 4432 3337 4476 aut
3358 4422 3450 4492 jn-

1884 4506 2089 4564 dicant.
2124 4516 2217 4561 aut
2259 4507 2407 4562 vafre
2455 4516 2797 4579 argutantur,
2823 4518 2920 4565 aut
2954 4514 3320 4582 principatum
3364 4530 3458 4583 ap-

1883 4607 2093 4669 petunt,
2159 4599 2485 4656 humilitatis
2546 4616 2667 4657 esse
2718 4615 2969 4671 expertes
3012 4604 3264 4659 allirmat.
3325 4604 3461 4661 Esse

1884 4700 2063 4744 autem
2095 4692 2187 4760 qui
2217 4692 2602 4759 humilitatem,
2634 4708 2766 4750 suos
2807 4695 3105 4764 discipulos
3130 4696 3288 4752 lactis
3326 4697 3460 4767 ipsis

1883 4790 1936 4834 et
1960 4783 2215 4850 operibus
2239 4783 2487 4839 doceant.

2453 4875 2703 4931 Scholion
2738 4877 2822 4929 15.

1949 4963 2130 5019 Abbas
2174 4963 2342 5019 Isaias
2389 4966 2457 5019 de
2506 4967 2810 5021 humilitate
2866 4966 3023 5032 dixit,
3077 4968 3222 5037 quod
3275 4971 3458 5040 lingua

1881 5064 2067 5109 careat
2116 5056 2181 5110 ad
2235 5057 2738 5127 reprehendendum
2783 5059 3015 5128 aliquem
3074 5060 3456 5129 negligentem,

1880 5157 1972 5200 aut
2001 5147 2189 5210 alium,
2215 5150 2307 5217 qui
2332 5149 2469 5203 alios
2494 5151 2740 5204 videatur
2757 5161 3124 5216 contemnere,
3144 5166 3243 5206 nec
3268 5154 3457 5207 oculos

1885 5528 2072 5585 liastes
2096 5531 2234 5607 infra
2257 5533 2453 5607 posuit
2491 5533 2710 5607 ὑψηλῶν
2748 5534 2916 5607 ἀρετῇ
2964 5537 3057 5589 καὶ
3089 5536 3452 5607 κατορθωμά-

1883 5616 2009 5666 των,
2029 5616 2150 5669 quae
2174 5604 2233 5653 τὸ
2250 5589 2463 5673 ipsum
2490 5589 2841 5672 eip'licaren't.
2870 5589 3098 5660 H'umilis
3122 5589 3245 5660 ιιοιιι
3261 5589 3456 5663 tractat

1884 5685 2082 5745 arcana
2110 5688 2214 5745 seu
2238 5674 2642 5745 inen‘arrabilia,
2683 5676 2790 5731 alta
2839 5691 3033 5745 nempe
3068 5677 3135 5732 de
3170 5678 3366 5731 virtute
3400 5687 3454 5732 et

1886 5741 2160 5807 praeclaris
2191 5742 2369 5798 factis.
