4216 6458
179 420 313 482 1009

1138 418 1367 479 SCALA
1400 415 1779 477 PARADISI.
1810 439 1879 449 —
1911 416 2218 479 GRADUS
2244 418 2419 480 XXV.

3281 427 3415 494 1010

177 547 289 594 νου,
343 528 430 581 ἵνα
477 527 549 582 δι’
599 526 771 598 αὐτῆς
820 525 1179 589 ταπεινωθεὶς
1224 526 1324 596 τὴν
1368 525 1750 596 ὑπερηφανίαν
1778 527 1826 586 Α

1778 527 1826 586 Α
1856 525 1985 593 pati,
2018 535 2076 580 ut
2124 543 2220 597 per
2266 544 2389 584 eam
2450 529 2811 603 (patientiam)
2851 531 3140 603 depressus
3196 550 3417 595 evomas

176 622 398 693 ὲμέσηςο
710 706 714 711 ρ

644 709 899 779 sxum-
953 709 1157 765 Ἰσαὰκ
1187 715 1255 763 κ’.

247 809 725 880 Ταπεινοφροσύνη
759 807 875 861 ἐστὶ
918 807 1044 869 κατ’
1065 805 1341 876 ἀλήθειαν,
1375 807 1522 868 ὅστις
1553 803 1667 873 ἔχει
1692 803 1751 857 ὲν

176 899 254 969 τῷ
291 898 521 969 κρυπτῷ
562 914 615 951 τι
664 897 815 965 άξιον
861 895 1254 968 ὑπερηφανίας,
1298 895 1392 949 καὶ
1437 894 1536 965 οὐχ
1576 895 1746 966 ὑπερ-

177 990 531 1061 ηφανεύεται,
557 986 675 1043 ἀλλ’
694 985 771 1051 ὡς
798 985 928 1058 χοῦν
956 985 1071 1056 ἔχει
1103 984 1296 1040 ἑαυτὸν
1326 984 1386 1037 ιν
1406 982 1485 1053 τῷ
1508 981 1753 1054 λογισμῷ

179 1078 365 1132 αὐτοῦ.

470 1168 729 1237 Σχόλιον
755 1164 1000 1234 Μάρκου
1041 1161 1314 1234 μοναχσῦ
1345 1158 1451 1215 na’.

261 1260 448 1322 Ἐκτὸς
473 1256 814 1331 σύντριμμοῦ
862 1255 1108 1326 καρδίας,
1143 1254 1406 1310 ἀδύνατον
1431 1253 1496 1306 τὸ
1522 1251 1752 1307 καθόλου

177 1350 563 1421 ἀπαλλαγῆναι
606 1350 828 1415 κακίας,
879 1349 1152 1420 συντρίϐει
1187 1347 1246 1401 δὲ
1272 1344 1497 1417 καρδίαν
1547 1347 1580 1415 ή
1618 1361 1751 1416 τρι-

181 1443 356 1513 μερὴς
398 1443 714 1514 ἐγκράτεια,
748 1440 917 1495 ὕπνου
943 1441 1104 1509 λέγω,
1139 1440 1233 1494 καὶ
1258 1438 1489 1510 τροφῆς,
1524 1434 1618 1490 καὶ
1648 1452 1752 1488 σω-

182 1534 420 1603 ματικῆς
451 1534 710 1598 ἀνέσεως.
764 1534 829 1588 Ἦ
872 1534 980 1602 γάρ
1030 1530 1236 1585 τούτων
1287 1528 1574 1598 περισσεία
1624 1526 1753 1597 ἠδυ-

179 1623 416 1677 πάθειαν
444 1623 721 1695 ἐκτίθησιν
741 1639 754 1653 ·
786 1625 821 1694 ὴ
852 1622 910 1677 δὲ
955 1621 1257 1692 ἡδυπάθεια
1302 1619 1430 1682 τοὺς
1480 1617 1753 1688 πονηροὺς

181 1716 478 1784 λογισμοὺς
506 1716 903 1786 παραδέχεταιο
941 1712 1241 1767 ἀντίκειται
1273 1710 1331 1766 δὲ
1367 1711 1462 1765 καὶ
1484 1712 1550 1781 τῇ
1586 1725 1754 1782 προσ-

179 1809 341 1878 ευχῇ,
371 1808 466 1861 καὶ
494 1809 561 1879 τῇ
586 1806 941 1878 προσηκούσῃ
966 1805 1229 1876 διακονίᾳ.

773 1898 1032 1968 Σχόλιον
1059 1895 1165 1966 κβ’.

251 1990 371 2043 Οὐκ
401 1989 745 2061 ἀναισθητεῖν
788 1988 1022 2055 κελεύει,
1054 1988 1170 2043 ἀλλ’
1198 1985 1494 2058 ἐπιμελῶς,
1520 1986 1597 2050 ὡς
1622 1983 1756 2055 άλη-

179 2080 337 2135 θέσιν
372 2084 484 2144 τοῖς
512 2082 773 2150 ἐπαίνοις,
820 2080 1109 2152 προσέχειν
1152 2080 1248 2134 καὶ
1296 2076 1588 2150 ἐφήδεσθαι
1635 2094 1755 2131 τινα

179 2172 282 2225 καὶ
326 2171 475 2237 ἄξιον
521 2169 658 2227 εἰναι
702 2172 811 2228 τῶν
856 2172 1111 2226 τοιούτων
1157 2170 1350 2227 ἑαυτὸν
1406 2167 1754 2223 ὑποτίθεσθαι

179 2265 361 2334 λόγων
391 2264 606 2321 κωλύει.
986 2300 989 2301 ν

770 2352 1032 2425 Σχόλιον
1062 2354 1169 2424 κγ’.

253 2446 362 2501 Τὸν
390 2447 545 2517 άγιον
577 2448 899 2520 Σεραπίωνα
917 2446 1236 2503 αἰνίττεται.

778 2540 1036 2609 216.1407-
1066 2537 1166 2592 κδ’.

264 2629 328 2686 Ὀ
359 2633 503 2696 ὅσιος
540 2632 740 2704 Σιμῶν.

783 2723 1044 2791 Σχόλιον
1069 2724 1169 2773 κε’.

266 2814 332 2866 '0
373 2811 869 2883 ταπεινοφροσύνης
912 2806 1339 2879 ἐπιμελούμενος
1363 2807 1425 2860 οὐ
1484 2805 1759 2878 φροντίζει

173 2901 537 2973 ἀνεριινπὶνου
564 2901 1009 2973 προσκόμματος,
1053 2898 1087 2969 ἢ
1125 2897 1406 2970 μέμψεως.

778 2993 1038 3063 Σχόλιον
1061 2997 1178 3057 κςν.

254 3084 487 3156 Χαίρει,
541 3083 737 3155 φησὶν,
784 3085 814 3136 6
857 3082 993 3146 Θεὸς
1034 3081 1128 3137 ἰπὶ
1168 3084 1280 3147 τοῖς
1319 3081 1784 3152 ταπεινόφροσιν,
1840 3128 1843 3131 ς
1895 3100 1901 3106 -

1852 619 2186 689 superbiam.

2482 712 2663 768 Isaaci
2698 715 2788 770 20.

1925 798 2217 858 Humililas
2246 816 2374 858 vera
2423 813 2527 870 cst,
2572 805 2793 875 quando
2839 806 2962 876 quis
3013 808 3146 878 quid
3196 808 3419 880 dignum

1852 892 2108 961 superbia
2136 892 2192 947 in
2225 893 2437 948 occulto
2462 894 2645 961 habet,
2689 906 2743 951 et
2775 904 2954 951 tamen
3000 914 3107 953 non
3153 902 3420 971 superbit,

1854 985 1949 1039 sed
1979 984 2215 1055 seipsum
2247 986 2301 1041 in
2330 986 2514 1041 animo
2544 988 2816 1057 pulverem
2848 990 3098 1044 aestimat.

2345 1076 2403 1131 Μ
2407 1079 2521 1131 arci
2555 1079 2796 1132 monachi
2826 1080 2887 1134 2i
2900 1122 2912 1135 .

1922 1166 2086 1222 Extra
2116 1168 2496 1225 contritionem
2531 1171 2733 1237 cordis,
2780 1172 2893 1243 ﬁeri
2927 1174 3079 1229 nullo
3124 1175 3286 1230 modo
3323 1192 3420 1247 po-

1855 1266 1955 1314 test
1988 1260 2064 1313 uti
2092 1258 2295 1314 malitia
2318 1261 2532 1330 penitus
2557 1261 2825 1318 libereris.
2847 1263 3093 1319 Conterit
3117 1274 3301 1321 autem
3327 1283 3420 1324 cor

1855 1350 2048 1419 triplex
2091 1350 2418 1406 abstinentia
2442 1394 2458 1419 ,
2487 1354 2666 1407 somni
2712 1355 2958 1425 inquam,
2999 1358 3101 1412 cibi
3129 1370 3183 1414 et
3213 1358 3422 1413 relaxa-

1856 1440 2021 1495 tionis
2052 1441 2321 1510 corporis.
2352 1440 2556 1496 Horum
2597 1444 2740 1497 enim
2775 1444 2940 1515 329
2960 1447 3112 1515 copia
3139 1449 3416 1504 mollitiem

1854 1532 2018 1602 parit,
2066 1532 2293 1587 mollitia
2335 1532 2507 1589 malas
2550 1534 2905 1604 cogitationes
2954 1537 3164 1606 recipit,
3196 1554 3316 1608 quae
3342 1541 3418 1595 si-

1855 1620 1969 1675 mul
2005 1630 2267 1692 repugnat
2294 1620 2475 1676 studio
2504 1620 2781 1691 precandi,
2811 1633 2861 1677 et
2903 1624 3290 1680 convenienter
3320 1629 3420 1679 mi-

1854 1712 2141 1769 nistrandi.

2459 1892 2709 1951 Scholion
2733 1896 2824 1951 22.

1924 1981 2044 2039 Non
2072 1983 2311 2055 praecipit
2345 1992 2406 2039 ut
2442 1998 2663 2041 sensum
2711 1998 3007 2052 exuamus;
3048 1986 3141 2042 sed
3173 1986 3423 2058 prohibet

1855 2084 2133 2143 accurate,
2200 2090 2269 2130 ne
2325 2084 2582 2146 tanquam
2635 2076 2779 2132 veris
2828 2078 3080 2135 laudibus
3129 2079 3419 2151 quisquam

1855 2167 2099 2223 animum
2134 2168 2379 2223 advertat
2417 2174 2472 2222 et
2500 2168 2819 2236 delectetur,
2850 2186 3080 2242 seseque
3102 2171 3417 2243 huiusmodi

1856 2262 2035 2319 verbis
2068 2262 2290 2333 dignum
2314 2262 2607 2321 existimet.

2454 2353 2703 2410 Scholion
2725 2354 2814 2410 25.

1931 2442 2194 2499 Sanctum
2232 2439 2584 2515 Serapionem
2625 2447 2892 2518 intelligit.

2458 2536 2707 2592 Scholion
2736 2538 2828 2594 24.

1932 2623 2263 2683 Venerabilis
2292 2620 2477 2683 Sinion
2512 2626 2690 2686 Salus.

1937 2771 1945 2782 ,
2144 2788 2151 2798 ,
2341 2794 2343 2798 Α
2471 2718 2706 2775 Scholion
2729 2721 2822 2779 εει.

1935 2805 2034 2875 Qui
2066 2788 2251 2866 stddet
2275 2794 2590 2878 humilitati,
2644 2829 2753 2869 non
2810 2824 2969 2871 curat
3024 2829 3327 2876 scommata
3371 2829 3429 2879 et

1859 2899 2121 2965 convitia,
2160 2900 2554 2972 hominumque
2584 2905 3058 2973 reprehensiones.

2454 2994 2704 3049 Scholion
2729 2995 2822 3054 26.

1966 3081 2308 3154 Delectatur",
2360 3088 2575 3159 inquit,
2626 3089 2771 3147 Deus
2833 3090 3173 3158 humilibus,
3212 3095 3431 3161 quando

172 3175 332 3245 ὁρῶν
360 3173 556 3238 αὐτοὺς
587 3174 1011 3246 χλευαζομένους
1054 3172 1147 3228 καὶ
1176 3172 1563 3243 ὑπομένοντας.
1607 3170 1761 3226 Ἐπεὶ
1787 3223 1832 3251 η

1787 3223 1832 3251 η
1861 3176 2009 3234 videt
2057 3178 2181 3234 illos
2233 3194 2434 3237 sannas
2462 3183 2729 3251 patienter
2757 3181 2919 3238 l‘erre.
2965 3182 3068 3238 Sed
3108 3199 3231 3239 cum
3288 3185 3427 3239 inter

170 3269 240 3321 δὲ
289 3266 448 3320 τοῦτο
491 3268 550 3320 ὲν
594 3270 707 3330 τοῖς
751 3265 971 3330 οἰκείοις
1020 3264 1429 3336 κατορθωθῆναι
1478 3263 1758 3329 ἀδύνατον,

1786 3223 1833 3288 C

1860 3268 2190 3327 domesticos
2212 3280 2359 3327 recte
2379 3271 2496 3328 ﬁeri
2523 3288 2631 3328 non
2658 3276 2853 3344 possit,
2870 3283 3155 3344 propterea
3178 3289 3431 3332 secessus

170 3358 275 3411 διὰ
299 3357 457 3411 τοῦτο
478 3357 708 3426 ξενιτεία
726 3357 1004 3427 ἀκροτάτη
1022 3353 1402 3418 ταπὲινώσεως
1424 3354 1762 3425 καθέστηκεν

1523 3354 1762 3425 limam
1861 3361 2221 3432 longissimus
2249 3379 2280 3417 a
2311 3365 2504 3433 patria,
2537 3378 2703 3421 causa
2731 3377 2816 3421 est
2846 3366 3188 3423 humilitatis.

173 3449 359 3504 αἰτία.

768 3538 1027 3607 Σχόλιον
1065 3535 1166 3601 κζ’.

200 3640 205 3645 ’
258 3630 378 3703 Τὴν
409 3630 566 3700 βάσιν
590 3627 686 3685 τοῦ
713 3630 805 3685 νοῦ
851 3630 943 3685 ἐπὶ
971 3629 1071 3702 τὴν
1108 3625 1405 3684 άνωλισθον
1426 3624 1633 3700 τρίὸον,
1662 3624 1763 3696 τῆς

172 3720 574 3787 ταπεινώσεως
609 3721 870 3793 δηλονότι.

781 3816 1042 3885 Σχόλιον
1070 3822 1176 3889 κη’.

265 3904 386 3975 Τῆς
427 3904 926 3976 ταπεινοφροσύνης
969 3907 1247 3979 δηλονότι·
1292 3905 1435 3961 ὥστε
1486 3904 1625 3978 μηδὲ
1676 3906 1763 3961 ἐν·

2454 3536 2703 3593 Scholion
2730 3537 2819 3593 27.

1931 3625 2170 3683 Gradum
2193 3627 2263 3683 ad
2277 3628 2567 3685 salutarem
2592 3630 2862 3695 semitam,
2879 3625 3202 3687 humilitatis
3216 3644 3431 3701 nempe,

1863 3716 2136 3787 intelligit.
2414 3776 2416 3779 _

2470 3806 2715 3862 Scholion
2736 3808 2825 3863 28.

1935 3898 2270 3955 Humilitatis
2297 3901 2524 3965 scilicet,
2556 3910 2615 3955 ut
2668 3917 2844 3972 neque
2894 3903 3274 3973 cogitationem
3308 3906 3431 3977 qui-

178 4015 351 4051 νοιαν
398 3997 707 4066 ἀντιλογίας
754 3997 1100 4070 λαμϐάνομεν
1120 4016 1135 4032 ⁸
1186 3999 1346 4055 τοῦτο
1388 4001 1498 4071 γάρ
1540 4003 1688 4056 ἐστιν
1738 4002 1767 4053 6

1864 3993 1986 4048 dem
2064 3993 2470 4049 contradicendi
2542 3994 2915 4059 admittamus,
2973 3994 3076 4049 hoc
3139 3996 3286 4050 enim
3351 4006 3435 4053 est

177 4085 358 4160 ἦχοςο

657 4216 659 4219 -
766 4182 1045 4251 ιΣχόλιον
1082 4180 1183 4238 κ6’.

281 4268 528 4324 Ἀκούων
568 4268 725 4338 λόγον
755 4269 1047 4340 ὠφέλιμον,
1096 4272 1170 4343 μὴ
1204 4274 1352 4344 κρίνε
1383 4275 1475 4328 τὸν
1520 4275 1765 4343 λέγοντα,

179 4364 292 4416 ἵνα
342 4360 418 4433 μὴ
461 4360 558 4432 τῆς
588 4361 902 4432 ὲπωφελοῦς
942 4363 1225 4428 νουθεσίας
1270 4367 1491 4419 σεαυτὸν
1535 4368 1767 4420 ἀποστε-

176 4453 399 4525 Manc-

810 4544 1068 4612 Σχόλιον
1102 4549 1168 4598 λ’.

268 4594 621 4703 Σκεπόμενος
647 4632 752 4686 ὑπὸ
778 4594 1400 4707 τηέταπεινοιρροσύνης
1426 4639 1454 4690 6
1485 4640 1777 4708 σημειοφό-

1867 4102 2058 4140 8011υὸ.

2466 4175 2717 4231 Scholion
2741 4177 2831 4233 29.

1937 4267 2167 4335 Quando
2218 4283 2525 4324 sermonem
2575 4270 2759 4324 utilem
2807 4271 2984 4336 audis,
3046 4271 3311 4326 dicentem
3366 4286 3435 4327 ne

1866 4360 2089 4430 judica,
2174 4374 2242 4414 ne
2308 4361 2536 4429 teipsum
2600 4361 2747 4416 utilis
2809 4362 3196 4418 admonitionis
3254 4361 3432 4418 fructu

1869 4467 2069 4522 pnves.

2469 4541 2717 4598 Scholion
2750 4543 2835 4600 '50.

1946 4632 2262 4688 Humilitate
2306 4643 2496 4704 septus
2538 4635 2856 4698 salvabitur,
2891 4636 2983 4707 qui
3036 4638 3294 4692 miracula
3341 4652 3435 4707 pa—

173 4740 299 4797 ρος
350 4722 748 4792 περισώζεται·
779 4726 827 4777 εἰ
868 4725 928 4779 δέ
968 4743 1079 4780 τινι
1108 4727 1218 4780 τῶν
1266 4730 1605 4799 κουφοτέρων
1650 4730 1776 4801 δοθῇ

1771 4737 1776 4801 ι
1876 4736 2000 4782 trat.
2034 4726 2187 4791 Quod
2236 4725 2281 4779 si
2323 4726 2426 4779 hoc
2470 4726 2676 4779 donum
2731 4725 2894 4780 alicui
2949 4726 3083 4781 levis
3135 4727 3300 4781 animi
3335 4726 3436 4779 im-

170 4820 256 4871 τὸ
290 4814 535 4868 τοιοῦτον
562 4816 827 4887 χάρισμα,
856 4815 943 4870 διὰ
968 4817 1074 4870 τῶν
1108 4818 1496 4889 πραττομένων
1527 4823 1607 4883 εἰς
1631 4819 1771 4890 ὑψη-

169 4909 446 4975 λόφρονα
488 4904 729 4977 γνώμην,
755 4906 1171 4978 ύπερεκπίπτων
1200 4910 1563 4981 καταφέρεται
1582 4912 1774 4983 ἀπερι-

170 5021 220 5069 φ
234 4996 518 5071 φύρητος
545 4997 750 5065 φανείς.

798 5088 1055 5157 Σχόλιον
1089 5088 1193 5143 λαμ

268 5177 350 5231 Τί
396 5176 688 5247 μανθάνειν
738 5178 773 5249 ἦ
828 5180 1044 5244 πάντως
1092 5180 1163 5235 τά
1211 5182 1555 5253 προσήκοντα
1586 5182 1699 5256 [μή
1726 5202 1782 5239 τι

172 5276 434 5334 πάντως
458 5269 531 5324 τὰ
556 5269 995 5343 προσήκοντα];

810 5365 858 5416 Σ
859 5364 1071 5430 χόλιον
1100 5361 1198 5433 λβ’.

271 5458 500 5524 Ἠγουν
528 5456 588 5509 τὸ
618 5454 723 5508 ὑπὸ
750 5453 909 5510 ἄλλου
952 5454 1139 5524 λεχθὲν
1167 5454 1316 5525 αὐτῷ
1340 5456 1656 5526 ὲπιτραπέν.

801 5546 1061 5612 Σχόλιον
1096 5545 1197 5613 λγ’.

1874 4817 2129 4887 perlitum
2162 4815 2347 4880 fuerit,
2385 4831 2481 4885 per
2513 4829 2575 4868 ea
2626 4830 2747 4884 qua:
2791 4814 2927 4870 {lunt
2973 4816 3221 4870 miranda
3262 4816 3313 4869 in
3345 4831 3438 4870 su-

1874 4908 2114 4977 perbiam
2154 4906 2349 4960 mentis
2384 4905 2576 4964 elatus.
2608 4919 2953 4974 przecepsque
2981 4905 3035 4959 iu
3070 4905 3178 4959 ima
3206 4905 3440 4966 delatus,

1878 4999 2199 5053 immunitus
2230 4993 2497 5067 [inermis]
2526 4995 2878 5065 comparebit.

2466 5084 2712 5139 Scholion
2754 5086 2813 5139 5|
2827 5122 2844 5139 .

1948 5178 2086 5247 Quid
2136 5177 2382 5232 discere?
2418 5185 2512 5231 aut
2560 5177 2783 5231 omnino
2823 5185 3123 5246 opportuna
3174 5173 3440 5246 [nunquid

1879 5288 1979 5326 non
2018 5280 2308 5340 opportuna
2326 5267 2389 5341 .’].

2484 5358 2731 5414 Scholion
2757 5357 2846 5412 32.

1956 5452 2080 5508 Sive
2106 5455 2172 5508 ab
2193 5451 2299 5506 alio
2329 5450 2557 5514 dictum,
2594 5448 2696 5519 ipsi
2728 5456 2783 5502 et
2817 5450 3190 5505 commissum.

2480 5540 2723 5596 Scholion
2758 5540 2847 5595 35.

267 5638 425 5708 Οὐχὶ
463 5637 619 5707 ἁπλῷ
658 5637 799 5707 λόγῳ
825 5636 1113 5704 ὀφείλομεν
1143 5636 1406 5705 διηνεκῶς
1435 5639 1658 5702 ἑαυτοὺς
1685 5656 1784 5693 κα-

1777 5667 1784 5682 .
1958 5636 2074 5691 Non
2109 5636 2225 5692 solo
2267 5645 2321 5689 et
2369 5633 2519 5687 nudo
2573 5633 2738 5687 verbo
2777 5640 3004 5701 oportet,
3040 5640 3099 5685 ut
3143 5646 3245 5686 nos
3287 5629 3442 5700 330

166 5734 518 5804 τακρίνειν,
550 5729 662 5783 ἀλλ’
695 5730 754 5783 ὲν
794 5730 1040 5793 αἰσθήσει
1078 5730 1172 5783 καί
1196 5730 1431 5783 διαθέσει
1466 5730 1724 5801 καρδίαςο
1758 5734 1785 5785 ὁ

1776 5734 1785 5785 l
1888 5732 2038 5801 ipsos
2067 5730 2408 5792 damnemus,
2443 5726 2536 5781 sed
2565 5740 2631 5780 ex
2671 5724 2837 5779 animi
2874 5723 3163 5787 sententia,
3197 5737 3359 5777 sensu
3393 5732 3441 5775 et

173 5832 327 5899 γὰρ
358 5823 502 5877 οὕτω
530 5821 872 5893 μεμψόμενος
898 5820 1107 5885 ἑαυτὸν,
1139 5821 1229 5875 καὶ¹
1261 5821 1384 5884 τοὺς
1409 5820 1722 5893 ἐλέγχοντας
1751 5824 1781 5887 ἢ

1777 5827 1781 5884 ί
1892 5818 2079 5873 aii'ectu
2114 5818 2312 5882 cordis,
2338 5818 2439 5882 Qui
2468 5816 2611 5872 enim
2667 5815 2738 5869 ita
2796 5814 3032 5882 seipsnm
3082 5809 3442 5881 reprehendit,
