4216 6458
218 412 350 478 1013

1145 415 1372 474 SCALA
1403 416 1780 475 PARADISI-
1817 442 1881 449 -
1903 419 2208 476 GlHlHiS
2237 421 2437 480 XXVI-

3299 400 3432 486 imit

247 553 3420 592 ...Ἦ-

791 634 1006 686 ΛΟΓΟΣ
1042 632 1186 702 xcv;
1803 635 1847 690 Α

212 722 712 790 ΙΙερίίδιακρίσεως
733 723 1056 793 λογισμῶν,
1072 726 1167 799 καί
1186 724 1410 789 παθῶν,
1426 726 1521 780 καί
1538 726 1776 795 ἀρετῶν.

245 841 248 846 -
285 813 565 882 Διάκρισίς
598 815 743 866 ἐστιν
776 818 832 867 ὲν
877 815 976 884 μὲν
1022 817 1134 878 τοῖς
1180 817 1571 885 εἰσαγομένοις,
1606 819 1639 887 ἡ
1675 817 1780 870 τῶν

2398 642 2675 700 (ἰῐὶᾹΟίΙΞ
2722 645 2909 701 XXVI.

1884 731 1956 783 De
2010 733 2318 788 discretione
2370 737 2768 806 cogitationum,
2809 741 3051 794 vitiorum
3085 752 3135 796 et
3163 746 3430 798 uirtutum.

1952 820 2211 878 Discretio
2241 826 2299 897 in;
2325 827 2595 883 tironibus
2628 845 2722 884 seu
2757 832 2981 886 rudibus
3012 844 3093 888 est
3127 835 3360 904 perfecta
3386 847 3438 888 et
3537 893 3547 904 _

214 905 338 958 καθ’
385 906 610 966 ἑαυτοὺς
654 905 858 976 ἀληθὴς
901 906 1226 974 ἐπίγνωσιςο
1272 907 1330 959 ὲν
1362 908 1473 967 τοῖς
1509 906 1566 958 δὲ
1601 906 1781 976 μέσοις

1883 927 2001 966 vera
2035 923 2212 969 status
2255 916 2340 970 sui
2387 917 2662 972 interioris
2705 921 2999 990 congnitio.
3029 922 3082 975 In
3115 924 3305 977 mediis
3345 939 3435 978 seu

213 999 250 1064 ἡ
283 996 344 1048 τὸ
385 995 589 1065 κυρίως
615 996 822 1064 ἀγαθὸν
863 999 927 1050 ὲκ
968 997 1064 1051 τοῦ
1096 996 1348 1066 φυσικοῦ,
1376 999 1471 1050 καὶ
1505 1001 1596 1051 τοῦ
1631 1000 1782 1050 ἐνανο

212 1082 332 1136 τίου
360 1083 671 1148 ἀπταίστως
698 1085 1042 1156 διακρίνουσα
1071 1085 1233 1158 νοερὰ
1259 1086 1536 1158 αἴσθησιςσ
1569 1091 1782 1152 ἐντοῖς

1881 1005 2305 1072 proficientibus,
2331 1017 2416 1061 est
2449 1024 2640 1064 sensus
2670 1011 2888 1080 quidam
2919 1013 3080 1066 animi
3115 1015 3207 1082 qui
3241 1017 3436 1068 bonum

1880 1096 2096 1163 preprie
2125 1097 2328 1152 dictum
2379 1114 2409 1152 a
2463 1101 2686 1171 physico
2731 1113 2787 1157 et
2835 1103 2951 1172 ejus
3002 1105 3278 1158 contrario
3325 1107 3442 1160 sine

214 1172 273 1224 δὲ
301 1172 523 1236 τελείοις
553 1175 650 1242 (1),
685 1176 717 1245 ἡ
761 1174 847 1229 διὰ
879 1175 1030 1240 θείας
1053 1175 1370 1247 ἑλλάμψεως
1405 1179 1781 1249 ἐνυπάρχουσα

1883 1199 2067 1241 errore
2091 1188 2366 1258 dijudicat.
2397 1188 2452 1243 ln
2485 1191 2739 1258 perfectis
2770 1205 2854 1249 cst
2881 1195 3138 1264 cegnitio,
3167 1211 3232 1250 cx
3258 1196 3440 1252 divina

215 1262 440 1328 γνῶσις,
493 1263 615 1333 ἥτις
658 1263 752 1317 καὶ
784 1265 850 1318 τὰ
900 1267 958 1318 ὲν
997 1266 1175 1330 ἄλλοις
1209 1267 1496 1332 σκοτεινῶς
1545 1269 1782 1340 ἐνυπάρ-

216 1369 380 1422 χοντα
432 1353 511 1425 τῷ
576 1357 771 1426 ἑαυτῆς
827 1357 1004 1428 λύχνῳ
1056 1359 1450 1428 καταφωτίζειν
1504 1360 1779 1430 ίσχύουσα.

1883 1277 2240 1334 illustratione
2261 1291 2378 1336 orta
2407 1298 2652 1352 quaeque,
2682 1296 2750 1339 'et
2794 1286 2849 1340 in
2901 1289 3020 1342 aliis
3067 1287 3295 1345 obscur-.1
3341 1303 3443 1344 suo

1884 1370 2086 1426 lumine
2114 1374 2387 1429 illustrare
2421 1386 2616 1445 potest.
2651 1377 2760 1432 Aut
2791 1377 3019 1434 fortasse
3047 1381 3366 1446 generatim,
3387 1391 3442 1436 et

217 1447 289 1498 Ἢ
335 1449 474 1517 τάχα
505 1446 804 1511 καθολικῶς
849 1448 1003 1501 τοῦτο
1035 1450 1130 1502 καὶ
1158 1449 1293 1513 ἔστι,
1344 1449 1438 1503 καὶ
1463 1451 1784 1522 γνωρίζεται

1883 1464 2066 1519 omnia
2100 1466 2507 1534 complectendo
2540 1469 2643 1523 hoc
2667 1479 2722 1523 et
2747 1478 2851 1531 est,
2881 1479 2934 1523 et
2979 1469 3296 1541 intelligitur
3323 1463 3449 1528 esse?

214 1536 508 1606 διάκρισις,
549 1539 582 1607 ή
631 1537 726 1590 τοῦ
762 1538 903 1592 θείου
943 1539 1241 1610 θελήματος
1271 1540 1516 1610 ἀσφαλὴς
1544 1543 1784 1614 κατάλη-

213 1619 313 1693 ψις
338 1627 397 1677 ἐν
429 1629 590 1680 παντὶ
639 1629 836 1700 καιρῷ,
884 1630 978 1683 καὶ
1007 1631 1175 1700 τόπῳ,
1204 1633 1296 1685 καὶ
1335 1632 1639 1704 πράγματι,
1663 1635 1785 1704 ἥτις

1881 1555 2159 1621 discretio,
2195 1559 2392 1614 divina:
2421 1561 2678 1616 nimirum
2713 1561 3005 1617 voluntatis
3037 1577 3182 1618 certa
3211 1573 3265 1619 et
3293 1563 3463 1618 firma’

1885 1649 2318 1717 comprehensio,
2344 1650 2830 1724 quovis'tempore,
2861 1669 3183 1723 quocunque
3213 1656 3264 1708 in
3301 1656 3442 1720 loco,

215 1717 514 1787 ἐνυπάρχει
568 1719 745 1788 μόνοις
777 1723 886 1783 τοῖς
928 1720 1268 1792 καθαροῖςτῇ
1316 1723 1511 1795 καρδίᾳ
1545 1725 1640 1792 (2),
1691 1728 1786 1780 καὶ

1883 1747 1937 1794 et
1973 1741 2210 1810 negotio,
2251 1717 2412 1810 quam
2451 1717 2987 1815 tantum‘possident
3037 1717 3220 1799 mundi
3262 1717 3442 1811 corde,

212 1805 299 1877 τῷ
333 1805 563 1878 σώματι,
608 1809 700 1862 καὶ
731 1809 808 1880 τῷ
840 1811 1086 1880 στόματι.
1123 1813 1180 1864 ’0
1205 1813 1302 1882 μὲν
1331 1817 1457 1877 τοὺς
1501 1817 1649 1885 τρεῖς
1695 1816 1786 1870 εύ-

217 1893 394 1956 σεσῶς
423 1895 664 1960 καθελὼν
698 1899 1016 1968 συγκαθεῖλε
1048 1899 1122 1969 (5)
1145 1941 1161 1964 ,
1191 1901 1298 1954 καὶ
1346 1904 1470 1966 τοὺς
1517 1905 1675 1957 πέντε
1700 1919 1717 1936 ⁸
1757 1907 1785 1960 6

213 1987 277 2041 δὲ
305 1989 526 2042 ἐκείνων
553 1989 769 2060 ἀμελῶν
798 1975 1074 2062 ούδέτερον
1098 1992 1330 2062 νικήσει.
1360 1994 1639 2066 Διάκρισίς
1670 1998 1784 2050 ἐστι

217 2079 522 2152 συνείδησις
549 2083 865 2152 ἀμὸλυντος,
900 2085 992 2136 καὶ
1043 2083 1258 2153 καθαρὰ
1283 2085 1533 2157 αἴσθησις
1552 2103 1566 2118 ·
1602 2090 1788 2160 μηδεὶς

214 2174 281 2224 ὲν
307 2173 374 2242 τῇ
405 2173 662 2244 μοναδικῇ
696 2173 938 2245 πολιτείᾳ
981 2173 1122 2246 ὑπὲρ
1160 2175 1319 2243 φύσιν
1347 2177 1468 2231 τινὰ
1493 2178 1705 2232 ἀκούων
1750 2182 1784 2251 ἢ

212 2261 384 2332 ὀρῶν,
427 2264 486 2332 ἐξ
537 2266 810 2334 ἀγνωσίας
852 2267 934 2330 είς
973 2267 1231 2322 ἀπιστίαν
1281 2270 1603 2340 περιπέσοι·
1652 2273 1785 2326 ὅπου

215 2352 329 2422 γὰρ
362 2353 653 2425 ὲνδημήσει
678 2356 706 2408 6
746 2355 884 2427 ὑπὲρ
927 2355 1086 2425 φύσιν
1120 2359 1271 2424 Θεὸς,
1319 2362 1457 2434 ὑπὲρ
1491 2361 1650 2430 φύσιν
1682 2363 1789 2417 λοι-

214 2441 326 2495 πὸν
349 2443 418 2496 τὰ
456 2442 681 2496 πλεῖστα
708 2442 817 2496 τῶν
844 2445 1182 2514 πραγμάτων
1225 2446 1481 2514 γίνονται.
1525 2449 1614 2502 Ἐν
1644 2450 1808 2519 τρισὶ-

127 2584 137 2588 _
213 2530 430 2595 τούτοις
463 2535 847 2601 γενικωτάτοις
889 2531 1109 2603 τρόποις
1161 2533 1270 2595 πᾶς
1316 2533 1552 2602 πόλεμος
1604 2533 1790 2604 δαιμο-

213 2621 418 2691 νιώδης
463 2624 520 2674 ὲν
562 2622 694 2692 ἡμῖν
744 2621 1161 2693 συνίσταται,τῆ
1215 2622 1272 2690 ἐξ
1323 2623 1602 2691 ἀμελείας,
1647 2623 1681 2692 ἢ
1729 2623 1789 2688 ἐξ

214 2714 619 2786 ὑπερηφανίας,
649 2715 682 2782 ἢ
711 2716 775 2768 ἐκ
804 2714 998 2782 φθόνου
1032 2715 1142 2768 τῶν
1174 2714 1471 2786 δαιμόνων·
1503 2716 1598 2769 καὶ
1624 2715 1790 2768 ἐλεει-

213 2805 312 2868 νὸς
357 2805 458 2876 μὲν
491 2805 520 2858 6
561 2805 778 2874 πρῶτος
799 2821 812 2834 ·
849 2804 1141 2868 πανάθλιος
1170 2807 1200 2860 6
1223 2804 1470 2875 δεύτερος
1489 2821 1504 2836 ο
1536 2807 1565 2859 6
1594 2806 1650 2860 δὲ
1677 2808 1791 2878 τρί-

213 2914 318 2962 τος
359 2897 844 2968 τρισμακάριστος.
878 2896 1073 2966 Σκοπῷ
1100 2900 1194 2950 καὶ
1223 2899 1406 2952 κανόνι
1434 2897 1512 2969 τῷ
1538 2898 1791 2970 ἡμετέρῳ

214 2986 369 3041 κατὰ
416 2985 550 3051 Θεὸν
593 2987 850 3053 συνειδότι
906 2987 1042 3057 πρὸς
1095 2988 1273 3041 πάντα
1320 2988 1647 3059 χρησώμεθα
1690 2989 1788 3061 (ι),

215 3079 313 3131 tua
365 3077 578 3147 γνόντες
608 3077 704 3149 τὴν
731 3077 840 3132 τῶν
874 3077 1090 3143 ἀνέμων
1130 3077 1296 3149 πνοὴν
1344 3079 1506 3132 πόθεν
1550 3079 1787 3151 ἔρχεται,

216 3167 364 3238 πρὸς
409 3167 542 3224 αὐτὸ
592 3167 799 3234 λοιπὸν,
834 3167 928 3222 καὶ
959 3167 1026 3222 τὰ
1075 3168 1220 3222 ίστία
1269 3168 1656 3240 ἀνατείνωμεν.
1704 3173 1792 3227 Ἑν

218 3257 429 3321 πάσαις
471 3258 626 3328 ἡμῶν
654 3261 777 3322 ταῖς
821 3259 962 3313 κατὰ
1007 3258 1140 3312 Θεὸν
1183 3259 1468 3330 ἐργασίαις
1522 3263 1597 3333 (5)
1643 3268 1791 3336 τρεῖς

218 3349 358 3382 δην..
399 3345 652 3382 αηηοςυημ
689 3341 741 3382 ..ι’
781 3348 1030 3382 hrum.“
1057 3349 1343 3382 Annam"...
1423 3352 1528 3382 ιτ».
1579 3352 1792 3382 -..Ἄκη

1897 3257 2038 3273 ...ων
2099 3257 2376 3274 Nam“...
2421 3257 2646 3289 ..μηηυσ
2677 3257 3042 3282 summa"...
3081 3257 3188 3271 ω...

1894 3311 2198 3366 tendamus.
2247 3312 2304 3366 In
2335 3314 2589 3368 omnibus
2653 3313 2923 3382 religiosis
2979 3309 3458 3366 exercitationibus

217 3349 358 3418 ἡμῖν
398 3345 652 3416 βοθύνους
689 3341 741 3402 οἱ
781 3348 1030 3418 δαίμονες
1057 3349 1368 3418 ὀρύσσουσι.
1423 3352 1534 3405 Καὶ
1579 3352 1792 3422 πρῶτον

220 3437 330 3506 μὲν
375 3436 716 3501 παλαίουσιν,
747 3428 840 3492 ἵνα
867 3437 930 3490 τὸ
961 3438 1162 3506 ἀγαθὸν
1194 3439 1476 3494 κωλύσωσι
1504 3441 1753 3509 γενέσθαι
1772 3459 1805 3483 ἰ

213 3525 476 3596 δεύτερον
502 3527 560 3580 δὲ
600 3526 737 3597 μετὰ
765 3527 864 3598 τὴν
909 3527 1134 3603 πρώτην
1164 3529 1343 3584 αὐτῶν
1371 3525 1560 3601 ἧτταν,
1599 3531 1688 3585 ῖνα
1715 3533 1789 3603 μὴ

217 3617 376 3670 κατὰ.
394 3615 528 3670 Θεὸν
551 3616 612 3670 τὸ
639 3616 800 3687 τυχὸν
834 3599 1078 3688 γένὴται.
1113 3619 1282 3672 Ὅταν
1314 3619 1371 3672 δὲ
1394 3599 1490 3672 καὶ
1523 3599 1792 3675 τούτουήοί

216 3706 457 3760 κλέπται
499 3707 594 3760 τοῦ
637 3707 840 3762 σκοποῦ
889 3708 1222 3779 ἁποτύχωσι,
1272 3708 1391 3762 τότε
1442 3709 1628 3764 λοιπὸν
1658 3713 1792 3782 ἡσυ·

218 3800 361 3871 χίως
393 3799 708 3863 ἐπιστάντες
734 3801 792 3854 ἐν
836 3801 902 3871 τῇ
944 3800 1187 3871 ἡμετέρᾳ
1212 3800 1357 3870 ψυχῇ
1401 3803 1793 3874 μακαρίζουσιν

215 3892 398 3962 ἡμᾶς,
430 3890 506 3953 ὠς
539 3890 678 3943 κατὰ
707 3889 842 3944 Θεὸν
882 3890 941 3942 έν
986 3892 1152 3944 πᾶσιν
1181 3891 1647 3964 πολιτευομένους.
1688 3894 1793 3949 Τοῦ

221 3978 332 4049 μὲν
357 3977 622 4050 προτέρου
651 3976 865 4048 ἐχθρὸς,
898 3977 1102 4049 σπουδὴ
1127 3979 1220 4032 καὶ
1249 3979 1489 4052 μέριμνα
1528 3984 1756 4036 θανάτου
1776 4000 1790 4015 -

215 4069 323 4125 τοῦ
353 4070 412 4123 δὲ
452 4067 729 4140 δευτέρου,
757 4069 1004 4141 ὑποταγὴ
1030 4072 1148 4124 καὶ
1193 4070 1538 4136 ἐξουδένωσις
1557 4089 1572 4105 ο
1597 4072 1691 4124 τοῦ
1737 4074 1792 4126 δὲ

213 4159 434 4232 τρίτου,
458 4159 520 4212 τὸ
565 4158 757 4213 ἑαυτὸν
789 4159 1048 4230 διηνεκῶς
1080 4161 1556 4233 καταμέμφεσθαι.
1607 4161 1790 4217 Τοῦτο

215 4249 416 4314 κόπος
444 4248 620 4304 ἐστίν
647 4247 902 4304 ἐνώπιον
940 4247 1128 4319 ἡμῶν,
1158 4251 1268 4316 ἕως
1314 4245 1387 4305 οὗ
1426 4251 1672 4321 εἰσέλθῃ
1710 4256 1797 4321 εις

215 4338 294 4393 τὸ
329 4337 718 4408 ἀβασττὶριον
761 4336 930 4408 ἡμῶν
965 4340 1027 4393 τὸ
1077 4339 1188 4410 πῦρ
1237 4340 1299 4393 τὸ
1348 4340 1443 4394 τοῦ
1469 4341 1625 4396 Θεοῦ.
1685 4347 1796 4398 Οὐκ

216 4429 442 4482 ἔσονται
468 4427 579 4500 γὰρ
601 4428 783 4483 λοιπὸν
808 4429 927 4483 τότε
955 4429 1275 4501 προλήψεων
1295 4432 1353 4485 ὲν
1379 4433 1514 4502 ἡμῖν
1541 4434 1794 4502 ἀνάγκαι.

226 4521 302 4574 '0
341 4519 450 4590 γὰρ
479 4519 627 4584 Θεὸς
653 4519 810 4590 ἡμῶν
839 4519 959 4589 πῦρ
990 4521 1382 4578 καταναλίσκον
1410 4527 1590 4580 πᾶσαν
1613 4527 1797 4596 πύρω-

1884 1846 2112 1902 corpore
2136 1844 2188 1888 et
2216 1849 2329 1888 ore.
2363 1834 2464 1899 Qui
2510 1843 2620 1889 tres
2647 1836 2832 1892 hostes
2859 1836 3106 1908 religiose
3141 1841 3443 1907 prostrarit,

1817 1967 1858 2022 Β
1886 1926 2185 1992 prostravit
2207 1934 2261 1980 et
2290 1926 2551 1996 quinque.
2586 1927 2689 1992 Qui
2739 1928 2860 1984 illos
2917 1930 3156 2002 negligit,
3192 1939 3444 1984 neutrum

1887 2015 2083 2072 vincet.
2114 2017 2274 2088 332
2315 2017 2576 2074 Discretio
2619 2029 2702 2075 est
2746 2022 3078 2078 conscientia
3123 2022 3446 2084 incantand-

1886 2117 2032 2175 nala,
2063 2118 2118 2166 et
2145 2125 2315 2180 purus
2347 2121 2640 2182 castusque
2669 2127 2882 2168 sensus.
2925 2111 3117 2178 Nemo,
3147 2131 3271 2170 eum
3301 2129 3449 2184 qne-

1887 2190 2094 2263 damin
2121 2201 2372 2272 religioso
2413 2203 2538 2258 vita-
2580 2215 2725 2259 statu
2769 2221 2931 2275 supra
2964 2218 3172 2261 natura:
3198 2208 3304 2260 vim
3334 2209 3448 2262 fieri

1889 2294 1971 2349 vel
2005 2293 2235 2348 audierit
2266 2302 2360 2348 aut
2393 2294 2607 2362 viderit,
2639 2311 2705 2350 ex
2734 2313 2913 2352 rerum
2944 2297 3247 2366 ignorantia
3280 2297 3334 2351 in
3365 2299 3449 2352 in-

1886 2387 2259 2443 credulitatem
2314 2389 2516 2444 incidat
2560 2407 2574 2444 :
2613 2391 2925 2470 ubicunque
2970 2391 3117 2446 enim
3165 2390 3328 2456 Deus,
3357 2395 3448 2460 qui

1887 2485 2052 2550 supra
2099 2493 2348 2537 naturam
2379 2495 2483 2549 est,
2523 2494 2767 2539 versatur
2817 2492 2873 2540 et
2923 2499 3158 2553 praesens
3215 2493 3318 2548 est,

1888 2572 2145 2641 pleraque
2171 2575 2351 2628 omnia
2382 2575 2636 2645 deinceps
2685 2590 2850 2646 supra
2897 2585 3105 2631 natura:
3145 2575 3450 2632 facultatem

1889 2664 2002 2718 fieri
2033 2665 2228 2720 solent.
2260 2665 2463 2722 Tribus
2513 2669 2666 2722 hisce
2699 2668 2874 2722 modis
2907 2668 2991 2722 vel
3031 2669 3266 2723 maxime
3290 2653 3454 2738 gene-

1889 2756 2095 2821 ralihus
2141 2757 2280 2813 bello
2326 2772 2429 2814 nos
2479 2757 2726 2814 diabolus
2765 2768 3061 2830 oppugnat,
3111 2759 3453 2829 negligentia,

1891 2849 2146 2918 superbia
2183 2859 2238 2904 et
2287 2864 2388 2906 sua
2428 2852 2544 2921 ipse
2584 2851 2808 2906 invidia.
2840 2850 3180 2906 Miserandus
3224 2851 3452 2919 primus,

1891 2941 2231 2998 miserrimus
2277 2944 2434 3008 alter,
2478 2942 2829 2999 felicissimus
2868 2951 2924 2997 et
2970 2941 3318 2996 beatissimus
3345 2950 3456 2996 ter-

1895 3034 2023 3088 tius.
2057 3033 2193 3090 Mela
2226 3046 2277 3091 et
2307 3037 2511 3091 aniussi
2546 3052 2640 3091 seu
2677 3036 2884 3106 regula,
2926 3035 3223 3091 secundum
3265 3033 3456 3102 Demn,

1894 3136 2114 3181 utamur
2173 3129 2506 3183 conscientia
2580 3133 2790 3193 nostra,
2852 3136 2914 3182 ut
2966 3127 3460 3181 animadvertamus

1897 3220 2038 3273 unde
2092 3227 2376 3274 ventorum
2421 3219 2646 3289 spiritus
2677 3219 2965 3282 exsistant,
2988 3228 3042 3272 et
3075 3220 3188 3271 vela
3229 3218 3295 3271 ad
3339 3218 3459 3270 illos

1892 3404 2094 3458 nostris
2113 3404 2390 3462 damones
2412 3406 2569 3462 nobis
2590 3416 2699 3461 tres
2721 3403 2934 3459 fodiunt
2955 3403 3199 3459 scrobes.
3218 3401 3457 3455 Primum

1890 3497 2224 3552 contendunt
2271 3514 2340 3554 ne
2380 3500 2511 3570 quid
2559 3499 2687 3553 boni
2734 3499 3020 3555 faciamus.
3059 3497 3324 3551 Caeterum
3369 3495 3457 3549 ubi

1892 3612 2067 3680 primo
2097 3613 2280 3681 praelio
2313 3611 2505 3667 devicti
2545 3621 2847 3679 cesserunt,
2881 3620 3150 3667 conantur
3177 3609 3302 3666 boni
3330 3623 3461 3680 ope-

1894 3703 1971 3759 ris
2000 3703 2160 3759 flnem
2191 3718 2562 3774 corrumpere,
2587 3719 2658 3760 ne
2700 3705 2793 3760 fiat
2820 3703 2884 3759 ad
2914 3704 3128 3760 laudem
3159 3703 3271 3759 Dei.
3305 3702 3459 3768 Quod

1894 3795 1938 3849 si
1963 3804 2018 3849 et
2047 3795 2136 3850 hic
2169 3794 2319 3852 fures
2359 3809 2390 3850 a
2432 3811 2598 3868 scopo
2623 3797 2975 3861 aberrarunt,
3001 3805 3114 3851 tum
3144 3796 3360 3851 demum
3407 3795 3458 3846 in

1894 3887 2109 3942 silentio
2157 3889 2356 3958 quietis
2412 3889 2630 3954 adsunt,
2673 3898 2727 3942 et
2771 3889 2960 3964 beatos
3019 3903 3120 3943 nos
3172 3888 3226 3940 in
3279 3885 3461 3938 anima

1892 3979 2208 4050 praedicant,
2239 3981 2378 4051 quod
2410 3981 2594 4035 omnia
2645 3979 2712 4034 ad
2761 3991 2950 4035 initum
2992 3988 3046 4032 et
3077 3978 3336 4031 honercm
3370 3974 3460 4031 Dei

1895 4085 2169 4141 geramus.
2214 4071 2394 4126 Primo
2443 4071 2770 4127 adversatur
2815 4072 3052 4127 studium
3089 4069 3380 4138 diligentiae
3410 4079 3466 4125 et

1897 4159 2174 4235 meditatio
2224 4159 2451 4227 mortis;
2503 4159 2659 4214 alteri
2703 4158 2968 4228 SII'leCIiO
3021 4167 3074 4212 et
3123 4165 3465 4224 contemptus

1897 4247 2016 4313 sui;
2043 4257 2319 4317 postremo
2347 4249 2606 4304 continua
2639 4250 2724 4303 sui
2757 4249 2927 4315 ipsius
2957 4249 3325 4315 reprehensio.
3357 4247 3467 4300 Hoc

1896 4338 2046 4392 fabor
2094 4347 2168 4392 est
2208 4348 2331 4409 ante
2361 4355 2474 4404 nos,
2500 4341 2663 4393 donec
2693 4338 2832 4408 ignis
2887 4337 2978 4392 Dei
3033 4341 3192 4392 intret
3245 4339 3299 4392 in
3340 4353 3469 4390 επη-

1897 4430 2162 4482 ctuarium
2219 4442 2456 4484 nostrum
2500 4431 2566 4482 ".
2606 4429 2789 4497 Neque
2830 4429 2976 4483 enim
3049 4430 3158 4484 ulla
3208 4427 3467 4496 deinceps

1897 4533 2027 4574 cura
2089 4529 2201 4588 aut
2253 4521 2552 4576 necessitas
2632 4520 2737 4573 erit
2800 4519 2874 4573 ob
2936 4529 3234 4591 praeceptas
3285 4519 3468 4572 animo

216 4628 317 4666 σιν
347 4611 443 4666 καὶ
491 4611 724 4680 κίνησιν,
775 4612 871 4665 καὶ
887 4613 1200 4686 -πρόληψιν,
1234 4616 1328 4670 καὶ
1375 4617 1651 4686 πώρωσιν,
1699 4615 1799 4686 τὴν

1905 4609 2100 4678 prioris
2132 4611 2523 4677 viueivitiosas
2565 4606 2880 4664 affectiones
2907 4619 3003 4664 aut
3025 4607 3461 4665 consuetudines.

215 4699 382 4763 ἐντὸς
437 4699 535 4752 καὶ
581 4699 738 4763 ἐκτὸς
787 4699 1072 4779 ὁρωμένην
1122 4718 1182 4756 τε
1235 4702 1338 4770 καὶ,
1375 4703 1688 4775 νοουμένην.
1737 4707 1800 4760 Ol

1901 4699 2062 4772 333
2100 4699 2240 4755 Deus
2266 4700 2410 4755 enim
2449 4708 2527 4753 est
2557 4700 2694 4771 ignis
2724 4715 2945 4756 omnem
2977 4715 3172 4756 sensus
3194 4701 3466 4760 ard'orcm,

212 4788 484 4859 δαίμονες
523 4789 585 4843 τὸ
628 4789 869 4846 ἐναντίον
919 4791 1084 4848 πάλιν
1135 4792 1246 4857 τῶν
1282 4793 1586 4863 εἰρημένων
1633 4797 1806 4852 ποιεῖν

215 4881 565 4950 πεφύκασιν.
626 4883 794 4938 Ἐπὰν
850 4885 960 4968 γὰρ
1003 4885 1104 4954 τῆς
1159 4883 1340 4954 ψυχῆς
1392 4885 1804 4956 περιγένωνται,

214 4975 325 5030 καὶ
358 4974 422 5028 τὸ
445 4973 541 5029 τοῦ
569 4974 688 5040 νοὸς
715 4975 832 5044 φῶς
861 4975 1283 5077 περιτρέψωσιν,
1317 4976 1417 5030 οὐκ
1448 4975 1530 5030 ἔτι
1555 4975 1708 5032 ἔσται
1738 4981 1798 5034 εν

214 5067 366 5138 ἡμῖν
391 5067 506 5128 τοῖς
537 5065 764 5130 ἀθλίοις,
790 5065 854 5120 οὐ
895 5064 1074 5136 νῆψις,
1105 5066 1166 5119 οὐ
1209 5066 1500 5139 διάκρισις,
1546 5069 1647 5123 οὐκ
1678 5071 1802 5124 επίο

214 5172 453 5225 γνωσις,
483 5155 586 5208 οὐκ
607 5154 842 5224 ἐντροπὴ
861 5153 1018 5208 ’.ἀλλ’
1047 5155 1368 5225 ἀναλγησία,
1404 5156 1509 5210 ικαὶ
1541 5156 1799 5232 ἀναισθη-

217 5248 347 5311 σία,
379 5246 474 5298 καὶ
503 5243 836 5317 ἁδιακρισία,
864 5246 957 5300 καὶ
979 5245 1240 5317 amota.»

1902 4806 2202 4861 omnesque
2229 4800 2415 4846 motus
2445 4805 2664 4860 pravos,
2694 4793 3192 4862 prmsumptionem,
3223 4787 3465 4844 σηοωεδ-

1892 4885 2105 4938 tionem
2134 4895 2258 4947 cum
2289 4881 2600 4936 interiorem
2633 4892 2747 4937 tum
2777 4884 3098 4938 exteriorem
3130 4881 3313 4942 etiam,
3349 4895 3469 4948 quae

1903 4959 1955 5028 in
1988 4971 2316 5042 cogitatione
2344 4981 2614 5038 versatur,
2647 4989 2977 5027 consumens.
3022 4972 3301 5026 Daemones
3333 4987 3467 5027 con-

1905 5065 2072 5120 traria
2108 5063 2367 5118 omnibus
2399 5062 2512 5132 jam
2543 5063 2708 5120 dictis
2738 5065 2792 5118 in
2825 5065 2982 5118 nobis
3024 5061 3212 5117 facere
3236 5078 3468 5119 consue-

1906 5163 2117 5211 verunt.
2134 5152 2270 5207 Nam
2303 5155 2395 5208 ubi
2413 5154 2654 5208 animam
2676 5155 2778 5209 sibi
2801 5154 3093 5208 obnoxiam
3118 5154 3470 5209 reddiderunt

1905 5247 2426 5316 mentisque-lumen
2469 5247 2865 5309 exstinxerunt,
2903 5253 3016 5298 tum
3059 5245 3206 5300 nulla
3237 5247 3468 5315 amplius

215 5351 316 5399 est
350 5342 406 5398 in
437 5341 602 5399 nobis
623 5343 840 5399 miseris
868 5342 1156 5406 sobrietas,
1180 5343 1325 5399 nulla
1350 5343 1631 5409 discretio,
1660 5346 1805 5402 nulla
1843 5343 2100 5416 cognitio,
2139 5342 2286 5397 nulla
2320 5340 2645 5409 reverentia,
2680 5339 2773 5396 sed
2814 5339 3131 5406 indolentia,
3173 5351 3467 5409 stuporque

215 5433 424 5502 animi,
454 5435 791 5502 indiscretio,
829 5443 883 5490 et
907 5435 1124 5492 caecitas
1154 5436 1368 5490 mentis.

295 5524 491 5606 οίδασι
531 5525 640 5596 γὰρ
686 5525 753 5579 τὰ
804 5525 1070 5596 εἰρημένα
1115 5521 1172 5580 εὖ
1229 5525 1371 5596 μάλα
1417 5524 1600 5594 σαφῶς
1641 5527 1691 5578 οἱ
1739 5528 1802 5580 ἑκ

217 5615 493 5686 πορνείας
539 5615 931 5687 ἀνανήψαντες,
975 5617 1069 5672 καὶ
1116 5619 1180 5672 ἐκ
1212 5615 1518 5689 παρρησίας
1565 5619 1802 5671 ὑποστα-

299 5774 342 5803 ε¹
373 5770 502 5825 Ρβιδο
553 5787 711 5825 :xxu.
748 5774 832 5836 Hi,
877 5774 952 5825 ίῖ.

1979 5522 2102 5577 Ilaec
2132 5521 2315 5575 omnia
2341 5534 2461 5588 quia
2500 5519 2612 5588 jam
2657 5529 3080 5574 commemorata
3111 5527 3268 5581 sunt,
3304 5517 3469 5587 probe

1910 5622 2107 5668 norunt
2153 5613 2190 5669 ii
2216 5612 2308 5683 qui
2339 5627 2405 5667 ex
2435 5608 2742 5679 impuritate
2783 5611 2849 5664 ad
2877 5611 3240 5666 sobrietatem
3291 5606 3472 5662 redica
