4216 6458
744 384 884 445 1015

1957 380 2014 437 S-
2037 380 2275 439 JOANN
2293 380 2360 437 IS
2428 381 2734 440 CLtMACl

3861 381 3999 448 1016

746 494 897 550 runt,
929 486 1132 556 quique
1175 501 1241 540 ex
1286 488 1452 540 nimia
1492 486 1815 541 conﬁdentia
1860 488 1925 543 ad
1964 490 2307 552 modestiam,
2344 494 2366 549 Α

2428 491 2617 555 ιέντες.
2651 493 2745 546 καὶ
2777 491 2826 545 οἱ
2872 492 2931 559 ὲξ
2974 491 3249 556 ἀναιδείας
3296 493 3375 558 είς
3412 492 3763 564 συναίσθησιν
3802 494 3999 567 ἐληλυ-

745 580 813 631 ab
848 578 1175 646 impudentia
1213 579 1279 632 ad
1319 577 1576 647 pudorem
1617 579 1951 634 transierunt
1976 621 1989 642 ,
2040 582 2312 651 quomrdo

743 679 868 738 post
903 677 1172 735 receptam
1208 669 1402 723 mentis
1432 671 1744 735 sanitatem,
1792 681 1845 724 et
1880 673 2112 726 solutam
2154 673 2313 728 caeci-

745 770 933 823 tatem,
968 773 1063 813 seu
1092 761 1273 829 potius
1301 760 1706 830 corruptionem
1752 762 1898 830 ipsos
1941 764 2025 818 sui
2069 764 2312 834 ipsorum

746 850 963 917 pudeat,
999 851 1070 904 ob
1100 866 1162 905 ea
1196 866 1319 920 quae
1348 853 1522 921 prius,
1578 868 1698 907 cum
1752 854 1804 907 in
1856 857 2095 910 caecitate
2134 870 2316 911 versa-

747 950 957 1002 rentur.
985 942 1345 1012 loquebantur
1369 953 1425 998 et
1449 943 1699 1013 agebant.
1732 942 1846 999 Nisi
1874 953 2234 1015 vesperascat,
2261 954 2317 1001 ct

744 1042 1026 1088 noctescat
1069 1035 1242 1104 prius,
1287 1034 1438 1090 l'ures
1470 1035 1524 1088 in
1566 1035 1687 1090 lucc
1729 1037 1926 1091 animae
1970 1046 2025 1091 et
2062 1037 2150 1093 die
2178 1036 2315 1092 nihil

744 1123 904 1179 facile
931 1124 1274 1190 lurabnntnr,
1303 1134 1399 1180 aut
1422 1126 1756 1192 mactabunt,
1787 1137 1879 1181 aut
1906 1128 2151 1199 perdent.
2183 1127 2317 1183 Fur-

747 1224 860 1268 tum
892 1225 995 1277 est,
1037 1231 1160 1271 cum
1208 1215 1391 1270 anima
1435 1230 1542 1271 non
1580 1219 1820 1272 sentiens
1849 1215 1981 1289 [non
2010 1216 2319 1290 advertens}

746 1306 801 1359 in
837 1307 1202 1376 captivitatem
1258 1307 1497 1362 trahitur
1541 1326 1554 1360 :
1604 1316 1875 1363 mactatur
1922 1310 2139 1373 animo,
2192 1325 2315 1364 cum

748 1411 948 1452 sensus
982 1398 1179 1453 mentis
1212 1399 1598 1469 exstinguitur,
1641 1398 1713 1454 ita
1759 1410 1822 1455 ut
1854 1400 1909 1454 in
1945 1399 2085 1455 foeda
2125 1410 2179 1455 et
2221 1416 2318 1454 ne-

747 1475 882 1543 faria
917 1504 1083 1558 opera
1129 1490 1354 1547 incidat.
1389 1490 1641 1546 Perditur
1673 1490 1891 1547 demum
1938 1506 2060 1546 cum
2109 1508 2175 1547 ex
2221 1493 2320 1546 ad-

745 1580 918 1637 inisso
966 1583 1175 1638 scelere
1222 1584 1291 1638 de
1344 1585 1519 1639 salute
1568 1582 1795 1641 omnino
1847 1583 2119 1653 desperat.
2151 1581 2322 1638 Nemo

744 1673 942 1728 virium
974 1690 1196 1730 suarum
1221 1675 1644 1745 imbecillitatem
1669 1683 1949 1747 praetexat,
1974 1676 2130 1745 quasi
2158 1691 2323 1730 cvan-

745 1766 915 1833 gelica
954 1780 1214 1839 praecepta
1253 1783 1471 1824 servare
1492 1784 1600 1822 non
1626 1766 1817 1838 possit.
1861 1767 2001 1822 Sunt
2043 1767 2185 1822 enim
2229 1767 2321 1836 qui

2415 582 2598 645 θότες-
2650 583 2768 647 πῶς
2814 600 2872 637 τε
2923 585 3063 653 μετὰ
3108 583 3207 654 τὴν
3247 582 3410 653 νῆψιν
3439 583 3534 637 τοῦ
3580 584 3721 648 νοὸς,
3770 586 3871 639 καὶ
3896 587 3997 656 τῆς

2418 674 2742 743 πωρώσεως.
2770 674 2969 745 μᾶλλον
2994 675 3049 727 δὲ
3084 673 3385 746 πηρώσεως
3415 674 3578 729 αὑτοῦ
3601 674 3871 741 διάλυσιν,
3902 678 3999 730 καὶ

2414 766 2637 829 ἑαυτοὺς
2663 767 2801 821 κατὰ
2847 766 2970 820 νοῦν
2996 766 3289 830 αἰδοῦνται,
3314 767 3401 836 ἐφ’
3445 760 3527 829 οἷς
3552 766 3741 838 πρώην
3773 756 4001 821 ἐλάλουν

2415 860 2507 912 καὶ
2522 858 2787 930 ἔπραττον
2815 863 2872 914 ὲν
2893 859 3168 929 τυφλώσει
3192 861 3493 928 διάγοντες.
3525 860 3589 913 Εἰ
3618 860 3693 930 μὴ
3715 859 3899 928 όψίσει
3916 859 3996 926 (6)

2417 952 2510 1005 ml.
2550 953 2798 1007 σκοτάσει
2849 953 3065 1025 πρῶτον
3115 956 3174 1007 ὲν
3220 956 3285 1025 τῇ
3335 952 3522 1026 ἡμέρᾳ
3563 952 3664 1023 τῆς
3688 952 3896 1023 ψυχῆς,
3935 954 3999 1005 οὑ

2419 1045 2497 1115 μὴ
2517 1046 2564 1099 οἱ
2595 1044 2826 1098 κλέπται
2856 1044 3127 1114 κλέψωσι,
3162 1046 3252 1098 καὶ
3280 1044 3507 1107 θύσωσι,
3540 1044 3636 1097 καὶ
3664 1044 3997 1098 ἀπολέσωσι.

2416 1137 2606 1206 κλοπή
2638 1137 2784 1190 ἐστιν
2809 1137 3082 1205 ἄγνωστος
3110 1136 3459 1208 αἰχμαλωσία
3484 1136 3682 1207 ψυχῆς
3705 1134 3871 1190 θυσία
3896 1133 4001 1204 ψυ-

2418 1231 2520 1300 χῆς
2563 1228 2679 1281 ἐστι
2727 1226 2946 1295 λογικοῦ
2977 1228 3096 1291 νοὸς
3129 1226 3316 1299 θνῆσις
3354 1228 3412 1281 ἐν
3459 1226 3726 1299 πράξεσιν
3775 1226 4001 1289 ἀτόποις

2420 1317 2836 1389 περιπεσόντος’
2884 1315 3127 1372 ἀπώλεια
3160 1317 3217 1372 δὲ
3248 1318 3282 1389 ἠ
3313 1317 3454 1387 μετὰ
3477 1316 3575 1386 τὴν
3601 1316 3836 1386 ἀνομίαν
3865 1317 3999 1369 ἑαυ-

2420 1408 2513 1462 τοῦ
2558 1408 2889 1478 ἀπόγνωσις.
2931 1409 3136 1478 Μηδεὶς
3167 1410 3259 1462 ἐπὶ
3286 1411 3403 1470 ταῖς
3431 1407 3821 1477 εὐαγγελικαῖς
3848 1409 4001 1460 έντο-

2420 1499 2538 1561 λαῖς
2576 1498 2873 1569 ἀδυναμίαν
2917 1498 3288 1570 προόάληται·
3320 1500 3432 1553 εἰσὶ
3460 1499 3572 1571 γάρ
3598 1497 3772 1569 ψυχαὶ
3818 1498 3876 1550 αῖ
3908 1496 4004 1550 καὶ

2423 1588 2564 1660 ὑπὲρ
2594 1589 2692 1660 τὴν
2717 1589 2937 1660 ἐντολὴν
2966 1589 3342 1661 διεπράξαντο.
3385 1591 3572 1644 Πείσει
3601 1606 3660 1643 σε
3696 1590 3920 1652 πάντως
3943 1586 4006 1640 τὺ

2424 1681 2710 1751 εἰρημένον
2757 1683 2786 1735 ό
2838 1680 2977 1750 ὑπὲρ
3023 1681 3218 1735 ἑαυτὸν
3261 1681 3353 1736 τὸν
3410 1680 3638 1751 πλησίον
3680 1680 4002 1747 ἀγαπήσας,

2427 1771 2521 1825 καὶ
2549 1771 2688 1842 ὑπὲρ
2717 1770 2908 1825 τούτου
2947 1771 3046 1844 τὴν
3092 1772 3271 1842 ψυχὴν
3298 1769 3633 1842 προθέμενος
3662 1770 3762 1838 (7),
3797 1769 4007 1838 καίπερ

742 1859 898 1928 plura
914 1876 1076 1931 quam
1100 1859 1451 1931 Evangelium
1472 1860 1728 1931 praecipit,
1751 1859 2021 1915 ﬁaciantet
2040 1866 2316 1929 praestent.
2354 1840 2366 1900 Ι

2428 1840 2693 1933 ὲπιταγῆν
2740 1863 2947 1933 Κυρίου
2992 1840 3072 1945 είς
3110 1840 3277 1917 τοῦτο
3307 1840 3382 1934 μὴ
3427 1863 3817 1933 κομισάμενος.
3855 1860 4003 1933 Θαρ-

747 1950 1099 2008 Persuadebit
1134 1954 1230 2008 tibi
1268 1954 1370 2008 hoe
1415 1952 1640 2009 omnino
1682 1954 1828 2023 quod
1871 1952 2075 2008 dictum
2117 1960 2235 2017 est,
2270 1952 2320 2008 is

744 2044 837 2112 qui
875 2046 1183 2115 proximum
1215 2062 1376 2102 suum
1409 2046 1529 2117 plus
1567 2062 1730 2117 quam
1763 2045 1999 2115 seipsnm
2038 2042 2203 2116 334
2234 2043 2320 2098 di-

747 2131 895 2197 rexit,
917 2133 1137 2203 quando
1171 2136 1407 2189 animam
1440 2151 1593 2190 suam
1620 2151 1721 2205 pro
1748 2136 1866 2207 ipso
1893 2136 2093 2205 posuit,
2127 2149 2321 2207 quam-

744 2225 828 2279 vis
868 2235 1193 2295 praeceptum
1228 2243 1260 2281 a
1285 2226 1521 2281 Domino
1542 2242 1703 2297 super
1725 2228 1828 2283 hoc
1859 2243 1968 2283 non
2002 2228 2319 2298 accepisset.

745 2314 995 2371 Habeant
1036 2316 1237 2372 bonum
1286 2318 1528 2374 animum
1576 2319 1831 2381 humiles.
1868 2320 2120 2389 quamvis
2149 2320 2321 2376 animi

743 2408 1251 2477 perturbationibus
1286 2410 1465 2466 adhuc
1498 2412 1747 2467 obnoxii.
1784 2410 1841 2465 Si
1881 2410 1935 2465 in
1970 2426 2162 2468 omnes
2190 2427 2321 2482 pec-

745 2510 994 2556 catorum
1043 2502 1228 2557 foveas
1265 2503 1530 2569 incidant,
1592 2504 1955 2581 omnibusque
1997 2503 2319 2574 laqueorum

750 2592 968 2649 insidiis
999 2593 1301 2650 induantur
1327 2603 1381 2649 et
1410 2596 1714 2663 capiantur,
1765 2596 2128 2666 omnibusque
2153 2596 2320 2651 animi

749 2684 957 2741 morbis
985 2685 1313 2758 allligantur,
1369 2696 1426 2742 at
1459 2696 1746 2759 postquam
1793 2688 2082 2743 sanitatem
2126 2703 2322 2744 conse-

747 2777 861 2831 euti
902 2777 1124 2846 fuerint,
1176 2778 1431 2834 omnibus
1475 2779 1596 2835 aliis
1639 2780 1949 2846 luminaria,
1984 2779 2201 2846 medici,
2238 2780 2323 2835 lu-

749 2881 929 2924 cernae
984 2878 1040 2923 et
1089 2871 1347 2926 ductores
1398 2870 1548 2937 liant,
1602 2871 1958 2941 omniumque
2005 2872 2319 2928 morborum

750 2974 949 3030 genera
977 2975 1075 3017 seu
1098 2962 1415 3017 discrimina
1445 2964 1697 3024 doceant,
1728 2977 1934 3033 eosque
1962 2963 2055 3033 qui
2083 2962 2137 3017 in
2161 2978 2322 3019 casus

749 3052 997 3122 periculo
1012 3064 1160 3120 sunt,
1189 3055 1561 3123 experimento
1577 3068 1679 3109 suo
1709 3062 1946 3109 servent.
1968 3053 2123 3120 Quod
2149 3054 2193 3110 si
2222 3055 2315 3124 qui

751 3145 823 3197 ob
868 3144 1168 3213 praeteritas
1214 3146 1472 3212 peccandi
1521 3146 1947 3201 consuetudines
1992 3146 2173 3201 adhuc
2209 3147 2319 3201 vim

753 3237 1057 3303 patiuntur,
1098 3247 1152 3291 et
1186 3236 1384 3292 docere
1414 3238 1549 3292 alios
1590 3237 1736 3291 nudo
1777 3238 2123 3308 simplicique
2159 3239 2328 3293 verbo

750 3338 1007 3396 possunt,
1044 3328 1298 3394 doceant,
1334 3328 1568 3384 fortasse
1595 3331 1742 3384 enim
1777 3329 2071 3399 aliquando
2103 3329 2174 3386 ob
2199 3346 2329 3386 suas

753 3419 856 3488 ipsi
910 3419 1325 3475 adhortationes
1382 3421 1732 3475 verecmnlati
1819 3420 2082 3491 incipient
2132 3421 2366 3476 melius'

753 3522 916 3578 agere
947 3518 1002 3564 et
1031 3511 1219 3565 vivere
1271 3511 1571 3581 (enimvero
1610 3511 1746 3565 tales
1783 3526 1893 3566 non
1942 3511 2208 3579 imperent
2235 3521 2329 3567 aut

754 3602 1081 3671 gubernem)
1117 3620 1132 3657 :
1165 3612 1220 3658 et
1248 3602 1461 3659 accidet
1488 3603 1598 3659 illis
1627 3601 1772 3672 quod
1813 3603 2141 3673 quibusdam
2178 3602 2328 3658 acci-

753 3693 900 3748 disse
926 3694 1179 3760 vidimus,
1202 3694 1295 3764 qui
1324 3694 1377 3748 in
1405 3708 1565 3750 coeno
1586 3693 1829 3750 sordium
1854 3693 2118 3764 voluptati
2146 3704 2326 3751 trans-

753 3792 950 3840 euntes
983 3785 1124 3840 alios
1157 3786 1480 3851 docuerunt,
1518 3800 1630 3854 quo
1668 3794 1827 3855 pacto
1862 3787 1964 3855 ipsi
1996 3786 2050 3840 in
2080 3801 2201 3841 eam
2227 3801 2325 3842 vo-

753 3875 995 3946 raginem
1027 3877 1373 3939 incidissent,
1407 3877 1552 3948 quod
1591 3875 1856 3945 feCcrunt,
1897 3886 1956 3933 ut
1994 3879 2116 3934 illos
2146 3879 2326 3935 salvos

2427 1955 2694 2008 σείτωσαν
2726 1955 2775 2007 oi
2804 1953 3261 2024 τεταπεινωμένοι
3288 1952 3572 2025 ἐμπαθεῖς·
3605 1953 3653 2004 εί
3677 1951 3788 2022 γάρ
3817 1953 3916 2004 καὶ
3945 1953 4005 2003 ὲν

2428 2047 2562 2100 πᾶσι
2589 2048 2701 2109 τοῖς
2748 2045 2990 2116 βοθύνοις
3035 2044 3396 2116 περιπέσωσι,
3428 2045 3521 2097 καὶ
3551 2045 3608 2097 ὲν
3638 2043 3845 2106 πάσαις
3884 2045 4005 2105 ταῖς

2426 2138 2621 2208 παγίσι
2672 2136 3028 2208 βροχισθῶσι,
3079 2136 3174 2190 καὶ
3228 2137 3409 2189 πᾶσαν
3453 2138 3608 2189 νόσον
3662 2134 4002 2204 νοσήσωσιν·

2425 2231 2564 2285 ἁλλά
2591 2248 2653 2300 γε
2685 2232 2823 2302 μετά
2845 2231 2945 2302 τὴν
2976 2229 3164 2299 ὑγείαν
3195 2230 3330 2283 πᾶσι
3352 2228 3657 2298 φωστῆρες,
3680 2228 3776 2280 καὶ
3805 2228 4006 2299 ἰατροὶ,

2426 2324 2521 2376 καὶ
2550 2322 2751 2392 λύχνοι,
2784 2322 2879 2375 καὶ
2926 2320 3253 2392 κυϐερνῆται
3282 2319 3540 2388 γίνονται,
3584 2318 3824 2387 ἑκάστης
3845 2318 4003 2371 νόσου

2425 2412 2552 2476 τοὺς
2596 2413 2829 2484 τρόπους
2872 2412 3240 2476 διδάσκοντες,
3290 2411 3539 2474 καὶτοὺς
3584 2410 3879 2482 μέλλοντας
3910 2409 4005 2463 πί-

2428 2521 2602 2569 πτειν,
2648 2506 2713 2558 ἐκ
2753 2505 2851 2575 τῆς
2897 2504 3106 2568 οἰκείας
3137 2504 3332 2575 πείρας
3372 2503 3760 2568 διασώζοντεςσ
3811 2503 3863 2555 εί
3907 2502 4011 2572 μὲν

2426 2599 2491 2650 ἐκ
2549 2596 3040 2668 προγεγενημένων
3091 2594 3418 2667 προλήψεων
3469 2593 3865 2665 τυραννοῦνται
3928 2609 4008 2645 τι·

2427 2706 2516 2747 νες
2551 2689 2625 2759 (8)
2658 2688 2751 2742 καὶ
2781 2687 3052 2743 διδάσκειν
3073 2688 3175 2742 κάν
3197 2686 3336 2759 ψιλῷ
3359 2686 3506 2757 λόγῳ
3540 2684 3827 2748 δύνανται,
3862 2682 4010 2738 διδά-

2427 2782 2611 2848 ξωσιν.
2644 2783 2804 2844 Ἴσως
2844 2780 2955 2853 γάρ
2992 2797 3124 2834 ποτε
3155 2781 3259 2834 κᾶν
3288 2779 3413 2843 τοὺς
3437 2778 3668 2841 οἰκείους
3693 2777 3891 2845 λόγους
3921 2777 4010 2830 ai-

2430 2874 2749 2944 σχυνθέντες
2788 2872 2887 2942 τῆς
2929 2871 3236 2942 πρακτικῆς
3265 2869 3538 2941 ἄρξωνται
3572 2866 3646 2936 (9)
3679 2867 3781 2936 (μὴ
3820 2865 4011 2936 μέντοι

2428 2965 2521 3019 καὶ
2552 2964 2802 3035 ἄρξωσι),
2845 2963 2940 3017 καὶ
2978 2964 3268 3032 γενήσεται
3297 2961 3395 3015 καὶ
3437 2962 3497 3013 ὲν
3539 2960 3722 3022 αὐτοῖς
3747 2962 3894 3027 οπερ
3918 2956 4010 3011 ἐπί

2427 3073 2587 3108 τινων
2619 3057 2677 3108 ὲν
2711 3053 2953 3125 βορϐόρῳ
2986 3051 3321 3121 κυλιομένων
3362 3045 3502 3103 εἶδον
3546 3047 3836 3117 γινόμενον
3859 3064 3874 3078 ·
3908 3048 4013 3117 έμ-

2430 3142 2815 3213 πεπηλωμένοι
2843 3143 2952 3213 γάρ
2975 3142 3308 3210 ὑπάρχοντες
3340 3140 3431 3193 τὸν
3453 3138 3655 3208 τρόπον
3687 3138 3791 3202 τῆς
3830 3140 4011 3191 ἐκεῖσε

2426 3324 2564 3395 ὑπὲρ
2597 3324 2694 3395 τῆς
2723 3323 2998 3394 σωτηρίας
3043 3321 3220 3376 αὐτῶν
3260 3322 3417 3375 τοῦτο
3464 3318 4012 3390 πραγματευόμενοι,

2422 3418 2571 3480 ὅπως
2600 3416 2677 3488 μὴ
2714 3417 2959 3470 κάκεῖνοι
2987 3419 3053 3484 τῇ
3088 3418 3225 3485 αὑτῇ
3255 3414 3358 3484 ὁδῷ
3403 3413 3650 3467 πέσωσι·
3684 3412 3784 3466 καὶ
3825 3411 4015 3482 μέντοι

2422 3511 2511 3565 διὰ
2552 3509 2650 3580 τὴν
2678 3509 2879 3579 ἑτέρων
2911 3508 3204 3579 σωτηρίαν,
3248 3507 3343 3561 καὶ
3372 3507 3573 3569 αὐτοὺς
3615 3507 3644 3559 ό
3675 3504 4015 3558 παποδὺνα-

2435 3618 2533 3671 μος
2572 3599 2665 3655 τοῦ
2706 3599 2880 3672 πηλοῦ
2920 3597 3283 3670 ὲλυτρὼσατο.
3327 3598 3391 3652 Ei
3433 3598 3491 3651 δέ
3537 3613 3602 3665 γε
3644 3596 3696 3649 oi
3736 3594 4017 3667 ἐμπαθεῖς

2434 3694 2695 3756 ἑκουσίως
2720 3692 2944 3754 ἑαυτοὺς
2974 3694 3094 3754 ταῖς
3135 3690 3347 3760 ἡδοναῖς
3385 3688 3793 3761 ἐπιῤῥίπτουσι,
3827 3689 4013 3758 σιωπῇ

2432 3784 2529 3855 τὴν
2576 3783 2922 3838 διδασκαλίαν
2972 3781 3312 3846 ὲνδείξονται.
3357 3772 3458 3832 Ὧν
3482 3780 3641 3851 χάριν
3688 3777 3925 3846 ἤρξατο
3981 3780 4017 3831 ὁ

2442 3875 2675 3943 Ἰησοῦς
2706 3875 2903 3930 ποιεῖν
2926 3891 2988 3928 τε
3024 3874 3119 3928 καὶ
3167 3872 3500 3929 διδάσκειν.

755 3979 1095 4038 praestarent,
1128 3986 1197 4026 ne
1213 3967 1274 4025 in
1298 3972 1542 4027 eamdem
1569 3973 1829 4043 peccandi
1886 3973 2099 4030 foveam
2152 3974 2392 4044 ipsorum
2427 3973 2676 4044 exemplo
2703 3973 2818 4041 pari
2844 3972 3057 4026 ratione
3076 3969 3393 4026 ceciderint.
3422 3968 3527 4024 Sed
3554 3968 3699 4023 enim
3730 3969 3834 4023 hos
3860 3968 4016 4038 ipsos

754 4058 900 4114 Deus
933 4062 1026 4128 qui
1058 4062 1241 4117 omnia
1278 4069 1476 4131 potest,
1512 4072 1733 4133 propter
1771 4063 2002 4118 aliorum
2071 4063 2301 4120 salutem
2363 4080 2394 4116 e
2431 4078 2592 4120 coeno
2642 4073 2991 4132 peccatorum
3042 4061 3310 4117 liberavit.
3362 4059 3467 4127 Qui
3512 4075 3641 4117 vero
3684 4075 3750 4115 ex
3791 4062 4016 4119 vitiosis

767 4160 961 4218 sponte
1037 4166 1097 4205 se
1164 4151 1535 4221 voluptatibus
1608 4152 1815 4208 dedunt
1859 4161 1914 4208 ct
1956 4154 2310 4224 immergunt,
2367 4163 2602 4221 taceant,
2660 4164 2715 4208 et
2763 4154 2984 4211 silentio
3031 4167 3133 4209 suo
3184 4153 3432 4208 doceant.
3485 4150 3784 4222 Propterea
3836 4151 4009 4210 Iesus

756 4247 906 4314 erupit
940 4246 1114 4314 facere
1144 4254 1192 4298 et
1226 4245 1411 4298 docere
1434 4245 1502 4300 “.

829 4335 1039 4390 vaum
1074 4350 1259 4388 revera
1308 4343 1363 4388 et
1406 4336 1662 4400 immane,
1699 4351 1732 4388 o
1771 4336 2005 4390 humlles
2045 4336 2324 4403 monachi,
2361 4341 2366 4394 1

2498 4334 2767 4398 Χαλεπὸν,
2801 4334 2972 4398 ὅντως
3011 4333 3245 4403 χαλεπὸν
3278 4333 3670 4405 περαιούμεθα,
3700 4327 3746 4387 ὦ
3785 4335 4020 4405 μοναχὼ

759 4426 985 4496 pelagus
1018 4425 1345 4494 trajicimus.
1390 4427 1576 4482 multis
1610 4437 1897 4481 ventorum
1932 4428 2242 4483 turbinibus
2279 4434 2334 4481 et

2428 4427 2693 4488 ταπεινοὶ,
2727 4424 2965 4493 πέλαγος
3006 4424 3101 4478 καὶ
3140 4423 3351 4477 πολλῶν
3380 4424 3726 4495 πνευμάτων,
3766 4426 3863 4478 καὶ
3891 4441 4020 4479 σπι-

758 4517 1018 4584 scopulis,
1047 4515 1210 4587 335
1240 4516 1564 4581 vorticibus,
1588 4518 1801 4586 piratis,
1832 4517 2178 4587 siphonibus,
2212 4518 2333 4573 bre-

2428 4516 2622 4580 λάδων,
2652 4516 2746 4570 καί
2773 4515 3014 4582 ἰλίγγων,
3042 4515 3136 4566 καὶ
3168 4514 3463 4583 πειρατῶν,
3495 4516 3588 4568 καὶ
3611 4514 3889 4580 σιφὼνων.
3925 4520 4019 4569 καὶ

758 4608 920 4663 ribus
944 4621 1043 4661 seu
1074 4605 1340 4675 syrtibus,
1373 4605 1739 4676 monstrisque
1761 4614 1815 4661 et
1842 4605 2096 4662 [luctibus
2131 4608 2333 4661 redun-

758 4701 917 4754 dans.
978 4698 1277 4767 Scopulnm
1337 4698 1703 4767 intelligamus
1756 4714 1951 4753 εισι-κιαι
1998 4707 2053 4753 et
2114 4707 2333 4766 repente

761 4794 1212 4845 inttnncsccntem
1262 4788 1437 4853 iram;
1498 4791 1759 4842 vorticem
1809 4804 1937 4842 vero
1981 4804 2103 4843 cum
2139 4804 2334 4856 exspes

761 4882 970 4949 vertigo
1000 4890 1237 4932 mentem
1283 4878 1523 4945 undique
1554 4878 1925 4941 circumsistit,
1966 4886 2020 4933 et
2064 4878 2116 4931 in
2169 4878 2332 4932 altam

764 4970 1165 5041 desperationis
1195 4971 1507 5039 voraginem
1546 4971 1886 5038 prmeipitare
1918 4980 2166 5023 conatur.
2210 4968 2335 5021 Br.-

765 5065 852 5120 via
885 5074 940 5118 et
971 5074 1147 5133 syrtes
1178 5071 1308 5117 sunt
1339 5062 1661 5130 ignorantia:
1690 5077 1811 5130 qua:
1836 5060 2038 5114 malum
2072 5076 2169 5128 pro
2193 5060 2337 5113 bono

765 5157 1032 5224 arripiunt
1069 5165 1120 5209 et
1167 5155 1470 5209 continent.
1510 5151 1752 5207 Illnnstra
1804 5168 1931 5207 vero
1967 5152 2193 5206 'marina
2236 5151 2338 5204 hoc

767 5266 930 5326 grave
964 5258 1019 5303 et
1053 5249 1227 5302 ferum
1273 5263 1492 5315 corpus.
1540 5245 1734 5299 Piratae
1768 5244 2156 5314 improbissimi
2190 5258 2341 5298 vauze

767 5343 951 5419 gloria:
987 5340 1221 5394 ministri
1254 5350 1310 5392 et
1341 5339 1597 5401 artiﬁces,
1638 5337 1731 5406 qui
1766 5336 2010 5390 sarcinas
2044 5344 2261 5390 nostras
2289 5343 2343 5387 et

768 5435 1008 5487 ninnium
1072 5431 1335 5483 vittutum
1400 5430 1613 5481 labores
1668 5436 1724 5480 et
1788 5426 1999 5480 fructus
2057 5426 2338 5495 diripiunt.

768 5522 988 5578 Fluctus
1032 5519 1451 5586 interpretemur
1494 5518 1739 5569 innatum
1781 5526 1832 5569 et
1873 5523 2169 5569 tumentem
2210 5526 2339 5564 ven-

770 5626 929 5677 trem,
961 5613 1054 5680 qui
1099 5624 1292 5679 suopte
1336 5626 1434 5666 nos
1482 5610 1684 5680 impetu
1713 5608 1778 5663 ad
1828 5608 1973 5662 illam
2015 5606 2248 5662 belluain
2286 5615 2341 5657 et

852 5801 885 5828 ’τ
923 5797 1043 5851 Act=
1087 5794 1195 5859 1,1.

2432 4605 2671 4676 βραχῶν,
2720 4606 2816 4658 καὶ
2844 4603 3070 4673 θηρίων,
3119 4604 3214 4657 καὶ
3243 4604 3503 4673 κυμάτων
3550 4604 4011 4675 πεπληρωμένον.

2429 4695 2666 4749 Σπιλάδα
2694 4697 2791 4765 μὲν
2828 4695 2920 4747 ὲπὶ
2964 4694 3163 4764 ψυχῆς,
3202 4694 3292 4746 τὸν
3317 4694 3509 4765 ἄγριον
3533 4694 3706 4764 θυμὸν
3754 4697 3855 4749 καὶ
3885 4698 4014 4763 αῖς,-

2436 4790 2596 4842 νὶδιον
2639 4789 2957 4859 νοήσωμεν⁸
3003 4785 3188 4853 ῖλιγγα
3232 4786 3290 4838 δὲ
3335 4786 3435 4856 τὴν
3481 4787 3868 4841 ἀνελπιστείαν
3924 4789 4021 4857 τὴν

2438 4877 2868 4950 περικυκλοῦσαν
2908 4877 2999 4930 τὸν
3043 4875 3187 4938 νοῦν,
3220 4878 3315 4929 καὶ
3344 4876 3535 4929 τοῦτον
3581 4878 3744 4931 αὑτὸν
3774 4881 3836 4932 ὲν
3869 4880 4022 4949 β’)θῴ

2436 4968 2796 5039 ἀπογνώσεως
2849 4969 3177 5036 κατενέγκαι
3222 4968 3627 5032 σπουδάζουσαν
3652 4985 3665 4999 ·
3708 4967 3918 5038 βράχος
3963 4970 4020 5023 δὲ

2434 5064 2531 5132 τὴν
2560 5062 2805 5128 ἄγνοιαν,
2848 5060 2948 5131 τὴν
2978 5059 3039 5111 τὸ
3086 5059 3253 5113 κακὸν
3298 5059 3374 5121 ὡς
3422 5058 3584 5111 καλὸν
3639 5059 4016 5129 κατέχουσαν

2439 5150 2604 5220 θηρία
2631 5149 2707 5212 δὲ,
2736 5149 2798 5201 τὸ
2828 5147 2965 5218 βαρὺ
2986 5146 3144 5200 τοῦτο
3176 5148 3271 5201 καὶ
3299 5146 3489 5215 άγριον
3520 5147 3680 5215 σῶμα
3703 5163 3718 5176 ο
3748 5150 4023 5218 πειρατὰς

2439 5243 2494 5294 δὲ
2547 5244 2669 5303 τοὺς
2717 5241 2817 5309 τῆς
2885 5239 3189 5303 κενοδοξίας
3240 5239 3655 5308 χαλεπωτάτους
3706 5238 4024 5310 ὑπουργοὺς

2440 5334 2564 5393 τοὺς
2592 5332 2682 5384 τὸν
2712 5333 2908 5400 φόρτον
2931 5329 3108 5399 ἡμῶν,
3150 5329 3244 5381 καὶ
3269 5327 3360 5379 τὸν
3389 5328 3633 5396 κάματον
3667 5326 3781 5379 τῶν
3802 5324 4025 5395 ἀρετῶν

2441 5422 2891 5493 ἁφαρπάξοντας·
2969 5419 3122 5487 κῦμα
3176 5418 3231 5471 δὲ
3304 5419 3401 5487 τὴν
3457 5417 3858 5487 πεφυσημένην
3930 5417 4029 5470 καὶ

2440 5513 2779 5583 όγκουμένην
2810 5511 3015 5564 κοιλίαν
3048 5510 3182 5578 (10),
3210 5510 3310 5578 τὴν
3340 5511 3404 5563 ὲκ
3429 5507 3527 5577 τῆς
3563 5508 3699 5570 ἰδίας
3733 5509 3917 5578 ὁρμῆς
3944 5506 4031 5575 τῷ

2447 5606 2622 5677 θηρίῳ
2667 5605 3166 5676 παραπέμπουσαν·
3229 5603 3435 5671 σίφωνα
3466 5599 3546 5667 δὲ,
3572 5600 3673 5655 τὴν
3704 5601 3771 5654 ὲκ
3808 5598 3907 5653 τοῦ
3936 5599 4031 5653 οὐ,
