4216 6458
218 389 350 454 1017

1214 406 1442 468 SCALA
1477 409 1928 472 PARADISI.-
1949 414 2257 476 GRADUS
2279 418 2484 479 XXVI.

3335 429 3470 492 1018

219 497 382 564 ρανοῦ
415 500 665 568 ῥιφείσαν
687 505 1086 576 ὑπερηφανίαν,
1109 508 1208 581 τὴν
1240 512 1618 592 ἀναφέρουσαν
1640 519 1760 590 ήμᾶ

1824 528 2198 584 Αωοηδιηιιη
2251 525 2448 581 defert.
2505 526 2800 599 Sipbonem
2851 533 3036 604 accipe
3089 536 3396 605 superbiam
3435 557 3470 595 ο

212 585 397 640 λοιπον
429 589 521 642 καὶ
554 592 970 663 καταφέρουσαν
1014 596 1118 661 ἕως
1151 598 1259 652 τῶν
1285 585 1558 657 ἀϐύσσων.

277 869 533 942 Γνὼριμα
571 873 942 945 καθεστήκασι
984 881 1097 943 τοῖς
1125 882 1430 954 γράμματα
1462 889 1789 961 παιδευομέ-

204 977 317 1021 νι;ις
350 963 483 1030 (ιι),
532 967 658 1016 ποῖα
701 969 800 1034 μὲν
838 969 1242 1041 εἰσαγομένων,
1291 979 1420 1028 ποῖα
1470 977 1526 1030 δὲ
1568 980 1782 1049 μέσων,

205 1051 335 1100 ποῖα
363 1049 418 1100 δὲ
451 1050 787 1106 διδασκάλων
814 1058 1144 1126 τυγχάνουσι
1185 1062 1256 1114 τὰ
1283 1063 1602 1134 μαθήματα.
1647 1069 1785 1140 Πρό-

1891 613 2034 666 οωΙο
2062 614 2353 684 dejectam,
2385 631 2507 687 qua:
2530 633 2632 675 nos
2660 636 2805 677 nunc
2831 623 2884 678 iu
2919 623 3116 680 omium
3140 625 3311 693 eﬂ'ert,
3337 644 3466 684 max

1890 701 1958 756 ad
1999 711 2204 760 tartara
2236 706 2511 778 deprimit.

1957 876 2174 935 Norunt
2209 896 2400 940 omnes
2427 886 2682 954 litterati,
2716 904 2838 958 qua:
2878 891 3179 964 disciplina:
3208 896 3461 966 rudibus,

1886 984 2012 1038 qua;
2041 971 2477 1041 proficientibus,
2499 993 2621 1046 quae
2647 979 2784 1048 ipsis
2813 982 3084 1051 magistris
3113 990 3460 1045 conveniant.

1886 1059 2186 1130 Diligenter
2215 1065 2587 1132 attendamus,
2630 1084 2696 1123 ne
2725 1071 2816 1125 diu
2851 1072 3043 1129 litteris
3069 1075 3341 1133 immorati
3365 1080 3462 1134 ad-

210 1156 430 1210 σχωμεν
451 1145 735 1214 νουνεχῶς,
774 1148 973 1218 μήπως
995 1151 1054 1202 ὲν
1088 1154 1154 1222 τῇ
1175 1153 1408 1225 μαθήσει
1438 1159 1761 1228 χρονίσαντεε

1882 1151 1993 1207 huc
2025 1152 2080 1206 in
2114 1155 2444 1212 rudimentis
2490 1156 2984 1229 deprehendantur,
3018 1167 3162 1232 quod
3203 1169 3460 1224 omnibus

202 1230 288 1282 ἔτι
322 1232 381 1284 έν
417 1236 528 1296 τοῖς
561 1237 940 1306 εἰσαγωγικοῖς
971 1241 1336 1314 διατρίΰωμεν
1371 1248 1779 1320 ἐπαγγέλμασι·

1882 1254 2041 1313 turpe
2070 1259 2178 1299 non
2219 1247 2522 1316 ignoratur,
2555 1249 2740 1306 videre
2769 1267 2954 1309 senem
3000 1254 3054 1310 in
3092 1255 3280 1312 ludum
3313 1259 3458 1315 litte-

201 1323 341 1389 ὅπερ
370 1325 600 1397 αἰσχύνη
627 1331 762 1382 πᾶσι
799 1331 1126 1400 γνωρίζεται
1177 1337 1445 1406 γηραλέον
1481 1341 1682 1396 ἰδέσθαι
1703 1346 1782 1408 είς
1883 1335 2094 1391 Parium
2134 1336 2380 1394 ίιειηιθῐηο

201 1415 588 1487 παιδευτήριον
626 1421 1014 1492 πορευόμενον.

286 1595 504 1666 Ἀρίστη
546 1599 712 1652 πᾶσιν
739 1601 1051 1672 ἀλφάϐητος
1097 1603 1233 1675 αῦτη
1268 1604 1404 1676 (12).
1429 1609 1475 1660 Α
1521 1608 1736 1680 ὑπακοὴ
1759 1649 1776 1676 ,

200 1684 248 1735 Β
283 1686 527 1755 νηστεία,
557 1689 607 1740 Γ
637 1690 856 1756 σάκκος,
887 1694 924 1743 Δ
964 1692 1176 1758 σποδὸς,
1235 1697 1284 1748 Ε
1308 1695 1537 1766 δάκρυα,
1579 1701 1626 1750 Ζ
1663 1699 1776 1764 ὲξου

200 1774 517 1844 μολόγησις,
567 1781 621 1832 Η
671 1781 868 1850 σιωπὴ,
921 1783 965 1834 Θ
1011 1783 1359 1850 ταπείνωσις,
1404 1787 1438 1839 Ι
1478 1787 1772 1856 ἀγρυπνία,

197 1869 250 1918 K
278 1867 584 1937 ἀνδρεία,Λ
618 1868 807 1938 ψύχος,
839 1875 898 1926 Μ
914 1871 1100 1936 κόπος,
1136 1875 1192 1927 Ν
1210 1874 1570 1946 ταλαιπωρία,
1611 1877 1658 1932 Ξ
1682 1879 1771 1946 ὲξο

192 1956 506 2020 ουδένωσις,
559 1963 600 2012 0
651 1961 930 2034 συντριόὴ,
999 1967 1049 2018 II
1092 1964 1506 2036 ἀμνησικακία,
1551 1971 1600 2023 Ρ
1648 1986 1774 2023 συν-

192 2045 423 2114 αδελφία
446 2048 580 2117 (15),
608 2053 655 2103 Σ
670 2051 921 2122 ἡπιότης,
962 2057 1004 2108 Τ
1020 2054 1204 2120 πίστις
1230 2056 1377 2129 ἀττλῆ
1401 2059 1493 2112 καὶ
1513 2059 1774 2133 ἀπερίερσ

191 2149 314 2199 γος,
347 2137 389 2186 Υ
423 2139 723 2208 ἀμεριμνία
770 2142 996 2213 κόσμου,
1035 2147 1084 2196 Φ
1119 2147 1274 2212 μῖσος
1307 2147 1504 2218 ἀμισον
1549 2152 1770 2218 γονέων,

190 2225 244 2276 Χ
271 2225 671 2295 ἀπροσπάθεια,
711 2234 765 2285 Ψ
789 2234 1028 2307 ἁπλότης
1065 2238 1164 2292 σὺν
1187 2239 1414 2311 ἀκακία,
1447 2243 1493 2294 Ω
1529 2243 1773 2309 ἑκούσιος

190 2317 465 2375 εὐτέλεια.
498 2319 676 2393 [Καλὴ
708 2324 861 2390 τάξις
895 2327 1010 2398 ὅροι
1055 2329 1283 2398 μέσωνε]
1329 2333 1649 2404 Κατάληψις
1679 2338 1773 2390 καὶ

189 2409 380 2479 ψῆφος
430 2417 867 2482 προκοπτόντων,
924 2421 1255 2490 ἀκενοδοξία,
1291 2425 1585 2497 ἀοργησία,
1619 2429 1773 2483 εὑελ-

191 2499 418 2561 πιστία,
452 2503 685 2574 ἡσυχία,
727 2506 1019 2578 διάκρισις,
1073 2511 1306 2581 κρίσεως
1341 2516 1529 2586 μνήμη
1578 2519 1769 2586 παγία,

186 2590 592 2663 εὐσπλαγχνία,
626 2595 920 2666 φιλοξενία,
955 2601 1202 2656 νουθεσία
1237 2605 1571 2679 σύμμετρος,
1612 2627 1772 2682 προσ-

184 2679 330 2750 ευχὴ
369 2681 616 2754 ἀπαθὴς,
666 2687 1057 2760 ἀφιλαργυρία.
1112 2688 1279 2758 Οὗτος
1324 2699 1468 2768 ὄρος,
1517 2679 1669 2770 λόγος
1712 2721 1769 2756 τε

186 2770 291 2820 καὶ
323 2771 480 2839 νόμος
526 2781 852 2845 πνευμάτων
894 2782 990 2834 καὶ
1023 2783 1292 2854 σωμάτων
1329 2789 1387 2840 ἐν
1421 2792 1584 2861 σαρκὶ
1612 2794 1772 2846 εὐσε-

183 2857 306 2921 6ὦς
334 2861 543 2916 τελειου
552 2865 730 2932 μένων
749 2883 761 2896 ’
793 2871 1296 2942 ἀναιχμαλώτιστος
1315 2879 1363 2930 Α
1391 2857 1607 2950 καρδία,
1628 2884 1772 2936 Βτε-

186 2948 530 3042 ’ςελειωμένη
559 2955 770 3026 ἀγάπη,
813 2959 864 3010 Γ
907 2965 1402 3038 ταπεινοφροσύνης
1449 2948 1620 3042 πηγὴ,
1651 2973 1769 3038 νοὸς

181 3043 223 3093 Δ
258 3041 511 3134 ὲκδημίαῗ
548 3045 806 3115 Χριστοῦ,
833 3052 875 3102 Ε
902 3051 1128 3122 ένδημία
1161 3056 1356 3124 φωτὸς,
1388 3060 1484 3114 καὶ
1523 3063 1573 3115 Ζ
1590 3041 1771 3134 προσ-

179 3131 357 3201 saxi};
396 3133 609 3198 ἀσυλία,
643 3136 960 3208 ὲλλάμψεως
1008 3145 1061 3198 Η
1087 3143 1221 3199 Θεοῦ
1262 3150 1569 3218 περιουσία,
1603 3131 1768 3220 πόθος

183 3226 230 3275 Θ
265 3222 520 3290 θανάτου,
549 3228 757 3296 μῖσος]
779 3227 944 3301 ζωῆς,
975 3237 1122 3304 φυγὴ
1164 3239 1216 3290 Κ
1250 3237 1519 3307 σώματος,
1563 3245 1766 3316 κόσμου
1794 3277 1836 3316 ρ

1953 1652 2232 1724 Optimum
2263 1657 2510 1713 omnium
2542 1658 2934 1716 elementorum
2974 1662 3319 1733 alphabetum
3351 1668 3455 1723 hoc

1877 1754 1978 1811 est,
2017 1746 2060 1799 A
2090 1748 2424 1815 obedientia,
2459 1750 2504 1804 Β
2529 1750 2820 1821 jejunium,
2849 1752 2890 1809 C
2923 1754 3186 1821 cilicium,
3219 1755 3266 1810 ι)
3287 1757 3451 1822 cinis,

1880 1835 1930 1890 E
1957 1839 2228 1907 lacrymae,
2263 1837 2312 1891 ιθ
2337 1839 2636 1906 confessio,
2669 1840 2712 1898 ϐ
2741 1843 3042 1909 silentium,
3071 1845 3125 1900 H
3151 1847 3449 1912 humilitas,

1806 1939 1848 1994 Β
1880 1929 1907 1982 l
1939 1930 2159 2000 vigiliae,
2196 1929 2245 1984 K
2281 1930 2562 1996 fortitudo,
2590 1931 2634 1986 L
2665 1932 2861 2004 frigus,
2903 1935 2956 1989 Μ
3001 1937 3157 1993 labor
3187 1953 3283 1993 seu
3325 1939 3451 1994 feti-

1874 2023 2038 2093 gatio,
2087 2021 2140 2076 N
2179 2039 2442 2092 aerumna,
2483 2025 2528 2080 0
2573 2034 2938 2097 contemptus,
2982 2028 3027 2083 P
3081 2031 3360 2097 contritio,
3401 2035 3446 2100 ρ

1873 2114 2198 2185 injuriarum
2253 2118 2476 2186 oblivio,
2541 2118 2586 2172 R
2629 2119 2866 2176 fraterna
2931 2123 3192 2190 charitas,
3263 2124 3303 2180 S
3368 2126 3419 2181 le

1873 2208 2037 2273 nitas,
2077 2208 2120 2262 T
2148 2209 2282 2265 fides
2327 2211 2555 2282 simplex
2604 2221 2660 2268 et
2703 2214 2999 2281 incuriosa,
3041 2215 3084 2270 ί]
3120 2217 3307 2273 mundi
3350 2233 3421 2274 ne

1873 2303 2083 2372 glectus
2107 2304 2293 2376 336,
2322 2303 2373 2359 Χ
2398 2317 2686 2376 parentum
2711 2308 2894 2363 odium
2918 2311 3144 2366 minime
3168 2313 3419 2368 odiosum

1876 2394 1918 2448 Υ
1952 2397 2088 2451 liber
2133 2396 2202 2452 ab
2235 2397 2490 2454 omnibus
2529 2399 2691 2455 rebus
2740 2399 2987 2468 allectus,
3030 2402 3075 2457 Ζ
3122 2405 3443 2475 simplicitas

1873 2501 1994 2541 cum
2025 2486 2335 2543 innocentia
2367 2489 2658 2560 conjuncta
2683 2489 2828 2562 [sine
2856 2493 3108 2567 malitia].
3135 2497 3444 2553 voluntaria

1872 2579 2074 2635 vilitas.
2134 2579 2546 2638 Proﬂcientium
2593 2597 2724 2638 vero
2777 2600 2898 2641 sors
2951 2596 3006 2642 et
3069 2587 3208 2642 ratio
3244 2598 3330 2644 est
3375 2590 3445 2646 de

1873 2671 2020 2727 inani
2055 2672 2225 2742 gloria
2250 2681 2303 2728 et
2329 2674 2609 2731 iracundia
2635 2677 2886 2742 victoria,
2913 2679 3052 2732 bona
3078 2693 3202 2748 spes
3227 2680 3442 2746 saluis,

1871 2764 2024 2832 quies
2056 2766 2246 2832 animi,
2273 2765 2559 2834 discretio,
2593 2772 2747 2824 tirma
2777 2779 2834 2824 et
2861 2771 2965 2824 lixa
2989 2771 3178 2839 judicii
3215 2774 3444 2830 extruat

1871 2857 2154 2922 memoria,
2172 2857 2548 2914 misericordia
2575 2859 3050 2934 [commiseratio],
3073 2863 3442 2934 hospitalitas.

1870 2948 2116 3003 modesta
2148 2947 2476 3021 obiurgatio,
2509 2953 2687 3007 oratio
2717 2954 2866 3009 omni
2901 2955 3100 3012 vitioso
3129 2971 3326 3013 carens
3357 2955 3441 3012 af-

1871 3038 2036 3106 fectu,
2068 3051 2414 3112 contemptus
2443 3045 2707 3114 pecuniae.
2730 3043 3002 3103 Caeterum
3032 3047 3445 3122 (perfectorum)

1868 3130 2031 3195 ratio,
2059 3129 2237 3186 ﬁnitio
2265 3142 2322 3188 et
2349 3131 2436 3187 lex
2459 3133 2767 3190 animorum
2790 3144 2845 3190 et
2873 3150 3164 3206 corporum
3186 3137 3448 3208 religiose

1869 3222 1922 3274 in
1953 3237 2116 3277 carne
2144 3224 2480 3280 versantium
2510 3225 2627 3281 haec
2649 3233 2732 3281 est
2760 3244 2775 3283 :
2809 3227 2916 3281 Cor
2943 3229 2988 3281 Α
3021 3229 3090 3284 ab
3119 3229 3268 3284 omni
3311 3245 3449 3302 cap-

179 3322 226 3368 Λ
269 3295 717 3384 πρέσϐυς,ίΘεοῦ
769 3324 829 3376 Μ
870 3295 1122 3396 βιαστὴίς,
1171 3295 1414 3397 ἀγγέλων

1824 3295 1838 3339 ⁵
1872 3315 2077 3370 tivitate
2111 3316 2366 3383 liberum,
2402 3316 2641 3388 perfecta
2675 3317 2723 3372 B
2745 3319 3005 3386 Charitas,
3038 3319 3161 3376 fons
3186 3319 3227 3375 Ο
3257 3323 3444 3378 humi-

175 3405 438 3473 τουργὸς,
487 3407 737 3474 γνώσεως
769 3409 816 3463 Ξ
861 3411 1118 3480 ἄϐυσσος,
1164 3419 1486 3489 μυστηρίων
1520 3424 1562 3473 0
1595 3419 1758 3489 οἶκος,

177 3498 444 3567 ἀρρήτων
477 3501 529 3551 Π
558 3498 752 3567 φύλαξ,
792 3502 1094 3574 ἀνθρώπων
1137 3510 1184 3560 Ρ
1231 3512 1435 3581 σωτὴρ,

173 3593 224 3642 Σ
268 3589 424 3656 Θεὸς,
461 3591 648 3645 παθῶν
706 3599 749 3648 T
798 3596 1020 3665 Κύριος,
1064 3601 1341 3672 Δεσπότης
1401 3606 1446 3658 Υ
1490 3606 1758 3676 σώματος,

172 3679 402 3749 φύσεως
436 3684 485 3735 Φ
515 3683 827 3754 ὲπίτροφος,
877 3689 1150 3760 ἁμαρτίας
1179 3695 1230 3746 Χ
1276 3694 1446 3762 ξένος,
1493 3697 1761 3764 ἀπαθείας

178 3774 243 3825 Ψ
281 3769 454 3836 οἶκος,
508 3777 750 3846 μιμητὴς
776 3779 817 3830 Ω
848 3781 1138 3848 Δεσπότου,
1170 3784 1235 3837 ὲκ
1262 3784 1510 3856 βοηθείας
1554 3791 1760 3844 Δεσπό-

167 3879 300 3928 του,
331 3862 394 3914 οὐ
428 3865 629 3934 μικρᾶς
656 3866 789 3936 ἡμῖν
831 3869 966 3939 (ll),
1000 3871 1088 3924 ὅτε
1118 3873 1178 3926 τὸ
1216 3875 1374 3945 σῶμα
1413 3881 1575 3944 νοσεῖ,
1604 3881 1761 3950 χρεία

167 3954 282 4021 τῆς
334 3953 570 4023 νήψεως.
621 3956 812 4027 Χαμαὶ
860 3961 968 4030 γάρ
1026 3963 1076 4014 oi
1128 3963 1379 4035 δαίμονες
1435 3969 1760 4041 θεασάμενοι

166 4047 333 4116 ἡμᾶς
379 4048 472 4100 καὶ
525 4045 854 4121 [κειμένους]
904 4053 979 4122 μὴ
1023 4054 1353 4126 δυναμένους
1394 4060 1532 4124 τέως
1566 4065 1632 4116 ὲκ
1661 4065 1759 4134 τῆς

165 4135 405 4200 ἀτονίας
456 4139 686 4210 ἀσκήσει
737 4141 860 4194 καθ’
890 4145 1079 4199 ἑαυτὸν
1122 4148 1451 4219 χρήσασθαι,
1501 4153 1756 4223 χαλεπῶς

160 4229 304 4280 τότε
337 4228 607 4296 πολεμοῦν
630 4231 1050 4302 δοκιμάζουυινπ
1079 4238 1170 4292 Ἐν
1215 4239 1316 4309 μὲν
1355 4244 1466 4306 τοῖς
1495 4247 1634 4298 κατὰ
1663 4248 1758 4300 κά-

164 4335 322 4388 σμον
376 4319 406 4370 ό
433 4319 527 4372 τοῦ
561 4320 753 4392 θυμοῦ,
795 4324 910 4377 ἐστι
937 4325 995 4378 δὲ
1038 4332 1126 4380 οτε
1164 4330 1256 4382 καὶ
1283 4335 1382 4402 της
1411 4332 1757 4406 βλασφημίας

157 4413 197 4465 ὁ
249 4409 466 4479 δαίμων
517 4413 576 4464 ἐν
607 4415 718 4477 τοῖς
764 4417 975 4470 νοσοῦσι
1034 4421 1359 4488 παρέπεται.
1408 4426 1494 4479 Ἐν
1538 4423 1596 4480 δὲ
1643 4432 1757 4494 τοῖς

158 4501 286 4566 ἔξω
331 4502 557 4570 κόσμου,
591 4505 640 4556 εί
691 4505 789 4573 μὲν
815 4506 922 4561 τῶν
971 4512 1169 4580 χρειῶν
1210 4514 1532 4584 εὐποροῦσιν
1563 4519 1696 4589 (15),
1727 4523 1756 4573 ὀ

1865 3406 2053 3472 litatis,
2079 3408 2276 3463 mentis
2298 3407 2350 3479 (e
2377 3409 2564 3464 mundi
2579 3413 2841 3483 vanitate)
2860 3410 3439 3483 Demigratio,Chrlst§

1867 3499 1910 3552 E
1934 3500 2288 3569 immigratio,
2321 3501 2463 3556 lucis
2490 3510 2542 3556 et
2567 3503 2830 3558 orationis
2850 3505 3045 3561 divinae
3080 3504 3124 3558 F
3147 3506 3439 3564 thesaurus

1861 3608 1889 3645 a
1922 3594 2272 3662 praedonibus
2317 3609 2566 3658 securus,
2620 3595 3000 3652 illustrationis
3047 3597 3246 3653 divina:
3271 3598 3312 3653 (ἒ
3338 3614 3446 3656 σοι

1862 3686 1971 3754 pia,
2007 3687 2199 3740 mortis
2225 3685 2274 3738 H
2307 3686 2658 3752 desiderium,
2687 3685 2718 3740 Ι
2741 3689 2926 3743 odium
2952 3691 3095 3753 vitae,
3117 3689 3168 3745 Κ
3191 3694 3438 3762 corporis

1861 3775 2010 3846 fuga,
2042 3775 2084 3829 L
2117 3778 2326 3846 legatus
2362 3793 2458 3833 seu
2507 3786 2767 3848 patronus
2798 3788 2854 3835 et
2884 3781 3184 3838 advocatus
3221 3783 3433 3850 mundi,

1860 3869 1955 3935 qui
1991 3867 2048 3922 Μ
2075 3866 2245 3923 Deum
2279 3870 2728 3940 (quodammodo)
2763 3885 2958 3943 cogere
2984 3875 3179 3944 possit,
3212 3875 3435 3946 angelo-

1862 3975 1980 4013 rum
2026 3959 2074 4012 N
2104 3961 2310 4027 collega
2342 3969 2398 4017 et
2429 3971 2754 4034 symmysta,
2797 3965 3222 4034 profundissima
3252 3967 3434 4024 scien-

1860 4052 1948 4110 tiae
1980 4051 2022 4108 0
2047 4053 2298 4118 altitudo,
2346 4055 2652 4110 caelestium
2686 4053 2734 4107 P
2775 4059 3156 4126 mysteriorum
3200 4061 3441 4116 domici-

1858 4145 2016 4206 lium,
2053 4146 2097 4211 ρ
2129 4156 2319 4201 custos
2347 4147 2658 4201 divinorum
2699 4163 3026 4205 arcanorum
3059 4152 3196 4222 (sive
3230 4152 3338 4207 Deo
3362 4154 3443 4208 alt

1858 4240 2128 4309 secretis),
2159 4241 2441 4296 hominum
2470 4240 2513 4294 Β
2546 4242 2714 4305 salus.
2744 4243 3052 4301 daemonum
3076 4245 3116 4302 S
3147 4247 3304 4313 deus,
3349 4249 3442 4302 vi-

1858 4333 2058 4387 tiorum
2093 4331 2136 4386 Τ
2162 4334 2438 4399 dominus,
2473 4333 2517 4389 U
2541 4334 2836 4404 imperator
2869 4338 3138 4409 corporis,
3165 4354 3407 4409 procura

1859 4433 1944 4477 tor
1995 4422 2046 4476 Χ
2076 4433 2302 4487 naturai,
2338 4425 2551 4479 alienus
2583 4441 2614 4479 a
2657 4424 2696 4478 Υ
2733 4437 2976 4496 peccato,
3012 4429 3170 4485 sedes
3207 4429 3253 4484 Ζ
3282 4440 3432 4486 tran-

1856 4515 2010 4584 quilli
2041 4516 2206 4568 animi
2238 4525 2289 4570 et
2319 4516 2390 4571 ab
2434 4517 2690 4572 omnibus
2741 4519 3127 4588 cupiditatibus
3169 4523 3428 4593 expediti,

157 4593 279 4661 τῆς
312 4597 755 4664 γαστριμαργίας
798 4599 891 4651 καὶ
927 4603 1210 4671 πορνείας·
1256 4608 1305 4658 εί
1349 4607 1404 4659 δὲ
1446 4610 1502 4660 ἐν
1533 4612 1752 4681 ἀπαρα-

1824 4629 1829 4660 ι
1859 4605 2100 4659 imitator
2125 4606 2356 4672 Domini,
2387 4606 2600 4662 Domini
2631 4608 2802 4678 ipsius
2824 4611 3059 4678 auxilio;
3089 4615 3242 4668 valde
3271 4614 3427 4670 nobis

158 4685 404 4754 κλήτοις
451 4687 559 4737 τισὶ
605 4687 698 4739 καὶ
745 4688 1054 4758 ἀθλητικοῖς
1096 4695 1424 4765 διατρίϐουσι
1475 4700 1677 4768 τόποις,
1725 4705 1754 4756 ὁ

151 4774 278 4845 τῆς
349 4774 577 4845 άκηδίας
648 4779 741 4830 καὶ
793 4779 1115 4850 ἀχαριστίας
1173 4787 1496 4856 παρεδρεύει
1552 4789 1752 4861 τύραν-

152 4881 268 4928 νος
321 4863 471 4933 (16)⁶
509 4867 940 4940 ἐπεσημηνάμην
997 4871 1085 4924 τὸν
1132 4873 1233 4943 τῆς
1287 4879 1539 4946 πορνείας
1593 4880 1753 4936 λύκον

150 4955 374 5018 ὀδύνας
427 4957 784 5024 προστιθέντα
827 4959 904 5029 τῷ
950 4961 1252 5032 κάμνοντιο
1311 4969 1403 5021 καὶ
1458 4971 1515 5022 έν
1563 4970 1752 5036 αὑταῖς

149 5047 297 5106 ταῖς
329 5043 542 5106 ὀδύναις
573 5050 816 5116 κινήσεις
844 5051 992 5122 αὐτῷ
1027 5055 1120 5107 καὶ
1156 5055 1431 5127 ἐκκρίσεις
1461 5062 1714 5117 ποιοῦντα
1735 5081 1746 5094 ·

149 5132 272 5184 καὶ
304 5125 370 5198 ἦν
400 5133 706 5203 ἐκπληκτόν
739 5153 790 5189 τι
819 5138 1100 5208 γινόμενον
1136 5125 1338 5198 ἰδέσθαι
1387 5150 1447 5200 ὲν
1490 5152 1748 5219 ἀλγηδόσι

148 5220 441 5290 σφοδραῖς
498 5224 596 5294 τὴν
658 5227 833 5295 σάρκα
894 5231 1206 5300 σφριγῶσαν
1252 5238 1345 5290 καὶ
1399 5243 1746 5314 μαινομένην.

144 5309 289 5365 Καὶ
341 5310 654 5382 ἐπέστρεψα
699 5317 793 5367 καὶ
835 5312 972 5370 εἶδον
1022 5325 1468 5393 κατακειμένους,
1519 5309 1610 5382 καὶ
1657 5309 1750 5385 ἐπὶ

144 5401 275 5467 τῆς
315 5398 502 5470 κλίνης
549 5404 718 5474 αὐτῆς
761 5406 866 5459 ὑπὸ
905 5409 1006 5477 τῆς
1050 5410 1197 5475 θείας
1235 5415 1527 5486 ἐνεργείας,
1560 5421 1592 5491 ἢ
1646 5422 1750 5476 ὑπὸ

144 5490 524 5555 κατανύξεως
573 5498 1124 5567 παρακαλουμένουςο
1175 5506 1268 5557 καὶ
1315 5507 1496 5575 μέντοι
1525 5508 1612 5563 διά
1651 5514 1748 5583 τῆς

143 5580 582 5650 παρακλήσεως
637 5584 737 5648 τὰς
794 5588 984 5653 ὀδύνας
1033 5591 1407 5662 διεκρούοντο·
1453 5598 1528 5661 ὡς
1577 5600 1748 5666 οὕτως

136 5671 500 5734 διακεῖσθαι,
527 5671 601 5736 ὡς
643 5675 718 5744 μὴ
758 5674 932 5730 θέλειν
962 5681 1157 5744 αὐτοὺς
1184 5683 1281 5753 τῆς
1313 5685 1467 5739 νόσου
1502 5689 1744 5744 ἀπαλλα-

1856 4694 2037 4748 ευὺιίει
2061 4696 2456 4764 advigilandum
2480 4708 2582 4764 est,
2604 4701 2822 4770 quando
2852 4715 3053 4771 corpus
3082 4719 3206 4759 cum
3233 4705 3426 4760 morbo

1856 4784 2216 4840 conflictatur.
2256 4786 2541 4843 Daemones
2571 4791 2717 4846 enim
2751 4801 3056 4862 prostratos
3086 4809 3189 4850 nos
3218 4796 3427 4861 intuiti,

1855 4892 1977 4930 eum
2003 4891 2064 4929 ex
2094 4877 2464 4934 ix-‘iheeillitate
2493 4883 2800 4954 viriumque
2828 4884 3127 4940 defectione
3149 4890 3425 4943 consuetis

1855 4969 2312 5024 exercitationum
2347 4973 2514 5028 armis
2550 4976 2812 5031 adversus
2851 4977 2997 5046 ipsos
3024 4978 3100 5033 uti
3133 4994 3238 5032 non
3265 4995 3425 5048 posse

1855 5057 2060 5120 vident,
2099 5063 2369 5116 acerrime
2404 5071 2515 5116 tum
2551 5080 2861 5134 oppugnare
2895 5069 3092 5122 solent.
3125 5070 3182 5121 ln
3223 5071 3424 5123 saeculo

1852 5149 2012 5219 337
2046 5163 2346 5218 versantes,
2396 5153 2488 5208 irae
2517 5164 2568 5208 et
2597 5157 2924 5226 quandoque
2962 5159 3122 5212 etiam
3170 5160 3424 5228 blasphe-

1854 5244 1974 5298 miae
2002 5245 2226 5313 Spiritus
2259 5258 2492 5318 a‘grotos
2527 5250 2757 5304 invadit.
2785 5252 3086 5321 lleligiosos
3117 5269 3243 5308 vero
3267 5263 3421 5309 extra

1855 5336 2039 5390 saeculi
2072 5339 2261 5394 turhas
2282 5339 2560 5410 degentes,
2593 5344 2639 5398 si
2668 5344 2759 5414 qui
2792 5344 2935 5399 victu
2966 5354 3020 5399 et
3049 5346 3212 5400 rebus
3233 5361 3423 5401 neces-

1854 5427 2012 5482 .~ariis
2063 5433 2320 5486 omnibus
2361 5435 2660 5502 abundant,
2696 5437 2887 5506 genius
2915 5439 3057 5506 gula;
3084 5447 3138 5493 et
3181 5437 3421 5494 libidinis

1853 5527 2029 5571 vexat.
2065 5520 2215 5574 Alios
2238 5531 2443 5587 autem,
2479 5525 2573 5594 qui
2605 5527 2754 5580 onmi
2782 5529 3028 5596 corporis
3057 5528 3255 5583 solatio
3293 5541 3420 5585 sunt

1851 5604 2115 5671 destituti,
2143 5611 2462 5682 asperisque
2500 5615 2550 5667 in
2578 5613 2711 5670 locis
2753 5625 2806 5669 et
2839 5615 3040 5671 Chrlsti
3073 5617 3291 5672 athletis
3317 5633 3419 5686 op-

1853 5699 2098 5762 portunis
2128 5699 2394 5767 habitant,
2429 5713 2688 5773 tyrannus
2732 5707 3067 5776 negligentite
3096 5716 3149 5760 et
3188 5707 3419 5760 tristitia:

1701 5784 1742 5834 Ξ-
1853 5783 2090 5838 infestat.
2122 5785 2417 5843 Obscrvavi
2447 5802 2499 5844 et
2527 5796 2704 5846 notavi
2737 5809 3024 5847 venereum
3052 5795 3235 5862 lupum
3268 5794 3417 5848 lubu-

1855 5875 2100 5930 rantibus
2125 5877 2334 5935 dolones
2366 5895 2580 5948 augere,
2606 5891 2657 5935 et
2685 5882 2735 5936 in
2772 5884 2894 5948 ipsis
2927 5882 3205 5937 doloribus
3238 5892 3415 5939 motus
