4216 6458
770 407 901 474 1019

2017 407 2072 460 S.
2099 403 2334 462 JOANN
2349 403 2413 458 l5
2441 401 2744 459 CLIMM‘J

3795 399 3802 402 ”
3862 386 4004 447 1020

763 532 946 587 turpes
969 521 1233 581 excitare,
1259 519 1456 586 quibus
1475 520 1647 572 nudus
1671 518 1924 570 bnmores
1951 523 2324 575 excernercnt,

2438 511 2556 574 θους
2608 510 2838 578 ψυχικοῦ
2888 510 3317 574 ἀπαλλαγέντας,
3374 525 3467 559 και
3503 503 3725 570 ἐδόξασα
3774 500 3867 552 τὸν
3910 502 4002 554 δά

760 621 983 678 et'alque
1017 611 1342 678 stupendum
1373 609 1552 660 videre
1581 608 1724 675 quod
1757 609 1935 671 liehat,
1965 607 2017 660 iu
2047 604 2326 658 acerrimis

2431 604 2531 670 τῆς
2563 601 2739 670 πηλοῦ
2767 601 2934 669 πηλὸν
2972 599 3371 668 έκκαθὰραντα..

761 705 1006 767 corporis
1045 702 1376 755 cruciatibus
1405 716 1628 753 carnem
1707 701 2078 754 lascivientem
2147 707 2202 752 et
2253 695 2542 749 furentem.
2579 694 2838 750 lievisens
2870 696 2994 749 dein
3024 695 3134 748 vidi
3165 691 3552 748 decumbcutes
3609 698 3664 742 et
3704 687 3757 740 in
3801 685 4006 738 lectulo

764 811 862 846 suo
892 797 960 847 ab
995 795 1202 847 m-lc-sti
1239 797 1435 848 virtute.
1467 796 1547 847 vel
1579 795 1995 862 compunctione
2034 799 2329 854 recreatos,
2369 789 2439 843 ita
2483 799 2539 842 ut
2577 807 2672 858 per
2729 791 2964 844 divinam
3033 788 3463 843 consolationem
3513 798 3705 839 omnes
3745 781 4002 849 corporis

761 886 980 937 dolores
1011 885 1380 942 excluderent.
1410 885 1654 953 atlt'mllll!
1679 889 1813 938 bene
1839 885 2013 939 allecti
2077 893 2277 945 essent,
2347 888 2406 932 ut
2439 882 2644 934 nollent
2690 895 2929 949 unquam
2983 896 3012 934 a
3077 880 3270 933 morbo
3320 875 3560 930 liberari.
3617 873 4005 969 Reversusqttc

765 975 960 1026 iterum
1029 976 1385 1029 animadverti
1437 978 1621 1046 allligi,
1674 977 1766 1030 sed
1813 993 1907 1044 per
1953 976 2201 1028 morbum
2282 971 2528 1037 corporis
2595 973 2760 1025 veluti
2823 973 3082 1026 inllictam
3129 969 3370 1037 aliquam
3424 980 3641 1035 pcenam
3685 980 3716 1018 a
3769 962 4006 1015 morbis-

763 1063 927 1113 auimi
961 1075 1206 1126 curatus,
1242 1064 1406 1117 Deum
1442 1075 1727 1119 veneratus
1757 1067 1984 1134 gratiam
2014 1066 2187 1134 ipsius
2212 1059 2427 1114 laudavi
2458 1061 2603 1128 quod
2631 1062 2803 1115 lutum
2831 1061 2945 1116 luto
2976 1058 3298 1129 repurgarit.

835 1152 1063 1203 Animus
1108 1154 1408 1221 spiritualis
1436 1155 1597 1207 etiam
1629 1170 1793 1208 sensu
1840 1153 2104 1225 spirituali
2140 1151 2333 1221 praedi-

765 1249 852 1293 tus
895 1249 997 1301 est,
1039 1250 1098 1292 ut
1149 1242 1292 1294 hunc
1339 1242 1390 1294 in
1443 1243 1598 1296 nobis
1634 1258 1941 1311 nunquam,
1986 1241 2235 1311 quamvis
2275 1239 2328 1292 in

768 1330 922 1379 nobis
955 1345 1058 1381 non
1088 1331 1174 1383 sit.
1212 1331 1848 1398 requireredesinamus.
1874 1333 1966 1385 lllo
1987 1333 2130 1385 enim
2166 1345 2327 1385 sensu

768 1419 986 1468 inventu
1023 1417 1434 1486 |deprehensii],
1470 1419 1581 1487 jam
1616 1421 1822 1475 externi
1856 1421 2100 1489 corporis
2139 1436 2330 1473 sensus

764 1509 833 1560 ab
865 1508 978 1561 suis
1012 1507 1202 1561 (illiciis
1250 1513 1562 1564 cessabunt.
1601 1512 1665 1564 Et
1714 1513 1812 1566 hoc
1843 1523 1951 1575 cst,
1991 1511 2135 1579 quod
2177 1525 2206 1563 e
2243 1526 2331 1563 sa—

768 1599 1040 1665 pientibus
1069 1600 1288 1666 quidam
1325 1602 1632 1670 intelligens
1659 1603 1828 1667 dixit;
1861 1614 1908 1656 et
1943 1603 2183 1654 divinum
2209 1617 2332 1654 scn-

768 1703 888 1740 smn
926 1688 1184 1744 invenies.
1227 1692 1342 1743 \‘ita
1388 1693 1683 1746 mouastica
1718 1695 1768 1745 in
1815 1707 1976 1746 sensu
2005 1693 2186 1746 cordis
2226 1706 2330 1759 qua

767 1776 946 1840 lactis,
977 1795 1083 1847 qua
1121 1780 1323 1842 verbis,
1351 1797 1456 1850 qua
1488 1783 1934 1852 cogitationibus,
1963 1799 2068 1852 qua
2099 1783 2334 1837 motibus

767 1879 1012 1922 versetur
1057 1881 1287 1938 oportet.
1342 1865 1435 1924 aut
1475 1890 1580 1927 non
1631 1874 1729 1926 erit
1771 1877 2106 1936 monastica,
2162 1875 2334 1926 multo

768 1961 948 2011 minus
984 1961 1244 2029 angelica.
1273 1961 1438 2031 338
1467 1963 1621 2017 Aliud
1653 1973 1735 2018 est
1757 1963 2090 2032 providentia
2121 1965 2326 2026 divina,

765 2051 912 2101 aliud
944 2052 1227 2114 auxilium,
1256 2055 1399 2107 aliud
1431 2055 1617 2120 tutela,
1644 2055 1788 2108 aliud
1820 2056 2193 2109 misericordia
2218 2054 2331 2121 Dei,

766 2141 910 2194 aliud
945 2145 1268 2198 consolatio.
1305 2144 1646 2200 Providentia
1677 2146 1770 2200 Dei
1803 2147 1854 2200 in
1886 2156 1998 2200 tuto
2039 2163 2200 2218 opere
2233 2163 2332 2202 ua-

768 2244 899 2286 turm
933 2245 1180 2304 apparet,
1209 2236 1472 2290 auxilium
1514 2238 1863 2292 credentilms
1902 2240 2203 2306 duntaxat;
2249 2249 2336 2294 tu-

766 2327 870 2380 tela
901 2327 952 2379 in
988 2327 1314 2382 Christianis
1354 2329 1601 2384 ﬁdelibus
1634 2332 1726 2400 qui
1775 2348 1899 2386 vere
1949 2333 2133 2388 ﬁdeles
2177 2343 2330 2398 sunt;

771 2417 1147 2472 misericordia
1185 2418 1238 2473 in
1287 2419 1507 2476 famulis
1553 2421 1645 2475 Dei
1692 2423 2100 2491 singularibus;
2139 2439 2334 2478 consu-

768 2510 903 2564 latio
933 2512 986 2564 in
1019 2513 1372 2582 diligentibus
1409 2512 1579 2568 Deum
1630 2516 1955 2569 ostenditur.
1992 2514 2132 2569 Fieri
2162 2531 2334 2584 quau-

763 2604 943 2673 doque
972 2605 1128 2668 solet,
1174 2615 1231 2659 ut
1267 2606 1409 2674 quod
1442 2608 1533 2660 uni
1567 2607 1686 2662 loco
1717 2607 2000 2663 medicina:
2029 2620 2144 2672 est,
2179 2609 2334 2663 alteri

764 2707 1032 2746 venenum
1064 2694 1177 2748 ﬁat.
1229 2693 1487 2760 Quinimo
1515 2698 1653 2751 idem
1682 2685 2008 2768 quandoque
2034 2701 2207 2754 eidem
2235 2716 2335 2754 suo

769 2795 1014 2852 tempore
1051 2787 1399 2856 propinatum
1425 2797 1510 2842 est
1538 2790 1860 2854 remedium,
1891 2791 2068 2845 alieno
2096 2802 2334 2860 tempore

2510 1150 2652 1214 Νοῦς
2690 1151 2874 1220 νοερὸς
2923 1151 3140 1211 πάντως
3177 1150 3274 1200 καὶ
3326 1145 3519 1215 νοερὰν
3568 1143 3824 1211 αἴσθησιν
3854 1157 3990 1210 περι

2439 1239 2696 1310 ϐέϐληται
2725 1241 2860 1306 (17),
2893 1240 2960 1292 ἵν’
2987 1240 3047 1291 tv
3077 1240 3233 1309 ἡμῖν,
3269 1237 3362 1288 καὶ
3407 1234 3508 1288 οὐκ
3551 1234 3612 1286 tv
3655 1236 3790 1303 ἡμῖν
3834 1227 4010 1283 οὖσαν

2437 1331 2788 1400 ἐκζητοῦντες
2825 1330 2902 1400 μὴ
2943 1327 3286 1407 παυσώμεθα
3307 1343 3322 1357 ⁶
3370 1326 3585 1395 ἐκείνης
3615 1323 3725 1394 γὰρ
3754 1337 4010 1391 φανερω-

2439 1420 2645 1490 θείσης,
2671 1422 2728 1474 αί
2756 1421 2913 1483 ἐκτὸς
2941 1421 3179 1482 πάντως,
3218 1419 3287 1471 τὰ
3314 1416 3490 1469 οἰκεῖα
3515 1415 3757 1486 ινεργεῖν
3785 1412 4010 1487 οίκείως

2442 1512 2762 1566 παύσονται.
2797 1513 2906 1564 Καὶ
2951 1511 3113 1566 τοῦτό
3143 1511 3313 1575 ἐστιν,
3343 1509 3373 1562 δ
3415 1507 3698 1577 γινώσκων
3726 1522 3813 1569 τις
3835 1503 4009 1573 σοφδς

2434 1625 2624 1694 ἔφησε,
2653 1625 2762 1676 Καὶ
2790 1623 2937 1676 θείαν
2958 1621 3211 1693 αἴσθησιν
3246 1621 3520 1692 εὗρήσεις.
3557 1617 3680 1680 Bia;
3713 1612 4011 1686 μοναδικὸς

2433 1715 2491 1765 ἐν
2527 1713 2776 1782 αἰσθήσει
2837 1713 3066 1783 καρδίας
3107 1711 3343 1780 γινέσθω
3392 1708 3531 1778 (18),
3574 1708 3633 1760 tv
3689 1708 3876 1777 ἔργοις
3915 1704 4013 1756 καὶ

2434 1803 2609 1870 λόγοις
2634 1805 2728 1856 καὶ
2770 1803 3136 1873 ἐνθυμήμασι,
3187 1803 3280 1856 καὶ
3308 1802 3594 1872 κινήμασι.
3627 1799 3689 1852 Εἰ
3717 1798 3774 1850 δὲ
3815 1796 3915 1866 μὴ,
3939 1796 4003 1848 οὐ

2438 1895 2742 1963 μοναδικὸς,
2773 1895 2858 1947 ἴνα
2895 1894 2971 1963 μὴ
3015 1894 3178 1962 λέγω,
3227 1892 3534 1962 ὰγγελικός.
3572 1889 3734 1943 Ἀλλο
3776 1888 4011 1960 πρόνοια

2433 1984 2567 2037 θεοῦ
2601 1983 2733 2052 (19),
2778 1986 2872 2036 καὶ
2922 1983 3050 2038 ἄλλο
3098 1983 3402 2053 ἀντίληψις,
3457 1983 3551 2035 καὶ
3598 1980 3726 2034 ἄλλο
3763 1978 4007 2048 φυλακὴ,

2435 2076 2528 2129 καὶ
2559 2077 2744 2144 ἕτερον
2798 2074 2946 2138 ἔλεος
2989 2073 3148 2136 Θεοῦ,
3181 2075 3276 2128 καὶ
3335 2069 3861 2141 Ξλλοδπαρὰκλησις.
3899 2066 4010 2120 Καὶ

2433 2168 2494 2219 τὸ
2529 2167 2628 2236 μὲν
2659 2167 2716 2217 ἐν
2747 2167 2894 2236 πασῃ
2935 2167 3004 2237 τῇ
3052 2164 3232 2234 φύσει,
3271 2165 3330 2218 τὸ
3370 2163 3428 2217 δὲ
3455 2163 3514 2215 tv
3547 2163 3760 2224 πιστοῖς
3787 2159 3887 2212 καὶ
3913 2158 4011 2226 μό-

2436 2276 2544 2322 νον,
2580 2258 2638 2311 τὸ
2670 2259 2856 2328 ἕτερον
2901 2259 2959 2312 tv
2994 2257 3231 2320 πιστοῖς,
3269 2256 3484 2317 πιστοῖς
3530 2251 3782 2322 ἀληθῶς·
3820 2248 3881 2302 τὸ
3921 2247 4010 2301 τέ·
4068 2244 4083 2256 ⁸

2432 2365 2628 2418 ταρτον
2657 2350 2714 2401 tv
2747 2351 2862 2411 τοῖς
2894 2346 3234 2401 δουλεύουσιν
3259 2346 3409 2418 αὐτῷ
3436 2363 3451 2377 ο
3483 2345 3546 2397 τὸ
3573 2343 3630 2397 δὲ
3667 2342 3919 2413 ἔσχατον,
3950 2339 4009 2389 tv

2433 2442 2545 2502 τοῖς
2568 2439 2854 2506 ἀγαπῶσιν
2878 2439 3040 2493 αὑτὸν
3071 2439 3422 2493 ἐνδείκνυται.
3457 2437 3644 2490 Ἔστιν
3675 2435 3764 2488 ὅτε
3790 2432 3856 2485 τὸ
3888 2430 4009 2482 ἐτέ-

2437 2549 2530 2601 ρου
2559 2534 2844 2602 φάρμακον
2875 2531 3010 2602 (20),
3043 2525 3232 2602 ἑτέρου
3260 2530 3586 2602 δηλητήριον
3619 2527 3830 2596 γίνεται
3853 2541 3868 2554 ο
3892 2522 4010 2575 ἔστι

2435 2625 2492 2675 δὲ
2527 2625 2615 2676 ὅτε
2649 2625 2742 2676 καὶ
2772 2625 2832 2677 τὸ
2865 2625 2998 2679 αὐτὸ
3027 2625 3104 2694 τῷ
3127 2621 3274 2692 αὑτῷ
3299 2623 3357 2675 tv
3383 2621 3481 2690 ptv
3508 2618 3586 2689 τῷ
3624 2616 3807 2686 οἰκείῳ
3831 2612 4012 2684 καιρῷ

2437 2715 2898 2784 προσφερόμενον,
2947 2715 3240 2786 φάρμακον
3283 2711 3527 2780 γίνεταιο
3564 2711 3623 2764 tv
3658 2709 3720 2762 οὐ
3747 2704 4013 2776 καιρῷδὲ

2437 2804 2600 2857 πάλιν
2627 2803 2953 2877 δηλητήριον
2987 2805 3220 2873 γίνεται.
3255 2799 3411 2857 Εἶδον
3457 2800 3603 2871 ἀφυῆ
3645 2799 3830 2869 ἰατρὸν
3872 2795 4013 2867 (ei).

764 2885 820 2930 et
853 2877 1230 2946 intempestive
1260 2890 1571 2949 porrectum
1599 2881 1656 2936 lit
1693 2897 1984 2938 venenum.
2012 2881 2128 2936 Vidi
2167 2883 2332 2936 medi-

2439 2896 2720 2967 ᾰρρωστον
2779 2895 3242 2968 συντεθλασμένον
3288 2895 3655 2966 ἀτιμάσαντα,
3699 2889 3795 2943 καὶ
3844 2886 4016 2958 μηδὲν

765 2982 889 3022 cum
923 2969 1162 3038 ineptum
1195 2978 1249 3024 et
1284 2959 1677 3042 importunum,
1712 2975 1805 3044 qui
1837 2991 2040 3045 aegrum
2074 2973 2330 3029 alllietum

765 3060 1161 3115 eontttmeliose
1207 3061 1461 3127 incessit,
1501 3079 1599 3118 nec
1639 3066 1785 3119 aliud
1825 3066 2025 3127 elfecit,
2067 3081 2229 3133 quam
2276 3073 2334 3118 ut

767 3149 921 3202 illum
959 3151 1012 3204 in
1041 3151 1476 3221 desperationem
1513 3157 1830 3225 conjicerct.
1867 3156 1985 3210 \‘itli
2027 3157 2257 3226 peritum
2281 3165 2336 3210 et

767 3241 1136 3308 ingeniosum,
1184 3244 1277 3314 qui
1313 3246 1480 3302 inﬂati
1532 3249 1786 3318 superbia
1833 3251 2017 3304 cordis
2053 3265 2148 3320 per
2199 3250 2334 3303 irro-

766 3343 944 3402 gatam
995 3335 1351 3406 ignominiam
1384 3355 1599 3394 onmem
1633 3343 1840 3398 saniem
1872 3351 1926 3396 ct
1957 3341 2184 3398 fetorem
2235 3358 2334 3396 es-

768 3425 953 3482 hausit
977 3438 1031 3483 et
1060 3429 1336 3488 abstersit.
1372 3432 1492 3488 Vidi
1536 3451 1704 3489 unum
1737 3436 2098 3504 eamdemque
2131 3451 2333 3504 :cgrum

766 3519 1062 3586 aliquando
1108 3534 1329 3592 propter
1372 3526 1559 3581 sordes
1597 3527 1764 3580 animi
1801 3528 2098 3582 abluendas
2143 3543 2333 3582 sanum

765 3609 1087 3666 obedientiae
1139 3614 1494 3684 pharmacum
1533 3617 1734 3684 bibere,
1781 3620 2014 3688 indeque
2063 3630 2332 3688 vegetum,

767 3712 1100 3771 promptum,
1147 3707 1518 3763 ambulantem
1557 3720 1608 3762 et
1657 3710 1970 3779 vigilantem
2017 3711 2331 3764 redditum:

763 3792 1058 3864 aliquando
1105 3797 1174 3851 ab
1207 3799 1402 3854 animae
1451 3800 1611 3855 oculo
1642 3800 2001 3866 laborantem,
2051 3801 2331 3854 immotum

763 3896 818 3940 et
876 3889 1119 3943 tacitum
1151 3890 1271 3946 sine
1325 3907 1558 3947 occursu
1609 3903 1664 3946 et
1707 3895 1982 3962 colloquio
2013 3895 2331 3964 cujusquam

770 3988 1163 4031 .iersevcrasse.
1216 3976 1321 4043 Qui
1367 3978 1520 4032 habet
1567 3994 1719 4032 aures
1762 3979 2237 4032 audiendi‘audial
2265 3980 2332 4033 ".

769 4065 906 4119 Sunt
936 4068 1029 4135 qui
1066 4067 1198 4138 (sed
1227 4067 1372 4124 unde
1407 4072 1629 4135 nescio,
1669 4085 1846 4140 neque
1885 4070 2031 4124 enim
2067 4069 2160 4126 Dei
2192 4070 2334 4126 dona

767 4155 1046 4229 [superbe]
1083 4175 1200 4214 mea
1234 4161 1594 4216 aestimatione
1622 4170 1677 4216 et
1699 4162 1910 4230 judicio
1953 4173 2211 4218 excutere
2241 4172 2336 4218 aut

2441 2986 2632 3075 πλέον,
2662 2990 2710 3042 εί
2746 2988 2833 3075 ἢῆ
2880 2989 2979 3060 τὴν
3025 2989 3336 3057 ἀπόγνωσιν
3385 2985 3534 3075 αὐτῷ
3578 2981 4011 3075 προξενήσαντα.

2443 3076 2555 3130 Καὶ
2593 3073 2730 3131 εἶδον
2760 3061 2958 3148 εὖφυῆ,
2993 3078 3389 3151 πεφυσημένην
3438 3061 3667 3146 καρδίαν
3690 3073 3756 3127 δι’
3783 3069 4014 3140 ἀτιμίας

2440 3170 2931 3239 χειρουργήσαντα,
2992 3168 3084 3221 καὶ
3150 3167 3334 3220 πᾶσαν
3387 3163 3558 3232 αὐτῆς
3626 3163 3727 3231 τὴν
3777 3159 4015 3225 ὸζωδίαν

2441 3257 2775 3313 κενώσαντα.
2825 3256 3077 3329 Ἑώρακα
3099 3256 3194 3309 τὸν
3227 3253 3394 3308 αὐτὸν
3419 3255 3720 3325 ᾱρῤωατον,
3747 3247 3880 3302 ποτε
3915 3247 4015 3317 μὲν

2441 3347 2528 3399 διὰ
2556 3346 2822 3416 κάθαρσιν
2853 3346 3024 3415 ῥύπου
3068 3343 3262 3399 πιόντα
3303 3340 3547 3409 ὑπακοῆς
3596 3338 3734 3406 ῐαμα
3779 3335 3881 3387 καὶ
3929 3349 4016 3385 κι-

2440 3437 2720 3505 νούμενον,
2751 3437 2844 3489 καὶ
2869 3432 3276 3506 περιπατοῦντα
3301 3433 3399 3488 καὶ
3439 3431 3514 3503 μὴ
3543 3427 3815 3483 ὑπνοῦντα
3838 3441 3854 3455 ·
3880 3423 4022 3504 ποτε

2440 3529 2497 3582 δὲ
2521 3527 2613 3581 τὸν
2652 3528 2927 3597 ὀφθαλμὸν
2959 3528 3060 3596 τῆς
3093 3527 3270 3597 ψυχῆς
3313 3523 3427 3593 (22)
3461 3519 3720 3574 νοσοῦντα
3767 3517 3864 3572 καὶ
3889 3516 4018 3569 ἀκί-

2442 3635 2601 3689 νητον
2649 3621 2744 3672 καὶ
2786 3615 3127 3688 ἡσυχάζοντα
3189 3615 3326 3686 (23),
3375 3613 3470 3666 καὶ
3505 3613 3564 3664 ἐν
3609 3601 3786 3678 σιωτῇ
3833 3609 4016 3662 διατε-

2440 3707 2652 3762 λοῦντα.
2701 3708 2755 3760 '0
2793 3708 2949 3773 ἔχων
2995 3698 3118 3762 ὦτα
3180 3701 3450 3767 ἀκούειν,
3495 3696 3778 3754 ἀκουέτω.
3827 3694 4014 3758 Τινὲς,

2443 3798 2606 3851 πόθεν
2633 3799 2734 3851 οὐκ
2761 3793 3053 3863 οἷδα(οὐδὶ
3098 3795 3211 3866 γὰρ
3243 3794 3420 3864 οίήσει
3458 3789 3594 3844 Θεοῦ
3635 3785 3786 3857 δῶρα
3823 3783 4016 3854 ζητεῖν

2442 3891 2537 3944 καὶ
2584 3889 3058 3960 πολυπραγμονεῖν
3111 3883 3468 3957 μεμάθηκα),
3509 3879 3692 3951 φύσει,
3739 3875 4014 3938 ῖν⁹οὗτως

2441 3983 2602 4048 εἴπω,
2632 3982 2762 4054 περ).
2808 3980 2872 4034 τὸ
2907 3977 3197 4050 ιγκρατὲς,
3223 3975 3258 4046 ἢ
3293 3973 3421 4046 περὶ
3455 3972 3516 4026 τὸ
3555 3968 3946 4042 ήσυχαστικδν,
3976 3965 4013 4037 ἢ

2441 4075 2536 4130 καὶ
2567 4075 2750 4141 ἁγνὸν,
2784 4072 2816 4142 ἢ
2853 4069 3325 4141 ἀπαρρησίαστον,
3355 4065 3391 4137 ἢ
3422 4060 3674 4135 πρᾶον,ἢ
3704 4058 4017 4114 εὐκατάνυ·

2443 4181 2570 4218 κτον
2593 4161 2908 4233 ὲπιῤῥεπῶς
2934 4161 3131 4231 ἔχουσι.
3168 4156 3277 4212 Καί
3303 4157 3441 4212 εἰσιν
3463 4152 3641 4224 ἕτεροι
3665 4149 3837 4212 αὐτὴν
3880 4163 4014 4218 σχε-

765 4246 1038 4302 euriosius
1065 4249 1392 4320 investigare
1416 4250 1616 4321 didici)
1653 4261 1847 4306 natura
1882 4267 2003 4316 sua,
2048 4265 2103 4308 ut
2147 4254 2217 4308 ita
2250 4255 2332 4307 Io-

2438 4259 2524 4311 δὺν
2553 4256 2652 4326 τὴν
2680 4252 2889 4307 ἑαυτῶν
2910 4251 3074 4322 φύσιν
3119 4249 3258 4323 πρὸς
3287 4243 3462 4301 ταῦτα
3481 4243 3667 4306 αὐτοῖς
3711 4240 4015 4311 ἀντιπράτ-

763 4357 923 4410 quar,
960 4343 1026 4398 ad
1066 4343 1487 4413 continentiam,
1525 4358 1620 4403 aut
1649 4349 1912 4418 quietem,
1950 4357 2044 4402 aut
2076 4349 2334 4404 castimo-

765 4440 934 4502 uiam,
985 4450 1080 4496 aut
1131 4441 1484 4509 modestiam,
1536 4453 1631 4498 aut
1680 4446 2195 4511 mansuetudinem,
2243 4455 2336 4499 aut

762 4532 1240 4597 compunctionem
1275 4532 1628 4588 inclinantur.
1680 4532 1744 4589 Et
1787 4546 1915 4590 sunt
1944 4537 2036 4606 qui
2075 4535 2335 4591 refracta-

761 4623 899 4676 riam
932 4623 996 4678 ad
1032 4625 1142 4680 hate
1168 4627 1347 4682 omnia
1382 4637 1632 4683 naturam
1680 4629 1920 4699 experti,
1965 4629 2066 4685 sibi
2100 4631 2200 4699 ipsi
2237 4645 2336 4701 pro

761 4717 969 4773 viribus
1001 4719 1106 4772 vim
1140 4717 1395 4784 inferunt,
1428 4721 1593 4793 339
1622 4737 1758 4792 quos
1817 4724 1972 4794 (licet
2009 4723 2338 4792 quandoque

762 4809 1071 4868 vincantur)
1107 4810 1467 4869 nihilominus
1498 4824 1557 4867 ut
1592 4822 1799 4868 uatum
1838 4814 2138 4870 domitores
2194 4815 2340 4884 prio-

763 4904 916 4955 ribus
947 4903 1214 4958 anteferre
1239 4905 1406 4958 soleo.
1457 4903 1536 4959 Ne
1579 4915 1632 4960 tu
1669 4905 1800 4960 mihi
1848 4905 2014 4960 homo
2041 4907 2107 4960 de
2137 4907 2338 4976 opibus

759 5010 824 5046 ac
859 4993 1128 5048 thesauris
1164 4994 1282 5050 sine
1331 4996 1516 5051 labore
1561 4998 1732 5066 partis
1784 4998 2042 5068 gloriare.
2085 4997 2334 5054 leestis

759 5086 906 5139 enim
959 5085 1306 5142 munerarius
1336 5103 1461 5142 cum
1513 5087 1922 5155 detrinieutmn,
1959 5096 2015 5143 ct
2047 5087 2333 5144 imbecilli-

762 5183 951 5239 tatem,
987 5187 1041 5231 et
1088 5177 1316 5233 exitium
1361 5187 1517 5232 tuum
1575 5178 1853 5248 prtenorit,
1902 5179 2060 5235 donis
2116 5182 2230 5236 suis
2280 5188 2336 5236 et

760 5267 949 5334 gratiis
973 5267 1090 5321 sine
1114 5277 1208 5322 tuo
1235 5268 1425 5323 labore
1451 5269 1619 5336 gratis
1643 5267 1857 5323 collatis
1883 5269 2335 5337 aliquadauteuus

761 5360 952 5412 saltem
990 5371 1041 5414 te
1069 5360 1326 5414 servavit.
1357 5357 1509 5412 \‘alet
1533 5358 1697 5412 etiam
1744 5357 2015 5414 institutio
2061 5374 2092 5412 a
2135 5363 2336 5416 teneris

757 5457 811 5503 rt
843 5450 1114 5513 educatio,
1149 5459 1202 5503 et
1225 5449 1543 5518 quotidiana
1573 5448 1696 5503 vitae
1739 5448 1916 5504 studia
1949 5463 2069 5518 qute
2115 5451 2179 5503 ad
2213 5451 2325 5504 vir-

757 5551 928 5596 titezn
962 5540 1385 5609 comparandam
1422 5552 1474 5596 et
1522 5542 1878 5596 monasticam
1924 5543 2089 5595 vitam
2133 5543 2332 5598 adultis

695 5674 714 5690 .
758 5633 916 5687 rubis
960 5633 1274 5702 aljnmento
1322 5641 1486 5695 sunt,
1523 5633 1604 5688 vel
1654 5631 2146 5702 impetlimcnto(si
2192 5634 2332 5690 mala

835 5809 877 5836 ""
919 5808 1048 5864 lue.
1085 5824 1190 5870 vtv,
1221 5811 1307 5861 5'6.

2437 4365 2638 4401 τουσαν
2677 4346 2914 4416 ἔχοντες,
2967 4341 3066 4396 καὶ
3099 4337 3243 4394 κατὰ
3269 4336 3502 4406 δύναμιν
3543 4333 3774 4395 ἑαυτοὺς
3821 4329 4012 4399 βιαζό-

2441 4457 2591 4511 μενοι
2617 4455 2632 4470 °
2677 4442 2726 4494 εἰ
2768 4441 2862 4492 καὶ
2907 4439 2966 4490 tv
3011 4431 3190 4506 καιρῷ
3244 4428 3532 4501 ἡττῶνται,
3577 4424 3692 4478 ἀλλ’
3739 4423 3891 4492 ὅμως

2442 4510 2666 4604 βιαστᾶις
2696 4529 2796 4598 τῆς
2828 4526 3045 4596 φύσεως
3067 4523 3206 4595 (24),
3229 4521 3425 4583 αὐτοὺς
3443 4516 3552 4570 τῶν
3570 4513 3852 4604 προτέρων
3869 4510 4012 4604 μᾶλ-

2437 4600 2528 4678 λον
2558 4620 2914 4689 ἀποδέχομαι.
2948 4614 3041 4684 Μὴ
3072 4609 3408 4684 μεγαλαύχει
3441 4606 3536 4660 ἐπὶ
3563 4603 3750 4674 ἀπόνῳ
3769 4600 4009 4671 πλούτῳ,

2438 4710 2696 4780 ἄνθρωπε
2717 4724 2732 4739 ·
2761 4705 2861 4776 τὴν
2911 4703 3022 4773 γὰρ
3055 4700 3261 4770 πολλήν
3305 4714 3401 4752 σου
3445 4693 3671 4768 βλάϐην,
3717 4690 3815 4746 καὶ
3847 4690 4012 4746 ἀσθέο

2441 4819 2611 4866 νειαν,
2668 4801 2764 4854 καὶ
2807 4796 3085 4852 ἀπώλειαν
3149 4790 3418 4862 προγνοὺς
3466 4789 3497 4840 ὸ
3542 4783 3846 4857 δωροδότης
3898 4784 4010 4845 τοις

2442 4892 2908 4961 πλεονεκτήμασιν
2948 4883 3114 4941 αὐτοῦ
3172 4881 3404 4944 ἐκείνοις
3453 4879 3566 4940 τοῖς
3612 4874 3870 4946 ἁμίσθοις
3905 4873 4012 4927 κᾶν

2439 4985 2622 5047 ποσῶς
2653 4999 2712 5036 σε
2737 4982 2963 5036 διέσωσε
2996 4978 3134 5050 (25).
3167 4975 3280 5030 Καὶ
3307 4974 3364 5027 ai
3397 4972 3463 5025 tat
3507 4966 3704 5041 νηπίου
3740 4964 4008 5026 παιδεῖαι,

2435 5080 2530 5133 καὶ
2553 5073 2856 5145 ἀνατροφαὶ
2883 5070 3020 5140 (26),
3051 5068 3148 5122 καὶ
3179 5065 3249 5120 τὰ
3287 5058 3694 5134 ἐπιτηδεύματα
3721 5055 4012 5145 συνέρχον-

2434 5188 2544 5235 ται,
2567 5170 2602 5240 ἢ
2639 5143 2732 5223 καὶ
2760 5161 3238 5232 ἀντιπράττουσιν,
3261 5157 3396 5248 ἡμῖν
3431 5150 3701 5248 αὐξήσεται
3909 5143 4009 5248 rip:

2437 5237 2640 5332 ἀρετήν
2679 5277 2737 5313 τε
2787 5256 2881 5310 καὶ
2913 5253 3052 5324 πρὸς
3087 5249 3187 5321 τὴν
3220 5244 3518 5342 pavebit?
3545 5237 3824 5342 πολιτείαν
3846 5237 4008 5342 Ἀφξκ

2441 5327 2543 5424 μ’ὲν
2571 5327 2708 5421 μονα
2713 5351 2829 5420 χοῖς
2857 5341 3080 5415 ἄγγελοι
3101 5341 3210 5412 (ὶἹ)
3233 5355 3246 5370 ⁸
3281 5337 3400 5410 φῶς
3443 5336 3503 5391 δὲ
3541 5333 3764 5424 πάντιιξν
3794 5327 4007 5399 ἀνθρίν

2439 5423 2558 5500 πων
2593 5441 2853 5515 μοναδικὴ
2877 5435 3142 5493 πολιτεία.
3176 5432 3386 5490 Οὐκοῦν
3435 5432 3494 5485 ιν
3518 5427 3655 5483 πᾶσι
3670 5423 3845 5487 τύπος
3873 5423 4009 5515 ἀτα-

2439 5538 2530 5601 θὸς
2557 5511 2801 5606 γίνεσθαι
2841 5511 3315 5600 αγωνιζέσθωσαν,
3359 5519 3548 5594 μηδενὶ
3573 5511 4010 5606 πρόσκομμαῗιν

2443 5629 2632 5703 μηδενὶ
2676 5626 2930 5688 διδόντες,
2960 5623 3019 5676 tv
3051 5615 3134 5685 οἷς
3166 5616 3232 5674 ἂν
3267 5611 3626 5688 ἐργάζωνται,
3651 5609 3687 5682 ἢ
3725 5605 4006 5679 ἀποφθέγ-
