4216 6458
151 406 271 476 1021

1125 403 1355 462 SCALA
1388 398 1765 459 PARADISI.
1804 423 1869 432 —
1899 398 2207 458 GRADUS
2266 399 2462 459 XXVI.

3260 397 3398 464 1022

147 535 364 589 γωνται.
401 517 464 570 Εἰ
497 514 605 585 γὰρ
628 515 689 568 τὸ
729 516 844 586 φῶς
872 513 1062 577 σκότος
1087 511 1298 580 γίνεται
1317 511 1469 592 ἱ(ἓὸ),
1497 511 1560 562 τὸ
1591 509 1716 561 σκό-
1745 555 1752 569 ι

1830 509 2040 564 luerunt
2056 511 2098 581 ).
2125 509 2333 564 Lumen
2365 512 2760 587 monachorum
2783 519 2912 566 sunt
2933 509 3129 582 angeli,
3150 512 3391 566 omnium

146 627 252 674 τος,
286 609 476 676 ἤγουν,
505 608 555 660 οἱ
589 605 730 660 κατά
764 607 988 675 κόσμον,
1022 604 1188 659 πόσον
1220 601 1665 671 σκοτισθήσονται
1695 616 1709 661 ;

147 698 208 750 Εἰ
251 697 362 766 ἄρα
398 697 524 765 ἐμοὶ
565 695 838 761 πείθεσθε,
877 697 927 748 οἱ
975 693 1311 762 πειθόμενοι,
1348 691 1548 762 μᾶλλον
1580 691 1637 742 δὲ
1664 690 1715 741 oi.

149 784 479 855 βουλόμενοι,
512 783 678 838 καλὸν
709 786 856 855 ήμᾶς
903 784 980 854 μὴ
1021 782 1316 836 ποικίλλειν
1346 781 1596 844 ἑαυτοὺς,
1623 781 1718 832 καὶ

145 878 241 948 τὴν
270 876 460 930 ἀθλίαν
492 875 651 947 ήμῶν
690 876 868 947 ψυχὴν
917 873 1280 946 διαμερίζειν,
1322 875 1416 928 καὶ
1459 873 1719 942 πολεμεῖν

147 970 344 1039 χιλίαις
382 967 610 1038 χιλιάσι,
657 967 753 1022 καὶ
808 967 1030 1038 μυρίαις
1070 965 1328 1036 μυριάσιν
1373 963 1623 1034 ἐχθρῶν·
1657 962 1719 1015 οὑ

147 1056 255 1126 γὰρ
282 1055 648 1126 ὲξαρκέσομεν
685 1056 866 1118 πάσας
903 1054 1084 1108 αὐτῶν
1120 1056 1218 1117 τὰς
1257 1052 1596 1124 πανουργίας
1614 1069 1718 1105 κα-

147 1147 436 1217 ταμαθεῖν,
477 1147 673 1219 ήόλως
708 1147 908 1218 εὑρεῖν.
938 1148 1019 1218 Τῇ
1057 1145 1264 1217 Τριάδι·
1297 1147 1364 1216 τῇ
1396 1143 1531 1214 ἀγίᾳ
1582 1141 1724 1196 κατά

146 1241 258 1294 τῶν
287 1241 454 1312 τριῶν
483 1239 618 1313 (29),
674 1241 763 1296 διά
805 1241 914 1294 τῶν
957 1240 1124 1308 τριῶν
1164 1238 1534 1309 ὁπλισὼμεθα.
1578 1237 1641 1290 El
1668 1238 1725 1292 es

151 1333 252 1402 μὴ,
281 1331 508 1396 πολλοὺς
526 1333 730 1396 κόπους
758 1334 971 1395 ἑαυτοῖς
994 1332 1106 1399 (50)
1154 1330 1562 1401 προξενήσομεν
1598 1345 1612 1360 ·
1639 1329 1728 1381 ὅν-

146 1441 260 1487 τως
290 1423 385 1476 saw
405 1425 498 1477 καὶ
538 1425 598 1477 ὲν
642 1426 776 1494 ἡμῖν
817 1425 1064 1495 γένηται,
1091 1427 1122 1476 ό
1147 1421 1577 1492 μεταστρέφων
1614 1420 1730 1488 τὴν

149 1513 478 1568 θάλασσαν
489 1516 574 1580 εὶς
598 1511 812 1580 ξηρὰν,
835 1513 1148 1583 διαϐήσεται
1167 1512 1381 1574 πάντως
1399 1511 1494 1564 καὶ
1510 1511 1539 1563 ό
1567 1511 1729 1580 ήμῶν

164 1601 403 1673 Ἰσραὴλ,
441 1602 608 1672 ἡγουν
631 1601 756 1666 νοῦς
783 1602 926 1672 ὀρῶν
951 1602 1103 1666 Θεὸν,
1155 1600 1326 1671 αὑτὴν
1365 1600 1716 1671 ἀκυμάντως,

151 1693 250 1746 καὶ
288 1691 480 1761 ὄψεται
519 1691 646 1755 τοὺς
687 1691 1022 1759 Αἰγυπτίους
1055 1692 1112 1742 ὲν
1160 1689 1240 1759 τῷ
1266 1689 1434 1743 ’ὕδατι
1485 1689 1592 1744 τῶν
1641 1690 1734 1742 δα-

153 1784 343 1856 κρύων
369 1783 777 1852 ἁποπνιγέντας
800 1799 816 1815 ·
847 1782 1060 1837 ἐκείνου
1105 1782 1162 1835 δὲ
1203 1782 1262 1834 ὲν
1307 1783 1440 1852 ἡμῖν
1483 1783 1556 1855 μὴ
1583 1783 1738 1851 ἐνδη-

157 1878 412 1950 μοῦντος,
442 1878 610 1949 ἤχους
640 1877 901 1949 κυμάτων
938 1876 1131 1946 αὑτῆς,
1183 1875 1351 1946 ήγουν
1401 1876 1488 1945 τῆς
1533 1878 1736 1946 σαρκὸς

151 1971 365 2041 ταύτης
408 1971 492 2034 τίς
543 1971 945 2040 ὑποστήσεταις
987 1967 1115 2021 Ἐὰν
1163 1967 1369 2038 ἀναστῇ
1423 1971 1481 2022 ὲν
1529 1969 1662 2039 ἡμῖν
1691 1969 1720 2021 ὁ

151 2063 295 2127 Θεὸς
327 2063 416 2116 διὰ
457 2062 706 2135 πράξεως
748 2062 883 2134 (51),
923 2059 1512 2132 διασκορπισθήσονται
1558 2063 1606 2115 οἱ
1645 2064 1735 2133 ὲχ-

155 2154 286 2225 θροὴ¹
320 2155 512 2218 αὑτοῦ,
534 2156 629 2208 καὶ
653 2156 750 2209 ἐὰν
772 2154 863 2208 διὰ
884 2154 1118 2226 θεωρίας
1146 2154 1613 2224 προσπελάσωμεν
1640 2155 1740 2207 αὑ-

153 2247 260 2316 τῷ,
313 2246 639 2312 Φεύξονται
692 2250 748 2302 οἱ
788 2249 1118 2318 μισοῦντες
1166 2247 1355 2304 αὐτὸν
1391 2248 1508 2301 ἀπὸ
1552 2261 1739 2315 προσ-

156 2340 334 2393 ώπου
365 2339 552 2394 αὐτοῦ
605 2339 701 2394 καὶ
741 2340 921 2410 ἡμῶν.
959 2341 1169 2414 Ἱδρῶτι
1210 2340 1410 2412 μᾶλλον
1460 2339 1596 2409 (52),
1645 2339 1742 2392 καὶ

163 2430 245 2502 μὴ
269 2431 415 2501 ψιλῷ
471 2431 634 2503 λόγῳ,
688 2431 759 2485 τά
811 2433 932 2488 θεία
978 2433 1272 2504 μανθάνειν
1323 2431 1736 2500 σπουδάσωμεν.

156 2521 241 2572 Ού
286 2521 396 2591 γάρ
437 2521 645 2589 λόγους,
701 2521 816 2575 ἀλλ⁹
864 2523 1003 2594 ἔργα
1039 2525 1098 2578 ὲν
1135 2523 1310 2595 καιρῷ
1355 2523 1536 2587 ἐξόδου
1583 2521 1744 2592 χρεία

158 2608 531 2673 ἐνδείξασθαι.
561 2612 624 2663 ΟΞ
673 2610 947 2681 θησαυρὸν
993 2615 1376 2685 κεκρυμμένον
1414 2613 1744 2676 ἀκούσαντες

157 2702 226 2752 ὲν
261 2700 343 2770 τῷ
374 2701 545 2770 τόπῳ,
584 2700 828 2772 ζητοῦσι,
857 2705 952 2757 καὶ
982 2704 1047 2757 ὲκ
1091 2704 1196 2774 τῆς
1238 2705 1517 2777 ζητήσεως
1548 2704 1609 2758 τὸ
1652 2705 1739 2758 εὑ-

161 2791 335 2862 ρεθὲν
393 2793 530 2862 μετά
588 2793 753 2848 πόνου
805 2794 1165 2863 φυλάττουσιν
1189 2811 1204 2825 ·
1252 2797 1302 2848 oi
1350 2794 1458 2865 γὰρ
1519 2795 1740 2858 ἀπόνως

158 2883 578 2952 πλουτήσαντες
628 2884 981 2955 σκορπίζουσι
1023 2884 1156 2955 (55).
1212 2885 1482 2955 Δυσχερὲς
1541 2886 1641 2956 μὲν
1686 2886 1748 2938 τὸ

157 2975 278 3027 τῶν
324 2973 648 3045 προλήψεων
687 2976 931 3047 εὐχερῶς
959 2975 1341 3046 περιγενέσθαι
1398 2978 1510 3047 (54)
1534 2993 1546 3004 ·
1593 2978 1644 3030 οἱ
1691 2977 1749 3030 δὲ

158 3068 252 3120 ἔτι
314 3067 539 3130 ταύταις
582 3068 935 3140 προστιθέναι
989 3069 1062 3139 μὴ
1119 3069 1436 3138 παυόμενοι,
1470 3069 1504 3139 ἦ
1543 3069 1750 3124 ἑαυτῶν

159 3158 584 3225 ἀπεγνώκασιν,
620 3159 652 3227 ἢ
695 3158 850 3211 οὐδὲν
888 3159 953 3210 ὲκ
992 3158 1091 3228 τῆς
1135 3158 1415 3229 ὑποταγῆς
1467 3159 1750 3231 ὠφελήθη-

161 3263 300 3301 σαν.
353 3247 502 3318 Πλήν
539 3245 676 3310 οἶδα,
729 3248 814 3300 ὅτι
850 3249 880 3301 ό
911 3247 1045 3311 Θεὸς
1091 3249 1273 3302 πάντα
1317 3246 1578 3302 δύναται·
1617 3249 1746 3302 ἀδυ-

158 3342 331 3391 να.τεί
355 3339 413 3392 δὲ
445 3339 592 3409 αὐτῷ
625 3338 798 3392 οὐδέν.

1819 617 1949 656 vero
1989 603 2302 657 mortalium
2339 605 2427 657 lux
2457 612 2539 656 est
2571 604 2678 657 vita
2714 603 2990 676 religiosa.
3043 604 3233 673 Itaque
3261 617 3394 657 con-

1818 693 2043 748 tendant
2071 701 2131 747 ut
2162 694 2419 748 omnibus
2442 695 2646 764 optima
2694 695 2819 749 vitae
2852 693 3027 749 forma
3067 693 3224 758 ﬁant,
3260 693 3394 747 nulli

1817 786 2008 840 dantes
2043 786 2206 840 ullam
2254 785 2641 852 otl‘ensionem,
2675 785 2729 840 in
2773 786 2840 841 iis
2881 802 3002 856 quas
3039 785 3268 841 fecerint
3301 795 3398 839 aut

1820 877 1985 932 locuti
2020 877 2242 932 fuerint.
2283 877 2340 932 Si
2378 879 2521 932 enim
2558 879 2740 933 lumen
2774 879 2826 932 in
2853 879 3104 934 tenebras
3137 887 3394 936 vertatur.

1821 978 2086 1040 quantum
2123 972 2254 1040 ipsa:
2301 972 2560 1034 tenebrae,
2612 972 2715 1026 hoc
2747 978 2852 1037 est,
2889 971 2926 1024 ii
2968 972 3063 1040 qui
3098 972 3151 1025 in
3199 971 3400 1025 saeculo

1826 1061 2052 1132 degunt,
2088 1063 2563 1118 obtenebrescent.
2605 1062 2818 1118 Atenim
2851 1063 2895 1118 si
2933 1077 3020 1116 me
3053 1063 3270 1128 auditis,
3307 1071 3402 1116 aut

1826 1151 2011 1220 potius
2038 1150 2190 1219 dicto
2224 1151 2511 1205 audientes
2544 1164 2666 1204 esse
2690 1151 2874 1216 vultis,
2909 1151 3014 1205 erit
3041 1163 3072 1204 ο
3102 1164 3161 1204 re
3189 1157 3398 1211 nostra,

1828 1255 1895 1296 ne
1933 1241 2068 1295 varii
2108 1251 2164 1295 et
2210 1242 2584 1296 inconstantes
2619 1241 2815 1303 simus,
2863 1241 3233 1308 miseramque
3279 1239 3401 1291 ani-

1829 1349 1972 1388 mam
2006 1343 2250 1390 nostram
2277 1335 2608 1400 dividamus,
2633 1344 2692 1390 ut
2717 1349 2840 1389 cum
2870 1334 3107 1388 millenis
3137 1332 3402 1393 millibus,

1830 1424 2073 1496 adeoque
2121 1426 2304 1482 decies
2351 1427 2588 1481 millenis
2648 1426 2892 1481 millibus
2945 1423 3184 1479 hostium
3243 1423 3405 1476 simul

1831 1517 2084 1587 congredi
2113 1525 2169 1572 et
2197 1532 2442 1588 pugnare
2469 1532 2754 1587 cogamur,
2789 1531 3069 1587 nunquam
3116 1513 3262 1570 enim
3288 1528 3407 1567 om-

1835 1625 1931 1663 nes
1969 1608 2183 1662 illorum
2227 1619 2372 1664 artes
2414 1609 2588 1664 malas
2630 1607 2930 1678 poterimus
2967 1606 3278 1676 perdiscere
3315 1615 3410 1658 aut

1835 1700 2054 1769 penitus
2082 1700 2487 1768 deprehendere
2515 1710 2571 1754 et
2599 1699 2868 1754 invenire.
2906 1696 3106 1751 Sancta
3139 1695 3411 1750 Trinitate

1836 1794 2100 1849 adversus
2141 1791 2407 1862 triplicem
2446 1793 2657 1847 hostem
2703 1805 2802 1860 per
2842 1798 2952 1843 tres
2984 1789 3214 1842 virtutes
3247 1786 3410 1841 obar-

1838 1901 2074 1942 memur.
2108 1884 2263 1951 Quod
2295 1883 2399 1938 nisi
2428 1883 2741 1946 fecerimus,
2773 1881 2978 1936 multos
3004 1879 3165 1935 nobis
3200 1878 3412 1932 labores

1836 1978 2163 2034 creabimus.
2194 1974 2448 2030 Profecto
2469 1975 2513 2030 si
2541 1974 2824 2031 nobiscum
2857 1985 3078 2042 quoque
3111 1967 3275 2024 fuerit
3322 1969 3413 2039 qui

1837 2072 2000 2144 340
2031 2071 2282 2125 convertit
2311 2085 2455 2123 mare
2489 2070 2546 2122 in
2579 2068 2788 2121 aridam
2815 2066 2882 2132 ⁸⁸⁵,
2917 2065 3142 2120 omnino
3162 2061 3416 2118 transibit

1837 2166 2000 2219 etiam
2035 2170 2218 2218 noster
2243 2161 2429 2226 Israel,
2462 2176 2557 2217 seu
2591 2175 2748 2214 meus
2780 2167 2969 2213 nostra
3003 2157 3168 2211 Deum
3202 2152 3416 2218 videns,

1841 2272 1991 2311 mare
2015 2257 2131 2310 sine
2154 2256 2417 2311 (luctuum
2443 2253 2716 2324 procellis,
2735 2249 3113 2322 spectabitque
3133 2245 3419 2317 Egyptios

1841 2350 1896 2404 in
1953 2350 2320 2420 lacrymarum
2365 2346 2525 2416 aquis
2571 2343 2891 2409 suﬂ'ocatos;
2935 2340 3030 2395 scd
3075 2337 3168 2392 illo
3199 2337 3420 2391 absente

1844 2439 2124 2494 iremitum
2166 2437 2468 2497 ﬂuctuum.
2519 2435 2636 2490 sive
2677 2431 2862 2487 carnis
2911 2437 3111 2484 nostra}
3156 2426 3418 2496 impetum

1844 2526 1969 2596 quis
2001 2523 2331 2579 sustinebit?
2365 2521 2422 2576 Si
2457 2521 2598 2576 Deus
2631 2521 2687 2574 in
2719 2518 2878 2574 nobis
2905 2532 3003 2588 per
3033 2530 3197 2586 opera
3228 2529 3422 2570 exsur-

1848 2619 2067 2682 rexerit,
2101 2617 2518 2688 dissipabuntur
2550 2612 2761 2668 inimici
2793 2611 2936 2682 ejus,
2971 2617 3026 2664 et
3065 2609 3111 2664 si
3156 2623 3253 2678 per
3284 2621 3420 2662 con-

1846 2710 2249 2778 templationcm
2278 2707 2714 2765 invocaverimus
2745 2720 2892 2768 eum,
2926 2701 3154 2772 Fugient
3183 2701 3274 2770 qui
3295 2699 3423 2753 ode—

1849 2811 1969 2854 runt
1996 2817 2114 2855 eum
2144 2818 2176 2854 a
2203 2802 2340 2873 facie
2370 2801 2484 2869 ejus
2506 2800 2551 2832 ³⁸
2580 2808 2630 2855 et
2666 2809 2872 2852 nostra.
2910 2793 3210 2847 Laboribus
3245 2791 3425 2862 potius

1848 2901 1901 2946 et
1929 2892 2220 2948 sudoribus
2254 2907 2361 2946 non
2411 2892 2573 2947 nudis
2606 2888 2788 2945 verbis
2820 2883 3061 2942 coelestia
3099 2895 3426 2953 cegnoscere

1850 2985 2186 3041 Studeamus.
2234 2984 2410 3055 Opera
2452 2984 2620 3048 enim,
2679 2997 2790 3037 non
2840 2978 3006 3034 verba
3058 2973 3328 3046 oportebit
3369 2972 3424 3026 in

1851 3077 2001 3132 exitu
2020 3076 2144 3132 vita
2159 3075 2420 3130 exhibere
2437 3074 2632 3145 judici.
2656 3072 2761 3139 Qui
2791 3073 2960 3126 latere
2980 3067 3180 3122 alicubi
3205 3065 3430 3120 thesau-

1854 3181 1975 3220 rum
1998 3167 2247 3232 audiunt,
2270 3166 2422 3221 illum
2469 3167 2590 3221 loco
2625 3179 2727 3220 suo
2747 3170 3020 3232 quaerunt,
3043 3168 3096 3214 et
3117 3157 3299 3211 labore
3327 3166 3429 3209 suo

1855 3267 2128 3328 repertum
2153 3259 2491 3315 custodiunt.
2506 3255 2644 3312 Nam
2667 3257 2761 3327 qui
2783 3256 2903 3311 sine
2922 3253 3110 3308 labore
3128 3250 3428 3304 «litescunt.

1775 3339 1818 3394 ο
1850 3346 1990 3403 bona
2018 3348 2308 3419 dissipant.
2349 3346 2576 3403 Diilicile
2609 3355 2692 3402 est
2719 3346 3050 3400 inveteratas
3084 3338 3180 3396 seu
3208 3337 3432 3392 vitiosas

160 3431 607 3485 consuetudines
643 3431 764 3484 sine
788 3437 988 3484 conatu
1011 3429 1250 3484 vincere.
1287 3427 1392 3494 Qui
1420 3442 1548 3483 vero
1570 3427 1639 3484 iis
1661 3432 1907 3498 quotidie
1941 3451 2112 3493 novas
2139 3437 2421 3508 adjiciunt,
2449 3446 2542 3491 aut
2565 3437 2634 3490 de
2661 3451 2720 3490 se
2749 3435 3127 3503 desperarunt,
3151 3444 3216 3482 ex
3247 3425 3429 3494 subje-

160 3529 382 3590 ctione,
435 3540 532 3580 seu
612 3524 875 3594 religione
952 3523 1162 3579 nullum
1214 3522 1459 3578 fructum
1508 3525 1835 3585 retulerunt.
1869 3528 1981 3588 Nec
2024 3539 2204 3589 tamen
2256 3534 2448 3604 ignoro
2499 3529 2668 3586 Deum
2711 3528 2897 3582 omnia
2945 3538 3140 3596 posse,
3187 3519 3434 3587 nihilque

162 3620 336 3674 illum
381 3632 490 3672 non
534 3631 715 3686 posse.

244 3713 643 3782 Δυσδιάκριτόν
686 3712 779 3782 μοί
838 3726 988 3776 τινες
1043 3709 1305 3783 θεώρημα
1376 3709 1758 3782 ιπηπόρησαν,

160 3809 273 3863 καὶ
311 3807 444 3868 τοὺς
490 3806 612 3858 κατ’
663 3805 764 3874 ἐμὲ
803 3805 1014 3868 πάντας
1061 3802 1388 3875 ὑπερὸαῖνον
1411 3843 1426 3868 ,
1485 3801 1662 3856 οὐδενὶ
1704 3801 1764 3854 δὲ

157 3901 286 3954 τῶν
339 3897 421 3960 εἰς
461 3896 562 3965 ἐμὲ
603 3893 938 3964 ἐληλυθότων
965 3894 1186 3949 ’δέλτων
1235 3893 1626 3965 περιεχόμενον
1674 3891 1764 3944 λὲ-

158 4004 398 4057 γοντες.
434 3987 582 4039 Ποίοι
625 3985 735 4038 τῶν
777 3983 922 4039 ὀκτὼ
961 3983 1240 4055 λογισμῶν
1289 3983 1592 4054 ίδιαιρέτως
1626 3981 1762 4036 ἀπό-

157 4097 336 4150 γονοι
364 4078 734 4148 τυγχάνουσι;
774 4075 806 4146 ἦ
856 4077 1009 4138 ποῖος
1050 4075 1311 4128 τοιούτων
1357 4074 1522 4127 πέντε
1551 4075 1616 4126 ὲκ
1655 4071 1764 4126 τῶν

155 4169 354 4241 τριῶν
391 4168 500 4221 τῶν
539 4163 862 4238 προστατῶν
890 4165 1174 4236 γεννήτωρ
1199 4164 1578 4234 καθέστηκεν,
1624 4161 1765 4231 Ἐγὼ

158 4262 236 4316 δὲ
283 4260 430 4330 πρὸς
469 4258 569 4328 τὴν
609 4256 845 4329 ἀπορίαν
899 4257 1195 4328 ἐπαινέτην
1233 4255 1456 4324 ἄγνοιαν
1499 4253 1760 4326 προϐαλό-

161 4369 376 4423 μενος,
411 4350 564 4420 παρά
599 4349 709 4402 τῶν
757 4349 1032 4402 πανοσίων
1078 4347 1290 4419 ἀνδρῶν
1328 4346 1536 4418 ἔμαθον
1565 4344 1762 4409 οὕτως.

157 4445 390 4513 Μήτηρ
423 4441 523 4511 μὲν
547 4439 805 4510 πορνείας
837 4437 1274 4508 γαστριμαργία,
1313 4436 1542 4506 ἀκηδίας
1575 4436 1633 4489 δὲ
1667 4452 1763 4488 κε-

157 4533 398 4598 νοδοξία
416 4549 431 4564 ·
455 4532 599 4602 λύπη
621 4531 678 4584 δὲ
716 4529 825 4584 τῶν
855 4528 1024 4602 τριῶν
1049 4530 1256 4584 τούτων
1286 4529 1553 4599 γέννημα,
1578 4528 1767 4596 ὥσπερ

156 4625 280 4678 καὶ
309 4623 452 4693 ὀργή
476 4640 488 4652 ’
524 4621 902 4692 ὑπερηφανίας
926 4621 985 4674 δὲ
1015 4621 1205 4698 μήτηρ
1237 4619 1691 4687 κενοδοξία.⁹Εγὼ
1710 4619 1766 4672 δὲ

159 4713 357 4768 πάλιν
385 4713 521 4783 πρὸς
545 4712 669 4774 τοὺς
690 4712 1051 4782 ἀειμνήστους
1080 4709 1319 4772 ἐκείνους
1341 4709 1767 4780 ἀποκρινόμενος

1935 3709 2303 3776 Quaestionem
2327 3726 2423 3765 seu
2446 3705 2957 3777 contemplationem
2983 3701 3114 3756 mihi
3137 3699 3433 3768 dijudicatu

1864 3803 2157 3868 diﬂicilem,
2204 3817 2435 3873 quaeque
2474 3801 2718 3856 omnium
2769 3797 2874 3851 mei
2918 3795 3177 3850 similium
3223 3791 3435 3862 ingenia

1863 3905 2102 3965 superet,
2135 3909 2238 3950 nec
2262 3896 2374 3949 ullo
2398 3893 2684 3956 librorum,
2713 3889 2808 3960 qui
2830 3887 2897 3942 ad
2926 3901 3027 3942 nos
3051 3892 3436 3954 pervenerunt,

1864 3988 2230 4054 contineatur,
2282 3984 2531 4040 nonnulli
2575 3987 3001 4052 proposuerunt.
3046 3979 3306 4044 Quanam
3353 3973 3437 4027 iu-

1864 4081 2081 4150 quiunt,
2103 4087 2364 4133 suntocto
2385 4076 2698 4146 capitalium
2721 4072 2972 4127 vitiorum
2997 4063 3441 4142 [cogitationum]

1864 4170 2084 4240 proprie
2136 4168 2415 4238 germina?
2465 4174 2560 4222 aut
2618 4165 2744 4235 quis
2802 4162 3137 4232 reliquorum
3198 4158 3441 4226 quinque

1864 4279 1927 4318 ex
1983 4262 2160 4318 tribus
2200 4259 2528 4330 capitalibus
2575 4257 2788 4324 genitor
2836 4251 3082 4310 exstitit?
3137 4250 3218 4305 Ad
3274 4264 3439 4319 quam

1864 4354 2133 4425 egregiam
2179 4350 2536 4420 quaestionem
2583 4363 2683 4418 ego
2726 4361 2901 4401 meam
2949 4341 3232 4415 professus
3275 4341 3441 4395 insci-

1865 4447 1996 4498 tiam
2023 4483 2039 4508 ,
2085 4444 2154 4496 ab
2195 4438 2561 4497 sanctissimis
2599 4435 2853 4491 Patribus
2899 4433 2973 4487 ita
3028 4430 3230 4499 accepi.
3281 4427 3440 4499 351

1865 4533 2130 4590 Libidinis
2185 4527 2603 4601 procreatricem
2669 4539 2792 4580 esse
2847 4519 3051 4576 ventris
3130 4514 3446 4587 ingluviem,

1864 4625 2064 4683 acedizc
2112 4635 2240 4678 vero
2291 4635 2389 4676 seu
2447 4615 2691 4680 desidiae,
2752 4627 2944 4667 vanam
2999 4607 3280 4680 gloriam:
3342 4603 3444 4657 tri-

1866 4732 1956 4770 um
1991 4727 2119 4768 vero
2171 4711 2366 4764 harum
2415 4707 2656 4762 sobolem
2715 4717 2836 4757 esse
2871 4697 3171 4760 tristitiam,
3233 4694 3448 4749 sicutet

1870 4807 2046 4860 iram:
2075 4801 2344 4870 superbia
2369 4807 2549 4853 autem
2582 4793 2896 4866 genitricem
2941 4802 3137 4843 vanam
3195 4783 3443 4855 gloriam.

1871 4901 1984 4966 Ego
2033 4910 2163 4950 vero
2182 4907 2376 4948 rursus
2401 4889 2466 4944 ad
2491 4901 2705 4956 semper
2730 4882 2984 4941 colendos
3007 4879 3131 4935 illos
3157 4877 3344 4932 Patres
3364 4890 3450 4929 re-

150 4809 453 4876 ἔφασκον,
501 4803 748 4875 λιπαρῶν
796 4803 1088 4872 μανθάνειν
1127 4802 1314 4856 λοιπὸν
1347 4803 1442 4855 καὶ
1481 4801 1591 4855 τῶν
1623 4800 1767 4854 ὀκτὼ

151 4899 542 4969 γεννήματα,
584 4895 680 4949 καὶ
711 4896 863 4948 ποῖον
903 4894 1058 4947 ποίου
1091 4893 1326 4964 ὑπάρχει
1363 4893 1571 4964 κύημα.
1627 4891 1764 4946 Ἐδί-

148 4992 392 5045 δασκον
450 4986 510 5039 δὲ
545 4987 789 5057 εὐμενῶς
827 4988 877 5040 οἱ
915 4986 1146 5049 ἀπαθεῖς
1191 4985 1465 5054 λέγοντες,
1509 4985 1583 5056 μὴ
1631 4981 1747 5038 εἷνα

1830 4975 2190 5057 >ςφοηὼιηιὶι)
2234 4981 2571 5053 iuquicbam,
2629 4991 2826 5046 cupere
2875 4987 2960 5028 me
3001 4985 3165 5042 porro
3203 4969 3447 5030 discere,

146 5082 344 5148 τάξιν
397 5080 430 5150 ἢ
484 5056 700 5133 σύνεσιν
740 5080 800 5132 ὲν
850 5081 1133 5143 ἀσυνέτοις
1161 5095 1176 5110 ο
1214 5081 1396 5134 πᾶσαν
1442 5079 1500 5132 δὲ
1539 5077 1752 5142 ἀταξίαι

1873 5056 1994 5135 octo
2024 5077 2279 5131 vitiorum
2307 5072 2575 5144 germina,
2608 5078 2661 5124 et
2689 5065 2834 5137 quod
2857 5064 3015 5135 cujus
3042 5060 3283 5133 parentis
3311 5056 3451 5113 fetus

146 5173 284 5226 καὶ
313 5169 759 5224 ἁκαταστασίανο
791 5170 886 5223 καὶ
925 5168 1176 5233 πιθόντες
1216 5172 1264 5224 οἱ
1299 5171 1560 5241 μακάριοι
1606 5169 1752 5222 πιθα-

1876 5172 1967 5226 sit.
2015 5169 2118 5235 Qui
2167 5174 2508 5237 peramanter
2559 5169 2614 5216 et
2661 5155 2922 5214 benevole
2969 5167 3057 5209 me
3121 5153 3449 5241 docuerunt,

147 5263 301 5324 νοῖς
351 5258 749 5329 ὑποδείγμασιν
793 5259 998 5329 ἔλεγον,
1043 5263 1122 5324 εἰς
1153 5234 1317 5331 μέσον
1347 5234 1752 5331 προενεγκόντες

1875 5234 2252 5329 negaruntque
2302 5253 2473 5307 ullum
2525 5247 2771 5303 ordinem
2809 5251 2903 5298 aut
2930 5237 3231 5311 prudentia:
3278 5234 3452 5290 ratio-

145 5352 429 5416 πιθανὰς
472 5351 776 5414 ἀποδείξεις
813 5323 910 5405 καί
955 5323 1229 5415 πλείονας,
1263 5352 1326 5419 ἐξ
1364 5323 1440 5404 ῶν
1464 5323 1584 5404 τινα
1609 5351 1666 5404 ὲν
1691 5349 1752 5420 τᾷ

1878 5323 2000 5406 nem
2031 5350 2086 5403 in
2125 5323 2339 5402 stolidis
2360 5343 2464 5398 illis
2493 5339 2640 5395 vitiis
2677 5339 2878 5397 inesse,
2916 5330 3009 5386 sed
3030 5343 3236 5383 meram
3262 5323 3454 5381 conlu-

146 5443 431 5515 παρόντι
471 5441 615 5512 λόγῳ
664 5445 1053 5514 συντάττομεν,
1097 5445 1184 5498 ἵνα
1232 5415 1558 5509 ὲξνὲκείνων
1585 5415 1752 5496 λοιπὸξ

1881 5443 2084 5498 sionem
2115 5446 2170 5492 et
2211 5433 2656 5492 inconstantiam.
2709 5425 2855 5496 quod
2913 5421 3053 5477 beati
3095 5418 3172 5473 illi
3229 5415 3372 5486 aptis
3400 5420 3455 5468 et

146 5510 288 5594 καὶ.⁷
315 5535 454 5604 ’.περὶ
478 5510 598 5586 τῶν
619 5535 822 5588 λοιπῶν
849 5510 1228 5605 φωτισθῶμεν.
1258 5530 1382 5589 Οίόν
1404 5553 1459 5588 τι
1485 5534 1627 5602 λέγω
1653 5549 1665 5564 ⁸
1714 5534 1752 5586 ’ί

1880 5529 2201 5602 opportunis
2223 5523 2490 5592 exemplis
2536 5517 2916 5579 ostendebant,
2965 5510 3298 5605 prolatisque
3330 5519 3452 5559 creo

143 5597 452 5698 γέλωςίὸ
485 5622 710 5696 ἄκαιρος
746 5597 880 5694 (55),
913 5626 1046 5679 ποτὲ
1075 5597 1175 5695 μ’ὲν
1205 5626 1273 5679 ἐκ
1309 5597 1570 5695 πορνείας
1586 5625 1748 5694 δαίμο

1886 5597 2020 5682 bris,
2065 5619 2249 5676 multis
2280 5622 2335 5671 ct
2364 5613 2528 5670 certis
2553 5608 2858 5666 rationibus
2886 5597 3353 5661 demonstrabant,
3383 5608 3451 5647 ex

241 5806 303 5837 "
342 5803 469 5857 F’sal
535 5806 734 5866 I.X\',(i.
814 5803 857 5833 ··’⁸
893 5819 1038 5857 txvu
1097 5804 1127 5856 '2
