4216 6458
195 362 319 425 1025
1153 357 1382 416 SCALA
1440 354 1817 414 PARADISI.
1860 379 1925 389 —-
1955 313 2485 446 GRADUSXXVI'.
3285 359 3420 424 1026

194 473 543 545 συμϐαίνοντα
571 472 708 542 (43),
752 470 849 541 ήτε
877 468 1071 541 ὁρατὰ,
1099 469 1194 539 ἦτε
1226 470 1455 540 ἀόρατα,
1500 469 1613 520 ἐστι
1652 470 1745 518 καὶ

1861 465 2119 528 liumiliat,
2163 474 2218 517 et
2245 464 2573 532 quamloque
2597 464 2758 518 etiam
2817 466 3055 522 animam
3108 470 3177 522 ali
3210 469 3418 540 impro-

188 562 377 627 καλῶς,
401 563 493 616 καὶ
522 560 807 631 ἐμπαθῶς,
842 561 936 612 καὶ
975 559 1155 628 μέσως
1198 551 1616 620 καταδέξασθαι.
1658 551 1746 607 Εἷ-

1861 555 1935 606 liis
1957 556 2443 624 cugitatiombuset
2465 556 2846 611 vitiositatibus
2863 567 3132 629 repurgat.
3151 559 3420 625 Quaecun-

188 655 272 707 δον
305 656 450 724 τρεῖς
484 653 745 721 ἀδελφοὺς
785 651 1196 719 ζημιωθέντας*
1230 652 1324 702 καὶ
1370 651 1398 702 6
1431 649 1531 717 μὲν
1576 649 1747 716 ήγαν-

1861 661 1955 715 μεθ
1981 647 2138 700 nobis
2164 647 2513 712 usuveniunt,
2547 649 2662 703 sive
2680 649 2854 703 oculis
2879 651 3122 720 subjecta
3153 655 3278 716 sint,
3309 652 3421 708 sive

189 746 331 799 άκτεε⁹
362 785 379 809 ,
407 747 436 798 6
474 745 533 798 δὲ
563 745 778 814 ἔμεινεν
804 747 1028 805 ἄλυπος,
1064 743 1092 792 6
1119 741 1178 794 δὲ
1226 740 1426 810 πολλὴν
1452 740 1552 811 τὴν
1573 737 1748 810 χαράν

1861 755 1956 794 non
1995 742 2126 804 sint,
2169 750 2262 795 aut
2293 755 2416 794 cum
2480 741 2681 797 virtute
2743 743 3098 811 recipiuntur,
3154 754 3247 798 aut
3295 759 3422 798 cmn

1848 833 2001 899 vitio,
2045 841 2140 886 aut
2171 834 2352 889 medio
2390 833 2626 904 quodam
2661 834 2840 888 modo.
2877 832 3014 889 Tres
3043 834 3172 888 olim
3205 835 3423 904 religio-

1850 935 1942 976 sos
1967 923 2078 975 vidi
2107 921 2301 978 fratres
2348 923 2489 976 male
2544 922 2710 976 simul
2740 934 2992 991 acceptos
3026 931 3082 976 et
3143 924 3421 988 multatos,

1850 1030 2086 1085 quorum
2115 1016 2324 1084 primus
2356 1032 2469 1070 rem
2491 1015 2712 1085 indigne
2748 1016 2909 1081 tulit;
2943 1019 3077 1069 alter
3133 1015 3251 1070 sine
3306 1031 3425 1084 per-

1851 1107 2162 1162 turbatione
2187 1109 2447 1162 damnum
2477 1108 2722 1178 pertulit,
2779 1108 2971 1161 tertins
3022 1109 3211 1177 ingens
3263 1108 3426 1160 etiam
3463 1149 3468 1153 .

1852 1201 2110 1270 gaudium
2142 1203 2354 1256 retulit.
2387 1202 2506 1256 Vidi
2541 1202 2681 1270 apud
2714 1200 2980 1270 agricolas
3014 1201 3152 1254 idem
3200 1200 3428 1254 seminis

1853 1305 2021 1360 genus
2051 1306 2082 1345 a
2143 1293 2355 1347 duobus
2407 1293 2610 1360 spargi,
2672 1291 2764 1346 sed
2818 1291 3032 1345 diverso
3082 1291 3151 1344 ab
3198 1299 3429 1359 utroque

1854 1380 1960 1434 fine
1999 1398 2013 1434 :
2046 1381 2114 1436 ab
2148 1383 2320 1436 altero
2353 1389 2413 1435 ut
2429 1384 2647 1435 nomina
2677 1381 2931 1436 creditori
2966 1397 3066 1436 suo
3086 1380 3427 1442 dissolveret,

180 1473 378 1528 ἑαυτοῦ
425 1474 617 1544 ἐχθρὸν
649 1474 967 1543 ζηλώσαντα
1007 1474 1168 1543 θλίψῃ
1194 1472 1306 1542 (65)
1332 1488 1345 1502 '
1383 1474 1413 1525 6
1442 1471 1519 1533 δὲ,
1560 1471 1648 1524 ἵνα
1675 1471 1750 1541 μὴ

1861 1468 1922 1521 ab
1945 1469 2114 1522 altero
2141 1477 2199 1522 ut
2254 1469 2300 1524 is
2354 1469 2642 1524 thesauros
2693 1469 2795 1524 sibi
2848 1479 3210 1539 compararet.
3233 1469 3348 1532 Ille,
3372 1478 3432 1522 ttt

178 1565 260 1630 ὡς
295 1566 463 1635 ἀργὸς
492 1565 642 1635 παρά
662 1564 772 1620 τῶν
807 1565 1111 1636 ἀνθρώπων
1132 1563 1459 1633 ὀνειδίζηται
1489 1561 1623 1631 (46).
1645 1554 1754 1614 Αὖ-

1861 1561 2134 1618 dominum
2175 1579 2331 1618 suum
2357 1566 2673 1621 muneribus
2699 1565 2938 1631 coleret;
2984 1565 3090 1629 hic,
3119 1573 3177 1619 ut
3203 1580 3270 1619 ex
3318 1564 3433 1620 ele-

179 1673 274 1708 ται
309 1657 364 1709 αἱ
395 1655 504 1708 τῶν
533 1654 795 1724 γεωργῶν
826 1653 923 1708 τοῦ
957 1655 1158 1724 σπόρου
1201 1652 1569 1723 προσηγορίαι
1602 1669 1615 1682 ·
1657 1667 1754 1720 νη·-

1861 1656 2002 1726 ganti
2063 1657 2453 1726 agricolatione
2519 1659 2789 1714 lamlema
2835 1659 3245 1713 transeuntibus
3269 1655 3434 1728 3M

182 1747 358 1806 στεία,
423 1747 717 1816 ἀγρυπνία,
785 1745 1144 1814 ἐλεημοσύνη,
1201 1743 1487 1805 διακονίαι,
1541 1743 1636 1796 καὶ
1685 1742 1752 1797 τὰ

1861 1746 1909 1800 in
1957 1747 2042 1800 via
2079 1755 2134 1801 et
2181 1749 2290 1800 vita
2332 1758 2719 1816 aucuparctur.
2757 1746 2870 1812 ille,
2913 1756 2972 1801 ut
3013 1748 3222 1801 hostem
3270 1762 3432 1801 suum

177 1839 364 1906 ὅμοια.
400 1838 538 1900 Τοὺς
564 1837 622 1889 δὲ
647 1837 881 1898 σκοποὺς
905 1836 1199 1906 προθύμως
1215 1838 1273 1888 ὲν
1300 1834 1488 1904 Κυρίῳ
1523 1833 1573 1886 oi
1599 1833 1754 1886 ἀδελ-

1861 1838 2106 1893 ιεηιιιιιιιη
2135 1838 2334 1892 invidia
2363 1847 2659 1908 torqueret,
2691 1839 2798 1906 hic,
2837 1849 2895 1893 ut
2923 1854 2992 1894 ne
3029 1839 3336 1894 desidiosus
3365 1839 3434 1893 ab

178 1930 277 1998 φοὶ
319 1927 696 1998 βασανίσουσιν
719 1929 854 1998 (47),
893 1927 1078 1998 ὥσπερ
1107 1926 1250 1997 ὕδωρ
1285 1927 1349 1980 ἑκ
1369 1924 1560 1996 πηγῶν
1583 1927 1755 1979 ἀπαν-

1861 1933 1980 1987 aliis
2009 1943 2346 2003 carperetur.
2375 1933 2500 1990 Haec
2550 1945 2677 1990 sunt
2739 1937 3007 1990 seminum
3055 1935 3124 1989 ab
3183 1934 3435 2005 agricolis

174 2019 618 2090 τλοῦντες.(48),
649 2020 794 2074 ἔστιν
843 2021 931 2072 ὅτε
986 2017 1310 2090 λεληθότως,
1368 2017 1463 2071 καὶ
1511 2015 1605 2071 τὸν
1665 2016 1756 2070 λέ-

1861 2040 2169 2096 Sparsorum
2211 2027 2432 2081 nomina
2465 2045 2477 2081 :
2504 2026 2791 2096 jejunium.
2813 2027 3030 2098 vigiliae,
3061 2027 3432 2097 eleemosyna,

175 2116 417 2185 γόμενον
470 2115 742 2186 βάτραχον
795 2113 1263 2186 συνηντλήσαμεν.
1312 2111 1500 2174 Οὕτως
1537 2111 1754 2173 καὶτὰς

1861 2119 2176 2184 ministeria,
2209 2131 2262 2174 et
2294 2122 2398 2175 hoc
2428 2135 2598 2192 genus
2630 2121 2753 2175 alia.
2785 2120 2970 2176 Finem
2997 2129 3176 2175 autem
3203 2130 3258 2174 et
3286 2136 3437 2174 men-

187 836 566 905 προσελάϐετο.
596 832 748 889 Εἶδον
772 835 924 906 παρά
948 835 1215 903 γεωργοῖς
1243 833 1303 886 ἓν
1352 833 1574 902 σπέρμα
1617 831 1747 900 παρ’

184 927 512 997 ἀμφοτέροις
567 925 1041 995 καταϐαλλόμενον
1065 964 1081 988 ,
1130 925 1266 978 ἀλλά
1314 925 1514 977 σκοπὸν
1552 925 1749 977 οίκεῖον

184 1018 410 1078 ἕκαστος
437 1019 701 1086 ἐκέκτητο
723 1033 738 1048 ⁸
765 1019 794 1070 6
839 1019 959 1088 μὲν,
1001 1017 1087 1070 ἵνα
1124 1016 1192 1070 τά
1224 1015 1442 1069 -ὲαυτοῦ
1482 1015 1750 1068 ἀποδώσει

183 1109 321 1179 χρέη
342 1125 358 1139 ο
394 1111 423 1161 6
454 1108 510 1160 δὲ
544 1108 631 1160 ἵνα
657 1109 885 1160 πλοῦτον
919 1107 1095 1177 ἐαυτῷ
1129 1107 1436 1176 θησαυρίσῃ
1459 1123 1474 1140 ο
1519 1108 1549 1158 6
1587 1106 1643 1158 δὲ
1664 1106 1752 1158 ἵνα

183 1199 374 1270 δώροις
397 1199 490 1252 τὸν
536 1199 814 1269 Δεσπότην
859 1200 1098 1269 τιμήσῃ·
1126 1201 1155 1252 6
1193 1199 1251 1250 δὲ
1290 1198 1496 1267 ἔτερος,
1533 1198 1620 1248 ἵνα
1658 1196 1750 1248 ἐπὶ

181 1291 250 1361 τῇ
277 1289 572 1361 καλοεργίᾳ.
630 1290 720 1342 τὸν
767 1290 918 1360 παρά
975 1289 1082 1342 τῶν
1125 1288 1550 1359 παρερχομένων
1586 1289 1644 1338 ἐν
1681 1289 1749 1356 τῇ

180 1380 286 1452 ὀδῷ
324 1381 416 1434 τοῦ
447 1382 562 1452 βίου
592 1381 812 1435 ἔπαινον
855 1382 1070 1453 θηράσῃ
1114 1382 1264 1451 (44)*
1291 1381 1320 1432 6
1355 1381 1412 1433 δὲ
1455 1379 1542 1432 ἵνα
1589 1379 1752 1431 αὑτὸν

174 2207 391 2279 ἀρετάς
427 2209 816 2279 μετερχόμενοι
842 2206 1101 2268 πολλάκις
1142 2202 1640 2274 συμπεπλεγμένας
1659 2202 1755 2255 αύ-

169 2303 306 2364 τατς
330 2299 550 2368 ἀφανῶς
572 2298 669 2362 τὰς
695 2297 893 2358 κακίας
917 2295 1293 2369 μετερχόμεθα
1317 2311 1331 2326 ο
1358 2288 1470 2347 οἷόν
1492 2310 1543 2346 τι
1565 2293 1710 2361 λέγω
1737 2307 1750 2321 ·

170 2390 243 2459 τῇ
295 2386 563 2452 ξενοδοξία
592 2387 626 2457 ή
664 2384 1077 2455 γαστριμαργία
1132 2383 1549 2455 συμπέπλεκται
1592 2381 1707 2452 (49)
1736 2394 1750 2409 °

166 2485 241 2552 τῇ
281 2480 473 2551 ἀγάπῃ
501 2480 536 2550 ή
569 2477 797 2551 πορνεία
819 2493 834 2509 θ
874 2478 942 2547 τῇ
970 2475 1243 2546 διακρίσει
1268 2477 1303 2545 ή
1328 2473 1569 2541 δεινότης
1601 2470 1713 2541 (50)
1738 2484 1753 2500 ⁸

165 2573 242 2642 τῇ
294 2570 556 2640 φρονήσει
589 2569 624 2638 ὴ
644 2565 876 2638 πονηρία
901 2581 914 2594 ’
943 2567 1010 2636 τῇ
1054 2565 1329 2636 πραΰτητι
1364 2564 1397 2633 ή
1432 2560 1753 2630 ὑπουλότης,

165 2656 278 2712 καὶ
316 2655 612 2726 νωθρότης,
641 2656 735 2708 καὶ
764 2653 1018 2725 ὀκνηρία,
1047 2653 1143 2708 καὶ
1165 2651 1464 2720 ἀντιλογία,
1499 2652 1594 2704 καὶ
1633 2651 1758 2702 lato.

167 2747 284 2818 ρυθ
295 2747 418 2818 μία,
471 2748 564 2800 καὶ
596 2747 827 2816 ἀνηκοῐα
855 2763 868 2776 ·
903 2748 971 2817 τῇ
1022 2746 1204 2816 σιωπῇ
1233 2744 1331 2816 τῆς
1357 2741 1702 2804 διδασκαλίας
1728 2743 1758 2794 6

161 2841 350 2909 ὄγκος
374 2856 388 2869 ·
416 2839 482 2908 τῇ
533 2839 679 2909 χαρᾷ
724 2837 902 2908 οἴησις
927 2854 939 2870 ·
967 2839 1035 2908 τῇ
1086 2837 1262 2890 ἐλπίδι
1308 2837 1341 2905 ή
1372 2834 1603 2904 όκνηρία
1633 2848 1648 2863 ·
1690 2833 1755 2902 τῇ

165 2930 385 3000 ἀγάπῃ
431 2927 594 2980 πάλιν
624 2928 686 2981 τὸ
745 2927 1096 2998 κατακρίνειν
1117 2942 1133 2958 ο
1155 2928 1223 2997 τῇ
1254 2926 1456 2996 ἡσυχίᾳ
1483 2926 1518 2994 ή
1561 2923 1758 2992 ἀκηδία

162 3021 277 3072 καὶ
330 3017 564 3087 ὀκνηρία
589 3031 602 3045 ·
640 3017 706 3086 τῇ
737 3016 929 3086 ἁγνείᾳ
960 3017 994 3086 ή
1041 3015 1234 3086 πικρία
1263 3033 1273 3044 ·
1301 3016 1367 3083 τῇ
1397 3027 1757 3082 ταπεινοφρο-

1857 2220 1985 2275 tem,
2017 2226 2124 2280 qua
2165 2211 2294 2282 quid
2320 2212 2540 2280 faciant,
2577 2213 2772 2270 fratres
2803 2214 3054 2270 alacriter
3082 2223 3136 2270 et
3187 2222 3438 2283 prompte

1857 2301 1911 2355 in
1952 2302 2179 2358 Domino
2231 2305 2641 2366 examinabunt,
2696 2321 2805 2360 non
2851 2321 3010 2361 secus
3035 2315 3195 2376 atque
3217 2306 3313 2370 illi,
3341 2306 3436 2376 qui

1858 2407 2054 2463 aquam
2109 2393 2353 2451 fontibus
2402 2396 2680 2453 hauriunt.
2719 2395 2854 2451 Nam
2906 2398 2965 2452 lit
3014 2397 3304 2468 aliquando
3356 2397 3438 2454 uti

1858 2487 1997 2540 clam
2054 2502 2150 2558 per
2206 2489 2628 2558 imprudentiam
2686 2505 2867 2556 ranas,
2907 2505 3044 2560 quas
3081 2489 3436 2561 appellamus,

1857 2577 2020 2633 simul
2049 2579 2384 2634 hauriamus.
2411 2581 2487 2636 Ita
2517 2581 2610 2652 qui
2652 2583 2926 2654 negotium
2967 2597 3090 2636 cum
3123 2582 3322 2638 virtute
3342 2583 3442 2637 ha-

1856 2670 2236 2742 bemus,sa2pe
2273 2675 2489 2728 mistam
2565 2674 2778 2728 occulte
2827 2675 3064 2744 aliquam
3113 2675 3300 2729 virtuti
3361 2675 3445 2730 vi-

1859 2762 2150 2818 tiositatem
2213 2763 2520 2819 referimus.
2544 2763 2715 2831 Quale
2746 2777 2828 2822 est
2894 2767 3111 2836 quando
3157 2782 3280 2821 cum
3343 2766 3445 2821 ho-

1860 2855 2154 2924 spitalitate
2181 2857 2304 2926 gula
2345 2859 3100 2944 miscetur;cum-cliaritate,
3141 2875 3294 2916 amor
3331 2876 3449 2915 car-

1860 2945 1975 3009 nis;
2001 2957 2126 2998 cum
2179 2944 2539 3010 discretione,
2571 2944 2815 3000 vafrities
2855 2960 2949 3000 seu
2985 2945 3288 3005 calliditas;
3318 2961 3444 3001 cum

1860 3035 2162 3105 prudentia,
2195 3037 2439 3105 malitia;
2474 3053 2597 3092 cum
2647 3039 3087 3104 mansuetudine,
3123 3038 3335 3094 fallacia
3391 3048 3448 3095 et

163 3112 321 3182 σύνῃ
404 3113 436 3179 ή
512 3109 827 3180 παρρησίαο
881 3108 1088 3170 τούτοις
1169 3107 1225 3160 δὲ
1291 3109 1456 3159 πᾶσιν
1487 3145 1503 3168 ,
1570 3103 1759 3174 ὥσπερ

309 3203 324 3220 ει
407 3219 413 3220 ,
446 3199 677 3220 Αμεηυ.
732 3199 927 3220 --g\\-__
964 3198 1016 3220 τι
1058 3198 1383 3220 xo._\.._.L----.
1427 3198 1458 3220 ,ι
1489 3193 1758 3220 ..-..-ε-ει..

1861 3103 2078 3196 ignavia
2104 3137 2158 3183 et
2182 3128 2408 3184 tarditas
2427 3103 2489 3184 vet
2536 3130 2916 3196 contradictio,
2967 3140 3022 3186 et
3054 3131 3308 3201 proprius
3362 3132 3447 3186 vi-

158 3203 368 3256 κοινὸν
404 3199 701 3272 κολούριον,
729 3199 929 3270 μᾶλλον
959 3198 1018 3252 δὲ
1055 3198 1383 3269 δηλητήριον
1427 3198 1461 3266 ή
1489 3193 1761 3258 κενοδοξία

1864 3218 2021 3271 vendi
2052 3226 2110 3273 ut
2142 3219 2274 3274 velis
2307 3234 2502 3276 sensus
2533 3228 2588 3274 et
2637 3221 3004 3276 inobedientia
3025 3264 3040 3289 ,
3081 3237 3204 3277 cum
3233 3222 3448 3278 silentio

160 3294 510 3348 συνέπεται.
560 3293 651 3362 Μὴ
697 3286 1028 3361 λυπηθῶμεν
1071 3290 1383 3359 αἰτούμενοι
1423 3289 1517 3340 τὸν
1558 3286 1764 3357 Κύριον

153 3388 314 3457 αἰτή
324 3401 496 3455 ματα,
531 3383 625 3435 καὶ
647 3382 740 3435 ἐπὶ
763 3381 989 3452 χρόνους
1015 3381 1090 3451 μὴ
1114 3379 1547 3448 είσακυοόμενοι.
1579 3374 1765 3429 Ἐϐού-

150 3491 305 3544 λετο
339 3487 452 3558 γὰρ
488 3485 693 3556 Κύριος
717 3484 927 3547 πάντας
966 3481 1286 3554 ἀνθρώπους
1332 3484 1390 3534 ὲν
1441 3481 1538 3550 μιᾷ
1573 3475 1766 3549 καιροῦ

150 3591 332 3662 ῥοπῇ
352 3587 588 3649 ἀπαθεῖς
611 3583 886 3654 γενέσθαι.
901 3582 1110 3646 Πάντες
1129 3583 1178 3635 οἱ
1203 3581 1514 3652 αἰτούμενοι
1544 3580 1608 3633 ἐκ
1632 3578 1767 3632 Θεοῦ

150 3693 237 3747 τὰ
265 3691 591 3760 αἰτήματα,
625 3687 719 3740 καὶ
751 3685 827 3757 μὴ
852 3683 1130 3748 λαϐόντες,
1162 3681 1252 3734 διά
1271 3681 1402 3752 μίαν
1430 3679 1635 3733 τούτων
1658 3677 1768 3732 τῶν

147 3787 389 3846 αἰτιῶν
417 3789 633 3848 πάντως
645 3784 704 3836 οὐ
725 3781 1058 3852 κομίζονται,
1084 3777 1117 3848 ἢ
1141 3779 1223 3831 ὅτι
1251 3776 1353 3846 πρὸ
1372 3776 1562 3845 καιροῦ
1582 3771 1769 3827 αἰτοῦ-

148 3901 284 3947 σιν,
302 3881 347 3950 ἣ
378 3881 462 3932 ὅτι
485 3875 718 3942 ἀναξίως
739 3871 970 3938 αίτοῦσι,
997 3871 1092 3925 καὶ
1124 3868 1436 3932 κενοδόξως,
1470 3867 1505 3937 ἢ
1527 3868 1609 3920 ὅτι
1636 3867 1773 3937 λαμ-

144 3975 455 4033 ἄάνοντες
489 3965 796 4036 ἐπαρθῆναι
826 3963 1070 4034 ἔμελλον,
1100 3961 1134 4032 ἦ
1167 3959 1392 4031 ἀμελεῖν
1423 3958 1609 4012 λοιπὸν
1639 3957 1774 4028 μετά

1866 3311 2168 3381 magisterii
2197 3311 2548 3381 supercilium
2576 3319 2631 3366 et
2655 3312 2848 3378 fastus,
2881 3328 3006 3368 cum
3060 3313 3256 3384 gaudio
3283 3314 3449 3370 elatio

1865 3407 2055 3474 animi,
2091 3421 2215 3460 cum
2252 3420 2349 3476 spe
2375 3405 2626 3476 pigritia;
2658 3421 2781 3462 cum
2831 3407 3093 3463 cliaritate
3125 3425 3341 3464 rursum
3370 3418 3450 3465 te-

1869 3500 2160 3552 merarium
2191 3497 2457 3567 judicium
2484 3514 2499 3564 ;
2544 3512 2666 3552 cum
2705 3498 2886 3568 quiete
2916 3499 3121 3554 desidia
3147 3510 3200 3555 et
3227 3501 3448 3570 quidam

1870 3590 2034 3644 animi
2067 3604 2289 3659 torpor;
2317 3604 2440 3645 cum
2487 3591 2734 3645 castitate
2755 3594 3099 3656 amaritudo;
3124 3607 3243 3647 cum
3271 3593 3451 3647 humi-

1870 3679 2021 3735 litate
2071 3679 2242 3734 nimia
2300 3676 2656 3743 confidentia;
2699 3689 2756 3735 et
2822 3679 2938 3736 haec
2993 3696 3212 3736 rursum
3266 3682 3451 3737 omnia

1871 3773 2037 3828 veluti
2085 3785 2380 3828 commune
2435 3771 2893 3827 medicamentum
2948 3783 3004 3827 et
3025 3773 3307 3845 collyrium
3353 3790 3449 3829 seu

1871 3865 2054 3936 potius
2080 3879 2347 3920 venenum
2394 3865 2689 3920 comitatur
2722 3881 2861 3921 vana
2887 3866 3076 3938 gloria.
3104 3867 3219 3922 Non
3255 3868 3454 3940 allligat

1877 3971 1976 4012 nos
1994 3956 2040 4013 si
2062 3957 2324 4012 Dominus
2341 3957 2610 4027 postulata
2641 3967 2826 4013 nostra
2855 3961 3223 4030 precesquead
3238 3968 3453 4032 tempus

141 4067 260 4118 τὸν
323 4060 434 4114 τοῦ
495 4059 795 4128 αίτήματος
844 4055 1054 4123 κτῆσιν.
1096 4052 1218 4103 Ὅτι
1270 4049 1369 4118 μὲν
1405 4044 1761 4117 ἀναχωροῦσιι

1876 4065 1984 4103 non
2010 4049 2282 4114 exaudiat,
2312 4050 2475 4104 vellet
2497 4051 2643 4105 enim
2700 4049 2965 4107 Dominus
2987 4067 3176 4109 omnes
3198 4055 3456 4110 mortales

137 4162 204 4214 οι
261 4154 573 4223 δαίμονες,
624 4149 716 4203 καὶ
762 4147 834 4201 τά
879 4147 1026 4215 πάθη
1071 4146 1136 4198 ὲκ
1181 4145 1281 4213 τῆς
1312 4141 1509 4211 ψυχῆς,
1539 4139 1571 4210 ἦ
1602 4137 1761 4208 καιριξ¹

1877 4157 1988 4197 uno
2011 4143 2271 4212 temporis
2295 4151 2570 4196 momento
2585 4141 2654 4196 ab
2674 4143 2931 4198 omnibus
2951 4145 3114 4198 animi
3133 4147 3458 4214 perturbati-

137 4268 308 4314 τινι,
349 4245 392 4316 ἦ
439 4241 725 4313 διηνεκῶς,
769 4239 942 4300 οὐδεὶς
990 4234 1339 4304 ἀμφιϐάλλει,
1383 4230 1558 4303 οἴμαι.
1603 4231 1676 4285 Τὸ
1722 4231 1761 4283 δε

1879 4235 2078 4290 onibus
2094 4235 2294 4289 liberos
2309 4233 2448 4289 fieri.
2469 4232 2790 4304 Quicunque
2812 4250 2840 4289 a
2859 4233 2967 4291 Deo
3016 4236 3219 4307 aliquid
3246 4248 3458 4308 petunt,

135 4347 220 4397 ἐκ
283 4337 500 4391 πόσων
543 4331 762 4403 τρόπων
808 4331 843 4399 ἡ
891 4329 1097 4381 τούτων
1141 4323 1489 4397 ἀναχώρησις
1531 4323 1588 4388 ἐξ
1621 4321 1761 4393 ήμῶε

1880 4339 1935 4383 et
1965 4343 2068 4381 non
2100 4327 2415 4396 impetrant,
2441 4327 2512 4382 ob
2561 4342 2722 4381 unam
2755 4328 2992 4397 aliquant
3022 4344 3087 4385 ex
3117 4331 3202 4385 his
3235 4345 3458 4386 causam

134 4433 411 4500 γίνεται
453 4424 623 4492 ὀλίγοι
649 4423 990 4475 ἐπίστανται.
1030 4417 1411 4488 Ἀνεχώρησαν
1438 4415 1507 4468 τά
1536 4414 1681 4482 πάθη
1716 4412 1761 4464 ἔ)

1882 4421 2042 4493 345
2074 4420 2127 4476 id
2155 4421 2269 4476 fieri
2309 4431 2516 4476 certum
2547 4429 2666 4486 est;
2695 4420 2776 4475 vel
2801 4421 2948 4490 quod
2979 4431 3104 4478 ante
3137 4431 3350 4493 tempus
3405 4424 3461 4479 td

130 4488 348 4580 ⁸τινων
405 4516 470 4569 οὐ
529 4488 689 4586 μόνον
727 4510 952 4572 πιστῶν,
997 4507 1134 4561 ἀλλὰ
1171 4507 1262 4560 καὶ
1311 4504 1576 4566 ἀπίστων,
1624 4503 1761 4562 ἐκτὸς

1884 4488 2086 4581 petant,
2134 4511 2219 4565 vel
2271 4524 2378 4565 non
2435 4510 2616 4564 debito
2665 4488 2831 4565 modo
2861 4520 3082 4580 petant;
3119 4513 3200 4568 vel
3231 4488 3295 4568 ex
3319 4529 3462 4568 vana

131 4616 290 4677 ἐνὸς
337 4609 499 4681 (51),
530 4607 708 4658 ἐκεῖνο
734 4603 893 4674 μόνον
918 4598 1284 4654 καταλιπόντα
1311 4596 1491 4656 αὐτοῖς
1511 4595 1586 4657 ὡς
1610 4594 1761 4647 κακός

1884 4599 2053 4669 gloria
2088 4617 2103 4667 ;
2139 4599 2220 4654 vel
2251 4599 2395 4668 quod
2421 4598 2475 4653 in
2506 4599 2817 4669 superbiam
2858 4601 3200 4669 efferrentur,
3231 4605 3277 4660 si
3312 4603 3463 4674 quod

126 4727 193 4763 τι
255 4697 612 4774 πρωτεῦον,
669 4695 767 4748 καὶ
802 4693 893 4747 τὸν
936 4692 1102 4746 τόπον
1145 4687 1364 4742 πάντων
1412 4683 1759 4757 ἀναπληροῦν

1885 4708 2074 4768 petunt
2130 4699 2522 4769 impetrarent;
2571 4698 2655 4753 vel
2695 4698 2982 4768 impetrato
3018 4706 3144 4750 veto
3173 4695 3389 4750 desides
3409 4703 3464 4774 ct

125 4801 336 4866 εἴπερ
365 4789 640 4856 τοιαύτην
667 4784 928 4855 κέκτηται
955 4782 1052 4853 τὴν
1076 4779 1299 4852 βλάϐην,
1321 4778 1396 4843 ὡς
1415 4779 1508 4832 καὶ
1534 4779 1594 4845 ἐξ
1617 4779 1761 4849 ούραι

1887 4791 2220 4862 negligentes
2243 4791 2457 4846 ﬁerent.
2495 4790 2652 4857 Quod
2683 4790 2957 4845 da-mones
2993 4797 3046 4842 et
3074 4786 3202 4840 vitia
3234 4785 3466 4841 subinde

123 4889 247 4950 νοῦ
278 4881 674 4948 κατενέγκαι.
719 4877 1088 4931 ’Δναλίσκεται
1119 4874 1222 4944 ὕλη
1265 4875 1398 4944 πυρὶ
1444 4872 1574 4943 θείῳ
1609 4872 1761 4924 δαπαι

1887 4897 1953 4937 ex
2006 4882 2186 4937 anima
2233 4883 2450 4948 cedant,
2514 4892 2568 4938 ct
2613 4883 2695 4936 vel
2717 4881 2782 4936 ad
2815 4890 3049 4949 tempus,
3083 4878 3240 4932 velin
3269 4892 3464 4947 perpe-

120 4980 418 5053 νωμένη
459 4972 600 5042 (52),
634 4972 728 5026 καὶ
763 4971 864 5041 τῆς
901 4968 1080 5040 ψυχῆς
1117 4965 1500 5040 ἐκριζουμὲνη.
1543 4966 1761 5035 Ὑποχω

1891 4983 2044 5028 tuum
2089 4973 2372 5029 nobiscum
2435 4973 2682 5028 inducias
2740 4971 2960 5034 faciant,
3011 4970 3214 5032 nullus,
3251 4968 3463 5037 opinor,

124 5076 334 5151 ροῧσι
381 5065 656 5134 δαίμονες
695 5061 979 5126 ἑκουσίως,
1027 5060 1402 5131 ἀμεριμνῆσαι
1438 5058 1761 5151 παρασκευά

1891 5065 2123 5121 dubitat.
2186 5065 2331 5131 Quot
2376 5074 2555 5120 autem
2592 5064 2772 5118 modis
2801 5063 3015 5117 illorum
3038 5075 3069 5114 a
3097 5059 3255 5114 nobis
3284 5073 3467 5114 reces-

120 5148 371 5236 ζοντες
420 5198 446 5224 ,
483 5154 579 5210 καὶ
601 5153 865 5224 αἰφνίδιον
894 5152 990 5223 τὴν
1008 5152 1200 5206 ἀθλίαν
1223 5151 1402 5221 ψυχὴν
1429 5149 1761 5220 ἁρπάζοντες

1893 5171 1985 5211 sus
2052 5156 2162 5218 fiat,
2214 5155 2466 5226 perpauci
2539 5164 2758 5209 norunt.
2829 5154 3187 5208 Recesserunt
3237 5148 3365 5204 vitia
3399 5163 3470 5204 ex

119 5263 246 5319 καὶ
302 5256 418 5315 εἰς
485 5249 653 5318 ἀκρον
697 5246 999 5315 ποιωθῆναι
1043 5246 1156 5308 τοῖς
1197 5245 1394 5298 πάθεσι
1440 5246 1761 5315 παρασκευά

1894 5249 2222 5320 quibusdam
2250 5263 2356 5302 non
2385 5247 2560 5302 solum
2595 5246 2960 5307 credentibus,
2992 5241 3085 5298 sed
3145 5241 3306 5296 etiam
3360 5256 3470 5296 non

121 5359 403 5421 ζοντες,
450 5341 532 5404 ὡς
574 5339 824 5392 ἐντεῦθεν
843 5337 1233 5391 αὐτεπίϐουλον
1265 5334 1431 5391 οὖσαν
1476 5337 1662 5390 λοιπὸν
1700 5354 1761 5390 κο

1895 5338 2262 5403 credentibus,
2294 5350 2518 5408 excepto
2556 5354 2687 5403 uno,
2715 5338 2858 5407 quod
2895 5337 2946 5389 in
2985 5332 3295 5387 hominibus
3337 5331 3470 5386 reli-

122 5431 636 5502 αὐτοπολέμιον.
699 5424 832 5481 Οἶδα
896 5427 996 5479 καὶ
1061 5426 1227 5496 ἀλλην
1284 5425 1630 5496 ὑποχώρησιν
1685 5423 1761 5476 τῶ

1896 5442 2154 5503 querunt,
2192 5441 2251 5485 ut
2281 5446 2345 5484 ex
2377 5429 2632 5484 omnibus
2660 5427 2807 5481 vitiis
2870 5424 3100 5494 capitale
3148 5431 3467 5476 creterornm

119 5533 400 5608 θηριων
456 5519 602 5592 μετά
644 5520 708 5572 τὸ
737 5517 958 5581 τελείως
990 5517 1276 5586 συνηθίσαι
1317 5517 1414 5586 τὴν
1453 5515 1628 5584 ψυχὴν
1659 5517 1761 5585 (55:

1899 5524 2140 5579 omnimn
2202 5525 2368 5576 vicem
2423 5531 2476 5576 et
2539 5521 2715 5574 locum
2775 5518 3039 5587 impleret,
3106 5515 3325 5584 quando
3360 5523 3469 5566 tam

266 5618 636 5685 ὑπόδειγμα
658 5614 751 5667 τοῦ
777 5615 1065 5684 εἰρημένου
1085 5613 1150 5665 τὰ
1183 5612 1246 5680 νή
1260 5629 1370 5664 πια·
1405 5610 1539 5681 μετά
1563 5609 1670 5678 γὰρ
1699 5611 1761 5677 τὴ

1902 5613 2122 5668 noxium
2178 5623 2230 5666 et
2289 5612 2545 5682 pestilens
2602 5620 2705 5673 cst,
2742 5609 2988 5664 utetiam
3019 5621 3048 5660 e
3074 5605 3213 5660 caelo
3242 5603 3475 5668 dejicere

123 5717 432 5795 μακρὰν
470 5706 784 5775 συνήθειαν,
815 5706 908 5758 καὶ
942 5706 1110 5776 χωρὶς
1141 5704 1335 5774 μαζοῦ,
1361 5706 1424 5756 ὲκ
1452 5702 1560 5755 τῶν
1583 5701 1761 5754 οἰκείω

1903 5705 2092 5775 possit.
2154 5704 2475 5759 Absumitur
2523 5701 2748 5756 materia
2799 5701 2816 5769 (
2848 5697 3086 5767 peccati)
3117 5698 3236 5758 igne
3264 5694 3474 5750 caelesti

118 5783 501 5876 δακτύλων
529 5801 870 5870 θηλὰζουσιν.
900 5794 1028 5852 Οἶδα
1057 5801 1150 5853 καὶ
1186 5799 1438 5868 πέμπτην
1471 5799 1525 5849 ἐν
1559 5801 1621 5863 τῇ
1654 5797 1758 5864 diu):

1905 5798 2195 5866 exhausta,
2231 5805 2283 5850 ct
2332 5810 2393 5848 cx
2438 5795 2620 5848 anima
2650 5789 2910 5846 radicitus
2957 5785 3237 5842 convulsa.
3261 5783 3474 5840 Daemo-
