4216 6458
779 396 908 462 1027

2011 395 2412 459 SJOANNIS
2456 399 2762 458 CLIMACI

3891 404 4021 469 1028

773 521 868 558 nes
918 515 1109 573 sponte
1143 520 1202 559 se
1248 504 1577 566 subducunt,
1607 513 1664 557 ut
1701 517 1802 557 nos
1841 516 2065 557 securos
2106 503 2337 556 reddam

2455 506 2745 573 ἀπάθειαν,
2776 508 2858 562 ἔτι
2881 508 2942 574 ἐξ
2961 509 3261 580 ἁπλότητος
3291 511 3492 583 πολλῆς
3517 515 3612 566 καὶ
3641 514 3740 568 ἀκε
3751 511 4026 587 ραιότητος

777 604 832 648 rt
901 605 1121 664 repente
1176 595 1434 650 miseram
1496 595 1732 648 animam
1785 594 2059 658 invadant,
2094 594 2349 663 vitiisque

768 684 905 738 adeo
956 685 1215 738 atrociter
1275 693 1646 754 corrumpant,
1709 693 1768 738 ut
1813 684 1926 752 ipsa
1961 684 2064 738 sibi
2093 683 2349 753 deinceps

771 774 1058 829 insidietur
1103 785 1156 830 et
1209 775 1383 830 hostis
1411 775 1523 828 fiat.
1557 773 1692 828 Novi
1715 784 1769 830 et
1810 775 1970 828 aliam
2004 776 2196 829 harum
2237 774 2347 828 bel-

770 869 984 920 luarum
1033 883 1092 921 se
1142 867 1476 922 subducendi
1525 878 1721 930 artem,
1783 873 2135 934 posteaquam
2165 865 2348 920 anima

771 958 915 1012 vitiis
987 959 1201 1027 penitus
1265 959 1524 1014 assuevit.
1591 957 1923 1012 Documento
1987 957 2114 1012 dicti
2178 957 2348 1011 nostri

771 1057 932 1102 sunto
965 1049 1219 1113 infantes,
1241 1049 1334 1118 qui
1369 1059 1488 1116 post
1508 1049 1720 1118 longam
1747 1049 1970 1118 sugendi
1997 1049 2348 1104 consuetudi-

772 1156 894 1192 nem
935 1151 986 1193 et
1026 1140 1138 1208 jam
1180 1141 1380 1210 repulsi
1411 1140 1480 1194 ab
1532 1142 1693 1194 ubere
1752 1140 1962 1203 matris,
2016 1155 2144 1194 suos
2172 1140 2349 1194 adhuc

768 1229 964 1297 digitos
1019 1240 1244 1299 sugunt.
1293 1228 1410 1284 Non
1471 1231 1659 1299 ignoro
1708 1231 1955 1299 quintam
2007 1246 2225 1300 quoque
2279 1231 2332 1284 in

767 1321 953 1376 animo
991 1338 1021 1375 a
1063 1322 1560 1391 perturbationibus
1590 1323 1851 1390 quietem,
1887 1337 2010 1392 qua:
2060 1337 2127 1376 ex
2175 1323 2346 1377 multa

766 1417 1120 1496 simplicitate
1146 1417 1474 1488 laudataque
1509 1418 1816 1487 integritate
1861 1425 2026 1487 atque
2082 1416 2344 1472 innocen-

769 1509 844 1562 tia
870 1518 1086 1564 constat
1115 1528 1129 1564 :
1157 1509 1372 1564 Justum
1401 1511 1540 1564 enim
1567 1510 1897 1573 adiutorium
1925 1511 2006 1564 his
2028 1526 2060 1562 a
2096 1509 2344 1576 Domino,

765 1599 860 1667 qui
918 1599 1091 1654 salvos
1139 1601 1265 1668 facit
1307 1608 1473 1652 rectos
1532 1598 1686 1652 corde
1743 1598 1810 1663 ³⁷,
1845 1609 2026 1653 etnon
2053 1599 2347 1654 sentientes

766 1689 960 1744 liberat
1013 1706 1044 1745 a
1105 1690 1269 1762 3&6
1324 1689 1490 1743 malis
1529 1689 2007 1758 :quandoquidem
2039 1698 2092 1743 et
2114 1687 2347 1745 infantes

763 1781 912 1839 exuti
941 1782 1184 1836 vestibus
1225 1797 1284 1836 se
1319 1781 1495 1835 nudos
1523 1795 1646 1836 esse
1693 1796 1884 1851 parum
1937 1784 2196 1836 sentiunt.
2233 1781 2347 1835 Ma-

2450 599 2872 669 ὲπαινουμένους
2910 603 3296 674 συνισταμένη.
3317 607 3540 658 Δικαία
3575 607 3686 674 γὰρ
3717 609 3756 674 ἡ
3779 608 4026 672 βοήθεια

2448 684 2574 750 τοῖς
2626 689 2919 754 τοιούτοις
2977 691 3134 759 παρὰ
3186 691 3336 746 Θεοῦ
3379 693 3488 747 τοῦ
3534 693 3833 760 σώζοντος
3889 697 4026 764 τοὺς

2446 777 2642 844 εὐθεῖς
2671 779 2758 847 ζτῇ
2795 781 3028 849 καρδίᾳ,
3063 783 3160 835 καί
3209 784 3630 856 ἀνεπαισθήτους
3677 788 3877 850 αὐτοὺς
3922 787 4025 842 τῶν

2448 863 2634 916 κακῶν
2677 864 3110 932 ἀπαλλάττοντες
3139 883 3159 898 ·
3205 868 3366 940 εἴπερ
3420 871 3515 924 καί
3554 872 3623 926 τὰ
3660 874 3832 943 νήπια
3875 875 4026 928 ἐκδυ-

2451 950 2616 1006 θέντα
2642 953 2704 1006 οὐ
2739 955 2882 1008 πάνυ
2914 955 3274 1022 γινώσκουσι.
3299 959 3485 1012 Κακία
3505 961 3604 1029 μὲν
3635 960 3769 1031 (54),
3795 963 3830 1032 ἢ
3862 964 4026 1026 πάθος

2466 1043 2716 1110 φυσικῶς
2747 1048 2806 1098 έν
2833 1049 2902 1117 τῇ
2937 1048 3095 1115 φύσει
3120 1049 3182 1101 οὐ
3208 1049 3451 1117 πέφυκεν
3479 1053 3598 1104 ὀὐκ
3627 1051 3743 1105 ἔστι
3774 1053 3885 1123 γὰρ
3913 1071 4027 1106 κτι-

2451 1138 2582 1208 στὴς
2613 1139 2804 1193 παθῶν
2843 1142 2873 1194 ό
2907 1141 3038 1204 Θεός
3073 1157 3088 1171 ⁸
3123 1144 3316 1214 ἀρεταὶ
3351 1145 3412 1197 δὲ
3446 1145 3605 1214 φύσει
3627 1150 3723 1201 καὶ
3755 1149 3953 1201 πολλαὶ
3973 1149 4028 1202 ὲν

2450 1227 2581 1296 ἡμῖν
2605 1229 2734 1294 παρ’
2765 1230 2931 1283 αὐτοῦ
2961 1232 3270 1300 γεγόνασιν,
3302 1234 3364 1299 ἐξ
3384 1229 3460 1290 ὧν
3485 1238 3594 1290 εἰσι
3619 1239 3716 1292 καὶ
3740 1235 3904 1294 αὗται
3933 1256 4027 1291 σα-

2448 1319 2564 1385 φῶς
2583 1338 2596 1350 ·
2634 1321 2667 1389 ἡ
2715 1320 3073 1394 ἐλεημοσύνη,
3113 1325 3275 1397 εἴπερ
3302 1327 3397 1380 καὶ
3421 1328 3677 1400 Ἕλληνες
3709 1331 4028 1400 συμπαθοῦ-

2447 1427 2560 1464 σιν·
2593 1413 2626 1480 ἡ
2653 1413 2866 1482 ἀγάπη,
2894 1414 3052 1486 εἰπερ
3087 1417 3182 1470 καὶ
3208 1417 3283 1471 τά
3311 1419 3483 1488 ἄλογα
3508 1420 3623 1484 ζῶα
3653 1421 3913 1484 πολλάκις
3940 1423 4030 1476 ἐπὶ

2445 1504 2510 1572 τῇ
2550 1505 2799 1574 στερήσει
2822 1504 3066 1576 ἀλλήλων
3103 1510 3427 1580 ἐδάκρυσαν.
3467 1510 3532 1564 Ἦ
3570 1512 3752 1576 πίστις
3774 1531 3787 1543 ·
3829 1514 4028 1583 πάντες

2445 1594 2554 1666 γάρ
2577 1593 2636 1659 ἐξ
2664 1596 2877 1652 ἑαυτῶν
2903 1598 3109 1670 ταύτην
3143 1602 3530 1672 ἀποτίκτομενο
3574 1604 3746 1672 ἐλπὶς,
3789 1606 3915 1657 ἐπεὶ
3938 1606 4030 1658 καὶ

2445 1686 2834 1758 δανειζόμενοι,
2849 1691 2944 1744 καὶ
2963 1692 3237 1758 πλέοντες,
3256 1695 3352 1749 καὶ
3382 1696 3695 1766 σπείροντες
3728 1697 4028 1768 πλουτῆσαι

2446 1780 2762 1851 ἐλπίζομεν.

763 1873 878 1928 litia
923 1883 977 1929 et
1026 1877 1154 1931 vitia
1179 1876 1495 1930 naturaliter
1519 1874 1573 1928 in
1609 1885 1804 1930 natura
1856 1890 1964 1930 non
2035 1885 2183 1940 sunt,
2251 1889 2427 1946 neque
2462 1875 2602 1930 Deus
2646 1878 2902 1932 vitiorum
2955 1891 3145 1937 auctor
3202 1892 3305 1938 est.
3346 1881 3585 1940 Virtutrs
3616 1896 3796 1940 autem
3833 1895 4028 1941 natura

763 1965 948 2019 multa:
978 1968 1134 2022 nobis
1156 1967 1224 2021 ab
1254 1966 1344 2020 illo
1373 1964 1552 2019 indita:
1577 1977 1724 2031 sunt,
1759 1979 1827 2019 ex
1885 1966 2085 2035 quibus
2142 1966 2260 2019 ista:
2307 1964 2591 2019 manifeste
2623 1975 2754 2020 sunt
2805 1982 2820 2019 :
2854 1966 3248 2034 Misericordia,
3281 1971 3501 2040 quando
3551 1971 3642 2025 illa
3694 1981 3750 2026 et
3803 1987 4030 2042 pagana:

762 2068 950 2130 gentes
989 2067 1283 2126 tanguntur
1313 2074 1328 2111 :
1354 2056 1611 2121 cbaritas,
1652 2057 1698 2112 si
1731 2055 1946 2124 quidem
2007 2071 2111 2109 non
2154 2070 2275 2109 raro
2325 2063 2380 2108 et
2413 2054 2585 2108 bruta:
2615 2055 2922 2114 animantes
2953 2060 3100 2127 quod
3138 2060 3348 2114 orbata!
3401 2070 3587 2114 essent
3640 2059 3694 2132 [ιι
3733 2077 3794 2115 se
3837 2065 4030 2116 mutu0

760 2147 988 2202 divulsa:
1026 2146 1082 2218 ],
1131 2146 1441 2216 lacrymatze
1504 2153 1650 2200 sunt.
1707 2144 1888 2208 Fides,
1944 2159 2136 2250 om‘pes
2178 2144 2342 2242 inim
2384 2143 2527 2198 banc
2583 2160 2648 2199 ex
2711 2147 2872 2203 nobis
2909 2148 3045 2218 ipsis
3081 2151 3473 2221 progignimus.
3508 2151 3662 2222 Spes,
3712 2167 3840 2206 nam
3903 2169 4027 2208 cum

762 2251 1012 2297 mutuum
1078 2241 1377 2311 accipimus
1434 2249 1530 2294 aut
1580 2239 1795 2306 damus,
1830 2248 1884 2292 et
1928 2239 2269 2310 navigamus,
2306 2247 2361 2339 ν
2399 2239 2651 2301 serimus,
2708 2256 2991 2312 speramus
3047 2244 3290 2299 futurum
3319 2256 3380 2302 ut
3426 2246 3774 2302 ditcscamus.

826 2333 968 2390 Cum
1021 2349 1173 2402 ergo,
1228 2334 1304 2388 uti
1360 2334 1792 2387 demonstratum
1833 2343 1938 2398 est,
1971 2333 2211 2387 cbaritas
2239 2332 2334 2384 na;

2509 2332 2572 2384 Ei
2617 2333 2819 2398 τοίνυν,
2868 2336 2948 2400 ὡς
2992 2336 3392 2402 ἀποδέδεικται,
3435 2342 3471 2410 ὴ
3515 2339 3704 2410 ἀγάπη
3735 2341 3904 2409 φύσει
3935 2341 4030 2394 καὶ

758 2432 880 2480 tura
937 2423 1222 2493 virtusque
1258 2422 1418 2477 nobis
1477 2423 1641 2477 insita
1704 2423 1794 2489 sit,
1823 2431 1876 2477 et
1906 2423 2022 2477 haec
2059 2422 2337 2503 vinculum

758 2515 891 2585 legis
951 2522 1116 2583 atque
1189 2512 1448 2582 perfectio
1498 2513 1588 2576 sit,
1639 2513 1876 2582 perfecto
1901 2530 2005 2568 non
2045 2515 2232 2582 procul
2269 2513 2338 2567 ab

759 2617 958 2660 natura
998 2606 1199 2660 absunt
1235 2604 1460 2659 virtutes
1492 2605 1620 2676 [non
1666 2605 1858 2659 aliena:
1887 2615 2015 2659 sunt
2053 2620 2084 2659 a
2145 2613 2336 2658 natura

756 2696 1031 2770 virtutes],
1060 2705 1118 2751 ut
1181 2697 1375 2751 merito
1408 2697 1735 2751 erubescant
1765 2697 1801 2750 ii
1836 2697 1929 2766 qui
1977 2697 2029 2750 in
2072 2697 2334 2750 virtutum

752 2789 1147 2843 exercitatione
1177 2787 1598 2841 imbecillitatem
1623 2802 1777 2840 suam
1836 2795 2155 2855 prmtexunt.
2223 2783 2334 2839 Na-

755 2891 891 2936 turae
955 2883 1097 2936 vires
1158 2881 1425 2935 excedunt
1451 2880 1698 2944 castitas,
1743 2882 1834 2935 ira:
1868 2881 2116 2942 victoria,
2149 2880 2333 2932 Immi-

753 2975 900 3039 litas,
943 2976 1140 3039 oratio,
1179 2974 1399 3042 vigilite,
1421 2973 1714 3043 jejunium,
1747 2983 2006 3044 perpetua
2067 2989 2334 3042 compun-

752 3067 884 3121 ctio.
921 3065 996 3119 Ex
1029 3067 1094 3120 iis
1129 3067 1266 3120 alias
1298 3066 1566 3134 homines,
1605 3066 1740 3121 alias
1783 3066 1979 3136 angeli,
2036 3066 2172 3120 alias
2223 3066 2336 3134 ipse

757 3158 905 3213 Deus
935 3157 1171 3212 Verbum
1212 3158 1370 3211 docet
1399 3166 1452 3210 et
1474 3156 1722 3226 largitur.
1763 3156 1840 3210 Ex
1883 3156 2152 3210 malorum
2183 3170 2334 3210 com-

753 3251 1033 3318 paratione
1076 3249 1258 3302 mimis
1286 3247 1546 3302 et'levius
1593 3249 1899 3318 eligendum
1962 3257 2065 3304 est.
2133 3249 2334 3315 Quem-

751 3339 1041 3393 admodum
1099 3352 1242 3406 sarpe
1297 3338 1567 3404 usuvenit,
1627 3349 1685 3391 ut
1723 3340 1892 3393 nobis
1943 3339 2084 3392 inter
2144 3353 2333 3408 preces

751 3430 864 3483 Deo
927 3429 1311 3484 assistentibus
1361 3429 1631 3498 peregrini
1680 3429 1878 3484 fratres
1920 3429 1986 3483 ad
2019 3445 2118 3483 nos
2151 3429 2332 3483 diver-

751 3529 888 3580 tant,
958 3535 1082 3572 cum
1113 3534 1176 3573 ex
1207 3519 1426 3573 duobus
1465 3521 1784 3574 alterutrum
1824 3520 1985 3575 nobis
2020 3520 2332 3588 relinqueno

749 3613 877 3664 dum
921 3621 1025 3675 est,
1077 3617 1171 3665 aut
1221 3610 1666 3680 inter-rumpenda
1699 3611 1896 3678 oratio,
1925 3619 2020 3665 aut
2045 3611 2328 3680 religiosus

750 3701 916 3754 frater
975 3703 1180 3771 absque
1240 3702 1565 3755 salutatione
1597 3711 1649 3756 et
1684 3701 1923 3770 alloquio
1947 3701 2320 3765 dimittendus,

748 3801 803 3845 et
828 3792 1043 3845 tristitia
1064 3789 1408 3846 alliciendus.
1448 3791 1618 3861 Major
1642 3791 1889 3846 oratione
1922 3801 2006 3846 est
2034 3793 2270 3845 cliaritas
2304 3807 2319 3844 :

749 3885 838 3938 illa
861 3885 1006 3938 enim
1029 3883 1158 3953 quid
1197 3887 1465 3952 privatum
1495 3892 1596 3946 est,
1623 3884 1738 3937 haec
1761 3897 1941 3937 autem
1973 3899 2167 3937 omnes
2229 3898 2323 3952 ge-

749 3975 980 4028 neratim
1042 3976 1264 4029 virtutes
1319 3976 1716 4041 complectitur.
1771 3973 1885 4044 Ego
1941 3990 2065 4028 cum
2144 3975 2324 4030 adhuc

745 4067 930 4134 iunior
984 4080 1183 4132 essem,
1213 4065 1342 4118 olim
1386 4067 1658 4120 civitatem
1720 4076 1811 4120 aut
1837 4065 1996 4137 347
2034 4068 2210 4120 vicum
2243 4068 2327 4119 in-

747 4171 989 4226 gressus.
1039 4155 1166 4210 dum
1216 4156 1284 4210 ad
1337 4172 1578 4211 mensam
1612 4157 1856 4212 sederem
1896 4160 1965 4212 ab
1987 4158 2123 4227 gulae
2161 4158 2323 4213 simul

746 4251 801 4300 et
861 4261 1013 4300 vanae
1056 4247 1241 4316 gloriae
1280 4247 1702 4316 cogitationibus
1756 4258 2074 4317 occupatus,
2102 4258 2156 4303 et
2186 4249 2324 4319 gulae

748 4337 1008 4390 i'abientis
1070 4351 1168 4391 seu
1229 4336 1459 4391 furentis
1489 4337 1794 4407 improbam
1834 4338 2144 4408 progeniem
2179 4339 2323 4393 veri-

745 4434 857 4489 tus,
921 4423 1086 4478 malui
1117 4438 1268 4479 vanae
1294 4425 1480 4493 gloria:
1505 4427 1881 4481 succumbere.
1923 4425 2124 4481 Noram
2163 4443 2264 4498 ego
2292 4443 2322 4480 a

746 4515 890 4567 malo
941 4513 1146 4567 ventris
1201 4513 1379 4580 genio,
1435 4529 1586 4567 vana:
1615 4513 1801 4581 gloriae
1835 4513 2134 4566 daunonem
2167 4513 2324 4581 inju-

747 4605 974 4658 venibus
1031 4617 1371 4674 superatum,
1436 4615 1491 4659 et
1547 4619 1660 4658 non
1725 4605 2017 4659 immerito.
2080 4602 2218 4658 Nam
2265 4617 2324 4658 ut

745 4696 889 4764 apud
943 4710 1038 4751 eos
1087 4695 1182 4765 qui
1221 4694 1276 4750 in
1308 4697 1510 4751 saeculo
1549 4696 1773 4766 degunt,
1800 4695 2027 4750 avaritia
2056 4704 2139 4750 est
2169 4695 2322 4750 radix

743 4789 988 4843 omnium
1049 4789 1337 4854 malorum,
1399 4792 1470 4844 ita
1498 4791 1551 4844 in
1577 4792 1838 4861 religione
1869 4791 2014 4861 gula.
2049 4790 2322 4845 Laborant

745 4880 846 4933 viri
872 4881 1106 4950 religiosi
1130 4892 1184 4935 et
1207 4882 1517 4951 spirituales
1544 4883 1775 4937 subinde
1810 4883 2082 4951 permissu
2137 4883 2321 4936 divino

2440 2424 2610 2496 ἀρετὴ
2631 2426 2690 2478 έν
2709 2427 2843 2496 ἡμῖν
2867 2427 3196 2499 καθέστηκε,
3219 2404 3513 2501 σύνδεσμος
3743 2404 4028 2502 πλήρωμα.

2438 2513 2602 2582 νόμου
2633 2515 3018 2594 αὓτη,ρῠκοῠν
3050 2519 3112 2572 ού
3144 2519 3336 2591 πόρρω
3382 2521 3482 2590 τῆς
3506 2519 3721 2589 φύσεως
3743 2522 3802 2574 αἰ
3830 2522 4028 2592 ἀρεταὶ

2438 2605 2836 2678 καθεστήκασι,
2885 2610 2981 2662 καὶ
3040 2611 3465 2682 αἰσχυνθείησαν
3493 2613 3544 2664 οἰ
3579 2613 3886 2683 ἀδυναμίαν
3935 2615 4029 2668 ἐπὶ

2436 2697 2502 2765 τῇ
2528 2695 2734 2750 τούτων
2759 2699 2995 2771 ἐργασίᾳ
3021 2700 3471 2771 προσαλλόμενοι.
3529 2702 3707 2772 ’Υπὲρ
3753 2703 3922 2771 φύσιν
3968 2705 4030 2757 ἀ-

2435 2787 2612 2854 γνεία,
2643 2791 2940 2860 ἀοργησία,
2966 2792 3461 2862 ταπεινοφροσύνη,
3505 2792 3807 2864 προσευχὴ,
3853 2794 4029 2865 ἀγρυ-

2438 2877 2589 2942 πνία,
2617 2879 2866 2950 νηστεία,
2893 2879 3188 2946 κατάνυξις
3211 2882 3491 2954 διηνεκὴς.
3530 2882 3749 2936 Τούτων
3770 2884 3883 2937 τῶν
3928 2884 4023 2953 μὲι

2435 2968 2710 3041 ἄνθρωποι
2735 2971 2875 3042 (55),
2895 2972 3004 3026 τῶν
3033 2972 3091 3025 δὲ
3117 2973 3362 3041 ἄγγελοι,
3409 2973 3518 3028 τῶν
3547 2973 3604 3026 δὲ
3641 2973 3808 3036 αὐτὸς
3834 2975 3862 3026 ὁ
3891 2973 4029 3034 Θεὸς

2434 3059 2604 3127 Λόγος
2649 3060 2958 3132 καθέστηκε
3014 3062 3341 3125 διδάσκαλος
3390 3064 3484 3116 καὶ
3511 3062 3674 3133 δοτήρ
3698 3079 3713 3094 ο
3735 3063 4030 3132 συγκρίσει

2435 3150 2621 3203 κακῶν
2665 3151 2749 3203 δεῖ
2798 3153 2946 3220 ἡμᾶς
2993 3152 3055 3203 τὸ
3107 3152 3440 3222 κουφότερον
3498 3152 3849 3218 ἐκλέξασθαι.
3899 3147 4030 3206 υἷον

2434 3239 2696 3302 πολλάκις
2735 3242 2792 3293 ὲν
2848 3245 3127 3311 προσευχῇ
3184 3242 3610 3312 παρισταμένων
3655 3241 3840 3311 ἡμῶν,
3886 3244 4030 3314 πρὸς

2433 3329 2580 3397 ἡμᾶς
2605 3327 2826 3396 ἀδελφοὶ
2855 3328 3256 3398 παρεγένοντο’
3288 3329 3385 3381 καὶ
3410 3328 3554 3381 δυοῖν
3585 3328 3834 3399 θάτερον,
3863 3329 3901 3400 ἢ
3927 3331 4030 3400 τὴν

2432 3420 2742 3489 προσευχὴν
2774 3410 3122 3486 καταλιπεῖν,
3167 3419 3202 3489 ἦ
3245 3418 3339 3474 τὸν
3389 3419 3620 3488 ἀδελφὺν
3649 3420 4032 3491 ἁναπόκριτοι

2430 3509 2732 3562 ἀπελθόντα
2772 3510 3038 3580 λυπῆσαι.
3103 3509 3324 3574 Μείζων
3371 3512 3559 3582 ἀγάπη
3615 3514 3956 3583 προσευχῆς
3992 3513 4026 3584 ἡ

2433 3602 2532 3671 μὲν
2567 3603 2674 3671 γὰρ
2713 3619 2778 3671 με
2789 3602 2938 3673 ρικὴ,
2981 3604 3014 3672 ὴ
3035 3602 3094 3654 δὲ
3120 3603 3448 3672 περιεκτικὴ
3476 3602 3665 3656 πασῶν
3687 3601 4024 3674 καθέστηκε.

2431 3693 2606 3746 Πάλαι
2658 3696 2717 3747 ἐν
2759 3694 2913 3747 πόλει
2967 3695 3000 3763 ἢ
3057 3695 3219 3765 κώμῃ
3267 3695 3709 3766 παραγενόμενός
3739 3713 3899 3762 ποτε,
3943 3697 4027 3751 Ετι

2427 3786 2546 3848 νέος
2571 3784 2667 3848 ὢν,
2700 3784 2807 3839 ὑπὸ
2851 3785 3131 3855 λογισμῶν
3168 3789 3611 3857 γαστριμαργίας
3665 3788 3761 3839 καὶ
3803 3789 4029 3842 κενοδοο

2429 3874 2547 3938 ξίας
2599 3873 2940 3944 ὁμοθυμαδὸν
2980 3877 3074 3929 ἐπὶ
3111 3875 3397 3948 τραπέζης
3439 3877 3746 3947 καθήμενος
3791 3880 4027 3950 κατελή-

2428 3965 2589 4036 φθην,
2648 3966 2742 4019 καὶ
2796 3969 2977 4067 μέντοι
3025 3969 3126 4037 τὴν
3161 3968 3426 4036 ἀπόγονον
3477 3970 3576 4038 τῆς
3635 3970 4026 4038 κοιλιομανίας

2426 4057 2684 4122 δεδοικὼς
2720 4057 2876 4130 (ὅθ),
2905 4062 2971 4129 τῇ
3027 4060 3305 4129 κενοδοξία
3357 4059 3596 4131 ἡττήθην
3645 4061 3873 4130 μᾶλλον.
3926 4063 4025 4114 Ἐ-

2426 4165 2571 4218 γνων
2595 4147 2706 4217 ἐγὼ
2734 4148 2826 4202 τὸν
2853 4149 2951 4217 τῆς
2983 4149 3430 4221 γαστριμαργίας
3465 4149 3696 4218 δαίμονα
3726 4149 4023 4213 πολλάκις.

2427 4243 2518 4296 τὸν
2576 4243 2676 4310 τῆς
2720 4241 3025 4306 κενοδοξίας
3063 4242 3371 4312 νικήσαντα
3407 4243 3465 4293 ἐν
3505 4244 3618 4303 τοῖς
3668 4239 3812 4302 νέοις
3842 4255 3859 4266 ⁸
3925 4240 4026 4294 καὶ

2427 4333 2652 4396 εἰκότως
2683 4332 2795 4400 (57)
2819 4345 2833 4359 ’
2870 4331 3023 4401 παρά
3044 4331 3144 4400 μὲν
3170 4334 3284 4394 τοῖς
3316 4334 3374 4384 ὲν
3412 4332 3603 4402 κόσμῳ
3636 4331 3765 4400 ῥίζα
3789 4332 4026 4386 πάντων

2424 4423 2533 4478 τῶν
2557 4425 2740 4478 κακῶν
2765 4427 2798 4494 ἡ
2824 4422 3180 4494 φιλαργυρία,
3198 4423 3349 4494 παρά
3376 4423 3432 4476 δὲ
3455 4425 3708 4492 μοναχοῖς
3728 4423 3763 4492 ἡ
3788 4440 4026 4494 γαστρι-

2428 4511 2654 4584 μαργία’
2668 4511 2783 4563 ἐστι
2797 4510 2950 4580 παρά
2971 4513 3081 4571 τοῖς
3095 4511 3480 4579 πνευματικοῖς
3497 4509 3756 4570 πολλάκις
3773 4511 3904 4562 τινὰ
3928 4513 4025 4563 εὑ-

2423 4603 2718 4656 τελέστατα
2755 4601 2902 4671 πάθη
2939 4603 3003 4654 ὲκ
3031 4600 3168 4653 Θεοῦ
3202 4600 3560 4670 οἰκονομικῶς
3596 4600 4027 4672 καταλιμπανὸο

2427 4711 2582 4764 μενα-
2612 4695 2696 4746 ἵνα
2713 4692 2780 4744 δι’
2797 4691 3030 4745 εὐτελῶν
3049 4708 3233 4755 τινων,
3255 4694 3350 4744 καὶ
3363 4693 3764 4763 ἀναμαρτήτων
3781 4695 4025 4759 ἑαυτοὺς

2423 4784 2543 4837 λίαν
2580 4783 3086 4854 καταμεμφόμενοι,
3140 4782 3368 4835 πλοῦτον
3403 4783 3600 4837 ἄσυλον
3642 4799 4024 4855 ταπεινοφρο-

2426 4883 2591 4949 σύνης
2622 4883 2959 4949 κτήσωνταιο
2985 4879 3089 4931 οὐκ
3117 4878 3234 4931 ἐστι
3257 4880 3317 4933 έν
3332 4880 3643 4950 προοιμίοις
3669 4878 4026 4932 ταπείνωσιν

743 4970 795 5022 vi
826 4969 892 5024 iis
929 4973 1274 5040 quibusdam,
1319 4972 1412 5028 sed
1449 4972 1763 5034 levissimis,
1806 4982 1867 5026 ut
1918 4981 2136 5040 propter
2182 4973 2321 5026 levia

2432 4971 2730 5042 κτήσασθαι
2773 4970 3162 5032 ἀνυποτάκτως
3210 4970 3464 5039 διάγοντα
3516 4971 3650 5041 (58),
3685 4970 3852 5040 εἴπερ
3910 4973 4027 5032 πᾶς

743 5062 990 5131 qutedam
1057 5078 1157 5117 nec
1197 5063 1362 5117 Deum
1401 5064 1747 5128 oﬂ‘endentia,
1789 5065 1999 5134 seipsos
2024 5064 2176 5119 valde
2211 5067 2322 5119 cul-

2429 5068 2457 5117 ὁ
2487 5061 2811 5134 ἰδιορύθμως
2839 5060 3038 5130 τέχνην
3078 5060 3420 5130 μεμαθηκὼς
3452 5062 3812 5129 φαντάζεται.

744 5161 892 5221 pent,
929 5161 982 5206 et
1037 5153 1252 5206 interim
1317 5154 1638 5209 humilitatis
1680 5155 1995 5209 thesaurum
2066 5155 2229 5209 nullis
2275 5155 2623 5226 praedonibus
2689 5151 2998 5220 expositum
3066 5160 3401 5220 comparent.
3451 5150 3594 5205 Fieri
3647 5169 3758 5207 non
3829 5167 4026 5224 potest

745 5257 803 5300 ιιι
834 5247 878 5300 is
900 5246 990 5313 qui
1017 5244 1254 5298 nondum
1277 5245 1377 5300 sub
1404 5246 1722 5300 obcdientia:
1761 5246 1892 5316 jugo
1956 5247 2106 5311 vixit,
2159 5249 2342 5303 statim
2417 5251 2469 5303 in
2525 5244 2794 5314 religiosa:
2851 5244 2973 5295 vitae
3029 5241 3257 5295 exordio
3285 5242 3508 5298 humilis
3534 5244 3672 5309 fiat;
3731 5247 4019 5314 siquidem

743 5339 904 5392 etiam
945 5339 1259 5406 quicunque
1294 5349 1485 5408 suopte
1509 5351 1640 5394 nutu
1676 5349 1846 5394 artem
1886 5340 2124 5408 aliquam
2162 5341 2438 5408 addidicit,
2501 5355 2674 5407 nugas
2744 5340 2856 5408 agit
2920 5346 2976 5390 et
3009 5337 3232 5392 umbras
3257 5348 3309 5391 et
3370 5339 3550 5393 larvas
3591 5341 3866 5408 sequitur.

818 5429 1035 5482 Duabus
1086 5428 1260 5497 iisque
1323 5431 1554 5484 maxime
1607 5431 1986 5486 communibus
2019 5432 2313 5486 virtutibus

744 5531 923 5588 patres
948 5536 1163 5575 omnem
1194 5521 1356 5574 vitam
1389 5523 1679 5592 practicam
1704 5540 1799 5577 seu
1827 5539 1948 5592 quae
1996 5523 2050 5576 in
2113 5525 2319 5593 agendo

747 5624 1010 5675 versatur,
1083 5614 1427 5675 definierunt,
1490 5633 1588 5670 nec
1653 5617 1922 5670 immerito
1981 5633 2131 5672 sane.
2193 5616 2314 5670 ||.rc

884 5787 1022 5846 Psal.
1059 5805 1156 5854 \‘ll,
1190 5791 1237 5824 "

2511 5433 2598 5483 Ἐν
2632 5429 2783 5482 δυσὶν
2820 5427 3060 5490 ἁπάσαις
3086 5430 3475 5496 γενικωτάταις
3503 5433 3728 5500 ἀρεταῖς
3757 5434 3808 5485 οἱ
3844 5436 4022 5488 nats-

2428 5541 2519 5594 ρες
2569 5521 2667 5592 τὴν
2714 5518 3023 5590 πρακτικὴν
3055 5518 3355 5589 ὁρίζονται,
3392 5523 3483 5575 καὶ
3520 5522 3768 5586 εἰκότως.
3807 5526 3877 5578 Ὶι
3917 5530 4020 5596 μὲν

2427 5618 2534 5688 γὰρ
2581 5616 2901 5686 ἀναιρετικὴ
2945 5616 3052 5670 τῶν
3088 5616 3295 5686 ἡδονῶν
3327 5617 3662 5686 καθέστηκεν
3691 5637 3704 5649 ο
3742 5621 3776 5688 ἡ
3818 5621 3882 5674 δὲ
3916 5623 4020 5693 τὴν
