  <div class='ocr_page' id='page_1' title='image "/cluster/home/n/w/nwhite01/storage/ocr_20150623/88/nnc1.0046980237/524.png"; bbox 0 0 4216 6458; ppageno 0'>
   <div class='ocr_carea' id='block_1_1' title="bbox 147 529 275 590">
    <p class='ocr_par' dir='ltr' id='par_1_1' title="bbox 147 529 275 590">
     <span class='ocr_line' id='line_1_1' title="bbox 147 529 275 590; baseline 0 -1"><span class='ocrx_word' id='word_1_1' title='bbox 147 529 275 590; x_wconf 74' lang='lat'><strong>1029</strong></span> 
     </span>
    </p>
   </div>
   <div class='ocr_carea' id='block_1_2' title="bbox 1083 512 2411 579">
    <p class='ocr_par' dir='ltr' id='par_1_2' title="bbox 1083 512 2411 579">
     <span class='ocr_line' id='line_1_2' title="bbox 1083 512 2411 579; baseline -0.007 -2"><span class='ocrx_word' id='word_1_2' title='bbox 1083 522 1306 579; x_wconf 65' lang='lat' dir='ltr'><strong>SC.\I..\</strong></span> <span class='ocrx_word' id='word_1_3' title='bbox 1335 516 1721 576; x_wconf 57' lang='lat' dir='ltr'><strong>’l&#39;.\|l.\lll.\&#39;l.</strong></span> <span class='ocrx_word' id='word_1_4' title='bbox 1766 537 1826 547; x_wconf 85' lang='grc'><strong>-·</strong></span> <span class='ocrx_word' id='word_1_5' title='bbox 1871 512 2176 570; x_wconf 59' lang='lat' dir='ltr'><strong>Gllllllfh‘</strong></span> <span class='ocrx_word' id='word_1_6' title='bbox 2213 513 2411 570; x_wconf 70' lang='lat' dir='ltr'><strong>XXH.</strong></span> 
     </span>
    </p>
   </div>
   <div class='ocr_carea' id='block_1_3' title="bbox 3228 483 3358 570">
    <p class='ocr_par' dir='ltr' id='par_1_3' title="bbox 3228 483 3358 570">
     <span class='ocr_line' id='line_1_3' title="bbox 3228 483 3358 570; baseline -0.023 0"><span class='ocrx_word' id='word_1_7' title='bbox 3228 483 3358 570; x_wconf 76' lang='lat'><strong>1030</strong></span> 
     </span>
    </p>
   </div>
   <div class='ocr_carea' id='block_1_4' title="bbox 138 624 1726 706">
    <p class='ocr_par' dir='ltr' id='par_1_4' title="bbox 138 627 1695 706">
     <span class='ocr_line' id='line_1_4' title="bbox 138 627 1695 706; baseline -0.008 -17"><span class='ocrx_word' id='word_1_8' title='bbox 138 639 408 706; x_wconf 69' lang='grc' dir='ltr'>ἀναίρεσιν</span> <span class='ocrx_word' id='word_1_9' title='bbox 440 633 905 703; x_wconf 68' lang='grc' dir='ltr'>ταπεινοφροσύνῃ</span> <span class='ocrx_word' id='word_1_10' title='bbox 931 630 1388 700; x_wconf 74' lang='grc' dir='ltr'>κατησφαλίςατο.</span> <span class='ocrx_word' id='word_1_11' title='bbox 1420 628 1515 679; x_wconf 71' lang='grc' dir='ltr'><strong>Διὰ</strong></span> <span class='ocrx_word' id='word_1_12' title='bbox 1538 627 1695 677; x_wconf 73' lang='grc' dir='ltr'>τοῦτο</span> 
     </span>
    </p>
   </div>
   <div class='ocr_carea' id='block_1_5' title="bbox 1820 624 3359 706">
    <p class='ocr_par' dir='ltr' id='par_1_5' title="bbox 1820 624 3359 691">
     <span class='ocr_line' id='line_1_5' title="bbox 1820 624 3359 691; baseline 0.001 -18"><span class='ocrx_word' id='word_1_13' title='bbox 1820 625 1941 675; x_wconf 83' lang='lat' dir='ltr'><strong>:uim</strong></span> <span class='ocrx_word' id='word_1_14' title='bbox 1979 624 2282 690; x_wconf 79' lang='lat' dir='ltr'><strong>voluptates</strong></span> <span class='ocrx_word' id='word_1_15' title='bbox 2317 625 2474 688; x_wconf 90' lang='lat' dir='ltr'><strong>tollit,</strong></span> <span class='ocrx_word' id='word_1_16' title='bbox 2508 624 2672 676; x_wconf 85' lang='lat' dir='ltr'><strong>altera</strong></span> <span class='ocrx_word' id='word_1_17' title='bbox 2716 638 2809 675; x_wconf 86' lang='lat' dir='ltr'><strong>seu</strong></span> <span class='ocrx_word' id='word_1_18' title='bbox 2872 624 3166 684; x_wconf 84' lang='lat' dir='ltr'><strong>humilitas,</strong></span> <span class='ocrx_word' id='word_1_19' title='bbox 3216 624 3359 691; x_wconf 87' lang='lat' dir='ltr'><strong>quod</strong></span> 
     </span>
    </p>
   </div>
   <div class='ocr_carea' id='block_1_6' title="bbox 137 713 1692 789">
    <p class='ocr_par' dir='ltr' id='par_1_6' title="bbox 137 713 1692 789">
     <span class='ocr_line' id='line_1_6' title="bbox 137 713 1692 789; baseline -0.01 -12"><span class='ocrx_word' id='word_1_20' title='bbox 137 727 193 777; x_wconf 77' lang='grc' dir='ltr'>τὺ</span> <span class='ocrx_word' id='word_1_21' title='bbox 236 724 426 786; x_wconf 81' lang='grc' dir='ltr'><strong>πένθος</strong></span> <span class='ocrx_word' id='word_1_22' title='bbox 475 722 713 786; x_wconf 78' lang='grc' dir='ltr'>διπλοῦν,</span> <span class='ocrx_word' id='word_1_23' title='bbox 768 721 843 782; x_wconf 87' lang='grc' dir='ltr'>ὼς</span> <span class='ocrx_word' id='word_1_24' title='bbox 888 722 984 789; x_wconf 79' lang='grc' dir='ltr'>τῆς</span> <span class='ocrx_word' id='word_1_25' title='bbox 1031 718 1300 787; x_wconf 72' lang='grc' dir='ltr'>ἁμαρτίας</span> <span class='ocrx_word' id='word_1_26' title='bbox 1335 713 1692 781; x_wconf 69' lang='grc' dir='ltr'>ἀναιρετικὸν,</span> 
     </span>
    </p>
   </div>
   <div class='ocr_carea' id='block_1_7' title="bbox 138 804 1692 882">
    <p class='ocr_par' dir='ltr' id='par_1_7' title="bbox 138 804 1692 882">
     <span class='ocr_line' id='line_1_7' title="bbox 138 804 1692 882; baseline -0.01 -15"><span class='ocrx_word' id='word_1_27' title='bbox 138 816 228 866; x_wconf 76' lang='grc' dir='ltr'>καὶ</span> <span class='ocrx_word' id='word_1_28' title='bbox 275 817 372 882; x_wconf 76' lang='grc' dir='ltr'><strong>τῆς</strong></span> <span class='ocrx_word' id='word_1_29' title='bbox 396 810 889 880; x_wconf 76' lang='grc' dir='ltr'><strong>ταπεινοφροσύνης</strong></span> <span class='ocrx_word' id='word_1_30' title='bbox 934 807 1211 876; x_wconf 85' lang='grc' dir='ltr'>ποιητικόν</span> <span class='ocrx_word' id='word_1_31' title='bbox 1239 820 1251 833; x_wconf 91' lang='grc'><strong>·</strong></span> <span class='ocrx_word' id='word_1_32' title='bbox 1297 804 1533 856; x_wconf 72' lang='grc' dir='ltr'>εὐσεϐῶν</span> <span class='ocrx_word' id='word_1_33' title='bbox 1576 804 1692 871; x_wconf 73' lang='grc' dir='ltr'>μὲν,</span> 
     </span>
    </p>
   </div>
   <div class='ocr_carea' id='block_1_8' title="bbox 138 884 1719 974">
    <p class='ocr_par' dir='ltr' id='par_1_8' title="bbox 138 884 1719 974">
     <span class='ocr_line' id='line_1_8' title="bbox 138 884 1719 974; baseline -0.007 -23"><span class='ocrx_word' id='word_1_34' title='bbox 138 898 195 951; x_wconf 82' lang='grc' dir='ltr'>τὸ</span> <span class='ocrx_word' id='word_1_35' title='bbox 228 899 387 952; x_wconf 80' lang='grc' dir='ltr'>παντὶ</span> <span class='ocrx_word' id='word_1_36' title='bbox 426 898 660 949; x_wconf 80' lang='grc' dir='ltr'>αἰτοῦντι</span> <span class='ocrx_word' id='word_1_37' title='bbox 701 896 896 948; x_wconf 84' lang='grc' dir='ltr'><strong>διδόναι</strong></span> <span class='ocrx_word' id='word_1_38' title='bbox 928 894 1061 963; x_wconf 81' lang='lat'><strong>(59),</strong></span> <span class='ocrx_word' id='word_1_39' title='bbox 1091 892 1491 959; x_wconf 75' lang='grc' dir='ltr'>εὐσεϐεστέρων</span> <span class='ocrx_word' id='word_1_40' title='bbox 1521 890 1577 941; x_wconf 80' lang='grc' dir='ltr'>δὲ</span> <span class='ocrx_word' id='word_1_41' title='bbox 1606 884 1719 974; x_wconf 53' lang='grc' dir='ltr'>καῖ</span> 
     </span>
    </p>
   </div>
   <div class='ocr_carea' id='block_1_9' title="bbox 142 980 1696 1055">
    <p class='ocr_par' dir='ltr' id='par_1_9' title="bbox 142 980 1696 1055">
     <span class='ocr_line' id='line_1_9' title="bbox 142 980 1696 1055; baseline -0.006 -17"><span class='ocrx_word' id='word_1_42' title='bbox 142 985 213 1055; x_wconf 77' lang='grc' dir='ltr'>τῷ</span> <span class='ocrx_word' id='word_1_43' title='bbox 244 988 316 1055; x_wconf 81' lang='grc' dir='ltr'>μὴ</span> <span class='ocrx_word' id='word_1_44' title='bbox 346 986 603 1039; x_wconf 86' lang='grc' dir='ltr'>αἰτοῦντι.</span> <span class='ocrx_word' id='word_1_45' title='bbox 632 986 715 1039; x_wconf 65' lang='grc' dir='ltr'><strong>Τὰ</strong></span> <span class='ocrx_word' id='word_1_46' title='bbox 730 984 785 1037; x_wconf 80' lang='grc' dir='ltr'>δὲ</span> <span class='ocrx_word' id='word_1_47' title='bbox 816 986 923 1038; x_wconf 84' lang='grc' dir='ltr'><strong>ἀπὸ</strong></span> <span class='ocrx_word' id='word_1_48' title='bbox 954 981 1049 1035; x_wconf 81' lang='grc' dir='ltr'><strong>τοῦ</strong></span> <span class='ocrx_word' id='word_1_49' title='bbox 1084 985 1326 1051; x_wconf 80' lang='grc' dir='ltr'>αἰροντος</span> <span class='ocrx_word' id='word_1_50' title='bbox 1359 980 1696 1050; x_wconf 80' lang='grc' dir='ltr'>μὴὰπαιτεῖν</span> 
     </span>
    </p>
   </div>
   <div class='ocr_carea' id='block_1_10' title="bbox 137 1069 1697 1146">
    <p class='ocr_par' dir='ltr' id='par_1_10' title="bbox 137 1069 1697 1146">
     <span class='ocr_line' id='line_1_10' title="bbox 137 1069 1697 1146; baseline -0.006 -19"><span class='ocrx_word' id='word_1_51' title='bbox 137 1077 461 1146; x_wconf 80' lang='grc' dir='ltr'><strong>δυναμένους</strong></span> <span class='ocrx_word' id='word_1_52' title='bbox 490 1077 740 1146; x_wconf 85' lang='grc' dir='ltr'>μάλιστα,</span> <span class='ocrx_word' id='word_1_53' title='bbox 783 1075 921 1144; x_wconf 86' lang='grc' dir='ltr'>τάχα</span> <span class='ocrx_word' id='word_1_54' title='bbox 966 1074 1074 1126; x_wconf 85' lang='grc' dir='ltr'><strong>τῶν</strong></span> <span class='ocrx_word' id='word_1_55' title='bbox 1119 1072 1345 1127; x_wconf 79' lang='grc' dir='ltr'>ἀπαθῶν</span> <span class='ocrx_word' id='word_1_56' title='bbox 1394 1070 1485 1122; x_wconf 74' lang='grc' dir='ltr'><strong>καὶ</strong></span> <span class='ocrx_word' id='word_1_57' title='bbox 1521 1069 1697 1137; x_wconf 84' lang='grc' dir='ltr'>μόνων</span> 
     </span>
    </p>
   </div>
   <div class='ocr_carea' id='block_1_11' title="bbox 139 1167 657 1235">
    <p class='ocr_par' dir='ltr' id='par_1_11' title="bbox 139 1167 657 1235">
     <span class='ocr_line' id='line_1_11' title="bbox 139 1167 657 1235; baseline 0.008 -18"><span class='ocrx_word' id='word_1_58' title='bbox 139 1168 268 1220; x_wconf 73' lang='grc' dir='ltr'>ἴδιον</span> <span class='ocrx_word' id='word_1_59' title='bbox 301 1167 657 1235; x_wconf 78' lang='grc' dir='ltr'>καθέστηκεν.</span> 
     </span>
    </p>
   </div>
   <div class='ocr_carea' id='block_1_12' title="bbox 1804 714 3362 783">
    <p class='ocr_par' dir='ltr' id='par_1_12' title="bbox 1804 714 3362 783">
     <span class='ocr_line' id='line_1_12' title="bbox 1804 714 3362 783; baseline 0.002 -21"><span class='ocrx_word' id='word_1_60' title='bbox 1804 716 1950 782; x_wconf 73' lang='grc' dir='ltr'>ῃιιυι·</span> <span class='ocrx_word' id='word_1_61' title='bbox 2005 715 2147 775; x_wconf 74' lang='lat' dir='ltr'><strong>fecit,</strong></span> <span class='ocrx_word' id='word_1_62' title='bbox 2193 716 2500 774; x_wconf 84' lang='lat' dir='ltr'><strong>confirmat,</strong></span> <span class='ocrx_word' id='word_1_63' title='bbox 2571 731 2667 768; x_wconf 88' lang='lat' dir='ltr'><strong>nec</strong></span> <span class='ocrx_word' id='word_1_64' title='bbox 2703 716 3004 783; x_wconf 81' lang='lat' dir='ltr'><strong>voluptates</strong></span> <span class='ocrx_word' id='word_1_65' title='bbox 3039 714 3362 782; x_wconf 81' lang='lat' dir='ltr'><strong>repullularc</strong></span> 
     </span>
    </p>
   </div>
   <div class='ocr_carea' id='block_1_13' title="bbox 1803 803 3360 872">
    <p class='ocr_par' dir='ltr' id='par_1_13' title="bbox 1803 803 3360 872">
     <span class='ocr_line' id='line_1_13' title="bbox 1803 803 3360 872; baseline 0 -15"><span class='ocrx_word' id='word_1_66' title='bbox 1803 804 1951 857; x_wconf 92' lang='lat' dir='ltr'><strong>sinit.</strong></span> <span class='ocrx_word' id='word_1_67' title='bbox 1983 804 2244 867; x_wconf 79' lang='lat' dir='ltr'><strong>Quocirca</strong></span> <span class='ocrx_word' id='word_1_68' title='bbox 2278 814 2332 858; x_wconf 88' lang='lat' dir='ltr'><strong>et</strong></span> <span class='ocrx_word' id='word_1_69' title='bbox 2361 805 2536 858; x_wconf 80' lang='lat' dir='ltr'><strong>luctus</strong></span> <span class='ocrx_word' id='word_1_70' title='bbox 2564 805 2828 872; x_wconf 93' lang='lat' dir='ltr'><strong>duplicem</strong></span> <span class='ocrx_word' id='word_1_71' title='bbox 2861 806 2963 857; x_wconf 82' lang='lat' dir='ltr'><strong>vim</strong></span> <span class='ocrx_word' id='word_1_72' title='bbox 2998 806 3176 869; x_wconf 90' lang='lat' dir='ltr'><strong>habet,</strong></span> <span class='ocrx_word' id='word_1_73' title='bbox 3218 803 3360 872; x_wconf 85' lang='lat' dir='ltr'><strong>quod</strong></span> 
     </span>
    </p>
   </div>
   <div class='ocr_carea' id='block_1_14' title="bbox 1802 895 3364 965">
    <p class='ocr_par' dir='ltr' id='par_1_14' title="bbox 1802 895 3364 965">
     <span class='ocr_line' id='line_1_14' title="bbox 1802 895 3364 965; baseline 0.001 -17"><span class='ocrx_word' id='word_1_74' title='bbox 1802 905 2080 965; x_wconf 86' lang='lat' dir='ltr'><strong>peccatum</strong></span> <span class='ocrx_word' id='word_1_75' title='bbox 2138 896 2333 958; x_wconf 84' lang='lat' dir='ltr'><strong>deleat,</strong></span> <span class='ocrx_word' id='word_1_76' title='bbox 2402 905 2454 948; x_wconf 90' lang='lat' dir='ltr'><strong>et</strong></span> <span class='ocrx_word' id='word_1_77' title='bbox 2504 896 2856 949; x_wconf 88' lang='lat' dir='ltr'><strong>humilitatem</strong></span> <span class='ocrx_word' id='word_1_78' title='bbox 2912 904 3076 949; x_wconf 88' lang='lat' dir='ltr'><strong>creet.</strong></span> <span class='ocrx_word' id='word_1_79' title='bbox 3145 895 3364 949; x_wconf 78' lang='lat' dir='ltr'><strong>Piornm</strong></span> 
     </span>
    </p>
   </div>
   <div class='ocr_carea' id='block_1_15' title="bbox 1802 986 3363 1057">
    <p class='ocr_par' dir='ltr' id='par_1_15' title="bbox 1802 986 3363 1057">
     <span class='ocr_line' id='line_1_15' title="bbox 1802 986 3363 1057; baseline -0.001 -19"><span class='ocrx_word' id='word_1_80' title='bbox 1802 996 1904 1047; x_wconf 86' lang='lat' dir='ltr'><strong>est,</strong></span> <span class='ocrx_word' id='word_1_81' title='bbox 1953 987 2097 1039; x_wconf 86' lang='lat' dir='ltr'><strong>omni</strong></span> <span class='ocrx_word' id='word_1_82' title='bbox 2155 986 2351 1055; x_wconf 91' lang='lat' dir='ltr'><strong>petenti</strong></span> <span class='ocrx_word' id='word_1_83' title='bbox 2409 986 2578 1051; x_wconf 90' lang='lat' dir='ltr'><strong>dare;</strong></span> <span class='ocrx_word' id='word_1_84' title='bbox 2617 988 2707 1040; x_wconf 87' lang='lat' dir='ltr'><strong>sed</strong></span> <span class='ocrx_word' id='word_1_85' title='bbox 2773 987 2943 1057; x_wconf 76' lang='lat' dir='ltr'><strong>magis</strong></span> <span class='ocrx_word' id='word_1_86' title='bbox 2996 989 3207 1055; x_wconf 86' lang='lat' dir='ltr'><strong>piorum</strong></span> <span class='ocrx_word' id='word_1_87' title='bbox 3247 997 3363 1046; x_wconf 86' lang='lat' dir='ltr'><strong>est,</strong></span> 
     </span>
    </p>
   </div>
   <div class='ocr_carea' id='block_1_16' title="bbox 1804 1074 3367 1145">
    <p class='ocr_par' dir='ltr' id='par_1_16' title="bbox 1804 1074 3367 1145">
     <span class='ocr_line' id='line_1_16' title="bbox 1804 1074 3367 1145; baseline 0 -19"><span class='ocrx_word' id='word_1_88' title='bbox 1804 1074 1967 1126; x_wconf 89' lang='lat' dir='ltr'><strong>etiam</strong></span> <span class='ocrx_word' id='word_1_89' title='bbox 1999 1089 2102 1126; x_wconf 89' lang='lat' dir='ltr'><strong>non</strong></span> <span class='ocrx_word' id='word_1_90' title='bbox 2140 1075 2335 1143; x_wconf 77' lang='lat' dir='ltr'><strong>petenti</strong></span> <span class='ocrx_word' id='word_1_91' title='bbox 2362 1075 2562 1138; x_wconf 71' lang='lat' dir='ltr'><strong>largiri.</strong></span> <span class='ocrx_word' id='word_1_92' title='bbox 2596 1074 2710 1128; x_wconf 72' lang='lat' dir='ltr'><strong>Non</strong></span> <span class='ocrx_word' id='word_1_93' title='bbox 2759 1086 2996 1145; x_wconf 81' lang='lat' dir='ltr'><strong>repetere</strong></span> <span class='ocrx_word' id='word_1_94' title='bbox 3041 1087 3241 1135; x_wconf 85' lang='lat' dir='ltr'><strong>autem,</strong></span> <span class='ocrx_word' id='word_1_95' title='bbox 3274 1085 3367 1127; x_wconf 90' lang='lat' dir='ltr'><strong>aut</strong></span> 
     </span>
    </p>
   </div>
   <div class='ocr_carea' id='block_1_17' title="bbox 1806 1164 3364 1235">
    <p class='ocr_par' dir='ltr' id='par_1_17' title="bbox 1806 1164 3364 1235">
     <span class='ocr_line' id='line_1_17' title="bbox 1806 1164 3364 1235; baseline 0.001 -21"><span class='ocrx_word' id='word_1_96' title='bbox 1806 1164 2102 1233; x_wconf 78' lang='lat' dir='ltr'><strong>quidquam</strong></span> <span class='ocrx_word' id='word_1_97' title='bbox 2141 1166 2211 1219; x_wconf 89' lang='lat' dir='ltr'><strong>ab</strong></span> <span class='ocrx_word' id='word_1_98' title='bbox 2232 1180 2299 1219; x_wconf 89' lang='lat' dir='ltr'><strong>eo</strong></span> <span class='ocrx_word' id='word_1_99' title='bbox 2324 1167 2559 1233; x_wconf 76' lang='lat' dir='ltr'><strong>exigere,</strong></span> <span class='ocrx_word' id='word_1_100' title='bbox 2584 1168 2673 1235; x_wconf 83' lang='lat' dir='ltr'><strong>qui</strong></span> <span class='ocrx_word' id='word_1_101' title='bbox 2697 1168 2794 1220; x_wconf 86' lang='lat' dir='ltr'><strong>abs</strong></span> <span class='ocrx_word' id='word_1_102' title='bbox 2820 1176 2867 1221; x_wconf 89' lang='lat' dir='ltr'><strong>te</strong></span> <span class='ocrx_word' id='word_1_103' title='bbox 2897 1166 3097 1234; x_wconf 70' lang='lat' dir='ltr'><strong>aliquid</strong></span> <span class='ocrx_word' id='word_1_104' title='bbox 3124 1165 3364 1226; x_wconf 73' lang='lat' dir='ltr'><strong>abstulit,</strong></span> 
     </span>
    </p>
   </div>
   <div class='ocr_carea' id='block_1_18' title="bbox 137 1249 3366 1328">
    <p class='ocr_par' dir='ltr' id='par_1_18' title="bbox 137 1249 3366 1328">
     <span class='ocr_line' id='line_1_18' title="bbox 137 1249 3366 1328; baseline -0.001 -20"><span class='ocrx_word' id='word_1_105' title='bbox 137 1269 257 1309; x_wconf 91' lang='lat' dir='ltr'><strong>cum</strong></span> <span class='ocrx_word' id='word_1_106' title='bbox 280 1259 511 1313; x_wconf 76' lang='lat' dir='ltr'><strong>maxime</strong></span> <span class='ocrx_word' id='word_1_107' title='bbox 539 1258 736 1327; x_wconf 88' lang='lat' dir='ltr'><strong>possis,</strong></span> <span class='ocrx_word' id='word_1_108' title='bbox 773 1254 905 1308; x_wconf 91' lang='lat' dir='ltr'><strong>illud</strong></span> <span class='ocrx_word' id='word_1_109' title='bbox 942 1252 1175 1308; x_wconf 87' lang='lat' dir='ltr'><strong>fortasse</strong></span> <span class='ocrx_word' id='word_1_110' title='bbox 1244 1266 1351 1306; x_wconf 94' lang='lat' dir='ltr'><strong>non</strong></span> <span class='ocrx_word' id='word_1_111' title='bbox 1429 1249 1534 1304; x_wconf 87' lang='lat' dir='ltr'><strong>nisi</strong></span> <span class='ocrx_word' id='word_1_112' title='bbox 1583 1261 1770 1302; x_wconf 81' lang='lat' dir='ltr'><strong>eorum</strong></span> <span class='ocrx_word' id='word_1_113' title='bbox 1805 1264 1908 1319; x_wconf 90' lang='lat' dir='ltr'><strong>est,</strong></span> <span class='ocrx_word' id='word_1_114' title='bbox 1969 1257 2058 1325; x_wconf 87' lang='lat' dir='ltr'><strong>qui</strong></span> <span class='ocrx_word' id='word_1_115' title='bbox 2086 1272 2298 1309; x_wconf 88' lang='lat' dir='ltr'><strong>omnem</strong></span> <span class='ocrx_word' id='word_1_116' title='bbox 2331 1256 2581 1311; x_wconf 68' lang='lat' dir='ltr'><strong>allectum</strong></span> <span class='ocrx_word' id='word_1_117' title='bbox 2618 1274 2742 1328; x_wconf 77' lang='lat' dir='ltr'><strong>erga</strong></span> <span class='ocrx_word' id='word_1_118' title='bbox 2779 1274 2865 1313; x_wconf 90' lang='lat' dir='ltr'><strong>res</strong></span> <span class='ocrx_word' id='word_1_119' title='bbox 2898 1275 3085 1313; x_wconf 89' lang='lat' dir='ltr'><strong>omnes</strong></span> <span class='ocrx_word' id='word_1_120' title='bbox 3115 1257 3366 1310; x_wconf 75' lang='lat' dir='ltr'><strong>mortales</strong></span> 
     </span>
    </p>
   </div>
   <div class='ocr_carea' id='block_1_19' title="bbox 137 1360 427 1404">
    <p class='ocr_par' dir='ltr' id='par_1_19' title="bbox 137 1360 427 1404">
     <span class='ocr_line' id='line_1_19' title="bbox 137 1360 427 1404; baseline 0.003 -1"><span class='ocrx_word' id='word_1_121' title='bbox 137 1360 427 1404; x_wconf 76' lang='lat' dir='ltr'><strong>exuerunt.</strong></span> 
     </span>
    </p>
   </div>
   <div class='ocr_carea' id='block_1_20' title="bbox 224 1431 1695 1507">
    <p class='ocr_par' dir='ltr' id='par_1_20' title="bbox 224 1431 1695 1507">
     <span class='ocr_line' id='line_1_20' title="bbox 224 1431 1695 1507; baseline -0.006 -15"><span class='ocrx_word' id='word_1_122' title='bbox 224 1440 312 1492; x_wconf 86' lang='grc' dir='ltr'>Ἐν</span> <span class='ocrx_word' id='word_1_123' title='bbox 353 1440 487 1493; x_wconf 81' lang='grc' dir='ltr'>πᾶσι</span> <span class='ocrx_word' id='word_1_124' title='bbox 542 1442 651 1501; x_wconf 81' lang='grc' dir='ltr'>τοῖς</span> <span class='ocrx_word' id='word_1_125' title='bbox 695 1437 892 1491; x_wconf 88' lang='grc' dir='ltr'>πάθεσι</span> <span class='ocrx_word' id='word_1_126' title='bbox 929 1438 1022 1492; x_wconf 77' lang='grc' dir='ltr'>καὶ</span> <span class='ocrx_word' id='word_1_127' title='bbox 1068 1439 1188 1499; x_wconf 79' lang='grc' dir='ltr'>ταῖς</span> <span class='ocrx_word' id='word_1_128' title='bbox 1216 1437 1433 1507; x_wconf 82' lang='grc' dir='ltr'>ἀρεταῖς</span> <span class='ocrx_word' id='word_1_129' title='bbox 1471 1431 1695 1492; x_wconf 73' lang='grc' dir='ltr'>ἑαυτοὺς</span> 
     </span>
    </p>
   </div>
   <div class='ocr_carea' id='block_1_21' title="bbox 1868 1432 3363 1506">
    <p class='ocr_par' dir='ltr' id='par_1_21' title="bbox 1868 1432 3363 1506">
     <span class='ocr_line' id='line_1_21' title="bbox 1868 1432 3363 1506; baseline 0.005 -23"><span class='ocrx_word' id='word_1_130' title='bbox 1868 1432 1924 1483; x_wconf 90' lang='lat' dir='ltr'><strong>In</strong></span> <span class='ocrx_word' id='word_1_131' title='bbox 1954 1434 2135 1486; x_wconf 86' lang='lat' dir='ltr'><strong>omnia</strong></span> <span class='ocrx_word' id='word_1_132' title='bbox 2175 1434 2302 1489; x_wconf 87' lang='lat' dir='ltr'><strong>vitia</strong></span> <span class='ocrx_word' id='word_1_133' title='bbox 2331 1445 2383 1489; x_wconf 91' lang='lat' dir='ltr'><strong>et</strong></span> <span class='ocrx_word' id='word_1_134' title='bbox 2410 1436 2635 1491; x_wconf 90' lang='lat' dir='ltr'><strong>virtutes</strong></span> <span class='ocrx_word' id='word_1_135' title='bbox 2665 1446 2877 1490; x_wconf 88' lang='lat' dir='ltr'><strong>nostras</strong></span> <span class='ocrx_word' id='word_1_136' title='bbox 2906 1436 3069 1506; x_wconf 61' lang='lat'><strong>348</strong></span> <span class='ocrx_word' id='word_1_137' title='bbox 3092 1454 3363 1506; x_wconf 75' lang='lat' dir='ltr'><strong>nunquam</strong></span> 
     </span>
    </p>
   </div>
   <div class='ocr_carea' id='block_1_22' title="bbox 137 1523 1726 1599">
    <p class='ocr_par' dir='ltr' id='par_1_22' title="bbox 137 1523 1697 1599">
     <span class='ocr_line' id='line_1_22' title="bbox 137 1523 1697 1599; baseline -0.005 -18"><span class='ocrx_word' id='word_1_138' title='bbox 137 1527 488 1597; x_wconf 65' lang='grc' dir='ltr'><strong>ἐπιζητοῦντες</strong></span> <span class='ocrx_word' id='word_1_139' title='bbox 545 1528 630 1599; x_wconf 81' lang='grc' dir='ltr'>μή·</span> <span class='ocrx_word' id='word_1_140' title='bbox 680 1527 1048 1597; x_wconf 84' lang='grc' dir='ltr'>παυσώμεθα,</span> <span class='ocrx_word' id='word_1_141' title='bbox 1102 1526 1206 1579; x_wconf 90' lang='grc' dir='ltr'><strong>ποῦ</strong></span> <span class='ocrx_word' id='word_1_142' title='bbox 1260 1524 1597 1594; x_wconf 81' lang='grc' dir='ltr'>τυγχάνομεν</span> <span class='ocrx_word' id='word_1_143' title='bbox 1639 1523 1697 1573; x_wconf 77' lang='grc' dir='ltr'>ὲν</span> 
     </span>
    </p>
   </div>
   <div class='ocr_carea' id='block_1_23' title="bbox 1820 1523 3368 1599">
    <p class='ocr_par' dir='ltr' id='par_1_23' title="bbox 1820 1523 3368 1596">
     <span class='ocr_line' id='line_1_23' title="bbox 1820 1523 3368 1596; baseline 0.008 -24"><span class='ocrx_word' id='word_1_144' title='bbox 1820 1523 2070 1589; x_wconf 85' lang='lat' dir='ltr'><strong>nquirere</strong></span> <span class='ocrx_word' id='word_1_145' title='bbox 2127 1526 2487 1592; x_wconf 64' lang='lat' dir='ltr'><strong>desinamus,</strong></span> <span class='ocrx_word' id='word_1_146' title='bbox 2541 1537 2599 1581; x_wconf 94' lang='lat' dir='ltr'><strong>ut</strong></span> <span class='ocrx_word' id='word_1_147' title='bbox 2627 1528 3010 1596; x_wconf 75' lang='lat' dir='ltr'><strong>intelligamus,</strong></span> <span class='ocrx_word' id='word_1_148' title='bbox 3084 1545 3191 1596; x_wconf 89' lang='lat' dir='ltr'><strong>quo</strong></span> <span class='ocrx_word' id='word_1_149' title='bbox 3249 1530 3368 1584; x_wconf 89' lang='lat' dir='ltr'><strong>loco</strong></span> 
     </span>
    </p>
   </div>
   <div class='ocr_carea' id='block_1_24' title="bbox 136 1613 1726 1689">
    <p class='ocr_par' dir='ltr' id='par_1_24' title="bbox 136 1613 1699 1689">
     <span class='ocr_line' id='line_1_24' title="bbox 136 1613 1699 1689; baseline -0.005 -18"><span class='ocrx_word' id='word_1_150' title='bbox 136 1620 302 1689; x_wconf 78' lang='grc' dir='ltr'>ἀρχῇ,</span> <span class='ocrx_word' id='word_1_151' title='bbox 329 1621 387 1672; x_wconf 82' lang='grc' dir='ltr'>ὲν</span> <span class='ocrx_word' id='word_1_152' title='bbox 419 1619 693 1688; x_wconf 82' lang='grc' dir='ltr'>μεσότητι,</span> <span class='ocrx_word' id='word_1_153' title='bbox 723 1618 757 1687; x_wconf 77' lang='grc' dir='ltr'>ἢ</span> <span class='ocrx_word' id='word_1_154' title='bbox 801 1617 860 1668; x_wconf 72' lang='grc' dir='ltr'>ὲν</span> <span class='ocrx_word' id='word_1_155' title='bbox 882 1618 1044 1671; x_wconf 79' lang='grc' dir='ltr'>τέλει.</span> <span class='ocrx_word' id='word_1_156' title='bbox 1086 1617 1291 1678; x_wconf 81' lang='grc' dir='ltr'>Πάντες</span> <span class='ocrx_word' id='word_1_157' title='bbox 1318 1616 1367 1667; x_wconf 89' lang='grc' dir='ltr'><strong>οί</strong></span> <span class='ocrx_word' id='word_1_158' title='bbox 1389 1614 1524 1684; x_wconf 79' lang='grc' dir='ltr'>πρὸς</span> <span class='ocrx_word' id='word_1_159' title='bbox 1553 1613 1699 1681; x_wconf 77' lang='grc' dir='ltr'>ἡμᾶς</span> 
     </span>
    </p>
   </div>
   <div class='ocr_carea' id='block_1_25' title="bbox 1820 1613 3371 1689">
    <p class='ocr_par' dir='ltr' id='par_1_25' title="bbox 1820 1617 3371 1686">
     <span class='ocr_line' id='line_1_25' title="bbox 1820 1617 3371 1686; baseline 0.005 -22"><span class='ocrx_word' id='word_1_160' title='bbox 1820 1626 2092 1678; x_wconf 73' lang='lat' dir='ltr'><strong>&#39;ersemur,</strong></span> <span class='ocrx_word' id='word_1_161' title='bbox 2129 1630 2198 1669; x_wconf 89' lang='lat' dir='ltr'><strong>an</strong></span> <span class='ocrx_word' id='word_1_162' title='bbox 2232 1617 2285 1669; x_wconf 93' lang='lat' dir='ltr'><strong>in</strong></span> <span class='ocrx_word' id='word_1_163' title='bbox 2323 1619 2604 1686; x_wconf 86' lang='lat' dir='ltr'><strong>principio,</strong></span> <span class='ocrx_word' id='word_1_164' title='bbox 2643 1634 2709 1671; x_wconf 89' lang='lat' dir='ltr'><strong>an</strong></span> <span class='ocrx_word' id='word_1_165' title='bbox 2743 1620 2936 1680; x_wconf 87' lang='lat' dir='ltr'><strong>medio,</strong></span> <span class='ocrx_word' id='word_1_166' title='bbox 2976 1635 3042 1671; x_wconf 87' lang='lat' dir='ltr'><strong>an</strong></span> <span class='ocrx_word' id='word_1_167' title='bbox 3090 1620 3211 1672; x_wconf 76' lang='lat' dir='ltr'><strong>fine.</strong></span> <span class='ocrx_word' id='word_1_168' title='bbox 3250 1619 3371 1673; x_wconf 82' lang='lat' dir='ltr'><strong>0m-</strong></span> 
     </span>
    </p>
   </div>
   <div class='ocr_carea' id='block_1_26' title="bbox 137 1702 1697 1782">
    <p class='ocr_par' dir='ltr' id='par_1_26' title="bbox 137 1702 1697 1782">
     <span class='ocr_line' id='line_1_26' title="bbox 137 1702 1697 1782; baseline -0.004 -22"><span class='ocrx_word' id='word_1_169' title='bbox 137 1709 405 1779; x_wconf 84' lang='grc' dir='ltr'>δαιμόνων</span> <span class='ocrx_word' id='word_1_170' title='bbox 419 1709 663 1779; x_wconf 85' lang='grc' dir='ltr'>πόλεμοι,</span> <span class='ocrx_word' id='word_1_171' title='bbox 702 1709 765 1782; x_wconf 73' lang='grc' dir='ltr'>ἐκ</span> <span class='ocrx_word' id='word_1_172' title='bbox 788 1708 952 1778; x_wconf 81' lang='grc' dir='ltr'>τριῶν</span> <span class='ocrx_word' id='word_1_173' title='bbox 976 1708 1179 1759; x_wconf 87' lang='grc' dir='ltr'>τούτων</span> <span class='ocrx_word' id='word_1_174' title='bbox 1199 1704 1385 1760; x_wconf 85' lang='grc' dir='ltr'>αἰτιῶν</span> <span class='ocrx_word' id='word_1_175' title='bbox 1418 1702 1697 1756; x_wconf 79' lang='grc' dir='ltr'>συνίστανο</span> 
     </span>
    </p>
   </div>
   <div class='ocr_carea' id='block_1_27' title="bbox 1797 1702 3371 1767">
    <p class='ocr_par' dir='ltr' id='par_1_27' title="bbox 1797 1702 3371 1767">
     <span class='ocr_line' id='line_1_27' title="bbox 1797 1702 3371 1767; baseline 0.005 -12"><span class='ocrx_word' id='word_1_176' title='bbox 1797 1702 1883 1755; x_wconf 90' lang='lat' dir='ltr'><strong>nia</strong></span> <span class='ocrx_word' id='word_1_177' title='bbox 1925 1702 2164 1757; x_wconf 84' lang='lat' dir='ltr'><strong>hostium</strong></span> <span class='ocrx_word' id='word_1_178' title='bbox 2214 1716 2523 1761; x_wconf 86' lang='lat' dir='ltr'><strong>nostrorum</strong></span> <span class='ocrx_word' id='word_1_179' title='bbox 2555 1708 2690 1762; x_wconf 83' lang='lat' dir='ltr'><strong>bella</strong></span> <span class='ocrx_word' id='word_1_180' title='bbox 2722 1723 2785 1763; x_wconf 79' lang='lat' dir='ltr'><strong>ex</strong></span> <span class='ocrx_word' id='word_1_181' title='bbox 2822 1709 2991 1762; x_wconf 89' lang='lat' dir='ltr'><strong>tribus</strong></span> <span class='ocrx_word' id='word_1_182' title='bbox 3021 1709 3138 1763; x_wconf 88' lang='lat' dir='ltr'><strong>istis</strong></span> <span class='ocrx_word' id='word_1_183' title='bbox 3191 1710 3371 1767; x_wconf 76' lang='lat' dir='ltr'><strong>causis</strong></span> 
     </span>
    </p>
   </div>
   <div class='ocr_carea' id='block_1_28' title="bbox 141 1788 1726 1874">
    <p class='ocr_par' dir='ltr' id='par_1_28' title="bbox 141 1788 1697 1868">
     <span class='ocr_line' id='line_1_28' title="bbox 141 1788 1697 1868; baseline -0.005 -18"><span class='ocrx_word' id='word_1_184' title='bbox 141 1814 228 1850; x_wconf 80' lang='grc' dir='ltr'><strong>ται</strong></span> <span class='ocrx_word' id='word_1_185' title='bbox 253 1813 267 1828; x_wconf 89' lang='grc'>·</span> <span class='ocrx_word' id='word_1_186' title='bbox 296 1800 361 1851; x_wconf 80' lang='grc' dir='ltr'>ὲκ</span> <span class='ocrx_word' id='word_1_187' title='bbox 392 1788 719 1867; x_wconf 66' lang='grc' dir='ltr'>φιληδονίας,</span> <span class='ocrx_word' id='word_1_188' title='bbox 745 1796 778 1867; x_wconf 81' lang='grc' dir='ltr'>ἢ</span> <span class='ocrx_word' id='word_1_189' title='bbox 818 1799 883 1849; x_wconf 80' lang='grc' dir='ltr'>ὲκ</span> <span class='ocrx_word' id='word_1_190' title='bbox 919 1798 1312 1868; x_wconf 76' lang='grc' dir='ltr'>ὑπερηφανίας,</span> <span class='ocrx_word' id='word_1_191' title='bbox 1343 1795 1375 1863; x_wconf 88' lang='grc' dir='ltr'>ἢ</span> <span class='ocrx_word' id='word_1_192' title='bbox 1414 1794 1477 1846; x_wconf 82' lang='grc' dir='ltr'>ἐκ</span> <span class='ocrx_word' id='word_1_193' title='bbox 1504 1792 1697 1860; x_wconf 79' lang='grc' dir='ltr'>φθόνου</span> 
     </span>
    </p>
   </div>
   <div class='ocr_carea' id='block_1_29' title="bbox 1820 1788 3369 1874">
    <p class='ocr_par' dir='ltr' id='par_1_29' title="bbox 1820 1796 3369 1861">
     <span class='ocr_line' id='line_1_29' title="bbox 1820 1796 3369 1861; baseline 0.006 -18"><span class='ocrx_word' id='word_1_194' title='bbox 1820 1803 2100 1846; x_wconf 84' lang='lat' dir='ltr'><strong>tascuntur</strong></span> <span class='ocrx_word' id='word_1_195' title='bbox 2120 1805 2172 1848; x_wconf 90' lang='lat' dir='ltr'><strong>et</strong></span> <span class='ocrx_word' id='word_1_196' title='bbox 2204 1796 2531 1861; x_wconf 83' lang='lat' dir='ltr'><strong>conﬂantur,</strong></span> <span class='ocrx_word' id='word_1_197' title='bbox 2580 1814 2643 1852; x_wconf 82' lang='lat' dir='ltr'><strong>ex</strong></span> <span class='ocrx_word' id='word_1_198' title='bbox 2677 1814 2865 1852; x_wconf 82' lang='lat' dir='ltr'><strong>amore</strong></span> <span class='ocrx_word' id='word_1_199' title='bbox 2889 1808 2943 1852; x_wconf 91' lang='lat' dir='ltr'><strong>et</strong></span> <span class='ocrx_word' id='word_1_200' title='bbox 2971 1801 3152 1853; x_wconf 78' lang='lat' dir='ltr'><strong>studio</strong></span> <span class='ocrx_word' id='word_1_201' title='bbox 3210 1802 3369 1853; x_wconf 85' lang='lat' dir='ltr'><strong>volu-</strong></span> 
     </span>
    </p>
   </div>
   <div class='ocr_carea' id='block_1_30' title="bbox 138 1884 1700 1958">
    <p class='ocr_par' dir='ltr' id='par_1_30' title="bbox 138 1884 1700 1958">
     <span class='ocr_line' id='line_1_30' title="bbox 138 1884 1700 1958; baseline -0.005 -18"><span class='ocrx_word' id='word_1_202' title='bbox 138 1888 341 1941; x_wconf 72' lang='grc' dir='ltr'>αὐτῶν.</span> <span class='ocrx_word' id='word_1_203' title='bbox 368 1889 431 1940; x_wconf 79' lang='lat' dir='ltr'><strong>Ol</strong></span> <span class='ocrx_word' id='word_1_204' title='bbox 472 1888 570 1958; x_wconf 79' lang='grc' dir='ltr'><strong>μὲν</strong></span> <span class='ocrx_word' id='word_1_205' title='bbox 597 1887 811 1958; x_wconf 74' lang='grc' dir='ltr'>ἔσχατοι</span> <span class='ocrx_word' id='word_1_206' title='bbox 854 1887 1113 1957; x_wconf 86' lang='grc' dir='ltr'>μακάριοι</span> <span class='ocrx_word' id='word_1_207' title='bbox 1136 1902 1149 1915; x_wconf 83' lang='grc'><strong>·</strong></span> <span class='ocrx_word' id='word_1_208' title='bbox 1193 1887 1242 1937; x_wconf 84' lang='grc' dir='ltr'><strong>οἰ</strong></span> <span class='ocrx_word' id='word_1_209' title='bbox 1280 1884 1336 1936; x_wconf 80' lang='grc' dir='ltr'>δὲ</span> <span class='ocrx_word' id='word_1_210' title='bbox 1383 1884 1533 1952; x_wconf 79' lang='grc' dir='ltr'>μέσοι</span> <span class='ocrx_word' id='word_1_211' title='bbox 1568 1897 1700 1933; x_wconf 88' lang='grc' dir='ltr'>παν-</span> 
     </span>
    </p>
   </div>
   <div class='ocr_carea' id='block_1_31' title="bbox 139 1973 1701 2046">
    <p class='ocr_par' dir='ltr' id='par_1_31' title="bbox 139 1973 1701 2046">
     <span class='ocr_line' id='line_1_31' title="bbox 139 1973 1701 2046; baseline -0.004 -19"><span class='ocrx_word' id='word_1_212' title='bbox 139 1974 345 2028; x_wconf 70' lang='grc' dir='ltr'>άθλιοιο</span> <span class='ocrx_word' id='word_1_213' title='bbox 373 1976 497 2029; x_wconf 84' lang='grc' dir='ltr'>οἰδὲ</span> <span class='ocrx_word' id='word_1_214' title='bbox 526 1976 774 2046; x_wconf 84' lang='grc' dir='ltr'>πρότεροι</span> <span class='ocrx_word' id='word_1_215' title='bbox 797 1976 1005 2046; x_wconf 79' lang='grc' dir='ltr'>ἀχρεῖοι</span> <span class='ocrx_word' id='word_1_216' title='bbox 1024 1976 1126 2036; x_wconf 77' lang='grc' dir='ltr'>ἓως</span> <span class='ocrx_word' id='word_1_217' title='bbox 1145 1975 1330 2037; x_wconf 82' lang='grc' dir='ltr'>τέλους</span> <span class='ocrx_word' id='word_1_218' title='bbox 1359 1973 1701 2041; x_wconf 80' lang='grc' dir='ltr'>τυγχάνουσι.</span> 
     </span>
    </p>
   </div>
   <div class='ocr_carea' id='block_1_32' title="bbox 145 2054 1707 2136">
    <p class='ocr_par' dir='ltr' id='par_1_32' title="bbox 145 2054 1707 2136">
     <span class='ocr_line' id='line_1_32' title="bbox 145 2054 1707 2136; baseline -0.003 -19"><span class='ocrx_word' id='word_1_219' title='bbox 145 2065 309 2118; x_wconf 82' lang='grc' dir='ltr'>Ἐστι</span> <span class='ocrx_word' id='word_1_220' title='bbox 337 2081 423 2127; x_wconf 89' lang='grc' dir='ltr'><strong>τις</strong></span> <span class='ocrx_word' id='word_1_221' title='bbox 450 2054 719 2134; x_wconf 72' lang='grc' dir='ltr'>αἴσθησις,</span> <span class='ocrx_word' id='word_1_222' title='bbox 756 2065 957 2136; x_wconf 81' lang='grc' dir='ltr'>μᾶλλον</span> <span class='ocrx_word' id='word_1_223' title='bbox 986 2064 1044 2117; x_wconf 80' lang='grc' dir='ltr'>δὲ</span> <span class='ocrx_word' id='word_1_224' title='bbox 1074 2064 1208 2130; x_wconf 70' lang='grc' dir='ltr'>ἕξις.</span> <span class='ocrx_word' id='word_1_225' title='bbox 1238 2063 1531 2135; x_wconf 79' lang='grc' dir='ltr'>φερέπονος</span> <span class='ocrx_word' id='word_1_226' title='bbox 1559 2061 1707 2129; x_wconf 88' lang='grc' dir='ltr'>λεγο-</span> 
     </span>
    </p>
   </div>
   <div class='ocr_carea' id='block_1_33' title="bbox 138 2138 1707 2228">
    <p class='ocr_par' dir='ltr' id='par_1_33' title="bbox 138 2138 1707 2228">
     <span class='ocr_line' id='line_1_33' title="bbox 138 2138 1707 2228; baseline -0.003 -20"><span class='ocrx_word' id='word_1_227' title='bbox 138 2155 303 2226; x_wconf 75' lang='grc' dir='ltr'>μένη,</span> <span class='ocrx_word' id='word_1_228' title='bbox 332 2155 420 2223; x_wconf 85' lang='grc' dir='ltr'><strong>ὑφ’</strong></span> <span class='ocrx_word' id='word_1_229' title='bbox 443 2150 511 2228; x_wconf 76' lang='grc' dir='ltr'>ἧς</span> <span class='ocrx_word' id='word_1_230' title='bbox 538 2157 567 2207; x_wconf 85' lang='grc' dir='ltr'><strong>δ</strong></span> <span class='ocrx_word' id='word_1_231' title='bbox 596 2156 757 2219; x_wconf 78' lang='grc' dir='ltr'>άλοὺς</span> <span class='ocrx_word' id='word_1_232' title='bbox 794 2157 893 2209; x_wconf 81' lang='grc' dir='ltr'><strong>οὐκ</strong></span> <span class='ocrx_word' id='word_1_233' title='bbox 925 2138 1007 2209; x_wconf 77' lang='grc' dir='ltr'>ἑτι</span> <span class='ocrx_word' id='word_1_234' title='bbox 1039 2155 1311 2217; x_wconf 86' lang='grc' dir='ltr'>δειλιάσει,</span> <span class='ocrx_word' id='word_1_235' title='bbox 1352 2154 1384 2223; x_wconf 81' lang='grc' dir='ltr'><strong>ἢ</strong></span> <span class='ocrx_word' id='word_1_236' title='bbox 1440 2154 1707 2222; x_wconf 80' lang='grc' dir='ltr'>ἀποστρα-</span> 
     </span>
    </p>
   </div>
   <div class='ocr_carea' id='block_1_34' title="bbox 136 2243 1707 2321">
    <p class='ocr_par' dir='ltr' id='par_1_34' title="bbox 136 2243 1707 2321">
     <span class='ocr_line' id='line_1_34' title="bbox 136 2243 1707 2321; baseline -0.003 -22"><span class='ocrx_word' id='word_1_237' title='bbox 136 2250 232 2313; x_wconf 71' lang='grc' dir='ltr'>ιρεί</span> <span class='ocrx_word' id='word_1_238' title='bbox 262 2247 423 2299; x_wconf 80' lang='grc' dir='ltr'>πόνου</span> <span class='ocrx_word' id='word_1_239' title='bbox 456 2246 619 2299; x_wconf 57' lang='lat' dir='ltr'><strong>me“</strong></span> <span class='ocrx_word' id='word_1_240' title='bbox 663 2246 837 2321; x_wconf 75' lang='grc' dir='ltr'>ταύτῃ</span> <span class='ocrx_word' id='word_1_241' title='bbox 979 2245 1207 2314; x_wconf 81' lang='grc' dir='ltr'>ἀοιδίμῳ</span> <span class='ocrx_word' id='word_1_242' title='bbox 1247 2246 1303 2298; x_wconf 79' lang='grc' dir='ltr'><strong>αἰ</strong></span> <span class='ocrx_word' id='word_1_243' title='bbox 1341 2243 1447 2296; x_wconf 84' lang='grc' dir='ltr'><strong>τῶν</strong></span> <span class='ocrx_word' id='word_1_244' title='bbox 1501 2244 1707 2312; x_wconf 82' lang='grc' dir='ltr'>μαρτύ-</span> 
     </span>
    </p>
   </div>
   <div class='ocr_carea' id='block_1_35' title="bbox 137 2334 1709 2408">
    <p class='ocr_par' dir='ltr' id='par_1_35' title="bbox 137 2334 1709 2408">
     <span class='ocr_line' id='line_1_35' title="bbox 137 2334 1709 2408; baseline -0.003 -19"><span class='ocrx_word' id='word_1_245' title='bbox 137 2353 257 2406; x_wconf 79' lang='grc' dir='ltr'><strong>ρων</strong></span> <span class='ocrx_word' id='word_1_246' title='bbox 287 2335 456 2405; x_wconf 74' lang='grc' dir='ltr'>ψυχαὶ</span> <span class='ocrx_word' id='word_1_247' title='bbox 478 2335 832 2408; x_wconf 77' lang='grc' dir='ltr'>κρατηθεῖσαι</span> <span class='ocrx_word' id='word_1_248' title='bbox 888 2337 996 2391; x_wconf 89' lang='grc' dir='ltr'><strong>τῶν</strong></span> <span class='ocrx_word' id='word_1_249' title='bbox 1034 2336 1279 2407; x_wconf 81' lang='grc' dir='ltr'>βασάνων</span> <span class='ocrx_word' id='word_1_250' title='bbox 1316 2334 1549 2405; x_wconf 75' lang='grc' dir='ltr'>εὐχερῶς</span> <span class='ocrx_word' id='word_1_251' title='bbox 1583 2350 1709 2386; x_wconf 87' lang='grc' dir='ltr'>κατ-</span> 
     </span>
    </p>
   </div>
   <div class='ocr_carea' id='block_1_36' title="bbox 133 2421 1710 2497">
    <p class='ocr_par' dir='ltr' id='par_1_36' title="bbox 133 2421 1710 2497">
     <span class='ocr_line' id='line_1_36' title="bbox 133 2421 1710 2497; baseline -0.002 -19"><span class='ocrx_word' id='word_1_252' title='bbox 133 2426 469 2497; x_wconf 78' lang='grc' dir='ltr'>εφρόνησαν.</span> <span class='ocrx_word' id='word_1_253' title='bbox 499 2427 659 2480; x_wconf 76' lang='grc' dir='ltr'>Ἄλλο</span> <span class='ocrx_word' id='word_1_254' title='bbox 694 2427 908 2497; x_wconf 81' lang='grc' dir='ltr'>φυλακὴ</span> <span class='ocrx_word' id='word_1_255' title='bbox 931 2426 1226 2497; x_wconf 81' lang='grc' dir='ltr'>λογισμῶν,</span> <span class='ocrx_word' id='word_1_256' title='bbox 1257 2425 1351 2478; x_wconf 78' lang='grc' dir='ltr'>καὶ</span> <span class='ocrx_word' id='word_1_257' title='bbox 1380 2425 1563 2494; x_wconf 81' lang='grc' dir='ltr'>ἓτερον</span> <span class='ocrx_word' id='word_1_258' title='bbox 1600 2421 1710 2491; x_wconf 83' lang='grc'><strong>(60)</strong></span> 
     </span>
    </p>
   </div>
   <div class='ocr_carea' id='block_1_37' title="bbox 134 2512 1710 2586">
    <p class='ocr_par' dir='ltr' id='par_1_37' title="bbox 134 2512 1710 2586">
     <span class='ocr_line' id='line_1_37' title="bbox 134 2512 1710 2586; baseline -0.001 -20"><span class='ocrx_word' id='word_1_259' title='bbox 134 2516 265 2577; x_wconf 77' lang='grc' dir='ltr'>νοὸς</span> <span class='ocrx_word' id='word_1_260' title='bbox 280 2517 527 2586; x_wconf 86' lang='grc' dir='ltr'>τήρησις,</span> <span class='ocrx_word' id='word_1_261' title='bbox 545 2516 769 2569; x_wconf 84' lang='grc' dir='ltr'>καθόσον</span> <span class='ocrx_word' id='word_1_262' title='bbox 781 2517 1073 2586; x_wconf 77' lang='grc' dir='ltr'>ἀπέχουσιν</span> <span class='ocrx_word' id='word_1_263' title='bbox 1089 2514 1341 2569; x_wconf 75' lang='grc' dir='ltr'>ἀνατολαὶ</span> <span class='ocrx_word' id='word_1_264' title='bbox 1351 2512 1458 2567; x_wconf 76' lang='grc' dir='ltr'><strong>ἀπὸ</strong></span> <span class='ocrx_word' id='word_1_265' title='bbox 1471 2512 1710 2581; x_wconf 86' lang='grc' dir='ltr'>δυσμῶν,</span> 
     </span>
    </p>
   </div>
   <div class='ocr_carea' id='block_1_38' title="bbox 134 2598 1747 2677">
    <p class='ocr_par' dir='ltr' id='par_1_38' title="bbox 134 2598 1747 2677">
     <span class='ocr_line' id='line_1_38' title="bbox 134 2598 1747 2677; baseline -0.003 -21"><span class='ocrx_word' id='word_1_266' title='bbox 134 2604 287 2656; x_wconf 83' lang='grc' dir='ltr'><strong>κατά</strong></span> <span class='ocrx_word' id='word_1_267' title='bbox 311 2603 564 2657; x_wconf 81' lang='grc' dir='ltr'>τοσοῦτον</span> <span class='ocrx_word' id='word_1_268' title='bbox 591 2598 895 2675; x_wconf 72' lang='grc' dir='ltr'>ὑψηλοτέρα</span> <span class='ocrx_word' id='word_1_269' title='bbox 929 2604 1027 2673; x_wconf 86' lang='grc' dir='ltr'>τῆς</span> <span class='ocrx_word' id='word_1_270' title='bbox 1047 2602 1314 2673; x_wconf 78' lang='grc' dir='ltr'>προτέρας</span> <span class='ocrx_word' id='word_1_271' title='bbox 1340 2604 1374 2671; x_wconf 85' lang='grc' dir='ltr'><strong>ή</strong></span> <span class='ocrx_word' id='word_1_272' title='bbox 1398 2601 1644 2670; x_wconf 82' lang='grc' dir='ltr'>δευτέρα,</span> <span class='ocrx_word' id='word_1_273' title='bbox 1663 2600 1714 2651; x_wconf 85' lang='grc' dir='ltr'><strong>εἰ</strong></span> <span class='ocrx_word' id='word_1_274' title='bbox 1744 2676 1747 2677; x_wconf 12' lang='grc' dir='ltr'><em>ν</em></span> 
     </span>
    </p>
   </div>
   <div class='ocr_carea' id='block_1_39' title="bbox 134 2690 1715 2765">
    <p class='ocr_par' dir='ltr' id='par_1_39' title="bbox 134 2690 1715 2765">
     <span class='ocr_line' id='line_1_39' title="bbox 134 2690 1715 2765; baseline -0.001 -19"><span class='ocrx_word' id='word_1_275' title='bbox 134 2694 242 2746; x_wconf 75' lang='grc' dir='ltr'><strong>καὶ</strong></span> <span class='ocrx_word' id='word_1_276' title='bbox 269 2693 645 2765; x_wconf 82' lang='grc' dir='ltr'>μοχθηροτέρα</span> <span class='ocrx_word' id='word_1_277' title='bbox 672 2696 926 2765; x_wconf 81' lang='grc' dir='ltr'>ὑπάρχοι.</span> <span class='ocrx_word' id='word_1_278' title='bbox 960 2694 1121 2747; x_wconf 76' lang='grc' dir='ltr'>’Δλλο</span> <span class='ocrx_word' id='word_1_279' title='bbox 1150 2692 1544 2764; x_wconf 82' lang='grc' dir='ltr'>προσεύχεσθαι</span> <span class='ocrx_word' id='word_1_280' title='bbox 1575 2690 1715 2745; x_wconf 83' lang='grc' dir='ltr'>κατὰ</span> 
     </span>
    </p>
   </div>
   <div class='ocr_carea' id='block_1_40' title="bbox 132 2782 1717 2854">
    <p class='ocr_par' dir='ltr' id='par_1_40' title="bbox 132 2782 1717 2854">
     <span class='ocr_line' id='line_1_40' title="bbox 132 2782 1717 2854; baseline -0.002 -17"><span class='ocrx_word' id='word_1_281' title='bbox 132 2783 421 2854; x_wconf 80' lang='grc' dir='ltr'>λογισμῶν</span> <span class='ocrx_word' id='word_1_282' title='bbox 439 2784 679 2854; x_wconf 63' lang='lat' dir='ltr'><strong>(60,pr</strong></span> <span class='ocrx_word' id='word_1_283' title='bbox 706 2785 834 2840; x_wconf 77' lang='grc' dir='ltr'>ἀλλο</span> <span class='ocrx_word' id='word_1_284' title='bbox 857 2783 1310 2854; x_wconf 83' lang='grc' dir='ltr'>ἀντιφθέγγεσθαι</span> <span class='ocrx_word' id='word_1_285' title='bbox 1337 2782 1580 2845; x_wconf 67' lang='grc' dir='ltr'>τούτοις*</span> <span class='ocrx_word' id='word_1_286' title='bbox 1622 2783 1717 2835; x_wconf 72' lang='grc' dir='ltr'><strong>καὶ</strong></span> 
     </span>
    </p>
   </div>
   <div class='ocr_carea' id='block_1_41' title="bbox 134 2873 1720 2946">
    <p class='ocr_par' dir='ltr' id='par_1_41' title="bbox 134 2873 1720 2946">
     <span class='ocr_line' id='line_1_41' title="bbox 134 2873 1720 2946; baseline 0.001 -21"><span class='ocrx_word' id='word_1_287' title='bbox 134 2873 337 2942; x_wconf 72' lang='grc' dir='ltr'>ἓτερον</span> <span class='ocrx_word' id='word_1_288' title='bbox 376 2874 707 2940; x_wconf 74' lang='grc' dir='ltr'>ἑξουθενεϊν,</span> <span class='ocrx_word' id='word_1_289' title='bbox 752 2878 844 2931; x_wconf 76' lang='grc' dir='ltr'><strong>καὶ</strong></span> <span class='ocrx_word' id='word_1_290' title='bbox 904 2875 1290 2946; x_wconf 72' lang='grc' dir='ltr'>ὑπερτίθεσθαι</span> <span class='ocrx_word' id='word_1_291' title='bbox 1327 2873 1567 2936; x_wconf 87' lang='grc' dir='ltr'>τούτους.</span> <span class='ocrx_word' id='word_1_292' title='bbox 1609 2874 1720 2926; x_wconf 73' lang='grc' dir='ltr'><strong>Καὶ</strong></span> 
     </span>
    </p>
   </div>
   <div class='ocr_carea' id='block_1_42' title="bbox 132 2962 1716 3037">
    <p class='ocr_par' dir='ltr' id='par_1_42' title="bbox 132 2962 1716 3037">
     <span class='ocr_line' id='line_1_42' title="bbox 132 2962 1716 3037; baseline 0.001 -21"><span class='ocrx_word' id='word_1_293' title='bbox 132 2962 223 3033; x_wconf 75' lang='grc' dir='ltr'>τῷ</span> <span class='ocrx_word' id='word_1_294' title='bbox 257 2962 357 3031; x_wconf 66' lang='grc' dir='ltr'>μιν</span> <span class='ocrx_word' id='word_1_295' title='bbox 382 2965 631 3035; x_wconf 79' lang='grc' dir='ltr'>προτέρῳ</span> <span class='ocrx_word' id='word_1_296' title='bbox 660 2966 845 3036; x_wconf 85' lang='grc' dir='ltr'>τρόπῳ</span> <span class='ocrx_word' id='word_1_297' title='bbox 878 2967 1144 3037; x_wconf 77' lang='grc' dir='ltr'>μαρτυρεῖ</span> <span class='ocrx_word' id='word_1_298' title='bbox 1178 2966 1208 3015; x_wconf 91' lang='grc' dir='ltr'><strong>ό</strong></span> <span class='ocrx_word' id='word_1_299' title='bbox 1234 2962 1425 3017; x_wconf 83' lang='grc' dir='ltr'>εἰπών·</span> <span class='ocrx_word' id='word_1_300' title='bbox 1463 2963 1516 3015; x_wconf 90' lang='lat'><strong>&#39;0</strong></span> <span class='ocrx_word' id='word_1_301' title='bbox 1554 2964 1716 3027; x_wconf 68' lang='grc' dir='ltr'>Θεὸς,</span> 
     </span>
    </p>
   </div>
   <div class='ocr_carea' id='block_1_43' title="bbox 132 3050 1722 3123">
    <p class='ocr_par' dir='ltr' id='par_1_43' title="bbox 132 3050 1722 3123">
     <span class='ocr_line' id='line_1_43' title="bbox 132 3050 1722 3123; baseline 0 -20"><span class='ocrx_word' id='word_1_302' title='bbox 132 3052 232 3116; x_wconf 78' lang='grc' dir='ltr'><strong>εἰς</strong></span> <span class='ocrx_word' id='word_1_303' title='bbox 264 3052 382 3118; x_wconf 82' lang='grc' dir='ltr'>τὴν</span> <span class='ocrx_word' id='word_1_304' title='bbox 418 3052 711 3120; x_wconf 74' lang='grc' dir='ltr'>,βοήθειάν</span> <span class='ocrx_word' id='word_1_305' title='bbox 737 3070 856 3121; x_wconf 82' lang='grc' dir='ltr'><strong>μου</strong></span> <span class='ocrx_word' id='word_1_306' title='bbox 891 3056 1180 3121; x_wconf 79' lang='grc' dir='ltr'>πρόσχες,</span> <span class='ocrx_word' id='word_1_307' title='bbox 1217 3055 1308 3105; x_wconf 78' lang='grc' dir='ltr'><strong>καὶ</strong></span> <span class='ocrx_word' id='word_1_308' title='bbox 1338 3053 1406 3109; x_wconf 79' lang='grc' dir='ltr'>τὰ</span> <span class='ocrx_word' id='word_1_309' title='bbox 1426 3054 1603 3123; x_wconf 86' lang='grc' dir='ltr'>ὅμοια.</span> <span class='ocrx_word' id='word_1_310' title='bbox 1632 3050 1722 3121; x_wconf 84' lang='grc' dir='ltr'><strong>Τῷ</strong></span> 
     </span>
    </p>
   </div>
   <div class='ocr_carea' id='block_1_44' title="bbox 1800 1886 3368 1958">
    <p class='ocr_par' dir='ltr' id='par_1_44' title="bbox 1800 1886 3368 1958">
     <span class='ocr_line' id='line_1_44' title="bbox 1800 1886 3368 1958; baseline 0.006 -24"><span class='ocrx_word' id='word_1_311' title='bbox 1800 1892 2028 1950; x_wconf 82' lang='lat' dir='ltr'><strong>ptatum,</strong></span> <span class='ocrx_word' id='word_1_312' title='bbox 2059 1899 2121 1937; x_wconf 78' lang='lat' dir='ltr'><strong>ex</strong></span> <span class='ocrx_word' id='word_1_313' title='bbox 2149 1886 2419 1955; x_wconf 86' lang='lat' dir='ltr'><strong>superbia,</strong></span> <span class='ocrx_word' id='word_1_314' title='bbox 2448 1897 2500 1940; x_wconf 90' lang='lat' dir='ltr'><strong>et</strong></span> <span class='ocrx_word' id='word_1_315' title='bbox 2529 1886 2833 1942; x_wconf 62' lang='lat' dir='ltr'><strong>daemonum</strong></span> <span class='ocrx_word' id='word_1_316' title='bbox 2869 1890 3106 1958; x_wconf 87' lang='lat' dir='ltr'><strong>ipsormn</strong></span> <span class='ocrx_word' id='word_1_317' title='bbox 3150 1891 3368 1943; x_wconf 82' lang='lat' dir='ltr'><strong>invidia.</strong></span> 
     </span>
    </p>
   </div>
   <div class='ocr_carea' id='block_1_45' title="bbox 1804 1972 3371 2048">
    <p class='ocr_par' dir='ltr' id='par_1_45' title="bbox 1804 1972 3371 2048">
     <span class='ocr_line' id='line_1_45' title="bbox 1804 1972 3371 2048; baseline 0.004 -21"><span class='ocrx_word' id='word_1_318' title='bbox 1804 1972 1992 2029; x_wconf 84' lang='lat' dir='ltr'><strong>Ultimi</strong></span> <span class='ocrx_word' id='word_1_319' title='bbox 2034 1986 2161 2029; x_wconf 90' lang='lat' dir='ltr'><strong>sunt</strong></span> <span class='ocrx_word' id='word_1_320' title='bbox 2189 1976 2351 2039; x_wconf 87' lang='lat' dir='ltr'><strong>beati,</strong></span> <span class='ocrx_word' id='word_1_321' title='bbox 2382 1978 2543 2032; x_wconf 86' lang='lat' dir='ltr'><strong>medii</strong></span> <span class='ocrx_word' id='word_1_322' title='bbox 2570 1979 2882 2043; x_wconf 87' lang='lat' dir='ltr'><strong>miserrimi,</strong></span> <span class='ocrx_word' id='word_1_323' title='bbox 2917 1981 3073 2048; x_wconf 90' lang='lat' dir='ltr'><strong>primi</strong></span> <span class='ocrx_word' id='word_1_324' title='bbox 3101 1990 3208 2033; x_wconf 86' lang='lat' dir='ltr'><strong>tota</strong></span> <span class='ocrx_word' id='word_1_325' title='bbox 3263 1983 3371 2033; x_wconf 84' lang='lat' dir='ltr'><strong>vita</strong></span> 
     </span>
    </p>
   </div>
   <div class='ocr_carea' id='block_1_46' title="bbox 1806 2062 3372 2138">
    <p class='ocr_par' dir='ltr' id='par_1_46' title="bbox 1806 2062 3372 2138">
     <span class='ocr_line' id='line_1_46' title="bbox 1806 2062 3372 2138; baseline 0.003 -24"><span class='ocrx_word' id='word_1_326' title='bbox 1806 2062 2043 2119; x_wconf 89' lang='lat' dir='ltr'><strong>inutiles.</strong></span> <span class='ocrx_word' id='word_1_327' title='bbox 2091 2064 2187 2121; x_wconf 87' lang='lat' dir='ltr'><strong>Est</strong></span> <span class='ocrx_word' id='word_1_328' title='bbox 2250 2068 2470 2136; x_wconf 84' lang='lat' dir='ltr'><strong>quidam</strong></span> <span class='ocrx_word' id='word_1_329' title='bbox 2520 2082 2736 2130; x_wconf 85' lang='lat' dir='ltr'><strong>sensus,</strong></span> <span class='ocrx_word' id='word_1_330' title='bbox 2782 2083 2877 2122; x_wconf 89' lang='lat' dir='ltr'><strong>seu</strong></span> <span class='ocrx_word' id='word_1_331' title='bbox 2916 2070 3097 2138; x_wconf 88' lang='lat' dir='ltr'><strong>potius</strong></span> <span class='ocrx_word' id='word_1_332' title='bbox 3138 2071 3372 2133; x_wconf 75' lang='lat' dir='ltr'><strong>habitus,</strong></span> 
     </span>
    </p>
   </div>
   <div class='ocr_carea' id='block_1_47' title="bbox 1807 2153 3370 2227">
    <p class='ocr_par' dir='ltr' id='par_1_47' title="bbox 1807 2153 3370 2227">
     <span class='ocr_line' id='line_1_47' title="bbox 1807 2153 3370 2227; baseline 0.005 -22"><span class='ocrx_word' id='word_1_333' title='bbox 1807 2153 2153 2223; x_wconf 87' lang='lat' dir='ltr'><strong>phereponus</strong></span> <span class='ocrx_word' id='word_1_334' title='bbox 2222 2156 2422 2220; x_wconf 89' lang='lat' dir='ltr'><strong>dictus,</strong></span> <span class='ocrx_word' id='word_1_335' title='bbox 2479 2158 2634 2226; x_wconf 87' lang='lat' dir='ltr'><strong>quasi</strong></span> <span class='ocrx_word' id='word_1_336' title='bbox 2687 2159 2838 2213; x_wconf 88' lang='lat' dir='ltr'><strong>dicas</strong></span> <span class='ocrx_word' id='word_1_337' title='bbox 2868 2159 3109 2213; x_wconf 82' lang='lat' dir='ltr'><strong>laborum</strong></span> <span class='ocrx_word' id='word_1_338' title='bbox 3144 2163 3370 2227; x_wconf 80' lang='lat' dir='ltr'><strong>patiens.</strong></span> 
     </span>
    </p>
   </div>
   <div class='ocr_carea' id='block_1_48' title="bbox 1807 2248 3375 2316">
    <p class='ocr_par' dir='ltr' id='par_1_48' title="bbox 1807 2248 3375 2316">
     <span class='ocr_line' id='line_1_48' title="bbox 1807 2248 3375 2316; baseline 0.004 -20"><span class='ocrx_word' id='word_1_339' title='bbox 1807 2257 1917 2311; x_wconf 88' lang='lat' dir='ltr'><strong>quo</strong></span> <span class='ocrx_word' id='word_1_340' title='bbox 1938 2254 2131 2313; x_wconf 87' lang='lat' dir='ltr'><strong>captus</strong></span> <span class='ocrx_word' id='word_1_341' title='bbox 2164 2253 2216 2299; x_wconf 86' lang='lat' dir='ltr'><strong>et</strong></span> <span class='ocrx_word' id='word_1_342' title='bbox 2239 2255 2535 2315; x_wconf 86' lang='lat' dir='ltr'><strong>occupatus</strong></span> <span class='ocrx_word' id='word_1_343' title='bbox 2565 2262 2672 2300; x_wconf 90' lang='lat' dir='ltr'><strong>non</strong></span> <span class='ocrx_word' id='word_1_344' title='bbox 2730 2248 2841 2315; x_wconf 86' lang='lat' dir='ltr'><strong>jam</strong></span> <span class='ocrx_word' id='word_1_345' title='bbox 2886 2248 3117 2316; x_wconf 89' lang='lat' dir='ltr'><strong>amplius</strong></span> <span class='ocrx_word' id='word_1_346' title='bbox 3165 2249 3375 2303; x_wconf 82' lang='lat' dir='ltr'><strong>labores</strong></span> 
     </span>
    </p>
   </div>
   <div class='ocr_carea' id='block_1_49' title="bbox 1813 2324 3374 2405">
    <p class='ocr_par' dir='ltr' id='par_1_49' title="bbox 1813 2324 3374 2405">
     <span class='ocr_line' id='line_1_49' title="bbox 1813 2324 3374 2405; baseline 0.004 -20"><span class='ocrx_word' id='word_1_347' title='bbox 1813 2332 1952 2387; x_wconf 88' lang='lat' dir='ltr'><strong>ullos</strong></span> <span class='ocrx_word' id='word_1_348' title='bbox 1987 2333 2317 2399; x_wconf 88' lang='lat' dir='ltr'><strong>formidahit,</strong></span> <span class='ocrx_word' id='word_1_349' title='bbox 2346 2345 2441 2389; x_wconf 85' lang='lat' dir='ltr'><strong>aut</strong></span> <span class='ocrx_word' id='word_1_350' title='bbox 2462 2352 2700 2405; x_wconf 89' lang='lat' dir='ltr'><strong>unquam</strong></span> <span class='ocrx_word' id='word_1_351' title='bbox 2734 2324 3021 2391; x_wconf 83' lang='lat' dir='ltr'><strong>recusabit.</strong></span> <span class='ocrx_word' id='word_1_352' title='bbox 3079 2338 3190 2392; x_wconf 90' lang='lat' dir='ltr'><strong>lloe</strong></span> <span class='ocrx_word' id='word_1_353' title='bbox 3229 2355 3374 2391; x_wconf 88' lang='lat' dir='ltr'><strong>sem-</strong></span> 
     </span>
    </p>
   </div>
   <div class='ocr_carea' id='block_1_50' title="bbox 1814 2422 3376 2495">
    <p class='ocr_par' dir='ltr' id='par_1_50' title="bbox 1814 2422 3376 2495">
     <span class='ocr_line' id='line_1_50' title="bbox 1814 2422 3376 2495; baseline 0.006 -23"><span class='ocrx_word' id='word_1_354' title='bbox 1814 2438 1909 2491; x_wconf 79' lang='lat' dir='ltr'><strong>per</strong></span> <span class='ocrx_word' id='word_1_355' title='bbox 1940 2422 2192 2477; x_wconf 87' lang='lat' dir='ltr'><strong>laudabili</strong></span> <span class='ocrx_word' id='word_1_356' title='bbox 2223 2434 2276 2478; x_wconf 84' lang='lat' dir='ltr'><strong>et</strong></span> <span class='ocrx_word' id='word_1_357' title='bbox 2296 2426 2638 2493; x_wconf 67' lang='lat' dir='ltr'><strong>prmdicando</strong></span> <span class='ocrx_word' id='word_1_358' title='bbox 2670 2426 2885 2481; x_wconf 90' lang='lat' dir='ltr'><strong>virtutis</strong></span> <span class='ocrx_word' id='word_1_359' title='bbox 2924 2442 3085 2480; x_wconf 89' lang='lat' dir='ltr'><strong>sensu</strong></span> <span class='ocrx_word' id='word_1_360' title='bbox 3112 2437 3165 2480; x_wconf 89' lang='lat' dir='ltr'><strong>et</strong></span> <span class='ocrx_word' id='word_1_361' title='bbox 3185 2427 3376 2495; x_wconf 83' lang='lat' dir='ltr'><strong>spiritu</strong></span> 
     </span>
    </p>
   </div>
   <div class='ocr_carea' id='block_1_51' title="bbox 1814 2513 3382 2584">
    <p class='ocr_par' dir='ltr' id='par_1_51' title="bbox 1814 2513 3382 2584">
     <span class='ocr_line' id='line_1_51' title="bbox 1814 2513 3382 2584; baseline 0.004 -18"><span class='ocrx_word' id='word_1_362' title='bbox 1814 2513 2056 2567; x_wconf 77' lang='lat' dir='ltr'><strong>formata.-</strong></span> <span class='ocrx_word' id='word_1_363' title='bbox 2096 2525 2392 2584; x_wconf 82' lang='lat' dir='ltr'><strong>martyrum</strong></span> <span class='ocrx_word' id='word_1_364' title='bbox 2449 2516 2643 2569; x_wconf 66' lang='lat' dir='ltr'><strong>animae</strong></span> <span class='ocrx_word' id='word_1_365' title='bbox 2696 2516 2877 2569; x_wconf 86' lang='lat' dir='ltr'><strong>omnia</strong></span> <span class='ocrx_word' id='word_1_366' title='bbox 2921 2526 3184 2571; x_wconf 82' lang='lat' dir='ltr'><strong>tormenta</strong></span> <span class='ocrx_word' id='word_1_367' title='bbox 3223 2517 3382 2572; x_wconf 86' lang='lat' dir='ltr'><strong>facile</strong></span> 
     </span>
    </p>
   </div>
   <div class='ocr_carea' id='block_1_52' title="bbox 1819 2605 3377 2675">
    <p class='ocr_par' dir='ltr' id='par_1_52' title="bbox 1819 2605 3377 2675">
     <span class='ocr_line' id='line_1_52' title="bbox 1819 2605 3377 2675; baseline 0.003 -20"><span class='ocrx_word' id='word_1_368' title='bbox 1819 2613 2285 2672; x_wconf 83' lang='lat' dir='ltr'><strong>contempserunt.</strong></span> <span class='ocrx_word' id='word_1_369' title='bbox 2331 2605 2489 2659; x_wconf 83' lang='lat' dir='ltr'><strong>Aliud</strong></span> <span class='ocrx_word' id='word_1_370' title='bbox 2551 2614 2635 2659; x_wconf 89' lang='lat' dir='ltr'><strong>est</strong></span> <span class='ocrx_word' id='word_1_371' title='bbox 2686 2605 2935 2659; x_wconf 85' lang='lat' dir='ltr'><strong>custodia</strong></span> <span class='ocrx_word' id='word_1_372' title='bbox 2963 2608 3377 2675; x_wconf 82' lang='lat' dir='ltr'><strong>cogitationum,</strong></span> 
     </span>
    </p>
   </div>
   <div class='ocr_carea' id='block_1_53' title="bbox 1815 2694 3378 2762">
    <p class='ocr_par' dir='ltr' id='par_1_53' title="bbox 1815 2694 3378 2762">
     <span class='ocr_line' id='line_1_53' title="bbox 1815 2694 3378 2762; baseline 0.003 -15"><span class='ocrx_word' id='word_1_373' title='bbox 1815 2701 1871 2747; x_wconf 88' lang='lat' dir='ltr'><strong>et</strong></span> <span class='ocrx_word' id='word_1_374' title='bbox 1931 2694 2075 2748; x_wconf 82' lang='lat' dir='ltr'><strong>aliud</strong></span> <span class='ocrx_word' id='word_1_375' title='bbox 2136 2695 2444 2751; x_wconf 80' lang='lat' dir='ltr'><strong>observatio</strong></span> <span class='ocrx_word' id='word_1_376' title='bbox 2492 2697 2709 2752; x_wconf 89' lang='lat' dir='ltr'><strong>mentis.</strong></span> <span class='ocrx_word' id='word_1_377' title='bbox 2735 2696 3007 2762; x_wconf 84' lang='lat' dir='ltr'><strong>Quantum</strong></span> <span class='ocrx_word' id='word_1_378' title='bbox 3034 2699 3197 2752; x_wconf 83' lang='lat' dir='ltr'><strong>distat</strong></span> <span class='ocrx_word' id='word_1_379' title='bbox 3225 2710 3378 2752; x_wconf 91' lang='lat' dir='ltr'><strong>ortus</strong></span> 
     </span>
    </p>
   </div>
   <div class='ocr_carea' id='block_1_54' title="bbox 1820 2785 3378 2856">
    <p class='ocr_par' dir='ltr' id='par_1_54' title="bbox 1820 2785 3378 2856">
     <span class='ocr_line' id='line_1_54' title="bbox 1820 2785 3378 2856; baseline 0.002 -19"><span class='ocrx_word' id='word_1_380' title='bbox 1820 2786 1888 2838; x_wconf 86' lang='lat' dir='ltr'><strong>ab</strong></span> <span class='ocrx_word' id='word_1_381' title='bbox 1921 2785 2218 2850; x_wconf 86' lang='lat' dir='ltr'><strong>occidente,</strong></span> <span class='ocrx_word' id='word_1_382' title='bbox 2253 2795 2403 2840; x_wconf 90' lang='lat' dir='ltr'><strong>tanto</strong></span> <span class='ocrx_word' id='word_1_383' title='bbox 2433 2787 2666 2840; x_wconf 93' lang='lat' dir='ltr'><strong>nobilior</strong></span> <span class='ocrx_word' id='word_1_384' title='bbox 2694 2795 2748 2840; x_wconf 92' lang='lat' dir='ltr'><strong>et</strong></span> <span class='ocrx_word' id='word_1_385' title='bbox 2777 2788 3058 2842; x_wconf 88' lang='lat' dir='ltr'><strong>sublimior</strong></span> <span class='ocrx_word' id='word_1_386' title='bbox 3095 2799 3177 2841; x_wconf 90' lang='lat' dir='ltr'><strong>est</strong></span> <span class='ocrx_word' id='word_1_387' title='bbox 3202 2788 3378 2856; x_wconf 89' lang='lat' dir='ltr'><strong>priore</strong></span> 
     </span>
    </p>
   </div>
   <div class='ocr_carea' id='block_1_55' title="bbox 1822 2875 3381 2944">
    <p class='ocr_par' dir='ltr' id='par_1_55' title="bbox 1822 2875 3381 2944">
     <span class='ocr_line' id='line_1_55' title="bbox 1822 2875 3381 2944; baseline 0.003 -17"><span class='ocrx_word' id='word_1_388' title='bbox 1822 2875 2010 2937; x_wconf 85' lang='lat' dir='ltr'><strong>altera,</strong></span> <span class='ocrx_word' id='word_1_389' title='bbox 2045 2876 2295 2944; x_wconf 78' lang='lat' dir='ltr'><strong>quamvis</strong></span> <span class='ocrx_word' id='word_1_390' title='bbox 2318 2875 2643 2931; x_wconf 87' lang='lat' dir='ltr'><strong>laboriosior</strong></span> <span class='ocrx_word' id='word_1_391' title='bbox 2670 2878 2740 2931; x_wconf 91' lang='lat' dir='ltr'><strong>sit</strong></span> <span class='ocrx_word' id='word_1_392' title='bbox 2768 2878 2887 2931; x_wconf 61' lang='lat' dir='ltr'><strong>haec</strong></span> <span class='ocrx_word' id='word_1_393' title='bbox 2922 2878 3030 2930; x_wconf 90' lang='lat' dir='ltr'><strong>illa.</strong></span> <span class='ocrx_word' id='word_1_394' title='bbox 3070 2878 3228 2931; x_wconf 85' lang='lat' dir='ltr'><strong>Aliud</strong></span> <span class='ocrx_word' id='word_1_395' title='bbox 3284 2878 3381 2931; x_wconf 84' lang='lat' dir='ltr'><strong>ad-</strong></span> 
     </span>
    </p>
   </div>
   <div class='ocr_carea' id='block_1_56' title="bbox 1826 2966 3382 3035">
    <p class='ocr_par' dir='ltr' id='par_1_56' title="bbox 1826 2966 3382 3035">
     <span class='ocr_line' id='line_1_56' title="bbox 1826 2966 3382 3035; baseline 0.001 -17"><span class='ocrx_word' id='word_1_396' title='bbox 1826 2981 2012 3020; x_wconf 85' lang='lat' dir='ltr'><strong>versus</strong></span> <span class='ocrx_word' id='word_1_397' title='bbox 2035 2966 2392 3035; x_wconf 80' lang='lat' dir='ltr'><strong>cogitationes</strong></span> <span class='ocrx_word' id='word_1_398' title='bbox 2422 2982 2608 3034; x_wconf 86' lang='lat' dir='ltr'><strong>preces</strong></span> <span class='ocrx_word' id='word_1_399' title='bbox 2647 2967 2922 3029; x_wconf 87' lang='lat' dir='ltr'><strong>adhibere,</strong></span> <span class='ocrx_word' id='word_1_400' title='bbox 2971 2968 3114 3020; x_wconf 87' lang='lat' dir='ltr'><strong>aliud</strong></span> <span class='ocrx_word' id='word_1_401' title='bbox 3156 2968 3261 3022; x_wconf 91' lang='lat' dir='ltr'><strong>illis</strong></span> <span class='ocrx_word' id='word_1_402' title='bbox 3296 2983 3382 3021; x_wconf 89' lang='lat' dir='ltr'><strong>re-</strong></span> 
     </span>
    </p>
   </div>
   <div class='ocr_carea' id='block_1_57' title="bbox 1826 3056 3387 3126">
    <p class='ocr_par' dir='ltr' id='par_1_57' title="bbox 1826 3056 3387 3126">
     <span class='ocr_line' id='line_1_57' title="bbox 1826 3056 3387 3126; baseline 0.001 -17"><span class='ocrx_word' id='word_1_403' title='bbox 1826 3071 2084 3125; x_wconf 77' lang='lat' dir='ltr'><strong>pugnare,</strong></span> <span class='ocrx_word' id='word_1_404' title='bbox 2137 3057 2282 3110; x_wconf 88' lang='lat' dir='ltr'><strong>aliud</strong></span> <span class='ocrx_word' id='word_1_405' title='bbox 2340 3056 2557 3111; x_wconf 88' lang='lat' dir='ltr'><strong>easdem</strong></span> <span class='ocrx_word' id='word_1_406' title='bbox 2581 3065 2925 3111; x_wconf 88' lang='lat' dir='ltr'><strong>contemnere</strong></span> <span class='ocrx_word' id='word_1_407' title='bbox 2962 3067 3017 3112; x_wconf 93' lang='lat' dir='ltr'><strong>et</strong></span> <span class='ocrx_word' id='word_1_408' title='bbox 3047 3058 3255 3126; x_wconf 83' lang='lat' dir='ltr'><strong>penitus</strong></span> <span class='ocrx_word' id='word_1_409' title='bbox 3294 3076 3387 3112; x_wconf 88' lang='lat' dir='ltr'><strong>su-</strong></span> 
     </span>
    </p>
   </div>
   <div class='ocr_carea' id='block_1_58' title="bbox 135 3141 1726 3216">
    <p class='ocr_par' dir='ltr' id='par_1_58' title="bbox 135 3141 1724 3215">
     <span class='ocr_line' id='line_1_58' title="bbox 135 3141 1724 3215; baseline -0.001 -20"><span class='ocrx_word' id='word_1_410' title='bbox 135 3142 201 3195; x_wconf 68' lang='lat'><strong>6&#39;:</strong></span> <span class='ocrx_word' id='word_1_411' title='bbox 229 3141 469 3213; x_wconf 73' lang='grc' dir='ltr'>δευτέρῳ</span> <span class='ocrx_word' id='word_1_412' title='bbox 497 3145 528 3197; x_wconf 90' lang='grc' dir='ltr'><strong>ό</strong></span> <span class='ocrx_word' id='word_1_413' title='bbox 548 3145 725 3213; x_wconf 86' lang='grc' dir='ltr'>φήσας</span> <span class='ocrx_word' id='word_1_414' title='bbox 749 3159 763 3172; x_wconf 86' lang='grc'><strong>·</strong></span> <span class='ocrx_word' id='word_1_415' title='bbox 790 3144 898 3197; x_wconf 77' lang='grc' dir='ltr'><strong>Καὶ</strong></span> <span class='ocrx_word' id='word_1_416' title='bbox 932 3143 1404 3215; x_wconf 79' lang='grc' dir='ltr'>ἁποκριθήσομαι</span> <span class='ocrx_word' id='word_1_417' title='bbox 1430 3142 1552 3207; x_wconf 82' lang='grc' dir='ltr'>τοῖς</span> <span class='ocrx_word' id='word_1_418' title='bbox 1576 3142 1724 3194; x_wconf 81' lang='grc' dir='ltr'>ὀνει-</span> 
     </span>
    </p>
   </div>
   <div class='ocr_carea' id='block_1_59' title="bbox 1820 3141 3385 3216">
    <p class='ocr_par' dir='ltr' id='par_1_59' title="bbox 1828 3145 3385 3216">
     <span class='ocr_line' id='line_1_59' title="bbox 1828 3145 3385 3216; baseline 0.002 -18"><span class='ocrx_word' id='word_1_419' title='bbox 1828 3160 2035 3214; x_wconf 81' lang='lat' dir='ltr'><strong>perare.</strong></span> <span class='ocrx_word' id='word_1_420' title='bbox 2076 3145 2150 3199; x_wconf 87' lang='lat' dir='ltr'><strong>De</strong></span> <span class='ocrx_word' id='word_1_421' title='bbox 2206 3146 2381 3213; x_wconf 92' lang='lat' dir='ltr'><strong>primo</strong></span> <span class='ocrx_word' id='word_1_422' title='bbox 2410 3146 2569 3199; x_wconf 89' lang='lat' dir='ltr'><strong>modo</strong></span> <span class='ocrx_word' id='word_1_423' title='bbox 2589 3154 2817 3200; x_wconf 81' lang='lat' dir='ltr'><strong>testatur</strong></span> <span class='ocrx_word' id='word_1_424' title='bbox 2850 3148 2896 3201; x_wconf 92' lang='lat' dir='ltr'><strong>is</strong></span> <span class='ocrx_word' id='word_1_425' title='bbox 2925 3148 3015 3216; x_wconf 87' lang='lat' dir='ltr'><strong>qui</strong></span> <span class='ocrx_word' id='word_1_426' title='bbox 3039 3149 3212 3201; x_wconf 81' lang='lat' dir='ltr'><strong>dixit:</strong></span> <span class='ocrx_word' id='word_1_427' title='bbox 3250 3147 3385 3202; x_wconf 77' lang='lat' dir='ltr'><strong>Deus</strong></span> 
     </span>
    </p>
   </div>
   <div class='ocr_carea' id='block_1_60' title="bbox 136 3231 1712 3307">
    <p class='ocr_par' dir='ltr' id='par_1_60' title="bbox 136 3231 1712 3307">
     <span class='ocr_line' id='line_1_60' title="bbox 136 3231 1712 3307; baseline -0.006 -14"><span class='ocrx_word' id='word_1_428' title='bbox 136 3238 423 3307; x_wconf 74' lang='grc' dir='ltr'>διζουσίν</span> <span class='ocrx_word' id='word_1_429' title='bbox 471 3251 576 3305; x_wconf 76' lang='grc' dir='ltr'><strong>μοι</strong></span> <span class='ocrx_word' id='word_1_430' title='bbox 622 3235 810 3303; x_wconf 59' lang='grc' dir='ltr'>λόγον</span> <span class='ocrx_word' id='word_1_431' title='bbox 849 3234 1282 3302; x_wconf 77' lang='grc' dir='ltr'>ἁντιρῤητικόν.</span> <span class='ocrx_word' id='word_1_432' title='bbox 1352 3233 1462 3286; x_wconf 79' lang='grc' dir='ltr'><strong>Καὶ</strong></span> <span class='ocrx_word' id='word_1_433' title='bbox 1511 3231 1671 3284; x_wconf 78' lang='grc' dir='ltr'>πάλιν</span> <span class='ocrx_word' id='word_1_434' title='bbox 1696 3246 1712 3262; x_wconf 76' lang='grc'><strong><em>⁸</em></strong></span> 
     </span>
    </p>
   </div>
   <div class='ocr_carea' id='block_1_61' title="bbox 139 3319 1714 3398">
    <p class='ocr_par' dir='ltr' id='par_1_61' title="bbox 139 3319 1714 3398">
     <span class='ocr_line' id='line_1_61' title="bbox 139 3319 1714 3398; baseline -0.006 -14"><span class='ocrx_word' id='word_1_435' title='bbox 139 3326 333 3384; x_wconf 75' lang='grc' dir='ltr'><strong>Ἔθυυ</strong></span> <span class='ocrx_word' id='word_1_436' title='bbox 375 3326 539 3398; x_wconf 70' lang='grc' dir='ltr'>ἡμᾶς</span> <span class='ocrx_word' id='word_1_437' title='bbox 580 3328 668 3393; x_wconf 79' lang='grc' dir='ltr'><strong>εἰς</strong></span> <span class='ocrx_word' id='word_1_438' title='bbox 708 3325 1056 3394; x_wconf 73' lang='grc' dir='ltr'>ἀντιλογίαν</span> <span class='ocrx_word' id='word_1_439' title='bbox 1085 3323 1210 3389; x_wconf 83' lang='grc' dir='ltr'>τοῖς</span> <span class='ocrx_word' id='word_1_440' title='bbox 1248 3324 1510 3394; x_wconf 75' lang='grc' dir='ltr'>γείτοσιν</span> <span class='ocrx_word' id='word_1_441' title='bbox 1528 3319 1714 3389; x_wconf 73' lang='grc' dir='ltr'>ἡμῶν.</span> 
     </span>
    </p>
   </div>
   <div class='ocr_carea' id='block_1_62' title="bbox 138 3412 1714 3489">
    <p class='ocr_par' dir='ltr' id='par_1_62' title="bbox 138 3412 1714 3489">
     <span class='ocr_line' id='line_1_62' title="bbox 138 3412 1714 3489; baseline -0.004 -18"><span class='ocrx_word' id='word_1_442' title='bbox 138 3417 263 3472; x_wconf 87' lang='grc' dir='ltr'>Τοῦ</span> <span class='ocrx_word' id='word_1_443' title='bbox 318 3416 377 3471; x_wconf 68' lang='grc' dir='ltr'>δὲ</span> <span class='ocrx_word' id='word_1_444' title='bbox 424 3418 612 3489; x_wconf 87' lang='grc' dir='ltr'>τρίτου</span> <span class='ocrx_word' id='word_1_445' title='bbox 653 3418 865 3487; x_wconf 84' lang='grc' dir='ltr'>μάρτυς</span> <span class='ocrx_word' id='word_1_446' title='bbox 888 3417 918 3467; x_wconf 86' lang='grc' dir='ltr'><strong>ό</strong></span> <span class='ocrx_word' id='word_1_447' title='bbox 957 3414 1310 3486; x_wconf 82' lang='grc' dir='ltr'>μελῳδήσας·</span> <span class='ocrx_word' id='word_1_448' title='bbox 1348 3412 1714 3481; x_wconf 62' lang='grc' dir='ltr'>Ἐκωφώθηη</span> 
     </span>
    </p>
   </div>
   <div class='ocr_carea' id='block_1_63' title="bbox 138 3502 1719 3583">
    <p class='ocr_par' dir='ltr' id='par_1_63' title="bbox 138 3502 1719 3583">
     <span class='ocr_line' id='line_1_63' title="bbox 138 3502 1719 3583; baseline -0.007 -18"><span class='ocrx_word' id='word_1_449' title='bbox 138 3509 254 3565; x_wconf 71' lang='grc' dir='ltr'>καὶ</span> <span class='ocrx_word' id='word_1_450' title='bbox 298 3510 413 3564; x_wconf 78' lang='grc' dir='ltr'>οὐκ</span> <span class='ocrx_word' id='word_1_451' title='bbox 457 3507 675 3578; x_wconf 73' lang='grc' dir='ltr'>ἣνοιξα</span> <span class='ocrx_word' id='word_1_452' title='bbox 704 3508 769 3562; x_wconf 84' lang='grc' dir='ltr'>τὸ</span> <span class='ocrx_word' id='word_1_453' title='bbox 798 3510 994 3577; x_wconf 78' lang='grc' dir='ltr'>στόμα</span> <span class='ocrx_word' id='word_1_454' title='bbox 1022 3524 1163 3583; x_wconf 83' lang='grc' dir='ltr'>μου,</span> <span class='ocrx_word' id='word_1_455' title='bbox 1185 3505 1281 3559; x_wconf 77' lang='grc' dir='ltr'>καὶ</span> <span class='ocrx_word' id='word_1_456' title='bbox 1310 3504 1532 3573; x_wconf 75' lang='grc' dir='ltr'>ἐθέμην</span> <span class='ocrx_word' id='word_1_457' title='bbox 1558 3502 1719 3568; x_wconf 84' lang='grc' dir='ltr'>αὐτῷ</span> 
     </span>
    </p>
   </div>
   <div class='ocr_carea' id='block_1_64' title="bbox 135 3594 1719 3672">
    <p class='ocr_par' dir='ltr' id='par_1_64' title="bbox 135 3594 1719 3672">
     <span class='ocr_line' id='line_1_64' title="bbox 135 3594 1719 3672; baseline -0.006 -17"><span class='ocrx_word' id='word_1_458' title='bbox 135 3598 529 3669; x_wconf 68' lang='grc' dir='ltr'>φυλακὴνὲν</span> <span class='ocrx_word' id='word_1_459' title='bbox 555 3598 636 3664; x_wconf 84' lang='grc' dir='ltr'>τῷ</span> <span class='ocrx_word' id='word_1_460' title='bbox 659 3597 963 3667; x_wconf 82' lang='grc' dir='ltr'>συστῆναι</span> <span class='ocrx_word' id='word_1_461' title='bbox 998 3594 1112 3672; x_wconf 68' lang='grc' dir='ltr'>τὸν</span> <span class='ocrx_word' id='word_1_462' title='bbox 1150 3595 1502 3666; x_wconf 69' lang='grc' dir='ltr'>ἁμαρτωλὸν</span> <span class='ocrx_word' id='word_1_463' title='bbox 1548 3595 1719 3647; x_wconf 78' lang='grc' dir='ltr'>ἐναν-</span> 
     </span>
    </p>
   </div>
   <div class='ocr_carea' id='block_1_65' title="bbox 136 3673 1722 3760">
    <p class='ocr_par' dir='ltr' id='par_1_65' title="bbox 136 3673 1722 3760">
     <span class='ocr_line' id='line_1_65' title="bbox 136 3673 1722 3760; baseline -0.008 -13"><span class='ocrx_word' id='word_1_464' title='bbox 136 3694 289 3760; x_wconf 72' lang='grc' dir='ltr'>τιον</span> <span class='ocrx_word' id='word_1_465' title='bbox 314 3707 458 3759; x_wconf 81' lang='grc' dir='ltr'>μου.</span> <span class='ocrx_word' id='word_1_466' title='bbox 509 3690 622 3743; x_wconf 80' lang='grc' dir='ltr'><strong>Καὶ</strong></span> <span class='ocrx_word' id='word_1_467' title='bbox 644 3673 813 3743; x_wconf 63' lang='grc' dir='ltr'>τπάλιν</span> <span class='ocrx_word' id='word_1_468' title='bbox 840 3704 857 3718; x_wconf 78' lang='grc'><strong><em>⁸</em></strong></span> <span class='ocrx_word' id='word_1_469' title='bbox 906 3678 1305 3756; x_wconf 68' lang='grc' dir='ltr'>’Υπερήερανοι</span> <span class='ocrx_word' id='word_1_470' title='bbox 1330 3684 1722 3752; x_wconf 78' lang='grc' dir='ltr'>παρηνόμουν</span> 
     </span>
    </p>
   </div>
   <div class='ocr_carea' id='block_1_66' title="bbox 78 3774 1721 3851">
    <p class='ocr_par' dir='ltr' id='par_1_66' title="bbox 78 3774 1721 3851">
     <span class='ocr_line' id='line_1_66' title="bbox 78 3774 1721 3851; baseline -0.008 -12"><span class='ocrx_word' id='word_1_471' title='bbox 78 3798 83 3799; x_wconf 63' lang='grc'><strong><em>⁷</em></strong></span> <span class='ocrx_word' id='word_1_472' title='bbox 134 3784 269 3846; x_wconf 72' lang='grc' dir='ltr'>ἕως</span> <span class='ocrx_word' id='word_1_473' title='bbox 292 3782 531 3851; x_wconf 76' lang='grc' dir='ltr'>σφόδρα</span> <span class='ocrx_word' id='word_1_474' title='bbox 559 3795 576 3812; x_wconf 88' lang='grc'><strong>·</strong></span> <span class='ocrx_word' id='word_1_475' title='bbox 616 3778 736 3834; x_wconf 74' lang='grc' dir='ltr'>ἀπὸ</span> <span class='ocrx_word' id='word_1_476' title='bbox 778 3778 848 3832; x_wconf 71' lang='grc' dir='ltr'>δὲ</span> <span class='ocrx_word' id='word_1_477' title='bbox 894 3777 1005 3847; x_wconf 80' lang='grc' dir='ltr'>τῆς</span> <span class='ocrx_word' id='word_1_478' title='bbox 1024 3776 1153 3844; x_wconf 82' lang='grc' dir='ltr'>σῆς</span> <span class='ocrx_word' id='word_1_479' title='bbox 1200 3777 1442 3844; x_wconf 75' lang='grc' dir='ltr'>θεωρίας</span> <span class='ocrx_word' id='word_1_480' title='bbox 1467 3774 1582 3843; x_wconf 75' lang='grc' dir='ltr'><strong>ἐγὼ</strong></span> <span class='ocrx_word' id='word_1_481' title='bbox 1610 3775 1721 3826; x_wconf 82' lang='grc' dir='ltr'>οὐκ</span> 
     </span>
    </p>
   </div>
   <div class='ocr_carea' id='block_1_67' title="bbox 133 3856 1722 3930">
    <p class='ocr_par' dir='ltr' id='par_1_67' title="bbox 133 3856 1722 3930">
     <span class='ocr_line' id='line_1_67' title="bbox 133 3856 1722 3930; baseline -0.006 -12"><span class='ocrx_word' id='word_1_482' title='bbox 133 3863 458 3928; x_wconf 63' lang='grc' dir='ltr'><strong>ἐξέκλιναζ</strong></span> <span class='ocrx_word' id='word_1_483' title='bbox 487 3860 704 3914; x_wconf 85' lang='grc' dir='ltr'>Τούτων</span> <span class='ocrx_word' id='word_1_484' title='bbox 731 3862 762 3912; x_wconf 86' lang='grc' dir='ltr'><strong>ό</strong></span> <span class='ocrx_word' id='word_1_485' title='bbox 790 3861 889 3930; x_wconf 68' lang='grc' dir='ltr'>μὲν</span> <span class='ocrx_word' id='word_1_486' title='bbox 913 3860 1076 3929; x_wconf 75' lang='grc' dir='ltr'>μέσος</span> <span class='ocrx_word' id='word_1_487' title='bbox 1095 3859 1175 3929; x_wconf 82' lang='grc' dir='ltr'>τῷ</span> <span class='ocrx_word' id='word_1_488' title='bbox 1191 3860 1440 3929; x_wconf 79' lang='grc' dir='ltr'>προτέρῳ</span> <span class='ocrx_word' id='word_1_489' title='bbox 1468 3856 1722 3917; x_wconf 80' lang='grc' dir='ltr'>πολλάκις</span> 
     </span>
    </p>
   </div>
   <div class='ocr_carea' id='block_1_68' title="bbox 134 3938 1723 4025">
    <p class='ocr_par' dir='ltr' id='par_1_68' title="bbox 134 3938 1723 4025">
     <span class='ocr_line' id='line_1_68' title="bbox 134 3938 1723 4025; baseline -0.01 -13"><span class='ocrx_word' id='word_1_490' title='bbox 134 3956 447 4025; x_wconf 69' lang='grc' dir='ltr'>κέχρηται,</span> <span class='ocrx_word' id='word_1_491' title='bbox 499 3951 593 4005; x_wconf 85' lang='grc' dir='ltr'>διὰ</span> <span class='ocrx_word' id='word_1_492' title='bbox 631 3949 697 4002; x_wconf 57' lang='grc' dir='ltr'>τε</span> <span class='ocrx_word' id='word_1_493' title='bbox 742 3938 1266 4023; x_wconf 78' lang='grc' dir='ltr'>ἀπαρασκεύαστον·</span> <span class='ocrx_word' id='word_1_494' title='bbox 1310 3951 1339 4001; x_wconf 84' lang='grc' dir='ltr'><strong>ό</strong></span> <span class='ocrx_word' id='word_1_495' title='bbox 1379 3948 1438 3999; x_wconf 76' lang='grc' dir='ltr'>δὲ</span> <span class='ocrx_word' id='word_1_496' title='bbox 1464 3948 1723 4015; x_wconf 85' lang='grc' dir='ltr'>πρότερος</span> 
     </span>
    </p>
   </div>
   <div class='ocr_carea' id='block_1_69' title="bbox 134 4028 1723 4115">
    <p class='ocr_par' dir='ltr' id='par_1_69' title="bbox 134 4028 1723 4115">
     <span class='ocr_line' id='line_1_69' title="bbox 134 4028 1723 4115; baseline -0.008 -14"><span class='ocrx_word' id='word_1_497' title='bbox 134 4046 312 4101; x_wconf 72' lang='grc' dir='ltr'>οὔπω</span> <span class='ocrx_word' id='word_1_498' title='bbox 358 4044 436 4115; x_wconf 83' lang='grc' dir='ltr'>τῷ</span> <span class='ocrx_word' id='word_1_499' title='bbox 468 4041 703 4113; x_wconf 63' lang='grc' dir='ltr'>δευτέρῳ</span> <span class='ocrx_word' id='word_1_500' title='bbox 734 4028 954 4111; x_wconf 64' lang='grc' dir='ltr'>τρόπῳί</span> <span class='ocrx_word' id='word_1_501' title='bbox 973 4038 1148 4108; x_wconf 82' lang='grc' dir='ltr'>ἰσχύει</span> <span class='ocrx_word' id='word_1_502' title='bbox 1182 4039 1309 4110; x_wconf 68' lang='grc' dir='ltr'>τοὺς</span> <span class='ocrx_word' id='word_1_503' title='bbox 1348 4038 1572 4107; x_wconf 69' lang='grc' dir='ltr'>ἀχοροὺς</span> <span class='ocrx_word' id='word_1_504' title='bbox 1612 4037 1723 4089; x_wconf 86' lang='grc' dir='ltr'>ἀπ-</span> 
     </span>
    </p>
   </div>
   <div class='ocr_carea' id='block_1_70' title="bbox 132 4128 1720 4204">
    <p class='ocr_par' dir='ltr' id='par_1_70' title="bbox 132 4128 1720 4204">
     <span class='ocr_line' id='line_1_70' title="bbox 132 4128 1720 4204; baseline -0.01 -11"><span class='ocrx_word' id='word_1_505' title='bbox 132 4137 425 4194; x_wconf 76' lang='grc' dir='ltr'>ώσασθαιο</span> <span class='ocrx_word' id='word_1_506' title='bbox 454 4132 760 4204; x_wconf 74' lang='grc' dir='ltr'>διδδτρίτος</span> <span class='ocrx_word' id='word_1_507' title='bbox 783 4134 866 4195; x_wconf 73' lang='grc' dir='ltr'><strong>εἰς</strong></span> <span class='ocrx_word' id='word_1_508' title='bbox 893 4129 1039 4183; x_wconf 73' lang='grc' dir='ltr'>ἅπαν</span> <span class='ocrx_word' id='word_1_509' title='bbox 1060 4129 1339 4200; x_wconf 74' lang='grc' dir='ltr'>δαιμόνων</span> <span class='ocrx_word' id='word_1_510' title='bbox 1363 4128 1720 4181; x_wconf 71' lang='grc' dir='ltr'>κατέπτυσεν.</span> 
     </span>
    </p>
   </div>
   <div class='ocr_carea' id='block_1_71' title="bbox 150 4215 1724 4300">
    <p class='ocr_par' dir='ltr' id='par_1_71' title="bbox 150 4215 1724 4300">
     <span class='ocr_line' id='line_1_71' title="bbox 150 4215 1724 4300; baseline -0.01 -17"><span class='ocrx_word' id='word_1_511' title='bbox 150 4229 479 4300; x_wconf 84' lang='grc' dir='ltr'>’Δμήχανον</span> <span class='ocrx_word' id='word_1_512' title='bbox 505 4221 748 4294; x_wconf 80' lang='grc' dir='ltr'>φυσικῶς</span> <span class='ocrx_word' id='word_1_513' title='bbox 782 4223 845 4277; x_wconf 80' lang='grc' dir='ltr'>τὸ</span> <span class='ocrx_word' id='word_1_514' title='bbox 884 4222 1174 4291; x_wconf 83' lang='grc' dir='ltr'>ἀσώματον</span> <span class='ocrx_word' id='word_1_515' title='bbox 1199 4219 1305 4273; x_wconf 72' lang='grc' dir='ltr'>ὑπὸ</span> <span class='ocrx_word' id='word_1_516' title='bbox 1334 4218 1428 4271; x_wconf 88' lang='grc' dir='ltr'><strong>τοῦ</strong></span> <span class='ocrx_word' id='word_1_517' title='bbox 1473 4215 1724 4287; x_wconf 85' lang='grc' dir='ltr'>σώματος</span> 
     </span>
    </p>
   </div>
   <div class='ocr_carea' id='block_1_72' title="bbox 132 4306 1721 4395">
    <p class='ocr_par' dir='ltr' id='par_1_72' title="bbox 132 4306 1721 4395">
     <span class='ocr_line' id='line_1_72' title="bbox 132 4306 1721 4395; baseline -0.011 -18"><span class='ocrx_word' id='word_1_518' title='bbox 132 4318 479 4395; x_wconf 79' lang='grc' dir='ltr'>ὁρίζεσθαιο</span> <span class='ocrx_word' id='word_1_519' title='bbox 541 4315 725 4374; x_wconf 60' lang='grc' dir='ltr'>πάντσέ</span> <span class='ocrx_word' id='word_1_520' title='bbox 766 4308 823 4369; x_wconf 65' lang='grc' dir='ltr'><strong>δὲ</strong></span> <span class='ocrx_word' id='word_1_521' title='bbox 863 4313 1065 4367; x_wconf 85' lang='grc' dir='ltr'>δύνατα</span> <span class='ocrx_word' id='word_1_522' title='bbox 1115 4309 1195 4381; x_wconf 83' lang='grc' dir='ltr'>τῷ</span> <span class='ocrx_word' id='word_1_523' title='bbox 1227 4309 1536 4380; x_wconf 84' lang='grc' dir='ltr'>κτισαμένῳ</span> <span class='ocrx_word' id='word_1_524' title='bbox 1583 4306 1721 4377; x_wconf 79' lang='grc' dir='ltr'>Θεῷ.</span> 
     </span>
    </p>
   </div>
   <div class='ocr_carea' id='block_1_73' title="bbox 136 4398 1727 4482">
    <p class='ocr_par' dir='ltr' id='par_1_73' title="bbox 136 4398 1727 4482">
     <span class='ocr_line' id='line_1_73' title="bbox 136 4398 1727 4482; baseline -0.01 -16"><span class='ocrx_word' id='word_1_525' title='bbox 136 4414 377 4482; x_wconf 83' lang='grc' dir='ltr'>Ὠσπερ</span> <span class='ocrx_word' id='word_1_526' title='bbox 407 4410 456 4462; x_wconf 85' lang='grc' dir='ltr'><strong>οἰ</strong></span> <span class='ocrx_word' id='word_1_527' title='bbox 482 4410 549 4479; x_wconf 77' lang='grc' dir='ltr'>τῇ</span> <span class='ocrx_word' id='word_1_528' title='bbox 575 4405 824 4477; x_wconf 81' lang='grc' dir='ltr'>αἰσθήσει</span> <span class='ocrx_word' id='word_1_529' title='bbox 850 4405 951 4474; x_wconf 83' lang='grc' dir='ltr'>τῆς</span> <span class='ocrx_word' id='word_1_530' title='bbox 971 4404 1288 4473; x_wconf 80' lang='grc' dir='ltr'>ὀσφρήσεως</span> <span class='ocrx_word' id='word_1_531' title='bbox 1326 4400 1494 4469; x_wconf 78' lang='grc' dir='ltr'>ὑγιῶς</span> <span class='ocrx_word' id='word_1_532' title='bbox 1522 4398 1727 4452; x_wconf 79' lang='grc' dir='ltr'>διακεί-</span> 
     </span>
    </p>
   </div>
   <div class='ocr_carea' id='block_1_74' title="bbox 1817 3234 3384 3305">
    <p class='ocr_par' dir='ltr' id='par_1_74' title="bbox 1817 3234 3384 3305">
     <span class='ocr_line' id='line_1_74' title="bbox 1817 3234 3384 3305; baseline 0.006 -20"><span class='ocrx_word' id='word_1_533' title='bbox 1817 3235 1869 3285; x_wconf 88' lang='lat' dir='ltr'><strong>in</strong></span> <span class='ocrx_word' id='word_1_534' title='bbox 1907 3234 2238 3302; x_wconf 84' lang='lat' dir='ltr'><strong>adjutorium</strong></span> <span class='ocrx_word' id='word_1_535' title='bbox 2266 3251 2435 3287; x_wconf 83' lang='lat' dir='ltr'><strong>meum</strong></span> <span class='ocrx_word' id='word_1_536' title='bbox 2457 3236 2663 3288; x_wconf 81' lang='lat' dir='ltr'><strong>intende</strong></span> <span class='ocrx_word' id='word_1_537' title='bbox 2683 3237 2748 3301; x_wconf 83' lang='grc'><strong>³⁸,</strong></span> <span class='ocrx_word' id='word_1_538' title='bbox 2775 3245 2828 3289; x_wconf 86' lang='lat' dir='ltr'><strong>ct</strong></span> <span class='ocrx_word' id='word_1_539' title='bbox 2851 3238 2953 3291; x_wconf 92' lang='lat' dir='ltr'><strong>hoc</strong></span> <span class='ocrx_word' id='word_1_540' title='bbox 2975 3254 3142 3305; x_wconf 79' lang='lat' dir='ltr'><strong>genus</strong></span> <span class='ocrx_word' id='word_1_541' title='bbox 3164 3240 3384 3295; x_wconf 82' lang='lat' dir='ltr'><strong>similia.</strong></span> 
     </span>
    </p>
   </div>
   <div class='ocr_carea' id='block_1_75' title="bbox 1820 3314 3386 3392">
    <p class='ocr_par' dir='ltr' id='par_1_75' title="bbox 1820 3314 3386 3392">
     <span class='ocr_line' id='line_1_75' title="bbox 1820 3314 3386 3392; baseline 0.004 -18"><span class='ocrx_word' id='word_1_542' title='bbox 1820 3322 1894 3377; x_wconf 90' lang='lat' dir='ltr'><strong>De</strong></span> <span class='ocrx_word' id='word_1_543' title='bbox 1919 3323 2088 3377; x_wconf 84' lang='lat' dir='ltr'><strong>altero</strong></span> <span class='ocrx_word' id='word_1_544' title='bbox 2120 3324 2296 3377; x_wconf 89' lang='lat' dir='ltr'><strong>idem:</strong></span> <span class='ocrx_word' id='word_1_545' title='bbox 2335 3322 2403 3376; x_wconf 85' lang='lat' dir='ltr'><strong>Et</strong></span> <span class='ocrx_word' id='word_1_546' title='bbox 2440 3325 2756 3392; x_wconf 75' lang='lat' dir='ltr'><strong>respondebo</strong></span> <span class='ocrx_word' id='word_1_547' title='bbox 2783 3314 3235 3392; x_wconf 67' lang='lat' dir='ltr'><strong>exprobrantibus</strong></span> <span class='ocrx_word' id='word_1_548' title='bbox 3258 3329 3386 3381; x_wconf 81' lang='lat' dir='ltr'><strong>mihi</strong></span> 
     </span>
    </p>
   </div>
   <div class='ocr_carea' id='block_1_76' title="bbox 1818 3413 3391 3481">
    <p class='ocr_par' dir='ltr' id='par_1_76' title="bbox 1818 3413 3391 3481">
     <span class='ocr_line' id='line_1_76' title="bbox 1818 3413 3391 3481; baseline 0.001 -16"><span class='ocrx_word' id='word_1_549' title='bbox 1818 3413 2027 3465; x_wconf 84' lang='lat' dir='ltr'><strong>verbum</strong></span> <span class='ocrx_word' id='word_1_550' title='bbox 2057 3413 2124 3476; x_wconf 75' lang='grc'><strong>³³,</strong></span> <span class='ocrx_word' id='word_1_551' title='bbox 2162 3413 2608 3467; x_wconf 88' lang='lat' dir='ltr'><strong>cuntradictionis</strong></span> <span class='ocrx_word' id='word_1_552' title='bbox 2635 3428 2847 3481; x_wconf 87' lang='lat' dir='ltr'><strong>nempe.</strong></span> <span class='ocrx_word' id='word_1_553' title='bbox 2876 3413 2939 3467; x_wconf 79' lang='lat' dir='ltr'><strong>Et</strong></span> <span class='ocrx_word' id='word_1_554' title='bbox 2967 3430 3214 3468; x_wconf 86' lang='lat' dir='ltr'><strong>rursum:</strong></span> <span class='ocrx_word' id='word_1_555' title='bbox 3277 3413 3391 3468; x_wconf 63' lang='grc' dir='ltr'>Ροε</span> 
     </span>
    </p>
   </div>
   <div class='ocr_carea' id='block_1_77' title="bbox 1819 3504 3391 3560">
    <p class='ocr_par' dir='ltr' id='par_1_77' title="bbox 1819 3504 3391 3560">
     <span class='ocr_line' id='line_1_77' title="bbox 1819 3504 3391 3560; baseline 0.003 -4"><span class='ocrx_word' id='word_1_556' title='bbox 1819 3504 2089 3556; x_wconf 74' lang='lat' dir='ltr'><strong>suistinos</strong></span> <span class='ocrx_word' id='word_1_557' title='bbox 2122 3504 2178 3557; x_wconf 85' lang='lat' dir='ltr'><strong>in</strong></span> <span class='ocrx_word' id='word_1_558' title='bbox 2208 3504 2677 3557; x_wconf 85' lang='lat' dir='ltr'><strong>contradictionem</strong></span> <span class='ocrx_word' id='word_1_559' title='bbox 2720 3505 2906 3558; x_wconf 75' lang='lat' dir='ltr'><strong>vicini:</strong></span> <span class='ocrx_word' id='word_1_560' title='bbox 2949 3505 3141 3557; x_wconf 71' lang='lat' dir='ltr'><strong>nostris</strong></span> <span class='ocrx_word' id='word_1_561' title='bbox 3191 3504 3257 3557; x_wconf 77' lang='grc' dir='ltr'><strong>⁸ο.</strong></span> <span class='ocrx_word' id='word_1_562' title='bbox 3315 3504 3391 3560; x_wconf 85' lang='lat' dir='ltr'><strong>De</strong></span> 
     </span>
    </p>
   </div>
   <div class='ocr_carea' id='block_1_78' title="bbox 1820 3596 3392 3667">
    <p class='ocr_par' dir='ltr' id='par_1_78' title="bbox 1820 3596 3392 3667">
     <span class='ocr_line' id='line_1_78' title="bbox 1820 3596 3392 3667; baseline 0.001 -18"><span class='ocrx_word' id='word_1_563' title='bbox 1820 3608 2092 3665; x_wconf 87' lang='lat' dir='ltr'><strong>postremo</strong></span> <span class='ocrx_word' id='word_1_564' title='bbox 2123 3605 2347 3651; x_wconf 76' lang='lat' dir='ltr'><strong>testatur</strong></span> <span class='ocrx_word' id='word_1_565' title='bbox 2367 3598 2453 3665; x_wconf 88' lang='lat' dir='ltr'><strong>qui</strong></span> <span class='ocrx_word' id='word_1_566' title='bbox 2487 3598 2720 3650; x_wconf 85' lang='lat' dir='ltr'><strong>cecinit:</strong></span> <span class='ocrx_word' id='word_1_567' title='bbox 2770 3596 3023 3650; x_wconf 75' lang='lat' dir='ltr'><strong>Obmutui</strong></span> <span class='ocrx_word' id='word_1_568' title='bbox 3054 3608 3102 3650; x_wconf 82' lang='lat' dir='ltr'><strong>et</strong></span> <span class='ocrx_word' id='word_1_569' title='bbox 3130 3612 3230 3651; x_wconf 89' lang='lat' dir='ltr'><strong>non</strong></span> <span class='ocrx_word' id='word_1_570' title='bbox 3263 3614 3392 3667; x_wconf 87' lang='lat' dir='ltr'><strong>ape-</strong></span> 
     </span>
    </p>
   </div>
   <div class='ocr_carea' id='block_1_79' title="bbox 1825 3687 3394 3754">
    <p class='ocr_par' dir='ltr' id='par_1_79' title="bbox 1825 3687 3394 3754">
     <span class='ocr_line' id='line_1_79' title="bbox 1825 3687 3394 3754; baseline 0.003 -17"><span class='ocrx_word' id='word_1_571' title='bbox 1825 3687 1913 3737; x_wconf 85' lang='lat' dir='ltr'><strong>rui</strong></span> <span class='ocrx_word' id='word_1_572' title='bbox 1942 3702 1999 3739; x_wconf 84' lang='grc' dir='ltr'><strong>οε</strong></span> <span class='ocrx_word' id='word_1_573' title='bbox 2035 3702 2225 3751; x_wconf 84' lang='lat' dir='ltr'><strong>meum,</strong></span> <span class='ocrx_word' id='word_1_574' title='bbox 2251 3696 2299 3739; x_wconf 86' lang='lat' dir='ltr'><strong>et</strong></span> <span class='ocrx_word' id='word_1_575' title='bbox 2338 3688 2487 3754; x_wconf 77' lang='lat' dir='ltr'><strong>posui</strong></span> <span class='ocrx_word' id='word_1_576' title='bbox 2519 3688 2596 3739; x_wconf 84' lang='lat' dir='ltr'><strong>ori</strong></span> <span class='ocrx_word' id='word_1_577' title='bbox 2624 3702 2735 3739; x_wconf 83' lang='lat' dir='ltr'><strong>meo</strong></span> <span class='ocrx_word' id='word_1_578' title='bbox 2776 3688 3084 3753; x_wconf 73' lang='lat' dir='ltr'><strong>custodiam,</strong></span> <span class='ocrx_word' id='word_1_579' title='bbox 3125 3705 3240 3741; x_wconf 88' lang='lat' dir='ltr'><strong>cum</strong></span> <span class='ocrx_word' id='word_1_580' title='bbox 3271 3705 3394 3741; x_wconf 80' lang='lat' dir='ltr'><strong>con-</strong></span> 
     </span>
    </p>
   </div>
   <div class='ocr_carea' id='block_1_80' title="bbox 1822 3769 3414 3841">
    <p class='ocr_par' dir='ltr' id='par_1_80' title="bbox 1822 3769 3414 3841">
     <span class='ocr_line' id='line_1_80' title="bbox 1822 3769 3414 3841; baseline -0.001 -13"><span class='ocrx_word' id='word_1_581' title='bbox 1822 3777 2023 3828; x_wconf 74' lang='lat' dir='ltr'><strong>sisteret</strong></span> <span class='ocrx_word' id='word_1_582' title='bbox 2086 3784 2325 3841; x_wconf 85' lang='lat' dir='ltr'><strong>peccator</strong></span> <span class='ocrx_word' id='word_1_583' title='bbox 2387 3779 2662 3826; x_wconf 81' lang='lat' dir='ltr'><strong>adversum</strong></span> <span class='ocrx_word' id='word_1_584' title='bbox 2694 3789 2773 3826; x_wconf 89' lang='lat' dir='ltr'><strong>me</strong></span> <span class='ocrx_word' id='word_1_585' title='bbox 2806 3774 2870 3825; x_wconf 75' lang='lat'><strong>“.</strong></span> <span class='ocrx_word' id='word_1_586' title='bbox 2914 3773 2978 3825; x_wconf 84' lang='lat' dir='ltr'><strong>Et</strong></span> <span class='ocrx_word' id='word_1_587' title='bbox 3009 3775 3201 3829; x_wconf 79' lang='lat' dir='ltr'><strong>iterum</strong></span> <span class='ocrx_word' id='word_1_588' title='bbox 3238 3790 3251 3826; x_wconf 89' lang='lat'><strong>:</strong></span> <span class='ocrx_word' id='word_1_589' title='bbox 3289 3769 3414 3829; x_wconf 59' lang='grc' dir='ltr'>δια-⁸</span> 
     </span>
    </p>
   </div>
   <div class='ocr_carea' id='block_1_81' title="bbox 1820 3865 3396 3933">
    <p class='ocr_par' dir='ltr' id='par_1_81' title="bbox 1820 3865 3396 3933">
     <span class='ocr_line' id='line_1_81' title="bbox 1820 3865 3396 3933; baseline -0.001 -15"><span class='ocrx_word' id='word_1_590' title='bbox 1820 3866 1965 3933; x_wconf 85' lang='lat' dir='ltr'><strong>perbi</strong></span> <span class='ocrx_word' id='word_1_591' title='bbox 1990 3866 2161 3933; x_wconf 83' lang='lat' dir='ltr'><strong>inique</strong></span> <span class='ocrx_word' id='word_1_592' title='bbox 2187 3865 2408 3933; x_wconf 82' lang='lat' dir='ltr'><strong>agebant</strong></span> <span class='ocrx_word' id='word_1_593' title='bbox 2455 3881 2838 3933; x_wconf 79' lang='lat' dir='ltr'><strong>usquequaque,</strong></span> <span class='ocrx_word' id='word_1_594' title='bbox 2883 3881 2977 3933; x_wconf 84' lang='lat' dir='ltr'><strong>ego</strong></span> <span class='ocrx_word' id='word_1_595' title='bbox 3005 3876 3180 3918; x_wconf 76' lang='lat' dir='ltr'><strong>autem</strong></span> <span class='ocrx_word' id='word_1_596' title='bbox 3206 3882 3238 3917; x_wconf 92' lang='lat' dir='ltr'><strong>a</strong></span> <span class='ocrx_word' id='word_1_597' title='bbox 3270 3882 3396 3917; x_wconf 80' lang='lat' dir='ltr'><strong>con-</strong></span> 
     </span>
    </p>
   </div>
   <div class='ocr_carea' id='block_1_82' title="bbox 1828 3953 3393 4023">
    <p class='ocr_par' dir='ltr' id='par_1_82' title="bbox 1828 3953 3393 4023">
     <span class='ocr_line' id='line_1_82' title="bbox 1828 3953 3393 4023; baseline 0.002 -18"><span class='ocrx_word' id='word_1_598' title='bbox 1828 3955 2171 4022; x_wconf 81' lang='lat' dir='ltr'><strong>templatione</strong></span> <span class='ocrx_word' id='word_1_599' title='bbox 2236 3953 2254 4023; x_wconf 77' lang='grc' dir='ltr'>ι</span> <span class='ocrx_word' id='word_1_600' title='bbox 2283 3964 2559 4021; x_wconf 82' lang='lat' dir='ltr'><strong>conspectu</strong></span> <span class='ocrx_word' id='word_1_601' title='bbox 2625 3953 2754 4023; x_wconf 85' lang='lat' dir='ltr'><strong>tuo]</strong></span> <span class='ocrx_word' id='word_1_602' title='bbox 2789 3956 2866 4012; x_wconf 80' lang='lat' dir='ltr'><strong>tui</strong></span> <span class='ocrx_word' id='word_1_603' title='bbox 2906 3970 3008 4007; x_wconf 86' lang='lat' dir='ltr'><strong>non</strong></span> <span class='ocrx_word' id='word_1_604' title='bbox 3035 3956 3291 4008; x_wconf 72' lang='lat' dir='ltr'><strong>declinari</strong></span> <span class='ocrx_word' id='word_1_605' title='bbox 3325 3957 3393 4008; x_wconf 71' lang='grc' dir='ltr'><strong>δ’.</strong></span> 
     </span>
    </p>
   </div>
   <div class='ocr_carea' id='block_1_83' title="bbox 1824 4043 3395 4112">
    <p class='ocr_par' dir='ltr' id='par_1_83' title="bbox 1824 4043 3395 4112">
     <span class='ocr_line' id='line_1_83' title="bbox 1824 4043 3395 4112; baseline -0.001 -14"><span class='ocrx_word' id='word_1_606' title='bbox 1824 4044 1901 4098; x_wconf 81' lang='lat' dir='ltr'><strong>Ex</strong></span> <span class='ocrx_word' id='word_1_607' title='bbox 1967 4044 2053 4098; x_wconf 87' lang='lat' dir='ltr'><strong>his</strong></span> <span class='ocrx_word' id='word_1_608' title='bbox 2100 4044 2311 4097; x_wconf 88' lang='lat' dir='ltr'><strong>medius</strong></span> <span class='ocrx_word' id='word_1_609' title='bbox 2353 4058 2496 4111; x_wconf 73' lang='lat' dir='ltr'><strong>saepe</strong></span> <span class='ocrx_word' id='word_1_610' title='bbox 2546 4043 2717 4097; x_wconf 88' lang='lat' dir='ltr'><strong>utitur</strong></span> <span class='ocrx_word' id='word_1_611' title='bbox 2742 4046 2942 4111; x_wconf 86' lang='lat' dir='ltr'><strong>priore,</strong></span> <span class='ocrx_word' id='word_1_612' title='bbox 2974 4046 3118 4112; x_wconf 87' lang='lat' dir='ltr'><strong>quod</strong></span> <span class='ocrx_word' id='word_1_613' title='bbox 3147 4045 3262 4112; x_wconf 80' lang='lat' dir='ltr'><strong>ipse</strong></span> <span class='ocrx_word' id='word_1_614' title='bbox 3299 4061 3395 4111; x_wconf 87' lang='lat' dir='ltr'><strong>per</strong></span> 
     </span>
    </p>
   </div>
   <div class='ocr_carea' id='block_1_84' title="bbox 1824 4131 3398 4205">
    <p class='ocr_par' dir='ltr' id='par_1_84' title="bbox 1824 4131 3398 4205">
     <span class='ocr_line' id='line_1_84' title="bbox 1824 4131 3398 4205; baseline -0.001 -17"><span class='ocrx_word' id='word_1_615' title='bbox 1824 4148 1883 4188; x_wconf 89' lang='lat' dir='ltr'><strong>se</strong></span> <span class='ocrx_word' id='word_1_616' title='bbox 1914 4148 2020 4187; x_wconf 92' lang='lat' dir='ltr'><strong>non</strong></span> <span class='ocrx_word' id='word_1_617' title='bbox 2052 4132 2123 4186; x_wconf 85' lang='lat' dir='ltr'><strong>sit</strong></span> <span class='ocrx_word' id='word_1_618' title='bbox 2144 4131 2277 4186; x_wconf 79' lang='lat' dir='ltr'><strong>satis</strong></span> <span class='ocrx_word' id='word_1_619' title='bbox 2307 4142 2527 4200; x_wconf 80' lang='lat' dir='ltr'><strong>paratus</strong></span> <span class='ocrx_word' id='word_1_620' title='bbox 2554 4141 2609 4187; x_wconf 89' lang='lat' dir='ltr'><strong>et</strong></span> <span class='ocrx_word' id='word_1_621' title='bbox 2660 4135 2957 4187; x_wconf 88' lang='lat' dir='ltr'><strong>instructus</strong></span> <span class='ocrx_word' id='word_1_622' title='bbox 2989 4152 3003 4199; x_wconf 87' lang='lat'>;</span> <span class='ocrx_word' id='word_1_623' title='bbox 3054 4134 3205 4201; x_wconf 89' lang='lat' dir='ltr'><strong>prior</strong></span> <span class='ocrx_word' id='word_1_624' title='bbox 3232 4133 3398 4205; x_wconf 60' lang='lat'><strong>35.9</strong></span> 
     </span>
    </p>
   </div>
   <div class='ocr_carea' id='block_1_85' title="bbox 1824 4221 3387 4294">
    <p class='ocr_par' dir='ltr' id='par_1_85' title="bbox 1824 4221 3387 4294">
     <span class='ocr_line' id='line_1_85' title="bbox 1824 4221 3387 4294; baseline -0.001 -17"><span class='ocrx_word' id='word_1_625' title='bbox 1824 4221 2064 4277; x_wconf 89' lang='lat' dir='ltr'><strong>secundo</strong></span> <span class='ocrx_word' id='word_1_626' title='bbox 2090 4236 2365 4289; x_wconf 87' lang='lat' dir='ltr'><strong>nunquam</strong></span> <span class='ocrx_word' id='word_1_627' title='bbox 2407 4230 2581 4291; x_wconf 88' lang='lat' dir='ltr'><strong>potest</strong></span> <span class='ocrx_word' id='word_1_628' title='bbox 2622 4223 2801 4276; x_wconf 83' lang='lat' dir='ltr'><strong>hostes</strong></span> <span class='ocrx_word' id='word_1_629' title='bbox 2842 4238 3027 4277; x_wconf 87' lang='lat' dir='ltr'><strong>arcere</strong></span> <span class='ocrx_word' id='word_1_630' title='bbox 3049 4232 3103 4294; x_wconf 85' lang='lat' dir='ltr'><strong>et</strong></span> <span class='ocrx_word' id='word_1_631' title='bbox 3153 4224 3387 4292; x_wconf 82' lang='lat' dir='ltr'><strong>abigere.</strong></span> 
     </span>
    </p>
   </div>
   <div class='ocr_carea' id='block_1_86' title="bbox 1827 4311 3393 4381">
    <p class='ocr_par' dir='ltr' id='par_1_86' title="bbox 1827 4311 3393 4381">
     <span class='ocr_line' id='line_1_86' title="bbox 1827 4311 3393 4381; baseline 0.001 -16"><span class='ocrx_word' id='word_1_632' title='bbox 1827 4311 2044 4366; x_wconf 81' lang='lat' dir='ltr'><strong>Tertius</strong></span> <span class='ocrx_word' id='word_1_633' title='bbox 2070 4321 2253 4365; x_wconf 89' lang='lat' dir='ltr'><strong>autem</strong></span> <span class='ocrx_word' id='word_1_634' title='bbox 2284 4312 2559 4367; x_wconf 63' lang='lat' dir='ltr'><strong>daemones</strong></span> <span class='ocrx_word' id='word_1_635' title='bbox 2595 4312 3048 4381; x_wconf 78' lang='lat' dir='ltr'><strong>penitus‘respuit</strong></span> <span class='ocrx_word' id='word_1_636' title='bbox 3094 4322 3147 4366; x_wconf 90' lang='lat' dir='ltr'><strong>et</strong></span> <span class='ocrx_word' id='word_1_637' title='bbox 3188 4313 3393 4380; x_wconf 75' lang='lat' dir='ltr'><strong>rejecit.</strong></span> 
     </span>
    </p>
   </div>
   <div class='ocr_carea' id='block_1_87' title="bbox 1828 4401 3396 4473">
    <p class='ocr_par' dir='ltr' id='par_1_87' title="bbox 1828 4401 3396 4473">
     <span class='ocr_line' id='line_1_87' title="bbox 1828 4401 3396 4473; baseline 0.002 -18"><span class='ocrx_word' id='word_1_638' title='bbox 1828 4401 1968 4457; x_wconf 87' lang='lat' dir='ltr'><strong>Fieri</strong></span> <span class='ocrx_word' id='word_1_639' title='bbox 1996 4416 2090 4471; x_wconf 89' lang='lat' dir='ltr'><strong>per</strong></span> <span class='ocrx_word' id='word_1_640' title='bbox 2115 4412 2363 4461; x_wconf 84' lang='lat' dir='ltr'><strong>naturam</strong></span> <span class='ocrx_word' id='word_1_641' title='bbox 2389 4418 2499 4455; x_wconf 92' lang='lat' dir='ltr'><strong>non</strong></span> <span class='ocrx_word' id='word_1_642' title='bbox 2526 4412 2720 4471; x_wconf 88' lang='lat' dir='ltr'><strong>potest,</strong></span> <span class='ocrx_word' id='word_1_643' title='bbox 2754 4413 2810 4456; x_wconf 90' lang='lat' dir='ltr'><strong>ut</strong></span> <span class='ocrx_word' id='word_1_644' title='bbox 2835 4403 2981 4472; x_wconf 90' lang='lat' dir='ltr'><strong>quod</strong></span> <span class='ocrx_word' id='word_1_645' title='bbox 3029 4413 3256 4473; x_wconf 78' lang='lat' dir='ltr'><strong>corpore</strong></span> <span class='ocrx_word' id='word_1_646' title='bbox 3302 4420 3396 4458; x_wconf 80' lang='lat' dir='ltr'><strong>ca-</strong></span> 
     </span>
    </p>
   </div>
   <div class='ocr_carea' id='block_1_88' title="bbox 136 4480 1726 4577">
    <p class='ocr_par' dir='ltr' id='par_1_88' title="bbox 136 4480 1726 4576">
     <span class='ocr_line' id='line_1_88' title="bbox 136 4480 1726 4576; baseline -0.009 -20"><span class='ocrx_word' id='word_1_647' title='bbox 136 4519 319 4576; x_wconf 78' lang='grc' dir='ltr'>μενοι</span> <span class='ocrx_word' id='word_1_648' title='bbox 348 4480 457 4554; x_wconf 69' lang='grc' dir='ltr'>τὸν</span> <span class='ocrx_word' id='word_1_649' title='bbox 484 4498 752 4570; x_wconf 86' lang='grc' dir='ltr'>ἀρώματα</span> <span class='ocrx_word' id='word_1_650' title='bbox 785 4495 1090 4561; x_wconf 78' lang='grc' dir='ltr'>λεληθότως</span> <span class='ocrx_word' id='word_1_651' title='bbox 1131 4493 1431 4562; x_wconf 79' lang='grc' dir='ltr'>κατέχοντα</span> <span class='ocrx_word' id='word_1_652' title='bbox 1479 4489 1726 4558; x_wconf 73' lang='grc' dir='ltr'>ἐπιγινώ-</span> 
     </span>
    </p>
   </div>
   <div class='ocr_carea' id='block_1_89' title="bbox 1820 4480 3399 4577">
    <p class='ocr_par' dir='ltr' id='par_1_89' title="bbox 1832 4493 3399 4563">
     <span class='ocr_line' id='line_1_89' title="bbox 1832 4493 3399 4563; baseline 0.003 -16"><span class='ocrx_word' id='word_1_653' title='bbox 1832 4502 1933 4560; x_wconf 85' lang='lat' dir='ltr'><strong>ret,</strong></span> <span class='ocrx_word' id='word_1_654' title='bbox 1991 4508 2021 4547; x_wconf 89' lang='lat' dir='ltr'><strong>a</strong></span> <span class='ocrx_word' id='word_1_655' title='bbox 2068 4507 2301 4563; x_wconf 88' lang='lat' dir='ltr'><strong>corpore</strong></span> <span class='ocrx_word' id='word_1_656' title='bbox 2329 4493 2823 4563; x_wconf 84' lang='lat' dir='ltr'><strong>comprehendatur</strong></span> <span class='ocrx_word' id='word_1_657' title='bbox 2856 4504 2953 4547; x_wconf 90' lang='lat' dir='ltr'><strong>aut</strong></span> <span class='ocrx_word' id='word_1_658' title='bbox 2983 4495 3399 4551; x_wconf 85' lang='lat' dir='ltr'><strong>circumscriba-</strong></span> 
     </span>
    </p>
   </div>
   <div class='ocr_carea' id='block_1_90' title="bbox 134 4579 1729 4656">
    <p class='ocr_par' dir='ltr' id='par_1_90' title="bbox 134 4579 1729 4656">
     <span class='ocr_line' id='line_1_90' title="bbox 134 4579 1729 4656; baseline -0.009 -8"><span class='ocrx_word' id='word_1_659' title='bbox 134 4609 319 4649; x_wconf 77' lang='grc' dir='ltr'>σκειν</span> <span class='ocrx_word' id='word_1_660' title='bbox 359 4590 612 4644; x_wconf 82' lang='grc' dir='ltr'>δύνανται</span> <span class='ocrx_word' id='word_1_661' title='bbox 654 4586 798 4656; x_wconf 61' lang='lat'><strong>(62):</strong></span> <span class='ocrx_word' id='word_1_662' title='bbox 831 4584 1002 4647; x_wconf 73' lang='grc' dir='ltr'>οὕτως</span> <span class='ocrx_word' id='word_1_663' title='bbox 1055 4584 1149 4637; x_wconf 76' lang='grc' dir='ltr'>καὶ</span> <span class='ocrx_word' id='word_1_664' title='bbox 1182 4579 1353 4652; x_wconf 76' lang='grc' dir='ltr'>’ψυχή</span> <span class='ocrx_word' id='word_1_665' title='bbox 1380 4582 1595 4653; x_wconf 87' lang='grc' dir='ltr'>καθαρά</span> <span class='ocrx_word' id='word_1_666' title='bbox 1629 4583 1729 4652; x_wconf 75' lang='grc' dir='ltr'><strong>τήν</strong></span> 
     </span>
    </p>
   </div>
   <div class='ocr_carea' id='block_1_91' title="bbox 130 4675 1729 4747">
    <p class='ocr_par' dir='ltr' id='par_1_91' title="bbox 130 4675 1729 4747">
     <span class='ocr_line' id='line_1_91' title="bbox 130 4675 1729 4747; baseline -0.009 -7"><span class='ocrx_word' id='word_1_667' title='bbox 130 4680 417 4746; x_wconf 75' lang='grc' dir='ltr'>εὐωδίαν,</span> <span class='ocrx_word' id='word_1_668' title='bbox 441 4679 511 4747; x_wconf 74' lang='grc' dir='ltr'>ἣν</span> <span class='ocrx_word' id='word_1_669' title='bbox 539 4678 636 4731; x_wconf 75' lang='grc' dir='ltr'>καὶ</span> <span class='ocrx_word' id='word_1_670' title='bbox 662 4675 800 4745; x_wconf 75' lang='grc' dir='ltr'>αὐτὴ</span> <span class='ocrx_word' id='word_1_671' title='bbox 827 4677 892 4728; x_wconf 69' lang='grc' dir='ltr'><strong>εκ</strong></span> <span class='ocrx_word' id='word_1_672' title='bbox 924 4675 1060 4729; x_wconf 80' lang='grc' dir='ltr'>Θεοῦ</span> <span class='ocrx_word' id='word_1_673' title='bbox 1093 4675 1527 4745; x_wconf 81' lang='grc' dir='ltr'>προσεκτήσατο,</span> <span class='ocrx_word' id='word_1_674' title='bbox 1546 4675 1648 4743; x_wconf 88' lang='grc' dir='ltr'><strong>τήν</strong></span> <span class='ocrx_word' id='word_1_675' title='bbox 1668 4690 1729 4725; x_wconf 86' lang='grc' dir='ltr'><strong>τε</strong></span> 
     </span>
    </p>
   </div>
   <div class='ocr_carea' id='block_1_92' title="bbox 131 4762 1731 4838">
    <p class='ocr_par' dir='ltr' id='par_1_92' title="bbox 131 4762 1731 4838">
     <span class='ocr_line' id='line_1_92' title="bbox 131 4762 1731 4838; baseline -0.005 -13"><span class='ocrx_word' id='word_1_676' title='bbox 131 4768 451 4833; x_wconf 76' lang='grc' dir='ltr'>δυσωδίαν,</span> <span class='ocrx_word' id='word_1_677' title='bbox 478 4762 549 4838; x_wconf 80' lang='grc' dir='ltr'>ἧς</span> <span class='ocrx_word' id='word_1_678' title='bbox 592 4764 969 4834; x_wconf 78' lang='grc' dir='ltr'>ἀπαλλαγεῖσα</span> <span class='ocrx_word' id='word_1_679' title='bbox 1008 4767 1234 4829; x_wconf 76' lang='grc' dir='ltr'>τελείως</span> <span class='ocrx_word' id='word_1_680' title='bbox 1270 4765 1627 4835; x_wconf 73' lang='grc' dir='ltr'>καθέστηκεν,</span> <span class='ocrx_word' id='word_1_681' title='bbox 1659 4766 1731 4838; x_wconf 30' lang='grc' dir='ltr'><strong>,ὲν</strong></span> 
     </span>
    </p>
   </div>
   <div class='ocr_carea' id='block_1_93' title="bbox 131 4832 1727 4934">
    <p class='ocr_par' dir='ltr' id='par_1_93' title="bbox 131 4832 1727 4934">
     <span class='ocr_line' id='line_1_93' title="bbox 131 4832 1727 4934; baseline -0.007 -17"><span class='ocrx_word' id='word_1_682' title='bbox 131 4864 378 4934; x_wconf 68' lang='grc' dir='ltr'>ἑτέροις</span> <span class='ocrx_word' id='word_1_683' title='bbox 397 4832 746 4927; x_wconf 76' lang='grc' dir='ltr'>ὑπάρχουσαν</span> <span class='ocrx_word' id='word_1_684' title='bbox 761 4832 1727 4926; x_wconf 52' lang='grc' dir='ltr'>γνωρίζειν,ἀνεπαισθήτιυςἑτέρων,</span> 
     </span>
    </p>
   </div>
   <div class='ocr_carea' id='block_1_94' title="bbox 129 4935 1728 5024">
    <p class='ocr_par' dir='ltr' id='par_1_94' title="bbox 129 4935 1728 5024">
     <span class='ocr_line' id='line_1_94' title="bbox 129 4935 1728 5024; baseline -0.008 -16"><span class='ocrx_word' id='word_1_685' title='bbox 129 4957 433 5024; x_wconf 63' lang='grc' dir='ltr'>πέφυκεν.</span> <span class='ocrx_word' id='word_1_686' title='bbox 461 4949 536 5002; x_wconf 79' lang='grc' dir='ltr'><strong>Οὐ</strong></span> <span class='ocrx_word' id='word_1_687' title='bbox 569 4947 767 5008; x_wconf 81' lang='grc' dir='ltr'>πάντες</span> <span class='ocrx_word' id='word_1_688' title='bbox 796 4946 896 5015; x_wconf 72' lang='grc' dir='ltr'>μιν</span> <span class='ocrx_word' id='word_1_689' title='bbox 923 4947 1151 5010; x_wconf 80' lang='grc' dir='ltr'>ἀπαθεῖς</span> <span class='ocrx_word' id='word_1_690' title='bbox 1175 4935 1429 5015; x_wconf 78' lang='grc' dir='ltr'>γενέσθαι</span> <span class='ocrx_word' id='word_1_691' title='bbox 1472 4945 1728 4998; x_wconf 86' lang='grc' dir='ltr'>δυνατόν·</span> 
     </span>
    </p>
   </div>
   <div class='ocr_carea' id='block_1_95' title="bbox 128 5035 1733 5110">
    <p class='ocr_par' dir='ltr' id='par_1_95' title="bbox 128 5035 1733 5110">
     <span class='ocr_line' id='line_1_95' title="bbox 128 5035 1733 5110; baseline -0.009 -7"><span class='ocrx_word' id='word_1_692' title='bbox 128 5051 372 5109; x_wconf 75' lang='grc' dir='ltr'>πάντες</span> <span class='ocrx_word' id='word_1_693' title='bbox 396 5043 456 5097; x_wconf 69' lang='grc' dir='ltr'>δὲ</span> <span class='ocrx_word' id='word_1_694' title='bbox 480 5039 716 5110; x_wconf 78' lang='grc' dir='ltr'>σωθῆναι</span> <span class='ocrx_word' id='word_1_695' title='bbox 748 5038 840 5091; x_wconf 76' lang='grc' dir='ltr'>καὶ</span> <span class='ocrx_word' id='word_1_696' title='bbox 879 5035 999 5107; x_wconf 82' lang='grc' dir='ltr'><strong>Θεῷ</strong></span> <span class='ocrx_word' id='word_1_697' title='bbox 1033 5038 1383 5107; x_wconf 84' lang='grc' dir='ltr'>διαλλαγῆναι</span> <span class='ocrx_word' id='word_1_698' title='bbox 1410 5036 1509 5089; x_wconf 84' lang='grc' dir='ltr'><strong>οὐκ</strong></span> <span class='ocrx_word' id='word_1_699' title='bbox 1537 5036 1733 5088; x_wconf 88' lang='grc' dir='ltr'>ἀδύνα-</span> 
     </span>
    </p>
   </div>
   <div class='ocr_carea' id='block_1_96' title="bbox 125 5127 1730 5207">
    <p class='ocr_par' dir='ltr' id='par_1_96' title="bbox 125 5127 1730 5207">
     <span class='ocr_line' id='line_1_96' title="bbox 125 5127 1730 5207; baseline -0.009 -17"><span class='ocrx_word' id='word_1_700' title='bbox 125 5159 278 5199; x_wconf 70' lang='grc' dir='ltr'>τον,</span> <span class='ocrx_word' id='word_1_701' title='bbox 314 5137 411 5207; x_wconf 75' lang='grc' dir='ltr'>Μή</span> <span class='ocrx_word' id='word_1_702' title='bbox 452 5150 545 5187; x_wconf 89' lang='grc' dir='ltr'><strong>σου</strong></span> <span class='ocrx_word' id='word_1_703' title='bbox 588 5127 1091 5203; x_wconf 57' lang='grc' dir='ltr'>κατακυριεύσωσιν</span> <span class='ocrx_word' id='word_1_704' title='bbox 1113 5130 1165 5183; x_wconf 88' lang='grc' dir='ltr'><strong>οἰ</strong></span> <span class='ocrx_word' id='word_1_705' title='bbox 1198 5128 1486 5197; x_wconf 88' lang='grc' dir='ltr'>ἀλλόφυλοι</span> <span class='ocrx_word' id='word_1_706' title='bbox 1513 5128 1730 5190; x_wconf 72' lang='grc' dir='ltr'>ἐκεῖνοι,</span> 
     </span>
    </p>
   </div>
   <div class='ocr_carea' id='block_1_97' title="bbox 125 5217 1734 5292">
    <p class='ocr_par' dir='ltr' id='par_1_97' title="bbox 125 5217 1734 5292">
     <span class='ocr_line' id='line_1_97' title="bbox 125 5217 1734 5292; baseline -0.01 -8"><span class='ocrx_word' id='word_1_707' title='bbox 125 5236 190 5289; x_wconf 72' lang='grc' dir='ltr'>οἱ</span> <span class='ocrx_word' id='word_1_708' title='bbox 242 5229 359 5292; x_wconf 71' lang='grc' dir='ltr'>τὰς</span> <span class='ocrx_word' id='word_1_709' title='bbox 397 5224 492 5279; x_wconf 87' lang='grc' dir='ltr'><strong>τοῦ</strong></span> <span class='ocrx_word' id='word_1_710' title='bbox 536 5220 672 5275; x_wconf 85' lang='grc' dir='ltr'>Θεοῦ</span> <span class='ocrx_word' id='word_1_711' title='bbox 703 5218 973 5291; x_wconf 73' lang='grc' dir='ltr'>ἀρρήτους</span> <span class='ocrx_word' id='word_1_712' title='bbox 995 5219 1304 5289; x_wconf 72' lang='grc' dir='ltr'>οἰκονομίας</span> <span class='ocrx_word' id='word_1_713' title='bbox 1324 5219 1358 5289; x_wconf 78' lang='grc' dir='ltr'><strong>ἢ</strong></span> <span class='ocrx_word' id='word_1_714' title='bbox 1391 5217 1650 5279; x_wconf 80' lang='grc' dir='ltr'>ὀπτασίας</span> <span class='ocrx_word' id='word_1_715' title='bbox 1676 5217 1734 5268; x_wconf 80' lang='grc' dir='ltr'>ἐν</span> 
     </span>
    </p>
   </div>
   <div class='ocr_carea' id='block_1_98' title="bbox 116 5307 1736 5395">
    <p class='ocr_par' dir='ltr' id='par_1_98' title="bbox 116 5307 1736 5395">
     <span class='ocr_line' id='line_1_98' title="bbox 116 5307 1736 5395; baseline -0.018 -16"><span class='ocrx_word' id='word_1_716' title='bbox 116 5326 276 5395; x_wconf 34' lang='grc' dir='ltr'>,τοῖς</span> <span class='ocrx_word' id='word_1_717' title='bbox 323 5316 635 5386; x_wconf 82' lang='grc' dir='ltr'>ἀνθρώποις</span> <span class='ocrx_word' id='word_1_718' title='bbox 690 5309 981 5381; x_wconf 81' lang='grc' dir='ltr'>γινομένας</span> <span class='ocrx_word' id='word_1_719' title='bbox 1024 5308 1495 5395; x_wconf 78' lang='grc' dir='ltr'>πολυπραγμονεῖν</span> <span class='ocrx_word' id='word_1_720' title='bbox 1555 5307 1736 5377; x_wconf 81' lang='grc' dir='ltr'>βουλό.</span> 
     </span>
    </p>
   </div>
   <div class='ocr_carea' id='block_1_99' title="bbox 128 5394 1735 5488">
    <p class='ocr_par' dir='ltr' id='par_1_99' title="bbox 128 5394 1735 5488">
     <span class='ocr_line' id='line_1_99' title="bbox 128 5394 1735 5488; baseline -0.012 -20"><span class='ocrx_word' id='word_1_721' title='bbox 128 5427 351 5488; x_wconf 75' lang='grc' dir='ltr'>μενοι.</span> <span class='ocrx_word' id='word_1_722' title='bbox 397 5411 494 5462; x_wconf 63' lang='grc' dir='ltr'><strong>καὶ⁸</strong></span> <span class='ocrx_word' id='word_1_723' title='bbox 540 5401 1009 5477; x_wconf 80' lang='grc' dir='ltr'>προσωπολήπτην</span> <span class='ocrx_word' id='word_1_724' title='bbox 1043 5397 1137 5451; x_wconf 78' lang='grc' dir='ltr'><strong>τὸν</strong></span> <span class='ocrx_word' id='word_1_725' title='bbox 1168 5398 1372 5469; x_wconf 83' lang='grc' dir='ltr'>Κύριον</span> <span class='ocrx_word' id='word_1_726' title='bbox 1399 5394 1538 5452; x_wconf 70' lang='grc' dir='ltr'>εἶναι</span> <span class='ocrx_word' id='word_1_727' title='bbox 1582 5397 1706 5468; x_wconf 83' lang='grc' dir='ltr'>λελη</span> <span class='ocrx_word' id='word_1_728' title='bbox 1721 5425 1735 5437; x_wconf 77' lang='grc' dir='ltr'><strong><em>ο</em></strong></span> 
     </span>
    </p>
   </div>
   <div class='ocr_carea' id='block_1_100' title="bbox 126 5491 1738 5564">
    <p class='ocr_par' dir='ltr' id='par_1_100' title="bbox 126 5491 1738 5564">
     <span class='ocr_line' id='line_1_100' title="bbox 126 5491 1738 5564; baseline -0.006 -10"><span class='ocrx_word' id='word_1_729' title='bbox 126 5508 348 5564; x_wconf 58' lang='lat' dir='ltr'><strong>“me</strong></span> <span class='ocrx_word' id='word_1_730' title='bbox 389 5497 780 5558; x_wconf 73' lang='grc' dir='ltr'>ὑποϐάλλοντες</span> <span class='ocrx_word' id='word_1_731' title='bbox 806 5510 821 5525; x_wconf 76' lang='grc' dir='ltr'><strong>ο</strong></span> <span class='ocrx_word' id='word_1_732' title='bbox 874 5492 1104 5562; x_wconf 76' lang='grc' dir='ltr'>οἰήσεως</span> <span class='ocrx_word' id='word_1_733' title='bbox 1156 5491 1267 5560; x_wconf 83' lang='grc' dir='ltr'>γὰρ</span> <span class='ocrx_word' id='word_1_734' title='bbox 1320 5492 1577 5559; x_wconf 82' lang='grc' dir='ltr'>ἀπόγονοι</span> <span class='ocrx_word' id='word_1_735' title='bbox 1642 5492 1738 5546; x_wconf 78' lang='grc' dir='ltr'>καὶ</span> 
     </span>
    </p>
   </div>
   <div class='ocr_carea' id='block_1_101' title="bbox 126 5583 1737 5659">
    <p class='ocr_par' dir='ltr' id='par_1_101' title="bbox 126 5583 1737 5659">
     <span class='ocr_line' id='line_1_101' title="bbox 126 5583 1737 5659; baseline -0.007 -11"><span class='ocrx_word' id='word_1_736' title='bbox 126 5598 271 5653; x_wconf 76' lang='grc' dir='ltr'>εἰσὶ</span> <span class='ocrx_word' id='word_1_737' title='bbox 320 5592 419 5644; x_wconf 77' lang='grc' dir='ltr'><strong>καὶ</strong></span> <span class='ocrx_word' id='word_1_738' title='bbox 461 5588 836 5659; x_wconf 71' lang='grc' dir='ltr'>γνωρίζονται.</span> <span class='ocrx_word' id='word_1_739' title='bbox 900 5585 1055 5636; x_wconf 87' lang='grc' dir='ltr'>Ἔστι</span> <span class='ocrx_word' id='word_1_740' title='bbox 1101 5583 1312 5650; x_wconf 86' lang='grc' dir='ltr'>δαίμων</span> <span class='ocrx_word' id='word_1_741' title='bbox 1367 5585 1737 5659; x_wconf 78' lang='grc' dir='ltr'>φιλαργυρίας</span> 
     </span>
    </p>
   </div>
   <div class='ocr_carea' id='block_1_102' title="bbox 126 5673 1737 5745">
    <p class='ocr_par' dir='ltr' id='par_1_102' title="bbox 126 5673 1737 5745">
     <span class='ocr_line' id='line_1_102' title="bbox 126 5673 1737 5745; baseline 0 -13"><span class='ocrx_word' id='word_1_742' title='bbox 126 5682 440 5745; x_wconf 54' lang='lat' dir='ltr'><strong>militum;</strong></span> <span class='ocrx_word' id='word_1_743' title='bbox 478 5680 804 5732; x_wconf 74' lang='grc' dir='ltr'>ταπείνωσιν</span> <span class='ocrx_word' id='word_1_744' title='bbox 846 5674 1264 5744; x_wconf 82' lang='grc' dir='ltr'>ὑποκρινόμενος</span> <span class='ocrx_word' id='word_1_745' title='bbox 1302 5673 1414 5744; x_wconf 78' lang='lat'><strong>(63)</strong></span> <span class='ocrx_word' id='word_1_746' title='bbox 1444 5692 1460 5707; x_wconf 79' lang='grc' dir='ltr'><strong><em>ο</em></strong></span> <span class='ocrx_word' id='word_1_747' title='bbox 1497 5680 1591 5732; x_wconf 80' lang='grc' dir='ltr'><strong>καί</strong></span> <span class='ocrx_word' id='word_1_748' title='bbox 1622 5680 1737 5735; x_wconf 74' lang='grc' dir='ltr'>ἔστι</span> 
     </span>
    </p>
   </div>
   <div class='ocr_carea' id='block_1_103' title="bbox 1836 4582 3397 4653">
    <p class='ocr_par' dir='ltr' id='par_1_103' title="bbox 1836 4582 3397 4653">
     <span class='ocr_line' id='line_1_103' title="bbox 1836 4582 3397 4653; baseline -0.001 -14"><span class='ocrx_word' id='word_1_749' title='bbox 1836 4596 1947 4652; x_wconf 88' lang='lat' dir='ltr'><strong>tur;</strong></span> <span class='ocrx_word' id='word_1_750' title='bbox 1980 4600 2159 4638; x_wconf 89' lang='lat' dir='ltr'><strong>rerum</strong></span> <span class='ocrx_word' id='word_1_751' title='bbox 2183 4594 2361 4639; x_wconf 78' lang='lat' dir='ltr'><strong>tamen</strong></span> <span class='ocrx_word' id='word_1_752' title='bbox 2391 4584 2656 4638; x_wconf 82' lang='lat' dir='ltr'><strong>Conditor</strong></span> <span class='ocrx_word' id='word_1_753' title='bbox 2682 4582 2863 4637; x_wconf 82' lang='lat' dir='ltr'><strong>omnia</strong></span> <span class='ocrx_word' id='word_1_754' title='bbox 2893 4594 3089 4653; x_wconf 80' lang='lat' dir='ltr'><strong>potest.</strong></span> <span class='ocrx_word' id='word_1_755' title='bbox 3126 4584 3397 4651; x_wconf 82' lang='lat' dir='ltr'><strong>Quemad-</strong></span> 
     </span>
    </p>
   </div>
   <div class='ocr_carea' id='block_1_104' title="bbox 1836 4671 3400 4743">
    <p class='ocr_par' dir='ltr' id='par_1_104' title="bbox 1836 4671 3400 4743">
     <span class='ocr_line' id='line_1_104' title="bbox 1836 4671 3400 4743; baseline -0.001 -15"><span class='ocrx_word' id='word_1_756' title='bbox 1836 4674 2054 4729; x_wconf 87' lang='lat' dir='ltr'><strong>modum</strong></span> <span class='ocrx_word' id='word_1_757' title='bbox 2079 4674 2115 4727; x_wconf 91' lang='lat' dir='ltr'><strong>ii</strong></span> <span class='ocrx_word' id='word_1_758' title='bbox 2138 4673 2231 4743; x_wconf 86' lang='lat' dir='ltr'><strong>qui</strong></span> <span class='ocrx_word' id='word_1_759' title='bbox 2250 4671 2537 4728; x_wconf 88' lang='lat' dir='ltr'><strong>olfaciendi</strong></span> <span class='ocrx_word' id='word_1_760' title='bbox 2561 4688 2722 4727; x_wconf 86' lang='lat' dir='ltr'><strong>sensu</strong></span> <span class='ocrx_word' id='word_1_761' title='bbox 2750 4674 2932 4743; x_wconf 74' lang='lat' dir='ltr'><strong>vigent</strong></span> <span class='ocrx_word' id='word_1_762' title='bbox 2957 4671 3115 4729; x_wconf 77' lang='lat' dir='ltr'><strong>facile</strong></span> <span class='ocrx_word' id='word_1_763' title='bbox 3138 4674 3400 4739; x_wconf 83' lang='lat' dir='ltr'><strong>sentiunt,</strong></span> 
     </span>
    </p>
   </div>
   <div class='ocr_carea' id='block_1_105' title="bbox 1818 4758 3400 4834">
    <p class='ocr_par' dir='ltr' id='par_1_105' title="bbox 1818 4758 3400 4834">
     <span class='ocr_line' id='line_1_105' title="bbox 1818 4758 3400 4834; baseline 0 -15"><span class='ocrx_word' id='word_1_764' title='bbox 1818 4766 1883 4819; x_wconf 87' lang='lat' dir='ltr'><strong>&#39;si</strong></span> <span class='ocrx_word' id='word_1_765' title='bbox 1914 4766 2038 4834; x_wconf 84' lang='lat' dir='ltr'><strong>quis</strong></span> <span class='ocrx_word' id='word_1_766' title='bbox 2068 4766 2150 4819; x_wconf 90' lang='lat' dir='ltr'><strong>vel</strong></span> <span class='ocrx_word' id='word_1_767' title='bbox 2170 4764 2383 4820; x_wconf 86' lang='lat' dir='ltr'><strong>occulte</strong></span> <span class='ocrx_word' id='word_1_768' title='bbox 2403 4779 2587 4818; x_wconf 83' lang='lat' dir='ltr'><strong>secum</strong></span> <span class='ocrx_word' id='word_1_769' title='bbox 2610 4758 2853 4818; x_wconf 79' lang='lat' dir='ltr'><strong>aromata</strong></span> <span class='ocrx_word' id='word_1_770' title='bbox 2881 4764 3055 4818; x_wconf 85' lang='lat' dir='ltr'><strong>ferat:</strong></span> <span class='ocrx_word' id='word_1_771' title='bbox 3086 4764 3167 4818; x_wconf 87' lang='lat' dir='ltr'><strong>sic</strong></span> <span class='ocrx_word' id='word_1_772' title='bbox 3193 4772 3246 4819; x_wconf 89' lang='lat' dir='ltr'><strong>et</strong></span> <span class='ocrx_word' id='word_1_773' title='bbox 3266 4780 3400 4834; x_wconf 83' lang='lat' dir='ltr'><strong>pura</strong></span> 
     </span>
    </p>
   </div>
   <div class='ocr_carea' id='block_1_106' title="bbox 1836 4852 3403 4922">
    <p class='ocr_par' dir='ltr' id='par_1_106' title="bbox 1836 4852 3403 4922">
     <span class='ocr_line' id='line_1_106' title="bbox 1836 4852 3403 4922; baseline 0 -13"><span class='ocrx_word' id='word_1_774' title='bbox 1836 4870 1990 4909; x_wconf 87' lang='lat' dir='ltr'><strong>mens</strong></span> <span class='ocrx_word' id='word_1_775' title='bbox 2019 4863 2227 4922; x_wconf 78' lang='lat' dir='ltr'><strong>gratum</strong></span> <span class='ocrx_word' id='word_1_776' title='bbox 2254 4853 2471 4907; x_wconf 82' lang='lat' dir='ltr'><strong>virtutis</strong></span> <span class='ocrx_word' id='word_1_777' title='bbox 2508 4852 2750 4916; x_wconf 84' lang='lat' dir='ltr'><strong>odorem,</strong></span> <span class='ocrx_word' id='word_1_778' title='bbox 2791 4867 2951 4921; x_wconf 80' lang='lat' dir='ltr'><strong>quem</strong></span> <span class='ocrx_word' id='word_1_779' title='bbox 2972 4867 3040 4907; x_wconf 78' lang='lat' dir='ltr'><strong>ex</strong></span> <span class='ocrx_word' id='word_1_780' title='bbox 3082 4852 3193 4908; x_wconf 90' lang='lat' dir='ltr'><strong>Deo</strong></span> <span class='ocrx_word' id='word_1_781' title='bbox 3248 4855 3403 4909; x_wconf 80' lang='lat' dir='ltr'><strong>acce—</strong></span> 
     </span>
    </p>
   </div>
   <div class='ocr_carea' id='block_1_107' title="bbox 1837 4940 3403 5013">
    <p class='ocr_par' dir='ltr' id='par_1_107' title="bbox 1837 4940 3403 5013">
     <span class='ocr_line' id='line_1_107' title="bbox 1837 4940 3403 5013; baseline 0.003 -18"><span class='ocrx_word' id='word_1_782' title='bbox 1837 4944 1935 5012; x_wconf 90' lang='lat' dir='ltr'><strong>pit,</strong></span> <span class='ocrx_word' id='word_1_783' title='bbox 1981 4942 2137 4997; x_wconf 79' lang='lat' dir='ltr'><strong>facile</strong></span> <span class='ocrx_word' id='word_1_784' title='bbox 2190 4942 2610 5009; x_wconf 27' lang='lat' dir='ltr'><strong>animadvertit,»</strong></span> <span class='ocrx_word' id='word_1_785' title='bbox 2644 4942 2785 4997; x_wconf 79' lang='lat' dir='ltr'><strong>sicut</strong></span> <span class='ocrx_word' id='word_1_786' title='bbox 2832 4950 2887 4996; x_wconf 86' lang='lat' dir='ltr'><strong>et</strong></span> <span class='ocrx_word' id='word_1_787' title='bbox 2936 4940 3180 5007; x_wconf 87' lang='lat' dir='ltr'><strong>fetorem,</strong></span> <span class='ocrx_word' id='word_1_788' title='bbox 3232 4960 3403 5013; x_wconf 87' lang='lat' dir='ltr'><strong>aquo</strong></span> 
     </span>
    </p>
   </div>
   <div class='ocr_carea' id='block_1_108' title="bbox 1839 5029 3405 5101">
    <p class='ocr_par' dir='ltr' id='par_1_108' title="bbox 1839 5029 3405 5101">
     <span class='ocr_line' id='line_1_108' title="bbox 1839 5029 3405 5101; baseline 0.003 -16"><span class='ocrx_word' id='word_1_789' title='bbox 1839 5032 2053 5101; x_wconf 84' lang='lat' dir='ltr'><strong>penitus</strong></span> <span class='ocrx_word' id='word_1_790' title='bbox 2110 5031 2512 5100; x_wconf 47' lang='lat' dir='ltr'><strong>ipsa&#39;liberata</strong></span> <span class='ocrx_word' id='word_1_791' title='bbox 2564 5038 2668 5095; x_wconf 89' lang='lat' dir='ltr'><strong>est,</strong></span> <span class='ocrx_word' id='word_1_792' title='bbox 2730 5031 2781 5083; x_wconf 94' lang='lat' dir='ltr'><strong>in</strong></span> <span class='ocrx_word' id='word_1_793' title='bbox 2805 5029 2925 5084; x_wconf 88' lang='lat' dir='ltr'><strong>aliis</strong></span> <span class='ocrx_word' id='word_1_794' title='bbox 2949 5032 3223 5096; x_wconf 87' lang='lat' dir='ltr'><strong>latentem,</strong></span> <span class='ocrx_word' id='word_1_795' title='bbox 3283 5034 3405 5089; x_wconf 86' lang='lat' dir='ltr'><strong>aliis</strong></span> 
     </span>
    </p>
   </div>
   <div class='ocr_carea' id='block_1_109' title="bbox 1836 5120 3408 5193">
    <p class='ocr_par' dir='ltr' id='par_1_109' title="bbox 1836 5120 3408 5193">
     <span class='ocr_line' id='line_1_109' title="bbox 1836 5120 3408 5193; baseline 0.001 -15"><span class='ocrx_word' id='word_1_796' title='bbox 1836 5123 1998 5178; x_wconf 89' lang='lat' dir='ltr'><strong>etiam</strong></span> <span class='ocrx_word' id='word_1_797' title='bbox 2034 5122 2167 5176; x_wconf 90' lang='lat' dir='ltr'><strong>nihil</strong></span> <span class='ocrx_word' id='word_1_798' title='bbox 2190 5122 2572 5187; x_wconf 84' lang='lat' dir='ltr'><strong>sentientibus,</strong></span> <span class='ocrx_word' id='word_1_799' title='bbox 2600 5121 2846 5191; x_wconf 87' lang='lat' dir='ltr'><strong>percipit.</strong></span> <span class='ocrx_word' id='word_1_800' title='bbox 2886 5120 3005 5175; x_wconf 81' lang='lat' dir='ltr'><strong>Non</strong></span> <span class='ocrx_word' id='word_1_801' title='bbox 3043 5136 3234 5179; x_wconf 89' lang='lat' dir='ltr'><strong>omnes</strong></span> <span class='ocrx_word' id='word_1_802' title='bbox 3282 5127 3408 5193; x_wconf 88' lang='lat' dir='ltr'><strong>qui-</strong></span> 
     </span>
    </p>
   </div>
   <div class='ocr_carea' id='block_1_110' title="bbox 1838 5213 3408 5285">
    <p class='ocr_par' dir='ltr' id='par_1_110' title="bbox 1838 5213 3408 5285">
     <span class='ocr_line' id='line_1_110' title="bbox 1838 5213 3408 5285; baseline 0 -14"><span class='ocrx_word' id='word_1_803' title='bbox 1838 5215 1958 5271; x_wconf 87' lang='lat' dir='ltr'><strong>dem</strong></span> <span class='ocrx_word' id='word_1_804' title='bbox 1991 5214 2301 5285; x_wconf 81' lang='lat' dir='ltr'><strong>possuutad</strong></span> <span class='ocrx_word' id='word_1_805' title='bbox 2351 5228 2622 5268; x_wconf 84' lang='lat' dir='ltr'><strong>summam</strong></span> <span class='ocrx_word' id='word_1_806' title='bbox 2644 5213 2814 5268; x_wconf 89' lang='lat' dir='ltr'><strong>animi</strong></span> <span class='ocrx_word' id='word_1_807' title='bbox 2845 5214 2913 5269; x_wconf 89' lang='lat' dir='ltr'><strong>ab</strong></span> <span class='ocrx_word' id='word_1_808' title='bbox 2949 5215 3204 5271; x_wconf 88' lang='lat' dir='ltr'><strong>omnibus</strong></span> <span class='ocrx_word' id='word_1_809' title='bbox 3250 5219 3408 5271; x_wconf 83' lang='lat' dir='ltr'><strong>vitio-</strong></span> 
     </span>
    </p>
   </div>
   <div class='ocr_carea' id='block_1_111' title="bbox 1840 5305 3407 5375">
    <p class='ocr_par' dir='ltr' id='par_1_111' title="bbox 1840 5305 3407 5375">
     <span class='ocr_line' id='line_1_111' title="bbox 1840 5305 3407 5375; baseline -0.001 -11"><span class='ocrx_word' id='word_1_810' title='bbox 1840 5308 2089 5364; x_wconf 87' lang='lat' dir='ltr'><strong>sitatibus</strong></span> <span class='ocrx_word' id='word_1_811' title='bbox 2116 5306 2269 5360; x_wconf 83' lang='lat' dir='ltr'><strong>liberi</strong></span> <span class='ocrx_word' id='word_1_812' title='bbox 2293 5305 2738 5374; x_wconf 82' lang='lat' dir='ltr'><strong>tranquillitatem</strong></span> <span class='ocrx_word' id='word_1_813' title='bbox 2772 5307 3034 5375; x_wconf 76' lang='lat' dir='ltr'><strong>aSpirare,</strong></span> <span class='ocrx_word' id='word_1_814' title='bbox 3088 5310 3180 5363; x_wconf 88' lang='lat' dir='ltr'><strong>sed</strong></span> <span class='ocrx_word' id='word_1_815' title='bbox 3220 5324 3407 5363; x_wconf 76' lang='lat' dir='ltr'><strong>omnes</strong></span> 
     </span>
    </p>
   </div>
   <div class='ocr_carea' id='block_1_112' title="bbox 1841 5388 3402 5469">
    <p class='ocr_par' dir='ltr' id='par_1_112' title="bbox 1841 5388 3402 5469">
     <span class='ocr_line' id='line_1_112' title="bbox 1841 5388 3402 5469; baseline -0.004 -13"><span class='ocrx_word' id='word_1_816' title='bbox 1841 5412 2018 5457; x_wconf 89' lang='lat' dir='ltr'><strong>tamen</strong></span> <span class='ocrx_word' id='word_1_817' title='bbox 2050 5388 2303 5469; x_wconf 80' lang='lat' dir='ltr'><strong>possunt</strong></span> <span class='ocrx_word' id='word_1_818' title='bbox 2341 5397 2619 5452; x_wconf 68' lang='lat' dir='ltr'><strong>cum-Deo</strong></span> <span class='ocrx_word' id='word_1_819' title='bbox 2668 5398 3092 5453; x_wconf 67' lang='lat' dir='ltr'><strong>reconciliariet</strong></span> <span class='ocrx_word' id='word_1_820' title='bbox 3115 5400 3244 5454; x_wconf 87' lang='lat' dir='ltr'><strong>salvi</strong></span> <span class='ocrx_word' id='word_1_821' title='bbox 3270 5398 3402 5451; x_wconf 90' lang='lat' dir='ltr'><strong>tieri.</strong></span> 
     </span>
    </p>
   </div>
   <div class='ocr_carea' id='block_1_113' title="bbox 1840 5489 3406 5558">
    <p class='ocr_par' dir='ltr' id='par_1_113' title="bbox 1840 5489 3406 5558">
     <span class='ocr_line' id='line_1_113' title="bbox 1840 5489 3406 5558; baseline -0.006 -9"><span class='ocrx_word' id='word_1_822' title='bbox 1840 5493 1980 5549; x_wconf 84' lang='lat' dir='ltr'><strong>Cave</strong></span> <span class='ocrx_word' id='word_1_823' title='bbox 2002 5507 2070 5547; x_wconf 88' lang='lat' dir='ltr'><strong>ne</strong></span> <span class='ocrx_word' id='word_1_824' title='bbox 2102 5491 2155 5544; x_wconf 93' lang='lat' dir='ltr'><strong>in</strong></span> <span class='ocrx_word' id='word_1_825' title='bbox 2192 5499 2245 5545; x_wconf 87' lang='lat' dir='ltr'><strong>te</strong></span> <span class='ocrx_word' id='word_1_826' title='bbox 2279 5489 2593 5558; x_wconf 68' lang='lat' dir='ltr'><strong>alienigena:</strong></span> <span class='ocrx_word' id='word_1_827' title='bbox 2632 5490 2981 5544; x_wconf 90' lang='lat' dir='ltr'><strong>dominentur</strong></span> <span class='ocrx_word' id='word_1_828' title='bbox 3005 5489 3079 5544; x_wconf 90' lang='lat' dir='ltr'><strong>illi</strong></span> <span class='ocrx_word' id='word_1_829' title='bbox 3105 5489 3196 5558; x_wconf 89' lang='lat' dir='ltr'><strong>qui</strong></span> <span class='ocrx_word' id='word_1_830' title='bbox 3250 5502 3406 5540; x_wconf 80' lang='lat' dir='ltr'><strong>arca-</strong></span> 
     </span>
    </p>
   </div>
   <div class='ocr_carea' id='block_1_114' title="bbox 1843 5577 3409 5651">
    <p class='ocr_par' dir='ltr' id='par_1_114' title="bbox 1843 5577 3409 5651">
     <span class='ocr_line' id='line_1_114' title="bbox 1843 5577 3409 5651; baseline -0.006 -11"><span class='ocrx_word' id='word_1_831' title='bbox 1843 5600 1967 5640; x_wconf 90' lang='lat' dir='ltr'><strong>nam</strong></span> <span class='ocrx_word' id='word_1_832' title='bbox 2022 5582 2115 5636; x_wconf 90' lang='lat' dir='ltr'><strong>Dci</strong></span> <span class='ocrx_word' id='word_1_833' title='bbox 2162 5582 2629 5651; x_wconf 76' lang='lat' dir='ltr'><strong>gubernationem,</strong></span> <span class='ocrx_word' id='word_1_834' title='bbox 2680 5590 2774 5635; x_wconf 91' lang='lat' dir='ltr'><strong>aut</strong></span> <span class='ocrx_word' id='word_1_835' title='bbox 2826 5580 3068 5648; x_wconf 71' lang='lat' dir='ltr'><strong>obiectas</strong></span> <span class='ocrx_word' id='word_1_836' title='bbox 3101 5577 3409 5630; x_wconf 87' lang='lat' dir='ltr'><strong>hominibus</strong></span> 
     </span>
    </p>
   </div>
   <div class='ocr_carea' id='block_1_115' title="bbox 1844 5666 3407 5742">
    <p class='ocr_par' dir='ltr' id='par_1_115' title="bbox 1844 5666 3407 5742">
     <span class='ocr_line' id='line_1_115' title="bbox 1844 5666 3407 5742; baseline -0.006 -13"><span class='ocrx_word' id='word_1_837' title='bbox 1844 5675 2079 5730; x_wconf 82' lang='lat' dir='ltr'><strong>visiones</strong></span> <span class='ocrx_word' id='word_1_838' title='bbox 2123 5672 2429 5742; x_wconf 85' lang='lat' dir='ltr'><strong>curiosius_</strong></span> <span class='ocrx_word' id='word_1_839' title='bbox 2458 5672 2777 5742; x_wconf 87' lang='lat' dir='ltr'><strong>inquirant,</strong></span> <span class='ocrx_word' id='word_1_840' title='bbox 2839 5669 3115 5735; x_wconf 84' lang='lat' dir='ltr'><strong>Deumque</strong></span> <span class='ocrx_word' id='word_1_841' title='bbox 3162 5667 3300 5719; x_wconf 90' lang='lat' dir='ltr'><strong>clam</strong></span> <span class='ocrx_word' id='word_1_842' title='bbox 3353 5666 3407 5720; x_wconf 91' lang='lat' dir='ltr'><strong>in</strong></span> 
     </span>
    </p>
   </div>
   <div class='ocr_carea' id='block_1_116' title="bbox 225 5882 3229 5962">
    <p class='ocr_par' dir='ltr' id='par_1_116' title="bbox 225 5882 3229 5962">
     <span class='ocr_line' id='line_1_116' title="bbox 225 5882 3229 5962; baseline -0.005 -7"><span class='ocrx_word' id='word_1_843' title='bbox 225 5899 291 5935; x_wconf 82' lang='grc'><strong>⁸⁸</strong></span> <span class='ocrx_word' id='word_1_844' title='bbox 317 5894 465 5955; x_wconf 85' lang='lat' dir='ltr'><strong>Psal.</strong></span> <span class='ocrx_word' id='word_1_845' title='bbox 496 5894 717 5962; x_wconf 52' lang='lat'><strong>“5,2.</strong></span> <span class='ocrx_word' id='word_1_846' title='bbox 792 5895 837 5928; x_wconf 71' lang='grc' dir='ltr'><strong>ι’</strong></span> <span class='ocrx_word' id='word_1_847' title='bbox 870 5894 1010 5950; x_wconf 84' lang='lat' dir='ltr'><strong>Psal.</strong></span> <span class='ocrx_word' id='word_1_848' title='bbox 1033 5886 1325 5959; x_wconf 63' lang='lat' dir='ltr'><strong>_CXVIII,43-</strong></span> <span class='ocrx_word' id='word_1_849' title='bbox 1400 5888 1446 5922; x_wconf 76' lang='lat'><strong>“</strong></span> <span class='ocrx_word' id='word_1_850' title='bbox 1480 5888 1623 5945; x_wconf 86' lang='lat' dir='ltr'><strong>Psal.</strong></span> <span class='ocrx_word' id='word_1_851' title='bbox 1663 5907 1849 5957; x_wconf 75' lang='lat' dir='ltr'><strong>Lxxtx,</strong></span> <span class='ocrx_word' id='word_1_852' title='bbox 1872 5892 1925 5947; x_wconf 87' lang='lat'><strong>7.</strong></span> <span class='ocrx_word' id='word_1_853' title='bbox 2002 5890 2045 5923; x_wconf 74' lang='grc'><strong><em>³⁸</em></strong></span> <span class='ocrx_word' id='word_1_854' title='bbox 2073 5889 2216 5945; x_wconf 78' lang='lat' dir='ltr'><strong>Psal.</strong></span> <span class='ocrx_word' id='word_1_855' title='bbox 2247 5903 2477 5953; x_wconf 66' lang='grc' dir='ltr'>χχιι-ιιι,</span> <span class='ocrx_word' id='word_1_856' title='bbox 2508 5886 2592 5940; x_wconf 82' lang='lat' dir='ltr'><strong>to.</strong></span> <span class='ocrx_word' id='word_1_857' title='bbox 2670 5886 2714 5917; x_wconf 75' lang='lat'>“</span> <span class='ocrx_word' id='word_1_858' title='bbox 2748 5882 2889 5938; x_wconf 83' lang='lat' dir='ltr'><strong>Psal.</strong></span> <span class='ocrx_word' id='word_1_859' title='bbox 2924 5895 3115 5944; x_wconf 78' lang='lat' dir='ltr'><strong>cxvm,</strong></span> <span class='ocrx_word' id='word_1_860' title='bbox 3140 5882 3229 5939; x_wconf 79' lang='lat' dir='ltr'><strong>5t.</strong></span> 
     </span>
    </p>
   </div>
  </div>
