4216 6458
735 401 738 406 ι
783 371 914 435 1031

2005 369 2062 424 S.
2109 366 2422 426 JOANNIS
2467 368 2768 426 CLIMACI

3880 373 4017 444 1039,

786 481 972 532 animo
1010 487 1367 544 personarum
1421 474 1687 541 rationem
1751 472 2251 541 haberejuditant:
2298 477 2348 527 lii
2381 483 2423 536 Α

2381 483 2423 536 Α
2452 473 2661 542 δαίμων
2712 474 3011 541 κενοδοξίας
3047 476 3180 547 πρὸς
3221 476 3584 549 ἐλεημοσύνην
3633 483 4013 552 προτρεπόμε-

776 571 918 624 cnim
973 565 1237 635 superbia:
1270 563 1554 633 progenies
1578 573 1782 617 etsunt
1820 576 1872 617 et
1900 579 2022 618 esse
2045 566 2344 632 deprehen-

2443 585 2532 630 vo;
2556 607 2571 632 ,
2595 568 2784 638 ὥσπερ
2811 569 2906 624 καὶ
2933 569 3263 639 φιληδονίας.
3319 572 3438 624 Ἐἀν
3478 571 3804 643 ἀμφοτέρων
3827 575 4015 626 τοίνυν

777 661 997 712 duntur.
1050 657 1136 709 Est
1164 656 1385 724 spiritus
1411 655 1653 708 avaritim
1679 655 1771 724 qui
1795 670 1934 724 sa‘pe
1991 656 2345 708 humilitatem

2445 657 2908 730 καθαρεύσωμεν,
2951 663 3009 713 ὲν
3058 662 3226 715 παντὶ
3278 663 3429 732 τόπῳ
3476 663 3644 717 ἐλεεῖν
3685 666 3759 735 μὴ
3793 664 4017 717 παυσώο

777 749 1020 810 siinulat.
1049 747 1142 802 Est
1169 746 1393 814 spiritus
1416 759 1569 798 vanae
1617 746 1934 814 gloriaz,.qni
1986 747 2231 800 homines
2281 745 2348 800 ad

2449 747 2609 818 μεθα.
2636 749 2794 812 Τινὲς
2811 750 2909 819 μὲν
2930 750 3137 821 ἔφησαν
3158 751 3416 820 δαίμονας
3437 753 3686 822 δαίμοσιν
3711 755 4015 823 ἀντιπράτ-

777 839 1174 906 t-leemosynam
1201 834 1433 887 dandam
1463 833 1649 887 incitat
1677 833 1857 902 (sicut
1880 843 1929 887 et
1958 834 2181 903 spiritus
2204 835 2352 888 luxn-

781 930 1023 996 ria-)qni
1062 927 1129 980 ab
1158 936 1388 994 utroque
1435 925 1537 980 hoc
1568 927 1835 994 repurgati
1862 925 2147 988 fuerimus,
2215 941 2353 996 qno-
2450 929 2750 984 ἀπώλειαν.
3921 994 3931 999 _

781 1018 858 1068 iis
914 1018 1030 1070 loco
1082 1016 1466 1104 beniﬁnitatem
1518 1013 1572 1068 in
1630 1031 1888 1083 pauperes
1933 1016 2187 1069 exhibere
2227 1031 2328 1067 non
2364 1031 2664 1074 cessemus.
2720 1019 2892 1076 Fuere
2958 1023 3222 1087 nonnulli,
3263 1023 3352 1093 qni
3414 1037 3695 1079 censerem
3731 1024 3981 1077 dannmta

2447 855 2562 891 τειν
2592 853 2604 866 ·
2659 839 2771 904 ἐγὼ
2821 839 2878 892 δὲ
2911 840 3123 909 ἔγνωκα
3153 843 3359 906 πάντας
3388 841 3485 913 τὴν
3517 843 3672 913 ἡμῶν
3711 843 4015 914 ζητοῦντας

2450 929 2750 984 ἀπώλειαν.

3987 1065 4014 1102 3

777 1109 912 1158 inter
937 1122 992 1160 se
1021 1105 1123 1160 sibi
1155 1100 1346 1157 mutuo
1376 1100 1653 1156 adversari
1682 1112 1735 1156 et
1763 1102 2049 1157 obluctari.
2123 1103 2227 1156 Sed
2284 1117 2383 1172 ego
2451 1108 2575 1161 novi
2637 1107 2707 1162 ab
2779 1109 3031 1165 omnibus
3105 1111 3238 1164 nihil
3303 1111 3410 1166 nisi
3473 1112 3698 1166 exitium
3760 1100 4011 1172 ιιυδιινιηι]

775 1215 965 1269 qttrert.

843 1288 1041 1341 Omnes
1087 1287 1205 1354 pias
1235 1293 1290 1338 et
1323 1284 1628 1354 spirituales
1658 1283 2075 1338 exercitationes
2124 1292 2339 1337 nostras

775 1379 888 1431 sive
914 1377 1159 1444 corporis
1185 1375 1387 1428 czesint
1412 1383 1464 1428 et
1487 1375 1662 1427 oculis
1696 1373 1971 1441 subjecta',
2007 1371 2119 1425 sive
2145 1373 2342 1425 mentis

2515 1280 2704 1351 Πάσης
2753 1283 3130 1351 πνευματικῆς
3184 1283 3445 1354 ἐργασίας
3480 1284 3761 1355 δρωμὲνης
3805 1303 3865 1338 τε
3921 1287 4016 1338 καὶ.

2443 1373 2743 1442 νοουμένης
2794 1375 3116 1442 προηγεῖται
3167 1375 3421 1443 πρόθεσις
3475 1375 3650 1428 οίκεία
3711 1376 3822 1446 (6i)
3851 1415 3869 1438 ,
3918 1377 4015 1430 καὶ

775 1477 827 1520 et
845 1466 1226 1536 intelligentiae,
1254 1465 1496 1532 praecedit
1526 1465 1740 1533 propria
1764 1463 2164 1516 hominismens
2184 1459 2346 1529 350

2448 1461 2610 1526 πόθος
2631 1462 2869 1533 ἄριστος,
2908 1463 3044 1533 μετὰ
3074 1464 3358 1533 συνεργίας
3404 1465 3538 1518 Θεοῦ
3577 1467 3856 1536 γινόμενα.
3889 1467 4012 1520 Τῶν

774 1564 827 1608 et
859 1546 1215 1625 propositum,
1250 1554 1620 1623 optimumque
1645 1552 1972 1606 desiderium
1999 1560 2048 1605 et
2088 1549 2335 1612 affectus,

773 1662 892 1713 quze
919 1661 985 1699 ex
1045 1644 1134 1698 Dei
1182 1659 1442 1698 succursu
1488 1655 1540 1697 et
1582 1643 1785 1696 auxilio
1817 1641 1973 1697 linnt.
2023 1638 2136 1694 Ni5t
2189 1640 2334 1693 enim

776 1736 1110 1804 propositum
1163 1734 1502 1802 praemissum
1577 1732 1766 1796 fuerit,
1813 1732 1953 1786 bona
2015 1745 2176 1800 Opera
2233 1744 2339 1784 non

774 1837 1087 1894 sequentur.
1148 1823 1204 1878 Si
1270 1825 1493 1888 omnia,
1552 1840 1672 1894 qna:
1725 1824 1824 1877 sub
1877 1822 2016 1877 cmlo
2047 1821 2220 1884 fiunt,
2279 1826 2341 1873 ut

775 1916 1126 1970 Ecclesiastes
1174 1924 1436 1979 testatur,
1481 1914 1676 1982 quat-is
1726 1914 1777 1966 in
1828 1926 1886 1966 re
1918 1926 2075 1965 suum
2127 1922 2339 1980 tempus

776 2008 994 2066 habent.
1043 2009 1180 2060 inter
1236 2007 1418 2061 omnia
1472 2017 1651 2060 autem
1703 2003 1864 2060 etiam
1918 2013 2116 2060 nostra:
2160 2021 2328 2060 sacrze

775 2097 1083 2164 reipublicre
1143 2096 1353 2167 negotia
1379 2104 1432 2149 et
1463 2111 1548 2149 res
1563 2095 1869 2149 constitutae
1889 2104 2035 2156 sunt,
2061 2095 2338 2150 videamus

775 2187 818 2240 si
853 2189 1023 2256 piaret
1051 2197 1101 2239 et
1134 2187 1187 2238 in
1219 2187 1435 2255 quovis,
1476 2195 1736 2254 tempore,
1777 2201 1895 2251 qnte
1918 2185 2027 2239 sint
2054 2187 2264 2255 propria
2287 2197 2341 2242 et

773 2277 1150 2331 convenientia
1176 2277 1372 2345 cuique
1402 2277 1628 2344 tempori
1651 2276 2038 2344 disquiratnus.
2073 2274 2162 2331 Est
2188 2278 2332 2330 enim

773 2372 994 2423 omnino
1056 2369 1108 2420 in
1149 2368 1216 2422 iis
1267 2368 1358 2436 qui
1411 2368 1465 2421 in
1535 2364 1800 2436 religiosae
1870 2368 1992 2422 vitae
2047 2368 2341 2423 certamine

775 2469 1063 2514 versantur
1087 2469 1320 2528 tempus,
1347 2473 1455 2528 quo
1482 2457 1550 2511 ab
1572 2458 1719 2512 onmi
1739 2457 1902 2510 animi
1930 2458 2336 2527 perturbatione

776 2551 915 2604 liber
973 2559 1027 2604 et
1083 2549 1405 2618 tranquillus
1467 2548 1698 2602 exsistas
1747 2549 1912 2618 (quod
1969 2558 2185 2618 propter
2244 2565 2340 2606 eos

777 2641 922 2703 dico,
1011 2638 1106 2706 qni
1172 2638 1348 2692 adhuc
1441 2638 1494 2690 in
1577 2637 1918 2691 certaminis-
1970 2637 2190 2691 infantia
2291 2648 2342 2693 et

785 2730 1036 2784 tirocinio
1111 2737 1395 2782 versantur
1433 2729 1475 2797 ).
1526 2725 1620 2780 Est
1665 2737 1874 2796 tempus
1946 2731 2338 2802 lacrymarum,

776 2835 988 2890 tempus
1046 2819 1320 2874 ariditatis
1391 2833 1488 2872 seu
1551 2804 1788 2876 duritiei.
1840 2821 2055 2887 cordis;
2124 2833 2338 2892 tempus

2447 1551 2550 1620 γὰρ
2582 1551 2862 1622 προτέρων
2893 1551 2968 1622 μὴ
3011 1552 3478 1622 καταϐληθέντων,
3527 1555 3588 1607 τὸ
3620 1555 3874 1627 δεύτερον
3915 1559 4014 1609 ἑπ-

2438 1641 2749 1694 ακολουθείν
2775 1643 2836 1696 οὐ
2860 1642 3124 1712 πέφυκεν.
3156 1645 3216 1698 Εἰ
3233 1645 3424 1715 καιρὸς
3451 1646 3510 1699 ἐν
3535 1648 3696 1701 παντὶ
3718 1649 4012 1720 πράγματι

2437 1731 2548 1784 τῶν
2573 1732 2678 1785 ὑπὸ
2703 1733 2793 1785 τὸν
2824 1735 3070 1804 οὐρανὸν,
3091 1734 3273 1799 καθώς
3301 1753 3463 1806 φησιν
3492 1739 3521 1789 ό
3553 1738 4011 1811 Ἐκκλησιαστὴς,

2437 1822 2496 1874 ἑν
2529 1825 2642 1886 τοῖς
2673 1826 2807 1876 πᾶσι
2835 1823 2893 1876 δὲ
2924 1826 3016 1877 καὶ
3040 1824 3228 1896 τά’τῆς
3256 1828 3530 1897 ἡμετέρας
3549 1827 3824 1893 πολιτείας
3856 1831 4014 1902 ἱερᾶς

2438 1911 2810 1983 καθεστήκασι
2863 1916 3203 1986 πράγματα’
3248 1917 3440 1970 οὐκοῦν
3499 1919 3910 1990 σκοπήσωμεν,
3963 1924 4012 1974 εί

2438 2005 2606 2070 δοκεῖ,
2650 2006 2745 2060 καὶ
2790 2009 2848 2061 ὲν
2892 2008 3106 2078 ἑκάστῳ
3159 2007 3336 2078 καιρῷ
3377 2009 3447 2063 τὰ
3488 2009 3568 2080 τῷ
3611 2011 3789 2081 καιρῷ
3831 2014 4015 2068 οἰκεία
4055 1990 4058 1993 Ι

2440 2096 2768 2168 ζητήσωμεν
2791 2117 2804 2130 ·
2839 2100 3030 2168 καιρὸς
3057 2099 3164 2169 γάρ
3194 2101 3410 2163 πάντως
3433 2101 3491 2152 ὲν
3527 2105 3639 2164 τοῖς
3670 2102 4016 2173 ἀγωνιζομέ-

2439 2204 2547 2268 νοις
2575 2189 2721 2240 ἐστὶν
2749 2189 3038 2252 ἀπαθείας.
3067 2189 3154 2242 διὰ
3181 2189 3277 2258 τὴν
3307 2190 3411 2242 τῶν
3432 2192 3846 2263 ἀγωνιζομένων
3868 2194 4017 2261 λέγω

2446 2281 2762 2348 νηπιότητα.
2801 2279 3004 2349 Καιρὸς
3033 2279 3302 2350 δακρύων,
3331 2279 3425 2333 καὶ⁵
3451 2284 3637 2351 καιρὶς
3665 2283 4015 2354 σκληροκαρ-

2439 2368 2556 2433 δίας
2583 2383 2597 2397 '
2632 2370 2820 2439 καιρὸς
2855 2371 3154 2440 ὑποταγῆς,
3190 2371 3284 2423 καὶ
3308 2371 3493 2442 καιρὸς
3526 2373 3619 2424 τοῦ
3656 2376 4013 2428 ἐπιτάττειν·

2441 2460 2632 2532 καιρὸς
2681 2462 2954 2530 νηστείας,
3006 2463 3102 2514 καὶ
3159 2462 3350 2532 καιρὸς
3388 2463 3741 2533 μεταλήψεως
3768 2481 3781 2493 ·
3818 2467 4018 2535 καιρὸς

2441 2550 2697 2620 πολέμου,
2733 2550 2984 2620 σώματος
3018 2548 3236 2620 ἐχθροῦ,
3269 2551 3363 2603 καὶ
3398 2553 3583 2622 καιρὸς
3626 2551 3864 2605 θανάτου
3912 2573 4018 2606 ttu-

2443 2641 2678 2712 ρὼσεως·
2702 2642 2893 2712 καιρὸς
2921 2641 3187 2712 χειμῶνος
3212 2639 3408 2711 ψυχῆς,
3435 2643 3529 2695 καὶ
3551 2644 3738 2713 καιρὸς
3768 2645 4020 2714 γαλήνης

2439 2731 2591 2794 νοός⁶
2633 2731 2825 2801 καιρὸς
2869 2731 3046 2800 λύπης
3093 2731 3412 2802 καρδιακῆς,
3454 2733 3550 2784 καὶ
3595 2734 3786 2804 καιρὸς
3835 2737 4020 2804 χαρᾶς

2441 2821 2838 2892 πνευματικῆς·
2872 2821 3443 2892 καιρδςδιδασκαλίας,
3479 2823 3574 2876 καὶ
3602 2824 3795 2894 καιρὸς
3842 2827 4019 2893 ἀκρο-

773 2911 1177 2984 obtemperandi
1197 2919 1251 2966 et
1269 2919 1481 2981 tempus
1507 2910 1805 2979 imperandi
1838 2931 1852 2966 :
1877 2923 2088 2983 tempus
2112 2913 2334 2984 jejnnii,
2363 2933 2408 2992 ο

2363 2933 2408 2992 ο
2440 2911 2617 2974 ἀσεως
2647 2927 2662 2942 ο
2693 2912 2884 2984 καιρὸς
2915 2911 3228 2983 μολυσμῶν,
3259 2913 3387 2976 iam;
3422 2913 3510 2968 διά
3532 2914 3631 2984 τὴν
3659 2912 3859 2982 οἴησιν,
3893 2931 4019 2991 και-

776 3015 988 3074 tetnpus
1032 3016 1270 3072 mensa:
1307 3009 1518 3070 tempus
1563 3001 1710 3066 belli,
1745 3001 1921 3056 hostis
1962 3003 2238 3071 corporis;
2285 3013 2340 3058 ct

775 3106 987 3167 tempus
1037 3096 1186 3164 pacis
1232 3109 1328 3149 seu
1385 3092 1578 3148 mortis
1617 3092 1886 3148 exstincto
1936 3108 2127 3164 nempe
2159 3097 2339 3154 carnis

775 3189 1249 3256 ardore:tempus
1300 3184 1634 3254 tempestatis
1685 3184 1738 3238 in
1785 3185 1987 3256 anima,
2030 3194 2086 3240 et
2129 3196 2340 3256 tempus

777 3280 1085 3334 serenitatis
1127 3278 1182 3331 in
1237 3285 1461 3331 mente:
1494 3283 1706 3345 tempus
1748 3279 2003 3332 mmroris
2054 3278 2106 3331 in
2152 3279 2336 3346 corde,

775 3379 829 3422 et
879 3378 1090 3436 tempus
1142 3365 1325 3435 gaudii
1373 3365 1427 3420 in
1467 3365 1939 3434 spiritnztempus
1989 3367 2236 3430 docendi,
2284 3377 2340 3424 et

779 3472 991 3529 tempus
1041 3459 1285 3514 discendi
1316 3475 1330 3510 :
1366 3466 1575 3526 tempus
1621 3457 2074 3526 inquinationum,
2106 3456 2340 3514 fortasse

780 3535 997 3621 propter
1051 3550 1219 3603 animi
1274 3547 1473 3602 fastum
1502 3587 1519 3613 ,
1570 3556 1635 3624 et.
1681 3555 1896 3614 tempus
1945 3548 2340 3616 repurgationis

780 3639 1405 3715 propter‘hutnilitatem
1441 3655 1457 3695 :
1488 3647 1704 3706 tempus
1761 3637 1958 3703 hletae,
2011 3647 2067 3692 et
2127 3646 2340 3707 tempus

775 3746 984 3787 secura:
1040 3726 1383 3784 remissionis
1417 3740 1434 3780 τ
1465 3735 1677 3794 tempus
1737 3723 1978 3794 quietis,
2028 3734 2081 3778 et
2131 3733 2342 3794 tempus

772 3825 894 3879 sine
949 3821 1304 3876 d-stractione
1375 3816 1752 3887 Occupationis
1805 3834 1819 3870 :
1872 3824 2084 3884 tempus
2139 3816 2230 3868 diu
2285 3827 2341 3871 et

771 3917 994 3972 assidue
1048 3913 1326 3984 precandi,
1384 3918 1603 3980 tempus
1677 3909 1907 3965 fideliter
1969 3910 2334 3974 ministrandi.

768 4011 1108 4078 Quapropter
1152 4021 1220 4059 ne
1257 4018 1322 4059 es
1371 4003 1607 4072 superbo
1659 4001 1824 4055 animi
1872 3999 2074 4070 impetu
2123 3999 2338 4072 decepti

767 4106 898 4150 ante
923 4105 1136 4163 tempus
1167 4091 1549 4163 aggrediamur
1581 4105 1643 4145 ea
1671 4104 1793 4161 qua:
1816 4104 1918 4145 suo
1947 4098 2190 4158 tempore
2204 4099 2341 4146 sunt

774 4183 1042 4245 facienda,
1090 4197 1192 4236 nec
1219 4182 1272 4236 in
1307 4181 1484 4236 hieme
1503 4195 1729 4250 agamus
1755 4195 1877 4249 qua:
1921 4179 1976 4232 in
2005 4189 2188 4234 astate
2207 4187 2338 4233 sunt

2418 3002 2535 3076 ..ρδς
2559 3003 2900 3072 καθάρσεως,
2934 3003 3024 3057 διὰ
3056 3003 3155 3074 τὴν
3182 3004 3508 3057 ταπείνωσιν
3528 3021 3542 3034 ·
3574 3006 3764 3078 καιρὸς
3807 3004 4016 3075 πάλης,

2439 3095 2534 3147 καὶ
2571 3093 2845 3162 ἀσφαλοῦς
2873 3092 3110 3156 ἀνέσεως
3133 3107 3150 3124 ο
3189 3091 3380 3163 καιρὸς
3409 3083 3660 3162 ἡσυχίας,
3691 3093 3787 3145 καὶ
3815 3091 4020 3160 καιρὸς

2437 3183 2850 3259 ἀπερισπάστου
2877 3180 3267 3253 περισπασμοῦ
3286 3197 3298 3210 ·
3325 3180 3515 3252 καιρὸς
3550 3179 3864 3252 προσευχῆς
3888 3181 4021 3234 ἀεν-

2437 3275 2592 3346 νάου,
2625 3275 2722 3328 καὶ
2751 3272 2942 3344 καιρὸς
2972 3273 3246 3335 διακονίας
3281 3269 3664 3340 ἀνυποκρίτου.
3702 3269 3797 3341 Μὴ
3825 3271 4020 3326 τοίνυν

2439 3364 2546 3435 πρὸ
2574 3364 2769 3433 καιροῦ
2817 3363 2875 3429 ἐξ
2910 3364 3260 3433 ὑπερηφάνου
3308 3360 3613 3432 προθυμίας
3657 3362 4021 3431 ἀπατώμεντι

2436 3458 2506 3509 τὰ
2549 3452 2645 3509 τοῦ
2697 3456 2892 3526 καιροῦ
2938 3457 3292 3526 ζητήσωμενο
3337 3454 3412 3524 μὴ
3451 3457 3510 3507 ὲν
3553 3455 3784 3524 χειμῶνι
3809 3457 3885 3510 τὰ
3918 3456 4018 3511 τοῦ

2397 3606 2400 3610 ι
2439 3543 2668 3611 θέρους·
2703 3544 2781 3613 μὴ
2825 3546 2885 3596 ὲν
2929 3545 3115 3614 σπόρῳ
3151 3544 3219 3596 τὰ
3267 3543 3374 3595 τῶν
3402 3543 3728 3613 δραγμάτων
3751 3581 3769 3606 ,
3821 3544 4021 3617 ἐπειδὴ

2439 3632 2627 3702 καιρὸς
2666 3633 2762 3686 τοῦ
2811 3637 3030 3703 σπεῖραι
3062 3633 3276 3697 πόνους,
3309 3633 3402 3686 καὶ
3444 3633 3632 3703 καιρὸς
3656 3632 3751 3686 τοῦ
3792 3633 4018 3705 θερίσαι

2438 3723 2538 3786 τὰς
2564 3719 2789 3794 χάριτας
2813 3722 2912 3787 τὰς
2939 3724 3230 3795 ἀρρήτους.
3256 3725 3319 3777 El
3346 3723 3404 3776 δὲ
3435 3727 3508 3796 μή
3546 3742 3630 3792 γε,
3682 3725 3804 3779 οὐδὲ
3834 3727 3901 3780 ὲν
3937 3728 4021 3798 τῷ

2440 3812 2617 3884 καιρῷ
2647 3814 2719 3868 τὰ
2740 3814 2836 3868 τοῦ
2867 3815 3062 3886 καιροῦ
3085 3817 3260 3870 οίκεῖα
3294 3817 3634 3887 κομιούμεθα
3679 3816 3815 3888 (65).
3851 3819 4018 3884 Τινὲς

2440 3905 2546 3975 πρὸ
2569 3905 2677 3959 τῶν
2728 3907 3011 3990 καμάτων,
3049 3907 3192 3970 τινες
3247 3909 3305 3960 ὲν
3353 3910 3467 3971 τοῖς
3521 3909 3809 3976 καμάτοις,
3863 3912 4019 3974 τινὲς

2441 3997 2580 4067 μετά
2607 3999 2732 4062 τοὺς
2759 4000 3061 4070 καμάτους,
3110 4000 3254 4063 τινες
3284 4003 3344 4054 ιν
3370 4000 3450 4069 τῷ
3483 3999 3697 4069 θανάτῳ
3721 4000 3824 4061 τὰς
3851 4001 4018 4064 ὁσίας

2440 4088 2675 4157 ἀμοιϐάς
2724 4091 2878 4158 παρά
2927 4090 3021 4144 τοῦ
3056 4081 3195 4144 Θεοῦ
3239 4091 3350 4144 τῶν
3402 4091 3619 4144 οίκείων
3665 4089 3854 4145 κόπων
3893 4092 4020 4145 κατ’

2437 4178 2751 4246 οίκονομίαν
2793 4178 3032 4249 ἀρῤητον
3078 4179 3422 4249 ἐκομίσαντο.
3467 4181 3739 4250 Ζητητέον
3771 4181 3861 4244 τίς
3887 4180 4021 4235 τοὺ-

770 4273 1002 4345 agenda,
1027 4287 1126 4327 nec
1151 4272 1206 4325 in
1244 4279 1485 4326 semente
1509 4283 1741 4324 messem
1775 4283 2120 4338 quaeramus;
2150 4267 2194 4322 si
2210 4269 2334 4336 qui-
2365 4263 2410 4317 D

2021 4283 2120 4334 us;
2150 4267 2194 4322 si
2210 4269 2334 4336 qui-
2365 4263 2410 4317 D
2436 4281 2545 4318 των
2573 4267 2668 4319 τοῦ
2705 4267 2890 4339 ἑτέρου
2919 4267 3295 4336 ταπεινότερος
3328 4267 3686 4338 καθέστηκεν.

768 4365 895 4417 dem
930 4372 1144 4429 tempus
1194 4366 1250 4413 et
1301 4355 1517 4411 serendi
1565 4355 1779 4410 labores
1801 4392 1817 4418 ,
1845 4351 2003 4422 351
2067 4361 2123 4407 et
2177 4353 2662 4424 tempusmetendi
2711 4353 3117 4423 incaplicabiles
3151 4357 3446 4424 gratiarum
3480 4372 3704 4414 messes.
3742 4358 3842 4415 Sin
3916 4363 4024 4417 tui.

769 4469 898 4517 nus,
935 4462 1067 4507 tunc
1092 4461 1275 4518 neque.
1297 4460 1399 4500 suo
1434 4454 1696 4518 tempore,
1731 4457 1852 4512 quae
1887 4450 2016 4497 sunt
2039 4442 2156 4509 ejus
2190 4444 2446 4512 temporis
2471 4443 2689 4514 propria
2711 4442 3030 4500 referemus.
3058 4443 3288 4510 Quidam
3331 4455 3458 4503 ante
3484 4447 3734 4515 labores,
3785 4453 4020 4521 quidam

770 4549 918 4604 inter
946 4545 1094 4616 ipsos
1117 4542 1328 4596 labores
1351 4538 1573 4609 quidam
1605 4545 1725 4606 post
1753 4535 1990 4603 labores,
2018 4535 2237 4605 quidam
2311 4537 2366 4592 in
2426 4546 2600 4594 morte
2623 4537 2840 4594 demum
2874 4538 3152 4594 caelestem
3201 4538 3464 4594 sudorum
3510 4544 4021 4611 compensationem

765 4657 837 4696 ex
880 4650 1080 4693 arcana
1112 4641 1167 4688 et
1207 4628 1555 4686 inenarrabili
1589 4625 1681 4684 Dei
1728 4627 2117 4698 gubernatione
2139 4634 2193 4680 et
2213 4626 2487 4685 voluntate
2507 4639 2846 4701 receperunt.
2871 4628 3062 4687 Restat
3091 4629 3470 4700 inquirendum
3495 4632 3590 4702 qui
3619 4633 3816 4690 borum
3843 4638 4023 4694 altero

770 4734 933 4789 fuerit
968 4728 1245 4785 humilior.

843 4824 940 4878 Est
985 4816 1386 4890 desperationis
1437 4829 1614 4887 genus
1669 4813 1815 4883 quod
1871 4827 1935 4868 es
1997 4811 2347 4875 multitudine

773 4923 1143 4986 peccatorum,
1205 4918 1260 4965 et
1307 4908 1654 4964 conscientia:
1731 4906 1987 4976 pondere,
2017 4914 2075 4960 et
2151 4905 2349 4969 intole-

774 5006 932 5061 rabili
1002 5005 1220 5059 ttistitia
1272 5001 1506 5064 exsistit,
1565 4998 1782 5070 quando
1849 4997 2031 5053 anima
2083 5013 2152 5052 ex
2205 4997 2347 5051 mul-

778 5099 1006 5156 titudine
1035 5099 1325 5152 vulnerum
1359 5095 1590 5149 nimium
1623 5091 1910 5161 mergitur,
1940 5099 1996 5146 et
2025 5104 2194 5147 onere
2219 5105 2346 5159 pee-

773 5202 1021 5249 catorum
1041 5226 1058 5252 ,
1091 5187 1354 5241 altissima
1386 5184 1786 5253 desperationis
1814 5183 2070 5251 voragine
2095 5182 2346 5236 hauritur

771 5298 829 5344 et
853 5281 1196 5341 absorbetur.
1232 5276 1329 5332 Est
1356 5285 1411 5332 et
1436 5277 1540 5331 alia
1568 5276 1877 5347 desperatio
1906 5292 2030 5347 quae
2057 5293 2125 5333 ex
2154 5290 2344 5345 super-

774 5381 863 5438 bia
890 5386 947 5434 et
987 5369 1368 5430 estimationis
1409 5367 1555 5422 fastu
1608 5369 1769 5422 nobis
1815 5369 2100 5438 contingit,
2150 5375 2210 5422 ut
2248 5366 2342 5435 qui

773 5472 1048 5527 existimet
1075 5463 1360 5534 indignum
1390 5473 1470 5525 se,
1502 5459 1598 5529 qui
1628 5457 1682 5512 in
1718 5459 1882 5513 talem
1916 5474 2108 5513 casum
2134 5457 2345 5513 incide-

776 5577 857 5621 ret
884 5565 1072 5618 fuisse.
1131 5559 1187 5612 In
1241 5555 1328 5609 his
1377 5551 1635 5610 duobus.
1677 5549 1768 5618 qui
1814 5549 2203 5614 observaverit,
2241 5550 2344 5603 hoc

777 5656 1050 5725 protirium
1079 5644 1466 5720 deprehendet,
1497 5641 1639 5710 quod
1671 5642 1808 5693 alter
1848 5654 1911 5693 ex
1937 5641 2336 5709 desperatione,

778 5745 1012 5814 seipsum
1040 5743 1294 5810 deinceps
1319 5736 1438 5792 sine
1490 5731 1806 5788 discrimine
1837 5730 2086 5784 omnibus
2107 5731 2340 5798 peccatis

2513 4821 2701 4875 Ἔστιν
2726 4816 3035 4888 ἀπόγνωσις
3086 4819 3152 4872 ἐκ
3173 4817 3410 4889 πλήθους
3435 4820 3862 4889 ἁμαρτημάτων
3873 4821 4018 4891 (66),

2396 4944 2402 4950 -
2438 4915 2535 4970 καὶ
2565 4911 2866 4974 συνειδότος
2904 4907 3256 4980 βάρους,,καὶ
3291 4909 3568 4980 ἀφορήτου
3593 4908 3776 4978 λύπης
3807 4909 3909 4967 διὰ
3952 4914 4018 4967 to
4094 4923 4099 4926 '

2441 5002 2950 5076 ὑπερὸαπτισθῆναι
2991 4998 3070 5069 τῷ
3123 4998 3316 5071 πλήθει
3342 4997 3458 5054 τῶν
3509 4997 3855 5069 τραυμάτων
3918 5002 4019 5073 τὴν

2439 5098 2640 5169 ψυχὴν,
2689 5097 2785 5152 καὶ
2821 5093 2900 5166 τῷ
2927 5093 3085 5164 βάρει
3139 5089 3338 5156 αὐτῶν,
3390 5091 3472 5152 είς
3530 5089 3622 5143 τὸν
3643 5089 4020 5158 summa»;

2443 5188 2604 5260 βυθὸν
2657 5181 3176 5247 καταποντίζεσθαι·
3224 5181 3346 5236 καὶ
3374 5181 3524 5235 εστιν
3579 5180 3898 5250 ἀπόγνωσις
3954 5186 4019 5253 ἑξ

2439 5280 2817 5352 ὑπερηφανίας
2875 5275 2971 5330 καὶ
3015 5271 3247 5343 οἰήσεως
3305 5273 3440 5342 ἡμῖν
3502 5269 4021 5344 επισυμσαίνουσα,

2438 5369 2784 5442 λογιζόμενον
2835 5365 3027 5422 ἑαυτὸν
3071 5364 3149 5425 ὡς
3186 5362 3406 5426 ἀνάξιον
3437 5359 3568 5414 ὅντα
3591 5361 3686 5415 τοῦ
3727 5366 4022 5439 cupas"-

2438 5458 2595 5522 κότος
2631 5457 2927 5528 πτώματος
2948 5467 2968 5488 ο
3001 5451 3158 5508 τοῦτο
3178 5450 3236 5506 δε
3283 5451 3315 5504 ὁ
3334 5449 3672 5521 παρατηρῶν
3720 5453 3783 5506 ἀν
3814 5455 4022 5524 ’ἀμφο-

2438 5546 2617 5617 τέροις
2666 5546 2890 5618 εὑρήσει
2923 5540 2988 5595 τὸ
3028 5539 3225 5609 ιδίωμα
3247 5555 3262 5570 ο
3305 5536 3398 5591 τὸν
3441 5538 3548 5622 ,μὲν
3602 5539 3662 5592 ιν
3705 5541 4024 5613 ,ἀδιαφορία

2445 5638 2636 5692 ἑαυτὸν
2663 5637 2850 5692 λοιπὸν
2875 5631 3240 5701 ἐκδεδωκότα⁸
3286 5628 3377 5682 τὸν
3423 5628 3478 5682 δὲ
3508 5629 3613 5699 ,τῆς
3644 5633 3938 5701 ἀσκήσεως
3958 5635 4024 5683 ὲν

2451 5727 2760 5797 ἀπογνώσει
2783 5725 3096 5796 ,ἐχόμενον,
3155 5719 3291 5790 ὅπερ
3341 5717 3704 5790 ἀσύμφωνον·
3753 5719 3894 5776 ἀλλά
3925 5717 4027 5787 τὸν,
