  <div class='ocr_page' id='page_1' title='image "/cluster/home/n/w/nwhite01/storage/ocr_20150623/88/nnc1.0046980237/526.png"; bbox 0 0 4216 6458; ppageno 0'>
   <div class='ocr_carea' id='block_1_1' title="bbox 213 427 350 498">
    <p class='ocr_par' dir='ltr' id='par_1_1' title="bbox 213 427 350 498">
     <span class='ocr_line' id='line_1_1' title="bbox 213 427 350 498; baseline 0.007 -8"><span class='ocrx_word' id='word_1_1' title='bbox 213 427 350 498; x_wconf 81' lang='grc'><strong>1033</strong></span> 
     </span>
    </p>
   </div>
   <div class='ocr_carea' id='block_1_2' title="bbox 1155 435 2440 506">
    <p class='ocr_par' dir='ltr' id='par_1_2' title="bbox 1155 435 2440 506">
     <span class='ocr_line' id='line_1_2' title="bbox 1155 435 2440 506; baseline 0.006 -14"><span class='ocrx_word' id='word_1_2' title='bbox 1155 435 1380 495; x_wconf 76' lang='lat' dir='ltr'><strong>SC.\L.-\</strong></span> <span class='ocrx_word' id='word_1_3' title='bbox 1405 439 1780 497; x_wconf 69' lang='lat' dir='ltr'><strong>PARADISI.</strong></span> <span class='ocrx_word' id='word_1_4' title='bbox 1823 464 1885 476; x_wconf 74' lang='grc'><strong>’-</strong></span> <span class='ocrx_word' id='word_1_5' title='bbox 1910 442 2214 503; x_wconf 77' lang='lat' dir='ltr'><strong>GRADUS</strong></span> <span class='ocrx_word' id='word_1_6' title='bbox 2247 446 2440 506; x_wconf 72' lang='lat' dir='ltr'><strong>XXVI.</strong></span> 
     </span>
    </p>
   </div>
   <div class='ocr_carea' id='block_1_3' title="bbox 3293 448 3426 513">
    <p class='ocr_par' dir='ltr' id='par_1_3' title="bbox 3293 448 3426 513">
     <span class='ocr_line' id='line_1_3' title="bbox 3293 448 3426 513; baseline 0.015 -3"><span class='ocrx_word' id='word_1_7' title='bbox 3293 448 3426 513; x_wconf 70' lang='grc'><strong>1034</strong></span> 
     </span>
    </p>
   </div>
   <div class='ocr_carea' id='block_1_4' title="bbox 213 540 1878 630">
    <p class='ocr_par' dir='ltr' id='par_1_4' title="bbox 213 540 1878 617">
     <span class='ocr_line' id='line_1_4' title="bbox 213 540 1878 617; baseline 0.008 -27"><span class='ocrx_word' id='word_1_8' title='bbox 213 542 313 610; x_wconf 80' lang='grc' dir='ltr'><strong>μὲν</strong></span> <span class='ocrx_word' id='word_1_9' title='bbox 346 540 656 610; x_wconf 84' lang='grc' dir='ltr'>ἐγκράτεια,</span> <span class='ocrx_word' id='word_1_10' title='bbox 695 545 789 597; x_wconf 77' lang='grc' dir='ltr'>καὶ</span> <span class='ocrx_word' id='word_1_11' title='bbox 813 544 1123 598; x_wconf 74' lang='grc' dir='ltr'>εύελπιστία</span> <span class='ocrx_word' id='word_1_12' title='bbox 1143 562 1156 576; x_wconf 88' lang='grc'><strong>·</strong></span> <span class='ocrx_word' id='word_1_13' title='bbox 1184 549 1276 599; x_wconf 80' lang='grc' dir='ltr'><strong>τὸν</strong></span> <span class='ocrx_word' id='word_1_14' title='bbox 1310 547 1367 600; x_wconf 78' lang='grc' dir='ltr'>δὲ</span> <span class='ocrx_word' id='word_1_15' title='bbox 1390 549 1764 611; x_wconf 72' lang='grc' dir='ltr'>ὅταπείνωσις,</span> <span class='ocrx_word' id='word_1_16' title='bbox 1797 568 1838 617; x_wconf 78' lang='grc' dir='ltr'><strong>Α</strong></span> <span class='ocrx_word' id='word_1_17' title='bbox 1867 570 1878 604; x_wconf 74' lang='grc' dir='ltr'><strong>ι</strong></span> 
     </span>
    </p>
   </div>
   <div class='ocr_carea' id='block_1_5' title="bbox 1757 540 3422 630">
    <p class='ocr_par' dir='ltr' id='par_1_5' title="bbox 1757 557 3422 630">
     <span class='ocr_line' id='line_1_5' title="bbox 1757 557 3422 630; baseline 0.005 -23"><span class='ocrx_word' id='word_1_18' title='bbox 1757 589 1764 607; x_wconf 89' lang='grc'><strong>.</strong></span> <span class='ocrx_word' id='word_1_19' title='bbox 1797 568 1838 617; x_wconf 79' lang='grc' dir='ltr'><strong>Α</strong></span> <span class='ocrx_word' id='word_1_20' title='bbox 1867 565 2132 622; x_wconf 80' lang='lat' dir='ltr'><strong>exponat;</strong></span> <span class='ocrx_word' id='word_1_21' title='bbox 2166 557 2303 610; x_wconf 93' lang='lat' dir='ltr'><strong>alter</strong></span> <span class='ocrx_word' id='word_1_22' title='bbox 2341 559 2393 611; x_wconf 96' lang='lat' dir='ltr'><strong>in</strong></span> <span class='ocrx_word' id='word_1_23' title='bbox 2416 558 2791 626; x_wconf 76' lang='lat' dir='ltr'><strong>desperatione</strong></span> <span class='ocrx_word' id='word_1_24' title='bbox 2821 559 3130 630; x_wconf 80' lang='lat' dir='ltr'><strong>religiosam</strong></span> <span class='ocrx_word' id='word_1_25' title='bbox 3153 561 3422 615; x_wconf 87' lang='lat' dir='ltr'><strong>exercita-</strong></span> 
     </span>
    </p>
   </div>
   <div class='ocr_carea' id='block_1_6' title="bbox 206 635 1768 710">
    <p class='ocr_par' dir='ltr' id='par_1_6' title="bbox 206 635 1768 710">
     <span class='ocr_line' id='line_1_6' title="bbox 206 635 1768 710; baseline 0.006 -25"><span class='ocrx_word' id='word_1_26' title='bbox 206 635 387 687; x_wconf 75' lang='grc' dir='ltr'>καὶτὸ</span> <span class='ocrx_word' id='word_1_27' title='bbox 411 635 614 704; x_wconf 82' lang='grc' dir='ltr'><strong>μηδένα</strong></span> <span class='ocrx_word' id='word_1_28' title='bbox 645 638 850 707; x_wconf 87' lang='grc' dir='ltr'>κρίνειν</span> <span class='ocrx_word' id='word_1_29' title='bbox 893 639 1162 710; x_wconf 77' lang='grc' dir='ltr'><strong>ἰατρεύειν</strong></span> <span class='ocrx_word' id='word_1_30' title='bbox 1216 641 1545 707; x_wconf 73' lang='grc' dir='ltr'><strong>πεφύκασιν.</strong></span> <span class='ocrx_word' id='word_1_31' title='bbox 1597 640 1768 694; x_wconf 59' lang='grc' dir='ltr'>θίν’δεί</span> 
     </span>
    </p>
   </div>
   <div class='ocr_carea' id='block_1_7' title="bbox 205 723 1767 802">
    <p class='ocr_par' dir='ltr' id='par_1_7' title="bbox 205 723 1767 802">
     <span class='ocr_line' id='line_1_7' title="bbox 205 723 1767 802; baseline 0.005 -26"><span class='ocrx_word' id='word_1_32' title='bbox 205 723 529 792; x_wconf 80' lang='grc' dir='ltr'>θαμὸεῑσθαι</span> <span class='ocrx_word' id='word_1_33' title='bbox 555 727 698 796; x_wconf 81' lang='grc' dir='ltr'>ἡμᾶς</span> <span class='ocrx_word' id='word_1_34' title='bbox 715 727 826 798; x_wconf 79' lang='lat'><strong>(67)</strong></span> <span class='ocrx_word' id='word_1_35' title='bbox 853 728 886 798; x_wconf 81' lang='grc' dir='ltr'>ἢ</span> <span class='ocrx_word' id='word_1_36' title='bbox 918 727 1216 792; x_wconf 76' lang='grc' dir='ltr'><strong>ξενίζεσθαι</strong></span> <span class='ocrx_word' id='word_1_37' title='bbox 1259 730 1501 800; x_wconf 79' lang='grc' dir='ltr'>ὁρῶντας</span> <span class='ocrx_word' id='word_1_38' title='bbox 1553 731 1767 802; x_wconf 76' lang='grc' dir='ltr'>πονηρὰ</span> 
     </span>
    </p>
   </div>
   <div class='ocr_carea' id='block_1_8' title="bbox 206 817 1766 890">
    <p class='ocr_par' dir='ltr' id='par_1_8' title="bbox 206 817 1766 890">
     <span class='ocr_line' id='line_1_8' title="bbox 206 817 1766 890; baseline 0.004 -22"><span class='ocrx_word' id='word_1_39' title='bbox 206 817 310 885; x_wconf 83' lang='grc' dir='ltr'><strong>μέν</strong></span> <span class='ocrx_word' id='word_1_40' title='bbox 354 833 506 880; x_wconf 88' lang='grc' dir='ltr'>τινας</span> <span class='ocrx_word' id='word_1_41' title='bbox 548 819 951 889; x_wconf 78' lang='grc' dir='ltr'><strong>ἐργαζομένους</strong></span> <span class='ocrx_word' id='word_1_42' title='bbox 987 820 1145 890; x_wconf 78' lang='grc' dir='ltr'>ἔργα,</span> <span class='ocrx_word' id='word_1_43' title='bbox 1201 819 1437 888; x_wconf 80' lang='grc' dir='ltr'>ἀγαθοὺς</span> <span class='ocrx_word' id='word_1_44' title='bbox 1488 821 1545 875; x_wconf 83' lang='grc' dir='ltr'><strong>δέ</strong></span> <span class='ocrx_word' id='word_1_45' title='bbox 1575 821 1766 889; x_wconf 77' lang='grc' dir='ltr'><strong>λόγους</strong></span> 
     </span>
    </p>
   </div>
   <div class='ocr_carea' id='block_1_9' title="bbox 203 909 1766 981">
    <p class='ocr_par' dir='ltr' id='par_1_9' title="bbox 203 909 1766 981">
     <span class='ocr_line' id='line_1_9' title="bbox 203 909 1766 981; baseline 0.001 -21"><span class='ocrx_word' id='word_1_46' title='bbox 203 909 584 979; x_wconf 82' lang='grc' dir='ltr'><strong>προφέροντας</strong></span> <span class='ocrx_word' id='word_1_47' title='bbox 612 926 624 938; x_wconf 71' lang='grc' dir='ltr'><strong>ο</strong></span> <span class='ocrx_word' id='word_1_48' title='bbox 652 911 771 963; x_wconf 76' lang='grc' dir='ltr'>ἐπεὶ</span> <span class='ocrx_word' id='word_1_49' title='bbox 813 913 906 964; x_wconf 80' lang='grc' dir='ltr'><strong>καὶ</strong></span> <span class='ocrx_word' id='word_1_50' title='bbox 951 910 1046 963; x_wconf 84' lang='grc' dir='ltr'><strong>τὸν</strong></span> <span class='ocrx_word' id='word_1_51' title='bbox 1079 912 1138 962; x_wconf 89' lang='grc' dir='ltr'><strong>ἐν</strong></span> <span class='ocrx_word' id='word_1_52' title='bbox 1189 910 1266 980; x_wconf 84' lang='grc' dir='ltr'>τῷ</span> <span class='ocrx_word' id='word_1_53' title='bbox 1297 910 1609 981; x_wconf 79' lang='grc' dir='ltr'>παραδείσῳ</span> <span class='ocrx_word' id='word_1_54' title='bbox 1643 911 1766 979; x_wconf 78' lang='grc' dir='ltr'>ὅφιν</span> 
     </span>
    </p>
   </div>
   <div class='ocr_carea' id='block_1_10' title="bbox 202 998 1766 1070">
    <p class='ocr_par' dir='ltr' id='par_1_10' title="bbox 202 998 1766 1070">
     <span class='ocr_line' id='line_1_10' title="bbox 202 998 1766 1070; baseline 0.003 -20"><span class='ocrx_word' id='word_1_55' title='bbox 202 1000 411 1050; x_wconf 81' lang='grc' dir='ltr'>ἐκεῖνον</span> <span class='ocrx_word' id='word_1_56' title='bbox 440 1000 473 1068; x_wconf 91' lang='grc' dir='ltr'><strong>ή</strong></span> <span class='ocrx_word' id='word_1_57' title='bbox 507 999 682 1070; x_wconf 79' lang='grc' dir='ltr'><strong>οἴησις</strong></span> <span class='ocrx_word' id='word_1_58' title='bbox 710 998 988 1053; x_wconf 83' lang='grc' dir='ltr'>ἀπώλεσεν</span> <span class='ocrx_word' id='word_1_59' title='bbox 1022 1000 1300 1069; x_wconf 79' lang='grc' dir='ltr'>ὑψώσασα,</span> <span class='ocrx_word' id='word_1_60' title='bbox 1327 1000 1496 1063; x_wconf 83' lang='grc' dir='ltr'>τύπος</span> <span class='ocrx_word' id='word_1_61' title='bbox 1543 1018 1625 1054; x_wconf 92' lang='grc' dir='ltr'><strong>σοι</strong></span> <span class='ocrx_word' id='word_1_62' title='bbox 1671 1003 1766 1055; x_wconf 79' lang='grc' dir='ltr'>καὶ</span> 
     </span>
    </p>
   </div>
   <div class='ocr_carea' id='block_1_11' title="bbox 201 1085 1760 1164">
    <p class='ocr_par' dir='ltr' id='par_1_11' title="bbox 201 1085 1760 1164">
     <span class='ocr_line' id='line_1_11' title="bbox 201 1085 1760 1164; baseline 0.003 -23"><span class='ocrx_word' id='word_1_63' title='bbox 201 1089 384 1142; x_wconf 80' lang='grc' dir='ltr'>κανῶν</span> <span class='ocrx_word' id='word_1_64' title='bbox 419 1090 560 1144; x_wconf 76' lang='grc' dir='ltr'>ἔστω</span> <span class='ocrx_word' id='word_1_65' title='bbox 595 1085 750 1154; x_wconf 72' lang='grc' dir='ltr'>οὗτος</span> <span class='ocrx_word' id='word_1_66' title='bbox 776 1093 834 1144; x_wconf 90' lang='grc' dir='ltr'><strong>ἐν</strong></span> <span class='ocrx_word' id='word_1_67' title='bbox 863 1093 1064 1154; x_wconf 80' lang='grc' dir='ltr'>πάσαις</span> <span class='ocrx_word' id='word_1_68' title='bbox 1096 1109 1189 1146; x_wconf 90' lang='grc' dir='ltr'><strong>σου</strong></span> <span class='ocrx_word' id='word_1_69' title='bbox 1233 1096 1354 1156; x_wconf 80' lang='grc' dir='ltr'>ταῖς</span> <span class='ocrx_word' id='word_1_70' title='bbox 1390 1094 1760 1164; x_wconf 82' lang='grc' dir='ltr'>ἐγχειρήσεσι,</span> 
     </span>
    </p>
   </div>
   <div class='ocr_carea' id='block_1_12' title="bbox 200 1182 1762 1246">
    <p class='ocr_par' dir='ltr' id='par_1_12' title="bbox 200 1182 1762 1246">
     <span class='ocr_line' id='line_1_12' title="bbox 200 1182 1762 1246; baseline 0.003 -12"><span class='ocrx_word' id='word_1_71' title='bbox 200 1183 298 1234; x_wconf 78' lang='grc' dir='ltr'><strong>καὶ</strong></span> <span class='ocrx_word' id='word_1_72' title='bbox 375 1182 698 1245; x_wconf 79' lang='grc' dir='ltr'>πολιτείαις,</span> <span class='ocrx_word' id='word_1_73' title='bbox 771 1183 1165 1246; x_wconf 83' lang='grc' dir='ltr'>ὐποτακτικαίς</span> <span class='ocrx_word' id='word_1_74' title='bbox 1221 1201 1282 1236; x_wconf 88' lang='grc' dir='ltr'><strong>τε</strong></span> <span class='ocrx_word' id='word_1_75' title='bbox 1338 1183 1434 1238; x_wconf 70' lang='grc' dir='ltr'><strong>καὶ</strong></span> <span class='ocrx_word' id='word_1_76' title='bbox 1487 1185 1762 1239; x_wconf 85' lang='grc' dir='ltr'>ἀνυποτά-</span> 
     </span>
    </p>
   </div>
   <div class='ocr_carea' id='block_1_13' title="bbox 201 1272 1762 1344">
    <p class='ocr_par' dir='ltr' id='par_1_13' title="bbox 201 1272 1762 1344">
     <span class='ocr_line' id='line_1_13' title="bbox 201 1272 1762 1344; baseline 0.003 -21"><span class='ocrx_word' id='word_1_77' title='bbox 201 1290 348 1334; x_wconf 83' lang='grc' dir='ltr'>κτοις</span> <span class='ocrx_word' id='word_1_78' title='bbox 370 1272 502 1342; x_wconf 82' lang='lat'><strong>(68),</strong></span> <span class='ocrx_word' id='word_1_79' title='bbox 560 1275 863 1344; x_wconf 72' lang='grc' dir='ltr'>ὁρωμέναις</span> <span class='ocrx_word' id='word_1_80' title='bbox 901 1291 962 1328; x_wconf 82' lang='grc' dir='ltr'><strong>τε</strong></span> <span class='ocrx_word' id='word_1_81' title='bbox 1017 1275 1111 1326; x_wconf 78' lang='grc' dir='ltr'><strong>καὶ</strong></span> <span class='ocrx_word' id='word_1_82' title='bbox 1163 1274 1502 1342; x_wconf 85' lang='grc' dir='ltr'>νοουμέναις,</span> <span class='ocrx_word' id='word_1_83' title='bbox 1546 1273 1595 1326; x_wconf 84' lang='grc' dir='ltr'><strong>εί</strong></span> <span class='ocrx_word' id='word_1_84' title='bbox 1621 1275 1762 1328; x_wconf 79' lang='grc' dir='ltr'><strong>κατά</strong></span> 
     </span>
    </p>
   </div>
   <div class='ocr_carea' id='block_1_14' title="bbox 197 1362 1762 1436">
    <p class='ocr_par' dir='ltr' id='par_1_14' title="bbox 197 1362 1762 1436">
     <span class='ocr_line' id='line_1_14' title="bbox 197 1362 1762 1436; baseline 0.002 -22"><span class='ocrx_word' id='word_1_85' title='bbox 197 1362 335 1415; x_wconf 79' lang='grc' dir='ltr'>Θεὸν</span> <span class='ocrx_word' id='word_1_86' title='bbox 359 1364 561 1435; x_wconf 79' lang='grc' dir='ltr'>κυρίως</span> <span class='ocrx_word' id='word_1_87' title='bbox 614 1365 984 1434; x_wconf 82' lang='grc' dir='ltr'>καθεστήκασι</span> <span class='ocrx_word' id='word_1_88' title='bbox 1009 1379 1021 1392; x_wconf 90' lang='grc'><strong>·</strong></span> <span class='ocrx_word' id='word_1_89' title='bbox 1071 1364 1213 1432; x_wconf 83' lang='grc' dir='ltr'>λέγω</span> <span class='ocrx_word' id='word_1_90' title='bbox 1243 1365 1307 1435; x_wconf 79' lang='grc' dir='ltr'>δὴ</span> <span class='ocrx_word' id='word_1_91' title='bbox 1329 1364 1427 1436; x_wconf 84' lang='lat' dir='ltr'><strong>(a),</strong></span> <span class='ocrx_word' id='word_1_92' title='bbox 1461 1365 1661 1418; x_wconf 80' lang='grc' dir='ltr'>ὁπόταν</span> <span class='ocrx_word' id='word_1_93' title='bbox 1702 1365 1762 1417; x_wconf 81' lang='grc' dir='ltr'>τὸ</span> 
     </span>
    </p>
   </div>
   <div class='ocr_carea' id='block_1_15' title="bbox 198 1453 1757 1527">
    <p class='ocr_par' dir='ltr' id='par_1_15' title="bbox 198 1453 1757 1527">
     <span class='ocr_line' id='line_1_15' title="bbox 198 1453 1757 1527; baseline 0.002 -22"><span class='ocrx_word' id='word_1_94' title='bbox 198 1453 412 1507; x_wconf 69' lang='grc' dir='ltr'>οἱονοῠει</span> <span class='ocrx_word' id='word_1_95' title='bbox 457 1456 1019 1527; x_wconf 65' lang='grc' dir='ltr'>ἐπιτηδεύωμενωθ),</span> <span class='ocrx_word' id='word_1_96' title='bbox 1071 1459 1118 1510; x_wconf 77' lang='grc' dir='ltr'>οἱ</span> <span class='ocrx_word' id='word_1_97' title='bbox 1189 1459 1532 1526; x_wconf 80' lang='grc' dir='ltr'>εἰσαγόμενοι</span> <span class='ocrx_word' id='word_1_98' title='bbox 1597 1457 1757 1527; x_wconf 82' lang='grc' dir='ltr'>λέγω,</span> 
     </span>
    </p>
   </div>
   <div class='ocr_carea' id='block_1_16' title="bbox 198 1543 1762 1618">
    <p class='ocr_par' dir='ltr' id='par_1_16' title="bbox 198 1543 1762 1618">
     <span class='ocr_line' id='line_1_16' title="bbox 198 1543 1762 1618; baseline 0.005 -25"><span class='ocrx_word' id='word_1_99' title='bbox 198 1543 526 1614; x_wconf 82' lang='grc' dir='ltr'>ἐγχείρημα,</span> <span class='ocrx_word' id='word_1_100' title='bbox 552 1547 646 1598; x_wconf 75' lang='grc' dir='ltr'><strong>καὶ</strong></span> <span class='ocrx_word' id='word_1_101' title='bbox 681 1547 756 1617; x_wconf 80' lang='grc' dir='ltr'>μὴ</span> <span class='ocrx_word' id='word_1_102' title='bbox 776 1549 840 1600; x_wconf 91' lang='grc' dir='ltr'><strong>ἐκ</strong></span> <span class='ocrx_word' id='word_1_103' title='bbox 865 1547 966 1614; x_wconf 83' lang='grc' dir='ltr'>τῆς</span> <span class='ocrx_word' id='word_1_104' title='bbox 994 1547 1186 1600; x_wconf 88' lang='grc' dir='ltr'>τούτου</span> <span class='ocrx_word' id='word_1_105' title='bbox 1218 1548 1484 1618; x_wconf 77' lang='grc' dir='ltr'>ἐργασίας</span> <span class='ocrx_word' id='word_1_106' title='bbox 1501 1549 1762 1602; x_wconf 77' lang='grc' dir='ltr'>ταπείνω-</span> 
     </span>
    </p>
   </div>
   <div class='ocr_carea' id='block_1_17' title="bbox 200 1631 1757 1710">
    <p class='ocr_par' dir='ltr' id='par_1_17' title="bbox 200 1631 1757 1710">
     <span class='ocr_line' id='line_1_17' title="bbox 200 1631 1757 1710; baseline 0.003 -24"><span class='ocrx_word' id='word_1_107' title='bbox 200 1651 306 1698; x_wconf 89' lang='grc' dir='ltr'>σιν,</span> <span class='ocrx_word' id='word_1_108' title='bbox 333 1631 400 1707; x_wconf 82' lang='grc' dir='ltr'><strong>ἦς</strong></span> <span class='ocrx_word' id='word_1_109' title='bbox 422 1637 757 1708; x_wconf 80' lang='grc' dir='ltr'>κεκτήμεθα,</span> <span class='ocrx_word' id='word_1_110' title='bbox 789 1638 1301 1708; x_wconf 78' lang='grc' dir='ltr'>προσλαμϐάνωμεν</span> <span class='ocrx_word' id='word_1_111' title='bbox 1322 1637 1481 1708; x_wconf 86' lang='grc' dir='ltr'>πλέον</span> <span class='ocrx_word' id='word_1_112' title='bbox 1506 1641 1564 1691; x_wconf 82' lang='grc' dir='ltr'><strong>ἐν</strong></span> <span class='ocrx_word' id='word_1_113' title='bbox 1589 1639 1757 1710; x_wconf 73' lang='grc' dir='ltr'>ψυχῇ,</span> 
     </span>
    </p>
   </div>
   <div class='ocr_carea' id='block_1_18' title="bbox 193 1725 1758 1801">
    <p class='ocr_par' dir='ltr' id='par_1_18' title="bbox 193 1725 1758 1801">
     <span class='ocr_line' id='line_1_18' title="bbox 193 1725 1758 1801; baseline 0.004 -25"><span class='ocrx_word' id='word_1_114' title='bbox 193 1725 259 1776; x_wconf 81' lang='grc' dir='ltr'><strong>οὐ</strong></span> <span class='ocrx_word' id='word_1_115' title='bbox 290 1725 438 1779; x_wconf 85' lang='grc' dir='ltr'>δοκεί</span> <span class='ocrx_word' id='word_1_116' title='bbox 472 1745 561 1796; x_wconf 88' lang='grc' dir='ltr'><strong>μοι</strong></span> <span class='ocrx_word' id='word_1_117' title='bbox 594 1728 735 1781; x_wconf 87' lang='grc' dir='ltr'><strong>κατά</strong></span> <span class='ocrx_word' id='word_1_118' title='bbox 784 1728 916 1782; x_wconf 79' lang='grc' dir='ltr'>Θεὸν</span> <span class='ocrx_word' id='word_1_119' title='bbox 958 1731 1104 1799; x_wconf 81' lang='grc' dir='ltr'>ἡμᾶς</span> <span class='ocrx_word' id='word_1_120' title='bbox 1145 1730 1278 1783; x_wconf 80' lang='grc' dir='ltr'>αὐτὸ</span> <span class='ocrx_word' id='word_1_121' title='bbox 1306 1731 1758 1801; x_wconf 78' lang='grc' dir='ltr'>κατεργάζεσθαι,</span> 
     </span>
    </p>
   </div>
   <div class='ocr_carea' id='block_1_19' title="bbox 197 1815 1759 1890">
    <p class='ocr_par' dir='ltr' id='par_1_19' title="bbox 197 1815 1759 1890">
     <span class='ocr_line' id='line_1_19' title="bbox 197 1815 1759 1890; baseline 0.004 -25"><span class='ocrx_word' id='word_1_122' title='bbox 197 1815 250 1866; x_wconf 90' lang='grc' dir='ltr'><strong>εί</strong></span> <span class='ocrx_word' id='word_1_123' title='bbox 291 1815 544 1885; x_wconf 76' lang='grc' dir='ltr'>μικρὸνῆ</span> <span class='ocrx_word' id='word_1_124' title='bbox 585 1815 727 1886; x_wconf 80' lang='grc' dir='ltr'>μέγα</span> <span class='ocrx_word' id='word_1_125' title='bbox 772 1817 1126 1888; x_wconf 79' lang='grc' dir='ltr'>καθέστηκεν.</span> <span class='ocrx_word' id='word_1_126' title='bbox 1191 1818 1279 1869; x_wconf 89' lang='grc' dir='ltr'>Ἐν</span> <span class='ocrx_word' id='word_1_127' title='bbox 1335 1819 1432 1888; x_wconf 89' lang='grc' dir='ltr'><strong>μὲν</strong></span> <span class='ocrx_word' id='word_1_128' title='bbox 1485 1818 1595 1890; x_wconf 84' lang='grc' dir='ltr'>γὰρ</span> <span class='ocrx_word' id='word_1_129' title='bbox 1629 1820 1759 1889; x_wconf 83' lang='grc' dir='ltr'>ἡμῖν</span> 
     </span>
    </p>
   </div>
   <div class='ocr_carea' id='block_1_20' title="bbox 203 1907 1826 1980">
    <p class='ocr_par' dir='ltr' id='par_1_20' title="bbox 203 1907 1826 1980">
     <span class='ocr_line' id='line_1_20' title="bbox 203 1907 1826 1980; baseline 0.004 -22"><span class='ocrx_word' id='word_1_130' title='bbox 203 1907 318 1969; x_wconf 86' lang='grc' dir='ltr'>τοῖς</span> <span class='ocrx_word' id='word_1_131' title='bbox 345 1907 796 1978; x_wconf 86' lang='grc' dir='ltr'>νηπιωδεστέροις</span> <span class='ocrx_word' id='word_1_132' title='bbox 829 1907 966 1978; x_wconf 80' lang='grc' dir='ltr'>αὔτη</span> <span class='ocrx_word' id='word_1_133' title='bbox 997 1911 1029 1978; x_wconf 92' lang='grc' dir='ltr'><strong>ή</strong></span> <span class='ocrx_word' id='word_1_134' title='bbox 1083 1907 1178 1961; x_wconf 83' lang='grc' dir='ltr'>τοῦ</span> <span class='ocrx_word' id='word_1_135' title='bbox 1207 1908 1488 1980; x_wconf 82' lang='grc' dir='ltr'>Κυριακοῦ</span> <span class='ocrx_word' id='word_1_136' title='bbox 1516 1911 1755 1980; x_wconf 87' lang='grc' dir='ltr'>θελήμα-</span> <span class='ocrx_word' id='word_1_137' title='bbox 1787 1911 1826 1965; x_wconf 84' lang='grc' dir='ltr'>Β</span> 
     </span>
    </p>
   </div>
   <div class='ocr_carea' id='block_1_21' title="bbox 194 2000 1758 2072">
    <p class='ocr_par' dir='ltr' id='par_1_21' title="bbox 194 2000 1758 2072">
     <span class='ocr_line' id='line_1_21' title="bbox 194 2000 1758 2072; baseline 0.003 -21"><span class='ocrx_word' id='word_1_138' title='bbox 194 2016 286 2061; x_wconf 91' lang='grc' dir='ltr'><strong>τος</strong></span> <span class='ocrx_word' id='word_1_139' title='bbox 321 2000 662 2071; x_wconf 85' lang='grc' dir='ltr'>πληροφορία</span> <span class='ocrx_word' id='word_1_140' title='bbox 689 2001 800 2072; x_wconf 82' lang='grc'><strong>(70)</strong></span> <span class='ocrx_word' id='word_1_141' title='bbox 823 2017 836 2035; x_wconf 80' lang='lat'><strong><em>&#39;</em></strong></span> <span class='ocrx_word' id='word_1_142' title='bbox 869 2004 925 2054; x_wconf 84' lang='grc' dir='ltr'><strong>ἐν</strong></span> <span class='ocrx_word' id='word_1_143' title='bbox 959 2002 1017 2054; x_wconf 78' lang='grc' dir='ltr'>δὲ</span> <span class='ocrx_word' id='word_1_144' title='bbox 1052 2003 1259 2071; x_wconf 84' lang='grc' dir='ltr'>μέσοις,</span> <span class='ocrx_word' id='word_1_145' title='bbox 1313 2004 1345 2070; x_wconf 90' lang='grc' dir='ltr'><strong>ἡ</strong></span> <span class='ocrx_word' id='word_1_146' title='bbox 1370 2003 1480 2055; x_wconf 89' lang='grc' dir='ltr'><strong>τῶν</strong></span> <span class='ocrx_word' id='word_1_147' title='bbox 1509 2003 1758 2072; x_wconf 83' lang='grc' dir='ltr'>πολέμων</span> 
     </span>
    </p>
   </div>
   <div class='ocr_carea' id='block_1_22' title="bbox 194 2091 1760 2164">
    <p class='ocr_par' dir='ltr' id='par_1_22' title="bbox 194 2091 1760 2164">
     <span class='ocr_line' id='line_1_22' title="bbox 194 2091 1760 2164; baseline 0.001 -20"><span class='ocrx_word' id='word_1_148' title='bbox 194 2092 331 2154; x_wconf 84' lang='grc' dir='ltr'>ῑσως</span> <span class='ocrx_word' id='word_1_149' title='bbox 360 2091 702 2164; x_wconf 79' lang='grc' dir='ltr'>ἀναχώρησις</span> <span class='ocrx_word' id='word_1_150' title='bbox 727 2109 741 2122; x_wconf 88' lang='grc'><strong>·</strong></span> <span class='ocrx_word' id='word_1_151' title='bbox 784 2094 843 2145; x_wconf 91' lang='grc' dir='ltr'><strong>ἐν</strong></span> <span class='ocrx_word' id='word_1_152' title='bbox 882 2093 940 2146; x_wconf 81' lang='grc' dir='ltr'><strong>δὲ</strong></span> <span class='ocrx_word' id='word_1_153' title='bbox 970 2092 1214 2156; x_wconf 85' lang='grc' dir='ltr'>τελείοις,</span> <span class='ocrx_word' id='word_1_154' title='bbox 1259 2095 1291 2163; x_wconf 84' lang='grc' dir='ltr'><strong>ή</strong></span> <span class='ocrx_word' id='word_1_155' title='bbox 1342 2093 1436 2146; x_wconf 75' lang='grc' dir='ltr'>τοῦ</span> <span class='ocrx_word' id='word_1_156' title='bbox 1469 2093 1614 2146; x_wconf 80' lang='grc' dir='ltr'>θείου</span> <span class='ocrx_word' id='word_1_157' title='bbox 1650 2110 1760 2162; x_wconf 82' lang='grc' dir='ltr'><strong>φω-</strong></span> 
     </span>
    </p>
   </div>
   <div class='ocr_carea' id='block_1_23' title="bbox 192 2183 1759 2255">
    <p class='ocr_par' dir='ltr' id='par_1_23' title="bbox 192 2183 1759 2255">
     <span class='ocr_line' id='line_1_23' title="bbox 192 2183 1759 2255; baseline 0.003 -21"><span class='ocrx_word' id='word_1_158' title='bbox 192 2184 286 2244; x_wconf 76' lang='grc' dir='ltr'><strong>τὸς</strong></span> <span class='ocrx_word' id='word_1_159' title='bbox 318 2183 603 2253; x_wconf 80' lang='grc' dir='ltr'>προσθήκη</span> <span class='ocrx_word' id='word_1_160' title='bbox 639 2184 734 2236; x_wconf 77' lang='grc' dir='ltr'>καὶ</span> <span class='ocrx_word' id='word_1_161' title='bbox 785 2184 1094 2255; x_wconf 89' lang='grc' dir='ltr'>περιουσία.</span> <span class='ocrx_word' id='word_1_162' title='bbox 1148 2184 1229 2236; x_wconf 78' lang='grc' dir='ltr'><strong>Τά</strong></span> <span class='ocrx_word' id='word_1_163' title='bbox 1271 2184 1371 2252; x_wconf 84' lang='grc' dir='ltr'>μὲν</span> <span class='ocrx_word' id='word_1_164' title='bbox 1407 2183 1579 2254; x_wconf 89' lang='grc' dir='ltr'>μικρά</span> <span class='ocrx_word' id='word_1_165' title='bbox 1608 2185 1759 2253; x_wconf 81' lang='grc' dir='ltr'><strong>παρά</strong></span> 
     </span>
    </p>
   </div>
   <div class='ocr_carea' id='block_1_24' title="bbox 193 2273 1759 2345">
    <p class='ocr_par' dir='ltr' id='par_1_24' title="bbox 193 2273 1759 2345">
     <span class='ocr_line' id='line_1_24' title="bbox 193 2273 1759 2345; baseline 0.003 -21"><span class='ocrx_word' id='word_1_166' title='bbox 193 2275 310 2336; x_wconf 85' lang='grc' dir='ltr'>τοῖς</span> <span class='ocrx_word' id='word_1_167' title='bbox 362 2273 615 2342; x_wconf 80' lang='grc' dir='ltr'>μεγάλοις</span> <span class='ocrx_word' id='word_1_168' title='bbox 637 2274 768 2342; x_wconf 74' lang='grc' dir='ltr'><strong>(Ἠ),</strong></span> <span class='ocrx_word' id='word_1_169' title='bbox 803 2275 934 2338; x_wconf 80' lang='grc' dir='ltr'>ῐσως</span> <span class='ocrx_word' id='word_1_170' title='bbox 979 2274 1039 2328; x_wconf 86' lang='grc' dir='ltr'>οὐ</span> <span class='ocrx_word' id='word_1_171' title='bbox 1075 2274 1247 2345; x_wconf 88' lang='grc' dir='ltr'>μικρά</span> <span class='ocrx_word' id='word_1_172' title='bbox 1270 2291 1284 2303; x_wconf 76' lang='grc'>⁸</span> <span class='ocrx_word' id='word_1_173' title='bbox 1342 2273 1412 2327; x_wconf 82' lang='grc' dir='ltr'>τὰ</span> <span class='ocrx_word' id='word_1_174' title='bbox 1450 2274 1507 2326; x_wconf 83' lang='grc' dir='ltr'>δὲ</span> <span class='ocrx_word' id='word_1_175' title='bbox 1549 2275 1759 2345; x_wconf 89' lang='grc' dir='ltr'>μεγάλα</span> 
     </span>
    </p>
   </div>
   <div class='ocr_carea' id='block_1_25' title="bbox 191 2363 1760 2436">
    <p class='ocr_par' dir='ltr' id='par_1_25' title="bbox 191 2363 1760 2436">
     <span class='ocr_line' id='line_1_25' title="bbox 191 2363 1760 2436; baseline 0.001 -20"><span class='ocrx_word' id='word_1_176' title='bbox 191 2363 349 2433; x_wconf 81' lang='grc' dir='ltr'><strong>παρά</strong></span> <span class='ocrx_word' id='word_1_177' title='bbox 367 2364 476 2424; x_wconf 85' lang='grc' dir='ltr'>τοῖς</span> <span class='ocrx_word' id='word_1_178' title='bbox 498 2366 709 2433; x_wconf 81' lang='grc' dir='ltr'>μικροῖς</span> <span class='ocrx_word' id='word_1_179' title='bbox 732 2366 792 2416; x_wconf 86' lang='grc' dir='ltr'>οὐ</span> <span class='ocrx_word' id='word_1_180' title='bbox 816 2366 1030 2428; x_wconf 83' lang='grc' dir='ltr'>πάντως</span> <span class='ocrx_word' id='word_1_181' title='bbox 1047 2365 1249 2418; x_wconf 85' lang='grc' dir='ltr'>τέλεια.</span> <span class='ocrx_word' id='word_1_182' title='bbox 1285 2364 1416 2436; x_wconf 78' lang='grc' dir='ltr'><strong>’Λὴρ</strong></span> <span class='ocrx_word' id='word_1_183' title='bbox 1445 2365 1542 2434; x_wconf 87' lang='grc' dir='ltr'><strong>μὲν</strong></span> <span class='ocrx_word' id='word_1_184' title='bbox 1557 2365 1760 2435; x_wconf 84' lang='grc' dir='ltr'>καθαρ-</span> 
     </span>
    </p>
   </div>
   <div class='ocr_carea' id='block_1_26' title="bbox 192 2452 1762 2526">
    <p class='ocr_par' dir='ltr' id='par_1_26' title="bbox 192 2452 1762 2526">
     <span class='ocr_line' id='line_1_26' title="bbox 192 2452 1762 2526; baseline 0.003 -22"><span class='ocrx_word' id='word_1_185' title='bbox 192 2452 312 2516; x_wconf 79' lang='grc' dir='ltr'>θεὶς</span> <span class='ocrx_word' id='word_1_186' title='bbox 329 2453 588 2522; x_wconf 80' lang='grc' dir='ltr'>νεφελῶν,</span> <span class='ocrx_word' id='word_1_187' title='bbox 614 2454 836 2525; x_wconf 79' lang='grc' dir='ltr'>φαιδρὸν</span> <span class='ocrx_word' id='word_1_188' title='bbox 858 2453 1132 2520; x_wconf 79' lang='grc' dir='ltr'>ὑπέδειξεν</span> <span class='ocrx_word' id='word_1_189' title='bbox 1149 2454 1300 2524; x_wconf 80' lang='grc' dir='ltr'>ἥλιον</span> <span class='ocrx_word' id='word_1_190' title='bbox 1318 2470 1334 2484; x_wconf 88' lang='grc'><strong>·</strong></span> <span class='ocrx_word' id='word_1_191' title='bbox 1353 2454 1604 2526; x_wconf 79' lang='grc' dir='ltr'>καὶψυχὴ</span> <span class='ocrx_word' id='word_1_192' title='bbox 1627 2471 1762 2525; x_wconf 81' lang='grc' dir='ltr'>προ-</span> 
     </span>
    </p>
   </div>
   <div class='ocr_carea' id='block_1_27' title="bbox 191 2544 1762 2615">
    <p class='ocr_par' dir='ltr' id='par_1_27' title="bbox 191 2544 1762 2615">
     <span class='ocr_line' id='line_1_27' title="bbox 191 2544 1762 2615; baseline 0.001 -18"><span class='ocrx_word' id='word_1_193' title='bbox 191 2544 410 2615; x_wconf 84' lang='grc' dir='ltr'>λήψεων</span> <span class='ocrx_word' id='word_1_194' title='bbox 465 2546 708 2614; x_wconf 70' lang='grc' dir='ltr'>ἀφέσεως</span> <span class='ocrx_word' id='word_1_195' title='bbox 744 2547 1034 2610; x_wconf 82' lang='grc' dir='ltr'>ἀξιωθεῖσα</span> <span class='ocrx_word' id='word_1_196' title='bbox 1081 2545 1192 2615; x_wconf 76' lang='lat'><strong>(72)</strong></span> <span class='ocrx_word' id='word_1_197' title='bbox 1212 2547 1426 2609; x_wconf 86' lang='grc' dir='ltr'>πάντως</span> <span class='ocrx_word' id='word_1_198' title='bbox 1455 2547 1597 2600; x_wconf 84' lang='grc' dir='ltr'>θεῖον</span> <span class='ocrx_word' id='word_1_199' title='bbox 1645 2546 1762 2615; x_wconf 76' lang='grc' dir='ltr'><strong>φῶς</strong></span> 
     </span>
    </p>
   </div>
   <div class='ocr_carea' id='block_1_28' title="bbox 193 2634 1763 2707">
    <p class='ocr_par' dir='ltr' id='par_1_28' title="bbox 193 2634 1763 2707">
     <span class='ocr_line' id='line_1_28' title="bbox 193 2634 1763 2707; baseline -0.002 -18"><span class='ocrx_word' id='word_1_200' title='bbox 193 2635 440 2703; x_wconf 81' lang='grc' dir='ltr'>ἑώρακεν</span> <span class='ocrx_word' id='word_1_201' title='bbox 465 2676 478 2690; x_wconf 93' lang='grc'><strong>.</strong></span> <span class='ocrx_word' id='word_1_202' title='bbox 530 2637 691 2690; x_wconf 72' lang='grc' dir='ltr'>Ἄλλο</span> <span class='ocrx_word' id='word_1_203' title='bbox 724 2636 966 2707; x_wconf 85' lang='grc' dir='ltr'>ἁμαρτία</span> <span class='ocrx_word' id='word_1_204' title='bbox 989 2637 1124 2704; x_wconf 77' lang='lat'><strong>(73),</strong></span> <span class='ocrx_word' id='word_1_205' title='bbox 1157 2640 1251 2690; x_wconf 75' lang='grc' dir='ltr'>καὶ</span> <span class='ocrx_word' id='word_1_206' title='bbox 1277 2636 1406 2691; x_wconf 80' lang='grc' dir='ltr'>ἄλλο</span> <span class='ocrx_word' id='word_1_207' title='bbox 1445 2635 1633 2706; x_wconf 88' lang='grc' dir='ltr'>ἀργία,</span> <span class='ocrx_word' id='word_1_208' title='bbox 1665 2634 1763 2687; x_wconf 74' lang='grc' dir='ltr'><strong>καὶ</strong></span> 
     </span>
    </p>
   </div>
   <div class='ocr_carea' id='block_1_29' title="bbox 193 2726 1760 2800">
    <p class='ocr_par' dir='ltr' id='par_1_29' title="bbox 193 2726 1760 2800">
     <span class='ocr_line' id='line_1_29' title="bbox 193 2726 1760 2800; baseline -0.003 -19"><span class='ocrx_word' id='word_1_209' title='bbox 193 2727 324 2781; x_wconf 76' lang='grc' dir='ltr'>ἄλλο</span> <span class='ocrx_word' id='word_1_210' title='bbox 340 2729 568 2798; x_wconf 82' lang='grc' dir='ltr'>ἀμέλεια</span> <span class='ocrx_word' id='word_1_211' title='bbox 590 2745 606 2760; x_wconf 88' lang='grc'><strong>·</strong></span> <span class='ocrx_word' id='word_1_212' title='bbox 626 2730 720 2782; x_wconf 79' lang='grc' dir='ltr'><strong>καὶ</strong></span> <span class='ocrx_word' id='word_1_213' title='bbox 745 2729 930 2800; x_wconf 60' lang='grc' dir='ltr'>ἕτερον</span> <span class='ocrx_word' id='word_1_214' title='bbox 952 2727 1142 2791; x_wconf 82' lang='grc' dir='ltr'>πάθος,</span> <span class='ocrx_word' id='word_1_215' title='bbox 1169 2729 1264 2782; x_wconf 76' lang='grc' dir='ltr'>καὶ</span> <span class='ocrx_word' id='word_1_216' title='bbox 1287 2727 1416 2783; x_wconf 78' lang='grc' dir='ltr'>ἄλλο</span> <span class='ocrx_word' id='word_1_217' title='bbox 1443 2727 1663 2797; x_wconf 79' lang='grc' dir='ltr'>πτῶμα.</span> <span class='ocrx_word' id='word_1_218' title='bbox 1701 2726 1760 2777; x_wconf 84' lang='lat'><strong>&#39;0</strong></span> 
     </span>
    </p>
   </div>
   <div class='ocr_carea' id='block_1_30' title="bbox 191 2817 1760 2889">
    <p class='ocr_par' dir='ltr' id='par_1_30' title="bbox 191 2817 1760 2889">
     <span class='ocr_line' id='line_1_30' title="bbox 191 2817 1760 2889; baseline -0.003 -17"><span class='ocrx_word' id='word_1_219' title='bbox 191 2819 492 2888; x_wconf 87' lang='grc' dir='ltr'>δυνάμενος</span> <span class='ocrx_word' id='word_1_220' title='bbox 530 2819 587 2872; x_wconf 87' lang='grc' dir='ltr'><strong>ἐν</strong></span> <span class='ocrx_word' id='word_1_221' title='bbox 621 2819 812 2889; x_wconf 84' lang='grc' dir='ltr'>Κυρίῳ</span> <span class='ocrx_word' id='word_1_222' title='bbox 861 2818 1062 2887; x_wconf 81' lang='grc' dir='ltr'>ζητεῖν,</span> <span class='ocrx_word' id='word_1_223' title='bbox 1102 2817 1336 2887; x_wconf 80' lang='grc' dir='ltr'>ζητείτω</span> <span class='ocrx_word' id='word_1_224' title='bbox 1365 2817 1571 2886; x_wconf 84' lang='grc' dir='ltr'>σαφῶς.</span> <span class='ocrx_word' id='word_1_225' title='bbox 1601 2817 1760 2877; x_wconf 83' lang='grc' dir='ltr'>Τινὲς</span> 
     </span>
    </p>
   </div>
   <div class='ocr_carea' id='block_1_31' title="bbox 193 2909 1758 2981">
    <p class='ocr_par' dir='ltr' id='par_1_31' title="bbox 193 2909 1758 2981">
     <span class='ocr_line' id='line_1_31' title="bbox 193 2909 1758 2981; baseline -0.003 -19"><span class='ocrx_word' id='word_1_226' title='bbox 193 2910 260 2961; x_wconf 84' lang='grc' dir='ltr'>τὸ</span> <span class='ocrx_word' id='word_1_227' title='bbox 285 2909 754 2980; x_wconf 81' lang='grc' dir='ltr'>θαυματουργικὸν</span> <span class='ocrx_word' id='word_1_228' title='bbox 785 2910 878 2961; x_wconf 76' lang='grc' dir='ltr'><strong>καὶ</strong></span> <span class='ocrx_word' id='word_1_229' title='bbox 911 2909 1187 2981; x_wconf 85' lang='grc' dir='ltr'>ὁρώμενον</span> <span class='ocrx_word' id='word_1_230' title='bbox 1215 2911 1273 2960; x_wconf 86' lang='grc' dir='ltr'><strong>ἐν</strong></span> <span class='ocrx_word' id='word_1_231' title='bbox 1311 2911 1424 2970; x_wconf 84' lang='grc' dir='ltr'>τοῖς</span> <span class='ocrx_word' id='word_1_232' title='bbox 1454 2923 1758 2976; x_wconf 86' lang='grc' dir='ltr'>πνευματι-</span> 
     </span>
    </p>
   </div>
   <div class='ocr_carea' id='block_1_32' title="bbox 195 2996 1756 3070">
    <p class='ocr_par' dir='ltr' id='par_1_32' title="bbox 195 2996 1756 3070">
     <span class='ocr_line' id='line_1_32' title="bbox 195 2996 1756 3070; baseline -0.003 -16"><span class='ocrx_word' id='word_1_233' title='bbox 195 3002 316 3062; x_wconf 87' lang='grc' dir='ltr'>κοῖς</span> <span class='ocrx_word' id='word_1_234' title='bbox 345 2997 675 3070; x_wconf 77' lang='grc' dir='ltr'>χαρίσμασιν</span> <span class='ocrx_word' id='word_1_235' title='bbox 695 2998 837 3066; x_wconf 75' lang='grc' dir='ltr'>ὑπὲρ</span> <span class='ocrx_word' id='word_1_236' title='bbox 860 2998 1035 3051; x_wconf 83' lang='grc' dir='ltr'>πάντα</span> <span class='ocrx_word' id='word_1_237' title='bbox 1066 2998 1481 3068; x_wconf 79' lang='grc' dir='ltr'>μακαρίζουσιν,</span> <span class='ocrx_word' id='word_1_238' title='bbox 1504 2996 1756 3065; x_wconf 83' lang='grc' dir='ltr'>ἀγνοοῦν-</span> 
     </span>
    </p>
   </div>
   <div class='ocr_carea' id='block_1_33' title="bbox 201 3085 1757 3160">
    <p class='ocr_par' dir='ltr' id='par_1_33' title="bbox 201 3085 1757 3160">
     <span class='ocr_line' id='line_1_33' title="bbox 201 3085 1757 3160; baseline -0.001 -17"><span class='ocrx_word' id='word_1_239' title='bbox 201 3108 302 3154; x_wconf 87' lang='grc' dir='ltr'><strong>τες</strong></span> <span class='ocrx_word' id='word_1_240' title='bbox 365 3089 535 3143; x_wconf 86' lang='grc' dir='ltr'>πολλὰ</span> <span class='ocrx_word' id='word_1_241' title='bbox 585 3085 724 3143; x_wconf 86' lang='grc' dir='ltr'>εἶναι</span> <span class='ocrx_word' id='word_1_242' title='bbox 764 3089 954 3142; x_wconf 88' lang='grc' dir='ltr'>τούτου</span> <span class='ocrx_word' id='word_1_243' title='bbox 985 3090 1258 3160; x_wconf 86' lang='grc' dir='ltr'>ὑπέρτερα</span> <span class='ocrx_word' id='word_1_244' title='bbox 1306 3088 1402 3143; x_wconf 68' lang='grc' dir='ltr'><strong>καὶ⁸</strong></span> <span class='ocrx_word' id='word_1_245' title='bbox 1439 3089 1757 3159; x_wconf 80' lang='grc' dir='ltr'>ἀπόκρυφα·</span> 
     </span>
    </p>
   </div>
   <div class='ocr_carea' id='block_1_34' title="bbox 194 3179 1760 3252">
    <p class='ocr_par' dir='ltr' id='par_1_34' title="bbox 194 3179 1760 3252">
     <span class='ocr_line' id='line_1_34' title="bbox 194 3179 1760 3252; baseline -0.003 -16"><span class='ocrx_word' id='word_1_246' title='bbox 194 3183 278 3236; x_wconf 74' lang='grc' dir='ltr'>διὸ</span> <span class='ocrx_word' id='word_1_247' title='bbox 309 3183 404 3235; x_wconf 74' lang='grc' dir='ltr'>καὶ</span> <span class='ocrx_word' id='word_1_248' title='bbox 423 3182 670 3252; x_wconf 80' lang='grc' dir='ltr'>μένουσιν</span> <span class='ocrx_word' id='word_1_249' title='bbox 694 3181 937 3235; x_wconf 78' lang='grc' dir='ltr'>ἄπτωτα.</span> <span class='ocrx_word' id='word_1_250' title='bbox 978 3180 1038 3232; x_wconf 85' lang='grc' dir='ltr'>ὐ</span> <span class='ocrx_word' id='word_1_251' title='bbox 1065 3181 1164 3250; x_wconf 82' lang='grc' dir='ltr'><strong>μὲν</strong></span> <span class='ocrx_word' id='word_1_252' title='bbox 1190 3179 1409 3243; x_wconf 85' lang='grc' dir='ltr'>τελείως</span> <span class='ocrx_word' id='word_1_253' title='bbox 1447 3179 1760 3250; x_wconf 72' lang='grc' dir='ltr'>καθαρθεὶς,</span> 
     </span>
    </p>
   </div>
   <div class='ocr_carea' id='block_1_35' title="bbox 195 3270 1328 3342">
    <p class='ocr_par' dir='ltr' id='par_1_35' title="bbox 195 3270 1328 3342">
     <span class='ocr_line' id='line_1_35' title="bbox 195 3270 1328 3342; baseline -0.004 -14"><span class='ocrx_word' id='word_1_254' title='bbox 195 3275 391 3342; x_wconf 76' lang='grc' dir='ltr'>αὐτὴν,</span> <span class='ocrx_word' id='word_1_255' title='bbox 433 3273 467 3342; x_wconf 79' lang='grc' dir='ltr'>ἢ</span> <span class='ocrx_word' id='word_1_256' title='bbox 510 3273 605 3326; x_wconf 72' lang='grc' dir='ltr'>καὶ</span> <span class='ocrx_word' id='word_1_257' title='bbox 635 3272 735 3325; x_wconf 83' lang='grc' dir='ltr'>οὐκ</span> <span class='ocrx_word' id='word_1_258' title='bbox 779 3271 947 3341; x_wconf 82' lang='grc' dir='ltr'>αὐτὴν</span> <span class='ocrx_word' id='word_1_259' title='bbox 987 3271 1086 3342; x_wconf 77' lang='grc' dir='ltr'>τὴν</span> <span class='ocrx_word' id='word_1_260' title='bbox 1132 3270 1328 3342; x_wconf 82' lang='grc' dir='ltr'>ψυχὴν,</span> 
     </span>
    </p>
   </div>
   <div class='ocr_carea' id='block_1_36' title="bbox 201 3360 1764 3433">
    <p class='ocr_par' dir='ltr' id='par_1_36' title="bbox 201 3360 1764 3433">
     <span class='ocr_line' id='line_1_36' title="bbox 201 3360 1764 3433; baseline -0.003 -15"><span class='ocrx_word' id='word_1_261' title='bbox 201 3381 384 3419; x_wconf 86' lang='grc' dir='ltr'>κειται</span> <span class='ocrx_word' id='word_1_262' title='bbox 411 3362 506 3415; x_wconf 86' lang='grc' dir='ltr'>τοῦ</span> <span class='ocrx_word' id='word_1_263' title='bbox 552 3363 780 3433; x_wconf 84' lang='grc' dir='ltr'>πλησίον</span> <span class='ocrx_word' id='word_1_264' title='bbox 815 3363 937 3433; x_wconf 78' lang='grc' dir='ltr'>ὁρᾷ.</span> <span class='ocrx_word' id='word_1_265' title='bbox 1001 3363 1061 3415; x_wconf 85' lang='lat'><strong>&#39;0</strong></span> <span class='ocrx_word' id='word_1_266' title='bbox 1089 3362 1146 3414; x_wconf 84' lang='grc' dir='ltr'>δὲ</span> <span class='ocrx_word' id='word_1_267' title='bbox 1183 3361 1504 3433; x_wconf 86' lang='grc' dir='ltr'>προκόπτων</span> <span class='ocrx_word' id='word_1_268' title='bbox 1534 3360 1634 3422; x_wconf 76' lang='grc' dir='ltr'>ἔτι,</span> <span class='ocrx_word' id='word_1_269' title='bbox 1674 3361 1764 3414; x_wconf 83' lang='grc' dir='ltr'>διὰ</span> 
     </span>
    </p>
   </div>
   <div class='ocr_carea' id='block_1_37' title="bbox 195 3452 1758 3526">
    <p class='ocr_par' dir='ltr' id='par_1_37' title="bbox 195 3452 1758 3526">
     <span class='ocr_line' id='line_1_37' title="bbox 195 3452 1758 3526; baseline -0.003 -16"><span class='ocrx_word' id='word_1_270' title='bbox 195 3455 298 3510; x_wconf 81' lang='grc' dir='ltr'>ἰοὖ</span> <span class='ocrx_word' id='word_1_271' title='bbox 338 3454 586 3526; x_wconf 86' lang='grc' dir='ltr'>σώματος</span> <span class='ocrx_word' id='word_1_272' title='bbox 613 3455 812 3526; x_wconf 84' lang='grc' dir='ltr'>ταύτην</span> <span class='ocrx_word' id='word_1_273' title='bbox 847 3454 1219 3525; x_wconf 81' lang='grc' dir='ltr'>τεκμαίρεται.</span> <span class='ocrx_word' id='word_1_274' title='bbox 1274 3453 1392 3523; x_wconf 77' lang='grc' dir='ltr'><strong>Πῦρ</strong></span> <span class='ocrx_word' id='word_1_275' title='bbox 1411 3452 1527 3523; x_wconf 76' lang='grc'><strong>(74)</strong></span> <span class='ocrx_word' id='word_1_276' title='bbox 1561 3454 1758 3523; x_wconf 79' lang='grc' dir='ltr'>μικρὸν</span> 
     </span>
    </p>
   </div>
   <div class='ocr_carea' id='block_1_38' title="bbox 197 3544 1764 3616">
    <p class='ocr_par' dir='ltr' id='par_1_38' title="bbox 197 3544 1764 3616">
     <span class='ocr_line' id='line_1_38' title="bbox 197 3544 1764 3616; baseline -0.002 -17"><span class='ocrx_word' id='word_1_277' title='bbox 197 3545 466 3610; x_wconf 81' lang='grc' dir='ltr'>πολλάκις</span> <span class='ocrx_word' id='word_1_278' title='bbox 493 3547 671 3600; x_wconf 82' lang='grc' dir='ltr'>πᾶσαν</span> <span class='ocrx_word' id='word_1_279' title='bbox 691 3545 790 3616; x_wconf 82' lang='grc' dir='ltr'>τὴν</span> <span class='ocrx_word' id='word_1_280' title='bbox 821 3545 953 3616; x_wconf 81' lang='grc' dir='ltr'>ὓλην</span> <span class='ocrx_word' id='word_1_281' title='bbox 977 3545 1271 3616; x_wconf 87' lang='grc' dir='ltr'>ἐκάθηρεν,</span> <span class='ocrx_word' id='word_1_282' title='bbox 1308 3544 1500 3615; x_wconf 82' lang='grc' dir='ltr'>ὥσπερ</span> <span class='ocrx_word' id='word_1_283' title='bbox 1528 3545 1623 3597; x_wconf 78' lang='grc' dir='ltr'>καὶ</span> <span class='ocrx_word' id='word_1_284' title='bbox 1654 3546 1764 3616; x_wconf 79' lang='grc' dir='ltr'><strong>ὀπὴ</strong></span> 
     </span>
    </p>
   </div>
   <div class='ocr_carea' id='block_1_39' title="bbox 202 3637 1764 3710">
    <p class='ocr_par' dir='ltr' id='par_1_39' title="bbox 202 3637 1764 3710">
     <span class='ocr_line' id='line_1_39' title="bbox 202 3637 1764 3710; baseline -0.001 -20"><span class='ocrx_word' id='word_1_285' title='bbox 202 3637 378 3710; x_wconf 80' lang='grc' dir='ltr'>μικρά</span> <span class='ocrx_word' id='word_1_286' title='bbox 399 3639 518 3691; x_wconf 82' lang='grc' dir='ltr'>ὅλον</span> <span class='ocrx_word' id='word_1_287' title='bbox 544 3637 635 3692; x_wconf 78' lang='grc' dir='ltr'><strong>τὸν</strong></span> <span class='ocrx_word' id='word_1_288' title='bbox 684 3637 851 3692; x_wconf 83' lang='grc' dir='ltr'>κόπον</span> <span class='ocrx_word' id='word_1_289' title='bbox 903 3637 1225 3710; x_wconf 79' lang='grc' dir='ltr'>διέφθειρεν.</span> <span class='ocrx_word' id='word_1_290' title='bbox 1284 3639 1470 3691; x_wconf 82' lang='grc' dir='ltr'>Ἔστιν</span> <span class='ocrx_word' id='word_1_291' title='bbox 1517 3637 1764 3692; x_wconf 87' lang='grc' dir='ltr'>ἀνάπαυ-</span> 
     </span>
    </p>
   </div>
   <div class='ocr_carea' id='block_1_40' title="bbox 201 3728 1765 3800">
    <p class='ocr_par' dir='ltr' id='par_1_40' title="bbox 201 3728 1765 3800">
     <span class='ocr_line' id='line_1_40' title="bbox 201 3728 1765 3800; baseline 0 -18"><span class='ocrx_word' id='word_1_292' title='bbox 201 3745 288 3792; x_wconf 83' lang='grc' dir='ltr'><strong>σις</strong></span> <span class='ocrx_word' id='word_1_293' title='bbox 322 3732 388 3800; x_wconf 76' lang='grc' dir='ltr'>τῇ</span> <span class='ocrx_word' id='word_1_294' title='bbox 412 3730 582 3800; x_wconf 76' lang='grc' dir='ltr'>ἐχθρᾷ</span> <span class='ocrx_word' id='word_1_295' title='bbox 606 3729 704 3800; x_wconf 81' lang='grc' dir='ltr'>τὴν</span> <span class='ocrx_word' id='word_1_296' title='bbox 732 3728 824 3783; x_wconf 86' lang='grc' dir='ltr'>τοῦ</span> <span class='ocrx_word' id='word_1_297' title='bbox 851 3730 972 3783; x_wconf 84' lang='grc' dir='ltr'>νόου</span> <span class='ocrx_word' id='word_1_298' title='bbox 1002 3729 1232 3800; x_wconf 88' lang='grc' dir='ltr'>δύναμιν</span> <span class='ocrx_word' id='word_1_299' title='bbox 1263 3729 1640 3794; x_wconf 76' lang='grc' dir='ltr'>διυπνίζουσα,</span> <span class='ocrx_word' id='word_1_300' title='bbox 1671 3728 1765 3783; x_wconf 73' lang='grc' dir='ltr'><strong>καὶ</strong></span> 
     </span>
    </p>
   </div>
   <div class='ocr_carea' id='block_1_41' title="bbox 197 3819 1764 3892">
    <p class='ocr_par' dir='ltr' id='par_1_41' title="bbox 197 3819 1764 3892">
     <span class='ocr_line' id='line_1_41' title="bbox 197 3819 1764 3892; baseline -0.001 -20"><span class='ocrx_word' id='word_1_301' title='bbox 197 3819 448 3890; x_wconf 83' lang='grc' dir='ltr'>πύρωσιν</span> <span class='ocrx_word' id='word_1_302' title='bbox 484 3821 558 3890; x_wconf 83' lang='grc' dir='ltr'>μὴ</span> <span class='ocrx_word' id='word_1_303' title='bbox 575 3821 944 3890; x_wconf 84' lang='grc' dir='ltr'>διεγείρουσα⁶</span> <span class='ocrx_word' id='word_1_304' title='bbox 979 3822 1072 3874; x_wconf 81' lang='grc' dir='ltr'><strong>καὶ</strong></span> <span class='ocrx_word' id='word_1_305' title='bbox 1098 3820 1215 3874; x_wconf 86' lang='grc' dir='ltr'>ἐστι</span> <span class='ocrx_word' id='word_1_306' title='bbox 1254 3820 1424 3892; x_wconf 81' lang='grc' dir='ltr'>πολλὴ</span> <span class='ocrx_word' id='word_1_307' title='bbox 1466 3819 1764 3890; x_wconf 83' lang='grc' dir='ltr'>κατάτηξις</span> 
     </span>
    </p>
   </div>
   <div class='ocr_carea' id='block_1_42' title="bbox 197 3912 1763 3983">
    <p class='ocr_par' dir='ltr' id='par_1_42' title="bbox 197 3912 1763 3983">
     <span class='ocr_line' id='line_1_42' title="bbox 197 3912 1763 3983; baseline 0 -19"><span class='ocrx_word' id='word_1_308' title='bbox 197 3913 353 3975; x_wconf 76' lang='grc' dir='ltr'>τσως,</span> <span class='ocrx_word' id='word_1_309' title='bbox 380 3912 584 3982; x_wconf 72' lang='grc' dir='ltr'>καὶξτάς</span> <span class='ocrx_word' id='word_1_310' title='bbox 607 3913 848 3983; x_wconf 86' lang='grc' dir='ltr'>κινήσεις</span> <span class='ocrx_word' id='word_1_311' title='bbox 875 3913 1167 3983; x_wconf 86' lang='grc' dir='ltr'>κινήσασα,</span> <span class='ocrx_word' id='word_1_312' title='bbox 1195 3913 1295 3966; x_wconf 82' lang='grc' dir='ltr'><strong>ἵνα</strong></span> <span class='ocrx_word' id='word_1_313' title='bbox 1311 3912 1395 3981; x_wconf 82' lang='grc' dir='ltr'>μὴ</span> <span class='ocrx_word' id='word_1_314' title='bbox 1417 3913 1763 3976; x_wconf 77' lang='grc' dir='ltr'>πεποιθότες</span> 
     </span>
    </p>
   </div>
   <div class='ocr_carea' id='block_1_43' title="bbox 193 3995 1762 4074">
    <p class='ocr_par' dir='ltr' id='par_1_43' title="bbox 193 3995 1762 4074">
     <span class='ocr_line' id='line_1_43' title="bbox 193 3995 1762 4074; baseline 0.001 -20"><span class='ocrx_word' id='word_1_315' title='bbox 193 3995 361 4069; x_wconf 80' lang='grc' dir='ltr'>ὦμεν</span> <span class='ocrx_word' id='word_1_316' title='bbox 380 4001 473 4070; x_wconf 67' lang='grc' dir='ltr'><strong>ἐφ’</strong></span> <span class='ocrx_word' id='word_1_317' title='bbox 493 4001 727 4067; x_wconf 79' lang='grc' dir='ltr'>ἑαυτοῖς</span> <span class='ocrx_word' id='word_1_318' title='bbox 745 4043 758 4066; x_wconf 92' lang='grc'><strong>,</strong></span> <span class='ocrx_word' id='word_1_319' title='bbox 784 4002 898 4058; x_wconf 86' lang='grc' dir='ltr'>ἀλλ’</span> <span class='ocrx_word' id='word_1_320' title='bbox 920 4003 1012 4056; x_wconf 75' lang='grc' dir='ltr'><strong>ἐπὶ</strong></span> <span class='ocrx_word' id='word_1_321' title='bbox 1034 4003 1112 4074; x_wconf 80' lang='grc' dir='ltr'>τῷ</span> <span class='ocrx_word' id='word_1_322' title='bbox 1141 4003 1431 4072; x_wconf 84' lang='grc' dir='ltr'>ἀγνώστως</span> <span class='ocrx_word' id='word_1_323' title='bbox 1455 4003 1554 4072; x_wconf 87' lang='grc' dir='ltr'><strong>τὴν</strong></span> <span class='ocrx_word' id='word_1_324' title='bbox 1583 4003 1762 4067; x_wconf 81' lang='grc' dir='ltr'>ζῶσαν</span> 
     </span>
    </p>
   </div>
   <div class='ocr_carea' id='block_1_44' title="bbox 197 4089 1764 4164">
    <p class='ocr_par' dir='ltr' id='par_1_44' title="bbox 197 4089 1764 4164">
     <span class='ocr_line' id='line_1_44' title="bbox 197 4089 1764 4164; baseline 0.003 -22"><span class='ocrx_word' id='word_1_325' title='bbox 197 4089 541 4144; x_wconf 75' lang='grc' dir='ltr'>θανατοῦντι.</span> <span class='ocrx_word' id='word_1_326' title='bbox 563 4092 732 4144; x_wconf 85' lang='grc' dir='ltr'>Ὅταν</span> <span class='ocrx_word' id='word_1_327' title='bbox 752 4091 904 4155; x_wconf 82' lang='grc' dir='ltr'>τινὰς</span> <span class='ocrx_word' id='word_1_328' title='bbox 936 4093 1086 4162; x_wconf 78' lang='grc' dir='ltr'>ήμᾶς</span> <span class='ocrx_word' id='word_1_329' title='bbox 1113 4093 1254 4147; x_wconf 83' lang='grc' dir='ltr'>κατὰ</span> <span class='ocrx_word' id='word_1_330' title='bbox 1284 4093 1484 4164; x_wconf 75' lang='grc' dir='ltr'>Κύριον</span> <span class='ocrx_word' id='word_1_331' title='bbox 1510 4093 1764 4161; x_wconf 84' lang='grc' dir='ltr'>ἀγαπῶν·</span> 
     </span>
    </p>
   </div>
   <div class='ocr_carea' id='block_1_45' title="bbox 194 4181 1764 4257">
    <p class='ocr_par' dir='ltr' id='par_1_45' title="bbox 194 4181 1764 4257">
     <span class='ocr_line' id='line_1_45' title="bbox 194 4181 1764 4257; baseline 0.008 -28"><span class='ocrx_word' id='word_1_332' title='bbox 194 4197 300 4244; x_wconf 89' lang='grc' dir='ltr'><strong>τας</strong></span> <span class='ocrx_word' id='word_1_333' title='bbox 324 4181 565 4251; x_wconf 78' lang='grc' dir='ltr'>ὀψόμεθα</span> <span class='ocrx_word' id='word_1_334' title='bbox 585 4183 721 4251; x_wconf 79' lang='grc'><strong>(75),</strong></span> <span class='ocrx_word' id='word_1_335' title='bbox 767 4185 825 4237; x_wconf 90' lang='grc' dir='ltr'><strong>ἐν</strong></span> <span class='ocrx_word' id='word_1_336' title='bbox 873 4184 1106 4246; x_wconf 87' lang='grc' dir='ltr'>ἐκείνοις</span> <span class='ocrx_word' id='word_1_337' title='bbox 1147 4184 1384 4252; x_wconf 81' lang='grc' dir='ltr'>μάλιστα</span> <span class='ocrx_word' id='word_1_338' title='bbox 1421 4185 1484 4238; x_wconf 85' lang='grc' dir='ltr'><strong>τὸ</strong></span> <span class='ocrx_word' id='word_1_339' title='bbox 1510 4187 1764 4257; x_wconf 82' lang='grc' dir='ltr'>ἀπαρῤη-</span> 
     </span>
    </p>
   </div>
   <div class='ocr_carea' id='block_1_46' title="bbox 198 4271 1760 4348">
    <p class='ocr_par' dir='ltr' id='par_1_46' title="bbox 198 4271 1760 4348">
     <span class='ocr_line' id='line_1_46' title="bbox 198 4271 1760 4348; baseline 0.005 -25"><span class='ocrx_word' id='word_1_340' title='bbox 198 4271 423 4325; x_wconf 88' lang='grc' dir='ltr'>σίαστον</span> <span class='ocrx_word' id='word_1_341' title='bbox 437 4273 756 4344; x_wconf 78' lang='grc' dir='ltr'>φυλάξωμεν</span> <span class='ocrx_word' id='word_1_342' title='bbox 780 4291 795 4306; x_wconf 75' lang='grc' dir='ltr'><strong>ο</strong></span> <span class='ocrx_word' id='word_1_343' title='bbox 814 4275 966 4329; x_wconf 82' lang='grc' dir='ltr'>οὐδὲν</span> <span class='ocrx_word' id='word_1_344' title='bbox 986 4275 1094 4347; x_wconf 82' lang='grc' dir='ltr'>γὰρ</span> <span class='ocrx_word' id='word_1_345' title='bbox 1111 4275 1283 4340; x_wconf 81' lang='grc' dir='ltr'>οὕτως</span> <span class='ocrx_word' id='word_1_346' title='bbox 1297 4276 1502 4330; x_wconf 84' lang='grc' dir='ltr'>διαλύει</span> <span class='ocrx_word' id='word_1_347' title='bbox 1519 4279 1760 4348; x_wconf 78' lang='grc' dir='ltr'>ἀγάπην,</span> 
     </span>
    </p>
   </div>
   <div class='ocr_carea' id='block_1_47' title="bbox 191 4363 1758 4441">
    <p class='ocr_par' dir='ltr' id='par_1_47' title="bbox 191 4363 1758 4441">
     <span class='ocr_line' id='line_1_47' title="bbox 191 4363 1758 4441; baseline 0.006 -27"><span class='ocrx_word' id='word_1_348' title='bbox 191 4363 276 4426; x_wconf 82' lang='grc' dir='ltr'><strong>ὡς</strong></span> <span class='ocrx_word' id='word_1_349' title='bbox 329 4365 362 4434; x_wconf 90' lang='grc' dir='ltr'><strong>ή</strong></span> <span class='ocrx_word' id='word_1_350' title='bbox 417 4366 701 4435; x_wconf 73' lang='grc' dir='ltr'>παρρησία</span> <span class='ocrx_word' id='word_1_351' title='bbox 755 4366 987 4434; x_wconf 88' lang='grc' dir='ltr'>πέφυκε,</span> <span class='ocrx_word' id='word_1_352' title='bbox 1047 4367 1141 4421; x_wconf 75' lang='grc' dir='ltr'><strong>καὶ</strong></span> <span class='ocrx_word' id='word_1_353' title='bbox 1199 4371 1354 4438; x_wconf 86' lang='grc' dir='ltr'>μῖσος</span> <span class='ocrx_word' id='word_1_354' title='bbox 1411 4369 1758 4441; x_wconf 75' lang='grc' dir='ltr'>ἐργάζεσθαι.</span> 
     </span>
    </p>
   </div>
   <div class='ocr_carea' id='block_1_48' title="bbox 194 4453 1759 4528">
    <p class='ocr_par' dir='ltr' id='par_1_48' title="bbox 194 4453 1759 4528">
     <span class='ocr_line' id='line_1_48' title="bbox 194 4453 1759 4528; baseline 0.003 -22"><span class='ocrx_word' id='word_1_355' title='bbox 194 4453 407 4523; x_wconf 82' lang='grc' dir='ltr'>Νοερδν</span> <span class='ocrx_word' id='word_1_356' title='bbox 430 4455 524 4507; x_wconf 80' lang='grc' dir='ltr'><strong>καὶ</strong></span> <span class='ocrx_word' id='word_1_357' title='bbox 550 4454 669 4508; x_wconf 85' lang='grc' dir='ltr'>λίαν</span> <span class='ocrx_word' id='word_1_358' title='bbox 696 4455 1018 4524; x_wconf 82' lang='grc' dir='ltr'>περικαλλὲς</span> <span class='ocrx_word' id='word_1_359' title='bbox 1042 4456 1105 4508; x_wconf 81' lang='grc' dir='ltr'><strong>τὸ</strong></span> <span class='ocrx_word' id='word_1_360' title='bbox 1127 4455 1225 4526; x_wconf 82' lang='grc' dir='ltr'><strong>τῆς</strong></span> <span class='ocrx_word' id='word_1_361' title='bbox 1249 4456 1427 4526; x_wconf 78' lang='grc' dir='ltr'>ψυχῆς</span> <span class='ocrx_word' id='word_1_362' title='bbox 1462 4457 1636 4528; x_wconf 77' lang='grc' dir='ltr'>ὄμμα,</span> <span class='ocrx_word' id='word_1_363' title='bbox 1664 4458 1759 4511; x_wconf 68' lang='grc' dir='ltr'><strong>κα)⁸</strong></span> 
     </span>
    </p>
   </div>
   <div class='ocr_carea' id='block_1_49' title="bbox 195 4544 1748 4618">
    <p class='ocr_par' dir='ltr' id='par_1_49' title="bbox 195 4544 1748 4618">
     <span class='ocr_line' id='line_1_49' title="bbox 195 4544 1748 4618; baseline 0.002 -21"><span class='ocrx_word' id='word_1_364' title='bbox 195 4546 382 4598; x_wconf 79' lang='grc' dir='ltr'>πᾶσαν</span> <span class='ocrx_word' id='word_1_365' title='bbox 405 4544 548 4598; x_wconf 82' lang='grc' dir='ltr'>ἰδέαν</span> <span class='ocrx_word' id='word_1_366' title='bbox 574 4545 712 4616; x_wconf 75' lang='grc' dir='ltr'>μετὰ</span> <span class='ocrx_word' id='word_1_367' title='bbox 735 4545 835 4608; x_wconf 77' lang='grc' dir='ltr'>τὰς</span> <span class='ocrx_word' id='word_1_368' title='bbox 858 4547 1181 4617; x_wconf 84' lang='grc' dir='ltr'>ἀσωμάτους</span> <span class='ocrx_word' id='word_1_369' title='bbox 1209 4547 1396 4609; x_wconf 80' lang='grc' dir='ltr'>οὐσίας</span> <span class='ocrx_word' id='word_1_370' title='bbox 1417 4547 1713 4618; x_wconf 80' lang='grc' dir='ltr'>ὑπεραῖρον</span> <span class='ocrx_word' id='word_1_371' title='bbox 1733 4563 1748 4576; x_wconf 84' lang='lat'><strong>&#39;</strong></span> 
     </span>
    </p>
   </div>
   <div class='ocr_carea' id='block_1_50' title="bbox 1868 647 3424 720">
    <p class='ocr_par' dir='ltr' id='par_1_50' title="bbox 1868 647 3424 720">
     <span class='ocr_line' id='line_1_50' title="bbox 1868 647 3424 720; baseline 0.006 -21"><span class='ocrx_word' id='word_1_372' title='bbox 1868 647 2069 702; x_wconf 92' lang='lat' dir='ltr'><strong>tionem</strong></span> <span class='ocrx_word' id='word_1_373' title='bbox 2095 652 2328 716; x_wconf 89' lang='lat' dir='ltr'><strong>retinet;</strong></span> <span class='ocrx_word' id='word_1_374' title='bbox 2353 652 2494 720; x_wconf 86' lang='lat' dir='ltr'><strong>quod</strong></span> <span class='ocrx_word' id='word_1_375' title='bbox 2520 651 2904 708; x_wconf 82' lang='lat' dir='ltr'><strong>inconveniens</strong></span> <span class='ocrx_word' id='word_1_376' title='bbox 2924 662 3027 708; x_wconf 91' lang='lat' dir='ltr'><strong>est.</strong></span> <span class='ocrx_word' id='word_1_377' title='bbox 3059 655 3163 708; x_wconf 87' lang='lat' dir='ltr'><strong>Sed</strong></span> <span class='ocrx_word' id='word_1_378' title='bbox 3191 655 3424 709; x_wconf 91' lang='lat' dir='ltr'><strong>alterum</strong></span> 
     </span>
    </p>
   </div>
   <div class='ocr_carea' id='block_1_51' title="bbox 1865 743 3425 814">
    <p class='ocr_par' dir='ltr' id='par_1_51' title="bbox 1865 743 3425 814">
     <span class='ocr_line' id='line_1_51' title="bbox 1865 743 3425 814; baseline 0.006 -20"><span class='ocrx_word' id='word_1_379' title='bbox 1865 743 2195 798; x_wconf 86' lang='lat' dir='ltr'><strong>continentia</strong></span> <span class='ocrx_word' id='word_1_380' title='bbox 2225 754 2276 798; x_wconf 89' lang='lat' dir='ltr'><strong>et</strong></span> <span class='ocrx_word' id='word_1_381' title='bbox 2320 745 2458 799; x_wconf 86' lang='lat' dir='ltr'><strong>bona</strong></span> <span class='ocrx_word' id='word_1_382' title='bbox 2503 760 2656 814; x_wconf 89' lang='lat' dir='ltr'><strong>spes;</strong></span> <span class='ocrx_word' id='word_1_383' title='bbox 2701 745 2929 802; x_wconf 90' lang='lat' dir='ltr'><strong>alterum</strong></span> <span class='ocrx_word' id='word_1_384' title='bbox 2978 747 3277 810; x_wconf 90' lang='lat' dir='ltr'><strong>humilitas,</strong></span> <span class='ocrx_word' id='word_1_385' title='bbox 3321 750 3425 803; x_wconf 88' lang='lat' dir='ltr'><strong>etsi</strong></span> 
     </span>
    </p>
   </div>
   <div class='ocr_carea' id='block_1_52' title="bbox 1867 835 3426 906">
    <p class='ocr_par' dir='ltr' id='par_1_52' title="bbox 1867 835 3426 906">
     <span class='ocr_line' id='line_1_52' title="bbox 1867 835 3426 906; baseline 0.003 -20"><span class='ocrx_word' id='word_1_386' title='bbox 1867 835 2133 890; x_wconf 89' lang='lat' dir='ltr'><strong>neminem</strong></span> <span class='ocrx_word' id='word_1_387' title='bbox 2197 835 2451 906; x_wconf 88' lang='lat' dir='ltr'><strong>judicarit</strong></span> <span class='ocrx_word' id='word_1_388' title='bbox 2507 837 2622 905; x_wconf 91' lang='lat' dir='ltr'><strong>(a),</strong></span> <span class='ocrx_word' id='word_1_389' title='bbox 2691 852 2885 892; x_wconf 90' lang='lat' dir='ltr'><strong>sanare</strong></span> <span class='ocrx_word' id='word_1_390' title='bbox 2909 839 3124 906; x_wconf 92' lang='lat' dir='ltr'><strong>poterit.</strong></span> <span class='ocrx_word' id='word_1_391' title='bbox 3173 837 3292 892; x_wconf 87' lang='lat' dir='ltr'><strong>Non</strong></span> <span class='ocrx_word' id='word_1_392' title='bbox 3341 849 3426 893; x_wconf 91' lang='lat' dir='ltr'><strong>est</strong></span> 
     </span>
    </p>
   </div>
   <div class='ocr_carea' id='block_1_53' title="bbox 1866 922 3419 998">
    <p class='ocr_par' dir='ltr' id='par_1_53' title="bbox 1866 922 3419 998">
     <span class='ocr_line' id='line_1_53' title="bbox 1866 922 3419 998; baseline 0.004 -22"><span class='ocrx_word' id='word_1_393' title='bbox 1866 922 2190 991; x_wconf 87' lang='lat' dir='ltr'><strong>mirandum,</strong></span> <span class='ocrx_word' id='word_1_394' title='bbox 2223 941 2398 996; x_wconf 89' lang='lat' dir='ltr'><strong>neque</strong></span> <span class='ocrx_word' id='word_1_395' title='bbox 2423 937 2677 997; x_wconf 85' lang='lat' dir='ltr'><strong>tanquam</strong></span> <span class='ocrx_word' id='word_1_396' title='bbox 2703 928 2756 981; x_wconf 83' lang='lat' dir='ltr'><strong>in</strong></span> <span class='ocrx_word' id='word_1_397' title='bbox 2781 942 2837 982; x_wconf 90' lang='lat' dir='ltr'><strong>re</strong></span> <span class='ocrx_word' id='word_1_398' title='bbox 2864 930 3145 998; x_wconf 89' lang='lat' dir='ltr'><strong>peregrina</strong></span> <span class='ocrx_word' id='word_1_399' title='bbox 3168 938 3221 983; x_wconf 88' lang='lat' dir='ltr'><strong>et</strong></span> <span class='ocrx_word' id='word_1_400' title='bbox 3246 928 3419 982; x_wconf 87' lang='lat' dir='ltr'><strong>inusi-</strong></span> 
     </span>
    </p>
   </div>
   <div class='ocr_carea' id='block_1_54' title="bbox 1864 1017 3425 1089">
    <p class='ocr_par' dir='ltr' id='par_1_54' title="bbox 1864 1017 3425 1089">
     <span class='ocr_line' id='line_1_54' title="bbox 1864 1017 3425 1089; baseline 0.003 -20"><span class='ocrx_word' id='word_1_401' title='bbox 1864 1023 1972 1070; x_wconf 92' lang='lat' dir='ltr'><strong>tata</strong></span> <span class='ocrx_word' id='word_1_402' title='bbox 2021 1017 2528 1088; x_wconf 87' lang='lat' dir='ltr'><strong>obstupeseendum,</strong></span> <span class='ocrx_word' id='word_1_403' title='bbox 2575 1020 2792 1089; x_wconf 87' lang='lat' dir='ltr'><strong>quando</strong></span> <span class='ocrx_word' id='word_1_404' title='bbox 2833 1020 3084 1074; x_wconf 83' lang='lat' dir='ltr'><strong>videmus</strong></span> <span class='ocrx_word' id='word_1_405' title='bbox 3133 1019 3425 1075; x_wconf 87' lang='lat' dir='ltr'><strong>nonnullos</strong></span> 
     </span>
    </p>
   </div>
   <div class='ocr_carea' id='block_1_55' title="bbox 1864 1113 3420 1185">
    <p class='ocr_par' dir='ltr' id='par_1_55' title="bbox 1864 1113 3420 1185">
     <span class='ocr_line' id='line_1_55' title="bbox 1864 1113 3420 1185; baseline -0.001 -18"><span class='ocrx_word' id='word_1_406' title='bbox 1864 1113 2004 1168; x_wconf 90' lang='lat' dir='ltr'><strong>mala</strong></span> <span class='ocrx_word' id='word_1_407' title='bbox 2028 1114 2223 1178; x_wconf 89' lang='lat' dir='ltr'><strong>facere,</strong></span> <span class='ocrx_word' id='word_1_408' title='bbox 2256 1124 2310 1171; x_wconf 92' lang='lat' dir='ltr'><strong>et</strong></span> <span class='ocrx_word' id='word_1_409' title='bbox 2341 1116 2482 1169; x_wconf 86' lang='lat' dir='ltr'><strong>bona</strong></span> <span class='ocrx_word' id='word_1_410' title='bbox 2522 1115 2686 1184; x_wconf 87' lang='lat' dir='ltr'><strong>loqui,</strong></span> <span class='ocrx_word' id='word_1_411' title='bbox 2716 1116 2932 1185; x_wconf 82' lang='lat' dir='ltr'><strong>quando</strong></span> <span class='ocrx_word' id='word_1_412' title='bbox 2960 1123 3014 1168; x_wconf 86' lang='lat' dir='ltr'><strong>et</strong></span> <span class='ocrx_word' id='word_1_413' title='bbox 3041 1124 3344 1181; x_wconf 86' lang='lat' dir='ltr'><strong>serpentem</strong></span> <span class='ocrx_word' id='word_1_414' title='bbox 3367 1115 3420 1166; x_wconf 92' lang='lat' dir='ltr'><strong>in</strong></span> 
     </span>
    </p>
   </div>
   <div class='ocr_carea' id='block_1_56' title="bbox 1863 1204 3423 1277">
    <p class='ocr_par' dir='ltr' id='par_1_56' title="bbox 1863 1204 3423 1277">
     <span class='ocr_line' id='line_1_56' title="bbox 1863 1204 3423 1277; baseline 0 -17"><span class='ocrx_word' id='word_1_415' title='bbox 1863 1207 2113 1274; x_wconf 83' lang='lat' dir='ltr'><strong>paradiso</strong></span> <span class='ocrx_word' id='word_1_416' title='bbox 2140 1207 2302 1262; x_wconf 88' lang='lat' dir='ltr'><strong>elatio</strong></span> <span class='ocrx_word' id='word_1_417' title='bbox 2325 1208 2522 1262; x_wconf 89' lang='lat' dir='ltr'><strong>mentis</strong></span> <span class='ocrx_word' id='word_1_418' title='bbox 2537 1208 2728 1262; x_wconf 82' lang='lat' dir='ltr'><strong>extulit</strong></span> <span class='ocrx_word' id='word_1_419' title='bbox 2743 1216 2796 1262; x_wconf 94' lang='lat' dir='ltr'><strong>et</strong></span> <span class='ocrx_word' id='word_1_420' title='bbox 2818 1207 3046 1277; x_wconf 86' lang='lat' dir='ltr'><strong>perdidit</strong></span> <span class='ocrx_word' id='word_1_421' title='bbox 3089 1204 3286 1259; x_wconf 86' lang='lat' dir='ltr'><strong>Norma</strong></span> <span class='ocrx_word' id='word_1_422' title='bbox 3309 1205 3423 1260; x_wconf 63' lang='lat' dir='ltr'><strong>hac</strong></span> 
     </span>
    </p>
   </div>
   <div class='ocr_carea' id='block_1_57' title="bbox 1863 1299 3423 1368">
    <p class='ocr_par' dir='ltr' id='par_1_57' title="bbox 1863 1299 3423 1368">
     <span class='ocr_line' id='line_1_57' title="bbox 1863 1299 3423 1368; baseline 0 -15"><span class='ocrx_word' id='word_1_423' title='bbox 1863 1300 1934 1353; x_wconf 88' lang='lat' dir='ltr'><strong>sit</strong></span> <span class='ocrx_word' id='word_1_424' title='bbox 1962 1301 2012 1353; x_wconf 92' lang='lat' dir='ltr'><strong>in</strong></span> <span class='ocrx_word' id='word_1_425' title='bbox 2051 1300 2304 1356; x_wconf 90' lang='lat' dir='ltr'><strong>omnibus</strong></span> <span class='ocrx_word' id='word_1_426' title='bbox 2337 1300 2500 1355; x_wconf 85' lang='lat' dir='ltr'><strong>rebus</strong></span> <span class='ocrx_word' id='word_1_427' title='bbox 2538 1301 2646 1355; x_wconf 90' lang='lat' dir='ltr'><strong>tuis</strong></span> <span class='ocrx_word' id='word_1_428' title='bbox 2681 1314 2818 1368; x_wconf 89' lang='lat' dir='ltr'><strong>quas</strong></span> <span class='ocrx_word' id='word_1_429' title='bbox 2847 1299 3150 1368; x_wconf 80' lang='lat' dir='ltr'><strong>aggrederis</strong></span> <span class='ocrx_word' id='word_1_430' title='bbox 3195 1300 3423 1368; x_wconf 67' lang='lat' dir='ltr'><strong>vitaeque</strong></span> 
     </span>
    </p>
   </div>
   <div class='ocr_carea' id='block_1_58' title="bbox 1861 1391 3420 1462">
    <p class='ocr_par' dir='ltr' id='par_1_58' title="bbox 1861 1391 3420 1462">
     <span class='ocr_line' id='line_1_58' title="bbox 1861 1391 3420 1462; baseline 0 -15"><span class='ocrx_word' id='word_1_431' title='bbox 1861 1393 2073 1458; x_wconf 90' lang='lat' dir='ltr'><strong>studiis,</strong></span> <span class='ocrx_word' id='word_1_432' title='bbox 2092 1391 2206 1446; x_wconf 88' lang='lat' dir='ltr'><strong>sive</strong></span> <span class='ocrx_word' id='word_1_433' title='bbox 2220 1392 2393 1456; x_wconf 89' lang='lat' dir='ltr'><strong>alteri,</strong></span> <span class='ocrx_word' id='word_1_434' title='bbox 2415 1391 2575 1462; x_wconf 78' lang='lat'><strong>352</strong></span> <span class='ocrx_word' id='word_1_435' title='bbox 2593 1392 2850 1459; x_wconf 83' lang='lat' dir='ltr'><strong>subjectis</strong></span> <span class='ocrx_word' id='word_1_436' title='bbox 2871 1393 2982 1446; x_wconf 84' lang='lat' dir='ltr'><strong>sive</strong></span> <span class='ocrx_word' id='word_1_437' title='bbox 3008 1407 3114 1446; x_wconf 93' lang='lat' dir='ltr'><strong>non</strong></span> <span class='ocrx_word' id='word_1_438' title='bbox 3137 1392 3420 1461; x_wconf 79' lang='lat' dir='ltr'><strong>subjectis,</strong></span> 
     </span>
    </p>
   </div>
   <div class='ocr_carea' id='block_1_59' title="bbox 1862 1483 3416 1554">
    <p class='ocr_par' dir='ltr' id='par_1_59' title="bbox 1862 1483 3416 1554">
     <span class='ocr_line' id='line_1_59' title="bbox 1862 1483 3416 1554; baseline -0.001 -15"><span class='ocrx_word' id='word_1_439' title='bbox 1862 1493 1968 1539; x_wconf 89' lang='lat' dir='ltr'><strong>tam</strong></span> <span class='ocrx_word' id='word_1_440' title='bbox 1985 1501 2105 1549; x_wconf 71' lang='lat' dir='ltr'><strong>quae</strong></span> <span class='ocrx_word' id='word_1_441' title='bbox 2125 1485 2190 1539; x_wconf 93' lang='lat' dir='ltr'><strong>ad</strong></span> <span class='ocrx_word' id='word_1_442' title='bbox 2207 1499 2424 1554; x_wconf 87' lang='lat' dir='ltr'><strong>corpus,</strong></span> <span class='ocrx_word' id='word_1_443' title='bbox 2442 1500 2604 1554; x_wconf 91' lang='lat' dir='ltr'><strong>quam</strong></span> <span class='ocrx_word' id='word_1_444' title='bbox 2626 1500 2747 1554; x_wconf 75' lang='lat' dir='ltr'><strong>qua:</strong></span> <span class='ocrx_word' id='word_1_445' title='bbox 2773 1483 2838 1538; x_wconf 92' lang='lat' dir='ltr'><strong>ad</strong></span> <span class='ocrx_word' id='word_1_446' title='bbox 2865 1483 3102 1538; x_wconf 90' lang='lat' dir='ltr'><strong>animum</strong></span> <span class='ocrx_word' id='word_1_447' title='bbox 3126 1485 3416 1554; x_wconf 91' lang='lat' dir='ltr'><strong>pertinent,</strong></span> 
     </span>
    </p>
   </div>
   <div class='ocr_carea' id='block_1_60' title="bbox 1858 1575 3422 1647">
    <p class='ocr_par' dir='ltr' id='par_1_60' title="bbox 1858 1575 3422 1647">
     <span class='ocr_line' id='line_1_60' title="bbox 1858 1575 3422 1647; baseline -0.001 -15"><span class='ocrx_word' id='word_1_448' title='bbox 1858 1593 1927 1632; x_wconf 90' lang='lat' dir='ltr'><strong>an</strong></span> <span class='ocrx_word' id='word_1_449' title='bbox 1959 1593 2082 1632; x_wconf 88' lang='lat' dir='ltr'><strong>cum</strong></span> <span class='ocrx_word' id='word_1_450' title='bbox 2115 1577 2229 1647; x_wconf 82' lang='lat' dir='ltr'><strong>lege</strong></span> <span class='ocrx_word' id='word_1_451' title='bbox 2266 1576 2448 1632; x_wconf 87' lang='lat' dir='ltr'><strong>divina</strong></span> <span class='ocrx_word' id='word_1_452' title='bbox 2479 1591 2604 1631; x_wconf 89' lang='lat' dir='ltr'><strong>vere</strong></span> <span class='ocrx_word' id='word_1_453' title='bbox 2632 1578 2975 1631; x_wconf 83' lang='lat' dir='ltr'><strong>conveniant.</strong></span> <span class='ocrx_word' id='word_1_454' title='bbox 2997 1575 3067 1630; x_wconf 90' lang='lat' dir='ltr'><strong>Ut</strong></span> <span class='ocrx_word' id='word_1_455' title='bbox 3095 1578 3162 1643; x_wconf 86' lang='lat' dir='ltr'><strong>si,</strong></span> <span class='ocrx_word' id='word_1_456' title='bbox 3199 1577 3422 1646; x_wconf 90' lang='lat' dir='ltr'><strong>quando</strong></span> 
     </span>
    </p>
   </div>
   <div class='ocr_carea' id='block_1_61' title="bbox 1858 1671 3420 1742">
    <p class='ocr_par' dir='ltr' id='par_1_61' title="bbox 1858 1671 3420 1742">
     <span class='ocr_line' id='line_1_61' title="bbox 1858 1671 3420 1742; baseline 0 -16"><span class='ocrx_word' id='word_1_457' title='bbox 1858 1673 2230 1742; x_wconf 79' lang='lat' dir='ltr'><strong>qualecunque</strong></span> <span class='ocrx_word' id='word_1_458' title='bbox 2273 1684 2411 1740; x_wconf 90' lang='lat' dir='ltr'><strong>opus</strong></span> <span class='ocrx_word' id='word_1_459' title='bbox 2437 1686 2538 1726; x_wconf 89' lang='lat' dir='ltr'><strong>nos</strong></span> <span class='ocrx_word' id='word_1_460' title='bbox 2571 1671 2756 1725; x_wconf 87' lang='lat' dir='ltr'><strong>novitii</strong></span> <span class='ocrx_word' id='word_1_461' title='bbox 2804 1671 3166 1740; x_wconf 86' lang='lat' dir='ltr'><strong>suscipimus,</strong></span> <span class='ocrx_word' id='word_1_462' title='bbox 3217 1672 3318 1726; x_wconf 91' lang='lat' dir='ltr'><strong>nisi</strong></span> <span class='ocrx_word' id='word_1_463' title='bbox 3342 1687 3420 1726; x_wconf 65' lang='lat' dir='ltr'><strong>&#39;ex</strong></span> 
     </span>
    </p>
   </div>
   <div class='ocr_carea' id='block_1_62' title="bbox 1859 1763 3423 1838">
    <p class='ocr_par' dir='ltr' id='par_1_62' title="bbox 1859 1763 3423 1838">
     <span class='ocr_line' id='line_1_62' title="bbox 1859 1763 3423 1838; baseline -0.004 -16"><span class='ocrx_word' id='word_1_464' title='bbox 1859 1768 1952 1824; x_wconf 92' lang='lat' dir='ltr'><strong>illo</strong></span> <span class='ocrx_word' id='word_1_465' title='bbox 1980 1783 2140 1838; x_wconf 88' lang='lat' dir='ltr'><strong>opere</strong></span> <span class='ocrx_word' id='word_1_466' title='bbox 2181 1767 2438 1838; x_wconf 88' lang='lat' dir='ltr'><strong>majorem</strong></span> <span class='ocrx_word' id='word_1_467' title='bbox 2459 1809 2474 1832; x_wconf 87' lang='lat'><strong>,</strong></span> <span class='ocrx_word' id='word_1_468' title='bbox 2507 1780 2670 1836; x_wconf 89' lang='lat' dir='ltr'><strong>quam</strong></span> <span class='ocrx_word' id='word_1_469' title='bbox 2710 1774 2833 1819; x_wconf 88' lang='lat' dir='ltr'><strong>ante</strong></span> <span class='ocrx_word' id='word_1_470' title='bbox 2862 1763 3173 1827; x_wconf 85' lang='lat' dir='ltr'><strong>habuimus,</strong></span> <span class='ocrx_word' id='word_1_471' title='bbox 3202 1763 3423 1818; x_wconf 86' lang='lat' dir='ltr'><strong>humili-</strong></span> 
     </span>
    </p>
   </div>
   <div class='ocr_carea' id='block_1_63' title="bbox 1858 1858 3422 1928">
    <p class='ocr_par' dir='ltr' id='par_1_63' title="bbox 1858 1858 3422 1928">
     <span class='ocr_line' id='line_1_63' title="bbox 1858 1858 3422 1928; baseline -0.003 -12"><span class='ocrx_word' id='word_1_472' title='bbox 1858 1871 2022 1917; x_wconf 89' lang='lat' dir='ltr'><strong>tatem</strong></span> <span class='ocrx_word' id='word_1_473' title='bbox 2052 1862 2177 1917; x_wconf 89' lang='lat' dir='ltr'><strong>inde</strong></span> <span class='ocrx_word' id='word_1_474' title='bbox 2219 1863 2274 1916; x_wconf 92' lang='lat' dir='ltr'><strong>in</strong></span> <span class='ocrx_word' id='word_1_475' title='bbox 2313 1861 2496 1915; x_wconf 88' lang='lat' dir='ltr'><strong>anima</strong></span> <span class='ocrx_word' id='word_1_476' title='bbox 2539 1859 3027 1928; x_wconf 90' lang='lat' dir='ltr'><strong>acquisiverimus,</strong></span> <span class='ocrx_word' id='word_1_477' title='bbox 3067 1873 3172 1911; x_wconf 92' lang='lat' dir='ltr'><strong>non</strong></span> <span class='ocrx_word' id='word_1_478' title='bbox 3208 1858 3422 1911; x_wconf 86' lang='lat' dir='ltr'><strong>videtur</strong></span> 
     </span>
    </p>
   </div>
   <div class='ocr_carea' id='block_1_64' title="bbox 1858 1948 3418 2024">
    <p class='ocr_par' dir='ltr' id='par_1_64' title="bbox 1858 1948 3418 2024">
     <span class='ocr_line' id='line_1_64' title="bbox 1858 1948 3418 2024; baseline -0.004 -16"><span class='ocrx_word' id='word_1_479' title='bbox 1858 1955 1984 2009; x_wconf 83' lang='lat' dir='ltr'><strong>illud</strong></span> <span class='ocrx_word' id='word_1_480' title='bbox 2021 1970 2158 2024; x_wconf 89' lang='lat' dir='ltr'><strong>opus</strong></span> <span class='ocrx_word' id='word_1_481' title='bbox 2179 1968 2274 2008; x_wconf 88' lang='lat' dir='ltr'><strong>seu</strong></span> <span class='ocrx_word' id='word_1_482' title='bbox 2314 1966 2538 2021; x_wconf 86' lang='lat' dir='ltr'><strong>parvum</strong></span> <span class='ocrx_word' id='word_1_483' title='bbox 2579 1967 2672 2006; x_wconf 89' lang='lat' dir='ltr'><strong>seu</strong></span> <span class='ocrx_word' id='word_1_484' title='bbox 2711 1966 2963 2021; x_wconf 84' lang='lat' dir='ltr'><strong>magnum</strong></span> <span class='ocrx_word' id='word_1_485' title='bbox 2996 1948 3176 2014; x_wconf 88' lang='lat' dir='ltr'><strong>fuerit,</strong></span> <span class='ocrx_word' id='word_1_486' title='bbox 3219 1965 3418 2004; x_wconf 69' lang='lat' dir='ltr'><strong>conveo</strong></span> 
     </span>
    </p>
   </div>
   <div class='ocr_carea' id='block_1_65' title="bbox 1859 2043 3422 2117">
    <p class='ocr_par' dir='ltr' id='par_1_65' title="bbox 1859 2043 3422 2117">
     <span class='ocr_line' id='line_1_65' title="bbox 1859 2043 3422 2117; baseline -0.004 -15"><span class='ocrx_word' id='word_1_487' title='bbox 1859 2050 2071 2104; x_wconf 88' lang='lat' dir='ltr'><strong>nienter</strong></span> <span class='ocrx_word' id='word_1_488' title='bbox 2114 2046 2220 2117; x_wconf 82' lang='lat' dir='ltr'><strong>legi</strong></span> <span class='ocrx_word' id='word_1_489' title='bbox 2270 2045 2466 2101; x_wconf 58' lang='lat' dir='ltr'><strong>divinas</strong></span> <span class='ocrx_word' id='word_1_490' title='bbox 2493 2043 2716 2100; x_wconf 90' lang='lat' dir='ltr'><strong>factum.</strong></span> <span class='ocrx_word' id='word_1_491' title='bbox 2757 2045 2931 2114; x_wconf 81' lang='lat' dir='ltr'><strong>Atque</strong></span> <span class='ocrx_word' id='word_1_492' title='bbox 2961 2043 3014 2097; x_wconf 91' lang='lat' dir='ltr'><strong>in</strong></span> <span class='ocrx_word' id='word_1_493' title='bbox 3059 2043 3216 2098; x_wconf 86' lang='lat' dir='ltr'><strong>nobis</strong></span> <span class='ocrx_word' id='word_1_494' title='bbox 3243 2043 3422 2097; x_wconf 89' lang='lat' dir='ltr'><strong>adhuc</strong></span> 
     </span>
    </p>
   </div>
   <div class='ocr_carea' id='block_1_66' title="bbox 1858 2135 3421 2208">
    <p class='ocr_par' dir='ltr' id='par_1_66' title="bbox 1858 2135 3421 2208">
     <span class='ocr_line' id='line_1_66' title="bbox 1858 2135 3421 2208; baseline -0.004 -11"><span class='ocrx_word' id='word_1_495' title='bbox 1858 2140 2166 2197; x_wconf 88' lang='lat' dir='ltr'><strong>rudioribus</strong></span> <span class='ocrx_word' id='word_1_496' title='bbox 2211 2141 2312 2195; x_wconf 85' lang='lat' dir='ltr'><strong>hoc</strong></span> <span class='ocrx_word' id='word_1_497' title='bbox 2359 2138 2514 2208; x_wconf 84' lang='lat' dir='ltr'><strong>quasi</strong></span> <span class='ocrx_word' id='word_1_498' title='bbox 2556 2137 2750 2192; x_wconf 68' lang='lat' dir='ltr'><strong>divina:</strong></span> <span class='ocrx_word' id='word_1_499' title='bbox 2799 2135 3094 2191; x_wconf 87' lang='lat' dir='ltr'><strong>voluntatis</strong></span> <span class='ocrx_word' id='word_1_500' title='bbox 3127 2135 3336 2204; x_wconf 79' lang='lat' dir='ltr'><strong>signum</strong></span> <span class='ocrx_word' id='word_1_501' title='bbox 3366 2150 3421 2191; x_wconf 88' lang='lat' dir='ltr'><strong>et</strong></span> 
     </span>
    </p>
   </div>
   <div class='ocr_carea' id='block_1_67' title="bbox 1859 2227 3422 2300">
    <p class='ocr_par' dir='ltr' id='par_1_67' title="bbox 1859 2227 3422 2300">
     <span class='ocr_line' id='line_1_67' title="bbox 1859 2227 3422 2300; baseline -0.006 -9"><span class='ocrx_word' id='word_1_502' title='bbox 1859 2234 2230 2291; x_wconf 90' lang='lat' dir='ltr'><strong>testimonium</strong></span> <span class='ocrx_word' id='word_1_503' title='bbox 2281 2241 2385 2288; x_wconf 91' lang='lat' dir='ltr'><strong>est.</strong></span> <span class='ocrx_word' id='word_1_504' title='bbox 2444 2232 2502 2286; x_wconf 87' lang='lat' dir='ltr'><strong>In</strong></span> <span class='ocrx_word' id='word_1_505' title='bbox 2546 2231 2739 2286; x_wconf 86' lang='lat' dir='ltr'><strong>mediis</strong></span> <span class='ocrx_word' id='word_1_506' title='bbox 2771 2239 2973 2295; x_wconf 90' lang='lat' dir='ltr'><strong>autem,</strong></span> <span class='ocrx_word' id='word_1_507' title='bbox 3003 2229 3157 2300; x_wconf 85' lang='lat' dir='ltr'><strong>quies</strong></span> <span class='ocrx_word' id='word_1_508' title='bbox 3191 2227 3422 2282; x_wconf 81' lang='lat' dir='ltr'><strong>fortasse</strong></span> 
     </span>
    </p>
   </div>
   <div class='ocr_carea' id='block_1_68' title="bbox 1860 2318 3420 2396">
    <p class='ocr_par' dir='ltr' id='par_1_68' title="bbox 1860 2318 3420 2396">
     <span class='ocr_line' id='line_1_68' title="bbox 1860 2318 3420 2396; baseline -0.005 -16"><span class='ocrx_word' id='word_1_509' title='bbox 1860 2326 1928 2380; x_wconf 87' lang='lat' dir='ltr'><strong>ab</strong></span> <span class='ocrx_word' id='word_1_510' title='bbox 1983 2323 2480 2396; x_wconf 87' lang='lat' dir='ltr'><strong>impugnationibus</strong></span> <span class='ocrx_word' id='word_1_511' title='bbox 2534 2341 2547 2376; x_wconf 90' lang='lat'>:</span> <span class='ocrx_word' id='word_1_512' title='bbox 2603 2321 2656 2374; x_wconf 92' lang='lat' dir='ltr'><strong>in</strong></span> <span class='ocrx_word' id='word_1_513' title='bbox 2707 2318 2959 2390; x_wconf 87' lang='lat' dir='ltr'><strong>perfectis</strong></span> <span class='ocrx_word' id='word_1_514' title='bbox 3017 2329 3198 2374; x_wconf 86' lang='lat' dir='ltr'><strong>autem</strong></span> <span class='ocrx_word' id='word_1_515' title='bbox 3252 2319 3420 2373; x_wconf 84' lang='lat' dir='ltr'><strong>divini</strong></span> 
     </span>
    </p>
   </div>
   <div class='ocr_carea' id='block_1_69' title="bbox 1863 2413 3422 2488">
    <p class='ocr_par' dir='ltr' id='par_1_69' title="bbox 1863 2413 3422 2488">
     <span class='ocr_line' id='line_1_69' title="bbox 1863 2413 3422 2488; baseline -0.006 -14"><span class='ocrx_word' id='word_1_516' title='bbox 1863 2420 2086 2474; x_wconf 88' lang='lat' dir='ltr'><strong>luminis</strong></span> <span class='ocrx_word' id='word_1_517' title='bbox 2112 2426 2456 2488; x_wconf 78' lang='lat' dir='ltr'><strong>augmentum</strong></span> <span class='ocrx_word' id='word_1_518' title='bbox 2487 2425 2542 2471; x_wconf 89' lang='lat' dir='ltr'><strong>et</strong></span> <span class='ocrx_word' id='word_1_519' title='bbox 2562 2415 2735 2486; x_wconf 92' lang='lat' dir='ltr'><strong>copia.</strong></span> <span class='ocrx_word' id='word_1_520' title='bbox 2758 2414 2889 2481; x_wconf 77' lang='lat' dir='ltr'><strong>Quae</strong></span> <span class='ocrx_word' id='word_1_521' title='bbox 2915 2429 3081 2483; x_wconf 81' lang='lat' dir='ltr'><strong>parva</strong></span> <span class='ocrx_word' id='word_1_522' title='bbox 3107 2413 3422 2483; x_wconf 87' lang='lat' dir='ltr'><strong>judicantur</strong></span> 
     </span>
    </p>
   </div>
   <div class='ocr_carea' id='block_1_70' title="bbox 1863 2504 3421 2580">
    <p class='ocr_par' dir='ltr' id='par_1_70' title="bbox 1863 2504 3421 2580">
     <span class='ocr_line' id='line_1_70' title="bbox 1863 2504 3421 2580; baseline -0.006 -12"><span class='ocrx_word' id='word_1_523' title='bbox 1863 2511 2168 2578; x_wconf 75' lang='lat' dir='ltr'><strong>a-magnis,</strong></span> <span class='ocrx_word' id='word_1_524' title='bbox 2218 2509 2448 2566; x_wconf 82' lang='lat' dir='ltr'><strong>fortasse</strong></span> <span class='ocrx_word' id='word_1_525' title='bbox 2497 2523 2606 2563; x_wconf 92' lang='lat' dir='ltr'><strong>non</strong></span> <span class='ocrx_word' id='word_1_526' title='bbox 2663 2517 2795 2580; x_wconf 74' lang='lat' dir='ltr'><strong>sunt</strong></span> <span class='ocrx_word' id='word_1_527' title='bbox 2827 2522 3014 2577; x_wconf 88' lang='lat' dir='ltr'><strong>parva.</strong></span> <span class='ocrx_word' id='word_1_528' title='bbox 3066 2504 3198 2572; x_wconf 61' lang='lat' dir='ltr'><strong>Quae</strong></span> <span class='ocrx_word' id='word_1_529' title='bbox 3240 2515 3421 2560; x_wconf 87' lang='lat' dir='ltr'><strong>autem</strong></span> 
     </span>
    </p>
   </div>
   <div class='ocr_carea' id='block_1_71' title="bbox 1862 2597 3424 2673">
    <p class='ocr_par' dir='ltr' id='par_1_71' title="bbox 1862 2597 3424 2673">
     <span class='ocr_line' id='line_1_71' title="bbox 1862 2597 3424 2673; baseline -0.005 -15"><span class='ocrx_word' id='word_1_530' title='bbox 1862 2619 2055 2673; x_wconf 84' lang='lat' dir='ltr'><strong>magna</strong></span> <span class='ocrx_word' id='word_1_531' title='bbox 2081 2602 2397 2672; x_wconf 85' lang='lat' dir='ltr'><strong>judicantur</strong></span> <span class='ocrx_word' id='word_1_532' title='bbox 2434 2615 2464 2655; x_wconf 91' lang='lat' dir='ltr'><strong>a</strong></span> <span class='ocrx_word' id='word_1_533' title='bbox 2497 2601 2678 2670; x_wconf 88' lang='lat' dir='ltr'><strong>parvis</strong></span> <span class='ocrx_word' id='word_1_534' title='bbox 2717 2614 2822 2652; x_wconf 91' lang='lat' dir='ltr'><strong>non</strong></span> <span class='ocrx_word' id='word_1_535' title='bbox 2848 2606 2977 2654; x_wconf 87' lang='lat' dir='ltr'><strong>sunt</strong></span> <span class='ocrx_word' id='word_1_536' title='bbox 3003 2612 3068 2652; x_wconf 87' lang='lat' dir='ltr'><strong>ex</strong></span> <span class='ocrx_word' id='word_1_537' title='bbox 3098 2597 3242 2651; x_wconf 90' lang='lat' dir='ltr'><strong>omni</strong></span> <span class='ocrx_word' id='word_1_538' title='bbox 3272 2604 3424 2664; x_wconf 83' lang='lat' dir='ltr'><strong>parte</strong></span> 
     </span>
    </p>
   </div>
   <div class='ocr_carea' id='block_1_72' title="bbox 1859 2686 3421 2764">
    <p class='ocr_par' dir='ltr' id='par_1_72' title="bbox 1859 2686 3421 2764">
     <span class='ocr_line' id='line_1_72' title="bbox 1859 2686 3421 2764; baseline -0.005 -17"><span class='ocrx_word' id='word_1_539' title='bbox 1859 2695 2121 2764; x_wconf 73' lang='lat' dir='ltr'><strong>perfecta.</strong></span> <span class='ocrx_word' id='word_1_540' title='bbox 2181 2692 2473 2747; x_wconf 82' lang='lat' dir='ltr'><strong>Abstersus</strong></span> <span class='ocrx_word' id='word_1_541' title='bbox 2509 2707 2539 2744; x_wconf 91' lang='lat' dir='ltr'><strong>a</strong></span> <span class='ocrx_word' id='word_1_542' title='bbox 2589 2690 2824 2744; x_wconf 89' lang='lat' dir='ltr'><strong>nubibus</strong></span> <span class='ocrx_word' id='word_1_543' title='bbox 2874 2698 2927 2743; x_wconf 89' lang='lat' dir='ltr'><strong>et</strong></span> <span class='ocrx_word' id='word_1_544' title='bbox 2973 2686 3267 2742; x_wconf 69' lang='lat' dir='ltr'><strong>defaacatus</strong></span> <span class='ocrx_word' id='word_1_545' title='bbox 3297 2701 3421 2752; x_wconf 83' lang='lat' dir='ltr'><strong>aer,</strong></span> 
     </span>
    </p>
   </div>
   <div class='ocr_carea' id='block_1_73' title="bbox 1859 2778 3423 2845">
    <p class='ocr_par' dir='ltr' id='par_1_73' title="bbox 1859 2778 3423 2845">
     <span class='ocr_line' id='line_1_73' title="bbox 1859 2778 3423 2845; baseline -0.005 -5"><span class='ocrx_word' id='word_1_546' title='bbox 1859 2787 2069 2840; x_wconf 87' lang='lat' dir='ltr'><strong>clarum</strong></span> <span class='ocrx_word' id='word_1_547' title='bbox 2125 2783 2366 2839; x_wconf 87' lang='lat' dir='ltr'><strong>ostendit</strong></span> <span class='ocrx_word' id='word_1_548' title='bbox 2415 2783 2618 2845; x_wconf 82' lang='lat' dir='ltr'><strong>solem;</strong></span> <span class='ocrx_word' id='word_1_549' title='bbox 2671 2790 2726 2835; x_wconf 92' lang='lat' dir='ltr'><strong>ct</strong></span> <span class='ocrx_word' id='word_1_550' title='bbox 2783 2781 2962 2835; x_wconf 91' lang='lat' dir='ltr'><strong>anima</strong></span> <span class='ocrx_word' id='word_1_551' title='bbox 3026 2795 3055 2834; x_wconf 88' lang='lat' dir='ltr'><strong>a</strong></span> <span class='ocrx_word' id='word_1_552' title='bbox 3111 2779 3220 2834; x_wconf 90' lang='lat' dir='ltr'><strong>Deo</strong></span> <span class='ocrx_word' id='word_1_553' title='bbox 3265 2778 3423 2832; x_wconf 86' lang='lat' dir='ltr'><strong>venia</strong></span> 
     </span>
    </p>
   </div>
   <div class='ocr_carea' id='block_1_74' title="bbox 1861 2874 3424 2950">
    <p class='ocr_par' dir='ltr' id='par_1_74' title="bbox 1861 2874 3424 2950">
     <span class='ocr_line' id='line_1_74' title="bbox 1861 2874 3424 2950; baseline -0.004 -15"><span class='ocrx_word' id='word_1_554' title='bbox 1861 2888 2206 2950; x_wconf 81' lang='lat' dir='ltr'><strong>peccatorum</strong></span> <span class='ocrx_word' id='word_1_555' title='bbox 2234 2879 2474 2948; x_wconf 87' lang='lat' dir='ltr'><strong>dignata,</strong></span> <span class='ocrx_word' id='word_1_556' title='bbox 2507 2876 2730 2929; x_wconf 88' lang='lat' dir='ltr'><strong>omnino</strong></span> <span class='ocrx_word' id='word_1_557' title='bbox 2761 2874 3003 2928; x_wconf 91' lang='lat' dir='ltr'><strong>divinum</strong></span> <span class='ocrx_word' id='word_1_558' title='bbox 3031 2875 3209 2929; x_wconf 89' lang='lat' dir='ltr'><strong>lumen</strong></span> <span class='ocrx_word' id='word_1_559' title='bbox 3241 2887 3424 2942; x_wconf 87' lang='lat' dir='ltr'><strong>respe-</strong></span> 
     </span>
    </p>
   </div>
   <div class='ocr_carea' id='block_1_75' title="bbox 1862 2963 3424 3038">
    <p class='ocr_par' dir='ltr' id='par_1_75' title="bbox 1862 2963 3424 3038">
     <span class='ocr_line' id='line_1_75' title="bbox 1862 2963 3424 3038; baseline -0.005 -13"><span class='ocrx_word' id='word_1_560' title='bbox 1862 2972 1960 3025; x_wconf 89' lang='lat' dir='ltr'><strong>xit.</strong></span> <span class='ocrx_word' id='word_1_561' title='bbox 1992 2970 2152 3024; x_wconf 84' lang='lat' dir='ltr'><strong>Aliud</strong></span> <span class='ocrx_word' id='word_1_562' title='bbox 2199 2978 2279 3024; x_wconf 89' lang='lat' dir='ltr'><strong>est</strong></span> <span class='ocrx_word' id='word_1_563' title='bbox 2306 2973 2610 3038; x_wconf 85' lang='lat' dir='ltr'><strong>peccatum,</strong></span> <span class='ocrx_word' id='word_1_564' title='bbox 2647 2965 2794 3020; x_wconf 88' lang='lat' dir='ltr'><strong>aliud</strong></span> <span class='ocrx_word' id='word_1_565' title='bbox 2839 2965 3035 3030; x_wconf 91' lang='lat' dir='ltr'><strong>otium,</strong></span> <span class='ocrx_word' id='word_1_566' title='bbox 3075 2964 3220 3019; x_wconf 89' lang='lat' dir='ltr'><strong>aliud</strong></span> <span class='ocrx_word' id='word_1_567' title='bbox 3252 2963 3424 3033; x_wconf 82' lang='lat' dir='ltr'><strong>negli-</strong></span> 
     </span>
    </p>
   </div>
   <div class='ocr_carea' id='block_1_76' title="bbox 1863 3053 3425 3132">
    <p class='ocr_par' dir='ltr' id='par_1_76' title="bbox 1863 3053 3425 3132">
     <span class='ocr_line' id='line_1_76' title="bbox 1863 3053 3425 3132; baseline -0.005 -16"><span class='ocrx_word' id='word_1_568' title='bbox 1863 3061 2075 3132; x_wconf 84' lang='lat' dir='ltr'><strong>gentia;</strong></span> <span class='ocrx_word' id='word_1_569' title='bbox 2101 3069 2154 3114; x_wconf 89' lang='lat' dir='ltr'><strong>et</strong></span> <span class='ocrx_word' id='word_1_570' title='bbox 2197 3058 2342 3114; x_wconf 90' lang='lat' dir='ltr'><strong>aliud</strong></span> <span class='ocrx_word' id='word_1_571' title='bbox 2389 3057 2679 3128; x_wconf 89' lang='lat' dir='ltr'><strong>propensio</strong></span> <span class='ocrx_word' id='word_1_572' title='bbox 2737 3057 2898 3122; x_wconf 92' lang='lat' dir='ltr'><strong>mala,</strong></span> <span class='ocrx_word' id='word_1_573' title='bbox 2934 3055 3080 3110; x_wconf 90' lang='lat' dir='ltr'><strong>aliud</strong></span> <span class='ocrx_word' id='word_1_574' title='bbox 3110 3070 3291 3111; x_wconf 91' lang='lat' dir='ltr'><strong>casus.</strong></span> <span class='ocrx_word' id='word_1_575' title='bbox 3319 3053 3425 3120; x_wconf 81' lang='lat' dir='ltr'><strong>Qui</strong></span> 
     </span>
    </p>
   </div>
   <div class='ocr_carea' id='block_1_77' title="bbox 1866 3149 3426 3224">
    <p class='ocr_par' dir='ltr' id='par_1_77' title="bbox 1866 3149 3426 3224">
     <span class='ocr_line' id='line_1_77' title="bbox 1866 3149 3426 3224; baseline -0.003 -16"><span class='ocrx_word' id='word_1_576' title='bbox 1866 3164 2043 3224; x_wconf 90' lang='lat' dir='ltr'><strong>potest</strong></span> <span class='ocrx_word' id='word_1_577' title='bbox 2071 3155 2126 3207; x_wconf 87' lang='lat' dir='ltr'><strong>in</strong></span> <span class='ocrx_word' id='word_1_578' title='bbox 2162 3151 2392 3206; x_wconf 89' lang='lat' dir='ltr'><strong>Domino</strong></span> <span class='ocrx_word' id='word_1_579' title='bbox 2418 3165 2684 3220; x_wconf 66' lang='lat' dir='ltr'><strong>quazrere,</strong></span> <span class='ocrx_word' id='word_1_580' title='bbox 2713 3163 2919 3220; x_wconf 77' lang='lat' dir='ltr'><strong>Quaerat</strong></span> <span class='ocrx_word' id='word_1_581' title='bbox 2941 3157 3142 3218; x_wconf 81' lang='lat' dir='ltr'><strong>aperte.</strong></span> <span class='ocrx_word' id='word_1_582' title='bbox 3170 3149 3309 3203; x_wconf 89' lang='lat' dir='ltr'><strong>Sunt</strong></span> <span class='ocrx_word' id='word_1_583' title='bbox 3331 3149 3426 3218; x_wconf 89' lang='lat' dir='ltr'><strong>qui</strong></span> 
     </span>
    </p>
   </div>
   <div class='ocr_carea' id='block_1_78' title="bbox 1359 3238 3024 3333">
    <p class='ocr_par' dir='ltr' id='par_1_78' title="bbox 1359 3238 3017 3333">
     <span class='ocr_line' id='line_1_78' title="bbox 1359 3238 3017 3333; baseline -0.012 -23"><span class='ocrx_word' id='word_1_584' title='bbox 1359 3238 1418 3325; x_wconf 62' lang='grc' dir='ltr'><strong>ἐξ,</strong></span> <span class='ocrx_word' id='word_1_585' title='bbox 1449 3238 1621 3333; x_wconf 58' lang='grc' dir='ltr'>ποίοιξ</span> <span class='ocrx_word' id='word_1_586' title='bbox 1645 3238 1761 3325; x_wconf 46' lang='lat' dir='ltr'><strong>sui;</strong></span> <span class='ocrx_word' id='word_1_587' title='bbox 1789 3260 1834 3319; x_wconf 74' lang='grc' dir='ltr'><em>ς</em></span> <span class='ocrx_word' id='word_1_588' title='bbox 1866 3244 2091 3318; x_wconf 84' lang='lat' dir='ltr'><strong>gratiam</strong></span> <span class='ocrx_word' id='word_1_589' title='bbox 2148 3242 2394 3313; x_wconf 90' lang='lat' dir='ltr'><strong>patrandi</strong></span> <span class='ocrx_word' id='word_1_590' title='bbox 2448 3241 2731 3306; x_wconf 87' lang='lat' dir='ltr'><strong>miracula,</strong></span> <span class='ocrx_word' id='word_1_591' title='bbox 2775 3247 2830 3294; x_wconf 85' lang='lat' dir='ltr'><strong>et</strong></span> <span class='ocrx_word' id='word_1_592' title='bbox 2878 3253 2940 3293; x_wconf 90' lang='lat' dir='ltr'><strong>ea</strong></span> <span class='ocrx_word' id='word_1_593' title='bbox 2983 3254 3017 3308; x_wconf 91' lang='lat' dir='ltr'><strong>q</strong></span> 
     </span>
    </p>
   </div>
   <div class='ocr_carea' id='block_1_79' title="bbox 1760 3238 3425 3333">
    <p class='ocr_par' dir='ltr' id='par_1_79' title="bbox 1760 3238 3425 3319">
     <span class='ocr_line' id='line_1_79' title="bbox 1760 3238 3425 3319; baseline -0.003 -20"><span class='ocrx_word' id='word_1_594' title='bbox 1760 3260 1834 3319; x_wconf 31' lang='grc' dir='ltr'>ης</span> <span class='ocrx_word' id='word_1_595' title='bbox 1866 3244 2091 3318; x_wconf 82' lang='lat' dir='ltr'><strong>gratiam</strong></span> <span class='ocrx_word' id='word_1_596' title='bbox 2148 3242 2394 3313; x_wconf 90' lang='lat' dir='ltr'><strong>patrandi</strong></span> <span class='ocrx_word' id='word_1_597' title='bbox 2448 3241 2731 3306; x_wconf 87' lang='lat' dir='ltr'><strong>miracula,</strong></span> <span class='ocrx_word' id='word_1_598' title='bbox 2775 3247 2830 3294; x_wconf 85' lang='lat' dir='ltr'><strong>et</strong></span> <span class='ocrx_word' id='word_1_599' title='bbox 2878 3253 2940 3293; x_wconf 90' lang='lat' dir='ltr'><strong>ea</strong></span> <span class='ocrx_word' id='word_1_600' title='bbox 2983 3253 3107 3308; x_wconf 62' lang='lat' dir='ltr'><strong>qua:</strong></span> <span class='ocrx_word' id='word_1_601' title='bbox 3157 3239 3209 3292; x_wconf 92' lang='lat' dir='ltr'><strong>in</strong></span> <span class='ocrx_word' id='word_1_602' title='bbox 3251 3238 3425 3294; x_wconf 89' lang='lat' dir='ltr'><strong>oculis</strong></span> 
     </span>
    </p>
   </div>
   <div class='ocr_carea' id='block_1_80' title="bbox 1864 3329 3428 3393">
    <p class='ocr_par' dir='ltr' id='par_1_80' title="bbox 1864 3329 3428 3393">
     <span class='ocr_line' id='line_1_80' title="bbox 1864 3329 3428 3393; baseline -0.004 -1"><span class='ocrx_word' id='word_1_603' title='bbox 1864 3337 2144 3393; x_wconf 85' lang='lat' dir='ltr'><strong>hominum</strong></span> <span class='ocrx_word' id='word_1_604' title='bbox 2194 3342 2481 3388; x_wconf 83' lang='lat' dir='ltr'><strong>versantur</strong></span> <span class='ocrx_word' id='word_1_605' title='bbox 2528 3332 2669 3386; x_wconf 87' lang='lat' dir='ltr'><strong>dona</strong></span> <span class='ocrx_word' id='word_1_606' title='bbox 2731 3330 2972 3385; x_wconf 69' lang='lat' dir='ltr'><strong>cmlestia</strong></span> <span class='ocrx_word' id='word_1_607' title='bbox 3032 3329 3337 3384; x_wconf 90' lang='lat' dir='ltr'><strong>mirantur:</strong></span> <span class='ocrx_word' id='word_1_608' title='bbox 3371 3339 3428 3385; x_wconf 77' lang='lat' dir='ltr'><strong>et</strong></span> 
     </span>
    </p>
   </div>
   <div class='ocr_carea' id='block_1_81' title="bbox 1863 3421 3425 3496">
    <p class='ocr_par' dir='ltr' id='par_1_81' title="bbox 1863 3421 3425 3496">
     <span class='ocr_line' id='line_1_81' title="bbox 1863 3421 3425 3496; baseline -0.004 -14"><span class='ocrx_word' id='word_1_609' title='bbox 1863 3442 2024 3496; x_wconf 87' lang='lat' dir='ltr'><strong>super</strong></span> <span class='ocrx_word' id='word_1_610' title='bbox 2075 3425 2256 3480; x_wconf 89' lang='lat' dir='ltr'><strong>omnia</strong></span> <span class='ocrx_word' id='word_1_611' title='bbox 2305 3424 2575 3478; x_wconf 86' lang='lat' dir='ltr'><strong>extollunt</strong></span> <span class='ocrx_word' id='word_1_612' title='bbox 2617 3437 2682 3476; x_wconf 85' lang='lat' dir='ltr'><strong>ac</strong></span> <span class='ocrx_word' id='word_1_613' title='bbox 2728 3423 2883 3476; x_wconf 77' lang='lat' dir='ltr'><strong>licata</strong></span> <span class='ocrx_word' id='word_1_614' title='bbox 2933 3421 3253 3491; x_wconf 83' lang='lat' dir='ltr'><strong>praedicant,</strong></span> <span class='ocrx_word' id='word_1_615' title='bbox 3297 3435 3425 3476; x_wconf 90' lang='lat' dir='ltr'><strong>cum</strong></span> 
     </span>
    </p>
   </div>
   <div class='ocr_carea' id='block_1_82' title="bbox 1861 3513 3424 3591">
    <p class='ocr_par' dir='ltr' id='par_1_82' title="bbox 1861 3513 3424 3591">
     <span class='ocr_line' id='line_1_82' title="bbox 1861 3513 3424 3591; baseline -0.008 -15"><span class='ocrx_word' id='word_1_616' title='bbox 1861 3522 2112 3591; x_wconf 85' lang='lat' dir='ltr'><strong>ignorent</strong></span> <span class='ocrx_word' id='word_1_617' title='bbox 2139 3519 2310 3574; x_wconf 88' lang='lat' dir='ltr'><strong>multo</strong></span> <span class='ocrx_word' id='word_1_618' title='bbox 2347 3517 2433 3572; x_wconf 83' lang='lat' dir='ltr'><strong>liis</strong></span> <span class='ocrx_word' id='word_1_619' title='bbox 2470 3515 2848 3571; x_wconf 86' lang='lat' dir='ltr'><strong>excellentiora</strong></span> <span class='ocrx_word' id='word_1_620' title='bbox 2881 3522 2936 3569; x_wconf 89' lang='lat' dir='ltr'><strong>et</strong></span> <span class='ocrx_word' id='word_1_621' title='bbox 2975 3513 3252 3568; x_wconf 78' lang='lat' dir='ltr'><strong>recondita</strong></span> <span class='ocrx_word' id='word_1_622' title='bbox 3281 3528 3424 3580; x_wconf 84' lang='lat' dir='ltr'><strong>esse,</strong></span> 
     </span>
    </p>
   </div>
   <div class='ocr_carea' id='block_1_83' title="bbox 1861 3608 3426 3686">
    <p class='ocr_par' dir='ltr' id='par_1_83' title="bbox 1861 3608 3426 3686">
     <span class='ocr_line' id='line_1_83' title="bbox 1861 3608 3426 3686; baseline -0.003 -17"><span class='ocrx_word' id='word_1_623' title='bbox 1861 3632 1982 3686; x_wconf 69' lang='lat' dir='ltr'><strong>qua:</strong></span> <span class='ocrx_word' id='word_1_624' title='bbox 2006 3622 2288 3685; x_wconf 86' lang='lat' dir='ltr'><strong>propterea</strong></span> <span class='ocrx_word' id='word_1_625' title='bbox 2313 3622 2462 3666; x_wconf 91' lang='lat' dir='ltr'><strong>extra</strong></span> <span class='ocrx_word' id='word_1_626' title='bbox 2494 3610 2794 3682; x_wconf 88' lang='lat' dir='ltr'><strong>periculum</strong></span> <span class='ocrx_word' id='word_1_627' title='bbox 2836 3625 2995 3665; x_wconf 85' lang='lat' dir='ltr'><strong>casus</strong></span> <span class='ocrx_word' id='word_1_628' title='bbox 3034 3620 3271 3664; x_wconf 89' lang='lat' dir='ltr'><strong>manent.</strong></span> <span class='ocrx_word' id='word_1_629' title='bbox 3321 3608 3426 3676; x_wconf 85' lang='lat' dir='ltr'><strong>Qui</strong></span> 
     </span>
    </p>
   </div>
   <div class='ocr_carea' id='block_1_84' title="bbox 1861 3701 3425 3778">
    <p class='ocr_par' dir='ltr' id='par_1_84' title="bbox 1861 3701 3425 3778">
     <span class='ocr_line' id='line_1_84' title="bbox 1861 3701 3425 3778; baseline -0.004 -17"><span class='ocrx_word' id='word_1_630' title='bbox 1861 3705 2097 3778; x_wconf 81' lang='lat' dir='ltr'><strong>perfecte</strong></span> <span class='ocrx_word' id='word_1_631' title='bbox 2124 3714 2382 3775; x_wconf 86' lang='lat' dir='ltr'><strong>purgatus</strong></span> <span class='ocrx_word' id='word_1_632' title='bbox 2407 3713 2512 3768; x_wconf 89' lang='lat' dir='ltr'><strong>est,</strong></span> <span class='ocrx_word' id='word_1_633' title='bbox 2548 3703 2719 3769; x_wconf 87' lang='lat' dir='ltr'><strong>ipsam</strong></span> <span class='ocrx_word' id='word_1_634' title='bbox 2759 3701 2984 3756; x_wconf 88' lang='lat' dir='ltr'><strong>alterius</strong></span> <span class='ocrx_word' id='word_1_635' title='bbox 3022 3703 3260 3754; x_wconf 89' lang='lat' dir='ltr'><strong>animam</strong></span> <span class='ocrx_word' id='word_1_636' title='bbox 3301 3701 3425 3772; x_wconf 85' lang='lat' dir='ltr'><strong>(etsi</strong></span> 
     </span>
    </p>
   </div>
   <div class='ocr_carea' id='block_1_85' title="bbox 1864 3788 3425 3868">
    <p class='ocr_par' dir='ltr' id='par_1_85' title="bbox 1864 3788 3425 3868">
     <span class='ocr_line' id='line_1_85' title="bbox 1864 3788 3425 3868; baseline -0.006 -12"><span class='ocrx_word' id='word_1_637' title='bbox 1864 3788 1975 3856; x_wconf 87' lang='lat' dir='ltr'><strong>non</strong></span> <span class='ocrx_word' id='word_1_638' title='bbox 1995 3799 2169 3868; x_wconf 90' lang='lat' dir='ltr'><strong>ipsam</strong></span> <span class='ocrx_word' id='word_1_639' title='bbox 2196 3794 2432 3866; x_wconf 90' lang='lat' dir='ltr'><strong>penitus)</strong></span> <span class='ocrx_word' id='word_1_640' title='bbox 2460 3794 2624 3860; x_wconf 89' lang='lat' dir='ltr'><strong>videt,</strong></span> <span class='ocrx_word' id='word_1_641' title='bbox 2659 3793 2937 3864; x_wconf 89' lang='lat' dir='ltr'><strong>quomodo</strong></span> <span class='ocrx_word' id='word_1_642' title='bbox 2959 3791 3148 3847; x_wconf 76' lang='lat' dir='ltr'><strong>affecta</strong></span> <span class='ocrx_word' id='word_1_643' title='bbox 3201 3794 3290 3848; x_wconf 89' lang='lat' dir='ltr'><strong>sit.</strong></span> <span class='ocrx_word' id='word_1_644' title='bbox 3320 3791 3425 3858; x_wconf 87' lang='lat' dir='ltr'><strong>Qui</strong></span> 
     </span>
    </p>
   </div>
   <div class='ocr_carea' id='block_1_86' title="bbox 1862 3887 3427 3956">
    <p class='ocr_par' dir='ltr' id='par_1_86' title="bbox 1862 3887 3427 3956">
     <span class='ocr_line' id='line_1_86' title="bbox 1862 3887 3427 3956; baseline -0.004 -10"><span class='ocrx_word' id='word_1_645' title='bbox 1862 3903 2040 3947; x_wconf 90' lang='lat' dir='ltr'><strong>autem</strong></span> <span class='ocrx_word' id='word_1_646' title='bbox 2084 3890 2262 3944; x_wconf 88' lang='lat' dir='ltr'><strong>adhuc</strong></span> <span class='ocrx_word' id='word_1_647' title='bbox 2305 3889 2444 3943; x_wconf 91' lang='lat' dir='ltr'><strong>inter</strong></span> <span class='ocrx_word' id='word_1_648' title='bbox 2487 3887 2829 3956; x_wconf 73' lang='lat' dir='ltr'><strong>proficientes</strong></span> <span class='ocrx_word' id='word_1_649' title='bbox 2857 3893 2969 3953; x_wconf 86' lang='lat' dir='ltr'><strong>est,</strong></span> <span class='ocrx_word' id='word_1_650' title='bbox 3015 3900 3112 3955; x_wconf 90' lang='lat' dir='ltr'><strong>per</strong></span> <span class='ocrx_word' id='word_1_651' title='bbox 3135 3900 3334 3954; x_wconf 90' lang='lat' dir='ltr'><strong>corpus</strong></span> <span class='ocrx_word' id='word_1_652' title='bbox 3363 3891 3427 3940; x_wconf 87' lang='lat' dir='ltr'><strong>de</strong></span> 
     </span>
    </p>
   </div>
   <div class='ocr_carea' id='block_1_87' title="bbox 1861 3978 3424 4052">
    <p class='ocr_par' dir='ltr' id='par_1_87' title="bbox 1861 3978 3424 4052">
     <span class='ocr_line' id='line_1_87' title="bbox 1861 3978 3424 4052; baseline -0.007 -12"><span class='ocrx_word' id='word_1_653' title='bbox 1861 3987 2041 4040; x_wconf 85' lang='lat' dir='ltr'><strong>anima</strong></span> <span class='ocrx_word' id='word_1_654' title='bbox 2071 3983 2436 4052; x_wconf 91' lang='lat' dir='ltr'><strong>conjecturam</strong></span> <span class='ocrx_word' id='word_1_655' title='bbox 2486 3980 2633 4036; x_wconf 89' lang='lat' dir='ltr'><strong>facit.</strong></span> <span class='ocrx_word' id='word_1_656' title='bbox 2670 3978 2879 4034; x_wconf 90' lang='lat' dir='ltr'><strong>Parvus</strong></span> <span class='ocrx_word' id='word_1_657' title='bbox 2916 3979 3057 4048; x_wconf 83' lang='lat' dir='ltr'><strong>ignis</strong></span> <span class='ocrx_word' id='word_1_658' title='bbox 3082 3993 3224 4048; x_wconf 68' lang='lat' dir='ltr'><strong>saepe</strong></span> <span class='ocrx_word' id='word_1_659' title='bbox 3256 3987 3424 4033; x_wconf 85' lang='lat' dir='ltr'><strong>totam</strong></span> 
     </span>
    </p>
   </div>
   <div class='ocr_carea' id='block_1_88' title="bbox 1861 4071 3427 4143">
    <p class='ocr_par' dir='ltr' id='par_1_88' title="bbox 1861 4071 3427 4143">
     <span class='ocr_line' id='line_1_88' title="bbox 1861 4071 3427 4143; baseline -0.005 -10"><span class='ocrx_word' id='word_1_660' title='bbox 1861 4080 2052 4134; x_wconf 89' lang='lat' dir='ltr'><strong>silvam</strong></span> <span class='ocrx_word' id='word_1_661' title='bbox 2083 4075 2321 4132; x_wconf 83' lang='lat' dir='ltr'><strong>absumit</strong></span> <span class='ocrx_word' id='word_1_662' title='bbox 2363 4082 2420 4129; x_wconf 90' lang='lat' dir='ltr'><strong>et</strong></span> <span class='ocrx_word' id='word_1_663' title='bbox 2459 4081 2745 4143; x_wconf 86' lang='lat' dir='ltr'><strong>repurgat,</strong></span> <span class='ocrx_word' id='word_1_664' title='bbox 2779 4071 2938 4142; x_wconf 80' lang='lat'><strong>353</strong></span> <span class='ocrx_word' id='word_1_665' title='bbox 2985 4080 3042 4126; x_wconf 84' lang='lat' dir='ltr'><strong>et</strong></span> <span class='ocrx_word' id='word_1_666' title='bbox 3079 4085 3244 4142; x_wconf 90' lang='lat' dir='ltr'><strong>parva</strong></span> <span class='ocrx_word' id='word_1_667' title='bbox 3289 4072 3427 4125; x_wconf 91' lang='lat' dir='ltr'><strong>rima</strong></span> 
     </span>
    </p>
   </div>
   <div class='ocr_carea' id='block_1_89' title="bbox 1864 4161 3430 4232">
    <p class='ocr_par' dir='ltr' id='par_1_89' title="bbox 1864 4161 3430 4232">
     <span class='ocr_line' id='line_1_89' title="bbox 1864 4161 3430 4232; baseline -0.006 -7"><span class='ocrx_word' id='word_1_668' title='bbox 1864 4172 2188 4226; x_wconf 87' lang='lat' dir='ltr'><strong>universum</strong></span> <span class='ocrx_word' id='word_1_669' title='bbox 2216 4168 2467 4223; x_wconf 88' lang='lat' dir='ltr'><strong>laborum</strong></span> <span class='ocrx_word' id='word_1_670' title='bbox 2513 4167 2745 4220; x_wconf 90' lang='lat' dir='ltr'><strong>fructum</strong></span> <span class='ocrx_word' id='word_1_671' title='bbox 2791 4165 3110 4232; x_wconf 90' lang='lat' dir='ltr'><strong>corrumpit.</strong></span> <span class='ocrx_word' id='word_1_672' title='bbox 3153 4161 3252 4218; x_wconf 89' lang='lat' dir='ltr'><strong>Est</strong></span> <span class='ocrx_word' id='word_1_673' title='bbox 3280 4178 3430 4232; x_wconf 68' lang='lat' dir='ltr'><strong>quaa-</strong></span> 
     </span>
    </p>
   </div>
   <div class='ocr_carea' id='block_1_90' title="bbox 1861 4255 3430 4329">
    <p class='ocr_par' dir='ltr' id='par_1_90' title="bbox 1861 4255 3430 4329">
     <span class='ocr_line' id='line_1_90' title="bbox 1861 4255 3430 4329; baseline -0.005 -13"><span class='ocrx_word' id='word_1_674' title='bbox 1861 4263 1984 4316; x_wconf 85' lang='lat' dir='ltr'><strong>datu</strong></span> <span class='ocrx_word' id='word_1_675' title='bbox 2016 4261 2254 4329; x_wconf 86' lang='lat' dir='ltr'><strong>requies,</strong></span> <span class='ocrx_word' id='word_1_676' title='bbox 2281 4272 2403 4328; x_wconf 69' lang='lat' dir='ltr'><strong>qua:</strong></span> <span class='ocrx_word' id='word_1_677' title='bbox 2421 4272 2520 4327; x_wconf 90' lang='lat' dir='ltr'><strong>per</strong></span> <span class='ocrx_word' id='word_1_678' title='bbox 2541 4257 2814 4312; x_wconf 81' lang='lat' dir='ltr'><strong>inimicam</strong></span> <span class='ocrx_word' id='word_1_679' title='bbox 2842 4269 3060 4310; x_wconf 88' lang='lat' dir='ltr'><strong>carnem</strong></span> <span class='ocrx_word' id='word_1_680' title='bbox 3085 4255 3196 4309; x_wconf 93' lang='lat' dir='ltr'><strong>vim</strong></span> <span class='ocrx_word' id='word_1_681' title='bbox 3229 4255 3430 4308; x_wconf 87' lang='lat' dir='ltr'><strong>mentis</strong></span> 
     </span>
    </p>
   </div>
   <div class='ocr_carea' id='block_1_91' title="bbox 1861 4344 3424 4416">
    <p class='ocr_par' dir='ltr' id='par_1_91' title="bbox 1861 4344 3424 4416">
     <span class='ocr_line' id='line_1_91' title="bbox 1861 4344 3424 4416; baseline -0.006 -9"><span class='ocrx_word' id='word_1_682' title='bbox 1861 4351 2179 4416; x_wconf 77' lang='lat' dir='ltr'><strong>exsuscitat,</strong></span> <span class='ocrx_word' id='word_1_683' title='bbox 2213 4359 2266 4404; x_wconf 92' lang='lat' dir='ltr'><strong>et</strong></span> <span class='ocrx_word' id='word_1_684' title='bbox 2303 4347 2552 4403; x_wconf 86' lang='lat' dir='ltr'><strong>ardorem</strong></span> <span class='ocrx_word' id='word_1_685' title='bbox 2603 4357 2783 4401; x_wconf 89' lang='lat' dir='ltr'><strong>tamen</strong></span> <span class='ocrx_word' id='word_1_686' title='bbox 2827 4346 3011 4400; x_wconf 90' lang='lat' dir='ltr'><strong>carnis</strong></span> <span class='ocrx_word' id='word_1_687' title='bbox 3055 4360 3160 4399; x_wconf 93' lang='lat' dir='ltr'><strong>non</strong></span> <span class='ocrx_word' id='word_1_688' title='bbox 3205 4344 3424 4399; x_wconf 79' lang='lat' dir='ltr'><strong>excitat.</strong></span> 
     </span>
    </p>
   </div>
   <div class='ocr_carea' id='block_1_92' title="bbox 1861 4437 3426 4513">
    <p class='ocr_par' dir='ltr' id='par_1_92' title="bbox 1861 4437 3426 4513">
     <span class='ocr_line' id='line_1_92' title="bbox 1861 4437 3426 4513; baseline -0.004 -16"><span class='ocrx_word' id='word_1_689' title='bbox 1861 4443 1928 4497; x_wconf 87' lang='lat' dir='ltr'><strong>Et</strong></span> <span class='ocrx_word' id='word_1_690' title='bbox 1961 4457 2154 4513; x_wconf 89' lang='lat' dir='ltr'><strong>magna</strong></span> <span class='ocrx_word' id='word_1_691' title='bbox 2183 4441 2509 4511; x_wconf 87' lang='lat' dir='ltr'><strong>quandoque</strong></span> <span class='ocrx_word' id='word_1_692' title='bbox 2543 4440 2788 4508; x_wconf 89' lang='lat' dir='ltr'><strong>corporis</strong></span> <span class='ocrx_word' id='word_1_693' title='bbox 2819 4437 3037 4493; x_wconf 81' lang='lat' dir='ltr'><strong>vexatio</strong></span> <span class='ocrx_word' id='word_1_694' title='bbox 3062 4437 3426 4492; x_wconf 88' lang='lat' dir='ltr'><strong>nihilominus</strong></span> 
     </span>
    </p>
   </div>
   <div class='ocr_carea' id='block_1_93' title="bbox 1862 4528 3428 4596">
    <p class='ocr_par' dir='ltr' id='par_1_93' title="bbox 1862 4528 3428 4596">
     <span class='ocr_line' id='line_1_93' title="bbox 1862 4528 3428 4596; baseline -0.004 -7"><span class='ocrx_word' id='word_1_695' title='bbox 1862 4537 2088 4592; x_wconf 87' lang='lat' dir='ltr'><strong>fortasse</strong></span> <span class='ocrx_word' id='word_1_696' title='bbox 2132 4541 2312 4589; x_wconf 88' lang='lat' dir='ltr'><strong>motus</strong></span> <span class='ocrx_word' id='word_1_697' title='bbox 2368 4530 2550 4587; x_wconf 88' lang='lat' dir='ltr'><strong>carnis</strong></span> <span class='ocrx_word' id='word_1_698' title='bbox 2600 4539 2874 4592; x_wconf 90' lang='lat' dir='ltr'><strong>causatur,</strong></span> <span class='ocrx_word' id='word_1_699' title='bbox 2927 4545 2988 4582; x_wconf 73' lang='lat' dir='ltr'><strong>ne</strong></span> <span class='ocrx_word' id='word_1_700' title='bbox 3021 4528 3077 4582; x_wconf 79' lang='lat' dir='ltr'><strong>in</strong></span> <span class='ocrx_word' id='word_1_701' title='bbox 3105 4529 3257 4582; x_wconf 86' lang='lat' dir='ltr'><strong>nobis</strong></span> <span class='ocrx_word' id='word_1_702' title='bbox 3296 4529 3428 4596; x_wconf 80' lang='lat' dir='ltr'><strong>ipsis</strong></span> 
     </span>
    </p>
   </div>
   <div class='ocr_carea' id='block_1_94' title="bbox 191 4605 1856 4709">
    <p class='ocr_par' dir='ltr' id='par_1_94' title="bbox 191 4605 1834 4709">
     <span class='ocr_line' id='line_1_94' title="bbox 191 4605 1834 4709; baseline 0.002 -21"><span class='ocrx_word' id='word_1_703' title='bbox 191 4634 321 4688; x_wconf 84' lang='grc' dir='ltr'>ὅθεν</span> <span class='ocrx_word' id='word_1_704' title='bbox 355 4636 448 4687; x_wconf 77' lang='grc' dir='ltr'>καὶ</span> <span class='ocrx_word' id='word_1_705' title='bbox 478 4605 742 4704; x_wconf 72' lang='grc' dir='ltr'>ἐμπαθεῖς</span> <span class='ocrx_word' id='word_1_706' title='bbox 766 4605 1027 4701; x_wconf 72' lang='grc' dir='ltr'>πολλάκις</span> <span class='ocrx_word' id='word_1_707' title='bbox 1046 4637 1115 4692; x_wconf 82' lang='grc' dir='ltr'><strong>τά</strong></span> <span class='ocrx_word' id='word_1_708' title='bbox 1143 4605 1199 4690; x_wconf 71' lang='grc' dir='ltr'><strong>ἐν</strong></span> <span class='ocrx_word' id='word_1_709' title='bbox 1224 4605 1438 4709; x_wconf 33' lang='grc' dir='ltr'>ἑτέρα-ις</span> <span class='ocrx_word' id='word_1_710' title='bbox 1471 4605 1670 4707; x_wconf 61' lang='grc' dir='ltr'>ψύχαίς</span> <span class='ocrx_word' id='word_1_711' title='bbox 1700 4636 1758 4702; x_wconf 79' lang='grc' dir='ltr'>ἐξ</span> <span class='ocrx_word' id='word_1_712' title='bbox 1789 4605 1834 4661; x_wconf 74' lang='lat' dir='ltr'><strong>D</strong></span> 
     </span>
    </p>
   </div>
   <div class='ocr_carea' id='block_1_95' title="bbox 1761 4605 3426 4709">
    <p class='ocr_par' dir='ltr' id='par_1_95' title="bbox 1789 4605 3426 4699">
     <span class='ocr_line' id='line_1_95' title="bbox 1789 4605 3426 4699; baseline -0.007 -14"><span class='ocrx_word' id='word_1_713' title='bbox 1789 4605 1834 4661; x_wconf 68' lang='grc' dir='ltr'><strong>θ</strong></span> <span class='ocrx_word' id='word_1_714' title='bbox 1861 4629 2177 4699; x_wconf 80' lang='lat' dir='ltr'><strong>conﬁdentes</strong></span> <span class='ocrx_word' id='word_1_715' title='bbox 2205 4630 2369 4682; x_wconf 80' lang='lat' dir='ltr'><strong>simus</strong></span> <span class='ocrx_word' id='word_1_716' title='bbox 2401 4627 2468 4692; x_wconf 66' lang='grc' dir='ltr'><strong>δ’,</strong></span> <span class='ocrx_word' id='word_1_717' title='bbox 2513 4625 2606 4680; x_wconf 87' lang='lat' dir='ltr'><strong>sed</strong></span> <span class='ocrx_word' id='word_1_718' title='bbox 2639 4625 2692 4679; x_wconf 92' lang='lat' dir='ltr'><strong>in</strong></span> <span class='ocrx_word' id='word_1_719' title='bbox 2718 4640 2784 4679; x_wconf 92' lang='lat' dir='ltr'><strong>eo</strong></span> <span class='ocrx_word' id='word_1_720' title='bbox 2813 4623 2906 4692; x_wconf 89' lang='lat' dir='ltr'><strong>qui</strong></span> <span class='ocrx_word' id='word_1_721' title='bbox 2940 4624 3204 4678; x_wconf 86' lang='lat' dir='ltr'><strong>viventem</strong></span> <span class='ocrx_word' id='word_1_722' title='bbox 3245 4623 3426 4676; x_wconf 82' lang='lat' dir='ltr'><strong>carnis</strong></span> 
     </span>
    </p>
   </div>
   <div class='ocr_carea' id='block_1_96' title="bbox 192 4727 1759 4800">
    <p class='ocr_par' dir='ltr' id='par_1_96' title="bbox 192 4727 1759 4800">
     <span class='ocr_line' id='line_1_96' title="bbox 192 4727 1759 4800; baseline 0.003 -22"><span class='ocrx_word' id='word_1_723' title='bbox 192 4727 417 4796; x_wconf 84' lang='grc' dir='ltr'>ἀγάπης</span> <span class='ocrx_word' id='word_1_724' title='bbox 445 4727 644 4798; x_wconf 79' lang='grc' dir='ltr'>πολλῆς</span> <span class='ocrx_word' id='word_1_725' title='bbox 674 4728 774 4798; x_wconf 81' lang='grc' dir='ltr'><strong>τῆς</strong></span> <span class='ocrx_word' id='word_1_726' title='bbox 799 4729 935 4800; x_wconf 79' lang='grc' dir='ltr'>πρὸς</span> <span class='ocrx_word' id='word_1_727' title='bbox 963 4731 1132 4793; x_wconf 74' lang='grc' dir='ltr'>αὑτὰς</span> <span class='ocrx_word' id='word_1_728' title='bbox 1160 4731 1404 4799; x_wconf 84' lang='grc' dir='ltr'>νοήματα</span> <span class='ocrx_word' id='word_1_729' title='bbox 1455 4728 1759 4796; x_wconf 77' lang='grc' dir='ltr'>ἐπιγνῶναι</span> 
     </span>
    </p>
   </div>
   <div class='ocr_carea' id='block_1_97' title="bbox 189 4819 1762 4891">
    <p class='ocr_par' dir='ltr' id='par_1_97' title="bbox 189 4819 1762 4891">
     <span class='ocr_line' id='line_1_97' title="bbox 189 4819 1762 4891; baseline 0.002 -21"><span class='ocrx_word' id='word_1_730' title='bbox 189 4819 577 4889; x_wconf 75' lang='grc' dir='ltr'>ἠδυνήθησανο</span> <span class='ocrx_word' id='word_1_731' title='bbox 632 4820 726 4873; x_wconf 73' lang='grc' dir='ltr'>καὶ</span> <span class='ocrx_word' id='word_1_732' title='bbox 757 4820 992 4890; x_wconf 80' lang='grc' dir='ltr'>μάλιστα</span> <span class='ocrx_word' id='word_1_733' title='bbox 1044 4821 1130 4874; x_wconf 81' lang='grc' dir='ltr'>ὅτε</span> <span class='ocrx_word' id='word_1_734' title='bbox 1183 4819 1287 4874; x_wconf 78' lang='grc' dir='ltr'>ὑπὸ</span> <span class='ocrx_word' id='word_1_735' title='bbox 1334 4821 1434 4890; x_wconf 85' lang='grc' dir='ltr'><strong>τῆς</strong></span> <span class='ocrx_word' id='word_1_736' title='bbox 1481 4819 1652 4890; x_wconf 85' lang='grc' dir='ltr'>πηλοῦ</span> <span class='ocrx_word' id='word_1_737' title='bbox 1685 4819 1762 4891; x_wconf 82' lang='grc' dir='ltr'>μὴ</span> 
     </span>
    </p>
   </div>
   <div class='ocr_carea' id='block_1_98' title="bbox 191 4906 1760 4980">
    <p class='ocr_par' dir='ltr' id='par_1_98' title="bbox 191 4906 1760 4980">
     <span class='ocr_line' id='line_1_98' title="bbox 191 4906 1760 4980; baseline -0.002 -18"><span class='ocrx_word' id='word_1_738' title='bbox 191 4909 685 4972; x_wconf 79' lang='grc' dir='ltr'>καταποντίζονται</span> <span class='ocrx_word' id='word_1_739' title='bbox 760 4908 1122 4980; x_wconf 83' lang='grc' dir='ltr'>ρυπούμενοι·</span> <span class='ocrx_word' id='word_1_740' title='bbox 1165 4912 1213 4963; x_wconf 79' lang='grc' dir='ltr'><strong>εί</strong></span> <span class='ocrx_word' id='word_1_741' title='bbox 1283 4907 1433 4962; x_wconf 75' lang='grc' dir='ltr'>οὐδὲν</span> <span class='ocrx_word' id='word_1_742' title='bbox 1487 4906 1566 4978; x_wconf 82' lang='grc' dir='ltr'>τῷ</span> <span class='ocrx_word' id='word_1_743' title='bbox 1610 4907 1760 4979; x_wconf 77' lang='grc' dir='ltr'>ἀδλῳ</span> 
     </span>
    </p>
   </div>
   <div class='ocr_carea' id='block_1_99' title="bbox 192 4997 1759 5069">
    <p class='ocr_par' dir='ltr' id='par_1_99' title="bbox 192 4997 1759 5069">
     <span class='ocr_line' id='line_1_99' title="bbox 192 4997 1759 5069; baseline -0.001 -17"><span class='ocrx_word' id='word_1_744' title='bbox 192 5000 361 5067; x_wconf 80' lang='grc' dir='ltr'>φύσει</span> <span class='ocrx_word' id='word_1_745' title='bbox 385 4998 460 5060; x_wconf 82' lang='grc' dir='ltr'>ὡς</span> <span class='ocrx_word' id='word_1_746' title='bbox 483 5000 542 5051; x_wconf 83' lang='grc' dir='ltr'>τὺ</span> <span class='ocrx_word' id='word_1_747' title='bbox 563 4999 744 5052; x_wconf 83' lang='grc' dir='ltr'>ἐνυλον</span> <span class='ocrx_word' id='word_1_748' title='bbox 771 4999 1102 5069; x_wconf 83' lang='grc' dir='ltr'>ἀνθέστηκεν</span> <span class='ocrx_word' id='word_1_749' title='bbox 1119 5001 1232 5069; x_wconf 85' lang='lat'><strong>(76)</strong></span> <span class='ocrx_word' id='word_1_750' title='bbox 1258 5016 1273 5031; x_wconf 84' lang='lat'><strong><em>°</em></strong></span> <span class='ocrx_word' id='word_1_751' title='bbox 1304 5003 1333 5053; x_wconf 88' lang='grc' dir='ltr'>ὁ</span> <span class='ocrx_word' id='word_1_752' title='bbox 1368 4997 1759 5068; x_wconf 85' lang='grc' dir='ltr'>ἀναγινώσκων</span> 
     </span>
    </p>
   </div>
   <div class='ocr_carea' id='block_1_100' title="bbox 188 5089 1758 5162">
    <p class='ocr_par' dir='ltr' id='par_1_100' title="bbox 188 5089 1758 5162">
     <span class='ocr_line' id='line_1_100' title="bbox 188 5089 1758 5162; baseline -0.003 -16"><span class='ocrx_word' id='word_1_753' title='bbox 188 5090 386 5146; x_wconf 86' lang='grc' dir='ltr'>νοείτω</span> <span class='ocrx_word' id='word_1_754' title='bbox 408 5108 422 5123; x_wconf 88' lang='grc'><strong>·</strong></span> <span class='ocrx_word' id='word_1_755' title='bbox 455 5094 511 5144; x_wconf 80' lang='grc' dir='ltr'><strong>αἱ</strong></span> <span class='ocrx_word' id='word_1_756' title='bbox 541 5094 951 5162; x_wconf 81' lang='grc' dir='ltr'>παρατηρήσεις</span> <span class='ocrx_word' id='word_1_757' title='bbox 985 5094 1042 5143; x_wconf 87' lang='grc' dir='ltr'><strong>ἐν</strong></span> <span class='ocrx_word' id='word_1_758' title='bbox 1087 5093 1187 5162; x_wconf 83' lang='grc' dir='ltr'><strong>μὲν</strong></span> <span class='ocrx_word' id='word_1_759' title='bbox 1218 5093 1334 5154; x_wconf 85' lang='grc' dir='ltr'>τοῖς</span> <span class='ocrx_word' id='word_1_760' title='bbox 1368 5090 1507 5143; x_wconf 83' lang='grc' dir='ltr'><strong>κατά</strong></span> <span class='ocrx_word' id='word_1_761' title='bbox 1557 5089 1758 5160; x_wconf 81' lang='grc' dir='ltr'>κόσμον</span> 
     </span>
    </p>
   </div>
   <div class='ocr_carea' id='block_1_101' title="bbox 191 5178 1755 5253">
    <p class='ocr_par' dir='ltr' id='par_1_101' title="bbox 191 5178 1755 5253">
     <span class='ocr_line' id='line_1_101' title="bbox 191 5178 1755 5253; baseline -0.003 -18"><span class='ocrx_word' id='word_1_762' title='bbox 191 5183 564 5252; x_wconf 84' lang='grc' dir='ltr'>ἀνθεστήκασι</span> <span class='ocrx_word' id='word_1_763' title='bbox 595 5185 661 5253; x_wconf 79' lang='grc' dir='ltr'>τῇ</span> <span class='ocrx_word' id='word_1_764' title='bbox 713 5183 807 5236; x_wconf 79' lang='grc' dir='ltr'>τοῦ</span> <span class='ocrx_word' id='word_1_765' title='bbox 835 5181 971 5235; x_wconf 81' lang='grc' dir='ltr'>Θεοῦ</span> <span class='ocrx_word' id='word_1_766' title='bbox 1000 5182 1226 5252; x_wconf 80' lang='grc' dir='ltr'>προνοίᾳ</span> <span class='ocrx_word' id='word_1_767' title='bbox 1251 5197 1268 5213; x_wconf 81' lang='grc' dir='ltr'><strong>ο</strong></span> <span class='ocrx_word' id='word_1_768' title='bbox 1318 5182 1376 5234; x_wconf 79' lang='grc' dir='ltr'><strong>ἐν</strong></span> <span class='ocrx_word' id='word_1_769' title='bbox 1421 5181 1553 5250; x_wconf 83' lang='grc' dir='ltr'>ἡμῖν</span> <span class='ocrx_word' id='word_1_770' title='bbox 1602 5178 1658 5232; x_wconf 87' lang='grc' dir='ltr'>δὲ</span> <span class='ocrx_word' id='word_1_771' title='bbox 1687 5181 1755 5250; x_wconf 78' lang='grc' dir='ltr'>τῇ</span> 
     </span>
    </p>
   </div>
   <div class='ocr_carea' id='block_1_102' title="bbox 190 5269 1758 5345">
    <p class='ocr_par' dir='ltr' id='par_1_102' title="bbox 190 5269 1758 5345">
     <span class='ocr_line' id='line_1_102' title="bbox 190 5269 1758 5345; baseline -0.004 -17"><span class='ocrx_word' id='word_1_772' title='bbox 190 5275 362 5344; x_wconf 81' lang='grc' dir='ltr'>νοερᾷ</span> <span class='ocrx_word' id='word_1_773' title='bbox 400 5273 619 5340; x_wconf 76' lang='grc' dir='ltr'>γνώσει.</span> <span class='ocrx_word' id='word_1_774' title='bbox 658 5274 722 5327; x_wconf 82' lang='grc' dir='ltr'><strong>ΟΞ</strong></span> <span class='ocrx_word' id='word_1_775' title='bbox 752 5274 851 5343; x_wconf 82' lang='grc' dir='ltr'><strong>μὲν</strong></span> <span class='ocrx_word' id='word_1_776' title='bbox 882 5277 947 5345; x_wconf 74' lang='grc' dir='ltr'>τῇ</span> <span class='ocrx_word' id='word_1_777' title='bbox 972 5273 1118 5344; x_wconf 73' lang='grc' dir='ltr'><strong>ψυχῇ</strong></span> <span class='ocrx_word' id='word_1_778' title='bbox 1153 5273 1398 5336; x_wconf 83' lang='grc' dir='ltr'>ἀσθενεῖς</span> <span class='ocrx_word' id='word_1_779' title='bbox 1431 5273 1493 5324; x_wconf 92' lang='grc' dir='ltr'><strong>ἐκ</strong></span> <span class='ocrx_word' id='word_1_780' title='bbox 1524 5269 1631 5323; x_wconf 81' lang='grc' dir='ltr'><strong>τῶν</strong></span> <span class='ocrx_word' id='word_1_781' title='bbox 1662 5270 1758 5322; x_wconf 78' lang='grc' dir='ltr'>τοῦ</span> 
     </span>
    </p>
   </div>
   <div class='ocr_carea' id='block_1_103' title="bbox 193 5361 1760 5437">
    <p class='ocr_par' dir='ltr' id='par_1_103' title="bbox 193 5361 1760 5437">
     <span class='ocr_line' id='line_1_103' title="bbox 193 5361 1760 5437; baseline -0.003 -20"><span class='ocrx_word' id='word_1_782' title='bbox 193 5365 452 5434; x_wconf 87' lang='grc' dir='ltr'>σώματος</span> <span class='ocrx_word' id='word_1_783' title='bbox 475 5365 849 5434; x_wconf 84' lang='grc' dir='ltr'>περιστάσεων</span> <span class='ocrx_word' id='word_1_784' title='bbox 865 5365 1000 5437; x_wconf 83' lang='grc'><strong>(77),</strong></span> <span class='ocrx_word' id='word_1_785' title='bbox 1051 5364 1146 5418; x_wconf 77' lang='grc' dir='ltr'><strong>καὶ</strong></span> <span class='ocrx_word' id='word_1_786' title='bbox 1197 5364 1480 5428; x_wconf 85' lang='grc' dir='ltr'>κινδύνων,</span> <span class='ocrx_word' id='word_1_787' title='bbox 1522 5362 1616 5415; x_wconf 75' lang='grc' dir='ltr'><strong>καὶ</strong></span> <span class='ocrx_word' id='word_1_788' title='bbox 1651 5361 1760 5413; x_wconf 83' lang='grc' dir='ltr'><strong>τῶν</strong></span> 
     </span>
    </p>
   </div>
   <div class='ocr_carea' id='block_1_104' title="bbox 192 5453 1757 5528">
    <p class='ocr_par' dir='ltr' id='par_1_104' title="bbox 192 5453 1757 5528">
     <span class='ocr_line' id='line_1_104' title="bbox 192 5453 1757 5528; baseline -0.004 -17"><span class='ocrx_word' id='word_1_789' title='bbox 192 5456 354 5518; x_wconf 76' lang='grc' dir='ltr'>ἐκτὸς</span> <span class='ocrx_word' id='word_1_790' title='bbox 393 5456 810 5528; x_wconf 80' lang='grc' dir='ltr'>περισπασμῶν,</span> <span class='ocrx_word' id='word_1_791' title='bbox 841 5457 939 5526; x_wconf 83' lang='grc' dir='ltr'>τὴν</span> <span class='ocrx_word' id='word_1_792' title='bbox 962 5457 1097 5527; x_wconf 70' lang='grc' dir='ltr'>πρὸς</span> <span class='ocrx_word' id='word_1_793' title='bbox 1127 5456 1322 5520; x_wconf 80' lang='grc' dir='ltr'>αὐτοὺς</span> <span class='ocrx_word' id='word_1_794' title='bbox 1347 5453 1634 5524; x_wconf 77' lang='grc' dir='ltr'>ἐπίσκεψιν</span> <span class='ocrx_word' id='word_1_795' title='bbox 1663 5453 1757 5505; x_wconf 76' lang='grc' dir='ltr'>τοῦ</span> 
     </span>
    </p>
   </div>
   <div class='ocr_carea' id='block_1_105' title="bbox 271 5633 701 5700">
    <p class='ocr_par' dir='ltr' id='par_1_105' title="bbox 271 5633 701 5700">
     <span class='ocr_line' id='line_1_105' title="bbox 271 5633 701 5700; baseline -0.002 -12"><span class='ocrx_word' id='word_1_796' title='bbox 271 5636 320 5668; x_wconf 77' lang='grc'>⁸³</span> <span class='ocrx_word' id='word_1_797' title='bbox 345 5633 387 5688; x_wconf 88' lang='lat' dir='ltr'><strong>ll</strong></span> <span class='ocrx_word' id='word_1_798' title='bbox 417 5633 544 5689; x_wconf 91' lang='lat' dir='ltr'><strong>Cor.</strong></span> <span class='ocrx_word' id='word_1_799' title='bbox 579 5650 616 5700; x_wconf 89' lang='grc' dir='ltr'><strong>ι,</strong></span> <span class='ocrx_word' id='word_1_800' title='bbox 646 5635 701 5689; x_wconf 87' lang='lat'><strong>9.</strong></span> 
     </span>
    </p>
   </div>
   <div class='ocr_carea' id='block_1_106' title="bbox 197 5763 1764 5900">
    <p class='ocr_par' dir='ltr' id='par_1_106' title="bbox 197 5763 1764 5900">
     <span class='ocr_line' id='line_1_106' title="bbox 197 5763 1764 5900; baseline -0.005 -75"><span class='ocrx_word' id='word_1_801' title='bbox 197 5847 216 5900; x_wconf 62' lang='grc' dir='ltr'>ι</span> <span class='ocrx_word' id='word_1_802' title='bbox 272 5775 348 5838; x_wconf 77' lang='lat'><strong>(6)</strong></span> <span class='ocrx_word' id='word_1_803' title='bbox 384 5771 444 5825; x_wconf 65' lang='grc' dir='ltr'>Ιῖι</span> <span class='ocrx_word' id='word_1_804' title='bbox 465 5769 727 5841; x_wconf 89' lang='lat' dir='ltr'><strong>judicium</strong></span> <span class='ocrx_word' id='word_1_805' title='bbox 744 5769 808 5824; x_wconf 89' lang='lat' dir='ltr'><strong>dc</strong></span> <span class='ocrx_word' id='word_1_806' title='bbox 825 5769 995 5823; x_wconf 89' lang='lat' dir='ltr'><strong>altero</strong></span> <span class='ocrx_word' id='word_1_807' title='bbox 1023 5767 1371 5822; x_wconf 75' lang='lat' dir='ltr'><strong>temerarium</strong></span> <span class='ocrx_word' id='word_1_808' title='bbox 1393 5766 1604 5836; x_wconf 89' lang='lat' dir='ltr'><strong>penitus</strong></span> <span class='ocrx_word' id='word_1_809' title='bbox 1636 5763 1764 5819; x_wconf 84' lang='lat' dir='ltr'><strong>sub-</strong></span> 
     </span>
     <span class='ocr_line' id='line_1_107' title="bbox 223 5858 394 5900; baseline -0.035 0"><span class='ocrx_word' id='word_1_810' title='bbox 223 5858 394 5900; x_wconf 74' lang='lat' dir='ltr'><strong>alunt.</strong></span> 
     </span>
    </p>
   </div>
   <div class='ocr_carea' id='block_1_107' title="bbox 223 5858 394 5900">
    <p class='ocr_par' dir='ltr' id='par_1_107' title="bbox 223 5858 394 5900">
     <span class='ocr_line' id='line_1_108' title="bbox 223 5858 394 5900; baseline -0.035 0"><span class='ocrx_word' id='word_1_811' title='bbox 223 5858 394 5900; x_wconf 74' lang='lat' dir='ltr'><strong>alunt.</strong></span> 
     </span>
    </p>
   </div>
   <div class='ocr_carea' id='block_1_108' title="bbox 531 5929 1354 5992">
    <p class='ocr_par' dir='ltr' id='par_1_108' title="bbox 531 5929 1354 5992">
     <span class='ocr_line' id='line_1_109' title="bbox 531 5929 1354 5992; baseline -0.004 0"><span class='ocrx_word' id='word_1_812' title='bbox 531 5933 796 5992; x_wconf 45' lang='lat' dir='ltr'><strong>Parnm“</strong></span> <span class='ocrx_word' id='word_1_813' title='bbox 824 5932 936 5991; x_wconf 74' lang='lat' dir='ltr'><strong>Gn.</strong></span> <span class='ocrx_word' id='word_1_814' title='bbox 978 5929 1130 5990; x_wconf 71' lang='lat' dir='ltr'><strong>LXX</strong></span> <span class='ocrx_word' id='word_1_815' title='bbox 1146 5932 1193 5991; x_wconf 73' lang='grc' dir='ltr'><strong>Χ</strong></span> <span class='ocrx_word' id='word_1_816' title='bbox 1207 5929 1247 5988; x_wconf 82' lang='lat'><strong>\&#39;</strong></span> <span class='ocrx_word' id='word_1_817' title='bbox 1260 5929 1354 5989; x_wconf 81' lang='grc' dir='ltr'><strong>ΙΙΙ.</strong></span> 
     </span>
    </p>
   </div>
   <div class='ocr_carea' id='block_1_109' title="bbox 1865 4716 3422 4789">
    <p class='ocr_par' dir='ltr' id='par_1_109' title="bbox 1865 4716 3422 4789">
     <span class='ocr_line' id='line_1_110' title="bbox 1865 4716 3422 4789; baseline -0.008 -9"><span class='ocrx_word' id='word_1_818' title='bbox 1865 4740 2086 4780; x_wconf 87' lang='lat' dir='ltr'><strong>sensum</strong></span> <span class='ocrx_word' id='word_1_819' title='bbox 2109 4722 2320 4779; x_wconf 90' lang='lat' dir='ltr'><strong>occulte</strong></span> <span class='ocrx_word' id='word_1_820' title='bbox 2342 4730 2580 4775; x_wconf 87' lang='lat' dir='ltr'><strong>mactare</strong></span> <span class='ocrx_word' id='word_1_821' title='bbox 2602 4727 2802 4789; x_wconf 89' lang='lat' dir='ltr'><strong>potest.</strong></span> <span class='ocrx_word' id='word_1_822' title='bbox 2839 4716 2898 4771; x_wconf 87' lang='lat' dir='ltr'><strong>Si</strong></span> <span class='ocrx_word' id='word_1_823' title='bbox 2922 4731 3022 4771; x_wconf 90' lang='lat' dir='ltr'><strong>nos</strong></span> <span class='ocrx_word' id='word_1_824' title='bbox 3040 4731 3070 4771; x_wconf 90' lang='lat' dir='ltr'><strong>a</strong></span> <span class='ocrx_word' id='word_1_825' title='bbox 3097 4716 3422 4785; x_wconf 86' lang='lat' dir='ltr'><strong>quibusdam</strong></span> 
     </span>
    </p>
   </div>
   <div class='ocr_carea' id='block_1_110' title="bbox 1865 4807 3426 4878">
    <p class='ocr_par' dir='ltr' id='par_1_110' title="bbox 1865 4807 3426 4878">
     <span class='ocr_line' id='line_1_111' title="bbox 1865 4807 3426 4878; baseline -0.006 -8"><span class='ocrx_word' id='word_1_826' title='bbox 1865 4823 2049 4871; x_wconf 86' lang='lat' dir='ltr'><strong>sancte</strong></span> <span class='ocrx_word' id='word_1_827' title='bbox 2084 4814 2382 4872; x_wconf 86' lang='lat' dir='ltr'><strong>secundum</strong></span> <span class='ocrx_word' id='word_1_828' title='bbox 2413 4812 2579 4867; x_wconf 89' lang='lat' dir='ltr'><strong>Deum</strong></span> <span class='ocrx_word' id='word_1_829' title='bbox 2612 4809 2765 4878; x_wconf 87' lang='lat' dir='ltr'><strong>diligi</strong></span> <span class='ocrx_word' id='word_1_830' title='bbox 2797 4807 3264 4877; x_wconf 86' lang='lat' dir='ltr'><strong>conspexerimus,</strong></span> <span class='ocrx_word' id='word_1_831' title='bbox 3297 4820 3426 4876; x_wconf 88' lang='lat' dir='ltr'><strong>erga</strong></span> 
     </span>
    </p>
   </div>
   <div class='ocr_carea' id='block_1_111' title="bbox 1866 4897 3428 4976">
    <p class='ocr_par' dir='ltr' id='par_1_111' title="bbox 1866 4897 3428 4976">
     <span class='ocr_line' id='line_1_112' title="bbox 1866 4897 3428 4976; baseline -0.006 -14"><span class='ocrx_word' id='word_1_832' title='bbox 1866 4908 1986 4962; x_wconf 87' lang='lat' dir='ltr'><strong>illos</strong></span> <span class='ocrx_word' id='word_1_833' title='bbox 2003 4907 2341 4976; x_wconf 90' lang='lat' dir='ltr'><strong>potissimum</strong></span> <span class='ocrx_word' id='word_1_834' title='bbox 2361 4902 2744 4959; x_wconf 84' lang='lat' dir='ltr'><strong>verecundiam</strong></span> <span class='ocrx_word' id='word_1_835' title='bbox 2765 4899 3162 4960; x_wconf 82' lang='lat' dir='ltr'><strong>custodiamus,</strong></span> <span class='ocrx_word' id='word_1_836' title='bbox 3177 4912 3246 4951; x_wconf 87' lang='lat' dir='ltr'><strong>ne</strong></span> <span class='ocrx_word' id='word_1_837' title='bbox 3262 4897 3428 4952; x_wconf 89' lang='lat' dir='ltr'><strong>nimis</strong></span> 
     </span>
    </p>
   </div>
   <div class='ocr_carea' id='block_1_112' title="bbox 1865 4988 3432 5056">
    <p class='ocr_par' dir='ltr' id='par_1_112' title="bbox 1865 4988 3432 5056">
     <span class='ocr_line' id='line_1_113' title="bbox 1865 4988 3432 5056; baseline -0.009 0"><span class='ocrx_word' id='word_1_838' title='bbox 1865 5002 2038 5056; x_wconf 85' lang='lat' dir='ltr'><strong>simus</strong></span> <span class='ocrx_word' id='word_1_839' title='bbox 2077 4998 2409 5053; x_wconf 74' lang='lat' dir='ltr'><strong>confidentes</strong></span> <span class='ocrx_word' id='word_1_840' title='bbox 2437 5014 2450 5050; x_wconf 91' lang='lat'><strong>:</strong></span> <span class='ocrx_word' id='word_1_841' title='bbox 2480 4995 2614 5049; x_wconf 89' lang='lat' dir='ltr'><strong>nihil</strong></span> <span class='ocrx_word' id='word_1_842' title='bbox 2645 4994 2787 5048; x_wconf 72' lang='lat' dir='ltr'><strong>cutim</strong></span> <span class='ocrx_word' id='word_1_843' title='bbox 2825 4992 2898 5046; x_wconf 90' lang='lat' dir='ltr'><strong>ita</strong></span> <span class='ocrx_word' id='word_1_844' title='bbox 2921 4991 3069 5047; x_wconf 64' lang='lat' dir='ltr'><strong>laedit</strong></span> <span class='ocrx_word' id='word_1_845' title='bbox 3100 4997 3156 5043; x_wconf 89' lang='lat' dir='ltr'><strong>et</strong></span> <span class='ocrx_word' id='word_1_846' title='bbox 3178 4988 3432 5044; x_wconf 68' lang='lat' dir='ltr'><strong>dissolvat</strong></span> 
     </span>
    </p>
   </div>
   <div class='ocr_carea' id='block_1_113' title="bbox 1866 5078 3429 5155">
    <p class='ocr_par' dir='ltr' id='par_1_113' title="bbox 1866 5078 3429 5155">
     <span class='ocr_line' id='line_1_114' title="bbox 1866 5078 3429 5155; baseline -0.011 -8"><span class='ocrx_word' id='word_1_847' title='bbox 1866 5093 2183 5147; x_wconf 89' lang='lat' dir='ltr'><strong>charitatem</strong></span> <span class='ocrx_word' id='word_1_848' title='bbox 2212 5129 2229 5155; x_wconf 93' lang='lat'><strong>,</strong></span> <span class='ocrx_word' id='word_1_849' title='bbox 2283 5098 2338 5144; x_wconf 90' lang='lat' dir='ltr'><strong>et</strong></span> <span class='ocrx_word' id='word_1_850' title='bbox 2369 5087 2552 5141; x_wconf 88' lang='lat' dir='ltr'><strong>odium</strong></span> <span class='ocrx_word' id='word_1_851' title='bbox 2596 5084 2758 5154; x_wconf 86' lang='lat' dir='ltr'><strong>parit,</strong></span> <span class='ocrx_word' id='word_1_852' title='bbox 2786 5097 2948 5152; x_wconf 87' lang='lat' dir='ltr'><strong>quam</strong></span> <span class='ocrx_word' id='word_1_853' title='bbox 2989 5079 3158 5134; x_wconf 85' lang='lat' dir='ltr'><strong>nimia</strong></span> <span class='ocrx_word' id='word_1_854' title='bbox 3205 5078 3429 5132; x_wconf 88' lang='lat' dir='ltr'><strong>libertas</strong></span> 
     </span>
    </p>
   </div>
   <div class='ocr_carea' id='block_1_114' title="bbox 1865 5161 3430 5244">
    <p class='ocr_par' dir='ltr' id='par_1_114' title="bbox 1865 5161 3430 5244">
     <span class='ocr_line' id='line_1_115' title="bbox 1865 5161 3430 5244; baseline -0.013 -14"><span class='ocrx_word' id='word_1_855' title='bbox 1865 5175 2114 5244; x_wconf 89' lang='lat' dir='ltr'><strong>loquendi</strong></span> <span class='ocrx_word' id='word_1_856' title='bbox 2137 5188 2234 5228; x_wconf 88' lang='lat' dir='ltr'><strong>seu</strong></span> <span class='ocrx_word' id='word_1_857' title='bbox 2258 5169 2604 5226; x_wconf 79' lang='lat' dir='ltr'><strong>confidentia.</strong></span> <span class='ocrx_word' id='word_1_858' title='bbox 2623 5164 2792 5220; x_wconf 77' lang='lat' dir='ltr'><strong>Valde</strong></span> <span class='ocrx_word' id='word_1_859' title='bbox 2813 5163 3114 5232; x_wconf 87' lang='lat' dir='ltr'><strong>intelligens</strong></span> <span class='ocrx_word' id='word_1_860' title='bbox 3133 5169 3186 5215; x_wconf 88' lang='lat' dir='ltr'><strong>et</strong></span> <span class='ocrx_word' id='word_1_861' title='bbox 3209 5161 3430 5228; x_wconf 81' lang='lat' dir='ltr'><strong>elegans</strong></span> 
     </span>
    </p>
   </div>
   <div class='ocr_carea' id='block_1_115' title="bbox 1863 5246 3440 5327">
    <p class='ocr_par' dir='ltr' id='par_1_115' title="bbox 1863 5246 3440 5327">
     <span class='ocr_line' id='line_1_116' title="bbox 1863 5246 3440 5327; baseline -0.015 -7"><span class='ocrx_word' id='word_1_862' title='bbox 1863 5275 1946 5320; x_wconf 89' lang='lat' dir='ltr'><strong>est</strong></span> <span class='ocrx_word' id='word_1_863' title='bbox 1964 5264 2154 5318; x_wconf 90' lang='lat' dir='ltr'><strong>oculus</strong></span> <span class='ocrx_word' id='word_1_864' title='bbox 2198 5261 2414 5327; x_wconf 84' lang='lat' dir='ltr'><strong>mentis,</strong></span> <span class='ocrx_word' id='word_1_865' title='bbox 2444 5271 2741 5324; x_wconf 85' lang='lat' dir='ltr'><strong>omnesque</strong></span> <span class='ocrx_word' id='word_1_866' title='bbox 2768 5254 2990 5316; x_wconf 87' lang='lat' dir='ltr'><strong>formas,</strong></span> <span class='ocrx_word' id='word_1_867' title='bbox 3015 5259 3204 5317; x_wconf 76' lang='lat' dir='ltr'><strong>praeter</strong></span> <span class='ocrx_word' id='word_1_868' title='bbox 3224 5246 3440 5316; x_wconf 58' lang='lat' dir='ltr'><strong>angeli»</strong></span> 
     </span>
    </p>
   </div>
   <div class='ocr_carea' id='block_1_116' title="bbox 1866 5339 3425 5421">
    <p class='ocr_par' dir='ltr' id='par_1_116' title="bbox 1866 5339 3425 5421">
     <span class='ocr_line' id='line_1_117' title="bbox 1866 5339 3425 5421; baseline -0.013 -10"><span class='ocrx_word' id='word_1_869' title='bbox 1866 5373 1957 5411; x_wconf 85' lang='lat' dir='ltr'><strong>cas</strong></span> <span class='ocrx_word' id='word_1_870' title='bbox 1981 5364 2221 5417; x_wconf 86' lang='lat' dir='ltr'><strong>naturas,</strong></span> <span class='ocrx_word' id='word_1_871' title='bbox 2240 5349 2530 5421; x_wconf 82' lang='lat' dir='ltr'><strong>exstinguit</strong></span> <span class='ocrx_word' id='word_1_872' title='bbox 2559 5356 2614 5402; x_wconf 90' lang='lat' dir='ltr'><strong>et</strong></span> <span class='ocrx_word' id='word_1_873' title='bbox 2633 5355 2870 5416; x_wconf 84' lang='lat' dir='ltr'><strong>superat.</strong></span> <span class='ocrx_word' id='word_1_874' title='bbox 2899 5341 3053 5396; x_wconf 88' lang='lat' dir='ltr'><strong>Unde</strong></span> <span class='ocrx_word' id='word_1_875' title='bbox 3075 5351 3128 5395; x_wconf 92' lang='lat' dir='ltr'><strong>et</strong></span> <span class='ocrx_word' id='word_1_876' title='bbox 3165 5339 3242 5394; x_wconf 92' lang='lat' dir='ltr'><strong>illi</strong></span> <span class='ocrx_word' id='word_1_877' title='bbox 3263 5351 3425 5406; x_wconf 63' lang='lat' dir='ltr'><strong>sepe.</strong></span> 
     </span>
    </p>
   </div>
   <div class='ocr_carea' id='block_1_117' title="bbox 1867 5425 3427 5516">
    <p class='ocr_par' dir='ltr' id='par_1_117' title="bbox 1867 5425 3427 5516">
     <span class='ocr_line' id='line_1_118' title="bbox 1867 5425 3427 5516; baseline -0.013 -15"><span class='ocrx_word' id='word_1_878' title='bbox 1867 5448 1956 5516; x_wconf 87' lang='lat' dir='ltr'><strong>qui</strong></span> <span class='ocrx_word' id='word_1_879' title='bbox 1979 5446 2157 5500; x_wconf 87' lang='lat' dir='ltr'><strong>adhuc</strong></span> <span class='ocrx_word' id='word_1_880' title='bbox 2175 5442 2340 5499; x_wconf 87' lang='lat' dir='ltr'><strong>animi</strong></span> <span class='ocrx_word' id='word_1_881' title='bbox 2366 5436 2858 5512; x_wconf 85' lang='lat' dir='ltr'><strong>perturbationibus</strong></span> <span class='ocrx_word' id='word_1_882' title='bbox 2871 5432 3089 5490; x_wconf 86' lang='lat' dir='ltr'><strong>obnoxii</strong></span> <span class='ocrx_word' id='word_1_883' title='bbox 3107 5438 3256 5496; x_wconf 89' lang='lat' dir='ltr'><strong>sunt,</strong></span> <span class='ocrx_word' id='word_1_884' title='bbox 3277 5425 3427 5497; x_wconf 85' lang='lat' dir='ltr'><strong>cogi-</strong></span> 
     </span>
    </p>
   </div>
   <div class='ocr_carea' id='block_1_118' title="bbox 1943 5745 3426 5828">
    <p class='ocr_par' dir='ltr' id='par_1_118' title="bbox 1943 5745 3426 5828">
     <span class='ocr_line' id='line_1_119' title="bbox 1943 5745 3426 5828; baseline -0.007 -17"><span class='ocrx_word' id='word_1_885' title='bbox 1943 5763 2020 5822; x_wconf 79' lang='lat' dir='ltr'><strong>Ia‘,</strong></span> <span class='ocrx_word' id='word_1_886' title='bbox 2043 5758 2186 5827; x_wconf 82' lang='grc' dir='ltr'>λέγω</span> <span class='ocrx_word' id='word_1_887' title='bbox 2207 5758 2268 5828; x_wconf 75' lang='grc' dir='ltr'>δὴ</span> <span class='ocrx_word' id='word_1_888' title='bbox 2300 5771 2403 5811; x_wconf 92' lang='lat' dir='ltr'><strong>non</strong></span> <span class='ocrx_word' id='word_1_889' title='bbox 2465 5764 2547 5810; x_wconf 88' lang='lat' dir='ltr'><strong>est</strong></span> <span class='ocrx_word' id='word_1_890' title='bbox 2604 5755 2657 5807; x_wconf 86' lang='lat' dir='ltr'><strong>in</strong></span> <span class='ocrx_word' id='word_1_891' title='bbox 2711 5751 2965 5808; x_wconf 86' lang='lat' dir='ltr'><strong>omnibus</strong></span> <span class='ocrx_word' id='word_1_892' title='bbox 3029 5745 3426 5816; x_wconf 85' lang='lat' dir='ltr'><strong>exemplaribus</strong></span> 
     </span>
    </p>
   </div>
   <div class='ocr_carea' id='block_1_119' title="bbox 1875 5829 2094 5886">
    <p class='ocr_par' dir='ltr' id='par_1_119' title="bbox 1875 5829 2094 5886">
     <span class='ocr_line' id='line_1_120' title="bbox 1875 5829 2094 5886; baseline -0.023 0"><span class='ocrx_word' id='word_1_893' title='bbox 1875 5829 2094 5886; x_wconf 61' lang='lat' dir='ltr'><strong>Graecis.</strong></span> 
     </span>
    </p>
   </div>
   <div class='ocr_carea' id='block_1_120' title="bbox 3055 5907 3128 5968">
    <p class='ocr_par' dir='ltr' id='par_1_120' title="bbox 3055 5907 3128 5968">
     <span class='ocr_line' id='line_1_121' title="bbox 3055 5907 3128 5968; baseline 0 0"><span class='ocrx_word' id='word_1_894' title='bbox 3055 5907 3128 5968; x_wconf 82' lang='lat'>33</span> 
     </span>
    </p>
   </div>
  </div>
