4216 6458
778 456 916 524 1035

776 582 1002 624 tallones
1031 567 1259 623 aliarum
1291 565 1596 621 animarum
1629 579 1693 616 ex
1723 577 1918 630 magna
1943 563 2209 616 ebaritate
2233 577 2342 632 qua
2370 572 2416 626 Α

1482 579 1596 618 rum
1629 579 1693 616 ex
1723 577 1918 630 magna
1943 563 2209 616 ebaritate
2233 577 2342 632 qua
2370 572 2416 626 Α
2448 565 2656 636 Κυρίου
2695 568 3108 640 γνωμζέτωσαν
3135 587 3147 604 ·

771 661 1074 715 afﬁciuntur
1094 674 1218 728 erga
1240 657 1380 721 illas,
1398 655 1802 730 deprehendere
1825 661 2136 722 potuerunt,
2153 665 2206 708 et
2223 666 2336 709 tum

770 750 1135 819 potissimum,
1161 763 1286 802 cum
1316 747 1438 816 puri
1471 745 1572 814 ipsi
1602 744 1670 798 ab
1706 743 1960 799 sordibus
1993 755 2335 812 peccatorum

770 856 878 896 non
905 840 1145 910 absorpti
1191 848 1334 894 sunt.
1371 839 1426 892 Si
1474 836 1610 890 nihil
1647 845 1756 889 tam
1794 845 2062 907 repugnat
2089 839 2336 907 incorpo-

769 945 876 984 reae
905 937 1112 982 natura:
1135 941 1300 997 quam
1325 926 1376 980 id
1404 924 1549 994 quod
1574 937 1896 992 corporeum
1927 929 2011 977 est
2040 922 2155 992 (qui
2188 923 2334 991 tegit,

769 1019 1073 1091 intelligat),
1091 1017 1497 1075 observationes
1515 1014 1570 1068 in
1587 1013 1938 1068 saecularibus
1954 1013 2148 1068 divinae
2163 1014 2338 1083 provi-

767 1112 991 1174 dentiae,
1022 1111 1074 1165 in
1095 1110 1252 1165 nobis
1272 1106 1601 1178 cognitionis
1626 1105 1824 1160 mentis
1852 1104 2116 1159 obsistere
2137 1105 2332 1160 solent.

765 1201 869 1269 Qui
897 1202 1082 1257 animo
1109 1215 1299 1271 parum
1347 1199 1505 1252 lirmo
1537 1207 1592 1253 et
1628 1195 1899 1251 constanti
1942 1204 2090 1260 sunt,
2143 1210 2333 1250 curam

2023 453 2082 512 S.
2108 453 2421 512 JOANNIS
2449 455 2751 516 CLIMACI

3859 472 3974 539 1038

3198 575 3246 627 οἱ
3287 576 3344 630 δὲ
3394 577 3590 631 τέλειοι
3643 580 3707 633 ἐκ
3763 583 3854 652 τῆς
3890 587 3974 638 τοῦ

2436 660 2756 729 Πνεύματος
2801 665 3137 733 παρουσίας,
3183 672 3276 720 καὶ
3335 669 3436 738 τῆς
3479 670 3588 724 τῶν
3647 677 3976 744 χαρισμάτων

2440 750 2788 822 προσθήκης·
2825 753 2942 807 ἐστι
2993 757 3203 827 δαίμων
3229 760 3368 813 ἐπὰν
3404 763 3464 815 ἐν
3495 765 3561 834 τῇ
3603 763 3758 836 κλίνῃ
3794 767 3974 820 ἀναπέ-

2436 858 2638 912 σωμεν,
2684 844 2821 915 πρὸς
2865 847 3013 918 ἡμᾶς
3063 851 3527 922 παραγενόμενος,
3579 854 3674 907 καὶ
3736 859 3977 927 πονηραῖς

2432 935 2581 1003 ἡμᾶς
2663 937 2760 988 καὶ
2824 939 3098 1010 ῥυπαραῖς
3176 945 3552 1010 κατατοξεύων
3619 947 3978 1018 ἐνθυμήσεσιν,

2433 1022 2522 1077 ἴνα
2557 1027 2623 1095 τῇ
2650 1025 2879 1100 ὀκνηρίᾳ
2911 1030 2992 1093 εἰς
3024 1033 3331 1105 προσευχὴν
3375 1035 3498 1088 τότε
3541 1037 3664 1090 κατ’
3703 1038 3863 1091 αὐτού
3906 1039 3975 1109 μὴ

2429 1115 2786 1188 ὁπλισάμενοι
2838 1121 2900 1175 ἐν
2958 1125 3232 1194 ῥυπαραῖς
3269 1127 3504 1192 ἐννοίαις
3543 1129 3978 1198 ἀφυπνὼσαντες,

2434 1207 2654 1278 ῥυπαρὰ
2682 1211 2777 1262 καὶ
2798 1211 2869 1264 τά
2884 1213 3106 1270 ἐνύπνια
3138 1218 3488 1289 κτησώμεθα.
3531 1222 3720 1274 Ἔστιν
3753 1225 3981 1294 πνευμά-

764 1309 895 1364 erga
945 1308 1003 1347 se
1049 1291 1144 1344 Dei
1192 1305 1258 1344 ex
1299 1289 1544 1359 corporis
1593 1295 1769 1349 statu,
1801 1286 2079 1357 periculis,
2124 1296 2180 1342 et
2215 1288 2338 1342 aliis

2320 1303 2338 1342 ἱ
2430 1314 2562 1362 των,
2603 1303 2909 1374 πρόδρομος
2943 1286 3298 1378 καλούμενος,
3330 1286 3392 1376 ἐξ
3426 1312 3596 1367 ὕπνου
3625 1316 3773 1384 ἡμᾶς
3799 1286 3985 1378 εὐθέως

763 1383 1008 1438 externis
1068 1378 1448 1435 vexationibus
1498 1377 1832 1446 intelligant;
1889 1375 2111 1444 perfecti
2155 1384 2333 1433 autem

762 1489 828 1528 ex
847 1473 1082 1542 Spiritus
1102 1469 1277 1526 sancti
1304 1466 1611 1538 praesentia,
1631 1475 1684 1519 et
1710 1465 2004 1535 gratiarum
2024 1465 2329 1522 cmlestium

765 1554 1119 1621 incremento.
1151 1562 1246 1617 Est
1273 1560 1481 1616 dasmon
1512 1558 1604 1627 qui
1631 1558 1745 1626 jam
1778 1557 1832 1610 in
1876 1557 2015 1610 lecto
2044 1557 2132 1626 (ad
2180 1573 2330 1613 som-

2431 1387 2736 1458 δεχόμενος,
2788 1399 2882 1447 καὶ
2903 1396 3004 1467 τὴν
3036 1401 3372 1470 πρωτόνοιαν
3399 1403 3558 1472 ήμῶν
3594 1405 3983 1475 καταμολύνων.

2437 1478 2589 1532 Δίδου
2632 1484 2731 1552 σῆς
2755 1485 2968 1558 ἡμέρας
3014 1489 3268 1563 ἀπαρχὰς
3315 1494 3521 1564 Κυρίῳ.
3577 1495 3684 1548 Τοῦ
3712 1495 3820 1564 γάρ
3868 1513 3988 1567 προ-

2435 1567 2710 1634 ποιοῦντος
2741 1573 2894 1628 ἔσται
2907 1577 3040 1647 (78).

765 1675 893 1713 num
919 1660 1241 1727 capiendum
1271 1653 1648 1708 recumbentcs
1691 1651 2065 1747 improbarum
2093 1661 2147 1747 et
2173 1652 2505 1722 impurarum
2551 1664 2938 1733 cogitationum
2973 1671 3094 1725 telis
3123 1686 3223 1726 nos
3262 1671 3512 1739 infestat,
3535 1676 3700 1747 355
3725 1687 3787 1731 ut
3811 1693 3876 1733 ex
3915 1677 3992 1747 pi_

766 1750 922 1818 gritia
957 1759 1072 1804 tum
1117 1747 1366 1802 oratione
1404 1761 1512 1800 non
1540 1747 1803 1800 obarmati
1826 1745 1880 1798 in
1901 1744 2150 1798 obscenis
2174 1748 2594 1815 cogitationibus
2620 1757 3052 1828 obdormiamus,
3079 1763 3218 1820 fedis
3259 1766 3421 1820 etiam
3456 1744 3744 1823 insomniis
3766 1744 3986 1838 occupo?-

769 1860 908 1897 mur.
936 1841 1030 1897 Est
1057 1858 1087 1897 e
1118 1841 1419 1912 spiritibus,
1441 1839 1742 1910 improbus,
1774 1853 2080 1935 praecursor
2108 1839 2307 1907 dictus,
2330 1845 2424 1912 qui
2449 1863 2552 1905 nos
2568 1865 2603 1907 e
2625 1868 2816 1910 somno
2834 1870 3178 1927 experrectos
3199 1863 3381 1917 statim
3405 1864 3626 1934 excipit,
3655 1875 3708 1920 et
3732 1865 3988 1935 primitias

764 1938 1154 2010 cOgitationum
1178 1945 1485 1991 nostrarum
1512 1935 1778 2004 inquinat.
1801 1931 2006 2028 Olferas
2027 1931 2255 1989 Domino
2275 1936 2378 1992 diei
2420 1943 2497 1996 tui
2531 1947 2819 2020 primitias,
2848 1953 2970 2023 ejus
2997 1957 3144 2010 enim
3178 1967 3343 2012 erunt
3376 1959 3468 2028 qui
3491 1931 3858 2014 anteverterit.

839 2031 1072 2100 Dignum
1135 2028 1325 2084 auditu
1388 2043 1699 2083 sermonem
1755 2025 1890 2080 mihi
1961 2027 2180 2097 quidam
2239 2028 2334 2084 Dei
2368 2039 2415 2100 Β

765 2139 957 2180 servus
1010 2123 1196 2177 retulit
1226 2141 1238 2177 :
1274 2123 1352 2176 Ex
1388 2122 1600 2192 primis,
1629 2121 1823 2191 inquit,
1881 2119 1986 2175 diei
2033 2122 2326 2189 auspiciis,

764 2218 934 2273 totius
960 2216 1068 2271 dici
1103 2223 1303 2270 statum
1349 2213 1605 2283 coniicio,
1659 2228 1756 2266 seu
1801 2212 2112 2282 prmscisco.
2147 2212 2329 2268 Multa:

765 2314 896 2360 sunt
940 2303 1154 2372 pietatis
1207 2310 1261 2355 et
1307 2299 1457 2354 exitii
1491 2299 1591 2352 via:
1624 2316 1637 2352 :
1671 2309 2005 2369 quapropter
2058 2312 2200 2368 saepe
2241 2299 2332 2354 hic

763 2395 857 2464 qui
882 2392 1036 2448 alteri
1067 2391 1380 2460 opponitur,
1405 2404 1529 2444 eum
1550 2387 1721 2442 altero
1751 2387 1954 2456 optime
1981 2389 2256 2450 convenit,
2277 2397 2332 2442 et

765 2497 943 2538 tamen
975 2481 1259 2550 utriusque
1295 2495 1449 2535 mens
1477 2487 1530 2534 et
1576 2480 1699 2534 linis
1733 2477 1844 2533 Deo
1871 2479 2066 2549 placet.
2093 2477 2333 2534 Luctan-

764 2589 852 2630 tur
877 2574 1165 2629 nobiscuni
1214 2571 1490 2627 daemones
1533 2586 1629 2641 per
1653 2571 2002 2635 tentationes,
2052 2587 2190 2641 quas
2239 2588 2334 2627 ex-

761 2665 1025 2735 perimur,
1064 2672 1123 2717 ut
1168 2661 1373 2731 aliquid
1435 2661 1715 2728 indignum
1768 2661 1853 2715 vel
1899 2659 2184 2727 dicamus,
2249 2664 2333 2718 vel

763 2757 1051 2812 faciamus.
1106 2754 1262 2819 Quod
1311 2753 1358 2808 si
1403 2753 1696 2822 impetrare
1751 2768 1861 2807 non
1913 2765 2166 2822 possunt,
2215 2763 2331 2809 tum

765 2849 968 2904 sensim
1011 2848 1343 2917 irrepentes,
1384 2854 1682 2915 suggerunt
1713 2845 1868 2900 nobis
1901 2848 1977 2899 uti
2021 2861 2116 2915 per
2143 2861 2335 2917 super-

765 2941 909 2996 biam
938 2939 1021 3012 (ut
1063 2940 1151 2994 ille
1175 2937 1497 3008 pharisaeus)
1540 2936 1649 2992 Deo
1687 2935 1890 3006 gratias
1931 2937 2197 2993 dicamus.
2231 2938 2334 3006 Qui

762 3050 824 3088 ea
860 3049 981 3102 qua:
1029 3048 1192 3103 supra
1231 3041 1379 3098 sunt,
1423 3029 1663 3100 sapiunt,
1716 3029 1918 3084 mortui
1945 3030 2061 3085 sive
2094 3031 2335 3101 separati

764 3142 794 3178 a
832 3139 1062 3195 corpore
1099 3140 1195 3194 per
1223 3131 1406 3194 partes
1448 3122 1516 3177 ad
1548 3121 1828 3192 superiora
1866 3109 2206 3177 ascendunt:
2239 3125 2333 3194 qui

761 3232 891 3273 vero
920 3216 1139 3286 sapiunt
1165 3231 1287 3286 quae
1334 3213 1472 3268 infra
1518 3223 1674 3280 sunt,
1705 3213 1774 3267 ad
1808 3213 2066 3269 inferiora
2113 3231 2333 3270 rursum

762 3310 1100 3364 descendunt
1149 3327 1162 3361 :
1219 3317 1593 3378 separatorum
1643 3307 1788 3361 enim
1848 3321 1942 3361 seu
1994 3315 2334 3362 mortuorum

2525 2041 2906 2106 Ἀξιάκουστὸν
2929 2066 3021 2120 μοι
3045 2050 3204 2119 λόγον
3237 2051 3478 2123 ἐργάτης
3491 2051 3712 2122 ἄριστος
3737 2051 3986 2123 ἔφρασεν.

2443 2132 2533 2198 Ἐξ
2560 2135 2730 2206 αὐτῆς
2764 2137 2897 2208 γὰρ,
2942 2141 3036 2210 μοὶ
3075 2141 3201 2214 ἔφη,
3233 2143 3333 2214 τῆς
3385 2145 3596 2213 πρωῖας
3649 2143 3743 2196 τὸν
3780 2145 3989 2198 ἅπαντά

2434 2241 2536 2294 μου
2572 2225 2770 2297 δρόμον
2809 2228 2908 2299 τῆς
2943 2230 3155 2302 ἡμέρας
3185 2233 3613 2305 προεπίσταμαι.
3665 2232 3866 2288 Πολλαὶ
3904 2234 3993 2287 καὶ

2429 2315 2530 2386 τῆς
2548 2317 2829 2382 εὐσεϐείας
2860 2320 2955 2372 καὶ
3002 2322 3278 2386 ἀπωλείας
3327 2324 3384 2376 αἱ
3429 2323 3762 2394 ὁδοιπορίαν
3811 2324 3994 2394 διόπερ

2432 2406 2692 2472 πολλάκις
2717 2411 2747 2462 6
2773 2409 2851 2481 τῷ
2873 2412 3045 2484 ἑτέρῳ
3078 2414 3555 2484 ἀντιτασσόμενος,
3595 2415 3741 2485 ἄλλῳ
3760 2415 3994 2485 γνησίως

2441 2498 2784 2568 συνέρχεται,
2829 2502 2924 2554 καὶ
2973 2504 3004 2555 6
3073 2502 3182 2554 τῶν
3245 2504 3569 2574 ἀμφοτέρων
3626 2505 3829 2567 σκοπός
3883 2505 3994 2556 ἐστι

2433 2589 2624 2660 Κυρίῳ
2655 2590 2948 2660 εὐάρεστος
2971 2590 3104 2661 (79).
3151 2591 3446 2646 Παλαίουσι
3491 2593 3589 2661 μὲν
3637 2595 3688 2647 oi
3742 2592 3995 2662 δαίμονες

2434 2679 2529 2732 ἐπὶ
2581 2682 2694 2742 τοῖς
2751 2680 3143 2750 συμϐαίνουσιν
3198 2684 3334 2753 ἡμῖν
3398 2686 3723 2756 πειρασμοῖς
3767 2684 3800 2754 ἢ
3849 2685 3996 2750 λέξαι

2431 2769 2584 2836 ἡμᾶς
2619 2769 2653 2838 ἢ
2687 2768 2892 2840 πρᾶξαι
2935 2770 3154 2825 ἄτοπον.
3209 2772 3322 2826 Καὶ
3365 2773 3492 2826 ὅταν
3545 2774 3620 2843 μὴ
3678 2773 3995 2844 ίσχύσωσιν,

2431 2858 2615 2930 ἠρέμα
2677 2863 2996 2926 ἐπιστάντες
3055 2864 3402 2934 ὑπερήφανον
3451 2867 3586 2935 ἡμῖν
3644 2867 3999 2936 εὐχαριστίαν

2435 2951 2574 3022 πρὸς
2600 2952 2734 3005 Θεὸν
2763 2953 3108 3008 ὑποτίθενται
3126 2971 3142 2984 ο
3167 2955 3218 3007 οἱ
3251 2955 3352 3026 μὲν
3379 2956 3450 3008 τὰ
3472 2955 3584 3009 ἄνω
3607 2958 3996 3027 φρονήσαντες,

2435 3039 2790 3112 χωριζόμενοι
2823 3041 2938 3098 ἄνω
2973 3043 3215 3114 μερικῶς
3257 3046 3574 3117 ἀνέρχονται
3591 3047 3702 3117 (80)
3720 3063 3739 3078 °
3767 3048 3820 3101 οἱ
3847 3048 3906 3101 δὲ
3931 3049 4001 3101 τὰ

2435 3133 2607 3196 κάτω,
2651 3133 2804 3186 κάτω
2856 3133 3019 3188 πάλιν
3064 3134 3388 3208 πορεύονται
3410 3153 3425 3167 ’
3467 3138 3579 3191 τῶν
3621 3138 3731 3210 γάρ
3769 3139 4002 3211 χωριζο-

2437 3226 2616 3297 μένων
2652 3227 2804 3279 οὐδὲν
2826 3227 3013 3279 λοιπὸν
3053 3228 3217 3297 μέσον
3257 3229 3603 3284 ἴσταται.⁶Εν
3618 3233 3728 3283 τῶν
3760 3233 4000 3302 κτισμά-

2435 3335 2544 3371 των
2584 3319 2642 3371 ἐν
2675 3319 2847 3390 ἑτέρῳ
2863 3320 2956 3373 καὶ
2973 3321 3075 3374 οὐκ
3096 3321 3157 3373 ἐν
3193 3320 3454 3390 ἐαυτῴ“τὺ
3482 3316 3622 3374 εἶναι
3645 3322 3837 3392 εἴληφε
3865 3323 4001 3394 (81)·

762 3405 917 3458 locus
934 3402 1149 3456 medius
1164 3401 1349 3456 nullus
1377 3410 1459 3454 est
1488 3399 1750 3468 reliquus.
1778 3396 1952 3453 Unum
1975 3414 2040 3452 ex
2071 3400 2330 3470 (duobus)
2358 3394 2404 3456 C

2358 3394 2404 3456 C
2433 3410 2528 3462 xci.
2551 3409 2736 3480 θαῦμα
2761 3412 2879 3477 πῶς
2897 3411 3052 3475 ἐκτὸς
3080 3411 3176 3464 τοῦ
3217 3413 3276 3464 ἐν
3315 3406 3361 3480 ᾧ
3403 3412 3464 3466 τὸ
3503 3409 3641 3466 εἶναι
3669 3415 4002 3486 ἐκομίσατο,

763 3495 857 3550 Dei
912 3495 1112 3550 creatis
1162 3493 1418 3563 operibus
1477 3492 1531 3545 in
1585 3491 1798 3556 altero,
1863 3505 1972 3545 non
2038 3493 2094 3545 in
2156 3493 2335 3562 seipso

762 3599 1015 3646 naturam
1059 3604 1213 3644 suam
1241 3629 1260 3655 ,
1314 3587 1557 3656 adeoque
1593 3601 1754 3640 suum
1801 3600 1926 3640 esse
1983 3585 2226 3656 accepit,
2281 3595 2335 3642 et

765 3683 962 3738 mirum
991 3690 1075 3736 est
1104 3679 1380 3751 quomodo
1412 3678 1542 3732 illud
1563 3678 1706 3748 quod
1732 3677 1784 3732 in
1814 3679 1987 3733 altero
2021 3694 2181 3733 suum
2213 3695 2334 3735 esse

757 3790 860 3830 seu
917 3783 1169 3829 naturam
1225 3786 1380 3826 suam
1436 3771 1683 3841 accepit,
1744 3770 1864 3825 sine
1927 3771 2100 3825 altero
2158 3774 2334 3840 possit

759 3866 1083 3922 consistere.
1143 3861 1272 3919 Pias
1331 3861 1473 3917 filias
1531 3871 1732 3917 matres
1790 3863 2060 3932 gignunt,
2129 3872 2331 3919 matres

756 3968 941 4015 autem
972 3956 1256 4022 Dominus,
1291 3969 1399 4032 qua
1430 3954 1544 4024 lege
1590 3969 1686 4008 seu
1717 3953 1900 4023 regula
1930 3955 2094 4009 etiam
2119 3955 2172 4008 in
2204 3971 2332 4010 con-

759 4052 951 4107 trariis
979 4049 1058 4105 uti
1090 4065 1199 4104 non
1232 4047 1337 4104 erit
1364 4046 1684 4102 absurdum.
1735 4045 1980 4102 Timidus
2030 4047 2086 4102 in
2129 4048 2328 4103 bellum

762 4161 830 4199 ne
859 4143 1028 4208 exito,
1070 4152 1131 4196 ut
1151 4141 1345 4206 Moses,
1367 4140 1451 4194 vel
1475 4140 1654 4209 potius
1682 4138 1824 4192 Deus
1855 4139 2118 4208 imperat,
2141 4150 2196 4195 et
2220 4157 2332 4194 me-

762 4237 868 4290 rito
896 4252 964 4291 ne
985 4251 1140 4291 error
1167 4248 1362 4302 nempe
1399 4242 1712 4304 postremus
1742 4229 1902 4301 355
1933 4231 2129 4287 anima:
2157 4235 2332 4302 primo

2432 3500 2788 3554 συνίστασθαι
2841 3502 3073 3570 πέφυκε.
3121 3501 3234 3566 Τὰς
3275 3502 3377 3572 μὲν
3413 3502 3661 3567 εὐσεϐεῖς
3690 3504 4008 3576 θυγατέρας

2430 3591 2487 3644 αί
2528 3591 2762 3663 μητέρες
2783 3593 3052 3658 τίκτουσι,
3081 3591 3183 3656 τὰς
3207 3592 3264 3646 δὲ
3297 3593 3541 3664 μητέρας
3570 3594 3600 3646 6
3642 3593 3876 3663 Κύριος,
3907 3595 4009 3649 καὶ

2428 3683 2521 3735 ἐπὶ
2557 3682 2666 3735 τῶν
2687 3684 2946 3736 ἐναντίων
2972 3683 3053 3755 τῷ
3073 3685 3458 3754 προειρημένῳ
3480 3683 3663 3736 κανόνι
3686 3685 3878 3754 ὁρίσαι
3893 3685 4002 3738 οὐκ

2429 3775 2650 3844 ἄσοφον.
2707 3776 2891 3839 Δειλδς
2938 3778 3022 3840 είς
3066 3776 3304 3846 πόλεμον
3348 3775 3423 3846 μὴ
3468 3775 3676 3840 ἐξιέτω,
3734 3777 4006 3848 Μωυσῆς,

2435 3868 2635 3940 μᾶλλον
2673 3869 2730 3922 δέ
2777 3868 2909 3932 Θεὸς
2948 3868 3412 3940 παρακελεύεται,
3455 3869 3654 3940 μήπως
3697 3869 3939 3939 γένηται
3971 3870 4008 3937 ἠ

2431 3963 2633 4032 ἐσχάτη
2660 3961 2836 4032 πλάνη
2856 3963 2958 4033 τῆς
2994 3960 3173 4033 ψυχῆς
3215 3961 3353 4032 ὑπὲρ
3388 3960 3488 4030 τὴν
3542 3961 3766 4033 πρώτην
3786 3962 4011 4015 πτῶσιν

2429 4051 2523 4106 τοῦ
2549 4049 2818 4122 σώματος,
2835 4051 2931 4105 καὶ
2950 4052 3192 4116 εἰκότως.
3219 4052 3340 4115 Φῶς
3372 4054 3472 4124 μὲν
3488 4054 3596 4108 τῶν
3617 4053 3712 4106 τοῦ
3743 4053 4011 4122 σώματος

2433 4142 2651 4195 πάντων
2676 4141 2897 4212 ἄρθρων
2921 4143 2972 4194 oi
3002 4142 3250 4212 αἰσθητοὶ
3287 4143 3582 4215 ὀφθαλμοί·
3614 4142 3731 4212 φῶς
3775 4142 3842 4195 δὲ
3881 4158 4007 4197 νοε-

2433 4231 2528 4301 ρὸν
2556 4230 2768 4301 ἀρετῶν
2787 4231 2900 4285 τῶν
2926 4231 3087 4286 θείων
3117 4231 3410 4305 διάκρισις.

761 4345 894 4386 casu
958 4328 1203 4398 corporis
1250 4326 1490 4381 deterior
1536 4325 1648 4378 fiat.
1726 4323 1936 4378 Lumen
2015 4321 2262 4377 omnium
2335 4322 2585 4392 corporis
2634 4321 3006 4376 membrorum
3060 4331 3189 4378 sunt
3233 4332 3378 4378 oculi
3429 4323 3682 4379 sensibus
3735 4325 4012 4394 subjecti.

760 4422 878 4477 Lux
909 4435 1037 4477 vero
1085 4418 1392 4473 intellectus
1415 4415 1658 4471 omnium
1707 4413 2015 4469 divinarum
2065 4413 2327 4469 virtutum
2359 4423 2442 4469 est
2461 4413 2740 4470 discretio.

1056 4532 1349 4592 SCHOLIA
1401 4531 1492 4585 AD
1521 4527 1812 4586 GRADUM
1853 4526 2050 4584 XXVI.

1300 4645 1377 4700 De
1405 4645 1738 4698 discretione.

1111 4738 1358 4794 Scholion
1390 4737 1586 4790 lsaaci.
1630 4737 1866 4800 Quazstio
1891 4736 1944 4791 1.

829 4833 969 4901 Quid
1009 4842 1094 4886 est
1125 4829 1424 4901 perfectio?
1455 4829 1609 4897 Resp.
1642 4827 1978 4882 llumilitatis
2006 4842 2214 4882 merces
2235 4843 2328 4881 seu

759 4929 1066 4997 praemium,
1091 4924 1194 4977 hoc
1214 4931 1317 4985 est,
1351 4921 1621 4976 abdicatio
1644 4922 1890 4974 omnium
1920 4919 2330 4988 aspectabilium

759 5029 814 5072 et
851 5015 1344 5085 inaspectabilium.
1403 5012 1833 5082 Aspectabilium
1865 5010 2112 5065 omnium
2146 5024 2337 5079 nempe

761 5127 881 5181 qua:
905 5110 971 5165 ad
1004 5125 1225 5166 sensum
1257 5108 1564 5178 pertinent;
1597 5122 1707 5161 non
1742 5105 2176 5176 aspectabilium,
2213 5119 2336 5175 qua:

761 5206 828 5259 ad
865 5213 1122 5268 mentem,
1157 5210 1211 5256 et
1237 5214 1575 5271 quaecunque
1604 5215 1671 5254 ex
1711 5213 1842 5254 cura
1871 5197 2069 5253 horum
2098 5213 2333 5254 nascun-

765 5307 870 5350 ltll‘.

1373 5381 1623 5437 Scholion
1648 5383 1706 5436 9..

831 5475 1065 5529 Mundus
1093 5471 1257 5528 corde
1279 5481 1380 5536 est,
1405 5472 1498 5541 qni
1519 5487 1577 5526 se
1600 5472 1773 5541 ipsum
1795 5469 2104 5526 damnando
2131 5484 2326 5540 praece-

761 5581 912 5640 ptum
942 5566 1034 5622 Dei
1071 5581 1180 5620 non
1215 5564 1426 5619 irritum
1457 5563 1641 5620 faciet.
1689 5564 1800 5618 Aut
1835 5563 1929 5634 qui
1958 5577 2085 5629 erga
2111 5575 2326 5616 omnem

763 5672 997 5717 creatam
1054 5669 1304 5713 naturam
1357 5657 1734 5713 misericordia
1791 5663 2190 5712 commovetur.
2221 5655 2330 5708 Aut

2800 4531 3054 4587 ΣΧΟΔΙΔ
3075 4531 3187 4585 ΕΙΣ
3215 4531 3440 4586 ΛΟΓΟΝ
3470 4534 3613 4599 KG’.

2939 4647 3080 4716 Περι
3106 4647 3476 4716 διακρίσεως.

2715 4742 2978 4808 Σχόλιον
3011 4739 3241 4793 Ἰσαάκ.
3296 4737 3614 4807 Ἐρώτησις
3641 4745 3713 4793 α’.

2503 4831 2569 4884 Τί
2599 4833 2747 4885 ἐστιν
2784 4833 2820 4902 ἡ
2858 4830 3163 4910 τελειότηςς
3213 4831 3500 4898 Ἀπόκρις.
3543 4830 3756 4894 Μισθὸς
3803 4849 4019 4886 ταπει-

2434 4917 2651 4983 νώσεως
2670 4937 2686 4952 ·
2735 4921 2870 4992 ὅπερ
2904 4919 3050 4972 ἐστὶν
3103 4922 3137 4988 ἡ
3192 4918 3496 4988 κατάληψις
3518 4919 3594 4986 (a)
3626 4918 3860 4972 πάντων
3899 4919 4024 4972 τῶν

2429 5011 2642 5082 όρατῶν
2666 5028 2727 5064 τε
2777 5011 2872 5064 καὶ
2915 5012 3190 5082 ἀοράτων·
3233 5009 3445 5081 ὁρατῶν
3475 5009 3576 5080 μὲν
3621 5011 3854 5065 πάντων
3901 5012 4027 5064 τῶν

2429 5102 2702 5174 αἰσθητῶν
2724 5118 2737 5130 ·
2788 5101 3032 5172 ἀοράτων
3078 5102 3138 5155 δὲ
3177 5101 3285 5154 τῶν
3333 5100 3558 5173 νοητῶν,
3607 5101 3704 5154 καὶ
3752 5101 3879 5156 τῶν
3947 5105 4020 5156 ὲκ

2430 5196 2703 5268 μερίμνης
2728 5196 2828 5265 τῆς
2860 5196 3000 5266 ὑπὲρ
3035 5193 3236 5248 αὐτῶν.

3021 5373 3278 5441 Σχόλιον
3305 5371 3372 5442 β’.

2501 5467 2757 5539 Καθαρδς
2803 5468 2872 5539 τῇ
2908 5466 3106 5537 καρδίᾳ
3137 5465 3304 5530 ἐστὶν,
3351 5466 3380 5518 6
3429 5464 3529 5535 μὴ,
3577 5462 3785 5517 ἑαυτοῦ
3829 5479 4024 5515 κατα-

2430 5561 2610 5630 γνοὺς,
2647 5561 2740 5612 ἐπὶ
2793 5557 3012 5628 ἐντολῆς
3058 5557 3194 5611 Θεοῦ
3234 5556 3488 5626 άθετήσει
3510 5572 3525 5586 ·
3579 5555 3613 5625 ἢ
3663 5556 3694 5608 6
3741 5555 4026 5624 ἐλεήμων

2431 5652 2572 5722 ὑπὲρ
2600 5651 2780 5722 πάσης
2809 5650 2910 5722 τῆς
2932 5649 3145 5721 φύσεως
3166 5650 3263 5720 τῆς
3290 5648 3514 5718 κτιστῆς
3539 5665 3556 5680 ο
3579 5647 3612 5717 ἢ
3640 5649 3671 5702 ό
3703 5646 4025 5717 ἐλεύθερος

831 5820 1252 5892 (τιλΚατάληψις
1282 5819 1703 5889 comprehensio;
1768 5813 2087 5883 κατάλειψις
2116 5813 2414 5877 abdicatio;
2478 5814 2490 5866 l

2358 5829 2414 5877 o;
2478 5813 2698 5884 legerim
2762 5815 2866 5871 hoc
2937 5813 3060 5871 loco
3107 5809 3422 5880 κατάλειψις
3473 5808 3662 5881 potius
3699 5822 3875 5880 quam
3910 5818 4023 5858 m-

760 5891 1012 5962 τόληψις.
