4216 6458
188 407 318 474 1&3?

1164 410 1390 469 SCALA
1426 409 1804 470 PARADISI.
1834 434 1900 445 -·-
1922 410 2235 471 ‘GRADUS
2256 413 2464 474 XXVI.

3304 416 3440 487 1038

184 520 294 572 τῶν
355 519 616 590 κρυπτῶν
656 519 877 574 παθῶν·
924 519 1163 590 καθαρὸς
1199 520 1257 573 δὲ
1312 519 1409 589 τῷ.
1445 519 1681 591 σώματι,
1728 520 1759 572 ὁ

1819 551 1831 579 ι
1856 521 1950 591 qui
1980 521 2119 576 liber
2148 533 2231 578 est
2250 525 2320 579 ab
2346 525 2579 582 occultis
2602 527 2769 582 vitiis.
2802 525 3037 584 Mundus
3066 544 3294 599 corpore
3330 539 3437 592 est.

182 609 329 671 ὅσιος
349 611 415 662 ἐκ
446 607 543 662 τοῦ
575 609 853 680 μολυσμοῦ
879 610 983 683 τῆς
1011 611 1213 683 σαρκός
1243 613 1359 665 ἐστι
1399 612 1494 664 καὶ
1549 613 1579 665 ὁ
1624 611 1754 680 ἀλη-

184 699 358 755 θεύων
384 700 472 755 διὰ.
490 701 781 773 στόματος.

782 800 1045 866 Σχόλιον
1073 805 1139 867 γ’.

259 884 423 955 Τρεῖς
451 887 594 940 εἰσιν
629 889 677 941 οἱ
708 890 850 944 κατὰ
890 890 982 943 τὸν
1021 891 1247 961 Μάρκον
1292 896 1568 959 γίγαντες,
1599 891 1757 962 λήθη,

182 974 375 1041 ἄγνοια
396 1015 412 1041 ,
458 978 550 1031 καὶ
582 978 855 1050 ρᾳθυμία-
910 980 1005 1041 οὓς
1039 981 1068 1033 ὁ
1108 980 1227 1052 θείᾳ
1255 982 1439 1053 χάριτι
1472 983 1758 1039 ποντίσας.

183 1066 364 1120 πάντα
424 1069 496 1123 τὰ
563 1069 785 1142 ἅρματα
859 1072 951 1126 τοῦ
1023 1072 1225 1144 Φαραὼ
1289 1075 1615 1145 συντρίψεις.

796 1259 844 1310 Σ
846 1258 1047 1325 χόλων
1090 1258 1152 1312 δ’.

271 1341 339 1395 Ἡ
380 1341 536 1411 ναῦς,
584 1346 717 1400 ποτὲ
763 1345 864 1417 μὲν
911 1350 978 1401 ἐκ
1024 1348 1137 1401 τῶν
1186 1346 1388 1414 ἔξωθεν
1450 1351 1758 1421 τρικυμιῶν

182 1437 683 1503 καταϐαπτίζεταιο
736 1442 867 1495 ποτὲ
918 1442 977 1496 δὲ
1028 1443 1133 1496 ὑπὸ
1181 1444 1284 1514 τῆς
1339 1444 1489 1499 ἔνδον
1543 1445 1762 1510 ἀντλίας

185 1527 520 1598 ὑποϐρύχιος
560 1530 796 1597 γίνεται.
841 1533 951 1585 Καὶ
998 1533 1161 1603 ἡμεῖς
1209 1534 1340 1588 ποτὲ
1389 1536 1490 1605 μὲν
1524 1534 1615 1588 διὰ
1653 1535 1763 1587 τῶν

183 1620 345 1683 ἐκτὸς
369 1623 692 1691 πρακτικῶν
740 1624 1155 1696 ἁμαρτημάτων
1198 1626 1552 1697 ἀπολλύμεθα
1574 1643 1587 1656 ·
1629 1627 1761 1680 ποτὲ

182 1710 245 1764 δὲ
274 1712 365 1766 διὰ
386 1712 496 1766 τῶν
515 1712 661 1769 ἔνδον
689 1715 966 1788 λογισμῶν
992 1715 1389 1787 ἀφανιζόμεθα.
1425 1720 1518 1771 Δεῖ
1542 1712 1637 1772 οὖν
1666 1720 1763 1773 καὶ

183 1805 288 1868 τὰς
342 1804 541 1870 ἔξωθεν
590 1807 700 1863 τῶν
752 1809 1078 1880 πνευμάτων
1117 1811 1402 1879 ἐπιτηρεῖν
1434 1809 1760 1882 προσϐολὰς,

1860 618 1954 687 qui
1990 634 2020 672 a
2050 620 2232 675 carnis
2275 621 2651 690 inquinatione
2690 636 2864 692 purus
2910 631 3015 690 est,
3063 622 3157 694 qui
3176 622 3393 678 nullum
3420 624 3440 644 ‘

1862 710 2066 779 profert
2094 728 2160 767 ex
2189 728 2287 768 ore
2315 714 2682 770 mendacium.

2484 806 2733 861 Scholion
2768 810 2821 863 5.

1933 897 2067 953 Tres
2085 906 2236 962 sunt,
2258 914 2321 953 ex
2338 898 2503 955 Marci
2518 900 2819 973 (monachi)
2844 901 3131 965 sententia,
3147 902 3392 971 gigantes
3417 920 3430 954 :

1861 988 2089 1053 oblivio,
2140 988 2481 1057 ignorantia,
2525 991 2743 1062 pigritia
2777 1008 2957 1061 :quos
2991 992 3037 1049 si
3082 1008 3205 1047 cum
3250 994 3435 1048 divina

1863 1080 2038 1149 gratia
2085 1090 2252 1149 ponto
2300 1084 2555 1139 merseris
2584 1126 2601 1149 ,
2648 1099 2840 1139 omnes
2897 1100 3090 1140 currus
3136 1083 3436 1141 Pharaonis

1862 1182 2131 1228 conteres.

2456 1266 2705 1323 Scholion
2744 1269 2800 1322 ι.

1930 1356 2117 1423 Navis,
2149 1358 2313 1413 modo
2339 1360 2411 1414 ab
2439 1360 2802 1416 exterioribus
2827 1361 2995 1417 maris
3015 1358 3270 1417 ﬂuctibus
3302 1360 3437 1416 hau-

1864 1451 2023 1513 ritur,
2064 1451 2224 1507 modo
2261 1466 2329 1507 ex
2376 1454 2636 1510 interiore
2670 1453 2886 1510 sentina
2910 1454 3195 1526 mergitur.
3239 1453 3303 1509 Et
3333 1468 3436 1510 nos

1863 1545 2156 1616 aliquando
2203 1560 2301 1616 per
2328 1555 2552 1601 externa
2580 1555 2799 1616 peccata
2826 1549 3091 1617 perimus,
3141 1546 3436 1616 aliquando

1863 1651 1961 1707 per
2019 1638 2264 1693 internas
2292 1638 2652 1707 cogitationes
2691 1638 3089 1695 evaneseimus.
3120 1637 3357 1694 Proinde
3379 1646 3436 1693 et

1862 1738 2213 1785 externorum
2271 1730 2552 1786 ﬂaminum
2612 1740 2666 1786 et
2721 1731 3015 1801 spirituum
3072 1732 3326 1801 procellae
3375 1739 3434 1785 et

1870 1818 2102 1889 impetus
2121 1821 2348 1875 cavendi
2377 1830 2526 1886 sunt,
2561 1832 2618 1876 et
2644 1820 2872 1877 interior
2903 1822 3294 1891 cogitationum
3328 1821 3436 1877 im-

184 1897 286 1947 καὶ
313 1896 410 1959 re;
444 1896 593 1951 ἔνδον
617 1898 725 1952 τῶν
748 1898 1025 1970 λογισμῶν
1046 1898 1320 1963 ἐξαντλεῖν
1372 1881 1721 1969 ἀκαθαρσίας
1742 1914 1755 1926 ·

1819 1883 1835 1935 ³
1866 1926 2126 1980 purarum
2151 1912 2520 1968 exhaurienda
2550 1915 2779 1969 sentina.
2812 1881 3104 1970 Enimvero
3132 1914 3310 1985 major
3339 1929 3439 1970 eu-

184 1985 333 2058 πλῆν
354 1989 765 2062 ὲπιπονωτέραν
787 1991 891 2063 χρὴ
922 1990 1060 2062 πρὸς
1100 1992 1230 2054 τοὺς
1262 1991 1555 2062 λογισμοὺς
1584 1994 1761 2046 ποιεί-

184 2078 315 2133 σθαι
344 2080 443 2151 τὴν
468 2081 727 2138 διάνοιαν.

799 2178 1062 2245 Σχόλιον
1087 2184 1148 2231 ε’.

269 2269 399 2322 Ἐὰν
431 2270 506 2340 μὴ
549 2271 616 2324 δι’
660 2270 921 2342 ἀμελείας
949 2272 1029 2335 είς
1074 2270 1297 2340 ἄγνοιαν
1330 2271 1424 2325 καὶ
1455 2271 1629 2342 λήθην
1665 2274 1761 2326 καὶ

182 2360 465 2434 ρᾳθυμίαν
507 2367 914 2437 περιπέσωμεν,
951 2366 1053 2438 τῆς
1084 2365 1205 2421 κατ’
1243 2365 1467 2436 ἐντολὴν
1498 2367 1761 2438 ἐργασίας

177 2454 287 2507 οὐκ
314 2454 746 2527 ἀποτευξόμεθα.
802 2457 865 2512 ΕΞ
902 2458 976 2529 μὴ
1009 2460 1119 2530 γὰρ
1151 2460 1179 2512 ὁ
1209 2458 1338 2523 νοῦς
1382 2459 1661 2531 σκοτισθῇ,
1697 2462 1759 2514 ού

180 2548 437 2619 κυριεύει
467 2550 535 2604 τὰ
566 2549 712 2623 πάθη
734 2552 833 2625 τῆς
859 2551 1056 2624 ψυχῆς.

787 2730 1043 2799 Σχόλιον
1087 2728 1162 2794 ς’.

272 2817 456 2888 Ὀψία,
486 2835 578 2873 και
609 2819 799 2874 σκοτία
839 2819 1039 2891 ψυχῆς,
1070 2819 1320 2891 ἀμέλεια,
1374 2819 1538 2889 λήθη,
1574 2818 1764 2872 ἐπιθυ-

185 2910 294 2979 μία
317 2925 335 2941 ο
380 2910 541 2965 τοῦτο
592 2908 687 2966 οὖν
734 2912 846 2968 ἀπὸ
889 2912 1178 2983 συνηθείας
1241 2909 1395 2966 εῐπεν
1437 2911 1468 2964 δ
1492 2911 1665 2983 δηλοῖ,
1700 2911 1763 2965 τὸ

179 3002 287 3070 ὀψὲ
318 3002 566 3068 γίνεσθαι
614 3004 782 3076 ἧγουν
808 3003 979 3076 βραδύ
1010 3020 1025 3035 ·
1057 3004 1087 3057 ὅ
1136 3004 1390 3073 λυκόφως
1422 3002 1555 3073 φασί
1593 3020 1760 3069 τινες.

808 3269 1067 3337 Σχόλιον
1092 3269 1160 3332 ζ’.

265 3357 334 3411 '0
361 3357 538 3423 ἀῦϐἄς
559 3357 734 3413 Λέων.

791 3476 1050 3543 Σχόλιον
1082 3482 1152 3546 η’.

261 3564 359 3629 Τὸ,
389 3564 712 3636 προλήψεσι,
738 3565 967 3618 παλαιὸν
994 3567 1094 3619 ούκ
1126 3565 1274 3620 ἔστιν
1297 3567 1564 3638 ὲμπαθῶν
1589 3585 1604 3599 ·
1629 3569 1767 3623 ἀλλά

182 3656 389 3727 πόρῤω
420 3656 517 3727 μὲν
561 3656 653 3711 τοῦ
706 3658 915 3727 μύσους
972 3655 1244 3721 ἑστώτων,
1292 3658 1390 3711 τοῦ
1451 3658 1673 3730 βρώμου
1702 3661 1762 3714 δὲ

182 3748 710 3820 ἐποσφραινομένων
734 3765 749 3779 ·
773 3749 854 3801 διὸ
881 3747 978 3801 καὶ
1006 3748 1197 3818 ἄρχειν
1222 3750 1314 3803 τὸν
1356 3750 1598 3805 τοιοῦτον
1625 3751 1764 3804 ἑκώ-

181 3841 378 3904 λυσεν,
408 3839 496 3893 ἵνα
525 3841 600 3912 μὴ
628 3841 1010 3912 ἀμεριμνήσας
1043 3840 1211 3894 πάλιν
1242 3842 1615 3916 ὲγκυὸιστήσῃ
1642 3845 1765 3907 ταῖς

181 3935 256 3986 ἐκ
273 3931 725 4000 συγκαταθέσεως
749 3932 999 4017 πράξεσξο
1023 3932 1116 3987 τὸν
1130 3933 1187 3987 δὲ
1207 3932 1344 4005 πρὸς
1358 3934 1457 3999 τὰς
1472 3935 1764 4007 αἰσχρουρ-

178 4022 315 4092 γξας
339 4024 610 4094 κεχηνότα
630 4024 691 4077 οὐ
714 4022 988 4078 διδάσκειν
1023 4026 1318 4095 συγχωρεῖ.

1863 2018 1922 2058 ra
1955 2004 2022 2059 ad
2043 2003 2402 2074 cogitationes
2426 2008 2754 2063 coercendas
2785 2006 3093 2064 adhibenda
3121 2019 3223 2064 est.

2509 2166 2761 2223 Scholion
2785 2169 2837 2223 5.

1934 2263 2049 2320 Nisi
2075 2281 2171 2337 per
2200 2266 2586 2338 negligentiam
2620 2278 2862 2322 nostram
2915 2267 2968 2321 in
3000 2268 3357 2337 ignorantiam
3384 2278 3439 2325 et

1860 2358 2190 2415 obiivionem
2221 2368 2278 2415 et
2327 2359 2613 2428 segnitiem
2662 2359 3041 2424 inciderimus,
3084 2359 3265 2416 l'ructu
3310 2375 3439 2432 ope-

1865 2451 1940 2506 ris
1960 2466 2024 2506 ex
2057 2461 2324 2521 praecepto
2351 2450 2514 2523 356
2542 2450 2768 2521 perfecti
2796 2466 2907 2506 non
2936 2452 3290 2521 privabimur.
3322 2451 3439 2509 Nisi

1862 2547 2008 2598 enim
2040 2558 2194 2599 mens
2223 2544 2418 2599 obtusa
2445 2544 2794 2605 obscuretur,
2845 2544 3000 2599 malae
3022 2553 3079 2598 et
3107 2544 3322 2600 vitiosae
3356 2544 3442 2599 af-

1865 2636 2128 2692 fectiones
2168 2635 2223 2691 in
2244 2637 2484 2691 animam
2513 2651 2622 2690 non
2653 2636 3105 2691 dominabuntur.

2491 2730 2743 2786 Scholion
2783 2730 2836 2784 6.

1937 2820 2131 2877 Serum
2163 2828 2220 2876 et
2243 2821 2481 2878 tenebrae
2521 2821 2722 2877 mentis
2760 2828 2889 2876 sunt
2928 2820 3271 2893 negligentia,
3301 2822 3440 2878 obli-

1866 2913 1976 2978 vio,
2010 2928 2178 2983 prava
2221 2914 2511 2984 cupiditas.
2546 2914 2664 2970 Hoc
2704 2927 2834 2983 ergo
2865 2928 2931 2969 ex
2965 2913 3109 2984 vulgi
3145 2928 3246 2969 usu
3279 2912 3438 2981 dixit,

1864 3006 2013 3076 quod
2056 3006 2331 3078 signiﬁcat
2380 3006 2515 3061 illud
2540 3046 2556 3071 ,
2600 3022 2723 3063 sero
2763 3008 2914 3072 ﬁeri,
2962 3007 3068 3064 hoc
3108 3018 3227 3074 est,
3263 3007 3438 3063 tarde.

1864 3101 2019 3168 Quod
2056 3110 2270 3170 tempus
2299 3101 2466 3170 aliqui
2506 3101 2696 3155 dicunt
2726 3100 2976 3170 λυκόφως
2998 3102 3075 3173 (a)
3106 3116 3204 3157 seu
3249 3115 3442 3173 crepu-

1788 3224 1831 3282 C
1865 3194 2077 3250 scnlum
2110 3210 2206 3250 seu
2236 3196 2564 3250 matutinum
2598 3209 2692 3249 seu
2723 3195 3111 3264 vespertinum.

2511 3285 2760 3340 Scholion
2784 3286 2839 3340 '7.

1936 3378 2121 3435 Abbas
2157 3377 2282 3434 Leo.

2463 3467 2710 3524 Scholion
2744 3469 2777 3524 8
2813 3469 2908 3541 (b).

1938 3561 2175 3618 Verbum
2213 3560 2537 3634 (προλήψεσι
2584 3559 3095 3634 [anticipationibus]
3125 3559 3144 3630 )
3169 3560 3298 3615 olim
3330 3576 3439 3616 non

1866 3656 2232 3726 usurpabatur
2256 3656 2310 3710 in
2345 3655 2542 3709 malam
2567 3663 2776 3723 partem
2802 3654 2869 3709 de
2899 3654 2966 3709 iis
2992 3654 3087 3725 qui
3118 3654 3330 3710 vitiosis
3360 3654 3441 3708 af-

1864 3747 2194 3803 fectionibus
2228 3746 2569 3811 laborabant,
2618 3747 2710 3802 sed
2737 3746 2805 3802 de
2832 3748 2900 3803 iis
2927 3746 3022 3818 qui
3051 3747 3122 3803 ab
3141 3748 3444 3818 omni'qni-

1863 3841 1987 3897 dem
2018 3839 2221 3910 ﬂagitio
2250 3846 2415 3907 erant
2448 3839 2667 3904 remoti,
2709 3839 2804 3894 sed
2840 3848 3020 3893 tamen
3050 3837 3277 3893 fetorem
3313 3853 3440 3893 sen-

1819 4006 1823 4012 .
1865 3932 2092 3987 tiebant.
2124 3931 2200 3984 Ita
2230 3944 2362 4000 ergo
2391 3928 2642 3985 aﬂ‘ectum
2665 3970 2681 3992 .
2708 3929 2981 3985 Climacus
3018 3930 3086 3983 ab
3108 3930 3228 3985 aliis
3249 3943 3445 3997 regen-

1864 4023 1951 4079 dis
1994 4029 2257 4084 removet,
2299 4036 2366 4075 ne
2388 4020 2441 4074 in
2481 4019 2863 4090 negligentiam
2892 4020 3177 4089 prolapsus
3209 4018 3442 4074 actioni-

184 4123 295 4176 bus
326 4136 546 4175 rursum
582 4120 855 4190 prioribus
880 4135 947 4176 ex
979 4119 1172 4176 aﬂ'ectu
1206 4120 1405 4178 mentis
1434 4122 1759 4178 involvatur.
1799 4121 1954 4176 Illum
2018 4134 2184 4190 porro
2221 4117 2316 4188 qui
2363 4116 2431 4171 ad
2469 4126 2656 4187 turpes
2719 4117 2963 4172 actiones
2988 4115 3216 4172 inclinat
3242 4123 3297 4171 et
3323 4111 3442 4170 al'ﬂ-

181 4218 355 4281 citur,
397 4216 596 4272 docere
624 4215 760 4271 alios
790 4217 1062 4287 prohibet.

795 4328 1056 4398 Σχόλιον
1086 4327 1152 4383 θ’.

265 4419 463 4486 Λέγειν
511 4420 618 4491 χρὴ
682 4418 859 4484 καλά,
917 4420 1015 4473 καὶ
1080 4419 1172 4473 τὸν
1242 4420 1320 4489 μὴ
1384 4420 1527 4475 καλά
1593 4421 1770 4492 πράτ-

176 4527 354 4563 τοντα
375 4527 389 4540 ·
412 4511 561 4575 ὅπως
587 4509 817 4582 ἄρξηται
844 4510 955 4563 τῶν
983 4510 1161 4581 ἔργων
1197 4512 1326 4576 τοὺς
1348 4511 1541 4580 λόγους
1581 4514 1771 4582 αἰσχυ-

180 4600 441 4670 νόμενος.

815 4715 1075 4782 Σχόλιον
1109 4720 1160 4769 ι’.

264 4804 436 4875 Κῦμα
464 4804 563 4875 τὴν
606 4805 1067 4876 ὲμπεφορημὲνην
1107 4806 1317 4861 κοιλίαν
1358 4807 1574 4876 εὐφυῶς
1600 4825 1771 4879 προσ-

172 4896 496 4966 ωνόμασεν·
523 4894 710 4949 αὐτόθι
737 4894 849 4965 γὰρ
867 4896 957 4949 διὰ
983 4896 1093 4951 τῶν
1117 4897 1394 4967 λογισμῶν
1418 4898 1569 4970 κῦμα
1589 4899 1770 4967 τοῦτο,

176 4988 287 5041 καὶ
310 4988 391 5050 είς
414 4987 767 5041 κατάπτωσιν
798 4986 1036 5059 ἔρχεται,

792 5105 839 5155 Σ
840 5102 1053 5172 χόλιον
1083 5111 1172 5158 ια’.

262 5192 653 5262 Εἱσαγωγικῶν
727 5193 1069 5266 μαθημάτων
1142 5197 1381 5269 ὑπακοὴ,
1443 5199 1762 5269 ἐγκράτεια,

170 5286 467 5354 ὑπομονὴ,
512 5285 703 5356 ἀνδρία
747 5287 948 5358 ψυχῆς,
1000 5288 1384 5359 ἀπροσπάθεια
1427 5291 1630 5359 γονέων
1668 5293 1759 5347 καὶ

167 5375 490 5449 χρημάτων
511 5393 528 5409 ο
556 5380 667 5440 τοῖς
694 5377 751 5431 δὲ
784 5378 1089 5449 προκόψασι
1123 5382 1495 5453 μακροθυμία,
1531 5385 1761 5453 χρηστό-

166 5485 316 5538 της,
349 5467 680 5538 ἁγαθοσύνη,
719 5471 1054 5540 συμπάθεια,
1102 5473 1449 5541 ἀνεξικακία,
1505 5479 1759 5546 ἀκτημο-

166 5560 353 5631 σύνη,
386 5562 630 5632 νηστεία,
661 5562 938 5635 προσευχὴ
978 5566 1238 5636 ἐκτενής·
1271 5570 1381 5631 τοῖς
1433 5567 1489 5621 δὲ
1534 5567 1758 5632 τελείοις

258 5736 527 5822 (ολῡυοιξι
570 5742 921 5801 similitudine
955 5761 985 5800 a
1015 5746 1219 5818 glaucis
1268 5747 1513 5819 luporum
1570 5751 1764 5814 oculis.

158 5824 280 5868 “ll
306 5825 562 5867 cmcrets.

2474 4315 2720 4371 Scholion
2751 4316 2804 4370 9.

1938 4413 2087 4466 Bona
2128 4409 2354 4465 dicenda
2401 4419 2528 4464 sunt
2572 4409 2736 4464 etiam
2789 4410 2931 4464 mala
2973 4412 3327 4481 perpetranti,
3362 4416 3443 4469 uti

1865 4522 1995 4562 suos
2020 4505 2136 4575 ipse
2156 4504 2422 4559 reveritus
2437 4516 2721 4557 sermones
2750 4502 2891 4557 bona
2913 4517 3071 4573 agere
3100 4505 3323 4575 incipiat
3344 4506 3441 4579 (ς).

2539 4705 2786 4761 Scholion
2815 4706 2882 4758 10

1938 4800 2195 4857 Ventrem
2235 4800 2539 4870 saginatum
2582 4801 2857 4870 ingeniose
2889 4799 3114 4855 ﬂuctum
3153 4800 3321 4855 maris
3346 4815 3444 4870 ap-

1869 4896 2104 4966 pellavit.
2140 4893 2287 4949 Illico
2327 4893 2472 4947 enim
2520 4906 2616 4962 per
2655 4892 3013 4962 cogitationes
3067 4893 3298 4962 procella
3339 4893 3442 4949 ista

1870 4991 1936 5044 ad
1968 4989 2180 5060 lapsum
2208 4986 2435 5057 proruit.

2431 5098 2679 5155 Scholion
2709 5099 2767 5153 ΙΙ
2784 5140 2795 5152 .

1946 5195 2271 5252 Rudimenta
2325 5196 2596 5266 religiosa:
2662 5197 2786 5250 vita
2841 5204 2897 5249 et
2955 5193 3259 5265 disetplinaa
3318 5203 3447 5249 sunt

1869 5289 2205 5354 obedientia,
2243 5289 2592 5355 absﬁnentia,
2634 5289 2914 5360 patientia,
2948 5286 3208 5343 fortitudo
3249 5286 3440 5353 animi,

1868 5383 2136 5437 abdicatio
2185 5383 2366 5438 omnis
2420 5399 2544 5454 erga
2585 5389 2835 5452 parentes
2891 5390 2947 5436 et
3003 5396 3131 5451 opes
3190 5380 3437 5436 aﬂ'ectus.

1870 5475 2268 5530 Proﬁcientium
2322 5474 2743 5545 longanimitas,
2806 5474 3144 5544 benignitas,
3206 5473 3435 5539 bonitas,

1867 5568 2291 5633 commiseratio,
2318 5566 2601 5623 tolerantia
2643 5568 2931 5633 malorum,
2950 5576 3236 5638 paupertas
3257 5606 3271 5628 .
3297 5565 3439 5637 jeju-

1944 5750 2018 5819 (ὁ)
2047 5748 2129 5819 Jo.
2162 5748 2327 5804 Mosc.
2359 5765 2407 5803 ς.
2436 5750 2556 5804 ΗΞ.

1944 5818 2012 5890 (ε)
2053 5818 2164 5877 Hoc
2200 5822 2466 5876 scliolium
2494 5821 2656 5877 etiam
2684 5837 2846 5892 supra
2878 5821 3112 5889 positum
3154 5830 3256 5875 est.
