4216 6458
790 401 928 467 1043

2041 406 2100 465 S.
2123 405 2446 466 JOANNIS
2477 407 2780 468 CLIMACI

3904 401 4050 467 1044

792 514 865 566 ita
911 517 1131 579 propter
1171 510 1417 566 homines
1457 511 1550 581 qui
1593 525 1696 564 nos
1727 511 2007 567 intuentur
2034 513 2218 570 lucere
2252 514 2363 569 vita
2391 527 2438 583 Α

2391 527 2438 583 Α
2466 519 2561 572 καὶ
2581 519 2670 572 διὰ
2697 521 2821 582 τοὺς
2849 518 3091 588 ὁρῶντας
3124 517 3446 589 ἀνθρώπους
3471 515 3682 588 φαίνειν
3711 514 3786 587 τῷ
3806 513 3929 587 βίῳ,
3981 519 4046 572 οὐ

790 613 848 658 et
891 603 1135 658 moribus
1161 604 1386 663 nostris.
1442 619 1549 658 non
1605 604 1733 658 tuba
1777 609 1897 674 (seu
1945 605 2238 676 praeconio)
2275 622 2366 661 os-

2467 616 2535 684 τῇ
2587 614 2850 682 σάλπιγγι
2901 612 3003 683 τῆς
3040 611 3384 676 ἐπιδείξεωςο
3439 610 3502 664 τὸ
3535 610 3668 683 γὰρ,
3711 609 3879 663 Οὕτω
3900 612 4047 678 ,ιαμ-

795 699 1131 755 tcntationis.
1180 697 1314 753 Illud
1368 700 1513 753 enim
1559 699 1795 761 Christi,
1825 700 1904 753 sic
1930 699 2099 755 luceat
2133 701 2229 756 tua:
2278 719 2365 757 ve-

792 805 905 846 stra
940 792 987 824 "
1010 834 1025 857 ,
1067 806 1175 846 non
1216 800 1300 846 est
1329 807 1360 846 a
1404 792 1560 847 nobis
1602 792 1736 862 ipsis
1767 791 2071 862 praedicari,
2103 793 2195 848 sed
2225 794 2371 850 velut

796 888 934 959 ignis
962 899 1089 944 tuus
1123 889 1177 942 in
1211 887 1446 943 tenebris
1479 896 1638 943 terrae
1684 889 1866 944 lucere
1913 889 2134 954 dicitur,
2180 890 2254 945 ita
2283 890 2370 946 lu-

795 995 918 1036 men
951 989 1106 1036 tuum
1148 981 1200 1034 in
1227 979 1465 1036 tenebris
1491 978 1650 1035 lucet.
1731 1019 1744 1033 .
1810 1020 1826 1034 .

1389 1162 1634 1216 Scholion
1661 1161 1751 1216 28.

874 1252 1136 1310 Dominus
1181 1265 1364 1309 noster
1391 1253 1551 1309 Jesus
1590 1254 1844 1310 Christus
1882 1255 2140 1310 omnibus
2189 1256 2371 1311 lumen
2416 1247 2421 1251 ’

803 1345 1110 1414 impertitus
1147 1354 1271 1405 est,
1317 1345 1410 1399 sed
1457 1346 1550 1413 qui
1605 1345 1736 1399 illud
1785 1361 1889 1400 nou
1943 1355 2282 1415 sequuntur,
2317 1361 2377 1402 se

804 1437 954 1506 ipsos
989 1436 1044 1490 in
1083 1435 1334 1490 tenebras
1364 1436 1683 1506 conjiciunt.

1398 1528 1651 1584 Scholion
1686 1528 1776 1584 29.

872 1621 1130 1686 Auxilio,
1179 1621 1398 1692 inquit,
1451 1638 1722 1693 supremae
1761 1633 1814 1679 et
1855 1633 2059 1680 sanctae
2095 1623 2381 1681 Trinitatis

805 1713 1066 1769 adversus
1122 1715 1227 1770 tria
1265 1715 1744 1780 communissima,
1789 1717 1921 1772 vitia
1954 1732 2195 1771 amorem
2225 1717 2379 1772 volu—

807 1807 969 1875 ptatis
989 1847 1004 1870 ,
1033 1807 1307 1877 pecuniae,
1339 1815 1392 1862 et
1420 1822 1573 1862 vanae
1603 1809 1820 1878 gloriaa,
1853 1825 1950 1880 per
1974 1819 2082 1866 tres
2111 1809 2378 1876 virtutes,

806 1900 1007 1970 quibus
1047 1899 1180 1954 vitia
1222 1899 1337 1955 haec
1367 1900 1668 1967 tolluntur,
1716 1902 1912 1957 armati
1944 1902 1999 1958 in
2044 1904 2161 1957 acie
2200 1902 2386 1958 consi-

806 2001 1016 2047 stamus
1039 2034 1054 2058 ,
1082 2007 1180 2063 per
1209 1993 1623 2059 continentiam,
1654 1993 1900 2065 inquam,
1929 1994 2251 2049 charitatem
2277 2033 2294 2059 ,
2327 2002 2386 2049 et

811 2084 1194 2140 humilitatem.
1241 2085 1380 2140 Nam
1427 2087 1642 2142 luxuria
1688 2102 1718 2140 a
1767 2087 2102 2143 continentia
2132 2088 2381 2154 tollitur,

809 2181 1036 2235 avaritia
1061 2197 1091 2236 a
1119 2181 1405 2248 charitate,
1437 2192 1692 2253 tanquam
1718 2182 1960 2238 liberalis
1993 2193 2048 2237 ct
2075 2198 2174 2238 sua
2202 2183 2384 2239 omnia

809 2288 933 2328 cum
962 2274 1084 2329 aliis
1115 2276 1557 2332 communicante
1583 2291 1789 2344 manu;
1820 2276 2077 2346 superbia
2106 2275 2175 2332 ab
2204 2275 2386 2332 humi-

809 2366 962 2424 litate
1009 2384 1132 2439 qua:
1181 2383 1400 2424 omnem
1476 2371 1894 2426 ostentationem
1969 2378 2282 2436 aversatur,
2331 2379 2387 2425 et

811 2461 1042 2531 gloriam
1072 2477 1268 2516 vanam
1306 2471 1650 2518 exsecratur.

1409 2553 1660 2612 Scholion
1695 2554 1784 2610 '50.

882 2648 942 2704 Si
984 2649 1192 2705 delicia:
1229 2651 1470 2704 excitant
1514 2649 1687 2704 malas
1723 2648 2046 2718 cupiditates
2074 2688 2090 2714 ,
2133 2658 2190 2705 et
2216 2649 2388 2721 gloria

811 2745 1158 2814 voluptates,
1185 2743 1276 2814 qui
1307 2743 1393 2799 his
1433 2743 1773 2810 afficiuntur,
1815 2743 1954 2799 bella
1993 2753 2215 2801 movent
2239 2785 2255 2809 ,
2294 2753 2390 2800 aut

812 2837 996 2907 potius
1023 2836 1239 2891 irritant
1266 2843 1318 2891 et
1353 2834 1602 2891 incitant.
1650 2834 1796 2891 Fieri
1823 2837 1970 2892 enim
2005 2836 2154 2891 nulla
2182 2836 2391 2893 ratione

813 2937 1019 2998 potest,
1063 2937 1122 2984 ut
1166 2928 1262 2998 qui
1306 2942 1490 2982 rerum
1536 2927 1878 2995 praesentium
1915 2937 1972 2984 et
2001 2943 2390 2998 corporearum

814 3036 1003 3078 amore
1030 3022 1291 3090 tangitur,
1330 3035 1442 3076 non
1468 3021 1616 3076 intus
1648 3021 1718 3076 ab
1744 3020 1908 3076 rebus
1935 3022 2178 3078 externis
2210 3023 2392 3093 inqui-

815 3122 996 3179 netur,
1028 3122 1084 3169 et
1118 3113 1173 3168 in
1219 3112 1430 3184 priores
1478 3111 1634 3168 labes
1678 3113 1882 3184 quibus
1918 3111 2023 3169 fuit
2052 3123 2390 3184 occupatus,

2469 703 2638 773 ψὰτω
2666 705 2734 763 τὸ
2767 703 2894 773 φῶς
2913 703 3101 774 ὑμῶν,
3129 704 3250 774 οὐχὶ
3278 705 3413 773 παρ’
3451 701 3661 756 ἑαυτῶν
3706 700 4049 772 κηρυχθῆναι

2471 797 2620 848 ἐστιν
2644 809 2659 824 ⁶
2691 794 2807 848 ἀλλ’
2841 795 2916 857 ὡς
2944 795 3156 866 πυρσὸς
3179 799 3236 847 ὲν
3286 794 3494 865 σκοτίᾳ.
3525 791 3627 863 τῆς
3661 791 3767 862 γῆς
3804 791 4010 862 λάμπει

2472 890 2710 961 εἴρηται,
2784 889 2859 952 ὡς
2907 887 3095 942 καὶτὸ
3159 887 3274 956 φῶς
3331 886 3389 938 ἐν
3467 887 3535 955 τῇ
3616 883 3807 956 σκοτίᾳ
3864 883 4052 953 φαίνει

2351 1021 2368 1037 .
2473 981 4050 1052 και(α).......................

3069 1179 3324 1249 Σχόλιον
3349 1181 3450 1246 κη’.

2559 1280 2620 1333 '0
2651 1277 2857 1349 Κύριος
2910 1272 3069 1346 ἡμῶν
3113 1269 3318 1341 Ἰησοῦς
3343 1267 3578 1340 Χριστὸς
3623 1264 3756 1316 πᾶσι
3816 1260 3883 1314 τὸ
3938 1258 4053 1330 φῶς

2477 1373 2800 1445 ἐχαρίσατο·
2852 1368 2967 1423 ἀλλ’
3002 1369 3051 1420 oi
3103 1363 3178 1436 μὴ
3226 1361 3540 1431 πειθόμενοι
3595 1354 3767 1424 αὐτῷ,
3822 1351 4054 1412 ἑαυτοὺς

2479 1461 2803 1526 σκοτίζουσι.

3043 1567 3302 1636 Σχόλιοσ·
3359 1561 3462 1617 κίΥ.

2551 1667 2633 1736 Τῇ
2689 1660 2998 1734 συμμαχίᾳ,
3044 1659 3200 1728 φησὶ,
3249 1657 3350 1726 τῆς
3392 1652 3718 1724 ὑπερουσίου
3766 1647 3864 1702 καὶ⁵
3895 1645 4056 1714 ἁγίας

2482 1756 2731 1829 Τριάδος,
2752 1753 2896 1807 κατὰ
2922 1750 3031 1804 τῶν
3054 1747 3220 1820 τριῶν
3243 1744 3620 1815 γενικωτάτων
3644 1739 3857 1829 παθῶν,
3888 1739 4059 1829 ἤγουν

2409 1869 2458 1930 Β
2484 1826 2814 1918 φιληδονίας,
2874 1837 3238 1930 φιλαργυρίας
3289 1835 3385 1930 ua}
3430 1830 3759 1930 φιλοδο-ξίας,
3810 1828 3903 1882 διὰ
3947 1826 4060 1878 τιῖιν

2482 1938 2650 2006 τριῶν
2671 1933 2906 2006 ἀρετῶν,
2928 1931 3019 2001 ὑφ’
3041 1923 3118 1984 ὧν
3147 1925 3498 1997 ἀναιροῦνται
3527 1922 3720 1986 ταῦτα,
3735 1921 4056 1988 ἀντιπαρα-

2483 2027 2793 2100 ταξὼμεθα,
2819 2027 2987 2096 ἧγουν
3006 2019 3350 2091 ἐγκρατείας,
3385 2016 3627 2086 ἀγάπης,
3659 2013 3755 2066 καὶ⁵
3781 2009 4059 2066 ταπεινῶ-

2485 2139 2643 2184 σεως.
2685 2119 2750 2172 Ἥ
2792 2118 2891 2188 μὲν
2915 2115 3024 2186 γὰρ
3055 2111 3332 2185 φιληδονία
3368 2108 3474 2163 ὑπὸ
3523 2104 3850 2178 ἐγκρατείας
3903 2104 4055 2156 ἀναι-

2486 2214 2663 2284 ρεῖται
2684 2227 2700 2242 ο
2738 2209 2773 2280 ὴ
2801 2207 2860 2261 δὲ
2887 2203 3220 2276 φιλαργυρία
3245 2200 3352 2255 ὑπὸ
3382 2198 3482 2269 τῆς
3502 2196 3742 2266 ἀγάπης,
3771 2195 3849 2259 ὡς
3894 2209 4059 2264 μετα-

2482 2301 2706 2372 δοτικῆς
2724 2298 2822 2354 καὶ
2844 2295 3171 2366 κοινωνικῆς
3189 2310 3205 2325 ο
3236 2294 3272 2364 ἡ
3298 2292 3358 2345 δὲ
3379 2287 3650 2362 φιλοδοξία
3682 2286 3789 2341 ὑπὸ
3813 2285 3920 2356 τῆς
3958 2301 4058 2339 τα-

2487 2394 2819 2457 πεινώσεως,
2845 2391 2922 2456 ὡς
2952 2386 3352 2460 ἅφιλενδείκτου
3388 2383 3484 2437 καὶ
3517 2380 3821 2454 μισοδόξου.

3083 2587 3129 2639 Σ
3131 2583 3341 2652 χόλων
3392 2579 3457 2634 λ’.

2558 2686 2621 2738 El.
2652 2684 2703 2756 η’
2727 2681 2907 2754 τρυφὴ
2941 2678 3198 2750 διεγείρει
3245 2681 3314 2731 τὰ
3358 2673 3530 2746 πάθη,
3583 2672 3677 2727 καὶ
3719 2671 3754 2742 η
3803 2668 3936 2735 δόξα
3965 2666 4064 2730 τὰς

2488 2775 2703 2850 ἡδονὰς,
2758 2777 2809 2828 oi
2845 2773 3057 2836 τούτοις
3090 2767 3642 2842 προσασχολούμενοι,
3696 2761 3823 2816 καθ’
3851 2758 4064 2814 ἑαυτῶν

2489 2867 2619 2932 τοὺς
2644 2864 2914 2937 πολέμους
2941 2861 3325 2934 διεγείρουσιν,
3351 2859 3387 2930 ἢ
3430 2857 3631 2930 μᾶλλον
3665 2855 3844 2908 εἰπεῖν
3883 2852 4062 2921 διερε-

2490 2960 2730 3026 θίξουσιν
2751 2974 2768 2990 ο
2803 2956 3064 3012 ἀδύνατον
3119 2954 3230 3026 γὰρ
3262 2951 3339 3024 τῷ
3375 2951 3513 3022 πρὸς
3536 2948 3637 3012 τὰς
3683 2946 3816 3008 ὔλας
3837 2942 4066 3015 ἐμφιλο-

2491 3052 2778 3125 χωροῦντι,
2834 3049 2912 3122 μὴ
2946 3047 3017 3103 τὰ
3047 3046 3200 3110 ἐντὸς
3234 3046 3300 3098 ὲκ
3349 3042 3456 3097 τῶν
3492 3041 3651 3103 ἐκτὸς
3711 3033 4066 3125 μολύνεσθαι,

2495 3124 2592 3200 καί
2637 3144 2778 3216 πρὸς
2823 3143 2925 3206 τὰς
2996 3137 3294 3212 προλήψεις
3357 3132 3768 3202 ὲξολισθαίνειν,
3822 3126 3925 3181 καὶ
3968 3124 4066 3216 τὴν

813 3207 1111 3263 relabatur.
1139 3205 1316 3276 Atque
1345 3205 1418 3260 ita
1453 3205 1564 3260 vim
1589 3221 1819 3276 operum
1865 3207 1920 3261 in
1943 3221 2042 3264 vas
2070 3215 2353 3278 pertusum
2375 3245 2392 3272 ,
2419 3209 2467 3272 c

2419 3209 2467 3272 ο
2498 3237 2622 3309 βίαν
2807 3233 2986 3305 ἔργων
3043 3205 3369 3304 πρὺςνπίθον
3397 3222 3750 3297 τετρημένον,
3804 3215 3954 3273 κατὰ
3979 3215 4071 3268 τὸν

817 3309 880 3356 ut
907 3300 1132 3368 dicitur,
1165 3300 1386 3356 hauriat
1409 3308 1466 3355 et
1496 3298 1768 3356 infundat.

1410 3391 1682 3448 Thalassii
1717 3393 1809 3447 5i.

888 3481 1026 3540 Cum
1075 3479 1131 3537 id
1175 3482 1323 3553 quod
1373 3474 1750 3554 praescriptum
1788 3492 1906 3550 est,
1956 3483 2054 3549 tit,
2101 3493 2214 3538 tum
2249 3484 2393 3540 actio

817 3576 1074 3648 praecepti
1102 3575 1321 3632 dicitur.
1350 3574 1539 3632 Virtus
1566 3584 1748 3632 autem
1783 3585 1902 3640 est,
1943 3591 2068 3630 cum
2105 3575 2250 3645 quod
2300 3580 2355 3628 lit
2377 3617 2392 3640 ,

817 3684 888 3727 eo
916 3668 975 3726 ﬁt
1006 3681 1066 3726 ut
1093 3668 1307 3724 veritati
1344 3668 1577 3739 placeat.

1311 3783 1476 3855 330
1530 3781 1780 3838 Scholion
1812 3783 1904 3838 '59..

890 3876 996 3945 Qui
1049 3878 1169 3934 sine
1227 3890 1396 3946 opere
1460 3882 1781 3945 argutatur,
1837 3886 1891 3930 et
1954 3876 2124 3930 multa
2189 3877 2395 3946 garrit,

821 3987 889 4027 ea:
933 3972 1117 4042 iniquo
1149 3971 1250 4025 sibi
1292 3969 1597 4024 thesaurum
1642 3969 1879 4039 colligit,
1919 3981 1970 4023 et
2014 3968 2221 4024 labores
2251 3969 2399 4025 illius

831 4063 1115 4132 (testante
1159 4061 1484 4131 Scriptura)
1524 4060 1581 4114 in
1612 4059 1811 4131 ⁸ιίοιιιιιε
1861 4059 2154 4114 alienorum
2221 4067 2399 4113 trans-

825 4155 974 4211 ibunt
1003 4156 1070 4210 “.

1526 4273 1639 4325 'totii
1676 4273 1764 4325 55.

1623 4289 1638 4323 Ι
1752 4313 1764 4325 .

896 4366 1053 4434 Quod
1094 4365 1252 4422 labor
1293 4379 1405 4420 non
1453 4270 1746 4434 illitam?
1774 4371 1830 4417 et
1875 4361 2203 4417 desiderium
2257 4360 2404 4416 ulnis

829 4474 942 4517 non
990 4459 1242 4529 excepit,
1290 4467 1346 4514 et
1401 4455 1539 4512 fovit
1585 4454 1806 4526 (perit)
1852 4454 2219 4510 contemnitur
2254 4453 2400 4508 enim

2494 3327 2739 3391 είπόντα,
2763 3323 3012 3394 ἀντλεῖν..

2881 3412 3143 3483 Σχόλιον
3179 3406 3526 3464 Θαλασσίου
3570 3403 3672 3457 λα’.

2567 3507 2776 3580 Πρᾶξις
2853 3501 3076 3574 ἐντολῆς
3145 3500 3362 3569 λέγεται
3418 3497 3481 3550 τὸ
3534 3490 4018 3566 προστεταγμένον
4051 3509 4071 3524 ο

2498 3601 2665 3674 ἀρετὴ
2693 3599 2753 3656 δὲ
2799 3600 2858 3652 ὲν
2885 3597 2964 3668 τῷ
2996 3595 3255 3667 ἀρέσκειν
3295 3593 3363 3662 τῇ
3404 3588 3635 3658 ἀληθείᾳ
3662 3585 3725 3640 τὸ
3762 3585 4074 3658 γινόμενον.

3096 3803 3142 3854 Σ
3145 3798 3356 3868 χόλων
3368 3793 3470 3865 λβ’.

2582 3898 2644 3950 '0
2705 3896 2864 3958 ἐκτὸς
2909 3895 3076 3965 ἔργου
3125 3888 3501 3961 σοφιζόμενος,
3536 3886 3632 3939 καὶ
3658 3882 3836 3938 λαλῶν
3867 3881 4074 3953 λόγοις,

2501 3994 2754 4053 πλουτεῖ
2807 3991 2878 4058 ἐξ
2908 3987 3164 4051 ἀδικίας,
3217 3980 3341 4035 καὶ.
3366 3981 3421 4033 οί
3474 3979 3651 4034 πόνοι
3678 3973 3893 4041 αὐτοῦ,
3930 3971 4075 4027 κατὰ

2499 4089 2600 4161 τὴν
2632 4084 2876 4159 Γραφὴν,
2907 4083 2994 4147 είς
3018 4080 3224 4142 οἴκους
3247 4075 3583 4146 ἀλλοτριων
3604 4067 4011 4138 είσέρχονται.

2951 4285 2999 4336 Σ
2999 4280 3212 4352 χόλων
3249 4273 3476 4330 Φωτίου
3516 4271 3618 4340 λγ’.

2579 4382 2758 4451 Ὅπερ
2785 4377 2948 4434 πόνος
2977 4373 3080 4427 οὐκ
3108 4366 3463 4441 ὲμαιεύσατο,
3518 4360 3641 4417 οὐδὲ
3681 4357 3849 4451 πόθος
3902 4356 4081 4451 irrita.-

2509 4449 2756 4536 λιάσατο,
2807 4463 3279 4537 εὐκαταφρόνητον
3310 4458 3420 4530 γὰρ
3469 4456 3569 4528 (ᾶν-
3589 4471 3650 4509 τε
3681 4450 3963 4524 πράξεως,
4017 4449 4081 4502 ἂν

831 4553 985 4618 (sive
1015 4551 1084 4605 de
1120 4551 1335 4606 actione
1358 4589 1373 4616 ,
1402 4550 1520 4604 sive
1551 4546 2006 4616 contemplatione
2037 4544 2267 4616 quaestio
2296 4544 2408 4615 sit)
2441 4557 2487 4612 ι)

2441 4557 2573 4621 Dec
2619 4563 2852 4635 θεωρίας
2901 4559 3050 4614 ἐστὶν
3094 4554 3408 4628 πρόϐλημα)
3450 4549 3514 4605 τδ
3563 4547 3744 4622 ῥᾴδιον
3769 4546 3853 4609 είς
3890 4543 4082 4614 κτῆσιν

829 4646 1095 4720 quidquid
1126 4643 1322 4715 absque
1348 4643 1530 4698 labore
1561 4649 1777 4712 partum
1807 4649 1911 4695 est.

1329 4756 1505 4812 Marci
1540 4754 1785 4810 monachi
1828 4753 1917 4808 54.

903 4848 1100 4905 Mentis
1130 4847 1446 4918 anticipatio
1490 4854 1577 4902 est
1622 4845 1867 4916 priorum
1908 4842 2164 4898 vitiorum
2195 4841 2410 4910 objecta

833 4943 1041 5000 nolenti
1087 4940 1392 5006 memoria,
1438 4938 1673 4995 coercita
1727 4947 1909 4992 tamen
1954 4951 1984 4990 a
2034 4934 2162 4989 forti
2207 4933 2412 4988 athleta

835 5036 1037 5094 Christi
1074 5050 1144 5090 ne
1190 5033 1245 5089 in
1295 5047 1430 5102 Opus
1487 5030 1743 5102 procedat
1785 5045 1798 5081 :
1853 5045 1885 5084 a
1931 5029 2134 5083 victore
2183 5035 2365 5082 autem
2391 5064 2408 5090 ,

838 5141 1093 5200 tauquam
1126 5125 1483 5197 impressione
1515 5123 1748 5195 quadam
1779 5120 1920 5176 facta
1949 5161 1962 5184 ,
1995 5129 2174 5175 retusa
2199 5127 2256 5174 et
2284 5116 2414 5173 sub-

839 5225 970 5278 lata.

1541 5329 1722 5384 Aliud.

910 5427 1016 5496 Qui
1060 5427 1270 5481 litteras
1312 5439 1498 5488 amas,
1531 5437 1652 5476 ama
1682 5429 1739 5475 et
1772 5419 2013 5474 laborem
2040 5436 2052 5471 :
2097 5415 2240 5471 nuda
2269 5417 2413 5471 enim

841 5536 1026 5577 rerum
1052 5517 1296 5590 cognitio
1326 5515 1478 5572 inllat
1511 5514 1809 5570 hominem.

911 5699 1164 5756 “Matth.
1197 5717 1250 5766 ν,
1283 5699 1368 5753 lii.
1441 5697 1484 5728 δί’
1511 5696 1668 5764 Prov,
1693 5711 1746 5764 v,
1778 5694 1863 5749 l0.

2511 4655 2967 4728 παραγινόμενον.

2864 4793 2868 4798 -
2931 4763 3193 4832 Σχόλιον
3250 4756 3496 4824 Μάρκου
3550 4751 3648 4805 λδ’.

2582 4857 2857 4933 Πρόληψίς
2893 4857 3014 4909 ἐστι
3043 4850 3324 4924 προτέρων
3352 4844 3540 4900 κακῶν
3568 4838 4046 4933 μνήμηᾼὰκοὺσιος
4064 4852 4080 4866 ·

2516 4926 2669 5018 παρᾶ
2711 4926 2811 5016 μὲν
2829 4941 2909 5014 τῷ
2930 4939 3211 5010 ἀγωνιστῇ
3253 4934 3525 5007 προϐῆναι
3559 4931 3639 4993 είς
3672 4928 3844 4991 πάθος
3879 4926 4084 4981 κωλυο-

2515 5039 2654 5112 μένη
2684 5054 2699 5068 °
2734 5035 2887 5106 παρὰ
2911 5033 2971 5088 δὲ
3001 5031 3082 5103 τῷ
3117 5031 3313 5101 νικητῇ
3344 5026 3422 5090 ὡς
3475 5019 3784 5095 προσδολῆς
3822 5019 4084 5074 ἀνταναιο

2515 5129 2770 5202 ρουμὲνηα

3179 5319 3390 5371 Ἄλλο.

3179 5322 3203 5339 ”
3253 5322 3390 5371 λλο.

2584 5413 2892 5486 Φιλομαθὴς
2933 5410 3030 5474 ὢν,
3057 5322 3348 5478 γίνουΔκαὶ
3395 5403 3715 5474 φιλόπονος·
3736 5401 3776 5472 ἡ
3797 5396 3910 5471 γὰρ
3953 5395 4079 5466 ψιλή

2522 5506 2725 5578 γνῶσις
2756 5504 2944 5574 φυσιοῖ
2962 5501 3057 5556 τὸν
3077 5497 3385 5570 ἄνθρωπον.

918 5862 995 5911 lal
1031 5857 1190 5913 Deest
1242 5872 1382 5912 unus
1433 5870 1617 5910 rursus
1673 5853 1918 5909 abt‘asus.
1967 5848 2132 5919 Suppl
2209 5845 2416 5916 ryuaudo
2450 5852 2672 5900 mtuum
2713 5836 2991 5894 tn‘tuubus
3017 5832 3323 5902 resplendet.
