4216 6458
184 467 318 529 1045

759 588 807 639 Σ
807 586 1018 655 χόλιον
1068 587 1160 643 λε’.

262 677 319 728 '0
338 674 507 743 γέλως
534 677 596 729 ἐκ
618 676 784 747 τριῶν
797 679 1019 746 γίνεται·
1041 680 1104 732 ἐκ
1120 680 1396 750 πορνείας,
1414 680 1736 746 κενοδοξίας,

179 768 275 819 καὶ
311 768 408 837 τῆς
437 768 583 822 ἔνδον
608 770 934 840 σεμνότητος
965 772 1058 825 καὶ
1078 773 1309 844 τρυφῆς,
1334 774 1362 826 ὂ
1394 775 1510 826 ἐστι
1544 773 1705 844 κόρος
1723 788 1737 802 ·

177 860 409 912 ἑκάστου
484 861 591 913 τῶν
642 862 1116 934 ἀπηριθμημένων
1164 862 1405 934 δηλονότι
1471 865 1739 936 ἀναμέρος

179 951 459 1015 ποιοῦντος
494 953 588 1005 τὸν
608 953 837 1020 γέλωτα.

556 1046 745 1099 Ἀλλο
771 1046 876 1100 τοῦ
901 1047 1072 1115 ἁγίου
1128 1047 1364 1117 Ἐφρέμ.

265 1131 323 1184 ’0
352 1133 527 1201 γέλως
545 1134 635 1187 τὸν
653 1136 999 1205 μακαρισμὸν
1022 1135 1113 1189 τοῦ
1143 1137 1371 1202 πένθους
1398 1137 1503 1204 ἔξω
1520 1139 1704 1210 βάλλει
1723 1157 1738 1171 ο

182 1223 278 1276 καὶ
303 1225 370 1277 τὰ
398 1227 817 1296 οἰκοδομηθέντα
850 1229 1100 1282 καταλύει
1128 1246 1142 1259 ·
1170 1229 1230 1283 τὸ
1258 1230 1481 1300 Πνεῦμα
1500 1230 1559 1284 τὸ
1588 1232 1741 1300 ἆγιον

180 1316 356 1381 λυπεῖ,
421 1316 597 1388 ψυχὴν
657 1320 757 1372 οὐκ
800 1320 1016 1388 ὠφελεῖ,
1066 1323 1223 1392 σῶμα
1268 1323 1593 1394 διαφθείρει,
1643 1327 1740 1388 τὰς

179 1406 384 1476 ἀρετὰς
444 1407 667 1462 διώκει·
726 1412 824 1464 οὐκ
876 1412 987 1482 ἔχει
1045 1414 1267 1485 μνήμην
1311 1414 1571 1469 θανάτου’
1620 1417 1742 1471 οὐδὲ

181 1500 418 1571 μελέτην
465 1501 571 1555 τῶν
606 1502 879 1557 κολάσεων
906 1522 921 1536 ’
958 1506 1175 1577 περίελε
1226 1507 1320 1560 ἀπ’
1356 1507 1492 1576 ἐμοῦ
1540 1508 1631 1561 τὸν
1651 1509 1744 1578 γέ-

182 1592 350 1655 λωτα,
396 1595 487 1647 καὶ
542 1593 785 1665 δώρησόν
829 1614 918 1666 μοι
956 1597 1150 1662 πένθος
1187 1598 1281 1652 καὶ
1328 1597 1625 1669 κλαυθμὸν,
1685 1599 1744 1652 δν

180 1681 368 1753 ζητεῖς
405 1685 535 1756 παρ’
555 1685 690 1756 ἐμοῦ
719 1689 748 1739 ὁ
768 1688 921 1749 Θεός.

751 1782 798 1834 Σ
799 1782 1011 1847 χόλιον
1069 1780 1177 1846 λς’.

266 1868 326 1923 Ὀ
362 1869 528 1933 ῦπνος
557 1872 621 1924 ὲκ
641 1873 916 1939 τεσσάρων
968 1872 1210 1942 γίνεταιο
1247 1875 1743 1946 τρυφῆς,νηστείας

170 1964 281 2031 ,τῆς
326 1963 445 2016 κατ’
478 1963 729 2035 ἔπαρσιν,
778 1965 1025 2032 ἀκηδίας,
1082 1968 1181 2020 καὶ
1235 1967 1447 2037 φύσεως
1480 1986 1494 2003 ·
1538 1967 1744 2022 τούτων

178 2055 281 2107 ἐὰν
332 2058 576 2129 κρατήσῃ
630 2058 728 2128 τῆς
765 2058 978 2129 ψυχῆς,
1020 2060 1111 2113 καὶ
1158 2057 1299 2113 κατὰ
1360 2060 1527 2131 μόνας
1581 2059 1746 2116 ῦπνον

176 2150 207 2199 ἑ
217 2150 419 2217 μποιεί.

398 2337 653 2404 Σχόλιον
666 2336 774 2391 τοῦ
796 2337 1064 2408 μεγάλου
1095 2341 1418 2395 Βασίλειον
1438 2340 1534 2406 λζ’.

270 2425 331 2477 '0
381 2426 558 2497 ἐαυτῷ
603 2428 871 2497 ἀρέσκων,
923 2430 1403 2503 ἀνθρωπάρεσκεΡ
1464 2432 1748 2504 ἄνθρωπος

179 2514 297 2586 γὰρ
335 2517 493 2580 αὐτὸς
547 2518 789 2583 ἕκαστος
831 2521 1043 2592 Ὠσπερ
1064 2518 1157 2576 οὖν
1183 2522 1611 2591 ἐπικατάρατος
1649 2524 1749 2577 ἄν·

178 2612 445 2675 θρωπος,
500 2609 568 2675 ὃς
603 2609 717 2679 τὴν
747 2612 966 2665 ἐλπίδα
990 2614 1111 2683 ἕχει
1152 2616 1243 2668 ἐπ’
1292 2614 1625 2684 ἄνθρωπον,
1653 2617 1749 2670 καὶ

178 2702 465 2768 στηρίσει
501 2703 695 2772 σάρκα
716 2706 1038 2775 ,βραχίονος
1063 2708 1272 2774 αὐτοῦ,
1312 2707 1409 2779 τὴν
1443 2710 1522 2772 είς
1560 2709 1751 2762 ἑαυτὸν

178 2794 516 2865 πεποίθησιν
547 2797 713 2867 δηλοῖ·
737 2793 817 2860 οἷς
843 2799 933 2852 καὶ
964 2800 1235 2871 ἐπιφέρει,
1259 2802 1357 2855 καὶ
1384 2800 1503 2854 ἀπὸ
1532 2802 1751 2869 Κυρίου

182 2886 432 2955 ἀποστῇ
462 2888 499 2956 ἠ
528 2889 697 2957 ψυχὴ
720 2891 925 2944 αὐτοῦ’
951 2890 1123 2954 οὕτως
1148 2892 1242 2945 καὶ
1267 2894 1295 2945 ὀ
1313 2893 1455 2962 ἄλλῳ
1480 2894 1750 2964 ἀρέσκων,

181 2980 222 3048 ἢ
247 2981 367 3033 κατ’
400 2980 534 3033 ἰδίαν
591 2982 880 3051 ἀρέσκειαν
937 2983 1128 3049 ποιῶν,
1182 2984 1281 3055 τῆς
1319 2986 1627 3049 θεοσεϐείας
1652 2987 1751 3040 ὲκ-

184 3070 404 3123 πίτιτεν
430 3074 508 3135 εἰς
525 3074 630 3145 γὰρ
656 3074 1171 3147 ἀνθρωπαρέσκειαν
1184 3079 1442 3147 ἐμπίπτει
1464 3096 1479 3111 ⁶
1506 3082 1752 3137 Ποιοῦσι

184 3164 327 3233 γὰρ,
354 3168 516 3236 φησὶν
534 3167 563 3216 ὁ
592 3166 811 3236 Κύριος,
837 3168 983 3234 πρὸς
998 3169 1065 3221 τὸ
1093 3168 1371 3237 θεαθῆναι
1393 3171 1515 3238 τοῖς
1534 3172 1753 3240 ἀνθρώ-

1115 470 1340 532 SCALA
1370 472 1742 533 PARADISI.
1774 497 1841 508 -
1867 471 2171 532 GRADUS
2199 473 2403 534 XXVI.

3276 468 3412 533 ῒὶὶὶὓ

2436 581 2682 638 Scholion
2714 582 2802 638 ‘55.

1914 673 2078 731 Risus
2106 691 2173 731 ex
2202 676 2377 732 tribus
2408 674 2557 731 vitiis
2588 676 2835 741 exsistit,
2875 689 2941 729 ex
2983 673 3201 730 luxuria
3226 712 3242 739 ,
3273 689 3411 728 vana

1842 770 2015 841 gloria
2053 781 2107 826 et
2136 771 2345 825 interna
2371 773 2638 852 gravitate
2682 780 2735 825 et
2764 770 3001 836 deliciis,
3040 770 3144 827 hoc
3171 778 3289 834 est,
3326 784 3414 823 sa-

1846 858 2030 911 tietate
2056 859 2306 913 ciborum
2336 876 2350 913 :
2387 860 2613 931 singulis
2650 874 2845 929 nempe
2876 875 2943 914 ex
2984 859 3053 914 iis
3074 900 3091 925 ,
3122 873 3245 929 quas
3274 871 3414 912 enu-

1845 949 2205 1016 meravimus,
2240 950 2411 1004 risum
2443 952 2806 1006 moventibus.

2357 1043 2520 1097 Aliud
2560 1044 2598 1099 8
2606 1086 2620 1099 .
2651 1043 2898 1115 Ephrem.

1914 1132 2077 1190 Risus
2107 1136 2322 1190 beatum
2353 1136 2548 1191 anima!
2585 1137 2791 1191 luctum
2820 1133 3171 1199 exterminat,
3210 1143 3264 1188 et
3291 1148 3414 1202 qua

1843 1226 2107 1282 aediﬁcata
2153 1238 2314 1297 sunt,
2350 1229 2632 1296 dissolvit,
2682 1228 2942 1300 Spiritum
2986 1236 3235 1284 sanctum
3282 1240 3413 1281 con-

1845 1317 2063 1385 tristat,
2106 1319 2301 1376 animae
2343 1328 2544 1387 nocet,
2592 1336 2790 1391 corpus
2818 1317 3154 1389 corrumpit,
3184 1318 3414 1371 virtutes

1845 1410 2029 1481 (velut
2074 1412 2293 1483 hostes)
2340 1413 2705 1483 persequitur.
2753 1412 2944 1469 Mortis
2972 1411 3289 1466 memoriam
3318 1424 3415 1465 ex-

1845 1502 2104 1572 stinguit,
2140 1517 2328 1559 curam
2370 1504 2764 1575 suppliciorum
2813 1505 2972 1559 tollit.
3022 1502 3191 1558 Aufer
3241 1517 3271 1556 a
3328 1517 3416 1555 me

1844 1595 2015 1649 risum
2036 1634 2052 1658 ,
2080 1605 2135 1650 et
2166 1595 2233 1651 da
2266 1595 2400 1652 mihi
2434 1598 2643 1654 luctum
2674 1607 2728 1653 et
2752 1598 2936 1653 ﬂetum
2960 1638 2975 1663 ,
3011 1611 3169 1667 quem
3210 1595 3347 1665 petis
3385 1611 3415 1649 a

1846 1702 1954 1754 me,
1984 1686 2126 1743 Deus
2155 1704 2330 1743 meus.

2447 1784 2699 1841 Scholion
2733 1784 2822 1840 '56.

1918 1874 2157 1934 Somnus
2189 1893 2256 1935 ex
2286 1891 2520 1951 quatuor
2543 1879 2727 1935 causis
2756 1879 2965 1946 oritur,
3002 1893 3033 1934 e
3077 1878 3206 1933 luxu
3227 1921 3241 1945 ,
3266 1878 3414 1949 jeju-

1845 1968 1967 2036 nio,
2016 1970 2161 2039 quod
2213 1972 2502 2028 elationem
2549 1972 2716 2027 animi
2769 1971 2951 2026 attulit
2995 1971 3301 2041 jejunanti,
3349 1986 3416 2025 ex

1845 2062 2062 2132 pigritia
2097 2074 2152 2119 et
2178 2074 2393 2120 natura.
2426 2064 2560 2131 Qua:
2595 2065 2778 2119 omnia
2813 2065 2857 2118 si
2908 2065 3104 2119 viceris
3147 2073 3202 2118 et
3244 2063 3418 2134 impe-

1845 2156 2053 2211 raveris
2081 2156 2285 2224 animo,
2318 2157 2533 2228 singula
2569 2166 2749 2212 tamen
2781 2172 3034 2212 somnum
3077 2156 3243 2211 etiam
3284 2172 3418 2212 con-

1844 2249 2052 2304 ciliant.

2233 2341 2483 2397 Scholion
2508 2339 2708 2394 Basilii
2740 2339 2921 2410 Magni
2945 2337 3035 2393 57.

1915 2433 2021 2499 Qui
2053 2432 2159 2487 sibi
2205 2432 2307 2502 ipsi
2338 2432 2544 2502 placet,
2575 2431 2757 2487 studet
2787 2432 2952 2485 etiam
2985 2427 3198 2498 placere
3242 2425 3420 2480 homi-

1849 2529 2046 2594 nibus‘,
2079 2526 2309 2596 quisque
2331 2527 2494 2589 .enim
2522 2538 2577 2580 et
2609 2525 2724 2595 ipse
2748 2523 2853 2579 sibi
2888 2524 3053 2576 homo
3087 2530 3191 2575 est.
3220 2517 3423 2584 Quem-

1850 2619 2140 2674 admodum
2181 2634 2312 2689 ergo
2354 2618 2487 2673 illud
2522 2634 2538 2670 :
2582 2614 2901 2670 Maledictns
2950 2612 3104 2667 homo
3144 2612 3235 2681 qni
3280 2626 3425 2680 spem

1851 2728 2003 2765 suam
2033 2710 2185 2765 habet
2217 2711 2273 2765 in
2308 2710 2549 2776 homine,
2592 2718 2643 2764 et
2686 2706 2922 2776 ﬁrmabit
2961 2720 3174 2759 carnem
3222 2697 3425 2757 brachii

1850 2804 2046 2889 sui‘f",
2078 2803 2348 2873 signiﬁcat
2387 2801 2773 2857 conﬁdentiam
2802 2799 2926 2863 sui,
2959 2797 3158 2867 quibus
3184 2793 3346 2850 infert
3373 2803 3427 2849 et

1852 2888 2097 2966 adjungit
2122 2912 2137 2949 :
2171 2894 2240 2948 Et
2266 2912 2299 2948 a
2330 2894 2557 2949 Domino
2581 2892 2847 2948 recesserit
2867 2892 3047 2945 anima
3075 2888 3190 2958 ejus
3213 2888 3260 2921 "
3289 2905 3305 2955 ;
3344 2888 3426 2951 ita

1850 3000 1905 3043 et
1928 2989 2022 3059 qui
2052 2988 2208 3044 alteri
2240 2988 2443 3058 placet,
2474 2996 2569 3042 aut
2600 2986 2733 3041 facit
2763 2985 2894 3056 quid
2920 3024 2936 3049 ,
2966 2992 3022 3038 ut
3054 2983 3298 3053 placeat,
3333 2996 3427 3035 ex-

1851 3082 1983 3137 cidit
2018 3096 2049 3137 e
2099 3080 2191 3135 Dei
2228 3081 2400 3151 gratia
2441 3080 2572 3133 dum
2619 3087 2800 3148 captat
2843 3076 3125 3132 hominum
3172 3075 3423 3143 gratiam.

1856 3173 2085 3227 Faciunt
2104 3174 2262 3241 enim,
2286 3173 2463 3243 inquit
2482 3172 2641 3244 361
2672 3170 2955 3238 Dominus,
2984 3178 3040 3223 ut
3057 3167 3333 3223 vidcantur
3363 3171 3427 3220 ab

186 3271 359 3320 ποις.
426 3257 612 3326 ’Δμήν
656 3260 810 3329 λέγω
861 3260 1022 3331 ὑμῖν,
1070 3262 1369 3332 ἀπέχουσι
1399 3264 1505 3319 τὸν
1534 3266 1756 3335 μισθὸν
1782 3270 1827 3331 C

1782 3270 1827 3331 c
1856 3267 2173 3321 hominibus.
2216 3267 2383 3322 Amen
2429 3266 2550 3323 dico
2593 3265 2767 3333 vobis,
2807 3272 3109 3332 receperunt
3141 3260 3426 3315 mercedem

186 3365 414 3404 ουτων.

371 3445 629 3513 Σχόλιον
670 3446 984 3503 Ἀντωνίου
1037 3450 1143 3504 τοῦ
1174 3449 1439 3521 μεγάλου
1480 3452 1580 3523 λη’.
1674 3494 1677 3501 .

279 3537 573 3604 Ἐπιθυμία
602 3538 858 3608 λογισμοῦ
902 3541 1297 3612 ἀποσπωμένη,
1325 3542 1519 3614 ἡδονὴν
1547 3544 1711 3615 γεννᾷ
1737 3559 1754 3574 ⁶

2203 3450 2455 3507 Scholion
2503 3451 2716 3505 Antonii
2769 3451 2945 3520 magni
2998 3448 3088 3504 38.

1929 3540 2389 3613 Concupiscentia
2413 3543 2622 3598 ratione
2641 3542 2897 3597 destituta
2920 3541 3249 3609 voluptatem
3268 3538 3427 3608 parit,

190 3629 292 3681 καὶ
324 3631 423 3698 τὴν
443 3629 620 3701 ψυχὴν
651 3631 684 3701 ἢ
712 3630 970 3702 σωθῆναι,
1004 3632 1039 3702 ἢ
1064 3632 1142 3705 τῷ
1169 3632 1288 3703 Θεῷ
1318 3634 1652 3706 συναφθῆναι
1696 3637 1758 3690 οὐ

1860 3650 1961 3690 nec
2004 3636 2137 3690 sinit
2178 3636 2416 3689 animam
2456 3644 2551 3690 aut
2580 3635 2800 3698 salvari,
2848 3642 2942 3687 aut
2989 3647 3113 3687 cum
3162 3629 3273 3686 Deo
3299 3646 3429 3686 con-

192 3725 490 3793 συγχωρεῖ.

774 3818 821 3868 Σ
822 3815 1034 3883 χόλιον
1083 3815 1179 3872 λθ’.

276 3901 535 3971 Ἔλεγχος
566 3903 917 3973 σωτηριώδης
958 3904 1059 3973 τῆς
1087 3905 1286 3969 κακίας
1327 3904 1502 3976 ἡμῶν,
1535 3906 1630 3960 καὶ
1679 3906 1762 3959 ὅτι

1853 3727 2029 3799 jungL

2292 3820 2541 3874 Scholion
2567 3818 2627 3874 S.
2671 3817 2896 3872 Maximi
2928 3817 3020 3872 39.

1931 3911 2300 3985 Reprehensio
2341 3913 2563 3968 malitia:
2601 3918 2801 3965 nostrae
2841 3910 3002 3964 nobis
3036 3908 3293 3964 salutaris
3326 3915 3432 3972 est,

190 3995 270 4048 δι’
294 3996 464 4064 αὐτῆς
493 3997 601 4049 τῶν
620 4000 977 4070 χαρισμάτων
1030 4003 1499 4074 άποτυγχάνομεν,
1553 4005 1650 4058 καὶ
1683 4003 1765 4066 εἰς

1861 4006 2006 4077 quod
2055 4021 2152 4075 per
2190 4005 2364 4075 ipsam
2410 4005 2703 4073 gratiarum
2733 4002 3038 4057 cmlestium
3075 4000 3221 4055 dona
3243 4000 3432 4071 acqui-

192 4086 328 4151 τοὺς
352 4088 548 4151 κόπους
565 4090 1031 4163 καταϐαλλόμεθα.

790 4187 1050 4252 Σχόλιον
1110 4194 1183 4257 μ’.

285 4274 347 4328 Ὀ
372 4277 682 4345 σωματικδς
709 4277 874 4341 κόπος
916 4280 1043 4332 ἄνευ
1084 4280 1185 4350 τῆς
1216 4278 1311 4332 τοῦ
1340 4280 1431 4334 νοῦ
1463 4280 1766 4352 καθαρότη-

1866 4109 2075 4161 ramus,
2097 4103 2152 4149 et
2176 4094 2246 4149 ad
2274 4094 2492 4149 labores
2520 4092 2831 4147 incitemar.

2453 4184 2707 4241 Scholion
2732 4184 2821 4239 40.

1936 4280 2117 4337 Labor
2151 4280 2399 4349 corporis
2440 4279 2536 4350 qui
2583 4286 2734 4333 caret
2780 4276 3048 4331 munditie
3102 4276 3326 4339 mentis,
3350 4282 3437 4329 est

195 4385 319 4433 τος,
352 4368 426 4431 ὡς
454 4369 677 4433 ἄτεκνος
732 4374 933 4441 μήτρα,
966 4372 1055 4424 καὶ
1101 4371 1300 4442 μιισθο)⁸
1328 4372 1624 4444 κατάξηροι
1658 4390 1674 4403 ο
1699 4377 1767 4447 τῇ

1766 4428 1767 4437 χ
1868 4374 2026 4444 quasi
2084 4373 2284 4431 sterilis
2333 4382 2522 4427 uterus
2568 4378 2624 4425 et
2665 4371 2833 4425 ubera
2866 4370 3012 4425 sicca
3057 4377 3113 4423 et
3144 4368 3319 4422 arida.
3353 4367 3431 4420 Ad

197 4462 317 4531 γάρ
388 4461 482 4513 τοῦ
517 4460 653 4514 Θεοῦ
705 4462 902 4529 γνώσει
952 4463 1310 4533 προσεγγίσαι
1365 4466 1425 4517 οὐ
1493 4464 1768 4532 δύνανται,

1869 4467 1965 4522 Dei
1986 4468 2132 4524 enim
2163 4466 2524 4537 cognitionem
2558 4464 2800 4535 aspirare
2821 4478 2930 4518 non
2961 4470 3205 4533 possunt,
3240 4472 3295 4516 et
3321 4475 3437 4516 cor-

202 4554 304 4607 καὶ
356 4554 417 4605 τὸ
470 4551 570 4617 μὲν
621 4551 778 4621 σῶμα
839 4554 1151 4607 κατάκοπον
1209 4553 1474 4620 ποιοῦσιν,
1528 4556 1681 4610 οὐδὲν
1711 4556 1769 4611 δὲ

1303 4553 1474 4620 οὖσιν,
1528 4556 1681 4610 οὐδὲν
1711 4556 1769 4611 δὲ
1800 4626 1830 4630 _
1870 4575 1973 4629 pus
2005 4558 2253 4630 fatigant,
2283 4557 2422 4613 nihil
2451 4566 2632 4612 tamen
2657 4554 2968 4627 proﬁciunt.

204 4646 483 4700 ἀνύουσιν.

776 4739 1033 4807 Σχόλιον
1091 4746 1209 4808 μα’.

291 4828 548 4899 Ἀθληταὶ
564 4828 731 4892 ὅντως
749 4832 797 4883 οἱ
831 4831 1071 4902 μοναχοί’
1092 4831 1277 4885 ἀθλεῖν
1296 4832 1404 4904 γάρ
1437 4831 1775 4905 προῄρηνται

200 4924 275 4992 *ἦ
308 4922 407 4990 τῆς
438 4921 616 4991 ψυχῆς
651 4922 760 4992 βίᾳ·

885 5016 951 5070 Ἀ
960 5019 1092 5072 λλο.

287 5106 493 5173 Ἥγουν
530 5108 628 5175 τῆς
660 5109 846 5180 ἣττης
879 5108 1036 5162 τοῦτο
1067 5111 1176 5179 γὰρ
1215 5113 1466 5182 μοναχοῖς
1502 5110 1775 5180 ἀσθένεια,

206 5200 312 5254 καὶ
344 5202 441 5271 οὐχ
461 5202 493 5272 ἡ
517 5203 613 5255 τοῦ
640 5201 886 5272 σώματος
918 5202 1179 5264 κάκωσις.

894 5377 1107 5429 Ἄλλο.

286 5471 450 5534 Θείας
509 5471 816 5539 οἰκονομίας
862 5469 1166 5539 δωρήματι,
1223 5470 1279 5520 αἰ
1339 5466 1611 5521 ἀσθένειαι
1666 5468 1780 5531 τοῖς

209 5564 497 5635 μοναχῶς.

793 5653 1050 5722 Σχόλιον
1117 5652 1226 5721 μβ’.

289 5746 397 5800 Τὸν
452 5745 681 5816 μοναχὸν
722 5743 814 5798 τὸν
873 5743 949 5815 μὴ
986 5743 1291 5813 θεαρέστως
1345 5740 1660 5795 δουλεύοντα
1702 5740 1782 5811 τῷ

298 5923 346 5953 ⁸⁵
375 5920 571 5979 Jcrcm.
593 5937 721 5988 xvn,
744 5923 796 5979 5.
875 5923 915 5955 ⁵⁸
938 5922 1066 5978 ibid.
1145 5921 1192 5954 "
1215 5920 1399 5978 Matth.
1429 5937 1501 5988 vr,
1529 5922 1584 5976 ‘2.

1798 4626 1845 4683 D

2506 4736 2756 4791 Scholion
2775 4736 2837 4790 ﬂ
2851 4774 2867 4790 .

1940 4829 2190 4888 Monachi
2240 4828 2356 4884 veri
2395 4836 2525 4883 sunt
2573 4828 2827 4882 athletae:
2886 4830 3243 4895 susceperunt
3290 4822 3436 4878 enim

1874 4926 2097 4991 luctam,
2132 4931 2191 4978 ut
2216 4922 2411 4978 anima:
2445 4936 2561 4976 suae
2588 4920 2697 4975 vim
2730 4918 3013 4975 inferrent.

2580 5008 2761 5062 Aliud.

1953 5103 2078 5159 Sive
2105 5104 2249 5174 quod
2295 5101 2420 5158 victi
2449 5101 2581 5156 sint.
2618 5098 2734 5154 Hoc
2755 5098 2900 5153 enim
2929 5094 3209 5151 monachis
3228 5102 3314 5149 cst
3337 5093 3439 5147 im-

1883 5196 2148 5252 becillitas
2172 5210 2268 5252 seu
2314 5193 2600 5264 aegritudo,
2651 5208 2761 5247 non
2807 5199 2991 5247 autem
3017 5187 3262 5258 corporis
3293 5202 3439 5240 mor-

1881 5289 2005 5345 bus.

2585 5373 2767 5428 Aliud.

1955 5466 2127 5523 Morbi
2155 5466 2420 5537 corporis,
2455 5464 2717 5537 singulari
2745 5462 2840 5520 Dei
2870 5460 3133 5519 beneﬁcio
3158 5456 3442 5515 monachis

1886 5558 2270 5614 immittuntur.

2490 5644 2737 5699 Scholion
2768 5642 2856 5696 42.

1968 5740 2314 5809 Monachum,
2345 5740 2439 5811 qui
2463 5753 2570 5795 non
2601 5738 2676 5794 ita
2702 5736 2867 5794 servit
2891 5735 3000 5792 Dco
3032 5745 3091 5791 ut
3113 5733 3189 5790 illi
3212 5732 3440 5803 placeat,
