4216 6458
808 385 940 452 1047

2048 394 2106 452 S.
2138 390 2456 452 JOANNIS
2478 391 2784 454 CLIMACI

3901 389 4037 452 1048

805 517 907 558 nec
940 515 1046 571 pro
1086 501 1260 558 salute
1309 503 1503 556 animae
1546 517 1660 558 sua:
1709 501 1920 558 fortiter
1959 512 2151 562 certat.
2185 502 2279 557 sed
2305 504 2360 555 in
2389 503 2470 562 Α]

2389 509 2436 562 Δ
2463 503 2670 574 Κυρίῳ,
2717 506 2811 558 καὶ
2841 505 3141 568 σπουδαίως
3187 503 3587 572 ἀγωνιζόμενον
3629 505 3709 566 είς
3759 507 4034 572 σωτηρίαν

805 593 1091 662 disciplina
1136 592 1387 662 religiosa
1433 593 1717 649 remissius
1763 595 1896 665 agit,
1948 595 2156 649 videbis
2184 609 2214 648 a
2255 593 2365 648 Deo

803 683 1058 752 rélinqui,
1108 692 1167 736 ut
1201 684 1254 736 in
1284 685 1464 738 varias
1501 685 1722 739 omnino
1765 686 2089 742 tentationes
2140 687 2360 750 incidat,

805 789 871 826 ne
899 789 963 826 ex
995 771 1164 826 multo
1191 774 1302 827 otio
1328 784 1382 828 ct
1409 777 1711 829 cessatione
1749 775 1805 829 in
1854 777 2123 831 deteriora
2177 777 2362 847 prola-

806 867 987 920 batur.

1393 957 1644 1013 Scholion
1684 961 1776 1016 45.

877 1051 974 1105 llic
1026 1051 1282 1120 praeclare
1331 1051 1638 1117 ingruentia
1694 1052 1834 1106 mala
1865 1053 2123 1122 suscepit.
2149 1054 2245 1124 qui
2272 1054 2363 1108 illa

808 1151 1067 1210 tanquam
1096 1141 1199 1196 sibi
1222 1141 1401 1195 debita
1427 1143 1636 1212 judicat
1665 1144 1923 1213 irrogata,
1957 1161 2053 1198 nec
2079 1159 2221 1216 aegre
2242 1144 2362 1209 fert,

807 1238 902 1291 scd
933 1236 1042 1290 De0
1079 1249 1177 1305 pro
1201 1235 1307 1288 illis
1327 1236 1491 1290 etiam
1517 1237 1720 1305 gratias
1751 1238 1884 1308 agit.

1400 1328 1654 1386 Scholion
1689 1333 1778 1387 44.

790 1492 795 1498 _
875 1420 974 1477 Hic
1010 1420 1209 1477 frustra
1251 1421 1484 1485 laborat,
1533 1423 1838 1478 ostentandi
1867 1424 2012 1480 enim
2057 1441 2140 1480 SIIl
2191 1426 2364 1496 gratia

806 1517 991 1572 omnia
1021 1516 1168 1570 facit.

1409 1607 1655 1664 Scholion
1703 1610 1791 1663 45.

881 1705 979 1759 llic
1007 1704 1280 1759 bellatoris
1307 1715 1502 1758 nomen
1543 1702 1767 1756 obtinet.

1389 1789 1638 1845 Scholion
1687 1789 1776 1844 46.

879 1884 946 1938 Et
974 1884 1081 1951 hic,
1117 1886 1368 1956 quamvis
1398 1883 1815 1940 verecundetnr.

1402 1973 1652 2031 Scholion
1695 1974 1785 2028 47.

880 2067 988 2125 Vos
1030 2069 1357 2124 examinatis
1403 2069 1490 2123 his
1541 2067 1836 2123 didicimus
1880 2066 2165 2123 consulere
2205 2065 2368 2138 362

809 2163 972 2217 etiam
1015 2163 1156 2216 aliis.
1205 2159 1340 2215 Nam
1375 2161 1478 2214 etsi
1528 2168 1587 2214 ut
1624 2169 1937 2230 peccatores
1977 2159 2249 2214 debitores
2273 2175 2366 2212 su-

809 2271 954 2320 mus,
1005 2253 1293 2308 Dominum
1343 2262 1525 2306 tamen
1577 2252 1739 2306 donis
1781 2252 2048 2316 colemus,
2087 2251 2191 2306 etsi
2221 2250 2366 2304 enim

809 2347 1044 2412 primum
1092 2342 1376 2406 humilius,
1445 2341 1560 2396 sive
1623 2341 1926 2407 debitorum
1973 2352 2029 2395 et
2063 2339 2364 2406 nominum,

808 2447 891 2492 est
943 2446 1122 2491 tamen
1173 2437 1275 2492 hoc
1314 2445 1465 2492 extra
1504 2437 1803 2507 periculum
1842 2451 2024 2501 casus,
2051 2445 2112 2490 ut
2133 2438 2365 2508 primum

808 2531 1069 2586 debitum.

1264 2617 1501 2690 Gregorii
1543 2617 1772 2688 Nysseni
1825 2619 1910 2673 68.

876 2709 1076 2765 Malum
1131 2727 1238 2764 non
1280 2721 1362 2766 est
1405 2711 1550 2764 aliud
1589 2710 1748 2781 [mali
1785 2728 1890 2766 non
1929 2725 2012 2766 est
2031 2711 2177 2766 aliud
2206 2712 2365 2781 quid-

806 2797 933 2851 dam
986 2797 1330 2870 subsistens]
1369 2814 1536 2869 quam
1590 2803 1863 2870 separatio
1911 2816 1941 2854 a
1988 2802 2132 2854 bono
2169 2811 2224 2856 et
2251 2816 2366 2855 me-

807 2887 968 2944 liore.

1519 2983 1701 3038 Aliud.

879 3067 938 3122 Si
987 3068 1196 3123 malitia
1250 3070 1398 3140 (seu
1456 3071 1647 3126 vitium
1694 3081 1744 3125 et
1788 3073 2104 3142 peccatum)
2158 3075 2274 3130 sola
2311 3083 2366 3129 et

2464 595 2564 664 τῆς
2618 595 2814 649 ὲαυτ(ιῦ
2841 596 3020 666 ψυχῆς
3045 636 3063 660 .
3107 596 3242 648 tim
3267 594 3484 666 ἀμελῶς
3520 595 3650 665 περὶ
3674 597 3773 664 τὴν
3802 595 4035 665 ἄσκησιν

2464 687 2823 756 διακείμενον,
2844 685 3339 758 παραχωρούμενον
3360 686 3488 750 ἴδοις
3518 685 3624 737 ὑπὸ
3647 685 3785 736 Θεοῦ
3815 686 4035 746 πάντως

2466 781 2789 850 πειρασμοῖς
2814 782 3130 850 περιπεσεῖν
3149 794 3165 809 °
3190 779 3273 831 ἵνα
3306 780 3381 850 μὴ
3413 782 3478 832 ἐκ
3491 779 3592 848 τῆς
3613 778 3814 848 πολλῆς
3834 778 4033 847 ἀργίας

2465 869 2630 923 αὑτοῦ
2661 871 2828 941 ῥεύσῃ
2848 871 2942 922 ἐπὶ
2970 871 3038 923 τὰ
3071 869 3311 940 χείρονα.

3030 966 3077 1016 Σ
3077 966 3291 1032 χόλων
3349 966 3465 1031 μγ⁶.

2534 1046 2699 1113 Οὗτος
2784 1053 2962 1116 καλῶς
3025 1055 3093 1107 τὰ
3163 1055 3504 1124 ἐπερχόμενα
3573 1050 3920 1115 κατεδέξατο,
3959 1050 4033 1113 ὡς

2467 1140 2572 1194 Gtc.
2610 1140 2783 1194 ταῦτα
2839 1142 3213 1213 λογισάμενος,
3258 1143 3352 1196 καὶ
3401 1142 3478 1212 μὴ
3507 1142 3878 1211 δυσφορήσας,
3919 1139 4031 1192 ἀλλ’

2465 1233 2888 1304 εὐχαριστήσας.

3039 1331 3085 1382 Σ
3088 1329 3300 1394 χόλιον
3324 1326 3427 1396 με.

2533 1410 2698 1478 Οὗτος
2733 1417 2965 1486 ἀνόνητα
2995 1417 3187 1488 κάμνει
3212 1434 3226 1446 ο
3259 1418 3356 1487 τῆς
3387 1417 3496 1488 γὰρ
3521 1417 3834 1483 ἐπιδείξεως
3871 1415 4033 1469 ἕνεκα

2465 1507 2772 1577 ἐργάζεται.

3032 1601 3290 1668 Σχόλιον
3345 1616 3413 1669 με
3435 1641 3448 1652 .

2535 1683 2702 1753 Οὗτος
2731 1690 3059 1761 πολεμιωῦ
3093 1693 3251 1758 λόγον
3283 1694 3489 1761 ἐπέχει.

3023 1785 3280 1853 Σχόλιον
3339 1792 3456 1856 pg".

2399 1841 2440 1894 Β
2539 1874 2647 1926 Καὶ
2667 1868 2842 1938 οὗτος,
2868 1875 2972 1929 κᾶν
3000 1876 3250 1932 αἰδεῖται.

3026 1967 3284 2034 Σχόλιον
3343 1966 3451 2035 μς.

2547 2057 2739 2128 Ἡμεῖς
2759 2056 2815 2110 δὲ
2843 2057 3228 2128 βασανίσαντες
3258 2058 3415 2112 τοῦτο
3447 2059 3760 2131 συνειδομεν
3787 2058 4029 2130 συμδου-

2467 2149 2652 2202 λεῦσαι
2678 2167 2690 2179 ·
2746 2151 2831 2203 ὅτι
2877 2152 2928 2204 εί
2980 2151 3075 2205 καὶ
3134 2152 3453 2224 ἁμαρτωλοὶ
3510 2151 3781 2222 χρεῶσται
3836 2153 4025 2222 ἐσμεν,

2467 2243 2606 2312 πλὴν
2635 2242 2830 2313 δώροις
2865 2243 2957 2297 τὸν
2987 2245 3262 2316 Δεσπότην
3305 2247 3624 2316 τιμήσωμεν
3644 2261 3656 2272 ·
3685 2247 3733 2299 εί
3767 2244 3880 2315 γὰρ
3938 2243 4031 2296 καὶ

2465 2334 2527 2386 τὺ
2571 2334 2786 2406 πρῶτον
2862 2336 3241 2407 ταπεινὰτερον
3267 2353 3283 2367 °
3351 2337 3518 2407 ἧγουν
3552 2337 3612 2390 τὸ
3671 2336 3779 2390 τῶν
3830 2335 4026 2407 χρεῶν,

2465 2423 2602 2479 ἀλλὰ
2633 2442 2696 2494 γε
2725 2424 2882 2479 τοῦτο
2935 2427 3202 2492 ἄπτωτον,
3236 2427 3310 2490 ὡς
3345 2427 3404 2480 δὲ
3453 2426 3668 2498 πρῶτον
3724 2426 4027 2498 χρεωατού-

2471 2536 2652 2589 μενον.

2751 2613 3008 2680 Σχόλιον
3034 2612 3366 2682 Γρηγηορίου
3398 2612 3595 2666 Nuda.
3637 2611 3748 2681 μτί.

2538 2706 2651 2759 Οὐκ
2676 2705 2822 2759 ἔστιν
2849 2705 2984 2774 ἄλλη
3027 2722 3111 2767 τις
3139 2704 3233 2758 τοῦ
3263 2704 3435 2756 κακοῦ
3474 2703 3792 2768 ὑπόστασις,
3821 2704 3872 2755 εἰ
3902 2699 3977 2772 μὴ
4000 2701 4029 2753 ὁ

2467 2802 2765 2870 χωρισμὸς,
2793 2797 2889 2852 τοῦ
2912 2797 3116 2866 ἀγαθοῦ
3144 2815 3204 2850 τε
3229 2800 3322 2852 καί
3340 2797 3432 2851 τοῦ
3462 2797 3789 2868 κρείττονος.

3139 2981 3344 3035 Ἄλλο.

2537 3073 2600 3126 Ei
2632 3072 2812 3144 γυμνὴ
2849 3073 2885 3144 ἡ
2907 3071 3077 3127 κακία
3102 3072 3183 3142 τῷ
3208 3071 3309 3142 βίῳ
3341 3071 3650 3141 προέκειτο,
3682 3070 3757 3139 μή
3800 3082 3911 3120 τινι
3935 3082 4032 3118 κα-

811 3161 955 3214 nuda
1029 3161 1155 3216 vitae
1209 3173 1412 3218 nostra
1468 3163 1746 3232 pr0posita
1801 3174 1965 3230 esset,
2023 3165 2170 3219 nulla
2238 3166 2476 3247 bonicl

2394 3183 2438 3247 ο
2470 3166 2563 3219 λοῦ
2592 3167 2862 3238 φαντασίᾳ
2886 3165 3409 3237 προσκεχρωσμένη,
3451 3165 3552 3216 οὐκ
3600 3161 3666 3216 ἃν
3694 3159 4030 3232 ηὐτομόλησε

809 3251 1066 3320 opinione
1105 3260 1161 3307 et
1189 3253 1382 3308 umbra
1411 3253 1586 3308 velata
1613 3264 1668 3308 et
1696 3253 1894 3318 fucata,
1925 3268 2032 3306 non
2064 3255 2136 3308 ita
2172 3265 2367 3324 sponte
2473 3286 2474 3293 ι

1618 3264 1668 3308 et
1696 3253 1894 3318 fucata,
1925 3268 2032 3306 non
2064 3255 2136 3308 ita
2172 3265 2367 3324 sponte
2473 3260 2610 3330 πρὸς
2645 3259 2813 3328 αὐτὴν
2834 3259 2897 3313 τὸ
2921 3257 3283 3329 ἀνθρώπινον.

810 3359 908 3398 sua
933 3346 1188 3400 mortales
1219 3346 1286 3400 ad
1327 3346 1472 3399 illam
1500 3356 1871 3416 properarent.

1302 3431 1552 3489 Scholion
1592 3433 1764 3488 Ποιναὶ
1788 3435 1878 3488 49.

884 3521 1110 3591 Ignarus
1160 3523 1485 3580 insidiarum
1509 3525 1788 3580 hostilium
1808 3525 1966 3579 facile
1989 3527 2272 3581 occiditur.
2304 3527 2369 3584 Et
2451 3552 2458 3556 ·

811 3614 904 3681 qni
940 3615 1108 3670 nescit
1159 3631 1356 3671 causas
1390 3618 1649 3671 vitiorum
1694 3631 1790 3673 seu
1815 3618 2136 3673 vitiosarum
2159 3620 2369 3690 cupidi-

814 3715 1009 3771 tatum,
1038 3708 1193 3762 facile
1216 3709 1380 3763 cadit.

1411 3799 1656 3853 Scholion
1683 3799 1772 3854 50.

885 3889 1140 3947 Omnium
1214 3893 1475 3947 virtutum
1546 3897 1771 3950 exitium
1825 3896 2049 3971 [mors]
2103 3909 2187 3954 est
2225 3915 2367 3954 vana

813 3985 1004 4054 gloria.

1487 4081 1664 4133 Aliud.

882 4169 960 4224 Ει
1018 4173 1166 4227 omni
1224 4181 1376 4241 parte
1425 4187 1523 4227 nos
1582 4173 1756 4228 hostis
1804 4185 2101 4244 oppugnat,
2146 4179 2372 4245 proinde

814 4264 996 4333 (velut
1029 4265 1267 4334 Argum)
1300 4279 1401 4320 nos
1435 4265 1674 4334 undique
1719 4265 1960 4322 oculatos
1985 4283 2108 4323 esse
2136 4281 2370 4340 oportet,

814 4357 1034 4428 quando
1059 4357 1195 4412 salvi
1222 4372 1344 4413 esse
1372 4358 1648 4414 volumus.

1388 4447 1635 4505 Scholion
1678 4453 1766 4508 51.

2934 3439 3196 3506 Σχόλιον
3215 3437 3459 3505 Μάρκου
3477 3434 3585 3506 μθ¹.

2557 3531 2620 3584 ’0
2663 3530 2880 3599 ἀγνοῶν
2913 3530 3137 3601 ἐνέδρας
3167 3529 3440 3600 πολεμίων
3457 3529 3718 3597 σφάζεται
3760 3524 4025 3596 εὐχεριῖις·

2473 3623 2569 3674 καὶ
2599 3623 2628 3674 ὁ
2666 3621 2743 3692 μὴ
2770 3619 2924 3684 εἰδὼς
2977 3621 3076 3683 τὰς
3100 3620 3278 3682 αἰτίας
3299 3617 3409 3670 τῶν
3441 3617 3652 3681 παθῶν,
3701 3613 4030 3668 καταπίπτει

2474 3711 2689 3782 nam

3064 3799 3317 3867 Σχόλιον
3369 3804 3410 3850 ν
3420 3839 3430 3848 .

2546 3894 2714 3963 Κοινὴ
2744 3893 2896 3964 πάσῃ
2919 3893 3088 3962 ἀρετῇ
3121 3891 3266 3961 λύμη
3294 3893 3329 3958 ἡ
3355 3887 3644 3953 κενοδοξία.

3143 4092 3349 4144 Ἀλλ’).

2543 4185 2642 4238 Διὰ
2678 4186 2892 4238 πᾶντων
2925 4181 3151 4253 πολεμεῖ
3175 4183 3205 4235 ὁ
3236 4179 3446 4253 ἐχθρός·
3471 4178 3591 4234 ὅθεν
3619 4175 4030 4248 τωλυόφθαλμςν

2474 4277 2557 4330 δεῖ
2573 4272 2713 4330 εἶναι
2741 4276 2834 4329 τὸν
2869 4273 3107 4346 σωθῆναι
3135 4273 3472 4345 βουλόμενον.

3075 4459 3123 4510 Σ
3124 4455 3332 4525 χόλων
3375 4460 3478 4507 va'.

889 4539 1208 4609 Superbiam
1264 4539 1552 4611 intelligit,,
1599 4556 1695 4611 per
1746 4559 1909 4614 quam
1969 4548 2218 4604 diabolus
2263 4565 2371 4605 ce-
2403 4519 2447 4574 θ
2548 4556 2554 4572 ⁴

2365 4580 2371 4590 ν
2403 4519 2447 4574 D
2548 4553 2660 4622 Τὴν
2689 4551 3064 4622 ὑπερηφανίαν
3104 4519 3273 4616 ilva,
3302 4547 3370 4600 δι’
3392 4541 3461 4618 ἦς
3486 4547 3516 4598 ὁ
3544 4542 3788 4607 διάϐολος
3817 4541 4030 4595 πέπτω-

818 4631 969 4686 cidit.

1408 4721 1656 4776 Scholion
1697 4724 1786 4780 52.

889 4814 954 4870 Vi
986 4830 1180 4885 nempe
1216 4823 1270 4868 et
1311 4814 1510 4866 virtute
1551 4812 1787 4882 Spiritus
1827 4821 2003 4875 sancti
2033 4831 2130 4876 aut
2164 4823 2374 4878 caelesti

817 4906 1112 4973 desiderio,
1133 4907 1278 4978 quod
1321 4908 1375 4962 in
1409 4909 1573 4963 corde
1607 4911 1820 4979 piorum
1867 4911 2251 4970 inexstinctum
2277 4931 2372 4970 cu-

821 5002 1071 5058 Stoditur.

1415 5099 1659 5158 Scholion
1695 5102 1782 5156 53.

891 5188 1220 5256 Consuesse,
1267 5193 1450 5259 posuit
1495 5209 1593 5262 pro
1641 5193 1828 5247 habitu
1869 5191 2065 5248 vitioso
2108 5193 2373 5246 malarum

822 5281 1191 5336 aﬂectionum.

1429 5376 1674 5432 Scholion
1729 5378 1817 5431 54.

897 5470 954 5524 Si
984 5470 1174 5524 vitium
1197 5479 1341 5525 esset
1367 5472 1631 5533 naturale,
1665 5484 1826 5526 nemo
1845 5468 2163 5539 puniretur:
2197 5484 2374 5539 neque

825 5573 1016 5616 contra
1073 5562 1362 5634 quisquam
1423 5563 1673 5618 virtutem
1736 5563 2044 5618 exercendo
2095 5571 2242 5618 recte
2290 5561 2376 5616 fa-

824 5665 990 5711 (πει.

1499 5749 1674 5800 Aliud.

901 5837 1180 5894 Peccatum
1247 5856 1340 5896 seu
1410 5840 1604 5893 malum
1667 5848 1818 5895 extra

1886 5839 2172 5895 \oluntatis
2255 5856 2306 5892 ni
2321 5856 2383 5894 0-

2477 4662 2591 4698 κεν.

3067 4731 3325 4799 Σχόλιον
3339 4727 3440 4781 νϐ’.

2546 4825 2626 4897 τῇ
2647 4826 2868 4898 ἐνεργίᾳ
2901 4823 2995 4876 τοῦ
3026 4823 3338 4892 Πνεῦματος
3373 4818 3468 4872 τοῦ
3497 4817 3675 4888 ἁγίου,
3698 4814 3733 4886 ἢ
3763 4815 3844 4886 τῷ
3873 4811 4033 4882 θεῖκῷ

2479 4916 2648 4986 πόθῳ,
2671 4915 2729 4978 ὃς
2757 4917 2816 4966 ὲν
2844 4917 2908 4984 τῇ
2947 4913 3164 4984 καρδίᾳ.

3067 5098 3114 5150 Σ
3115 5095 3325 5162 χόλιον
3345 5110 3409 5160 νγ
3431 5134 3442 5143 .

2547 5191 2622 5244 Τὸ
2650 5189 2943 5252 συνεθίσαι,
2991 5187 3115 5241 ἀντὶ
3137 5185 3232 5239 τοῦ
3251 5227 3267 5251 ,
3298 5186 3356 5238 ἐν
3382 5182 3493 5248 ἔξει
3535 5179 3787 5250 γενέσθαι
3809 5180 3912 5250 τῆς
3937 5196 4024 5232 κα·

2482 5283 2606 5345 κίας
2626 5281 2735 5334 τῶν
2763 5278 2976 5333 παθῶν.

3071 5369 3327 5437 Σχόλιον
3356 5367 3450 5420 νδν.

2550 5467 2614 5520 ΕΞ
2636 5463 2838 5534 φυσικὴ
2858 5458 2927 5533 ἦν
2945 5463 2978 5531 ἡ
2999 5459 3187 5524 κακία,
3212 5460 3314 5514 οὐκ
3349 5459 3417 5513 ἂν
3439 5457 3724 5523 ὲκολάζετὸ
3741 5473 3828 5520 τις
3855 5474 3870 5488 ο
3901 5455 4012 5509 οὔτε

2479 5559 2641 5614 πάλιν
2668 5557 2816 5612 ἄλλοι
2849 5553 3161 5625 κατώρθουν
3188 5552 3288 5623 τὴν
3315 5552 3532 5622 ἀρετήν.

3155 5737 3362 5789 Ἄλλο.

2564 5835 2745 5891 Κακδν
2778 5833 2880 5900 ἔξω
2913 5825 3280 5900 προαιρέσεως
3324 5824 3568 5894 κείμενον
3596 5821 3688 5876 καὶ
3728 5824 3846 5875 κατ’
3899 5817 4020 5872 ἰδίαν
