4216 6458
183 389 316 456 1049

1155 401 1384 464 SCALA
1403 397 1852 464 PARADISI.-
1877 395 2186 458 GRADUS
2221 397 2429 459 XXVI.

3269 388 3410 456 1050

181 506 473 559 ὑπόστασιν
525 506 896 582 θεωρούμενον
947 513 1006 565 ὲν
1053 517 1118 588 τῇ
1181 513 1340 584 φύσει
1369 513 1500 580 ,τῶν
1541 513 1731 578 ὄντων,

1803 508 2074 579 ,ροείιυω
2125 509 2566 573 consideratum,
2617 521 2685 563 ex
2719 520 2817 563 sua
2863 513 3061 560 natura
3117 502 3254 559 nihil
3303 513 3407 560 est.

177 597 324 649 ἐστὶν
345 598 508 654 οὐδέν.

845 696 1055 750 Ἄλλο.

249 779 416 835 Ούδὲν
447 781 636 855 ἕτερόν
668 785 786 839 ἐστι
812 786 1002 852 κακία,
1032 787 1065 857 ἢ
1097 787 1298 858 ἀρετῆς
1325 786 1579 858 ἔλλειψις.

858 967 1068 1021 Ἄλλο.

248 1050 374 1104 Ὀτι
406 1051 635 1121 φυσικαὶ
678 1053 874 1125 ἀρεταὶ
915 1057 974 1109 ὲν
1030 1057 1188 1126 ὴμῐν,
1229 1058 1265 1128 η
1317 1055 1675 1128 ἐλεημοσύνη,
1708 1073 1743 1130 η

177 1141 390 1212 ἀγάπη.
411 1144 446 1212 ὴ
478 1142 677 1208 πίστις,
713 1145 748 1215 ἠ
771 1143 945 1208 ἐλπίς·
981 1146 1039 1200 αἱ
1062 1145 1120 1199 δὲ
1159 1145 1298 1218 ὑπὲρ
1337 1146 1498 1216 φύσιν
1530 1147 1742 1216 ἀγνεια,

175 1235 470 1305 ἀοργησία,
515 1235 1002 1308 ταπεινοφροσύνη,
1070 1237 1370 1310 προσευχὴ,
1445 1238 1740 1310 ἀγρυπνία.

177 1325 421 1397 νηστεία.

708 1420 903 1475 ’Ἄλλο
949 1418 1216 1488 Μάρκου.

254 1508 422 1580 ¹Ἄλλη
468 1512 664 1581 πρᾶξις
717 1511 959 1582 ἐντολῆς,
995 1512 1092 1566 καὶ
1142 1511 1271 1567 ἄλλο
1309 1511 1502 1587 ἀρετὴ,
1534 1512 1638 1568 κᾶν
1685 1513 1746 1578 ἐξ

178 1599 426 1670 ἀλλήλων
480 1602 579 1666 τὰς
648 1602 758 1656 τῶν
819 1603 1039 1672 ἀγαθῶν
1087 1605 1341 1676 ἀφορμὰς
1400 1606 1740 1678 λαμϐάνωσι.

181 1690 387 1759 Πρᾶξις
415 1693 634 1762 ἐντολῆς
666 1693 906 1762 λέγεται,
945 1695 1005 1748 τὸ
1035 1691 1505 1768 προστεταγμένον
1531 1713 1544 1724 ·
1571 1697 1743 1770 ἀρετὴ

179 1781 241 1832 ὲν
270 1780 348 1852 τῷ
377 1783 630 1854 ἀρέσκειν
650 1787 715 1856 τῇ
739 1784 968 1857 ἀληθείᾳ
1003 1785 1063 1840 τὺ
1084 1786 1386 1857 γινόμενον.

767 2063 1025 2133 Σχόλιον
1067 2071 1160 2120 νε’.

252 2154 570 2208 Διδάσκαλοι
629 2156 730 2226 τῆς
781 2157 1000 2224 ἁγνείας
1032 2157 1219 2221 Ἠλίας
1275 2159 1370 2212 καὶ
1439 2159 1688 2232 Ἰωάννης
1717 2163 1746 2216 6

180 2245 516 2316 Πρὸδρομος,
549 2247 645 2300 καὶ
692 2249 721 2301 6
747 2247 994 2317 θεολόγος
1043 2249 1325 2322 Ἰωάννης·
1362 2252 1663 2325 πραότητος
1685 2253 1743 2308 δὲ

180 2338 424 2408 Μωῦσῆς
451 2338 542 2392 καὶ⁵
569 2340 732 2394 Δαυῒδ
751 2357 766 2372 ο
797 2341 896 2405 τῆς
920 2341 979 2394 δὲ
1030 2343 1336 2415 προσευχῆς
1363 2345 1524 2409 αὐτὸς
1549 2347 1580 2400 6
1610 2344 1744 2400 θεοῦ

178 2431 380 2497 Λόγος,
417 2433 510 2485 καὶ
539 2433 568 2486 δ
594 2433 785 2501 φανεὶς
827 2433 1059 2503 ἄγγελος
1115 2435 1385 2509 Ἀντωνίῳ
1415 2438 1511 2492 καὶ
1552 2438 1746 2508 Παχω-

178 2523 293 2594 μίῳ
321 2540 334 2554 ο
363 2523 524 2578 πάλιν
559 2525 659 2596 τῆς
687 2527 938 2596 νηστείας
996 2529 1224 2600 Μωσῆς,
1256 2532 1348 2584 καὶ
1395 2531 1556 2595 αὐτὸς
1580 2533 1608 2584 6
1633 2533 1744 2586 K6-

178 2631 331 2686 ριος·
377 2616 538 2670 πάλιν
583 2618 888 2688 ἀγρυπνίας
946 2621 1152 2688 πολλοὶ,
1212 2622 1262 2676 οἶ
1311 2624 1406 2678 καὶ
1455 2625 1746 2692 κατάνυξιν

175 2707 387 2762 τούτων
439 2712 769 2782 ἐκτήσαντο·
802 2716 1310 2790 ταπεινοφροσύνης
1365 2717 1446 2785 δὲ,
1483 2719 1551 2773 δι’
1597 2721 1746 2791 ἡμᾶς

177 2804 506 2870 πτωχεύσας
550 2805 684 2859 Θεοῦ
731 2807 922 2876 Λόγος,
969 2810 1064 2864 καὶ
1125 2809 1410 2866 ἀναλαϐὼν
1439 2811 1540 2884 τήν
1569 2814 1748 2886 σάρκα

176 2892 341 2961 ήμῶν
370 2895 400 2946 6
438 2893 652 2949 πάντων
686 2897 898 2968 Σωτήρ.

743 2994 792 3045 Σ
792 2992 1004 3061 χόλιον
1081 2999 1188 3058 νς’.

287 3077 559 3146 Λπόγονον
594 3083 692 3152 τῆς
747 3084 1120 3153 κοιλιομανίας
1177 3085 1275 3156 τὴν
1304 3087 1561 3159 πορνείαν
1589 3086 1742 3157 φησι,

175 3167 256 3231 ὠς
288 3170 352 3220 ἐκ
384 3171 821 3242 γαστριμαργίας
849 3175 1193 3246 τικτομένην.

756 3265 1015 3331 Σχόλιον
1067 3264 1160 3330 νζν.

253 3350 634 3422 Φυσικὼτερος
667 3353 772 3425 γὰρ
804 3352 879 3408 ῶν
938 3356 1033 3409 καὶ
1064 3357 1469 3430 ἀπατηλότερος
1518 3359 1743 3425 εἰκότως

176 3459 324 3498 νικα.

743 3538 1002 3605 Σχόλιον
1051 3545 1150 3607 νῆ’.

263 3626 582 3693 Ἀπόδειξις,
617 3629 700 3682 ὅτι
720 3630 750 3682 6
794 3627 870 3700 μὴ
897 3629 1188 3700 ὑποταγεὶς
1214 3638 1654 3706 ταπεινοφρονεῖν
1682 3637 1746 3690 οὐ

176 3720 408 3773 δύναται
435 3735 448 3748 ·
478 3721 754 3792 ὑποταγὴν
781 3722 836 3774 δὲ
867 3723 915 3774 οἱ
939 3723 1038 3792 μὲν
1064 3726 1163 3792 τὴν
1197 3719 1498 3796 νοουμένην
1533 3725 1746 3798 κατώρ-

177 3813 387 3877 θωσαν,
422 3815 468 3865 οί
490 3812 549 3866 δὲ
583 3814 678 3868 καὶ
724 3815 822 3882 τὴν
856 3815 1186 3888 φαινομένην
1232 3815 1594 3882 ἐπεδείξαντο,
1624 3819 1747 3890 ῆτις

173 3907 270 3959 διὰ
299 3907 396 3976 τὴν
425 3905 699 3978 προτέραν
731 3908 1236 3980 παραλαμϐάνεται.

746 4002 792 4053 Σ
793 4001 1006 4069 χόλων
1063 4003 1163 4059 νθ’.

253 4090 524 4163 Ιῖοσεϐὴς,
582 4092 678 4164 οὐχ
723 4094 753 4146 6
798 4093 1027 4158 πολλοὺς
1062 4095 1228 4150 ἐλεῶν
1252 4113 1267 4128 ο
1301 4096 1415 4151 ἀλλ’
1453 4099 1483 4152 6
1543 4098 1749 4171 μηδένα

176 4181 406 4246 ἀδίκως.

770 4277 815 4328 Σ
815 4278 926 4346 χόλ
933 4293 1025 4331 ιον
1070 4277 1135 4345 ξ’.

253 4365 472 4436 Φυλακὴ
499 4365 796 4436 λογισμῶν,
819 4367 880 4419 τὸ
913 4367 971 4434 ἐξ
1016 4367 1242 4438 ἀγώνων
1280 4369 1313 4442 ἤ
1349 4370 1652 4442 προσευχῆς
1679 4373 1750 4427 τὰ

173 4455 299 4526 εἴδη
326 4455 433 4508 τῶν
455 4455 725 4526 λογισμῶν
774 4457 1172 4528 ἀποκρούεσθαι
1195 4474 1208 4488 ⁶
1249 4459 1368 4524 νοὸς
1405 4460 1462 4513 δὲ
1520 4463 1750 4534 τήρησις

2534 683 2715 740 Aliud.

1912 776 2118 835 Vitium
2146 779 2283 836 nihil
2319 791 2403 837 est
2431 779 2580 836 aliud
2613 794 2778 853 quam
2805 778 3028 836 virtutis
3053 775 3291 836 defectio
3311 789 3408 834 seu

1839 871 2096 942 privatio.

2505 961 2692 1021 Aliud.

1914 1050 2159 1110 Virtutes
2200 1052 2260 1108 in
2307 1053 2465 1109 nobis
2509 1053 2788 1110 naturales
2840 1058 2991 1120 sunt,
3038 1049 3409 1123 eleemosyna,

1840 1143 2102 1214 charitas,
2159 1143 2313 1212 ﬁdes,
2354 1159 2519 1215 spes;
2543 1160 2708 1215 supra
2730 1155 2982 1200 naturam
3009 1151 3139 1199 sunt
3165 1143 3410 1210 castitas,

1842 1236 1940 1292 ira:
1983 1237 2254 1306 vacuitas,
2318 1237 2626 1305 humilitas,
2685 1238 2948 1310 precatio,
3011 1236 3232 1310 vigiliae,
3268 1234 3412 1307 jeju-

2319 1421 2482 1494 363
2537 1421 2700 1475 Aliud
2741 1419 2934 1474 Marci.

1911 1513 2154 1570 Alia'est
2193 1516 2446 1585 praecepti
2489 1512 2817 1580 observatio,
2861 1512 3010 1567 aliud
3052 1512 3270 1568 virtus:
3301 1510 3410 1567 etsi

1841 1623 1907 1662 ex
1943 1623 2004 1664 se
2041 1616 2233 1663 mutuo
2280 1608 2452 1662 altera
2499 1606 2570 1662 ab
2617 1607 2787 1661 altera
2835 1605 3110 1660 bonorum
3172 1618 3405 1675 operum

1843 1713 2040 1755 causas
2062 1712 2118 1754 et
2163 1699 2484 1755 occasiones
2525 1707 2764 1753 sumant.
2805 1695 3068 1768 Praecepti
3100 1696 3412 1753 observatio

1843 1792 2044 1848 dicitur
2100 1807 2226 1847 cum
2282 1791 2342 1846 lit
2393 1792 2538 1862 quod
2591 1791 2965 1862 praescriptum
3023 1798 3144 1856 est;
3213 1787 3411 1850 virtus,

1772 1857 1818 1914 Β
1845 1901 1971 1941 cum
1999 1885 2144 1956 quod
2185 1884 2246 1940 lit
2298 1885 2366 1940 ad
2411 1857 2526 1941 Deo
2564 1857 2888 1956 placendum
2914 1883 2971 1939 in
2991 1882 3220 1939 veritate
3250 1881 3414 1952 perli-

1845 1979 2011 2036 citur.

2446 2068 2696 2126 Scholion
2730 2068 2821 2124 55.

1916 2163 2180 2221 Doctores
2207 2164 2478 2219 castitatis
2511 2161 2665 2218 fuere
2709 2159 2878 2227 Elias,
2903 2159 3144 2216 Joannes
3170 2159 3412 2231 Baptista

1846 2258 2162 2314 Praacnrsor
2190 2267 2244 2312 et
2283 2255 2522 2312 Joannes
2548 2255 2883 2326 evangelista
2909 2253 3227 2324 theologus:
3259 2269 3414 2308 man-

1845 2351 2150 2408 suetudinis
2172 2350 2351 2406 Moses
2369 2358 2425 2405 et
2455 2348 2617 2404 David
2644 2367 2658 2404 :
2689 2348 3017 2418 precationis
3035 2346 3128 2402 Dei
3150 2345 3411 2414 Verbum,

1843 2453 1900 2500 et
1927 2445 2155 2518 angelus
2193 2444 2289 2516 qui
2334 2442 2588 2514 apparuit
2611 2442 2852 2497 Antonio
2893 2449 2947 2496 et
2974 2439 3288 2497 Pachomio.
3317 2438 3413 2497 Je-

1840 2537 1982 2608 junii
2033 2553 2228 2594 rursus
2287 2535 2467 2593 Moses
2510 2545 2566 2591 et
2617 2536 2734 2607 ipse
2773 2519 3410 2608 Dominqszvigiliarum

1846 2632 2004 2686 multi
2059 2645 2126 2684 ex
2184 2629 2384 2700 quibus
2427 2627 2596 2698 aliqui
2653 2626 3129 2697 compunctiooem
3193 2641 3414 2696 quoque

1844 2721 2228 2792 possidebant:
2266 2717 2593 2774 humilitatis
2625 2725 2812 2770 autem
2841 2715 2934 2785 qui
2976 2729 3076 2784 pro
3097 2715 3257 2770 nobis
3285 2730 3413 2784 ege-

1846 2829 1949 2869 nus
1988 2823 2044 2869 et
2099 2827 2304 2882 panper
2353 2810 2531 2867 lactus
2555 2819 2638 2866 est
2665 2810 2737 2877 ⁸³,
2783 2808 3025 2865 Verbum
3049 2807 3145 2864 Dei
3168 2810 3262 2880 qui
3289 2824 3413 2865 car-

1846 2918 1968 2958 nem
1997 2913 2242 2958 nostram
2270 2902 2567 2971 assumpsit
2591 2900 2840 2955 omnium
2872 2899 3139 2956 Salvator.

2434 2991 2682 3048 Scholion
2725 2991 2812 3047 56.

1913 3087 2066 3144 (ἰυιω
2107 3097 2162 3143 ει
2215 3087 2422 3142 ventris
2472 3085 2799 3140 insanientis
2834 3085 3053 3141 soboles
3094 3085 3264 3142 libido
3304 3090 3410 3153 est,

1768 3193 1812 3253 ο
1844 3181 2044 3252 inquit,
2089 3189 2147 3234 ut
2211 3194 2335 3249 qua:
2367 3193 2432 3234 ex
2493 3177 2620 3249 gula
2655 3186 2780 3231 nata
2815 3189 2919 3233 est.

2445 3265 2694 3322 Scholion
2728 3267 2815 3322 57.

1915 3358 2066 3414 Vana
2111 3359 2284 3429 gloria
2331 3359 2477 3414 enim
2526 3369 2738 3414 naturae
2776 3357 3188 3414 convenientior
3230 3367 3286 3414 et
3311 3356 3412 3413 lal-

1843 3451 2012 3507 lacior
2042 3452 2238 3507 merito
2266 3450 2458 3506 vincit.

2420 3539 2669 3596 Scholion
2721 3540 2811 3594 58.

1916 3632 2314 3689 Demonstratio
2361 3642 2467 3697 est,
2497 3633 2643 3703 quod
2679 3633 2996 3689 inobediens
3034 3633 3258 3689 humilis
3289 3649 3415 3690 esse

1845 3745 1952 3785 non
1979 3727 2166 3798 possit.
2197 3725 2571 3782 Obedientiam
2611 3735 2793 3780 autem
2847 3726 2943 3779 alii
2999 3727 3303 3796 probarunt
3331 3728 3414 3780 in-

1845 3831 2078 3885 ternam;
2110 3818 2200 3873 alii
2228 3827 2507 3872 externam
2540 3825 2597 3872 et
2634 3827 2980 3886 apparentem
3007 3825 3407 3872 exercuerunt:

1845 3929 1969 3986 qua:
1989 3910 2230 3969 secunda
2261 3918 2478 3981 propter
2499 3909 2732 3978 primam
2767 3908 3092 3962 admittitur.

2443 3997 2696 4052 Scholion
2742 3997 2833 4053 59.

1916 4093 2044 4148 Pius
2073 4102 2177 4157 est,
2212 4107 2317 4146 non
2349 4092 2442 4159 qui
2474 4091 2775 4145 multorum
2813 4090 3121 4157 miseretur,
3169 4089 3266 4146 sed
3315 4104 3412 4145 ne-

1849 4187 2012 4243 minis
2047 4186 2269 4255 injuste.

2406 4271 2656 4329 Scholion
2701 4271 2790 4326 60.

1913 4366 2174 4421 Custodia
2225 4365 2616 4436 cogitationum
2667 4372 2751 4420 est
2805 4361 3013 4417 formas
3054 4374 3108 4417 et
3149 4361 3415 4432 imagines

1848 4458 2238 4529 cogitationum
2291 4457 2642 4527 repugnando
2685 4456 2766 4510 vel
2804 4455 3076 4525 precando
3111 4455 3410 4522 repellere:

170 4547 688 4618 ἀναιχμαλὼτιστος
742 4549 959 4618 καρδία,
1011 4553 1106 4605 καὶ
1168 4553 1512 4624 ἀρέμϐαστος
1557 4557 1747 4628 μνήμη

1803 4540 1829 4594 )
1854 4551 2048 4606 mentis
2101 4564 2280 4604 autem
2319 4549 2664 4604 conservatio
2702 4556 2788 4603 est
2829 4561 2942 4608 cor,
2991 4544 3137 4614 quod
3167 4546 3236 4599 ab
3259 4545 3416 4601 hoste

173 4639 350 4694 Θεοῦ.

608 4819 866 4887 Σχόλιον
921 4819 1166 4888 Μάρκου
1215 4821 1314 4886 ξω.

255 4909 333 4961 Τδ
361 4886 580 4979 πρῶτον
605 4886 874 4963 ἀσθενῶνο
900 4911 974 4982 μὴ
1006 4886 1290 4982 δυνάμενοι
1339 4914 1446 4986 γὰρ
1485 4916 1624 4982 ὅλως
1654 4920 1751 4972 ἀνθ

167 4999 434 5068 τιστῆναι
486 5002 599 5058 τοῖς
671 5000 970 5071 πολεμίοις,
1030 5003 1120 5056 διὰ
1165 5007 1468 5078 προσευχῆς
1521 5009 1745 5074 τούτους

165 5089 659 5160 ἀποδιδράσκουσι.
683 5091 756 5144 T0
778 5091 1026 5164 δεύτερον
1048 5094 1386 5162 ἀγωνιστῶν,
1407 5098 1456 5151 οἳ
1480 5097 1548 5151 δι’
1573 5099 1748 5172 ἀσκή-

167 5197 326 5242 σεως
355 5179 462 5233 τῶν
483 5181 691 5252 ἐχθρῶν
709 5184 1079 5253 περιγίνονται
1102 5203 1116 5216 ·
1162 5188 1224 5242 τὸ
1250 5191 1432 5261 τρίτον
1486 5191 1745 5265 θεωρητι-

163 5268 320 5330 κῶν,
339 5269 390 5321 οἳ
410 5268 498 5324 διὰ
519 5270 751 5342 θεωρίας
775 5272 1088 5344 ὑψούμενοι,
1109 5277 1339 5346 ἄληπτοι
1358 5282 1467 5344 τοῖς
1491 5282 1750 5348 ἐναντίοις

164 5360 291 5414 εἰσὶ
329 5359 446 5428 καὶ,
476 5360 552 5424 ὡς
584 5363 779 5428 εἰπεῖν,
805 5365 1241 5438 άπροσμὰχητοι.

577 5631 623 5682 Σ
624 5629 833 5697 χόλιον
847 5630 1361 5704 συτκλητικῆς,ξβ’.

264 5718 484 5788 ὐἕχων
528 5722 608 5784 εἰς
631 5723 755 5786 τοὺς
799 5724 1082 5797 μυκτῆρας
1131 5729 1229 5796 τὴν
1279 5729 1414 5785 ἰδίαν
1461 5731 1746 5801 δυσωδίαν,

264 5874 310 5906 ⁵³
343 5874 385 5930 ll
419 5876 544 5931 Cor.
569 5892 686 5940 vni,
714 5880 764 5933 9.

1849 4641 1965 4712 capi
2004 4655 2281 4710 nunquam
2311 4650 2490 4710 potest
2519 4649 2576 4696 et
2605 4653 2761 4694 mens
2792 4651 2824 4690 a
2863 4635 2958 4690 Dei
2986 4635 3249 4691 memoria
3273 4652 3416 4691 nun—

1847 4749 2012 4804 quam
2045 4733 2344 4787 abstracta.

2427 4817 2678 4872 Scholion
2721 4815 2811 4870 61.

1917 4911 2165 4966 Primum
2204 4919 2290 4964 est
2333 4909 2699 4974 inﬁrmorum,
2735 4908 2828 4978 qui
2861 4921 2985 4963 cum
3021 4905 3274 4960 hostibus
3313 4920 3417 4974 pu-

1835 5003 2064 5072 gnando
2108 5001 2366 5056 resistere
2405 5015 2516 5054 non
2557 5000 2789 5070 possint,
2813 4997 3070 5069 precibus
3100 4995 3224 5050 illos
3253 4996 3307 5049 in
3337 4994 3418 5050 fu-

1845 5111 1965 5166 gam
2013 5093 2348 5164 conjiciunt;
2393 5091 2626 5146 alterum
2671 5099 2755 5145 est
2799 5091 3149 5151 luctatorum,
3185 5087 3281 5156 qui
3322 5102 3418 5156 per

1846 5185 2156 5254 religiosam
2183 5185 2446 5238 virtutum
2463 5180 2911 5239 exercitationem
2945 5180 3130 5236 hostes
3149 5179 3412 5245 vincunt;

1846 5277 2066 5332 tertium
2107 5285 2192 5332 est
2247 5289 2435 5330 eorum
2480 5273 2576 5353 qui
2627 5272 2682 5328 in
2743 5271 3198 5342 contemplatione
3231 5287 3418 5326 rerum

1850 5369 2154 5426 caelestium
2180 5379 2490 5428 versantur.
2523 5367 2616 5438 qui
2648 5366 2997 5422 meditatione
3024 5381 3187 5436 supra
3221 5380 3280 5421 se
3308 5365 3420 5420 ele-

1852 5464 1981 5527 vati,
2017 5463 2088 5517 ab
2115 5462 2368 5517 hostibus
2394 5461 2448 5515 in
2483 5467 2806 5531 potestatem
2836 5458 3006 5528 redigi
3032 5473 3140 5513 non
3165 5469 3417 5526 possunt,

1852 5566 1905 5610 et
1929 5564 2078 5618 sunt,
2111 5565 2169 5608 ut
2203 5554 2279 5607 ita
2327 5553 2537 5617 dicam,
2564 5550 3031 5620 inexpugnabiles.

2159 5641 2324 5715 365
2369 5640 2616 5696 Scholion
2655 5639 2951 5710 synclclica:
2999 5638 3084 5693 62.

1922 5734 2023 5802 Qui
2054 5751 2218 5792 nares
2249 5751 2376 5792 suas
2401 5735 2465 5790 ad
2494 5731 2840 5804 propriorum
2889 5731 3144 5786 vitiorum
3183 5727 3414 5784 fetorem
