4216 6458
800 383 931 449 1051

2042 389 2107 449 S.
2135 385 2453 449 JOANNIS
2474 386 2780 449 CLIMACI

3893 391 4047 457 1052

797 504 1090 567 admovet,
1146 517 1423 570 nunquam
1488 503 1723 559 alienum
1777 504 2035 573 pedorem
2071 504 2462 567 odoratur,A‘

2385 504 2435 562 Δ
2461 504 2561 556 οὐκ
2589 505 2941 576 ὀσφραίνεται
2976 506 3168 575 ἄλλης,
3227 507 3331 559 κᾶν
3360 507 3529 579 σταθῇ
3562 508 3743 563 ἐπάνω
3767 509 3877 563 τῶν
3898 512 4040 581 θνη-

796 596 1009 649 ctiamsi
1034 610 1194 664 super
1224 610 1374 649 mera
1401 595 1668 651 cadavera
1714 597 2039 651 constiterit.

1480 688 1663 741 Aliud.

862 776 1012 831 Mens
1058 777 1316 840 humana,
1355 787 1547 833 natura
1600 795 1698 834 sua
1722 780 2041 834 inconstans
2094 786 2197 843 est,
2234 794 2356 848 qua:

794 875 922 920 tunc
968 867 1037 920 ab
1080 868 1356 923 erroribus
1399 879 1453 924 et
1495 870 1931 925 exerrationibus
1990 869 2255 923 liberatur
2301 878 2358 925 et

792 959 1085 1025 stabilitur,
1109 960 1327 1028 quando
1357 976 1479 1014 cum
1514 960 1623 1015 Deo
1666 961 1828 1016 fuerit
1856 962 2127 1032 copulata.
2159 960 2355 1016 Omnia

789 1050 936 1104 enim
973 1051 1090 1119 ejus
1128 1051 1182 1104 in
1215 1049 1323 1105 Deo
1367 1062 1515 1117 sunt,
1568 1068 1668 1107 nec
1718 1053 1883 1107 ullum
1924 1054 2157 1123 amplius
2189 1068 2351 1124 cpus,

790 1156 821 1195 a
856 1159 965 1210 quo
990 1152 1246 1211 urgeatur
1277 1144 1457 1206 habet,
1488 1154 1584 1199 aut
1610 1154 1760 1199 extra
1795 1144 1963 1200 Deum
1987 1146 2054 1200 ad
2080 1146 2225 1216 quod
2255 1161 2355 1200 ex-

789 1242 977 1287 currat
1007 1243 1063 1288 et
1089 1244 1363 1305 evagetur.

1472 1328 1651 1381 Aliud.

796 1472 801 1477 ,
859 1416 993 1473 Aliis
1043 1418 1439 1485 sentientibus;
1482 1422 1584 1473 hoc
1615 1419 1761 1474 enim
1780 1419 1970 1476 sentiri
2005 1436 2111 1474 non
2144 1426 2347 1489 potest.

788 1508 889 1574 Qui
940 1510 1083 1564 enim
1138 1510 1307 1565 animi
1366 1512 1819 1581 tranquillitatem
1848 1513 2107 1568 omnibus
2135 1513 2350 1568 vitiosis

787 1600 1072 1656 allectihus
1120 1601 1323 1667 exutis,
1380 1611 1668 1657 assecutus
1694 1610 1797 1665 est,
1859 1603 2085 1670 gratiam
2134 1601 2229 1658 Dei
2258 1618 2351 1656 ac—

784 1694 949 1762 cepit,
986 1702 1045 1748 ut
1077 1709 1196 1762 qua:
1240 1693 1296 1748 in
1343 1690 1469 1749 aliis
1512 1703 1641 1749 sunt
1688 1693 2085 1748 animadvertat
2120 1702 2175 1747 et
2224 1707 2349 1745 seu-

786 1786 903 1841 tiat.

1381 1875 1625 1931 Scholion
1657 1874 1745 1930 65.

854 1964 938 2019 Ab
992 1966 1217 2020 avaritia
1277 1968 1422 2021 enim
1484 1968 1758 2031 inductus,
1810 1980 1877 2021 ne
1906 1966 2037 2035 quid
2064 1967 2345 2039 largiatur,

784 2056 1003 2111 simulat
1025 2057 1411 2123 humilitatem,
1443 2059 1574 2114 dum
1605 2059 1757 2131 lingit
1785 2074 1846 2115 se
1892 2059 2079 2130 lugere
2104 2060 2347 2115 studium

783 2150 1102 2208 hominibus
1133 2153 1406 2223 placendi.

1379 2244 1627 2301 Scholion
1656 2246 1747 2301 64.

852 2334 1086 2391 Adverte
1131 2336 1462 2407 diligentiam
1518 2350 1829 2395 accuratam
1878 2340 2051 2411 patris
2108 2339 2223 2404 ubi,
2272 2340 2350 2393 in-

780 2426 921 2493 quit,
946 2427 1283 2495 propositum
1320 2434 1376 2481 et
1409 2427 1738 2483 desiderium
1777 2438 1883 2495 est,
1931 2430 2006 2485 ibi
2030 2430 2193 2484 etiam
2221 2446 2349 2486 suc-

780 2521 1053 2574 currentis
1084 2519 1150 2574 ad
1176 2534 1314 2588 opus
1345 2519 1438 2575 Dei
1478 2522 1746 2577 auxilium
1781 2539 1888 2577 non
1916 2524 2097 2579 deest.‘

1186 2596 1201 2609 ‘
1478 2615 1665 2669 Aliud.

853 2698 1062 2755 Bonum
1088 2704 1425 2773 propositum
1460 2714 1594 2760 tunc
1640 2715 1862 2775 apparet
1891 2706 2113 2776 quando
2139 2707 2345 2760 bonum

780 2807 814 2847 a
841 2793 985 2847 malo
1010 2797 1347 2850 secernendo
1377 2797 1580 2850 bonum
1612 2797 1887 2866 eligimus.
1913 2797 2112 2852 Malum
2150 2813 2349 2868 propo-

780 2883 947 2937 situm
986 2885 1207 2953 quando
1253 2886 1486 2942 scientes
1542 2886 1789 2943 volentes
1833 2887 2086 2957 eligimus
2128 2896 2348 2942 contra-

781 2974 927 3030 rium
962 2975 1131 3031 bono.

1492 3086 1676 3143 Aliud.

2461 597 2698 666 σιμαίων
2726 598 2885 652 ὅλων.

3129 691 3341 744 Ἄλλο.

2537 780 2597 832 '0
2623 780 2746 844 νοῦς
2769 780 2926 849 φύσει
2945 780 3022 834 ὣν
3045 782 3296 845 άστατος,
3323 784 3445 835 τότε
3488 784 3585 853 τῆς
3618 783 3824 855 πλάνης
3872 784 4032 837 ἵστα-

2454 889 2564 933 ται,
2587 873 2676 925 ὅτε
2698 874 2776 943 τῷ
2815 874 2933 945 Θεῷ
2970 876 3239 946 συναφθῇ.
3283 876 3365 929 Τὰ
3392 878 3501 946 γὰρ
3532 879 3706 930 πάντα
3742 878 3892 939 ὲντὺς
3922 877 4025 929 τοῦ

2455 962 2612 1025 Θεοῦ,
2662 965 2757 1017 καὶ
2786 967 2886 1018 οὐκ
2930 966 3041 1036 ἔχει
3097 967 3285 1021 λοιτοὺν
3330 966 3492 1038 ἔργον
3531 970 3949 1039 ὑπερκείμενον,
3988 968 4025 1036 ἢ

2452 1056 2611 1119 ἐκτὸς
2648 1057 2741 1109 τοῦ
2766 1058 2925 1124 Θεοῦ,
2955 1062 3034 1124 είς
3053 1060 3083 1113 ὃ
3112 1061 3540 1133 πλανηθήσεται.

3128 1326 3335 1379 Ἄλλο.

3128 1329 3152 1345 ’
3200 1329 3335 1379 .110.

2533 1416 2771 1485 Ἐτέρων
2800 1329 3206 1484 αἰσθανομέῴ
3224 1432 3240 1445 ·
3266 1414 3427 1469 τοῦτο
3457 1420 3567 1486 γάρ
3595 1416 3657 1469 τὸ
3683 1417 4021 1485 ἀνεπαισθή-

2451 1525 2558 1570 τως
2589 1521 2604 1536 °
2633 1509 2725 1560 καὶ
2752 1507 2860 1578 γὰρ
2884 1509 2913 1559 ὁ
2943 1507 3159 1577 ἀπαθὴς
3183 1507 3344 1578 χάριν
3370 1507 3609 1579 εἰληφὼς
3635 1511 3704 1563 τὰ
3732 1512 3791 1563 ὲν
3807 1511 4022 1582 ἑτέροις

2452 1601 2764 1670 ὑπάρχοντα
2796 1599 3199 1656 ἐπαισθάνεται.

3032 1869 3293 1936 Σχόλιον
3325 1872 3425 1936 ξγ¹.

2532 1959 2627 2013 Ἐκ
2652 1961 2756 2032 γὰρ
2788 1960 3152 2031 φιλαργυρίας
3177 1961 3253 2031 μὴ
3287 1961 3625 2030 μεταδιδόναι
3657 1963 3886 2028 πείθων,
3915 1966 4021 2034 τὴν

2447 2052 2769 2105 ταπείνωσιν
2788 2051 3137 2122 ὑποκρίνεται
3155 2069 3169 2082 ·
3200 2054 3302 2124 τὴν
3330 2053 3857 2125 άνθρωπαρέσκειαν
3884 2056 4018 2125 φεύ-

2448 2163 2567 2216 γειν
2609 2145 3018 2216 ὑποτιθέμενος.

3029 2238 3292 2307 Σχόλιον
3340 2238 3435 2303 ξδ’.

2518 2330 2691 2385 Βλέπε
2710 2329 2806 2385 τοῦ
2836 2331 3042 2403 πατρὸς
3064 2331 3664 2404 ήνῇκρίδειανῶπου,
3690 2334 3848 2403 φησι,
3881 2332 4016 2403 πρόσ

2449 2422 2597 2489 θεσις
2626 2424 2720 2477 καὶ
2744 2423 2929 2489 πόθος,
2960 2425 3078 2477 ἐκεῖ
3099 2423 3357 2497 συνεργία
3382 2424 3539 2480 Θεοῦ.

3121 2607 3331 2661 Ἄλλο.

2529 2701 2592 2754 Ἦ
2619 2700 2797 2771 ἀγαθὴ
2825 2700 3141 2770 προαίρεσις
3166 2702 3287 2753 τότε
3318 2700 3589 2769 φαίνεται,
3630 2700 3758 2752 ὅταν
3803 2699 4023 2770 διακρί-

2448 2810 2638 2856 ναντες
2664 2792 2773 2845 ἀπὸ
2806 2791 2902 2845 τοῦ
2929 2792 3102 2845 κακοῦ
3142 2791 3207 2845 τὸ
3230 2791 3416 2858 καλὸν,
3453 2790 3737 2861 αἱρώμεθα
3786 2792 3849 2843 τὸ
3880 2792 4019 2858 ἀγα-

2450 2886 2562 2939 θόν.
2597 2886 2661 2937 Ἦ
2682 2884 2740 2937 δὲ
2778 2884 2942 2955 κακὴ,
2971 2885 3097 2937 ὅταν
3127 2874 3186 2938 ἓν
3220 2884 3420 2953 γνώσει
3439 2884 3746 2954 αἱρώμεθα,
3780 2882 4023 2952 ῆάνθαι-

2451 2978 2694 3051 ρώμεθα.
3077 2966 3111 3022 τ’
3162 2988 3173 3001 ‘
3954 2974 3961 2980 ’

3123 3090 3336 3141 "£1.10.

849 3174 933 3231 Tu
972 3175 1083 3232 Deo
1132 3178 1335 3235 bonum
1396 3180 1531 3236 οσον
1564 3181 1928 3251 propositum,
1960 3192 2016 3236 et
2046 3182 2347 3252 experieris
2378 3207 2422 3266 ο

1986 3192 2016 3236 τι
2046 3182 2347 3252 experieris
2378 3207 2422 3266 ο
2522 3179 2621 3244 Δὸς
2645 3180 2923 3253 πρόθεσιν,
2948 3180 3046 3234 καὶ
3072 3179 3374 3251 ὴμόάνεις
3396 3177 3651 3249 δύναμιν·

782 3268 876 3324 Dei
908 3270 1194 3328 auxilium.

1399 3381 1582 3436 Isaaci
1602 3382 1699 3437 65.

852 3467 1116 3539 Quisquis
1156 3482 1280 3527 ante
1342 3483 1553 3544 tempus
1609 3476 1839 3545 suscipit
1894 3475 2101 3546 aliquid
2152 3477 2207 3531 in
2266 3494 2347 3544 se,

779 3559 927 3628 quod
956 3571 1039 3615 est
1065 3577 1229 3629 supra
1259 3564 1403 3619 vires
1438 3575 1491 3619 et
1517 3566 1774 3621 humeros
1799 3567 1938 3636 ejus,
1980 3568 2083 3623 sibi
2115 3569 2217 3639 ipsi
2248 3570 2351 3624 du-

780 3651 902 3719 plex
944 3650 1098 3707 all'ert
1152 3654 1559 3723 detrimentum,
1613 3667 1668 3712 et
1698 3674 1806 3712 non
1836 3661 2205 3715 commodum.
2240 3661 2350 3716 lm-

778 3744 940 3812 periti
1012 3746 1156 3798 enim
1197 3759 1525 3805 mercatores
1572 3752 1627 3805 in
1669 3754 1924 3808 maximis
1964 3755 2129 3809 rebus
2157 3771 2349 3827 magna

779 3836 884 3890 sibi
918 3836 1240 3894 detrimenta
1291 3844 1531 3909 pariunt.
1589 3845 1644 3899 in
1698 3845 1995 3903 levioribus
2044 3858 2225 3904 autem
2257 3865 2352 3903 ne-

779 3929 940 3999 gotiis
962 3930 1189 3986 ulterius
1216 3934 1395 3987 statim
1444 3937 1752 4005 proﬁciunt.
1801 3938 2142 4009 Quapropter
2171 3942 2339 3997 rebus

777 4020 1035 4076 omnibus
1062 4030 1147 4076 est
1179 4024 1313 4078 ordo
1330 4035 1384 4080 et
1412 4028 1562 4080 omni
1584 4027 1918 4085 institutioni
1942 4046 2103 4087 suum
2131 4039 2349 4103 tempus

779 4111 1083 4180 legitimum
1112 4113 1467 4170 destinatum.

1388 4223 1639 4281 Scholion
1683 4226 1772 4283 66.

850 4312 1020 4368 Nemo
1058 4315 1207 4370 vitiis
1256 4315 1474 4373 deditus
1501 4318 1569 4373 de
1602 4335 1703 4374 sua
1733 4320 1909 4377 salute
1939 4321 2208 4392 desperet,
2240 4339 2352 4379 non

780 4407 1011 4477 ignarus
1042 4409 1186 4477 quod
1208 4410 1540 4479 agricultura
1566 4413 1873 4480 plantarum
1910 4414 2203 4485 qualitates
2230 4434 2351 4473 mu--

781 4508 874 4553 tet.
932 4498 1218 4570 Diligentia
1275 4518 1405 4557 vero
1437 4513 1491 4558 et
1534 4521 1668 4559 cura
1691 4507 1887 4562 animae
1915 4509 2060 4563 circa
2095 4512 2347 4566 virtutem

2904 3377 3164 3446 Σχόλιον
3226 3374 3435 3431 Ἰσαὰκ
3466 3375 3559 3440 ξε’.

2520 3468 2636 3531 Πᾶς
2658 3466 2687 3519 δ
2714 3466 2821 3539 πρὸ
2842 3467 3037 3538 καιροῦ
3062 3467 3361 3539 ἀρχόμενος
3412 3466 3522 3519 τῶν
3566 3466 3707 3536 ὑπὲρ
3730 3466 3794 3519 τὸ
3819 3468 4025 3538 μέτρον

2450 3560 2636 3623 αὑτοῦ,
2661 3559 2864 3629 βλάϐην
2895 3557 3072 3628 ἑαυτῷ
3116 3558 3479 3623 διπλασιάζει,
3505 3556 3602 3609 καὶ
3646 3557 3747 3609 οὐκ
3794 3556 4022 3610 ἔνδοσιν.

2450 3650 2514 3704 Οἱ
2542 3650 2651 3719 γὰρ
2682 3650 2898 3721 ἄπειροι
2929 3649 3159 3720 ἔμποροι
3188 3650 3248 3702 ἐν
3266 3651 3377 3712 τοῖς
3399 3648 3674 3719 μεγίστοις
3709 3649 4025 3719 πράγμασι,

2454 3741 2697 3812 μεγάλας
2748 3743 2961 3806 ἑαυτοῖς
2988 3742 3307 3814 προξενοῦσι
3339 3743 3574 3814 ζημίαςο
3603 3745 3661 3796 ἐν
3688 3744 3747 3797 δὲ
3773 3746 3889 3807 τοῖς
3936 3745 4025 3797 εὖ·

2448 3835 2785 3907 τελεστέροις
2809 3836 3151 3908 πράγμασιν,
3180 3839 3262 3901 εἰς
3287 3838 3348 3890 τὸ
3365 3836 3673 3910 ἔμπροσθεν
3696 3840 3910 3908 ταχέως
3933 3842 4025 3890 ἐκ-

2450 3926 2714 3980 τείνονται
2732 3944 2749 3960 ο
2782 3927 2917 3980 διότι
2932 3927 3095 3981 παντὶ
3118 3927 3265 3997 ἔργῳ
3292 3929 3408 3981 ἐστὶ
3425 3930 3521 3983 καὶ
3545 3928 3719 3996 τάξις,
3754 3930 3850 3982 καὶ
3877 3930 4026 4003 πάσῃ

2450 4018 2693 4089 διαγωγῇ
2729 4019 2917 4090 καιρὸς
2962 4019 3206 4091 ἔννομος.

3022 4219 3287 4288 Σχόλιον
3350 4218 3458 4284 ξςκ

2524 4308 2731 4378 Μηδεὶς
2771 4309 2829 4362 ὲν
2869 4308 3037 4379 κακίᾳ.
3064 4307 3291 4377 διάγων,
3336 4310 3532 4363 ἑαυτοῦ
3579 4311 4027 4379 άπογινωσκέτω,

2453 4405 2607 4469 εἰδὼς
2661 4405 2741 4457 ὅτι
2779 4401 3021 4472 γεωργία
3074 4401 3175 4471 μὲν
3221 4403 3335 4464 τοῖς
3372 4403 3559 4472 φυτοῖς
3588 4403 4029 4474 τάςστοιότητας

2459 4497 2800 4568 μεταᾱὶλλει.
2845 4495 2909 4547 Ἦ
2940 4493 2996 4546 δὲ
3020 4494 3143 4547 κατ’
3162 4492 3367 4565 ἀρετὴν
3389 4494 3489 4564 τῆς
3526 4493 3706 4563 ψυχῆς
3740 4495 4029 4561 ἐπιμέλεια

779 4600 956 4659 potest
1017 4592 1429 4664 qualescunque
1481 4594 1652 4651 animi
1714 4599 1941 4655 morbos
2006 4600 2227 4656 vincere
2292 4574 2428 4657 etD

2381 4574 2651 4661 θδυνατή
2710 4590 2826 4641 ἐστι
2884 4586 3242 4641 παντοδαπῶν
3291 4587 3742 4658 ἀρρωστημάτων
3798 4587 4031 4658 ἐπικρα-

779 4682 1093 4736 emendare.

1395 4793 1558 4865 335
1604 4795 1789 4850 Aliud.

850 4881 1141 4937 Peccatum
1195 4884 1263 4939 ad
1291 4895 1522 4940 mortem
1549 4897 1633 4943 est
1658 4888 1897 4944 hominis
1926 4890 2343 4963 impmniteutis,

780 4987 879 5042 pro
917 4989 1029 5043 quo
1077 4974 1124 5029 si
1162 4977 1514 5044 quantumvis
1568 4988 1793 5036 sanctus
1840 4990 1982 5049 oret,
2038 4999 2150 5040 non
2178 4999 2353 5041 exau-

780 5066 950 5121 ditur.

1262 5178 1426 5233 Aliud
1463 5178 1655 5236 Basilii
1708 5180 1762 5235 Η
1770 5185 1917 5252 agni.

854 5267 912 5322 Si
957 5270 1250 5326 multitudo
1309 5281 1366 5326 et
1418 5275 1738 5343 magnitudo
1797 5278 2210 5335 miserationum
2258 5280 2352 5337 Dei

780 5377 909 5417 cum
932 5362 1281 5419 multitudine
1306 5372 1362 5419 et
1397 5368 1773 5437 magnitudine
1804 5382 2152 5439 peccatorum
2187 5389 2345 5429 com-

783 5458 977 5520 parata
1024 5454 1299 5507 numerari
1351 5462 1407 5510 et
1424 5455 1769 5512 dimensione
1799 5461 2080 5515 exhauriri
2114 5471 2170 5517 et
2204 5462 2351 5518 llniri

787 5549 984 5609 potest,
1045 5550 1131 5597 est
1180 5544 1324 5613 quod
1371 5545 1645 5614 desperes.
1695 5548 1749 5603 Si
1796 5557 1975 5605 autem
2016 5562 2257 5621 peccata,
2296 5562 2357 5608 ut

790 5648 887 5702 par
941 5643 1046 5697 est,
1101 5645 1156 5690 et
1188 5636 1412 5691 modum
1456 5637 1681 5703 habent,
1713 5648 1770 5694 ct
1800 5643 2075 5697 numerari
2105 5652 2355 5713 possunt,

792 5722 888 5777 Dei
919 5734 1097 5780 autem
1146 5726 1520 5783 misericordia
1558 5739 1614 5784 et
1661 5731 2042 5787 miserationes
2071 5734 2351 5787 numerari

793 5830 903 5871 non
941 5828 1189 5888 possunt,
1232 5821 1325 5877 sed
1358 5822 1519 5881 modo
1561 5834 1764 5889 carent,
1809 5824 2175 5895 desperationi
2204 5828 2353 5883 locus

2454 4684 2637 4755 τῆσαι.

3150 4793 3355 4846 Ἄλλο.

2530 4889 2716 4941 Ἔστιν
2744 4886 2987 4958 ἁμαρτία
3045 4884 3184 4955 πρὸς
3244 4882 3473 4936 θάνατον
3524 4882 3560 4951 ἡ
3630 4880 4030 4952 ἅμετανόητος.

2456 4981 2588 5050 περὶ
2618 4974 2686 5052 ἦς
2726 4981 2829 5032 κᾶν
2882 4978 3039 5046 ἆγιος
3088 4974 3231 5045 ὑπὲρ
3264 4973 3456 5043 ἑτέρου
3500 4971 3909 5043 προσεύχηται,
3937 4972 4033 5026 οὐκ

2455 5071 2817 5127 εἰσακούεται.

2729 5184 2919 5237 Ἀλλο
2942 5178 3051 5233 τοῦ
3103 5177 3370 5248 perluor)
3406 5174 3749 5229 Βασιλείσυ.

2528 5272 2593 5325 El
2631 5269 2837 5339 πλῆθος
2863 5268 2973 5321 τῶν
3005 5266 3103 5319 τοῦ
3161 5264 3298 5319 Θεοῦ
3354 5264 3656 5335 οἰκτιρμῶν
3697 5263 4030 5337 ἀριθμῆσαι,

2461 5365 2557 5419 καὶ
2594 5363 2822 5434 μέγεθος
2858 5359 2993 5414 Θεοῦ
3044 5357 3316 5429 μετρῆσαι
3350 5356 3577 5411 δυνατὸν
3619 5356 3680 5409 ἐν
3739 5359 4029 5428 συγκρίσει

2460 5453 2699 5523 πλήθους
2735 5448 3149 5520 ἁμαρτημάτων
3194 5446 3289 5499 καὶ
3320 5445 3603 5515 μεγέθους,
3634 5445 3671 5513 ἡ
3719 5444 4029 5512 ἀπόγνωσις

2460 5545 2715 5616 γινέσθω.
2751 5543 2813 5595 Εἰ
2844 5542 2901 5595 δὲ
2958 5539 3136 5593 ταῦτα
3168 5539 3290 5609 μὲν,
3324 5538 3403 5600 ὡς
3453 5536 3621 5601 εἰκὸς,
3683 5536 3780 5588 καὶ
3846 5536 4026 5606 μέτρῳ

2465 5634 2861 5692 ὐποδὰλλεσθαι
2893 5634 2987 5686 καὶ
3026 5630 3307 5702 ἀριθμητὰ
3349 5627 3491 5681 εἶναι
3521 5626 3830 5697 συμϐαίνει,
3895 5625 4024 5678 Θεοῦ

2457 5729 2515 5782 δὲ
2561 5727 2707 5789 ἔλεος
2739 5725 2833 5778 καὶ
2879 5722 3201 5793 οἰκτιρμοὺς
3240 5720 3545 5793 ἀριθμῆσαι
3596 5717 3883 5781 ἀδύνατον,
3931 5716 4026 5768 οὐκ

2459 5819 2820 5890 ἀπογνώσεως
2846 5816 3055 5888 καιρὸς,
3106 5814 3219 5870 ἀλλ’
3264 5813 3609 5884 ἐπιγνώσεως
3665 5810 3876 5877 ἐλέους,
3932 5808 4022 5865 καὶ
