4216 6458
210 397 349 465 1053

1159 406 1388 468 SCALA
1432 408 1814 471 PARADISI.
1838 437 1910 448 -
1929 410 2237 473 GRADUS
2275 413 2483 474 XXVI.

3316 411 3456 481 105‘

208 512 606 582 καταγνώσεως
639 515 950 588 ἁμαρτιῶν,
997 508 1074 572 ὧν
1142 521 1176 591 η
1240 520 1431 590 ἄφεσις
1492 522 1780 594 πρόκειται
1808 530 1856 587 Α

1808 530 1856 587 Α
1882 527 2065 579 nuilus
2099 525 2445 597 relinquitur,
2478 527 2572 584 sed
2604 529 2902 602 cognitioni
2928 529 3316 587 misericordia:
3335 532 3455 598 eius

205 607 262 657 ἒν
313 605 394 676 τῷ
443 606 636 676 αἵματι
687 606 783 660 τοῦ
815 608 1077 678 Χριστοῦ.

200 784 462 851 Σχόλιον
501 785 762 856 Γαϐριὴλ
799 789 1072 858 μοναχοῦ
1118 791 1217 846 καὶ
1257 793 1621 864 ἠσυχαστοῧ
1675 795 1782 851 τοῦ

701 878 841 947 ὅρου
859 904 878 941 ,ι
927 881 1162 950 Λάτρου
1193 883 1289 949 EC’.

293 966 354 1020 '0
385 968 577 1023 ἑαυτὸν
605 970 850 1041 οἰόμενος
900 971 1036 1026 civ-xi
1085 993 1158 1038 τι,
1197 979 1293 1030 καὶ
1344 977 1615 1034 διδάσκων
1667 981 1782 1033 ἑτέ-

206 1075 356 1129 ρους,
403 1053 479 1115 ὧν
518 1063 713 1133 πεῖραν
747 1065 910 1129 αὐτὸς
935 1068 1035 1119 οὐκ
1066 1066 1246 1138 ἔσχεν,
1282 1069 1315 1141 ἢ
1353 1069 1610 1143 γνὼσειῆ
1638 1073 1782 1143 πρά-

201 1148 320 1216 ξει,
361 1151 455 1204 δύο
482 1153 671 1218 νόσους
705 1159 892 1222 νοσεῖ,
943 1159 1039 1212 καὶ
1095 1159 1189 1213 δύο
1238 1162 1564 1231 τυφλώσεις,
1604 1164 1782 1235 οἴησιν

202 1242 301 1295 καὶ⁵
377 1243 684 1310 κενοδοξίαν
709 1260 724 1275 ⁶
774 1248 1157 1321 ἀναισθησίαν,
1222 1255 1319 1306 καὶ
1378 1254 1600 1321 ἄγνοιαν
1624 1272 1638 1288 ·
1687 1257 1782 1310 καὶ

202 1331 255 1383 εἰ
303 1331 476 1386 ταῦτα
507 1334 860 1405 προσλάϐωσι
909 1339 1005 1392 καὶ
1044 1344 1511 1414 γαστριμαργίαν,
1544 1346 1624 1407 εἰς
1656 1345 1783 1415 πρό-

199 1421 362 1492 δηλον
406 1425 651 1480 κίνδυνον
706 1431 1082 1502 καταφέρουσι
1120 1432 1213 1486 τὸν
1248 1433 1423 1487 ταῦτα
1499 1436 1778 1506 κτησάμε-

200 1531 315 1578 νον,
367 1517 460 1570 καὶ
492 1520 575 1582 εἰς
613 1520 876 1592 αἰσχύνην
921 1523 1163 1593 αἰώνιον,
1187 1526 1286 1578 καὶ
1306 1524 1598 1580 ἀκούσεται
1629 1527 1780 1596 παρά

195 1615 412 1671 πολλῶν
441 1635 456 1650 ·
501 1620 686 1691 Ἰατρὲ
703 1663 720 1688 ,
747 1625 1123 1694 θεράπευσον
1149 1628 1412 1683 σεαυτόν
1436 1645 1450 1659 ·
1496 1631 1546 1683 εἰ
1592 1629 1652 1684 δέ
1698 1647 1779 1692 ἰς

790 1821 1050 1890 Σχόλιον
1076 1823 1175 1894 ξη’.

1881 631 1936 674 et
1988 631 2334 688 peccatorum
2383 622 2754 692 detestationi,
2820 625 3021 697 quibus
3077 627 3134 680 in
3186 627 3453 695 sanguine

1879 706 2077 763 Christi
2108 711 2382 779 proposita
2418 721 2503 767 est
2535 712 2694 767 venia
2723 722 2779 768 et
2807 714 3081 770 remissio.

1883 796 2134 853 Scholion
2179 795 2444 854 Gabriclis
2501 801 2748 855 monachi
2799 812 2847 857 et
2891 801 3125 857 solitarii
3171 802 3227 856 in
3279 809 3454 854 monte

2509 887 2674 944 Latro
2712 889 2802 945 67.

1950 983 2052 1050 Qui
2107 983 2214 1040 sibi
2264 985 2430 1040 sumit
2464 992 2526 1039 ut
2575 987 2712 1042 alios
2741 987 2934 1042 doceat
2959 1001 3196 1060 quorum
3223 985 3341 1056 ipse
3367 985 3453 1040 vel

1881 1091 1984 1130 usu
2028 1077 2110 1131 vel
2165 1078 2478 1146 cognitione
2527 1079 2923 1148 experientiam
2978 1081 3185 1136 nullam
3239 1081 3448 1145 habuit,

1880 1168 2099 1237 gemino
2128 1169 2342 1234 morbo,
2375 1172 2700 1242 geminaque
2728 1174 2972 1228 czecitate
2996 1174 3246 1229 laborat:
3281 1175 3448 1228 animi

1879 1262 2112 1319 elatione
2166 1272 2223 1318 et
2268 1279 2406 1318 vana
2456 1266 2651 1334 gloria,
2712 1275 2939 1336 stupore
2980 1267 3151 1322 animi
3201 1277 3256 1323 et
3295 1269 3452 1337 igno-

1882 1356 2078 1409 rantia.
2112 1356 2176 1410 Et
2210 1357 2256 1412 si
2313 1364 2429 1412 haec
2465 1358 2593 1413 vitia
2649 1358 2704 1412 in
2736 1359 3049 1415 societatem
3073 1359 3239 1414 etiam
3267 1360 3450 1428 gulam

1880 1449 2173 1504 asciverint
2199 1451 2254 1504 in
2285 1460 2530 1521 apertum
2565 1451 2716 1506 exitii
2745 1451 3064 1518 discrimen,
3101 1453 3173 1506 ita
3197 1451 3449 1507 aﬂ'ectuut

1879 1539 2177 1609 conjiciunt
2197 1551 2253 1596 et
2280 1541 2335 1596 in
2393 1543 2629 1598 dedecus
2680 1553 2842 1614 atque
2893 1544 3244 1615 ignominiam
3293 1551 3452 1598 reter-

1878 1647 2031 1694 nam.
2057 1633 2352 1705 audietque
2376 1651 2406 1690 a
2427 1635 2612 1691 multis
2639 1654 2652 1690 :
2691 1637 2908 1702 medice,
2948 1653 3080 1692 cura
3105 1637 3329 1706 tciptnnt
3361 1637 3406 1670 "
3432 1655 3449 1692 :

2369 1769 2382 1783 .
2474 1768 2833 1877 Scholion
2869 1770 2884 1783 .
2962 1771 2977 1785 .
3055 1767 3072 1784 .
3148 1768 3165 1783 .
3242 1769 3260 1784 ο

279 1905 709 1973 Ὺποτακτικαίς
749 1888 867 1982 μὲν
895 1916 1017 1978 ταῖς
1196 1915 1502 1988 ἀνθρώπων
1543 1918 1771 1990 ἐπιτρα-
1801 1888 1845 1944 Β

1801 1888 1845 1944 Β
1945 1915 2003 1970 In
2035 1913 2319 1982 subjectis,
2338 1913 2391 1968 id
2414 1923 2519 1980 est,
2549 1915 2617 1969 ab
2643 1913 2961 1970 hominibus
2993 1913 3088 1970 tibi
3109 1915 3447 1972 commissis.

193 1997 418 2064 πείσαις
433 2020 446 2032 ·
475 2003 870 2069 ἀνυποτάκτοις
899 2006 980 2070 δὲ,
1003 2007 1218 2078 ταίςίμὴ
1242 2007 1646 2074 κελευσθείσαις
1668 2010 1773 2064 ὑπὸ

191 2095 523 2168 ἀνθρώπων,
575 2101 697 2155 καθ’
729 2102 922 2156 ἑαυτὸν
976 2102 1309 2174 διατρίϐοντι
1356 2107 1452 2160 καὶ
1493 2105 1772 2179 ὰσιιουμέδ¹

192 2214 295 2266 νῳ,
330 2198 423 2250 καὶ
478 2199 553 2270 μὴ
582 2203 640 2254 ἐν
671 2203 919 2273 ὑποταγῇ
957 2203 1278 2275 ὑπάρχοντι.

785 2297 831 2349 Σ
833 2295 1045 2364 χόλιον
1074 2293 1172 2361 ξθ’.

271 2381 507 2453 Ἔρευνα
532 2383 784 2456 ἀκριϐὴς,
837 2386 956 2452 πῶς
1012 2387 1253 2452 ἅπαντες
1314 2388 1594 2461 δυνάμεθα
1628 2390 1772 2460 γνῶ-

189 2491 308 2538 ναι,
350 2475 400 2527 εί
449 2474 670 2545 ἀρέσκει
727 2475 805 2550 τῷ
865 2478 984 2550 Θεῷ
1033 2479 1094 2534 τὸ
1151 2481 1310 2552 ἔργον
1363 2483 1540 2554 ἡμῶν,
1595 2483 1624 2538 ὃ
1676 2485 1770 2540 ὲάν

189 2581 461 2638 ποιωμεν.
537 2594 543 2602 ·

796 2663 1056 2732 Σχόλιον
1106 2664 1168 2719 ο’.

265 2746 342 2804 Τὸ
397 2752 534 2806 κατά
588 2753 796 2826 θέλημα
826 2754 960 2809 Θεοῦ
1010 2757 1294 2828 γινόμενον
1326 2757 1512 2830 ἔργον,
1567 2759 1627 2814 ὲν
1658 2762 1776 2823 τοῖς

189 2840 582 2910 εἰσαγιογικοίς
612 2845 942 2900 ταπείνωσιν
974 2845 1321 2918 προστίθησι,
1360 2851 1420 2904 ὲν
1473 2849 1530 2902 δὲ
1581 2850 1771 2919 μέσοις

191 2933 450 3004 πολέμων
506 2937 876 3008 ἀναχώρησιν,
933 2939 990 2992 ἐν
1037 2940 1094 2992 δὲ
1160 2939 1386 3006 τελείοις
1421 2943 1562 3012 φωτὶ
1602 2959 1772 3014 προσ-

188 3019 446 3088 αυγάζει.

783 3121 830 3172 Σ
831 3122 1041 3189 χόλιον
1095 3122 1194 3192 οβ’.

1872 2009 1992 2064 Non
2025 2007 2306 2078 subjectis,
2332 2008 2383 2062 id
2413 2021 2516 2071 est,
2547 2023 2656 2063 non
2687 2010 2967 2078 Imperatis
3014 2008 3084 2063 ab
3109 2008 3450 2075 hominibus,

1874 2119 1975 2159 suo
2003 2117 2200 2174 nempe
2226 2111 2361 2157 nutu
2381 2102 2608 2167 viventi,
2629 2114 2684 2158 et
2718 2118 2840 2160 sese
2861 2104 3116 2175 privatim
3147 2104 3448 2172 exercenti,

1874 2214 1977 2256 nec
2005 2199 2099 2256 ulli
2130 2199 2398 2271 subjecto.

2457 2289 2702 2346 Scholion
2753 2290 2843 2348 69.

1941 2383 2210 2440 Accurata
2247 2383 2616 2456 investigatio,
2641 2384 2923 2454 quomodo
2949 2400 3141 2442 omnes
3165 2384 3444 2456 possimus

1872 2491 2199 2550 cognoscere
2250 2492 2321 2532 an
2373 2476 2527 2533 labor
2577 2485 2761 2532 noster
2821 2477 2868 2533 si
2924 2493 3084 2549 quem
3107 2478 3449 2548 suscipimus

1875 2572 1987 2628 Deo
2015 2571 2245 2642 placeat.

2491 2663 2736 2719 Scholion
2764 2665 2852 2720 70.

1942 2754 2090 2826 Opus
2123 2766 2185 2811 ut
2216 2772 2284 2812 ex
2335 2755 2428 2811 Dei
2465 2757 2742 2812 voluntate
2779 2757 2891 2824 liat,
2941 2757 3214 2814 tironibus
3252 2758 3439 2814 humi-

1872 2851 2075 2906 litatem
2105 2849 2284 2914 aliert,
2317 2849 2386 2905 iis
2411 2850 2504 2920 qui
2530 2850 2641 2919 jam
2668 2850 3040 2920 proiecerunt,
3066 2852 3306 2908 hostium
3353 2867 3445 2910 sc-

1870 2955 2120 3007 cessum;
2153 2938 2817 3009 perl‘ectisluminilumen
2857 2941 3028 3010 addit,
3072 2943 3354 3014 magisque
3379 2957 3447 3002 ac

1872 3033 2045 3103 magis
2081 3033 2336 3087 illustrat.

2467 3120 2717 3177 Scholion
2755 3122 2814 3176 Ἠ
2827 3162 2841 3176 .

302 3205 588 3304 ’ᾼντὶ-τοῦ
626 3211 958 3282 νομιζόμενα
991 3217 1164 3286 μικρά
1222 3216 1375 3288 παρά
1443 3220 1552 3284 τοῖς
1599 3219 1842 3304 μεγά-ο
1942 3213 1967 3267 Ῑ

1796 3244 1842 3304 C
1942 3213 2047 3268 Pro
2087 3230 2170 3281 eo,
2228 3213 2374 3284 quod
2419 3215 2560 3304 apud
2602 3213 3253 3304 magnosiexistimentur
3282 3214 3448 3286 3%

186 3295 363 3366 λοις,“
398 3299 487 3355 διὰ
532 3303 632 3376 τὴν
698 3305 1012 3378 τελειότητα
1055 3307 1183 3373 ἴσως
1225 3311 1288 3364 οὐ
1342 3312 1554 3381 μικρά·
1603 3313 1671 3366 τὰ
1713 3313 1771 3366 δὲ

189 3392 351 3466 παρά
397 3396 509 3459 τοῖς
562 3398 781 3468 μικροῖς
825 3400 1045 3469 οἱὸμενα
1099 3401 1333 3472 μεγάλα,
1367 3402 1454 3457 διὰ
1497 3404 1598 3473 τὴν
1643 3405 1770 3460 ἀτέ-

187 3487 350 3539 λειαν
398 3485 462 3539 οὐ
529 3487 747 3554 πάντως
805 3489 1029 3545 τέλεια·
1075 3493 1138 3547 τὸ
1193 3495 1327 3549 αὐτὸ
1388 3495 1455 3569 δὴ
1505 3497 1600 3551 καὶ
1643 3498 1772 3570 περὶ

184 3584 301 3638 τῶν
346 3585 558 3658 ἀρετῶν
594 3590 690 3640 καὶ
742 3591 954 3647 κακιῶν
979 3593 1300 3665 ἐκληπτέον.

471 3680 730 3748 Σχόλιον
776 3683 1020 3753 Μάρκου
1053 3688 1330 3758 μοναχοῦ
1377 3688 1486 3754 οβ’.

261 3768 342 3842 (a)
367 3770 644 3842 Πρόληψίς
692 3774 829 3839 ἔστι,
861 3778 1145 3848 προτέρων
1174 3780 1362 3834 κακῶν
1390 3783 1580 3856 μνήμη
1609 3785 1765 3839 ἀκού-

183 3878 347 3927 σιος·
376 3864 527 3936 παρά
567 3866 667 3938 μὲν
711 3867 792 3940 τῷ
848 3869 1134 3944 ἀγωνιστῇ
1166 3873 1436 3945 προϐῆναι
1488 3878 1569 3940 είς
1601 3878 1770 3945 πάθος

179 3955 508 4031 κωλυομὲνη
529 3975 542 3988 ·
570 3961 718 4032 παρὰ
751 3962 809 4017 δὲ
839 3963 916 4036 τῷ
931 3967 1126 4038 νικητῇ
1159 3966 1264 4032 ἕως
1286 3969 1592 4044 προσϐολῆς
1619 3973 1766 4028 ἀναι-

183 4049 451 4121 ρουμένηο

775 4258 1038 4326 Σχόλιον
1087 4263 1189 4327 ογ.

266 4345 540 4417 ’Δμαρτία
571 4345 690 4400 ἐστὶ
733 4347 916 4419 πάσης
942 4348 1162 4420 ἐντολῆς
1204 4349 1299 4404 καὶ
1348 4349 1449 4423 τῆς
1484 4352 1770 4426 ἐλαχίστης

171 4438 530 4509 παράϐασις·
559 4438 729 4511 ἀργία
755 4439 832 4506 δὲ,
864 4441 927 4494 τὸ
958 4440 1034 4512 μὴ
1062 4444 1238 4495 ποιεῖν
1288 4443 1386 4497 καὶ
1439 4445 1768 4517 ἐργάζεσθαι

169 4531 250 4585 τὰ
300 4529 439 4601 ἔργα
498 4529 592 4583 τοῦ
631 4529 766 4584 Θεοῦ
792 4549 806 4562 ·
841 4532 1072 4602 ἀμέλεια
1098 4532 1157 4586 δὲ
1187 4534 1250 4587 τὸ
1271 4534 1602 4606 ἐργάζεσθαι
1644 4538 1764 4610 μὲν,

171 4620 452 4693 ῥᾳθύμως
478 4621 536 4674 δέ
570 4639 582 4653 ο
635 4622 810 4687 πάθος
856 4624 936 4691 δὲ,
960 4627 994 4696 ὴ
1027 4630 1307 4696 πεπηγυῖα
1363 4631 1460 4683 καὶ
1512 4631 1764 4686 δυσέκνι-

169 4728 318 4775 πτος
351 4711 494 4783 ῥοπὴ
521 4711 624 4783 τῆς
672 4712 909 4777 διανοίας
949 4715 1043 4768 ἐπὶ
1090 4715 1160 4770 τὰ
1199 4717 1539 4789 βλάπτοντα·
1568 4723 1768 4794 πτῶμα

170 4803 270 4868 δὲ,
313 4802 378 4857 τὸ
407 4805 490 4867 είς
531 4806 791 4860 ἀπιστίαν
826 4808 860 4879 ἢ
893 4810 973 4874 είς
1009 4810 1072 4864 τὸ
1098 4810 1209 4865 τῶν
1258 4813 1593 4882 σωματικῶν
1655 4832 1764 4870 πα-

168 4895 292 4952 θῶν
321 4895 622 4968 ὀλισθῆσαι.

810 5013 1011 5069 Ἰσαὰκ
1050 5015 1143 5070 οδ’.

255 5097 658 5170 Παραφύλαττε
685 5105 749 5157 ὲκ
780 5103 891 5158 τῶν
927 5108 1162 5177 μικρῶν,
1228 5112 1317 5167 ἵνα
1378 5113 1452 5184 μὴ
1520 5113 1760 5188 ὲκπέσῃς

162 5191 241 5245 ἐκ
276 5189 390 5244 τῶν
418 5191 686 5262 μεγάλων.

642 5311 904 5378 Σχόλιον
941 5313 1150 5370 Ἰσαὰκ
1185 5325 1297 5372 .oe’.

243 5396 396 5468 Πρὸς
441 5399 568 5464 τοὺς
617 5401 804 5471 φίλους
852 5422 944 5458 σου
991 5409 1048 5458 ὲν
1112 5407 1367 5483 εὐλαϐείᾳ
1422 5409 1755 5484 πορεύθητι·

160 5489 310 5546 ὅταν
334 5489 389 5543 δὲ
420 5495 648 5567 ποιήσῃς
681 5495 858 5564 τοῦτο,
887 5499 979 5552 καὶ
1016 5501 1238 5556 σεαυτὸν
1253 5504 1352 5556 καὶ
1383 5503 1583 5569 αὐτοὺς
1613 5504 1757 5574 ὠφε-

158 5580 384 5652 λήσεις,
415 5582 498 5636 ὃτι
530 5585 801 5656 προφάσει
828 5588 926 5659 τῆς
952 5590 1192 5660 ἀγάπης,
1238 5593 1529 5650 ἀποϐάλλει
1576 5597 1611 5668 ἡ
1650 5595 1756 5664 ψυο

160 5669 243 5743 χή
274 5668 373 5725 τὸν
401 5672 620 5742 χαλινὸν
665 5677 766 5749 τῆς
793 5681 1246 5754 παραφυλάξεως,

237 5846 291 5879 ⁵⁸
327 5847 456 5906 Luc.
478 5852 652 5922 “325.

1873 3321 2039 3378 parva
2102 3314 2320 3375 propter
2385 3303 2778 3374 perfectionem
2833 3303 3090 3368 fortasse,
3139 3319 3248 3359 non
3312 3315 3444 3361 sunt

1871 3414 2075 3470 parva:
2131 3414 2253 3468 quae
2305 3407 2485 3452 autem
2545 3411 2742 3466 magna
2801 3397 2941 3466 apud
2971 3411 3187 3466 parvos,
3216 3407 3441 3468 pr0pter

1873 3491 2338 3562 itnperfectionem
2389 3505 2497 3544 non
2541 3489 2768 3544 omnino
2810 3505 3008 3561 magna
3046 3499 3145 3544 aut
3179 3493 3442 3563 perlecta.

1872 3583 2016 3640 Idem
2048 3583 2116 3639 de
2147 3581 2444 3638 virtutibus
2466 3590 2521 3636 et
2542 3581 2690 3636 vitiis
2727 3581 3161 3652 intelligendum.

2357 3674 2413 3729 Η
2418 3675 2533 3729 arci
2570 3675 2816 3729 monachi
2861 3672 2946 3728 72.

1939 3767 2273 3839 Anticipatio
2303 3776 2391 3824 est
2445 3766 2692 3837 priorum
2729 3768 3001 3820 malorum
3052 3779 3147 3820 seu
3182 3765 3441 3820 vitiorum

1870 3863 2081 3934 objecta
2138 3861 2344 3918 nolenti
2387 3860 2677 3927 memoria,
2731 3875 2854 3930 quae
2907 3855 3442 3931 agonistam'Christi

1871 3957 2120 4029 prohibet
2147 3954 2216 4011 ad
2242 3954 2434 4010 vitium
2467 3968 2642 4024 usque
2691 3952 2940 4024 progredi
2965 3969 2979 4006 :
3004 3966 3035 4006 a
3073 3950 3315 4020 perfecto
3343 3966 3444 4006 au-

1869 4057 1978 4104 tem
2002 4065 2098 4105 seu
2130 4047 2338 4103 victore
2378 4045 2446 4102 ad
2494 4043 2912 4114 impressionem
2943 4057 3120 4113 usque
3144 4042 3359 4100 sublata
3385 4053 3444 4101 et

1869 4142 2065 4198 deleta.

2461 4251 2712 4308 Scholion
2772 4250 2864 4306 75.

1937 4346 2225 4405 Peccatum
2267 4355 2352 4404 est
2381 4346 2560 4401 omnis
2609 4343 2777 4398 divini
2831 4343 3085 4414 praecepti
3127 4341 3293 4398 etiam
3327 4341 3435 4397 mi-

1869 4443 1999 4498 nimi
2028 4442 2249 4498 violatio
2281 4457 2378 4496 seu
2408 4438 2801 4509 transgressio;
2824 4437 3085 4507 segnities
3129 4445 3311 4490 autem
3338 4451 3434 4491 seu

1867 4534 2040 4589 otium
2067 4533 2135 4587 ab
2157 4532 2412 4602 operibus
2453 4531 2652 4586 divinis
2681 4528 2937 4585 cessatio.
2980 4525 3317 4599 Negligentia
3351 4535 3437 4582 est

1863 4628 2054 4684 eadem
2087 4625 2420 4696 negligenter
2465 4633 2520 4680 et
2571 4624 2802 4679 remisse
2836 4621 3086 4692 exsequi.
3131 4619 3325 4676 Passio
3348 4630 3435 4676 est

1861 4719 1990 4786 lixa,
2013 4729 2066 4776 et
2087 4734 2153 4774 ex
2180 4733 2286 4788 qua
2320 4733 2461 4788 aegre
2493 4731 2762 4786 emergas,
2814 4715 3017 4770 mentis
3062 4713 3129 4768 ad
3163 4712 3325 4768 noxia
3351 4713 3434 4764 in-

1859 4814 2103 4872 clinatio.
2137 4814 2311 4868 Casus
2339 4821 2420 4867 est
2441 4827 2551 4880 quo
2570 4810 2658 4864 vel
2679 4810 2734 4864 in
2759 4808 3192 4865 incredulitatem
3217 4805 3298 4861 vel
3313 4821 3435 4862 cor-

1860 4908 2011 4980 poris
2038 4906 2346 4976 voluptates
2370 4903 2699 4959 devolvaris.

2493 5013 2675 5069 Isaaci
2703 5013 2789 5072 74.

1933 5113 2075 5168 Cave
2095 5127 2126 5166 a
2155 5109 2355 5183 parvis,
2401 5123 2469 5165 ne
2491 5107 2712 5165 excidas
2733 5121 2766 5162 a
2791 5105 3023 5177 magnis.

2353 5313 2606 5371 Scholion
2631 5312 2812 5367 Isaaci
2847 5312 2935 5368 75.

1930 5409 2151 5464 Amicos
2174 5423 2295 5465 cum
2329 5406 2634 5462 reverentia
2661 5415 2715 5461 et
2738 5415 2898 5462 caute
2943 5403 3142 5461 accede
3165 5421 3181 5472 ;
3203 5403 3428 5474 quando

1861 5503 1966 5558 hoc
1992 5501 2206 5570 ieceris,
2233 5512 2289 5558 et
2329 5502 2428 5558 tibi
2454 5509 2511 5557 et
2549 5499 2670 5556 aliis
2721 5500 2988 5570 proderis.
3039 5498 3233 5554 Anima
3279 5498 3425 5552 enim

1862 5597 2150 5652 occasione
2204 5593 2513 5668 [praetextu]
2565 5593 2849 5651 cbaritatis
2898 5591 3110 5649 frenum
3168 5589 3430 5647 custodia:

1861 5688 1945 5743 sui
1979 5688 2147 5759 ipsius
2171 5687 2405 5758 abjicere
2434 5685 2589 5742 solet.
