4216 6458
189 372 320 438 1057

186 484 280 536 καί⁵
323 478 753 549 δυσερμήνευτος
783 492 796 504 ·

183 573 306 628 καθ’
345 573 493 641 ἡμᾶς
562 566 943 638 ἁνυπερθέτως
994 563 1265 631 ὀφείλουσι
1315 549 1588 629 γίνεσθαι·
1646 563 1743 633 καὶ

185 666 364 734 πάσης
391 662 666 733 ἁναμονῆς
690 658 978 731 ὀξυτέρως,
1013 656 1152 709 κατὰ
1174 654 1265 707 τὸν
1289 654 1515 722 λέγοντα
1539 668 1556 683 ο
1598 651 1744 707 Οὐαί

184 759 220 809 ό
246 753 732 821 ἀναϐαλλόμενος
772 747 1001 818 ἡμέραν
1032 746 1101 810 ἐξ
1128 743 1372 814 ψιέρας,
1402 742 1503 797 καὶ
1553 741 1744 812 καιρὸν

190 847 257 899 ἐκ
314 842 526 914 καιροῦ.
585 842 719 895 Ποῖα
768 841 826 894 δὲ
885 838 1045 893 πάλιν
1099 836 1238 907 μετὰ
1301 837 1602 899 ἐπιεικείας
1652 835 1746 890 καὶ

186 934 559 1008 περισκέψεως
595 951 610 965 ο
640 934 716 996 ὡς
745 932 1003 1003 παραινεῖ
1054 931 1083 982 ὁ
1124 926 1381 999 εἰρηκώς,
1430 927 1591 983 Μετὰ
1644 944 1747 981 κυ-

184 1025 522 1094 ϐερνήσεως
549 1025 772 1094 γίνεται
820 1023 1102 1090 πόλεμος,
1154 1020 1250 1073 καὶ
1294 1020 1455 1074 πάλιν
1476 1035 1489 1050 ·
1545 1018 1747 1074 Πάντα

184 1119 587 1189 εὐσχημόνως,
640 1114 739 1168 καί
772 1113 921 1168 κατὰ
966 1111 1138 1176 τάξιν
1154 1110 1425 1180 γινέσθω.
1487 1109 1599 1162 Οὔκ
1631 1109 1747 1162 ἔστι

184 1214 317 1283 γὰρ,
336 1212 435 1265 οὐκ
463 1210 578 1263 ἐστι
619 1208 728 1260 τῶν
758 1207 1030 1277 τυχόντων
1057 1202 1126 1256 τὰ
1175 1202 1351 1256 τοιάδε
1397 1201 1749 1271 δυσδιάκριτα

187 1303 386 1357 θᾶττον
414 1302 677 1372 εὐκρινῶς
703 1301 1012 1367 διαγνωναι,
1045 1297 1202 1366 εἰπερ
1236 1296 1331 1348 καὶ
1377 1296 1406 1347 ό
1467 1293 1745 1363 θεοφόρος,

188 1393 369 1447 καὶτὸ
407 1390 621 1461 πνεῦμα
640 1392 697 1442 ὲν
727 1387 905 1457 ἑαυτῷ
933 1387 1137 1452 λαλοῦν,
1171 1385 1333 1454 ἔχων,
1361 1380 1519 1435 τοῦτο
1551 1381 1750 1435 πολλάο

188 1502 279 1545 κις
309 1482 556 1553 φαίνεται
606 1478 1043 1550 προσευχόμενος
1072 1493 1087 1507 ·
1114 1477 1211 1530 καὶ
1237 1473 1369 1526 ποτε
1405 1473 1504 1542 μὲν
1536 1473 1713 1540 λέγων
1731 1486 1747 1501 °

189 1574 446 1639 Δίδαεόν
479 1590 552 1642 με
582 1570 688 1625 τοῦ
713 1569 903 1623 ποιεῖν
930 1569 998 1622 τὸ
1031 1566 1259 1635 θέλημά
1299 1581 1435 1626 σου,
1477 1565 1565 1618 ὅτι
1589 1565 1669 1619 σὺ
1698 1558 1757 1617 εἷ

190 1668 228 1718 ό
280 1663 425 1727 Θεός
450 1679 567 1730 μου
597 1676 613 1691 ⁸
649 1658 786 1712 ποτε
809 1658 870 1711 δὲ
899 1657 1062 1711 πάλιν
1092 1670 1106 1685 ⁸
1168 1654 1506 1723 Ὀδήγησόν
1526 1670 1603 1721 με
1652 1652 1751 1705 ἐπὶ

187 1756 309 1822 τὴν
336 1752 623 1821 ἀλήθειάν
688 1768 805 1806 σου
833 1767 849 1782 ⁶
895 1750 991 1803 καὶ
1026 1747 1183 1801 πάλιν
1209 1763 1224 1779 ο
1277 1746 1585 1814 Γνώρισόν
1628 1761 1749 1814 μοι,

1143 363 1377 424 SCALA
1406 362 1783 423 PARADISI.
1814 387 1885 400 —
1907 363 2212 424 GRADUS
2240 364 2446 426 XXVI.

849 474 945 528 καὶ
975 472 1102 525 ποῖά
1125 488 1186 524 τε
1218 471 1326 523 τῶν
1372 470 1745 551 πραγμάτων,
1774 484 1822 540 Α
1850 472 2209 551 terpretabilis
2231 486 2313 530 est
2344 475 2415 539 ⁸⁸,
2445 489 2514 543 qu

1741 514 1745 531 ,
1774 484 1822 540 Α
1850 472 2209 551 terpretabilis
2231 486 2313 530 est
2344 475 2415 539 ⁸⁸,
2445 487 2566 543 quis
2608 488 2800 545 nempe
2832 488 2921 530 res
2953 473 3008 529 in
3038 485 3222 532 nostra
3256 486 3406 547 pote-

3270 361 3404 433 1058

1842 570 1983 618 state
2022 564 2143 619 sitm
2172 564 2290 620 sine
2334 564 2593 619 dilatione
2635 575 2690 619 et
2725 567 2872 619 omni
2905 580 3058 620 mora
3101 568 3408 634 expeditius

1843 652 2088 707 facienda
2139 654 2251 709 sint
2291 655 2475 727 368,
2530 666 2588 709 ut
2620 665 2805 711 monet
2836 657 2924 711 ille
2962 656 3056 727 qui
3101 657 3275 713 dicit:
3323 659 3410 712 Va:

1842 743 1933 813 qui
1961 742 2139 812 diﬁ‘ert
2159 744 2223 797 de
2249 744 2335 799 die
2366 747 2422 799 in
2454 746 2593 800 diem
2615 746 2686 811 ⁵⁸,
2724 755 2779 801 et
2804 747 2872 801 de
2904 756 3147 815 tempore
3180 750 3234 802 in
3267 756 3407 802 tem-

1844 846 1966 902 pus.
1996 833 2129 901 Qua:
2167 833 2294 889 item
2313 845 2523 903 contra,
2552 849 2674 891 cum
2702 835 2939 907 quodam
2961 846 3407 906 temperamento,

1846 923 2281 980 consideratione
2344 934 2399 980 et
2460 927 2955 997 circumspectione
3026 930 3287 997 agendae,
3351 937 3413 983 ut

1846 1023 2032 1069 monet
2072 1016 2165 1085 qui
2200 1015 2336 1070 dixit
2366 1035 2380 1071 :
2419 1017 2552 1070 Cum
2599 1018 2969 1097 gubernatione
2996 1018 3059 1085 ﬁt
3105 1017 3294 1072 bellum
3324 1018 3407 1084 '7;

1846 1112 1901 1158 et
1933 1120 2148 1160 rursum
2179 1122 2193 1158 :
2222 1108 2409 1160 Omnia
2437 1108 2646 1160 honeste
2685 1122 2779 1161 seu
2816 1107 3091 1171 decenter,
3122 1117 3171 1162 et
3218 1123 3409 1161 secun-

1847 1196 1974 1249 dum
2000 1197 2233 1251 ordinem
2256 1199 2387 1267 [iant
2406 1200 2472 1250 “'.
2510 1198 2627 1252 Non
2655 1207 2740 1253 est
2766 1200 2935 1262 enim,
2961 1214 3069 1253 non
3099 1208 3184 1255 est
3227 1199 3413 1269 cujus-

1848 1287 1951 1351 vis,
1974 1288 2121 1353 talia,
2157 1305 2383 1358 qumque
2410 1289 2706 1359 dijudicatu
2741 1297 2871 1346 sunt
2897 1289 3163 1355 difficilia,
3186 1306 3249 1345 ex
3280 1301 3416 1345 tem-

1848 1392 1980 1447 pore
2002 1380 2145 1436 clare
2169 1390 2222 1435 et
2252 1381 2407 1436 facile
2433 1397 2763 1453 cognoscere
2794 1390 2848 1437 et
2880 1381 3179 1451 tlijndicare
3199 1382 3416 1451 quando

1849 1480 1902 1523 et
1933 1469 2042 1525 Deo
2074 1473 2283 1541 plenus,
2312 1483 2365 1527 et
2392 1475 2487 1544 qui
2534 1473 2797 1542 Spiritum
2838 1484 3090 1531 sanctum
3141 1475 3194 1528 in
3241 1489 3298 1530 se
3336 1477 3417 1529 Io-

1850 1572 2103 1631 quentem
2137 1564 2344 1629 habuit,
2387 1566 2489 1619 hoc
2524 1581 2673 1644 sape
2721 1568 2866 1621 visus
2899 1577 2980 1621 est
3019 1567 3251 1637 precari,
3292 1581 3417 1621 cum

1853 1656 2146 1725 aliquando
2168 1657 2299 1712 dicit
2328 1674 2342 1711 :
2375 1658 2515 1713 Doce
2563 1676 2644 1713 me
2669 1660 2840 1729 facere
2869 1660 3185 1714 voluntatem
3248 1670 3415 1723 tuam,

1852 1748 1975 1815 quia
2000 1745 2138 1800 Deus
2163 1764 2306 1803 meus
2333 1766 2387 1803 es
2427 1759 2481 1803 tu
2504 1752 2571 1804 '9.
2608 1750 2757 1806 Alias
2779 1765 2908 1805 vero
2940 1766 3152 1804 rursum
3188 1768 3203 1805 :
3244 1750 3419 1821 Dirige

190 1849 390 1914 Κύριε,
421 1845 585 1906 ὁδὸν,
604 1843 674 1896 ἐν
704 1842 744 1909 ᾖ
775 1842 1161 1909 πορεύσομαι,
1188 1838 1277 1891 ὅτι
1319 1838 1466 1907 πρὸς
1519 1838 1597 1891 σε
1641 1839 1749 1890 ἀπὸ
1781 1826 1825 1886 Β

1781 1826 1825 1886 Β
1858 1853 1937 1890 me
1973 1838 2028 1891 in
2055 1838 2268 1892 veritate
2307 1849 2400 1894 tua
2425 1841 2507 1908 ‘°;
2544 1853 2597 1896 et
2624 1858 2876 1897 rursum:
2922 1840 3120 1895 Natant
3157 1841 3242 1910 [ac
3267 1842 3416 1906 mihi,

188 1940 379 2009 πάσης
410 1937 675 2007 μερίμνης
727 1933 1005 2005 βιωτικῆς,
1038 1931 1132 1985 καὶ
1155 1931 1360 1994 πάθους
1390 1930 1505 1998 τὴν
1534 1928 1750 1999 ψυχήν

184 2049 310 2101 μου
336 2026 452 2101 ἦρα
480 2031 577 2083 καὶ
606 2027 820 2097 ὕψωσα.
862 2026 1013 2079 Ὅσοι
1061 2026 1123 2078 τὸ
1176 2023 1270 2078 τοῦ
1299 2023 1506 2095 Κυρίου
1564 2023 1750 2094 μαθεῖν

189 2120 572 2193 ⁴ἰςῦουλήθησαν
601 2118 818 2187 θέλημα
844 2116 943 2187 (2),
976 2118 1033 2169 ὲν
1075 2115 1256 2176 αὐτοῖς
1289 2114 1467 2168 θανεῖν
1515 2130 1753 2185 κεχρεω-

192 2214 465 2283 στήκασιν
487 2210 582 2283 [aL
617 2209 678 2265 τὸ
705 2208 894 2262 ἑαυτὸν
919 2208 1183 2281 πρότερον
1238 2205 1566 2278 θανατῶσαι]
1590 2224 1605 2237 ·
1662 2206 1752 2259 πί-

195 2323 320 2358 στει
361 2305 539 2359 τοίνυν
574 2303 667 2356 καὶ
703 2303 962 2373 ἀπονήρῳ
1000 2300 1100 2371 [αι.
1140 2300 1365 2363 ἑαυτοὺς
1407 2299 1753 2370 ἀπαρνούμε-

191 2414 280 2449 νοι
311 2395 514 2461 πίστει,
545 2392 676 2464 etc.)
712 2390 977 2461 ἁπλότητι
1012 2386 1465 2459 προσευξάμενοι,
1504 2387 1599 2441 καὶ
1650 2386 1754 2457 ψυ-

193 2489 300 2559 χὰς
328 2487 580 2557 πατέρων
604 2485 637 2556 ἢ
668 2486 763 2538 καὶ
787 2481 1032 2552 ἀδελφῶν
1078 2483 1135 2534 ὲν
1164 2479 1494 2534 ταπεινώσει
1520 2480 1616 2533 καί
1657 2481 1753 2532 ἀν-

193 2580 494 2647 ενδοιάστῳ
525 2577 722 2649 καρδίᾳ
745 2576 1138 2647 ἐρωτήσαντες,
1166 2573 1241 2636 ὡς
1269 2573 1334 2626 ἐκ
1370 2571 1506 2625 θεοῦ
1555 2572 1756 2641 στόμα-

193 2688 293 2735 τος
318 2671 387 2725 τὰ
435 2672 564 2740 παρ’
592 2667 770 2721 αὐτῶν
827 2666 1305 2736 συμϐουλευόμενα
1369 2663 1712 2734 δεχέσθωσαν
1736 2678 1751 2692 ·

192 2763 252 2815 εἰ
305 2763 399 2814 καὶ
427 2761 642 2813 ἐναντία
671 2758 749 2829 τῷ
794 2757 1000 2812 ἑαυτῶν
1025 2756 1212 2825 σκοπῷ
1239 2755 1310 2808 τὰ
1338 2755 1607 2825 εἰρημένα
1626 2770 1756 2822 τυγ-

194 2854 474 2923 χάνουσιν.
515 2853 565 2903 εί
595 2850 689 2903 καὶ
724 2848 799 2920 μή
850 2848 990 2902 πάνυ
1032 2846 1393 2916 πνευματικοὶ¹
1438 2847 1488 2898 οἰ
1551 2847 1755 2917 ἐρωτη-

196 2944 386 3006 θέντες
419 2942 814 3012 καθεστήκασιν
840 2957 853 2971 ·
881 2940 980 2993 οὐκ
1012 2939 1130 2991 ἐστι
1178 2937 1286 3007 γὰρ
1318 2937 1498 2999 ἄδικος
1543 2939 1572 2990 ό
1625 2937 1755 3000 Θεὸς

193 3034 377 3105 ψυχὰς
408 3033 588 3086 πίστει
624 3033 719 3085 καὶ
763 3030 968 3095 ἀκακία
1015 3027 1216 3092 ἑαυτὰς
1252 3031 1317 3099 τῇ
1374 3028 1467 3081 τοῦ
1529 3027 1755 3098 πλησίον

197 3125 480 3196 συμσουλῇ
510 3124 605 3177 καί⁵
657 3123 832 3194 κρίσει
855 3122 1265 3184 ταπεινωσάσας
1320 3121 1616 3191 ἀπατῆσαι,
1652 3121 1756 3175 κᾶν

1858 1928 2097 1991 Domine,
2126 1930 2284 1994 viam,
2321 1932 2375 1985 in
2403 1949 2506 2001 qua
2532 1934 2809 1999 ambulem,
2845 1936 2970 2005 quia
2994 1936 3063 1988 ad
3098 1944 3145 1988 te
3184 1936 3420 1987 animam

1857 2036 2027 2073 meam
2045 2021 2111 2086 “,
2134 2022 2203 2077 ab
2223 2024 2367 2076 omni
2394 2040 2525 2079 cura
2559 2026 2721 2094 hujus
2744 2028 2866 2081 vita:
2898 2028 3140 2083 mortalis
3155 2036 3209 2082 et
3239 2027 3418 2081 vitiosi

1857 2109 2083 2165 ailectus
2141 2112 2370 2166 levavi"
2457 2122 2511 2168 et
2560 2115 2787 2169 exaltavi
2838 2115 3157 2187 Quicunque
3206 2116 3419 2171 Domini

1856 2204 2186 2257 voluntatem
2220 2217 2547 2274 cognoscere
2582 2205 2887 2270 voluerunt,
2929 2221 3083 2261 suam
3121 2208 3275 2277 prius
3308 2222 3421 2260 ma-

1857 2303 2005 2349 ctare
2047 2310 2274 2365 seseque
2317 2296 2583 2367 abnegare
2615 2297 2936 2363 debuerunt,
2973 2308 3026 2354 et
3064 2315 3187 2354 cum
3231 2299 3337 2353 fide
3367 2308 3423 2353 et

1857 2384 2203 2454 simplicitate
2226 2386 2447 2441 exclusa
2473 2386 2623 2441 omni
2645 2387 2871 2455 malitia,
2899 2388 3127 2457 precari,
3154 2398 3207 2444 et
3239 2398 3422 2459 patres

1858 2476 2119 2533 fratresve
2148 2493 2272 2533 cum
2315 2493 2445 2533 vera
2482 2479 2803 2543 humilitate,
2854 2490 2908 2532 et
2944 2480 3061 2533 sine
3095 2478 3202 2532 ulla
3236 2477 3422 2533 cordis

1858 2570 2190 2626 dubitatione
2248 2571 2603 2641 interrogare,
2665 2586 2898 2641 quorum
2953 2571 3179 2626 consilia
3238 2584 3292 2626 et
3340 2587 3423 2625 re-

1859 2679 2058 2733 sponsa
2098 2674 2353 2732 tanquam
2401 2664 2469 2717 ab
2507 2679 2602 2717 ore
2654 2663 2747 2718 Dei
2789 2664 2997 2732 prolata
3072 2664 3421 2731 suscipienda

1859 2765 2019 2819 sunt;
2054 2754 2301 2823 quamvis
2349 2754 2619 2809 contraria
2666 2755 2936 2809 destinato
2989 2754 3081 2809 lini
3132 2756 3424 2825 quaerentis

1858 2847 2002 2901 dicta
2037 2848 2342 2910 videantur,
2375 2856 2469 2901 aut
2504 2847 2817 2915 interrogati
2855 2863 2963 2901 non
2997 2848 3152 2902 valde
3180 2847 3423 2916 religiosi

1860 2939 1988 2993 sint.
2017 2937 2157 2993 Deus
2192 2938 2336 2993 enim
2360 2953 2466 2992 non
2490 2947 2573 2993 est
2610 2939 2831 3008 iniquus
2865 2949 2924 2993 ut
2953 2941 3162 2993 animas
3188 2954 3308 3007 qua:
3330 2954 3426 3007 per

1861 3029 2017 3084 tidem
2042 3036 2096 3085 et
2111 3030 2509 3099 simplicitatem
2535 3031 2759 3086 alterius
2785 3046 2844 3086 se
2868 3030 3099 3086 consilio
3131 3039 3185 3085 et
3214 3030 3422 3100 judicio

1861 3120 2136 3175 humiliter
2163 3120 2481 3189 subjiciunt,
2513 3121 2688 3191 decipi
2717 3124 2955 3192 patiatur
2986 3139 3000 3175 :
3039 3136 3162 3175 nam
3207 3121 3422 3176 etiamsi

194 3185 387 3285 ἄλογοι
410 3185 480 3268 oi"
506 3185 873 3286 ἐρωτηθέντες
925 3214 1291 3284 τυγχάνωσιν·
1343 3213 1463 3267 ἀλλ’
1583 3213 1755 3268 λαλῶν
1782 3185 1823 3242 c
1856 3215 1859 3265 ἱ

1782 3185 1823 3242 c
1856 3213 1931 3267 illi
1961 3213 2052 3283 qui
2080 3185 2458 3277 consuluntur,
2484 3185 2853 3282 imprudentes
2894 3212 3111 3278 fuerint,
3132 3221 3216 3268 est
3241 3221 3422 3266 tamen

193 3308 366 3370 ἆῦλος
395 3307 492 3360 καὶ
531 3306 785 3376 ἀόρατος.

272 3511 483 3581 Πολλῆς
519 3510 1018 3582 ταπεινοφροσύνης
1049 3509 1307 3563 ἀνάπλεοι
1338 3510 1755 3580 καθεστήκασιν,

192 3604 251 3656 οἰ
277 3601 357 3672 τῷ
402 3598 781 3671 προειρημένῳ
832 3601 964 3670 ἡμῖν
1003 3599 1384 3661 ἀνενδοιάστως
1431 3598 1760 3668 ποιχοῦντες

195 3696 407 3750 κανόνι.
432 3694 496 3747 Εἰ
526 3694 633 3764 γὰρ
663 3694 721 3746 ιν
742 3691 1023 3763 ψαλτηρίῳ
1050 3690 1111 3744 τὸ
1136 3691 1212 3761 (3)
1241 3688 1430 3743 ἑαυτοῦ
1467 3706 1552 3753 τις
1580 3690 1760 3759 ήνοιγε

194 3785 496 3858 πρόσλημα
525 3784 623 3856 (ι),
660 3784 825 3837 πόσον
852 3784 1028 3836 οἴεσθε
1064 3782 1278 3850 λογικὸν
1307 3781 1426 3835 νοῦν
1458 3782 1552 3835 καὶ
1584 3780 1760 3852 ψυχὴν

195 3876 394 3949 νοερὰν
432 3876 640 3947 ἀψύχου
676 3875 951 3947 διαφέρειν
984 3872 1445 3944 ἁποφθίγματος;
1488 3872 1675 3927 Πολλοί
1711 3874 1760 3928 οἰ

198 3972 375 4041 μήπω
403 3968 465 4022 τὸ
490 3968 696 4022 τέλειον
719 3967 877 4022 τοῦτο
898 3966 992 4021 καὶ
1011 3967 1215 4035 κοῦφον
1247 3964 1449 4034 ἀγαθὸν
1479 3965 1540 4018 τὸ
1574 3982 1761 4036 προει-

196 4057 442 4133 ρημένον
483 4058 543 4124 ιε
573 4056 969 4128 αὐταρισκείας
995 4054 1378 4126 κατειληφότες
1399 4055 1476 4125 (5)
1503 4072 1517 4087 ’
1549 4056 1661 4109 ἀλλ’
1704 4056 1761 4123 ἰξ

193 4148 414 4205 ἑαυτῶν
447 4149 541 4203 καὶ
586 4149 644 4201 ὲν
687 4149 895 4212 ἑαυτοῖς
940 4148 1005 4202 τὸ
1062 4147 1156 4201 τοῦ
1197 4147 1404 4218 Κυρίου
1439 4147 1762 4203 καταλαϐεῖν

193 4241 499 4311 εὐάρεστον
536 4241 979 4311 ιπιχειρήσαντες
1001 4279 1016 4304 ,
1057 4239 1305 4303 ποικίλας
1336 4240 1467 4309 ήμῖν
1503 4241 1624 4294 λίαν
1669 4242 1763 4295 καὶ

195 4330 464 4392 πλείστας
492 4329 589 4392 τὰς
611 4330 738 4399 περὶ
762 4328 954 4382 τούτου
981 4329 1190 4401 κρίσεις
1216 4329 1583 4399 ὑφηγήσαντο.
1632 4330 1763 4383 Ἀπ-

194 4422 442 4493 έστησάν
467 4437 613 4484 τινες
658 4419 766 4475 τῶν
807 4420 1121 4492 συζητητῶν
1153 4421 1332 4492 πάσης
1370 4421 1760 4492 προσπαθείας,

1857 3305 2022 3376 369
2042 3304 2131 3358 ille
2158 3304 2250 3373 qui
2290 3317 2381 3372 per
2419 3302 2540 3357 illos
2590 3304 2833 3373 loquitur
2880 3304 2998 3359 sine
3034 3318 3283 3373 corpore,
3324 3318 3425 3358 nec

1859 3395 2035 3449 oculis
2058 3393 2353 3463 subjectus.

1927 3506 2032 3574 Qui
2084 3507 2225 3562 hanc
2255 3506 2516 3576 regulam,
2544 3521 2709 3575 quam
2744 3506 3004 3571 diximus,
3057 3507 3262 3578 optima
3320 3508 3424 3564 fide

1859 3608 2183 3670 sequuntur,
2227 3608 2356 3654 sunt
2399 3598 2541 3668 pleni
2575 3598 2898 3653 humilitate.
2934 3599 2991 3653 Si
3025 3600 3168 3653 enim
3199 3600 3420 3668 quidam

1860 3692 1913 3746 in
1941 3690 2198 3763 psalterio
2234 3706 2387 3746 suam
2438 3690 2862 3760 propositionem
2896 3692 3106 3761 aperuit
3151 3692 3423 3763 [Aperiam

1858 3785 1915 3838 in
1974 3785 2227 3854 psalterio
2289 3785 2697 3854 propositionem
2748 3800 2939 3839 meam.
3001 3783 3147 3839 Psal.
3206 3785 3420 3857 vam],

1859 3886 2062 3947 quanto
2089 3876 2289 3948 putatis
2318 3885 2551 3932 mentem
2583 3876 2813 3931 rationis
2841 3875 3079 3946 plenam,
3116 3878 3420 3933 etanimam

1860 3967 2245 4040 intelligentem
2271 3968 2459 4024 ﬁdium
2495 3983 2631 4024 sono
2656 3976 2910 4039 praestare
2936 3969 2958 4023 2
2985 3967 3137 4023 Multi
3168 3968 3263 4038 qui
3286 3984 3427 4024 non-

1860 4062 1989 4117 dum
2016 4061 2314 4132 perfectum
2351 4062 2455 4117 hoc
2480 4070 2534 4117 et
2578 4061 2737 4116 facile
2760 4101 2776 4125 ,
2806 4060 2953 4132 quod
2996 4071 3272 4115 ostensum
3317 4073 3423 4129 est,

1861 4155 2060 4211 bonum
2093 4155 2233 4227 quod
2261 4156 2367 4211 sibi
2412 4156 2638 4210 nimium
2669 4155 2961 4226 placerent,
2987 4156 3221 4212 assecuti
3273 4166 3422 4222 sunt,

1862 4248 1955 4303 sed
1994 4246 2095 4303 sibi
2125 4246 2463 4317 pandentes
2486 4288 2499 4309 ,
2534 4247 2775 4302 divinum
2807 4257 2997 4303 nutum
3028 4264 3094 4304 ex
3129 4265 3188 4305 se
3218 4265 3424 4305 conand

1863 4346 1953 4392 tur
1980 4339 2322 4409 investigare,
2350 4339 2502 4394 valde
2546 4339 2760 4395 diversa
2790 4340 2949 4396 nobis
2990 4349 3045 4396 ct
3083 4342 3315 4409 plurima
3357 4342 3425 4397 de

1864 4430 1968 4485 hoc
1997 4429 2197 4499 judicia
2227 4438 2279 4485 et
2316 4431 2612 4486 sententias
2641 4441 3028 4501 exposuerunt.
3068 4430 3325 4487 Nonnulli
3355 4448 3423 4487 ex

192 4513 295 4567 τὸν
319 4509 511 4564 ἑαυτὸν
553 4509 811 4581 λογισμὸν
843 4510 935 4563 ἐπὶ
962 4512 1083 4574 ταῖς
1108 4510 1392 4581 ἑκατέραις
1426 4508 1639 4580 βουλαῖς
1662 4512 1759 4582 τῆς
1791 4512 1836 4569 D

1791 4512 1951 4587 Diis,
1984 4522 2076 4592 qui
2103 4522 2343 4576 divinam
2380 4524 2711 4577 voluntatem
2751 4522 3119 4593 inquirebant,
3161 4524 3426 4580 abdicatis

190 4602 404 4674 ψυχῆς,
437 4600 581 4670 λέγω
606 4600 671 4672 δὴ
695 4603 760 4672 τῇ
790 4601 1208 4674 ὶπιχειρουμένῃ
1231 4602 1327 4656 καί⁹
1354 4603 1420 4673 τῇ
1449 4602 1758 4670 ἀντιλεγού-

196 4707 299 4764 σῃ.
338 4690 434 4744 καὶ
465 4690 670 4761 γυμνὸν
705 4692 797 4743 τὸν
832 4692 1023 4745 ἑαυτὸν
1067 4691 1192 4746 νοῦν
1233 4693 1431 4746 οἰκείου
1461 4693 1761 4765 θελήματος

193 4785 266 4835 ὲν
302 4782 502 4855 ζεούσῃ
523 4782 703 4853 δεήσει
740 4783 832 4835 ἐπὶ
874 4785 1042 4853 ῥητὰς
1074 4783 1288 4855 ἡμέρας
1313 4789 1760 4859 παραστήσαντες

191 4872 285 4943 τῷ
316 4872 507 4942 Κυρίῳ
533 4873 633 4942 τῆς
662 4872 1005 4942 ἐπιγνώσεως
1030 4874 1125 4929 τοῦ
1156 4875 1455 4947 θελήματος
1480 4879 1642 4933 αὐτοῦ
1666 4880 1765 4933 ἑπ-

191 4965 398 5033 έτυχον
432 4979 447 4993 ·
480 4962 515 5034 ή
544 4964 661 5028 νοὸς
688 4963 874 5035 νοεροῦ
911 4965 1111 5035 νοερῶς
1139 4966 1217 5039 τῷ
1244 4968 1497 5040 ἡμετέρῳ
1527 4969 1608 5023 νοῒ
1643 4971 1767 5024 συλ-

190 5051 559 5119 λαλήσαντος,
609 5052 643 5122 ἢ
674 5052 776 5123 τῆς
805 5056 933 5123 μιᾶς
976 5056 1183 5121 ἑννοίας
1220 5059 1417 5122 τελέως
1459 5061 1562 5131 τῆς
1587 5062 1765 5135 ψυχῆς

190 5144 678 5214 ἐξαφανισθείσης.
722 5147 904 5202 ’Δλλοι
946 5151 1010 5203 ὲκ
1049 5150 1145 5219 τῆς
1191 5153 1648 5226 ἐπακολουθείσης
1687 5157 1767 5229 τῷ

190 5240 572 5308 ἐγχειρήματι
600 5238 828 5309 θλίψεως
864 5244 960 5296 καὶ
996 5244 1395 5318 διασκεδασμοῦ
1437 5246 1594 5301 τοῦτο
1624 5248 1767 5305 θεῖον

190 5325 347 5383 εἶναι
388 5328 685 5383 κατέλαᾶιν
732 5332 870 5386 κατὰ
919 5334 1012 5389 τὸν
1054 5336 1274 5391 εἰπόντα
1304 5352 1319 5367 °
1363 5339 1767 5411 Ἡθελήσαμεν

185 5418 409 5474 ἐλθεῖν
451 5420 601 5487 πρὸς
643 5421 820 5493 ὑμᾶς,
858 5426 955 5478 καί
998 5426 1159 5491 ἅπαξ
1185 5466 1200 5491 ,
1249 5428 1350 5482 καί
1384 5429 1501 5497 dic,
1530 5432 1627 5485 καί
1665 5432 1765 5485 ἐν·

185 5517 434 5583 ἔκοψεν
454 5514 609 5585 ἡμᾶς
634 5520 667 5571 ὁ
688 5519 976 5587 Σατανᾶς.
1011 5523 1224 5595 Ἕτεροι
1248 5523 1308 5577 τὸ
1335 5525 1574 5582 ἐναντίον
1601 5526 1762 5581 πάλιν

1861 4614 2116 4670 omnibus
2150 4613 2433 4670 affectibus
2461 4614 2598 4679 suis,
2645 4615 3006 4685 cogitationes
3035 4631 3185 4681 suas,
3229 4616 3301 4671 ob
3350 4617 3428 4671 al-

1859 4714 2096 4762 terutras
2116 4706 2309 4761 animi:
2327 4706 2634 4760 voluntates
2659 4706 2764 4776 (vel
2793 4706 3157 4778 aggrediendi,
3178 4706 3426 4779 inquam,

1862 4798 2006 4868 quod
2032 4806 2151 4853 erat
2175 4797 2531 4868 propositum,
2566 4797 2651 4852 vel
2698 4806 2887 4852 contra
2926 4798 3252 4867 nitendi)et
3304 4800 3426 4853 ani-

1868 4905 2016 4944 mum
2055 4905 2215 4944 suum
2252 4905 2283 4944 a
2335 4891 2555 4960 propria
2618 4889 2896 4945 voluntate
2944 4892 3159 4960 penitus
3202 4899 3425 4946 exutum

1868 4998 1964 5053 per
1995 4982 2407 5037 ardentissimas
2459 4996 2644 5050 preces
2689 4980 2756 5034 ad
2803 4990 2981 5038 certos
3008 4981 3123 5038 dies
3153 4981 3263 5037 Deo
3295 4999 3427 5053 sup-

1871 5074 2036 5145 plices
2079 5073 2238 5128 affusi
2282 5066 2644 5143 cegnitionem
2687 5072 2884 5128 divina:
2913 5071 3206 5127 voluntatis
3242 5088 3428 5142 perce-

1869 5176 2081 5237 perunt,
2130 5165 2244 5219 sive
2282 5172 2461 5219 mente
2499 5148 2680 5235 aliqua
2724 5163 3054 5233 intelligente
3096 5178 3190 5235 per
3228 5164 3428 5218 intelli-

1871 5257 2103 5326 gentiam
2132 5269 2257 5309 eum
2287 5262 2470 5309 nostra
2500 5262 2679 5309 mente
2704 5252 3064 5322 colloquente,
3096 5254 3211 5308 sive
3256 5254 3423 5308 altera

1869 5346 2193 5416 cegitatione
2229 5344 2490 5417 propositi
2521 5361 2589 5401 ex
2622 5345 2807 5399 animo
2835 5343 3052 5414 penitus
3079 5343 3274 5399 deleta.
3317 5344 3424 5399 Alii

1868 5454 1934 5493 ex
1962 5454 2022 5493 ea
2056 5454 2175 5509 qua:
2227 5448 2409 5495 secuta
2446 5448 2529 5494 est
2562 5448 2838 5502 conatum,
2874 5436 3158 5491 vexatione
3205 5445 3259 5491 et
3308 5438 3424 5493 dis-

1869 5528 2133 5584 tractione
2155 5539 2407 5585 conatum
2440 5530 2616 5599 ipsum
2661 5526 2769 5582 Deo
2820 5535 3030 5598 gratum
3062 5524 3178 5581 fore
3210 5526 3424 5582 intelle-

274 5714 324 5796 ξ’
360 5711 524 5796 ῌειιιι.
551 5729 605 5775 v,
639 5713 726 5796 ll.
765 5715 1017 5796 ηιξ-εφη
1060 5736 1109 5786 ι’,
1132 5721 1185 5779 8.
1261 5723 1303 5755 ⁸⁷
1327 5721 1483 5779 Prov.
1510 5739 1600 5788 xx,
1628 5725 1713 5781 l8.
1785 5726 1832 5758 ⁸⁸
1862 5724 1879 5778 l
1909 5724 2035 5782 Cor.
2069 5741 2177 5787 xlv.
2210 5725 2297 5781 40.
2372 5727 2417 5759 "
2432 5724 2574 5783 Psal.
2600 5743 2765 5796 cxut,
2797 5728 2883 5783 ιι).
2957 5728 2999 5758 ⁶⁰
3028 5725 3169 5783 Psal.
3195 5742 3339 5794 xxiv,
3363 5726 3417 5781 5.

186 5783 249 5816 ⁸⁸
267 5782 415 5838 Psai.
445 5797 609 5845 οιιιι,
638 5784 690 5840 8.
763 5787 808 5816 θ’
830 5786 950 5841 ibid.
