4216 6458
144 384 275 452 1061

1079 388 1309 448 SCALA
1346 389 1720 451 PARADISI.
1756 395 2153 459 --GRADUS
2187 402 2406 463 XXVI.

3237 418 3374 484 1062

141 508 286 578 ἡμᾶς
315 505 451 577 πρδς
478 506 539 561 τδ
565 506 754 570 κακὸν,
778 504 874 558 καὶ
901 504 1117 573 ἐτέρους
1139 504 1283 573 ἔχειν
1310 506 1705 576 συμϐουλεύου-

1753 512 1779 566 ὶ
1807 511 1890 564 vel
1921 521 1980 566 ut
2019 522 2072 568 te
2102 529 2197 583 per
2224 518 2625 575 sanctissimam
2676 523 3031 580 humilitatem
3064 525 3130 581 ad
3168 529 3247 583 tui
3277 546 3373 585 co-

141 618 245 661 σιν,
288 600 375 652 ῖνα
410 598 793 669 χαλεπωτέραν
819 598 951 666 ἡμῖν
984 596 1084 666 τὴν
1128 596 1348 649 κόλασιν
1384 600 1700 665 ποιήσωσιν.

150 688 402 762 Ἑώρακα
442 691 731 761 συνήθειαν
759 689 1001 759 πονηρὰν
1040 687 1100 751 ἐξ
1126 688 1315 758 ἐτέρου
1349 690 1705 762 μεμαθηκότα

136 783 323 853 ἕτερον
351 797 366 812 ⁸
407 782 502 836 καὶ
553 781 737 852 μέντοι
781 784 811 834 ό
850 781 948 851 μὲν
978 779 1198 844 διδάξας
1240 783 1319 844 είς
1355 782 1705 853 συναίσθησιν

137 870 411 940 ἐληλυθὼς
441 873 721 941 μετανοεῖν
753 869 976 941 ἠρξατο,
1017 871 1112 923 καὶ
1140 868 1233 922 τοῦ
1259 870 1430 924 κακοῦ
1461 872 1705 925 ἐπαύσα-

134 980 200 1014 το
219 980 236 994 ·
271 961 357 1015 διὰ
382 962 439 1016 δὲ
464 962 563 1032 τῆς
589 961 682 1016 τοῦ
714 962 956 1032 μαθητοῦ
991 961 1254 1032 ἐργασίας
1294 964 1580 1036 άνίσχυρος
1611 965 1706 1018 αὺ-

132 1053 230 1106 τοῦ
259 1054 293 1123 ἡ
320 1054 579 1123 μετάνοια
606 1054 819 1122 γέγονε.
845 1053 1044 1120 Πολλὴ,
1075 1054 1246 1117 ὅντως
1274 1054 1445 1123 πολλὴ
1472 1056 1564 1107 καὶ
1585 1055 1706 1108 δυσ-

134 1145 482 1215 κατάληπτος
506 1147 540 1216 η
567 1145 674 1197 τῶν
712 1146 1037 1214 πνευμάτων
1065 1146 1322 1215 πονηρία,
1369 1146 1464 1199 καὶ
1506 1146 1705 1215 ὀλίγοις

130 1238 305 1308 ὁρατή
336 1253 351 1268 ⁸
394 1233 546 1306 οἶμαι
575 1236 633 1290 δὲ
682 1237 804 1290 οὐδὲ
844 1238 1047 1306 ὀλίγοις
1085 1239 1252 1292 πᾶσα.
1285 1237 1410 1301 Πῶς
1461 1239 1518 1291 δὲ
1571 1256 1703 1309 τρυ-

133 1330 346 1397 φῶντες
401 1331 495 1383 καὶ
540 1330 922 1401 κορεννύμενοι
969 1329 1357 1400 ἅγρυπνοῦμεν
1406 1330 1702 1400 νηφόντως.

132 1420 489 1489 νηστεύοντες
512 1421 674 1475 δὲκαὶ
697 1421 1166 1490 ταλαιπωροῦντες
1185 1421 1263 1492 τῷ
1288 1422 1439 1492 ὕπνῳ
1458 1422 1705 1486 ἐλεεινῶς

131 1512 575 1584 καταφερόμεθα,
623 1514 657 1585 ἢ
709 1512 1076 1585 ἡσυχάζοντες
1125 1514 1573 1585 σκληρυνόμεθα,
1608 1516 1705 1568 καὶ

131 1604 515 1673 συνδιάγοντες
583 1605 1067 1676 κατανυσσόμεθα;
1142 1604 1524 1677 Λιμώττοντες
1584 1606 1704 1660 καθ’

128 1691 336 1754 ὕπνους
375 1692 771 1765 πειραζόμεθα,
812 1694 907 1747 καὶ
950 1694 1348 1765 ἐμφορούμενοι
1385 1696 1703 1767 ἁπείραστοι

125 1784 457 1853 διαμένομεν
486 1800 500 1814 °
554 1786 612 1838 ἐν
661 1785 838 1858 ἐνδείᾳ
872 1786 1135 1840 σκοτεινοί
1188 1804 1332 1849 τινες
1374 1787 1469 1841 καὶ
1497 1790 1703 1843 ἀκατά-

122 1894 314 1931 νυκτοι
348 1877 641 1948 γιγνόμεθα
664 1896 678 1909 ·
719 1880 779 1932 ἐν
812 1879 1089 1950 οίκεοποσίᾳ
1119 1879 1175 1933 δὲ
1212 1880 1383 1951 ἱλαροὶ
1416 1881 1511 1935 καὶ
1534 1881 1699 1935 εὐκα-

122 1968 382 2022 τάνυκτοι
410 1969 508 2038 (7);
541 1971 687 2040 πρὸς,
705 1969 877 2024 ταῦτα
904 1971 934 2023 ὁ
962 1970 1259 2041 δυνάμενος
1285 1973 1343 2024 ἐν
1368 1972 1558 2044 Κυρίῳ
1590 1990 1700 2042 φω-

122 2064 268 2116 τίσει
314 2064 669 2132 άφωτίστους.
715 2065 906 2135 Ἡμεῖς
954 2064 1062 2137 γὰρ
1105 2063 1401 2134 ἀφώτιστοι
1448 2066 1584 2135 πρὸς
1630 2064 1700 2120 τὰ

121 2152 308 2207 τοιάδε
332 2154 672 2225 τυγχάνομεν
689 2168 702 2183 °
726 2154 866 2227 πλὴν
890 2156 1068 2208 ἐκεῖνο
1098 2155 1346 2226 λέγομεν³
1372 2157 1453 2210 ὅτι
1477 2158 1537 2210 ού
1564 2158 1699 2213 πάν-

120 2262 247 2298 τοτε
276 2246 340 2298 ἐκ
366 2245 638 2316 δαιμόνων
659 2248 693 2317 η
720 2245 946 2316 τοιαύτη
980 2246 1248 2317 μεταϐολὴ
1279 2246 1508 2315 γίνεται.
1559 2250 1696 2304 Ἀλλ’

119 2337 276 2390 ἐστιν
307 2338 397 2391 ὅτε
430 2338 526 2391 καὶ
567 2339 633 2390 ἐκ
673 2337 773 2407 τῆς
805 2339 1162 2407 συγκράσεως
1190 2339 1288 2409 τῆς
1324 2338 1569 2411 δοθείσης
1606 2359 1697 2412 μοι

119 2431 350 2500 ταύτης,
388 2432 481 2484 καὶ
512 2429 887 2501 περιδεθείσης
923 2447 1034 2500 μοι,
1070 2430 1188 2493 πῶς
1214 2432 1313 2485 οὐκ
1341 2428 1475 2497 οῖδα,
1520 2437 1695 2506 ῥυπα-

120 2524 229 2593 pa;
268 2522 361 2574 καί¹
393 2519 680 2591 λιχνώδους
708 2520 1035 2590 παχύτητος.
1081 2519 1221 2590 Περὶ
1260 2521 1355 2574 τοῦ
1387 2521 1697 2594 δυσδιακρί-

118 2632 220 2667 του
257 2614 359 2685 τῆς
399 2612 668 2684 τυχούσης
703 2611 813 2665 τῶν
851 2611 1265 2682 προειρημένων
1298 2613 1697 2684 μεταπτώσεως

119 2705 432 2777 εἰλικρινῶς
456 2705 550 2758 καὶ
571 2703 840 2767 ταπεινῶς
879 2703 971 2756 τὸν
1001 2702 1204 2774 Κύριον
1247 2704 1657 2776 δυσωπήσωμεν
1677 2721 1691 2736 ·

118 2796 229 2850 κᾶν
276 2795 414 2866 μετὰ
459 2795 555 2866 τὴν
586 2792 814 2856 ἱκεσίαν,
867 2792 961 2845 καὶ
1000 2792 1092 2846 τὸν
1125 2794 1328 2863 ταύτης
1364 2795 1552 2864 χρόνον
1580 2796 1693 2849 ώσ-

119 2888 307 2951 αύτως
336 2887 587 2958 εὕρωμεν
643 2883 898 2955 ἐνεργοῦν
933 2884 994 2937 τὸ
1018 2883 1303 2954 γινόμενον
1328 2925 1343 2949 ,
1374 2885 1694 2956 γνωσόμεθα

116 2980 202 3042 ὼς
228 2978 331 3032 οὐκ
363 2978 427 3029 ἐκ
464 2974 752 3046 δαιμόνων,
791 2973 931 3027 ἀλλὰ
962 2974 1177 3041 φύσεώς
1223 2974 1339 3026 ἐστι
1374 2974 1436 3027 τὸ
1481 2976 1695 3046 γινόμε-

118 3088 237 3125 νον.
267 3068 535 3131 Πολλάκις
568 3067 627 3120 δὲ
659 3066 751 3122 καὶ
793 3065 913 3119 θεία
957 3066 1240 3136 οἰκονομία
1269 3065 1359 3119 διὰ
1392 3066 1500 3120 τῶν
1532 3067 1690 3121 ἐναν-

117 3165 253 3218 τίων
309 3163 615 3232 εὐεργετεῖν
662 3160 809 3231 ἡμᾶς
857 3157 1129 3229 βούλεται,
1182 3158 1270 3213 διὰ
1316 3158 1532 3214 πάντων
1586 3159 1686 3232 τὴν

1805 604 2124 674 gnitionem,
2152 617 2367 679 tuaeque
2414 611 2799 670 imbecillitatis
2841 618 3169 685 agnitionem
3200 622 3371 677 dedu-

1804 705 1948 750 cant.
1987 694 2126 752 Sunt
2153 715 2219 755 οι
2245 702 2476 773 impuris
2502 704 2840 763 daemonibus
2871 710 2961 763 alii
2986 712 3108 767 aliis
3142 716 3372 783 nequio-

1805 802 1913 853 res,
1947 790 2037 857 qui
2078 789 2363 861 impellunt
2412 810 2515 851 nos
2555 812 2625 851 ne
2658 799 2756 854 soli
2785 815 3091 870 peccemus,
3141 805 3237 860 sed
3281 822 3373 861 so-

1805 880 1919 934 cios
1971 882 2133 952 372
2179 884 2246 938 ad
2301 886 2701 957 improbitatem
2749 894 2887 948 alios
2934 895 3091 950 nobis
3136 899 3375 955 ascisca-

1803 985 1950 1040 mus,
1978 984 2038 1028 ut
2078 978 2296 1043 gravius
2332 978 2453 1035 inde
2485 982 2644 1037 nobis
2690 985 3014 1053 supplicium
3057 991 3367 1045 concilient.

1806 1061 1928 1118 Vidi
1965 1067 2055 1135 qui
2080 1067 2150 1121 ab
2188 1069 2360 1123 altero
2393 1072 2589 1127 malam
2633 1078 2889 1143 peccandi
2922 1082 3371 1137 consuetudinem

1804 1154 2057 1219 disceret,
2111 1158 2373 1229 illumque
2416 1163 2508 1231 qui
2556 1164 2784 1220 alterum
2837 1182 3060 1236 peccare
3087 1171 3367 1237 docuerat,

1805 1245 1871 1299 ad
1899 1262 2118 1304 sensum
2147 1252 2373 1307 rediisse
2393 1263 2448 1307 et
2470 1256 2851 1323 pmnitentiam
2901 1274 3064 1328 agere
3111 1262 3371 1332 cepisse,

1805 1340 2140 1411 omninoque
2168 1359 2197 1397 a
2231 1346 2377 1399 malo
2405 1346 2661 1411 desiisse,
2695 1350 2786 1404 sed
2818 1360 3040 1421 pr0pter
3068 1353 3213 1409 illius
3244 1371 3371 1425 pec-

1804 1440 1925 1486 cata
1956 1448 2117 1500 quem
2150 1434 2431 1501 docuerat,
2480 1441 2642 1494 etiam
2683 1442 2854 1510 ipsius
2883 1445 3254 1513 paenitentiam
3284 1448 3371 1502 in-

1805 1522 2138 1580 fructuosam
2173 1536 2229 1582 et
2261 1527 2475 1584 inanem
2518 1532 2783 1587 redditam
2811 1534 2907 1602 (τι).
2948 1536 3102 1592 Varia
3129 1538 3372 1606 profecto

1802 1622 1856 1667 et
1885 1615 2051 1668 multa
2076 1624 2238 1688 atque
2261 1627 2422 1689 captu
2444 1619 2677 1678 difﬁcilis
2701 1631 2789 1677 est
2818 1626 3058 1694 nequitia
3082 1629 3369 1697 spirituum

1805 1704 2202 1774 improborum,
2243 1711 2544 1779 paucisque
2592 1726 2893 1784 perspecta,
2940 1717 3048 1772 imo
3082 1721 3267 1782 nullis,
3311 1730 3373 1775 ut

1804 1795 2017 1864 opinor,
2052 1805 2185 1853 tota.
2224 1799 2509 1866 Quomodo
2543 1802 2825 1862 delicatius
2863 1809 3111 1864 viventes
3150 1820 3203 1864 et
3231 1811 3371 1869 cibis

1802 1886 2041 1951 distenti,
2070 1896 2327 1960 tanquam
2350 1893 2516 1947 sobrii
2539 1896 2924 1966 pervigilamus
2951 1916 2965 1962 ζ
2986 1900 3157 1969 jejuni
3189 1910 3369 1955 autem

1800 1985 1853 2029 et
1884 1975 2065 2032 alllicti
2091 1980 2458 2037 miserandum
2490 1984 2544 2038 in
2578 1986 2796 2042 modum
2826 2005 3017 2045 somno
3040 1991 3372 2062 mergimur?

1799 2074 1893 2121 aut
1922 2070 2200 2139 quomodo
2232 2073 2285 2126 in
2324 2075 2543 2132 silentio
2584 2087 2639 2133 et
2671 2081 2853 2149 quiete
2885 2082 3143 2153 degentes
3188 2084 3371 2140 cordis

1797 2160 1994 2216 duritia
2046 2162 2377 2232 laboramus,
2407 2178 2462 2224 et
2500 2185 2624 2225 cum
2672 2173 2793 2227 aliis
2822 2176 3021 2229 versati
3050 2178 3370 2249 compungi—

1797 2256 1971 2308 mur?
2008 2254 2174 2313 Fame
2197 2260 2431 2317 confecti
2462 2263 2516 2317 in
2553 2265 2784 2322 somniis
2815 2282 3096 2331 vexamur,
3137 2270 3369 2341 saginati

1797 2361 1927 2401 veru
1970 2348 2220 2406 intentati
2247 2353 2556 2411 duramus?
2590 2357 2648 2412 In
2698 2375 2880 2415 rerum
2920 2362 3147 2432 penuria
3172 2374 3228 2417 et
3277 2379 3369 2418 so-

1798 2440 2022 2496 brietate
2067 2443 2281 2501 confusi
2311 2456 2365 2501 et
2409 2448 2529 2503 duri
2566 2464 2798 2518 sumus;
2843 2468 2967 2509 cum
2995 2455 3181 2510 vinum
3214 2467 3370 2527 pota—

1796 2549 1939 2602 mus,
1971 2536 2170 2593 hilares
2191 2548 2245 2593 et
2275 2541 2432 2610 proni
2472 2543 2524 2597 in
2570 2545 2860 2615 lacrymas,
2906 2555 2961 2601 et
2994 2549 3371 2617 compunctio—

1795 2645 1917 2683 nem
1946 2632 2342 2689 evadimusﬂn
2374 2637 2459 2691 his
2490 2638 2583 2709 qui
2614 2654 2711 2695 nos
2742 2640 2795 2694 in
2831 2639 3062 2695 Domino
3092 2641 3371 2697 illustrare

1794 2729 1993 2789 potest,
2021 2723 2253 2780 illustret
2281 2736 2335 2781 et
2371 2728 2582 2795 doceat,
2607 2746 2709 2785 nos
2735 2731 2880 2786 enim
2906 2732 2961 2786 in
2992 2732 3368 2803 hujuscemodi

1794 2814 1957 2868 rebus
1986 2816 2110 2869 caeci
2138 2831 2347 2873 sumus.
2376 2819 2488 2875 Etsi
2515 2823 2618 2877 hoc
2639 2822 2994 2889 aﬂirmamus,
3028 2840 3134 2879 non
3158 2840 3373 2896 semper

1794 2903 1864 2959 ab
1897 2906 2051 2962 malis
2082 2908 2253 2977 geniis
2292 2910 2669 2981 hujuscemodi
2717 2914 3156 2971 vicissitudinum
3189 2929 3371 2972 muta-

1793 2997 1969 3053 tiones
1999 3003 2298 3069 provenire.
2331 3003 2398 3057 Et
2420 3016 2497 3060 est
2529 3022 2653 3061 cum
2702 3009 2900 3064 accidit
2928 3010 3061 3064 mihi
3106 3011 3232 3075 hoc.
3271 3026 3369 3065 ne-

1794 3090 1908 3144 scio
1945 3093 2236 3160 quomodo,
2269 3095 2338 3150 ob
2367 3100 2766 3154 concretionem
2796 3100 2929 3155 mihi
2957 3102 3163 3169 datam,
3185 3113 3238 3158 et
3260 3104 3368 3158 cir-

1717 3199 1760 3260 c
1793 3184 2101 3241 cumfusam
2153 3187 2284 3243 mihi
2325 3191 2708 3262 sordidamque
2738 3202 2793 3248 et
2842 3195 3216 3252 illecebrosam
3246 3195 3369 3265 pin-

116 3258 302 3330 οἴησιν
338 3256 493 3327 ήμῶν
526 3254 988 3310 καταστέλλουσα.
1026 3252 1274 3309 Χαλεπὸν
1309 3253 1409 3324 μὲν
1429 3252 1522 3307 τὸν
1561 3256 1691 3326 περὶ

1753 3252 2102 3338 ἐυθάἰηειιι.
2149 3270 2257 3327 Pro
2310 3274 2432 3339 hac,
2482 3252 2783 3344 dijudicatu
2835 3278 3057 3347 difﬁcili,
3110 3252 3367 3351 quae-usu

116 3349 411 3421 κριμάτων
462 3347 623 3418 βυθὸν
682 3345 1184 3418 περιεργάζεσθαι·
1246 3346 1305 3399 ἐν
1358 3344 1527 3417 πλοίῳ
1580 3347 1691 3419 γὰρ

109 3443 354 3512 οἰήσεως
378 3438 659 3509 περίεργοι
686 3437 958 3490 πλέουσιν.

1796 3357 1983 3410 venire
2009 3356 2151 3412 solet
2172 3359 2225 3413 in
2256 3375 2419 3432 supra
2449 3362 2859 3433 demonstratis,
2899 3368 3276 3424 vicissitudine
3315 3378 3370 3422 et

1797 3445 2097 3502 mutatione
2122 3464 2277 3519 pure,
2328 3450 2538 3508 sincere
2565 3463 2618 3509 et
2640 3456 2911 3512 submisse
2941 3455 3230 3513 Dominum
3276 3459 3371 3513 de-

113 3550 430 3607 precemur,
457 3541 512 3588 et
542 3532 587 3589 si
621 3540 740 3602 post
759 3530 919 3601 373
945 3528 1215 3600 supplices
1238 3543 1431 3598 preces
1464 3539 1520 3585 et
1549 3535 1807 3602 temporis
1874 3554 2082 3595 moram
2157 3543 2210 3599 id
2273 3546 2420 3616 quod
2459 3546 2519 3601 fit
2578 3549 2937 3606 nihilominus
2972 3552 3164 3607 eodem
3208 3552 3369 3607 modo

112 3627 235 3682 ﬁeri
289 3626 647 3693 senserimus,
694 3631 811 3679 tum
840 3636 969 3678 vero
998 3622 1051 3676 id
1079 3636 1190 3676 non
1220 3621 1526 3677 daemonum
1581 3623 1935 3696 improbitati,
2003 3634 2099 3689 sed
2156 3645 2367 3693 natura:
2424 3640 2794 3696 ascrihemus.
2865 3641 3248 3713 Saepenumero
3284 3642 3372 3697 di-

112 3725 245 3778 vina
274 3719 613 3792 providentia
644 3733 760 3774 rem
794 3717 869 3773 ita
906 3715 1205 3786 dispensat,
1237 3724 1298 3772 ut
1343 3731 1437 3786 per
1474 3720 1747 3775 contraria
1814 3724 1972 3782 nobis
2009 3729 2331 3788 benefacere
2391 3734 2521 3789 velit
2553 3776 2570 3801 ,
2634 3745 2690 3791 ut
2737 3738 2996 3794 omnibus
3056 3739 3235 3794 modis
3278 3754 3373 3793 su-

110 3818 353 3889 perbum
388 3830 616 3872 sensum
650 3821 903 3868 nostrum
930 3812 1203 3867 retundat.
1248 3810 1473 3868 Difﬁcile
1500 3821 1584 3869 est
1637 3818 1914 3877 curiosius
1974 3823 2042 3881 de
2102 3825 2410 3885 divinorum
2432 3830 2764 3902 iudiciorum
2820 3839 3035 3893 arcanis
3074 3836 3371 3913 inquirere,

110 3905 325 3963 curiosi
349 3905 496 3960 enim
526 3903 777 3959 eiationis
814 3901 941 3957 navi
975 3902 1270 3957 vehuntur.

174 3997 397 4069 ,‘Hpero
415 3998 497 4061 τίς
531 4015 650 4051 τινα
673 3997 781 4051 τῶν
811 3997 1031 4068 βλέπειν
1049 3997 1379 4069 δυναμένων,
1407 3999 1459 4052 τί
1486 3999 1683 4068 δήποτε

108 4094 406 4165 γινώσκων
435 4094 463 4146 ὁ
492 4093 623 4157 Θεός
658 4111 819 4148 τινων
856 4094 925 4147 τά
958 4093 1292 4164 πταίσματα,
1321 4094 1544 4160 τούτους
1585 4113 1686 4167 χα-

110 4190 350 4262 ρίσμασι
402 4187 499 4241 καὶ
541 4186 731 4257 τέρασι
780 4185 1213 4258 κατεκόσμησεν.
1267 4187 1327 4240 '0
1362 4187 1420 4240 δέ
1469 4204 1634 4258 φησιν
1671 4202 1688 4218 ⁶

113 4282 237 4335 Ἵνα
263 4279 358 4333 καὶ
383 4277 601 4343 λοιποὺς
637 4279 1039 4348 πνευματικοὺς
1069 4278 1432 4350 ἀσφαλίσηται
1457 4294 1473 4308 ⁶
1504 4279 1598 4333 καὶ
1628 4278 1689 4332 τὸ

111 4369 461 4437 αὐτεξούσιον
497 4368 646 4441 δείξῃ
692 4369 787 4422 καὶ
828 4368 1263 4441 ἀναπολογήτους
1316 4370 1376 4423 ἐν
1416 4371 1483 4441 τῇ
1514 4370 1691 4440 κρίσει

108 4465 242 4526 τοὺς
280 4460 635 4524 πεπτωκότας
692 4463 905 4531 ποιήσω.
980 4460 1043 4513 '0
1095 4461 1192 4531 μὲν
1240 4460 1400 4532 νόμος
1456 4462 1533 4524 ὡς
1566 4463 1692 4515 ἀτε-

108 4556 215 4627 λης
242 4555 344 4625 (8),
376 4556 648 4623 Πρόσεχε
678 4552 932 4618 σεαυτῷ.
977 4552 1038 4607 '0
1053 4553 1110 4607 δὲ
1134 4554 1337 4625 Κύριος
1365 4553 1441 4619 ώς
1466 4556 1693 4626 ὑπερτε-

1859 3997 1984 4055 Fuit
2020 4016 2088 4057 ex
2138 4005 2635 4073 providentioribus
2682 4013 2903 4082 quidam
2943 4016 3037 4087 qui
3080 4022 3370 4089 quemdam

1790 4092 2003 4162 rogavit
2037 4097 2394 4164 quamobrem
2424 4099 2587 4169 Deus,
2619 4118 2743 4158 cum
2776 4108 3139 4177 quorumdam
3181 4111 3371 4186 lapsus

1792 4184 2073 4255 provideat
2098 4197 2151 4243 et
2201 4190 2362 4256 sciat,
2402 4192 2527 4249 illos
2558 4196 2706 4266 ipsos
2736 4206 2917 4257 tamen
2942 4210 2996 4257 et
3021 4205 3213 4275 gratiis
3238 4184 3368 4265 icte-

1796 4276 2023 4333 lestibus
2062 4287 2117 4334 et
2145 4280 2536 4339 miraculorum
2569 4303 2789 4360 quoque
2829 4291 2999 4361 signis
3032 4294 3326 4352 illustrarit
3349 4300 3375 4353 ἲ

1800 4366 1887 4432 Ut,
1948 4368 2142 4439 inquit,
2177 4372 2418 4444 reliquos
2440 4376 2587 4433 viros
2621 4379 2906 4448 religiosos
2947 4383 3219 4439 cautiores
3245 4387 3371 4441 red-

1794 4458 1964 4526 deret,
2004 4461 2275 4534 simulque
2314 4466 2608 4523 voluntatis
2646 4480 2849 4525 nostra:
2902 4472 3208 4535 libertatem
3277 4493 3370 4534 os-

1797 4552 2061 4617 tenderet,
2123 4565 2292 4627 utque
2346 4558 2468 4616 illos
2522 4560 2618 4631 qui
2679 4563 3014 4631 ceciderunt,
3050 4567 3103 4621 in
3160 4569 3371 4638 judicio

108 4646 235 4715 λῆς,
278 4643 374 4698 καὶ
399 4643 500 4713 τὴν
550 4641 645 4695 τοῦ
696 4641 924 4710 ἀδελφοῦ
954 4643 1086 4713 ἡμῖν
1127 4641 1410 4714 διόρθωσιν
1453 4660 1691 4715 προσπε-

1753 4642 2190 4702 iinexcusabiles
2261 4648 2483 4707 faceret.
2540 4650 2651 4709 Lex
2704 4664 2764 4709 ut
2822 4656 3133 4726 imperfecta
3197 4662 3367 4717 dicit:

109 4737 370 4807 φώνηκεν
415 4734 586 4788 εἰπών
604 4752 618 4764 ·
653 4734 796 4789 Ἐὰν
825 4732 1153 4804 ἁμαρτήσει
1182 4737 1214 4788 ὀ
1244 4733 1515 4827 fidelch
1546 4750 1686 4827 σου,

108 4829 209 4882 καὶ
235 4830 306 4880 τά
342 4825 493 4894 ἑξῆς.
528 4826 588 4878 Εἰ
623 4826 720 4896 μὲν
762 4824 998 4896 καθαρός
1028 4843 1120 4879 σου
1157 4827 1187 4880 ό
1227 4825 1446 4897 ἔλεγχος
1469 4826 1567 4882 καὶ
1596 4824 1692 4881 τα-

108 4920 303 4981 πεινὸς
327 4958 344 4984 ,
382 4916 579 4989 μᾶλλον
603 4918 659 4971 δέ
692 4919 1015 4989 ὑπόμνησις,
1044 4918 1107 4972 τὺ
1141 4918 1236 4973 τοῦ
1270 4920 1477 4991 Κυρίου
1518 4922 1691 4974 ποιεῖν

111 5011 194 5085 μὴ
243 5012 582 5085 παραιτήσῃ,
625 5011 720 5065 καὶ
752 5012 984 5082 μάλιστα
1015 5012 1073 5065 ἐν
1110 5014 1221 5075 τοῖς
1252 5012 1559 5084 δεχομένοις
1590 5030 1602 5041 ·
1639 5014 1689 5066 εἱ

104 5101 167 5155 δὲ
194 5098 352 5155 οὔπω
378 5100 681 5170 πέφθακας,
712 5101 813 5155 κᾶν
837 5103 935 5173 τὴν
969 5103 1195 5175 νομικὴν
1228 5105 1387 5159 ἄσκει
1412 5105 1685 5177 λατρείαν.

106 5192 209 5264 Μὴ
243 5191 457 5261 θαμὸοὖ
500 5194 594 5246 καὶ¹
642 5193 769 5256 τοὺς
805 5195 932 5259 σοὺς
960 5193 1273 5265 προσφιλεῖς
1310 5195 1689 5267 ἐχθραίνοντάς

108 5302 200 5339 σοι
223 5283 495 5354 θεώμενος
530 5283 607 5355 (9)
636 5301 648 5313 ·
678 5284 944 5355 δαιμόνων
982 5285 1089 5358 γὰρ
1118 5286 1372 5356 ἐργαλεῖα
1410 5288 1459 5341 οι
1488 5288 1691 5357 κουφό-

106 5394 289 5449 τεροι,
336 5376 431 5430 καὶ
466 5377 703 5447 μάλιστα
741 5380 797 5430 ὲν
835 5379 947 5441 τοῖς
986 5378 1197 5449 ἐχθροῖς
1228 5379 1429 5433 αὐτῶν.
1471 5379 1691 5451 Θαυμά-

110 5470 235 5535 ζιιν
259 5486 354 5541 μοι
382 5470 466 5539 ἐφ’
496 5469 577 5523 ἐνὶ
604 5468 713 5524 τῶν
740 5472 799 5524 ἐν
820 5471 952 5542 ἡμῖν
972 5470 1092 5525 λίαν
1117 5471 1414 5542 ὑπέρχεται
1436 5488 1450 5502 ο
1479 5471 1597 5536 πῶς
1627 5488 1686 5526 τε

1791 4732 2024 4788 Attende
2047 4735 2141 4789 tibi
2164 4738 2267 4807 ipsi
2300 4740 2364 4793 ⁸⁸.
2408 4739 2671 4796 Dominus
2729 4750 2910 4799 autem
2965 4745 3125 4816 longe
3188 4748 3370 4816 perfe-

1794 4824 2072 4882 ctissimus
2088 4843 2275 4884 curam
2303 4831 2463 4886 nobis
2478 4840 2531 4888 et
2558 4834 2995 4890 emendationem
3025 4837 3209 4893 fratris
3225 4855 3371 4894 com-

1796 4918 2104 4975 mendavit:
2154 4919 2236 4990 Si,
2268 4923 2463 4994 inquit,
2496 4929 2783 4994 peccaverit
2835 4928 3037 4997 fratrer
3068 4938 3185 4984 tuus
3221 4932 3288 4997 “,
3317 4942 3372 4986 et

1795 5024 1916 5078 quae
2005 5025 2331 5083 sequuntur.
2424 5017 2481 5071 Si
2566 5028 2657 5074 tua
2731 5022 3080 5090 reprehensio
3157 5023 3370 5079 sincera

1795 5114 1845 5160 et
1933 5106 2198 5173 modesta,
2297 5118 2352 5165 et
2433 5111 2617 5181 potius
2707 5113 3008 5168 admonitio
3057 5113 3368 5184 familiaris,

1795 5211 1957 5267 quam
1994 5200 2343 5268 reprehensio
2381 5200 2565 5269 fuerit,
2593 5202 2828 5259 oﬂicium
2868 5203 3047 5261 facere
3097 5221 3197 5275 pro
3259 5206 3367 5262 Do-

1796 5289 1928 5345 mini
1961 5290 2095 5345 volu.
2131 5301 2256 5356 tate,
2290 5308 2400 5347 non
2435 5295 2741 5361 recusabis,
2771 5295 3070 5364 praesertim
3104 5296 3245 5367 apud
3275 5313 3369 5355 eos

1796 5381 1890 5453 qui
1923 5380 2081 5437 facile
2134 5384 2557 5441 admonitionem
2622 5386 2910 5456 recipiunt.
2956 5385 3014 5441 Si
3055 5396 3233 5441 autem
3301 5390 3367 5443 οιι

1795 5490 1915 5531 eam
1953 5475 2341 5547 perfectionem
2370 5479 2612 5536 nondum
2666 5480 2943 5551 aspirasti,
2985 5480 3173 5537 saltem
3217 5483 3366 5553 quod

186 5650 236 5684 ³⁸
262 5649 434 5707 Eccli.
462 5649 776 5717 xxnx,27;l
811 5650 954 5707 Tim.
988 5649 1162 5717 Iv,16.
1237 5650 1282 5683 “
1308 5650 1499 5709 Matth.
1539 5666 1696 5716 xvnl,
1732 5652 1823 5707 i5.

186 5772 268 5838 (α)
294 5767 403 5824 Sed
430 5767 521 5849 qui
540 5777 769 5849 secutus
791 5780 874 5829 est
897 5779 1236 5842 peccantem,
1266 5786 1434 5841 quare
1465 5786 1575 5829 non
1643 5782 1867 5831 secutus
1894 5786 1978 5833 est
2032 5777 2424 5848 poenitentem?
2455 5777 2537 5832 An
2599 5787 2917 5849 peccantem
2973 5776 3132 5843 vidit,
3184 5772 3365 5847 pumi-

112 5851 320 5899 tentem
340 5838 603 5895 non’vidit
617 5838 650 5906 ?_
