4216 6458
772 376 905 442 1071

2032 378 2092 433 S.
2118 373 2435 433 JUANNIS
2457 375 2762 437 CLIMACI

3885 390 4009 453 1072

766 483 1106 542 facilioribus
1131 481 1325 544 solent,
1354 489 1406 534 et
1426 479 1488 532 ad
1509 479 1760 549 graviora
1792 489 1845 534 ct
1867 479 2221 534 laboriosiora
2250 479 2349 532 im-

2461 483 2600 553 ἡμᾶς
2658 481 2928 538 κωλὺουσι
2965 488 3414 557 διαπράττεσθαι,
3451 493 3520 545 τὰ
3557 491 3613 545 δὲ
3649 496 4009 570 pexam-.39:

768 577 985 646 pellere.
1006 572 1301 643 Joseplium
1327 573 1445 640 lego
1470 584 1688 640 propter
1708 568 1888 640 fugam
1914 570 2096 640 potius
2114 571 2339 639 peccati,

769 681 932 736 quam
955 665 1101 735 quod
1117 678 1175 718 se
1197 663 1327 715 nulli
1349 676 1514 730 pravo
1533 659 1748 715 aﬂ‘ectui
1769 660 2066 714 obnoxium
2092 658 2347 714 ostende-

769 755 1234 825 rit,laudatum°'.
1269 752 1568 806 Vivendum
1599 752 1756 806 nobis
1781 753 1833 804 in
1862 751 2120 821 qualibus
2143 761 2194 804 et
2213 759 2348 819 quot

767 851 1002 920 peccatis
1029 849 1119 901 illa
1150 846 1272 915 fuga
1300 845 1582 914 praemium
1613 852 1910 898 mereatur.
1940 843 2102 897 Aliud
2135 851 2224 898 est
2254 841 2338 894 fu-

768 957 894 1012 gere
925 939 1171 993 umbram
1198 978 1212 1002 ,
1253 936 1400 991 aliud
1440 950 1728 991 occurrere
1751 935 1817 989 ad
1845 935 2015 990 solem
2052 934 2342 1002 (iustitiae).

767 1032 870 1099 Qui
915 1031 967 1084 in
1015 1028 1252 1084 tenebris
1289 1037 1540 1082 versatur
1581 1027 1722 1081 solet
1765 1025 2074 1090 offendere;
2115 1025 2348 1079 offensio

766 1131 851 1172 est
878 1131 1044 1171 causa
1084 1117 1303 1184 lapsus,
1350 1114 1535 1182 lapsus
1569 1111 1787 1167 mortis.
1827 1113 1992 1182 382
2035 1111 2246 1178 Quibus
2277 1129 2344 1166 ex

766 1207 880 1263 vini
912 1207 1328 1277 ingurgitatione
1355 1204 1561 1258 obortae
1605 1211 1730 1258 sunt
1768 1204 2005 1258 tenebrae
2028 1244 2043 1270 ,
2075 1217 2221 1273 saepe
2249 1218 2348 1274 per

769 1315 925 1371 aqua:
962 1301 1212 1352 haustum
1249 1295 1318 1350 ad
1350 1295 1703 1350 sobrietatem
1745 1295 2043 1350 redierunt.
2070 1294 2172 1361 Qui
2204 1297 2347 1350 vitiis

769 1393 948 1447 obruti
983 1391 1339 1446 caecutierunt
1361 1429 1375 1452 ,
1411 1403 1506 1456 per
1530 1389 1800 1457 laerymas
1839 1389 2175 1456 poenitentia:
2205 1387 2346 1441 resi-

768 1466 1024 1557 puerunt.
1057 1481 1215 1535 Aliud
1247 1490 1328 1534 est
1352 1478 1677 1547 inquinatio,
1707 1478 1853 1532 aliud
1887 1477 2170 1542 confusio,
2199 1478 2347 1532 aliud

768 1575 1091 1639 occaecatio;
1125 1571 1358 1641 priorem
1385 1561 1542 1624 sanat
1585 1568 1913 1622 abstinentia
1955 1570 2032 1636 (a)
2060 1608 2074 1631 ,
2117 1569 2346 1622 alteram

769 1665 1078 1722 solitudinis
1108 1662 1297 1732 quies,
1338 1670 1666 1730 postremam
1691 1659 2001 1714 obedientia
2026 1699 2040 1723 ,
2104 1669 2157 1714 et
2202 1658 2346 1714 Deus

769 1760 863 1830 qui
889 1758 1061 1812 factus
1085 1763 1170 1810 est
1199 1753 1474 1807 obediens.
1516 1751 1625 1805 Nos
1657 1765 1722 1804 ex
1753 1751 1971 1805 duobus
1997 1766 2212 1812 eorum,
2249 1751 2345 1820 qui

2452 571 2734 640 μετελθεῖν
2776 573 2977 642 μᾶλλον
3032 576 3454 644 προτρέπονται.
3514 580 3769 649 Εὑρίσκω
3829 584 4012 653 Ἰωσὴφ

2449 664 2656 714 ἐκεῖνον
2681 661 2747 714 δι’
2778 663 3132 736 ἀποστροφὴν
3162 667 3462 736 ἁμαρτίας,
3482 670 3578 722 καὶ
3605 672 3666 723 οὑ
3703 671 3771 723 δι’
3806 674 4012 740 ἔνδειξιν

2447 752 2718 815 ἀπαθείας
2746 754 3224 825 σμακαριζόμενον.
3277 758 3553 828 Ζητητέον
3590 761 3722 829 ἡμῖν
3761 764 3817 814 ἐν
3845 765 4013 826 ποίαις

2449 844 2543 895 καὶ
2576 845 2770 907 πόσαις
2802 845 3100 914 ἁμαρτίαις
3122 847 3156 916 ἡ
3191 847 3511 920 ἀποστροφὴ
3539 852 3805 919 στέφανον
3834 855 4016 921 κέκτηο

2449 950 2560 988 ται.
2599 934 2763 987 ’Δλλο
2783 935 2846 989 τὺ
2865 936 3306 1007 ἀποστρέφεσθαι
3325 941 3426 1008 τὴν
3459 942 3623 995 σκιάν
3655 961 3670 975 ο
3701 944 4017 1015 ὑψηλότερον

2447 1024 2504 1078 δὲ
2529 1027 2591 1080 τὸ
2615 1027 2973 1100 προστρέχειν
2985 1027 3064 1098 τῷ
3092 1028 3244 1100 ήλίῳ.
3269 1030 3342 1084 Τὸ
3371 1032 3696 1087 σκοτοῦσθαι
3736 1037 3904 1090 αἴτιον
3933 1054 4017 1090 του

2451 1119 2819 1188 προσκόπτειν
2849 1137 2864 1151 ο
2890 1120 2954 1173 τὺ
2981 1120 3038 1173 δὲ
3069 1123 3440 1191 προσκόπτειν
3475 1124 3571 1177 τοῦ
3599 1129 3821 1180 πίπτειν
3841 1147 3854 1158 ·
3886 1130 3944 1181 τὸ
3968 1129 4019 1180 δὲ

2451 1210 2674 1262 πίπτειν
2699 1211 2796 1264 τοῦ
2817 1211 3099 1282 θνήσκειν.
3126 1212 3218 1277 Ἐξ
3246 1213 3391 1268 οἴνου
3421 1217 3470 1268 οἱ
3503 1218 3899 1282 σκοτισθέντες,
3921 1219 4021 1271 ἑνί-

2448 1301 2618 1370 ψαντο
2645 1303 2910 1368 πολλάκις
2939 1305 3095 1358 ὕδατι
3113 1321 3128 1336 ·
3155 1307 3204 1358 οἱ
3237 1307 3296 1360 δὲ
3325 1309 3389 1360 ὲκ
3416 1310 3606 1362 παθῶν
3635 1313 4021 1377 σκοτωθέντες,

2451 1391 2707 1458 ἐνίψαντο
2733 1391 3019 1462 δάκρυσιν.
3071 1395 3235 1447 ’Λλλο
3257 1395 3503 1461 θόλωσις,
3545 1401 3638 1452 καὶ
3670 1399 3800 1454 ἄλλο
3845 1402 4021 1471 ὲπίχυο

2453 1498 2534 1546 σις
2561 1483 2658 1552 (a),
2683 1484 2778 1536 καὶ
2805 1485 2991 1555 ἕτερον
3039 1484 3334 1553 τύφλωσις·
3365 1491 3462 1541 καὶ⁵
3505 1493 3606 1560 τὴν
3631 1493 3731 1560 μὲν
3762 1495 4022 1563 προτέραν

2455 1574 2640 1626 ἰάσατο
2667 1575 2963 1644 ἐγκράτεια
2984 1593 2996 1604 ·
3037 1579 3140 1648 τὴν
3175 1579 3232 1632 δὲ
3261 1579 3525 1651 δευτέραν
3562 1583 3762 1653 ἡσυχία
3788 1602 3802 1616 ·
3852 1587 3949 1657 τὴν
3972 1586 4024 1640 δι

2449 1663 2640 1735 τρίτην
2671 1667 2908 1737 ὑπακοὴ,
2951 1669 3048 1723 καὶ
3076 1671 3105 1720 6
3129 1669 3262 1734 Θεὸς
3284 1672 3524 1742 ὑπήκοος
3553 1676 3813 1742 γεγονώς.
3847 1677 4026 1746 Ἡμεῖς

2452 1759 2517 1810 ὲκ
2547 1759 2640 1812 δύο
2671 1759 2779 1813 τῶν
2815 1761 2885 1815 τὰ
2915 1761 3064 1816 κάτω
3091 1763 3458 1836 καθαιρόντων
3506 1769 3802 1839 προσφυῶς
3846 1772 3916 1825 τὰ
3943 1773 4027 1825 δύο

770 1849 959 1906 sordes
987 1852 1265 1902 terrestres
1289 1855 1615 1913 perpurgare
1648 1841 1847 1906 solent,
1885 1842 2049 1895 veluti
2081 1841 2346 1910 exemplis

2461 1850 2555 1903 τῶν
2579 1853 2648 1904 τὰ
2669 1852 2782 1905 ἄνω
2812 1853 3175 1922 φρονούντων,
3199 1857 3277 1921 ὼς
3314 1860 3370 1911 ὲν
3384 1859 3778 1931 ὑποδείγμασιν
3811 1864 4026 1936 ὑπειλή-

771 1942 1211 2002 commodissime
1255 1938 1608 2008 intelligimus
1655 1936 1838 1991 itidem
1883 1936 1990 1991 duo
2035 1938 2348 2008 (purgatio-

772 2055 902 2096 num
946 2033 1184 2106 genera)
1218 2046 1407 2086 eorum
1451 2030 1544 2100 qui
1588 2045 1826 2100 superna
1878 2030 2116 2100 sapiunt.
2163 2028 2347 2086 Offici-

772 2152 897 2192 nam
932 2132 1243 2190 fullonicam
1273 2128 1610 2200 appellamus
1642 2128 1955 2199 religiosum
1994 2130 2306 2184 coenobium
2332 2169 2347 2192 ,

770 2228 918 2299 quod
947 2224 1140 2281 sordes
1174 2221 1368 2276 anima:
1398 2229 1452 2274 et
1479 2219 1898 2276 crassitudinem
1950 2229 2004 2273 et
2038 2221 2352 2274 deformita-

771 2329 878 2372 tem
918 2314 1133 2372 dedolat
1181 2322 1234 2367 et
1269 2311 1548 2376 abstergit.
1588 2308 1816 2365 Officina
1855 2326 1984 2365 vero
2020 2326 2212 2365 eurum
2256 2311 2350 2381 qui

771 2413 924 2466 lanas
950 2406 1228 2470 inliciunt,
1254 2403 1324 2458 sit
1359 2403 1598 2458 secessio
1633 2402 1686 2456 in
1712 2402 2065 2457 solitudinem
2100 2403 2168 2458 iis
2193 2414 2348 2472 apta,

769 2502 863 2572 qui
887 2497 1198 2562 lasciviam,
1229 2493 1544 2548 memoriam
1569 2492 1893 2561 injuriaruxn
1922 2501 1974 2546 et
2014 2492 2351 2547 iracundiam

772 2601 1072 2659 posuerunt
1107 2597 1161 2644 et
1193 2594 1500 2650 exuerunt,
1535 2595 1586 2640 et
1625 2583 1820 2640 exinde
1869 2583 1922 2637 in
1967 2584 2168 2639 silentii
2199 2585 2354 2655 quie-

773 2696 880 2740 tem
921 2690 1281 2738 secesserunt.
1335 2677 1475 2732 Sunt
1519 2678 1610 2747 qui
1657 2676 1878 2741 dicant,
1924 2677 2069 2746 quod
2115 2677 2354 2733 recidere

2451 1961 2651 2013 φαμεν.
2682 1947 2954 2015 Κναφεῖον
2997 1948 3097 2018 μὲν
3128 1948 3190 2002 τό
3219 1951 3360 2003 κατά
3400 1952 3604 2023 Κύριον
3630 1955 3900 2010 κοινόειον
3932 1972 3947 1986 °
3974 1961 4029 2011 τὸ

2451 2036 2540 2088 τὸν
2572 2035 2764 2105 ῥύπον,
2799 2038 2895 2090 καὶ
2925 2038 3025 2110 τὴν
3057 2041 3370 2111 παχύτητα,
3394 2044 3489 2096 καὶ
3515 2044 3614 2114 τὴν
3647 2047 3923 2117 ἀμορφίαν
3941 2049 4029 2117 τῆς

2450 2127 2626 2199 ψυχῆς
2642 2128 2892 2196 ἁποξέον,
2916 2133 3220 2204 εἰρηκότες.
3250 2135 3480 2203 Βαφεῖον
3495 2136 3540 2189 δ’
3557 2137 3622 2190 ἂν
3644 2140 3730 2210 εἴη
3759 2142 3792 2208 ή
3824 2141 4026 2210 ἀναχώ-

2456 2235 2611 2288 ρησις
2637 2222 2750 2283 τοῖς
2775 2221 2873 2292 τὴν
2901 2222 3178 2290 λαγνείαν,
3201 2226 3295 2278 καὶ
3324 2229 3716 2296 μνησικακίαν,
3742 2233 3839 2285 καὶ
3869 2233 4031 2301 θυμδν

2452 2305 2830 2376 ἀποθεμένοις,
2853 2311 2946 2362 καὶ
2963 2311 3020 2376 ἐξ
3038 2313 3246 2365 ἐκείνου
3270 2313 3456 2367 λοιπόν
3485 2316 3616 2386 πρὸς
3642 2319 3875 2388 ἡσυχίαν
3909 2337 4029 2390 μετ-

2458 2399 2798 2468 ερχομὲνοις.
2833 2400 2990 2464 Τινὲς
3020 2403 3081 2455 τὸ
3107 2406 3220 2467 τοῖς
3257 2405 3442 2470 αὑτοῖς
3508 2410 3864 2479 περιπίπτειν
3896 2411 4032 2464 πτώ-

2459 2507 2622 2561 μασιν
2673 2493 2733 2560 ἐξ
2784 2493 3079 2564 ἐλλείψεως
3125 2501 3226 2568 τῆς
3269 2499 3650 2572 ἁρμοζούσης,
3684 2505 3782 2557 καὶ
3815 2506 4032 2577 ἀντιση-

2457 2585 2661 2655 κούσης
2697 2587 2988 2657 μετανοίας
3013 2588 3093 2658 τῷ
3127 2592 3378 2662 προτέρῳ
3405 2595 3561 2658 φασί.
3605 2597 3883 2666 Ζητητέον
3909 2598 3964 2652 δὲ
3988 2600 4033 2652 εί

2458 2674 2562 2737 πᾶς
2595 2676 2624 2726 6
2646 2677 2722 2745 μή
2753 2676 2936 2732 πεσὼν
2954 2677 3034 2748 τῷ
3060 2679 3240 2749 ἑαυτῷ
3267 2681 3417 2746 εῖδει,
3441 2683 3548 2754 ἄρα
3579 2686 3675 2738 καὶ
3709 2687 3877 2752 ἀξίως
3911 2705 4037 2758 μετ-

771 2775 970 2847 saapius
1017 2775 1070 2828 in
1111 2772 1298 2828 eadem
1336 2777 1556 2841 peccata
1599 2768 1773 2823 soleat
1801 2782 1866 2821 ex
1911 2768 2124 2823 defectu
2156 2783 2356 2824 conve-

777 2867 978 2922 uientis
1012 2859 1065 2920 et
1097 2863 1262 2934 priori
1293 2874 1514 2934 peccato
1538 2875 1603 2916 ex
1637 2874 1796 2930 aequo
1828 2859 2208 2930 respondentis
2239 2875 2355 2930 pte-

774 2959 998 3014 nitentie
1021 2957 1351 3024 contingere.
1396 2953 1758 3020 Quaerendum
1796 2966 1926 3006 vero
1957 2961 2060 3014 est,
2085 2966 2152 3005 an
2181 2952 2358 3009 omnis

770 3051 866 3123 qui
895 3050 1084 3106 eadem
1113 3057 1328 3120 peccata
1362 3062 1466 3100 non
1497 3044 1732 3116 amplius
1763 3043 1926 3098 iterat
1957 3051 2011 3098 et
2033 3044 2352 3110 committit,

2456 2765 2668 2835 ενόησε.
2715 2768 3048 2823 Πεπτώκασι
3103 2774 3216 2835 τοῖς
3252 2775 3436 2838 αὐτοῖς
3466 2792 3629 2839 τινες,
3683 2778 3717 2847 ἦ
3770 2779 3879 2831 τῶν
3912 2797 4038 2853 προ-

2457 2857 2632 2928 τέρων
2659 2861 2719 2912 ὲν
2753 2859 2922 2931 λήθης
2947 2861 3095 2932 βυθῷ
3122 2867 3591 2932 καταχωτθέντες,
3621 2869 3651 2938 ἦ
3679 2871 3770 2922 τὸν
3803 2870 3940 2923 Θεὸν
3978 2873 4037 2923 ὲκ

2460 2948 2770 3019 φιληδονίας
2801 2952 3188 3023 φιλάνθρωπον
3216 2956 3720 3026 ὑπολαμϐάνοντες·
3752 2961 3899 3030 ἧτῆς
3922 2963 4040 3013 ἐαυ-

2460 3039 2569 3092 τῶν
2609 3046 2888 3115 σωτηρίας
2925 3046 3337 3118 ἀποὴγὸμενοι.
3374 3052 3489 3105 Οὑκ
3521 3048 3636 3105 οἶδα
3663 3054 3713 3104 εἰ
3770 3055 3943 3123 μήπω
3976 3055 4042 3123 μέ

771 3146 993 3217 dignam
1030 3142 1166 3198 alias
1195 3140 1569 3212 paenitentiam
1596 3136 1804 3205 egerit?
1833 3134 2107 3207 Repetunt
2135 3136 2356 3205 quidam

2461 3154 2544 3202 τις
2574 3138 3040 3208 καταμέμφεσθαι
3072 3140 3329 3210 ἤμελλεν,
3373 3143 3494 3196 ἐπεὶ
3547 3143 3614 3196 ἂν
3641 3140 3819 3207 εἷπον,
3852 3146 4042 3216 ὅτιπερ

771 3237 956 3293 eadem
991 3243 1210 3306 peccata
1257 3233 1342 3288 vel
1392 3232 1501 3286 alto
1539 3229 1833 3285 oblivionis
1869 3229 2075 3283 tumulo
2123 3228 2351 3299 sepulti,

2461 3229 2550 3284 τὸν
2604 3231 2801 3302 ἐχθρὸν
2842 3232 3032 3286 τοῦτον
3081 3234 3269 3289 λοιπὸν
3309 3237 3468 3306 δῆσαι
3519 3239 3593 3308 μὴ
3649 3238 3949 3309 ἰσχύοντες,
3976 3240 4044 3308 τῇ

774 3329 858 3382 vel
894 3343 958 3383 ex
995 3326 1219 3381 mollitie
1256 3324 1488 3395 quadam
1541 3321 1706 3376 Deum
1747 3321 2068 3376 clementem
2098 3321 2233 3383 rati,
2271 3329 2356 3377 aut

2471 3321 2567 3392 τῆς
2603 3322 2892 3394 συνηθείας
2929 3325 3074 3396 ἰσχύϊ
3108 3328 3478 3398 τυραννοῦντα
3505 3331 3718 3393 αὐτούς.

769 3419 917 3490 quod
967 3419 1158 3474 salutis
1218 3432 1330 3473 sua:
1377 3429 1530 3485 spem
1573 3425 1790 3466 omnem
1828 3411 2145 3481 abjecerint.
2190 3409 2343 3467 llaud
2376 3412 2490 3467 scio
2527 3430 2595 3468 an
2627 3415 2754 3484 quis
2796 3432 2884 3471 me
2923 3433 3034 3472 non
3069 3418 3140 3474 sit
3194 3421 3651 3490 reprelrensurus,
3685 3424 3730 3478 si
3784 3423 3979 3478 dixem
4014 3438 4046 3478 ι

773 3511 1096 3584 quibusdam
1133 3511 1343 3566 hostem
1387 3507 1535 3561 hunc
1549 3505 1806 3573 deinceps
1827 3503 2020 3558 vinclri
2051 3517 2160 3558 non
2198 3519 2384 3574 posse,
2419 3507 2563 3576 quod
2594 3509 2663 3563 ab
2689 3508 2883 3564 eodem
2916 3509 3018 3579 ipsi
3046 3511 3156 3579 jam
3191 3514 3451 3582 peccandi
3495 3515 3951 3586 consuetudinem
3989 3517 4046 3572 in

773 3608 1087 3665 servitutem
1118 3604 1280 3676 383
1328 3612 1588 3672 tanquam
1630 3600 1698 3655 ab
1738 3607 1968 3671 tyranno
2005 3599 2204 3654 redacti
2251 3600 2380 3654 sint.

841 3695 1297 3754 Perscrutandum
1339 3691 1500 3747 etiam
1544 3696 1629 3745 est
1668 3689 1942 3759 quomodo
1973 3689 2152 3741 anima
2179 3727 2194 3752 ,
2225 3703 2348 3742 cum

775 3796 968 3844 natura
1005 3787 1075 3843 sit
1098 3784 1341 3854 corporis
1367 3797 1582 3851 expers,
1617 3780 1840 3851 spiritus
1871 3779 2110 3849 ejusdem
2139 3787 2351 3834 natura:

2539 3692 2890 3762 Ἐρευνητέον
2936 3692 3050 3756 πῶς
3097 3693 3390 3764 ἀσώματος
3428 3693 3562 3750 οὖσα
3606 3699 3638 3765 ή
3689 3698 3869 3767 ψυχὴ,
3919 3700 4046 3762 toi»;

2461 3784 2592 3852 πρὸς
2633 3783 2804 3852 αὐτὴν
2847 3784 3167 3854 ὁμοουσίους
3221 3788 3662 3859 ἐπιδημοῦντας,
3719 3791 3795 3854 ὼς
3855 3791 4048 3861 ἔχουσι

775 3879 842 3934 ad
889 3894 947 3933 se
991 3878 1263 3931 venientes
1315 3875 1497 3929 videro
1548 3886 1656 3926 non
1698 3871 1904 3940 possit,
1948 3871 2224 3937 quomodo
2257 3885 2353 3940 per

2461 3873 2677 3942 φύσεως
2707 3877 2842 3947 ὀρᾷν
2873 3877 2935 3930 οὑ
2965 3879 3177 3946 πέφυκε
3205 3895 3217 3908 ·
3254 3881 3452 3951 μήπως
3473 3882 3580 3952 ἄρα
3607 3881 3694 3935 διὰ
3723 3881 3820 3953 τὴν
3838 3882 4045 3947 ζεῦξιν,

776 3981 1023 4026 naturam
1058 3966 1236 4022 affecti
1272 3965 1402 4020 sint.
1444 3963 1528 4016 An
1561 3962 1788 4016 fortasse
1821 3971 2040 4031 pr0pter
2076 3962 2352 4016 vinculum

2461 3968 2522 4036 ἣν
2571 3967 2602 4018 ὁ
2649 3967 2818 4035 δήσας
2870 3970 3030 4038 μόνος
3083 3971 3404 4038 ὲπίσταταις
3455 3973 3776 4044 Βουλομένῳ
3847 3977 4049 4044 μαθεῖν

775 4062 1047 4132 corporis,
1075 4058 1220 4130 quod
1251 4057 1428 4112 solum
1462 4055 1648 4120 novit,
1677 4053 1770 4122 qui
1802 4069 2004 4123 corpus
2032 4062 2087 4107 et
2113 4053 2354 4110 animam

2461 4061 2633 4131 φράζε
2666 4061 2754 4132 δὴ,
2778 4062 2989 4132 φράξε,
3025 4063 3110 4126 τίς
3153 4080 3221 4131 με
3261 4063 3558 4131 γνωστικὸς
3597 4063 3850 4126 ἐπύθετο,
3901 4069 4049 4117 ποῖοι

775 4153 1057 4224 conjunxit
1089 4151 1255 4222 [inter
1283 4164 1343 4204 se
1377 4146 1658 4218 devinxit].
1697 4145 1930 4213 Quidam
1962 4162 1994 4200 e
2019 4145 2356 4200 doctioribus

2461 4152 2566 4205 τῶν
2600 4153 2926 4221 πνευμάτων
2969 4153 3279 4217 ταπεινοῦν,
3327 4158 3470 4207 ποῖοι
3503 4154 3559 4207 δὲ
3595 4155 3762 4224 ὑψοῦν
3793 4157 3890 4209 ἐπὶ
3924 4160 4051 4218 ταῖς

779 4262 865 4303 me
899 4244 1290 4314 interrogavit:
1336 4243 1472 4308 Dic,
1514 4240 1724 4310 inquit,
1773 4241 2039 4304 obsecro,
2091 4239 2180 4293 dic
2227 4237 2356 4292 mihi

2461 4244 2758 4314 ἁμαρτίαις
2776 4242 3053 4312 πεφύκασι
3072 4243 3164 4298 τὸν
3193 4243 3337 4301 νοῦν.
3357 4244 3549 4315 Κάμοῦ
3573 4244 3708 4312 πρὸς
3728 4245 3793 4298 τὸ
3823 4246 4051 4316 σκέμμα

780 4340 974 4394 volenti
1001 4338 1232 4402 discere,
1253 4337 1478 4406 quinam
1501 4333 1726 4402 Spiritus
1751 4341 1987 4387 mentem
2013 4347 2110 4401 per
2139 4340 2356 4402 peccata

2462 4332 2880 4404 δυσχεράνατος,
2907 4333 3001 4387 καὶ
3025 4333 3126 4405 τὴν
3148 4333 3371 4402 ἄγνοιαν
3395 4333 3669 4402 βεϐαιωσα
3677 4333 3845 4402 μένου
3874 4335 4053 4405 ὅρκῳ,

777 4431 1097 4501 deprimere,
1122 4429 1283 4500 quive
1315 4428 1576 4481 extollere
1599 4425 1850 4480 soleant?
1877 4423 1955 4478 Me
1979 4440 2106 4478 vero
2129 4424 2197 4477 ad
2223 4424 2356 4477 hanc

2463 4426 2494 4477 ὁ
2521 4426 2809 4494 μανθάνων
2851 4424 3108 4491 ἐδίδαξεν.
3144 4426 3233 4478 Ἐν
3281 4423 3504 4493 ὀλίγοις,
3533 4426 3686 4494 φησὶ,
3716 4425 4056 4496 διακρίσεως

778 4523 1191 4592 inquisitionem
1231 4519 1522 4574 lmreutem
1550 4556 1566 4581 ,
1611 4528 1667 4570 et
1696 4516 1968 4571 inscitiam
1999 4516 2160 4569 etiam
2206 4515 2356 4585 jure-

2462 4517 2642 4587 ζύμην
2698 4533 2779 4570 σοι
2831 4517 3080 4582 δεδωκὼς
3134 4517 3441 4588 καταλείψω
3481 4517 3661 4588 ζητεῖν
3693 4519 3960 4587 ὲμπόνως
3990 4537 4003 4549 ·
4027 4521 4057 4570 6

775 4616 1010 4682 iurando
1033 4613 1410 4676 afﬁrmantem,
1449 4609 1637 4664 docuit
1665 4610 1756 4678 qui
1790 4625 1856 4663 ex
1894 4624 1981 4663 me
2009 4607 2222 4664 discere
2262 4623 2356 4661 vo-

779 4710 939 4763 lebat.
978 4709 1034 4761 In
1067 4706 1285 4777 paucis,
1321 4703 1531 4773 inquit,
1564 4701 1829 4772 exemplis
1850 4738 1868 4765 ,
1901 4701 1996 4756 tibi
2029 4700 2355 4756 fermentum

776 4799 1126 4855 discretionis
1167 4798 1347 4860 dabo,
1394 4805 1454 4850 ut
1502 4795 1569 4850 de
1613 4795 1838 4865 reliquis
1879 4801 1972 4849 tuo
2018 4794 2134 4864 ipse
2172 4795 2358 4848 labore

777 4892 1044 4964 inquiras.
1075 4889 1310 4960 Spiritus
1339 4888 1588 4953 luxuriae,
1611 4887 1702 4942 ira:
1724 4929 1738 4952 ,
1776 4889 1984 4942 insanae
2008 4887 2178 4957 gulae,
2212 4886 2357 4940 desi-

775 4985 900 5048 diae,
935 4980 1311 5039 somnolentizn
1335 4994 1442 5033 non
1469 4979 1646 5033 solent
1670 4979 1866 5033 mentis
1883 4993 2053 5034 cornu
2078 4978 2354 5034 extollere.

779 5073 885 5127 Sed
917 5073 1142 5144 spiritus
1167 5067 1428 5132 avaritiae,
1454 5067 1786 5136 principatus
1807 5077 1862 5122 et
1882 5068 2129 5133 honoris,
2164 5067 2358 5137 loqua-

775 5167 990 5230 citatis,
1027 5173 1076 5218 ct
1116 5163 1208 5218 alii
1252 5160 1558 5230 complures
1596 5161 1689 5230 qui
1730 5160 1931 5215 malum
1966 5160 2109 5214 malo
2141 5168 2358 5215 nectere

775 5267 830 5313 et
854 5256 1135 5312 cumulare
1169 5261 1606 5317 consueverunt,
1638 5252 1781 5306 unde
1823 5261 1876 5306 et
1906 5250 2188 5322 iudicandi
2221 5252 2357 5306 alios

776 5346 1000 5417 spiritus
1053 5344 1156 5400 illis
1216 5341 1499 5396 familiaris
1545 5350 1645 5395 est.
1698 5339 1802 5406 Qui
1855 5340 1922 5395 ad
1971 5349 2222 5395 externos
2271 5340 2358 5395 vel

774 5452 1028 5508 egressus
1054 5445 1175 5502 est,
1206 5434 1287 5489 vel
1314 5433 1529 5490 eosdem
1578 5433 1692 5501 ipse
1740 5434 1975 5505 hospitio
2023 5435 2251 5504 recepit,
2303 5442 2358 5489 et

775 5544 940 5600 super
983 5529 1226 5585 discessu
1274 5526 1510 5592 illorum,
1552 5527 1634 5580 vel
1667 5535 1789 5596 post
1816 5525 2040 5592 horam,
2092 5527 2171 5581 vel
2234 5537 2354 5594 post

850 5688 888 5716 "‘
922 5686 1057 5741 Gen.
1086 5701 1274 5749 xxxix,
1301 5685 1371 5738 25
1393 5703 1406 5748 ;
1432 5683 1595 5740 Eccli.
1617 5699 1762 5746 xLix,
1798 5683 1884 5749 l7,
1926 5684 2005 5736 l8.

849 5778 926 5838 (a)
952 5775 1174 5841 Ellnsio,
1199 5774 1702 5843 αἰΐυεὶυ,ὲπίχυσις,
1737 5774 2039 5841 distractio,
2059 5774 2343 5843 dispersio.

2463 4611 2573 4664 τῶν
2607 4610 2896 4680 σωμάτων.
2930 4612 3024 4663 καὶ
3046 4612 3075 4664 6
3101 4613 3200 4681 τῆς
3227 4609 3418 4681 ὀργῆς,
3447 4610 3540 4663 καὶ
3571 4613 3600 4663 6
3635 4610 3735 4679 τῆς
3765 4611 4058 4680 κοιλιομαο

2462 4703 2582 4766 νίας
2612 4719 2624 4731 ·
2666 4705 2697 4755 6
2748 4703 2848 4770 τῆς
2881 4703 3132 4774 ἀκηδίας,
3186 4705 3215 4755 6
3260 4703 3426 4757 ὕπνου
3481 4703 3540 4756 οὑ
3597 4703 3884 4772 πεφύκασί
3940 4721 4057 4766 πως

2463 4795 2712 4866 ἐπαίρειν
2744 4795 2804 4847 τὸ
2837 4794 2930 4848 τοῦ
2962 4794 3080 4858 νοὸς
3107 4795 3298 4865 κέρας.
3345 4796 3401 4847 ’0
3428 4795 3484 4847 δὲ
3518 4793 3618 4863 τῆς
3651 4794 4056 4865 φιλαργυρίας,

2463 4882 2752 4954 φιλαρχίας
2766 4901 2823 4936 τε
2846 4884 2941 4936 καὶ⁵
2965 4883 3309 4951 πολυλογίας,
3339 4885 3432 4936 καὶ
3452 4883 3630 4952 ἕτεροι
3651 4882 3878 4946 πλείους
3900 4883 4058 4952 κακῷ

2463 4976 2633 5029 κακον
2659 4974 2915 5029 εἰώθασιν
2945 4976 3356 5030 ἐπισυνάπτειν.
3387 4975 3479 5028 Διὸ
3502 4974 3595 5028 καὶ
3622 4976 3650 5028 6
3691 4975 4055 5045 τοῦικρίνειν,

2464 5067 2676 5130 τούτοις
2722 5066 3106 5138 παραπλήσιος
3139 5066 3492 5137 καθέστηκεν.
3535 5065 3602 5117 Εἴ
3647 5082 3731 5127 τις
3783 5065 3932 5133 πρὸς
3964 5081 4057 5116 κο-

2464 5159 2696 5229 σμικοὺς
2728 5157 2760 5226 ἦ
2799 5157 3147 5227 παρεγένετο,
3178 5156 3212 5225 ἦ
3243 5154 3477 5220 ἐδέξατο,
3511 5156 3604 5208 καὶ
3631 5155 3723 5207 ἐπὶ
3751 5152 3832 5222 τῷ
3864 5152 4057 5206 αὐτῶν

2465 5249 2606 5319 μετὰ
2659 5249 2758 5319 τὴν
2810 5247 2960 5318 ὥραν
3007 5248 3041 5318 ἢ
3106 5248 3323 5318 ήμέραν
3371 5245 3634 5316 χωρισμῷ
3667 5245 3850 5316 λύπης
3899 5244 4057 5312 βέλος

2461 5340 2699 5407 ἐδέξατο,
2742 5341 2837 5394 καὶ
2870 5339 2945 5410 μὴ
2979 5337 3180 5410 μᾶλλον
3209 5338 3382 5408 χαρᾶς
3409 5337 3484 5400 ὡς
3515 5335 3775 5406 ἐμποδίου
3811 5333 4056 5402 παγίδος

2460 5433 2818 5502 ἀπαλλαγεὶς,
2847 5424 3004 5496 οὗτος
3037 5431 3072 5504 ἢ
3099 5430 3205 5485 ὑπὸ
3226 5429 3528 5496 κενοδοξίας
3557 5428 3591 5498 ἢ
3635 5427 3742 5480 ὑπὸ
3783 5425 4055 5494 πορνείας

2460 5526 2807 5596 ἐμπαίζεται.
2863 5523 2935 5578 Τὸ
2981 5523 3142 5577 πόθεν
3177 5524 3206 5574 ὁ
3259 5521 3456 5591 ἄνεμος
3492 5520 3616 5573 πνεῖ
3658 5517 3762 5589 πρὸ
3823 5517 4054 5571 πάντων
