4216 6458
194 418 330 482 1073

1142 409 1368 469 SCALA
1401 403 1780 467 I‘AliADISI.
1801 415 1878 441 ’-
1900 404 2206 465 GRADUS
2240 407 2441 465 XXVI.

3262 406 3288 465 1
3302 401 3404 467 074

188 531 511 601 ζητήσωμεν
537 543 552 559 ο
606 529 804 599 μήπως
839 523 1151 596 εὑρεθῶμεν
1194 520 1453 583 ἐναντίως
1497 519 1566 573 τὰ
1616 518 1759 571 ἱστία

1862 516 2002 571 diem
2041 517 2273 572 tristitiae
2312 518 2476 572 telum
2518 518 2749 586 accepit,
2786 527 2839 571 et
2876 532 2983 571 non
3024 517 3200 588 potius
3229 519 3421 586 gaudia

142 636 146 638 ‘
188 618 544 680 ἐκτείνοντες
584 616 893 687 παρακάλει
939 615 996 679 ἐξ
1043 612 1264 681 ἀγάπης
1308 610 1569 680 γέροντας
1615 625 1748 678 πρα-

194 709 416 771 κτικοὺς
436 707 635 770 οἵτινες
664 705 998 774 κατέτριψαν
1018 703 1086 756 τα
1114 702 1336 771 σώματα
1360 700 1538 754 αὐτῶν
1571 701 1629 753 ἐν
1654 700 1753 752 άσ-

189 797 507 868 κήσειβδ),
564 796 766 867 μικράν
811 797 1115 848 ἀνάπαυσιν
1143 795 1322 854 αὐτοῖς
1364 792 1752 860 παρεχόμενος.

201 889 502 957 Ἀνάγκαζε
532 889 689 951 νέους
726 883 1175 956 ἐγκρατεύεσθαι,
1207 885 1401 947 οἵτινες
1427 882 1757 952 κατέτριψαν

188 979 288 1043 τὰς
329 980 506 1050 ψυχας
551 980 734 1033 αὐτῶν
784 980 843 1031 ἐν
892 979 1209 1049 ἁμαρτίαις,
1244 977 1465 1047 μνήμην
1489 974 1757 1036 κολάσεως

190 1070 374 1134 αὐτοῖς
399 1071 772 1141 διηγούμενος.
794 1069 916 1123 Τῶν
938 1070 1039 1122 οὐκ
1067 1067 1427 1138 ἐνδοχομένων
1445 1066 1759 1136 ἐστὶν,ὃπερ

194 1160 252 1212 ἐν
284 1158 454 1230 ἑτέρῳ
493 1159 815 1230 είρηκαμεν,
854 1157 1055 1221 εὐθέως
1089 1159 1145 1211 ἐν
1176 1157 1481 1228 προοιμίοις
1504 1158 1583 1218 εἰς
1613 1156 1758 1210 ἇπαν

188 1251 633 1321 γαστριμαργίας
655 1251 748 1304 καὶ
770 1250 1073 1314 κενοδοξίας
1096 1250 1244 1318 ἡμᾶς
1266 1247 1759 1319 καθαρεύεινέάλλά

191 1340 267 1411 μὴ
289 1340 601 1411 θελήσωμεν
620 1341 708 1395 διὰ
726 1342 935 1412 τρυφῆς
949 1345 1015 1411 τῇ
1034 1340 1303 1411 κενοδοξία
1319 1340 1604 1411 μάχεσθαι’
1625 1336 1762 1411 ἧττα

195 1431 304 1500 γάρ
348 1432 791 1503 γαστριμαργίας
832 1431 1163 1495 κενοδοξίαν,
1212 1434 1328 1494 τοῖς
1382 1431 1759 1499 εἱσαγωγικοῖς

188 1517 656 1587 λέγω,άποτίκτει.
678 1520 891 1575 Μᾶλλον
905 1521 960 1573 δὲ
982 1520 1047 1573 δι’
1067 1521 1272 1584 ἐνδείας
1300 1521 1599 1591 κατάὺτῆς
1630 1537 1763 1591 πρε-

193 1609 528 1680 σϐεύσωμεν.
577 1611 885 1664 Ἐλεύσεται
932 1611 1042 1682 γὰρ
1094 1610 1233 1682 ῶρα,
1276 1613 1369 1665 καὶ
1394 1611 1489 1664 νῦν
1511 1614 1624 1664 ἐστι
1651 1614 1763 1675 τοῖς

133 1702 146 1712 “
196 1696 561 1767 βουλομένοις,
578 1700 663 1752 ἵνα
682 1700 924 1772 ὑποτάξῃ
951 1700 1154 1773 Κύριος
1176 1703 1266 1754 καὶ
1293 1703 1494 1771 ταύτην
1514 1703 1618 1755 ὑπὸ
1638 1704 1763 1766 τοὺς

195 1788 365 1851 πόδας
385 1787 559 1859 ἡμῶν.
579 1790 652 1842 Ut)
671 1792 780 1852 τοῖς
801 1791 983 1854 αὐτοῖς
1009 1794 1057 1845 oi
1082 1793 1190 1845 νέοι
1214 1793 1366 1845 καὶοὶ
1393 1795 1759 1862 γεγηρακότες

192 1878 623 1960 προσερχόμενοι
671 1880 1031 1950 πολεμοῦνται
1078 1882 1296 1937 πάθεσι.
1332 1860 1595 1946 Πολλάκις
1648 1885 1754 1956 γάρ
1798 1860 1839 1914 Β

191 1968 275 2030 εἰς
302 1967 449 2022 ᾶπαν
472 1970 721 2047 ἐναντίας
766 1973 866 2036 τὰς
907 1973 1094 2038 νόσους
1129 1975 1442 2045 κέκτηνται.
1471 1977 1570 2029 Διά
1601 1976 1757 2030 τοῦτο

198 2058 463 2127 μακαρία,
495 2050 531 2130 η’
566 2062 813 2132 μακαρία
832 2065 1178 2128 ταπείνωσις,
1201 2066 1284 2118 ὅτι
1312 2066 1451 2131 νέοις
1475 2070 1571 2121 καὶ
1593 2085 1756 2138 γεγη-

195 2148 697 2235 ρακόσινράσφαλὴς
742 2156 835 2207 καὶ
865 2154 1063 2225 δυνατὴ
1089 2154 1330 2223 γίγνεται
1360 2158 1633 2226 μετάνοια.
1666 2158 1756 2228 Μὴ

191 2234 481 2308 θορυϐήσω
539 2241 598 2294 ἐν
654 2242 734 2311 τῷ
790 2243 970 2312 λέγειν
1033 2244 1283 2316 ἔρχομαι.
1334 2247 1554 2301 Σπάνιοι
1624 2248 1754 2318 γὰρ,

191 2326 336 2399 πλὴν
364 2330 473 2383 εἰσὶ
500 2331 670 2403 ψυχαὶ
714 2335 893 2397 εὑθεῖς
931 2336 1025 2389 καὶ
1068 2337 1354 2409 ἀπόνηροι,
1403 2337 1619 2402 κακίας,
1662 2339 1755 2391 καὶ

188 2418 557 2488 ὑποκρίσεως,
608 2424 704 2477 καὶ
749 2428 1169 2496 κακεντρεχείας
1201 2427 1637 2498 ἀπηλλαγμέναι,
1665 2426 1754 2493 αἷς

186 2508 368 2579 πάντη
387 2514 435 2581 εή
466 2511 575 2565 τῶν
611 2514 929 2585 ἀνθρώπων.
958 2518 1304 2590 συνδιατριϐὴ
1335 2518 1634 2573 ἀντίκειται
1664 2520 1755 2572 δυ-

186 2598 452 2667 ναμέναις
483 2603 621 2671 μετὰ
658 2604 754 2657 τοῦ
788 2606 1107 2675 όδηγοῦντος
1141 2610 1206 2661 ἐκ
1241 2610 1338 2678 τῆς
1369 2610 1620 2679 ἡσυχίας,
1649 2610 1755 2665 ῶσ-

187 2706 300 2760 περ
341 2691 406 2743 ἐκ
456 2690 694 2761 λιμένος,
749 2698 831 2759 εἰς
874 2699 1102 2767 οὐρανὸν
1141 2700 1481 2770 ἀνέρχεσθαι,
1515 2705 1608 2755 καὶ
1649 2703 1755 2756 τῶν

186 2781 546 2835 κοινοϐιακῶν
578 2784 841 2855 θορύϐων,
862 2789 953 2841 καὶ
980 2790 1287 2845 σκανδάλων
1304 2794 1575 2863 διαμεῖναι
1603 2795 1756 2848 ἀνενο

184 2867 333 2931 δεεῖς
368 2871 462 2922 καὶ
498 2872 806 2944 ἀπείρατοι.
843 2877 1089 2945 Λάγνους
1121 2882 1217 2948 μὲν
1260 2883 1554 2954 ἄνθρωποι,
1588 2902 1755 2956 πονη-

189 2959 321 3029 ροὺς
343 2959 399 3013 δὲ
432 2962 673 3029 ἄγγελοι,
707 2965 1085 3039 ὑπερηφάνους
1122 2970 1179 3024 δὲ
1208 2972 1339 3034 Θεὸς
1380 2974 1629 3029 ἰάσασθαι
1661 2977 1756 3028 πέ-

184 3066 384 3117 φυκεν.
418 3048 570 3117 Εἶδος
602 3055 825 3127 ἀγάπης
858 3059 1114 3123 πολλάκις
1133 3061 1261 3125 ἴσως
1288 3062 1477 3129 γέγονε
1511 3066 1606 3118 καὶ
1632 3064 1757 3118 τοῦ·

184 3154 272 3202 το,
300 3137 363 3190 τδ
380 3137 457 3209 τῷ
484 3141 708 3211 πλησίον
735 3144 1165 3215 καταλιμπάνειν
1202 3150 1599 3220 παραϐάλλοντι
1621 3153 1754 3221 πρὸς

186 3226 341 3251 Δ.--2-
375 3233 544 3251 ._-_-!,A
598 3249 623 3251 μ
668 3232 725 3251 Λα
763 3249 771 3251 _
802 3234 828 3251 Λ
877 3235 915 3251 0‘
1108 3238 1122 3251 ο
1190 3227 1220 3251 ’.ο
1452 3243 1465 3251 ι
1530 3240 1556 3251 -ι
1677 3242 1689 3251 .

1859 3190 2013 3247 rent,
2076 3197 2197 3250 quae
2254 3183 2520 3251 optimum
2582 3182 2775 3237 ducem

186 3226 341 3297 ἡμᾶς
373 3233 566 3294 ποιεῖν,
595 3232 773 3297 καθὼς
801 3234 1071 3305 βούλεται,
1104 3238 1163 3292 ἐν
1190 3227 1419 3304 ¹ἕήπασιν,
1442 3240 1597 3311 ἡμῶν
1626 3242 1757 3312 μέν·

185 3335 276 3373 τοι
316 3319 611 3392 ἱλαρότητα
640 3326 835 3399 πᾶσαν
852 3326 1309 3398 ἐπιδεικνυμένων
1331 3330 1466 3402 (27),
1492 3329 1757 3402 ζητητέον

186 3410 314 3475 ⁸ιτεῶς
343 3413 435 3465 καὶ
471 3414 576 3478 ἕως
605 3415 769 3482 τίνος,
798 3418 891 3471 καὶ
918 3421 1070 3485 πότε,
1106 3421 1216 3475 ςκαὶ
1245 3422 1278 3493 ἦ
1317 3422 1425 3492 ἄρα
1458 3423 1758 3495 άναλυτικὴ

185 3503 223 3570 ὴ
262 3497 595 3571 μεταμέλεια
626 3506 735 3558 τῶν
777 3508 979 3570 καλῶν,
1030 3509 1217 3581 ὥσπερ
1245 3511 1353 3565 τῶν
1386 3512 1591 3567 κακῶν.
1631 3515 1760 3566 Δια-

168 3586 377 3655 ’κρίσει
402 3586 568 3659 πολλῇ
600 3590 957 3661 χρησώμεθα,
985 3595 1114 3649 πότε
1150 3596 1249 3666 μὲν
1278 3597 1549 3663 ἵστασθαι,
1582 3600 1677 3653 καλ⁵
1702 3600 1761 3653 ἐν

189 3674 392 3739 ποίοις,
422 3675 515 3729 καὶ
558 3676 661 3741 ἕως
704 3680 846 3743 τίνος
888 3683 1277 3752 προσπαλαίειν
1295 3687 1411 3748 ταῖς
1440 3682 1551 3739 τῶν
1575 3686 1761 3740 παθῶν

190 3761 353 3821 ὕλαις
382 3766 686 3836 ὀφείλομεν.
719 3770 871 3823 Ἐστι
892 3773 1000 3841 γὰρ
1020 3773 1111 3825 καὶ
1132 3778 1323 3841 φυγεῖν
1354 3779 1647 3844 προκρῖναι
1671 3776 1763 3829 διὰ

190 3850 301 3921 τὴν
344 3851 659 3920 ἀσθένειαν,
709 3856 794 3909 ἴνα
840 3857 915 3927 μὴ
964 3860 1341 3929 ἀποθάνωμεν.
1395 3861 1626 3931 Ἴδωμεν
1669 3864 1761 3917 καὶ⁵

190 3940 525 4009 φυλάξωμεν
575 3942 736 4012 (ἴσως
782 3946 892 4018 γάρ
948 3949 1044 4001 καὶ
1078 3950 1137 4002 ἐν
1188 3949 1367 4020 καιρῷ
1413 3950 1503 4004 διά
1536 3952 1761 4022 πικρίας

186 4031 361 4101 χολὴν
405 4032 638 4088 κενῶσαι
675 4034 999 4106 δυνάμεθα),
1024 4041 1165 4092 ποῖοι
1204 4040 1302 4110 μὲν
1343 4041 1451 4094 τῶν
1489 4041 1760 4112 δαιμόνων

185 4122 415 4192 ὐψοῦσι,
450 4126 591 4178 ποῖοι
614 4125 673 4179 δὲ
699 4126 1041 4192 ταπεινοῦσι,
1071 4130 1166 4183 καὶ
1205 4132 1346 4183 ποῖοι
1373 4131 1758 4203 σκληρύνουσι,

182 4215 343 4267 ποῖοι
384 4212 441 4266 δὲ
488 4215 905 4285 παρακαλοῦσι,
950 4219 1044 4273 καὶ
1100 4222 1240 4275 ποῖοι
1287 4223 1385 4293 μὲν
1432 4225 1761 4293 σκοτίζουσι,

182 4306 343 4356 στοῖοι
370 4302 427 4356 δὲ
451 4304 613 4358 πάλιν
638 4308 918 4378 φωτισμὸν
945 4310 1351 4380 ὑποκρίνονται,
1380 4316 1473 4368 καὶ
1497 4318 1639 4369 ποῖοι
1665 4317 1764 4388 μὲν

177 4394 461 4465 νωθροὺς.
496 4400 638 4450 ποῖοι
670 4398 725 4452 δὲ
769 4406 1152 4474 κακεντρεχεῖς
1174 4446 1188 4471 ,
1222 4408 1363 4460 ποῖοι
1406 4408 1463 4460 δὲ
1516 4408 1762 4477 σκυθρωο

1859 608 2085 665 affectus
2110 619 2215 674 est,
2244 611 2393 679 quod
2431 612 2500 663 ab
2535 611 2903 679 ilIlpt‘tlilllellli
2935 612 3127 679 laqueo
3163 610 3423 664 liberatus

1856 702 1950 767 sit,
1981 703 2069 758 hic
2097 718 2126 757 a
2153 702 2347 772 spiritu
2382 718 2532 756 vana:
2561 703 2764 771 gloria‘,
2790 712 2881 755 aut
2914 703 3129 757 veneris
3162 703 3419 755 illuditur.

1858 794 1995 847 Ante
2018 794 2201 848 omnia
2248 796 2625 862 iuquiramus,
2676 795 2818 847 unde
2859 795 3083 862 spiritus
3123 794 3251 846 llare
3290 795 3424 846 inci-

1859 886 2003 955 piat,
2060 901 2125 940 nc
2168 885 2303 940 forte
2341 887 2460 941 vela
2506 887 2559 939 iu
2609 886 2940 938 contrarimu
2978 884 3284 939 tendamus.
3330 882 3425 935 Se-

1861 978 2047 1031 niores
2072 978 2124 1030 in
2159 977 2373 1031 actione
2395 986 2644 1031 versatos
2663 1017 2676 1039 ,
2702 978 2791 1045 qui
2824 991 3050 1045 corpora
3081 992 3177 1029 sua
3206 975 3422 1029 assidua

1858 1068 2241 1123 exercitatione
2268 1068 2602 1123 detriveruut
2630 1069 2915 1122 consolare
2943 1082 3006 1121 ex
3041 1067 3331 1130 ehauitate,
3373 1075 3426 1119 et

1858 1158 2097 1228 aliquam
2150 1158 2315 1231 385
2359 1160 2746 1213 rclasationem
2793 1160 2901 1214 illis
2941 1158 3157 1213 exhibe.
3196 1157 3428 1211 Juvenes

1860 1251 1952 1320 qui
1985 1265 2080 1318 per
2110 1260 2331 1318 peccata
2371 1251 2582 1304 animas
2624 1265 2753 1322 suas
2795 1250 2934 1303 male
2977 1258 3315 1313 tractarunt,
3360 1249 3424 1301 ad

1860 1343 2246 1398 continentiam
2309 1344 2616 1409 redigendis
2667 1344 2720 1396 iu
2773 1340 3089 1396 memoriam
3147 1340 3426 1408 suppliciis

1860 1435 2080 1491 aeternis
2111 1436 2393 1503 compelle.
2431 1435 2570 1489 Fieri
2604 1450 2708 1489 uou
2742 1444 2952 1503 potest,
2992 1433 3136 1501 quod
3171 1440 3224 1484 et
3259 1446 3426 1499 supra

1862 1527 2378 1591 demonstravimus,
2415 1536 2473 1579 ut
2502 1528 2685 1580 statim
2717 1528 2786 1579 ab
2816 1526 2969 1578 initio
3002 1526 3277 1593 ingressus
3304 1523 3425 1578 reli-

1862 1618 2072 1687 gionis,
2111 1619 2179 1671 ab
2216 1619 2363 1671 muni
2412 1620 2533 1687 gula
2575 1629 2627 1673 et
2670 1633 2803 1671 vana
2847 1618 3013 1685 gloria
3055 1630 3424 1685 repurgemur.

1866 1710 1967 1765 Sed
2001 1720 2177 1766 tamen
2210 1726 2277 1765 ne
2310 1727 2403 1780 per
2432 1712 2653 1766 delicias
2686 1723 2737 1765 et
2763 1713 2948 1763 luxum
2979 1710 3205 1763 velimus
3234 1718 3424 1760 vanam

1868 1804 2093 1873 gloriam
2121 1818 2429 1873 oppugnare
2459 1823 2470 1856 :
2520 1818 2643 1855 nam
2680 1805 2792 1869 ipsa
2829 1803 3051 1855 victoria
3081 1801 3148 1854 de
3177 1801 3296 1868 gula
3333 1815 3425 1853 va-

1867 1910 1988 1949 nam
2021 1895 2243 1964 gloriam
2297 1895 2348 1947 in
2385 1896 2451 1948 iis
2488 1896 2579 1963 qui
2629 1895 2805 1948 adhuc
2854 1894 3014 1946 rudes
3062 1904 3224 1956 sunt,
3268 1891 3419 1959 parit.

1860 1988 1959 2042 Per
1986 1988 2217 2041 inediam
2250 1989 2426 2057 potius
2463 1998 2646 2043 contra
2682 1988 2825 2040 illam
2857 1986 3210 2039 decertemus.
3244 1984 3428 2037 Veniet

1858 2081 2001 2133 enim
2055 2080 2221 2141 hora,
2270 2091 2324 2133 et
2369 2095 2511 2134 nunc
2558 2088 2646 2151 est
2683 2079 3020 2142 volentibus,
3071 2087 3127 2130 ut
3170 2076 3427 2131 Dominus

1860 2169 1999 2224 haue
2030 2186 2246 2240 quoque
2276 2172 2530 2239 subjiciat
2564 2171 2790 2239 pedibus
2822 2170 3042 2223 nostris.
3081 2167 3195 2222 Non
3225 2167 3425 2221 eisdem

1852 2261 2079 2329 juvenes
2112 2278 2174 2316 ac
2209 2278 2366 2317 senes
2395 2278 2517 2317 cum
2545 2261 2609 2314 ad
2646 2262 2957 2331 religionem
2990 2260 3252 2315 accedunt
3285 2258 3426 2311 vitiis

1855 2365 2251 2423 oppugnantur.
2292 2354 2443 2424 Saepe
2483 2356 2539 2424 lit
2576 2365 2635 2408 ut
2696 2355 2852 2423 plane
2893 2351 3181 2408 contrariis
3227 2352 3429 2405 morbis

1857 2447 2127 2503 laborent.
2156 2449 2496 2519 Quapmpter
2525 2451 2701 2509 beata,
2733 2450 3038 2516 itermuque
3064 2448 3214 2500 beata
3246 2446 3416 2498 lunni-

1856 2532 2017 2603 litas,
2064 2540 2209 2607 quod
2261 2550 2369 2593 tam
2414 2540 2707 2608 juvenibus
2754 2554 2913 2607 quam
2964 2538 3187 2592 senibus
3237 2550 3425 2590 secura

1857 2639 2113 2698 tutaque,
2150 2642 2203 2685 et
2231 2646 2354 2699 qua:
2389 2632 2442 2684 in
2467 2632 2735 2700 cujusque
2762 2630 3018 2685 facultate
3059 2630 3159 2682 sita
3200 2628 3299 2690 sit,
3337 2626 3431 2679 fiat

1858 2722 2195 2790 pteuitentia.
2226 2719 2341 2777 Non
2368 2732 2418 2777 te
2448 2724 2727 2791 perturbet
2758 2721 2807 2775 id
2839 2720 2983 2790 quod
3012 2721 3257 2773 dicturus
3280 2734 3424 2773 sum.

1860 2814 1998 2867 Sunt
2043 2815 2237 2869 anima:
2276 2830 2588 2884 quanquam
2635 2814 2928 2868 admodum
2970 2828 3142 2873 rara:,
3187 2818 3313 2865 sunt
3349 2820 3431 2863 ta-

1857 2921 1981 2961 men
2014 2916 2172 2963 recta:
2203 2916 2256 2960 et
2284 2906 2354 2961 ab
2379 2906 2527 2961 omni
2558 2907 2761 2961 malitia
2800 2907 3030 2971 alieme,
3068 2895 3431 2959 simulationis

1858 3009 1913 3054 et
1942 2999 2078 3053 artis
2124 2999 2308 3055 omnis
2352 3000 2597 3054 subdola:
2629 3010 2911 3068 expertes,
2950 3014 3073 3067 quae
3112 2997 3327 3066 penitus
3364 2996 3434 3048 ab

1857 3092 2006 3146 omni
2041 3093 2164 3146 vitae
2199 3092 2823 3153 communisconsortio
2846 3100 2900 3145 et
2933 3083 3211 3146 societatc'
3229 3089 3429 3142 abhor-

2837 3191 3035 3237 secuta:
3088 3188 3315 3249 possunt
3366 3194 3431 3233 ex

1857 3274 2040 3344 quieta
2086 3283 2139 3329 et
2179 3276 2423 3329 solitaria
2460 3274 2603 3338 vita,
2656 3283 2921 3342 tauquam
2971 3289 3002 3328 ο
3035 3281 3195 3342 portu
3236 3271 3433 3326 coalum

1858 3365 2223 3421 conscendere
2249 3404 2266 3430 ,
2314 3375 2369 3421 et
2412 3382 2442 3421 a
2482 3365 2806 3420 tumultibus
2852 3376 3012 3433 atque
3050 3363 3270 3419 oﬂ‘cusis
3313 3364 3436 3415 vitae

1861 3440 2159 3526 (quamvis
2220 3456 2532 3527 religiosae)
2584 3455 2893 3511 communis
2949 3463 3170 3515 tamen,
3237 3453 3434 3505 intacta

1860 3559 1916 3606 et
1973 3550 2233 3605 intentata
2296 3552 2610 3622 persistere.
2664 3549 2962 3614 Lascivos,
3002 3549 3214 3613 homo;
3276 3547 3439 3614 mali;
3495 3595 3501 3604 ,

1861 3658 2035 3713 gnos,
2090 3645 2355 3713 angelus;
2427 3644 2693 3711 superbos
2728 3682 2742 3704 ,
2814 3643 2955 3695 Deus
3017 3656 3211 3694 sanare
3272 3638 3429 3691 solet.

1858 3734 2022 3804 385
2061 3732 2151 3788 Sit.
2173 3734 2402 3788 fortasse
2432 3742 2486 3787 et.
2521 3734 2634 3786 haec
2678 3747 2785 3785 nou
2832 3746 2958 3784 raro
2997 3730 3205 3799 species
3255 3729 3433 3797 aliqua

1862 3822 2166 3888 charitatis,
2201 3835 2327 3875 cum
2366 3820 2521 3874 alteri
2550 3820 2616 3873 ad
2642 3834 2747 3873 nos
2776 3818 3010 3871 venienti
3046 3816 3430 3885 permittimus,

1861 3910 2126 3981 quidquid
2161 3911 2309 3975 velit,
2342 3910 2541 3976 facere,
2580 3924 2797 3965 omnem
2830 3895 3046 3962 interim
3082 3908 3157 3962 illi
3199 3908 3433 3962 benevo-

1862 4000 2083 4054 lentiam
2130 4011 2185 4055 et
2219 3999 2546 4054 hilaritatem
2602 3997 2935 4052 exhibendo.
2986 3996 3105 4063 Qua
3156 3997 3210 4051 in
3260 4013 3318 4050 re
3356 3997 3437 4049 vi-

1824 4132 1830 4138 .
1863 4089 2093 4145 dendqu
2124 4090 2397 4160 quomodo
2434 4099 2489 4144 ct
2517 4098 2815 4160 quatenus,
2843 4084 2901 4143 et
2931 4088 3175 4155 quando,
3215 4096 3267 4140 et
3305 4100 3433 4139 num

1862 4183 2203 4255 paenitentia,
2231 4182 2694 4255 quemadmodum
2739 4182 2903 4243 mala,
2947 4181 3017 4232 ita
3052 4188 3107 4235 et
3136 4179 3295 4239 bona,
3322 4177 3436 4232 dis-

1864 4276 2074 4331 solvere
2124 4290 2217 4331 seu
2274 4287 2625 4342 corrumpere
2666 4271 2877 4341 possit?
2929 4268 3094 4322 Multa
3150 4267 3433 4335 prudentia

1863 4383 2001 4439 opus
2028 4377 2131 4432 est,
2164 4353 2225 4421 ut
2263 4366 2652 4433 intelligamus,
2693 4360 2913 4430 quando
2943 4359 3099 4412 nobis
3127 4358 3433 4413 subsisten-

177 4452 353 4547 ποὺς,
418 4486 512 4538 καὶ
552 4489 695 4540 ποῖοι
753 4452 1000 4561 eos»:
1014 4452 1160 4562 {iis}
1174 4452 1761 4566 ’ἀὲὲξὲάῇνζᾶιίῗῖιῖη

1865 4459 1995 4515 dum
2036 4459 2127 4520 ait,
2155 4466 2210 4512 et
2234 4458 2301 4510 in
2330 4454 2531 4524 quibus
2577 4452 2778 4522 praeliis
2828 4460 2882 4505 et
2921 4464 3204 4520 quousque
3242 4459 3435 4505 contra

1906 4544 1991 4566 ⁹ι⁶λ
2023 4563 2119 4566 "Nu
2194 4546 2471 4566 ----ι--.ε--ι-
2543 4553 2590 4566 ,Α
2647 4542 2886 4566 r-_.:.-...
2946 4543 3288 4566 ι-.,ι,,,,ι,.....
3356 4551 3432 4566 Α-.

176 4576 567 4648 θαμϐηθῶμεν
622 4581 680 4634 ἐν
738 4582 817 4655 τῷ
844 4584 1042 4656 σταδίῳ
1098 4587 1156 4638 ἐν
1183 4587 1486 4657 προοιμίοις
1539 4588 1764 4652 ἑαυτοὺς

176 4667 640 4740 ἔμπαθεστέρους
685 4673 784 4742 τῆς
835 4675 894 4728 ἐν
940 4675 1020 4746 τῷ
1065 4674 1451 4746 κόσμῳιὴμῶν
1489 4675 1764 4747 διαγωγῆς

172 4758 451 4830 ὁρῶντες.
495 4764 589 4818 Δεῖ
629 4763 738 4834 γάρ
779 4765 849 4819 τὰ
892 4766 1041 4820 αττια
1090 4766 1267 4820 πάντα
1303 4764 1607 4835 κινηθῆναι.
1650 4761 1763 4819 Εἶθ’

172 4845 373 4911 οὕτως
410 4847 507 4920 τὴν
554 4850 744 4919 ὑγείαν
783 4853 1363 4925 ἡμῖν-προσγενέσθαι,
1404 4853 1455 4906 εί
1495 4852 1589 4906 καὶ
1624 4853 1765 4924 τάχα

173 4954 299 4990 που
323 4937 390 4991 τά
419 4937 583 5011 θηρία
614 4943 968 5012 κρυπτόμενα
996 4946 1096 4997 οὐκ
1128 4942 1431 5001 ἐϐλέποντο.
1470 4943 1598 4996 Ὀτι
1622 4945 1766 4999 κατά

172 5041 321 5076 τινα
351 5024 621 5094 σύμϐασιν
654 5028 840 5083 λοιπὸν
870 5032 918 5083 οί
952 5033 1248 5103 τελειότητι
1277 5030 1684 5102 πλησιάζοντες,
1707 5033 1765 5087 έν

170 5130 304 5167 τινι
365 5115 507 5189 ψιλῷ
551 5122 667 5183 τοῖς
717 5121 935 5193 δαίμοσι
984 5124 1258 5197 ἡττηθῶσι
1282 5162 1297 5188 ,
1347 5124 1497 5196 πάσῃ
1551 5128 1763 5197 μηχανῇ

171 5205 439 5277 χρῶνται
469 5212 745 5282 συντόμως
784 5213 941 5268 τοῦτο
966 5215 1025 5283 ἐξ
1062 5215 1242 5269 αὐτῶν
1272 5199 1764 5271 ἑκατονταπλάσιον

102 5300 111 5308 '
173 5298 652 5367 ἀφαρπάσασθαι.
691 5305 902 5377 Ὠσπερ
932 5308 984 5361 οί
1010 5307 1203 5379 ἄνεμοι
1226 5305 1359 5377 (28),
1389 5300 1518 5360 ποτὲ
1545 5306 1643 5376 μὲν
1664 5306 1765 5378 τὴν

172 5388 489 5461 ἐπιστολὴν,
542 5392 635 5448 διὰ
680 5396 743 5449 τὸ
789 5398 1058 5469 γαληνὸν,
1109 5398 1238 5452 ποτέ
1264 5397 1322 5450 δὲ
1357 5395 1447 5450 τὸν
1475 5394 1637 5466 βυθὸν
1664 5398 1764 5468 τῆς

178 5479 213 5532 θ
230 5475 486 5545 πλάσσης
506 5481 794 5549 ταράττειν
810 5484 1085 5539 εἰώθασινο
1116 5484 1288 5547 οὕτως
1314 5501 1403 5553 μοι
1429 5482 1539 5537 νόει
1562 5484 1657 5538 καὶ
1671 5485 1764 5538 ἐπὶ

171 5566 314 5622 τῶν
350 5568 637 5622 σκοτεινῶν
668 5572 908 5641 ἀνέμων,
953 5575 1061 5632 τῶν
1102 5576 1200 5647 μὲν
1228 5574 1338 5645 γάρ
1379 5573 1641 5646 ἐμπαθῶν
1670 5575 1765 5630 αὺ-

172 5679 215 5716 τ
244 5675 303 5730 ιν
338 5655 438 5726 τὴν
471 5658 569 5728 τῆς
605 5662 829 5731 καρδίας
856 5667 1106 5739 αἴσθησιν
1136 5666 1424 5737 ταράσσειν
1450 5664 1722 5734 πεφύκασι
1747 5683 1760 5697 ’

172 5750 315 5822 τῷν
353 5748 409 5804 δὲ
451 5749 550 5822 ήδη
593 5753 1002 5825 προκοψάντων,
1049 5759 1144 5828 τὴν
1188 5756 1453 5827 ἐπιπολὴν
1488 5756 1580 5811 τοῦ
1626 5758 1759 5822 νοός.

1835 4544 2156 4613 ,νίιίοι-υιη-
2193 4546 2474 4601 materiam
2538 4553 2595 4598 et
2647 4542 2889 4599 fomitem
2946 4543 3291 4607 luctandum;
3353 4551 3436 4595 est
3511 4579 3518 4586 .

1833 4690 1839 4696 .
1869 4642 2014 4697 enim
2044 4654 2191 4705 cum,
2216 4647 2435 4709 propter
2464 4636 2887 4692 imbecillitatem
2919 4646 3182 4697 nostram,
3216 4650 3283 4688 ne
3312 4647 3437 4687 suc-

1870 4732 2191 4795 cumbamus
2217 4739 2271 4785 et
2304 4730 2626 4794 moriamur,
2656 4739 2880 4799 praestat
2905 4728 3107 4800 fugere.
3146 4725 3435 4779 Videamus

1862 4828 1924 4881 et
1957 4823 2305 4879 advertamus
2354 4822 2612 4894 (fortasse
2643 4822 2787 4878 enim
2831 4830 2887 4877 et
2925 4834 3029 4876 suo
3072 4826 3311 4887 tempore
3341 4829 3435 4886 per

1871 4916 2285 4972 amaritudinem
2349 4913 2421 4970 fel
2476 4898 2769 4971 exhaurire
2807 4908 3151 4984 possumus),
3210 4908 3434 4979 quinam

1869 5008 2173 5063 daemonum
2213 5021 2316 5063 nos
2363 5007 2418 5062 in
2466 5007 2776 5078 superbiam
2808 5002 3092 5067 extollant,
3122 5000 3215 5072 qui
3255 4992 3436 5071 depri-

1871 5108 2042 5163 mant,
2072 5099 2165 5170 qui
2208 5100 2377 5156 duros
2426 5099 2674 5163 reddant,
2713 5097 2808 5167 qui
2844 5094 3195 5151 consolentur
3239 5106 3292 5147 et
3322 5094 3434 5163 pal—

1870 5200 2020 5263 pent,
2054 5193 2146 5263 qui
2176 5193 2430 5247 tenebras
2452 5191 2609 5247 nobis
2640 5188 2941 5252 oﬂ'undant,
2978 5186 3182 5257 quique
3214 5200 3433 5242 rursum

1874 5280 2155 5341 illustrare
2188 5301 2248 5342 se
2282 5287 2506 5356 ﬁngant,
2554 5283 2651 5355 qui
2691 5282 2936 5352 stupidos
2990 5290 3045 5337 et
3072 5282 3311 5344 hebetes,
3339 5279 3433 5346 qui

1872 5382 2099 5436 solertes
2136 5391 2190 5436 et
2230 5381 2491 5437 subdolos
2526 5378 2748 5449 faciant,
2778 5378 2871 5447 qui
2903 5378 3126 5433 tetricos
3154 5385 3207 5429 et
3230 5374 3432 5434 tristes,

1870 5474 2074 5545 quique
2117 5474 2318 5529 hilares
2362 5488 2463 5528 uos
2508 5471 2761 5527 eﬂiciaut.
2801 5469 2941 5524 Nihil
2973 5485 3072 5523 uos
3121 5466 3300 5520 turbet
3341 5475 3437 5518 aut

1872 5577 2230 5633 commoveat,
2282 5566 2502 5637 quando
2545 5565 2599 5619 in
2649 5564 2899 5634 religiosi
2948 5560 3101 5616 stadii
3161 5557 3431 5626 ingressu,
3477 5610 3481 5614 .

1872 5675 1967 5715 seu
2009 5652 2235 5716 exurdio
2280 5659 2547 5729 religiosa:
2576 5656 2698 5710 vita:
2736 5660 2835 5712 uos
2869 5654 3038 5722 magis
3066 5648 3274 5704 vitiosis
3300 5649 3432 5704 alic-

1872 5752 2051 5811 ctibus
2081 5751 2385 5823 perturbari
2430 5750 2716 5811 sentimus,
2756 5759 2919 5816 quam
2972 5759 3093 5799 eum
3140 5741 3193 5796 iu
3237 5742 3434 5800 sicctilo
