4216 6458
746 365 887 424 1οἷ5
2004 366 2066 425 S.
2100 364 2419 426 JOANNIS
2442 366 2753 430 CLIMACI
3842 365 3995 432 10Ἷὸ

741 476 1083 541 degeremus.
1119 470 1397 527 Movenda
1421 473 1564 527 enim
1599 482 1729 527 sunt
1758 472 1912 543 prius
1943 486 2135 528 omnes
2167 489 2315 529 mor--
2346 483 2384 538 Α

2350 483 2384 538 Α
2417 478 2509 531 Διὸ
2536 494 2680 534 ουτοι
2713 477 2807 531 καί⁵
2841 477 3036 532 θᾶττον
3063 477 3161 547 τῆς
3198 480 3405 541 οἰκειας
3442 476 3685 547 γαλήνης
3732 475 4015 531 ἱπαισθὰ·

741 564 937 618 horum
970 580 1170 629 causai,
1218 573 1383 634 atque
1430 564 1503 618 ita
1537 565 1753 619 deiunm
1793 564 2001 620 sanitas
2048 565 2309 619 curanda.

2419 585 2621 634 νονται,
2655 568 2955 639 ἀμολύντου
2995 568 3367 638 διαμινάσης.
3399 566 3634 621 Τελείων
3674 566 3735 620 τὸ
3765 566 4013 635 ἐπιγνῷ-

742 656 913 711 Antea
956 657 1099 711 enim
1145 655 1386 712 fortasse
1425 657 1681 710 vitiorum
1738 665 1982 711 monstra
2036 656 2314 712 recondita

2420 675 2509 711 ναι
2540 659 2627 713 ἀεὶ
2658 659 2717 712 ὲν
2738 661 2805 730 τῇ
2835 658 3004 730 ψυχῇ,
3046 660 3171 713 ποία
3220 659 3321 728 μὲν
3368 657 3464 711 τοῦ
3504 658 3827 721 συνειδότος,
3867 657 4014 711 πτοία

742 764 849 802 non
881 749 1266 803 cernebantur.
1312 748 1539 815 Quando
1571 749 1628 812 ii,
1679 748 1772 819 qui
1802 749 1915 819 jam
1948 751 2089 803 haud
2124 748 2313 819 procul

2419 750 2475 802 δὲ
2508 749 2664 813 Θεοῦ,
2712 751 2805 804 καὶ
2851 750 2981 805 ποία
3015 750 3285 821 δαιμόνων
3326 750 3523 804 ἔννοια.
3554 750 3630 803 Οὐ
3663 750 3770 819 γὰρ
3819 749 4012 801 πάντα

742 855 770 892 a
808 839 1144 908 perfectione
1189 841 1408 905 absunt,
1452 840 1638 910 aliquo
1668 856 1801 895 casu
1834 840 1886 893 in
1929 840 2132 894 leviore
2158 840 2313 908 lapsu

2422 838 2642 891 ἐναντία
2687 839 2751 891 ὲκ
2780 840 3082 909 προοιμίων
3121 839 3468 893 ὑποτίθενται
3501 840 3551 892 οί
3597 839 3871 910 δαίμονες.
3900 838 4010 901 Διῦ

740 945 771 983 a
798 929 1141 986 daemonibus
1166 931 1291 985 victi
1323 929 1546 993 fuerint,
1572 932 1720 985 omni
1750 944 1865 985 arte
1902 938 2125 985 utantur
2152 929 2318 1001 383

1797 944 1865 985 rte
1902 938 2125 985 utantur
2152 929 2318 1001 386
2424 926 2518 981 καὶ
2560 928 2834 981 σκοτεινὸν
2862 929 3030 993 ὅντως
3061 929 3121 982 τὸ
3152 930 3462 1001 πρόϐλημα.

739 1030 798 1073 ιιι
847 1021 1252 1090 quamprimum
1309 1036 1375 1075 ex
1441 1021 1547 1076 illis
1587 1021 1942 1093 centuplicem
2010 1020 2243 1074 fructum
2300 1018 2420 1088 (per
2472 1018 2891 1086 paenitentiam,
2931 1031 2984 1073 et
3028 1020 3247 1074 meliora
3303 1019 3652 1089 praestando)
3719 1017 4003 1072 auferant.

745 1112 1220 1177 Quemadmodum
1273 1115 1419 1169 venti
1488 1129 1633 1170 nunc
1688 1124 1908 1185 propter
1981 1114 2325 1169 serenitatem
2366 1112 2611 1182 crispare
2670 1112 2935 1170 duntaxat
2963 1123 3173 1185 tergum
3217 1115 3386 1170 maris
3430 1115 3627 1180 solent,
3663 1129 3807 1167 nunc
3867 1128 4010 1167 vero

742 1205 851 1258 ima
876 1204 1015 1259 vada
1058 1221 1404 1262 commovere
1447 1217 1502 1263 et
1544 1208 1910 1278 perturbare:
1944 1208 2017 1262 ita
2058 1208 2192 1261 mihi
2232 1204 2412 1275 cogita
2450 1204 2520 1261 de
2585 1206 2809 1273 ventris,
2848 1208 2951 1261 hoc
3024 1217 3128 1274 est,
3187 1207 3324 1262 atris
3383 1206 3775 1276 COgitationum
3822 1205 4009 1259 turbi-

744 1297 910 1355 nibus
964 1314 1057 1354 seu
1108 1299 1360 1369 ﬂatibus;
1402 1316 1591 1358 eorum
1641 1302 1885 1372 quidem,
1928 1303 2023 1372 qui
2066 1302 2423 1372 cupiditatum
2462 1302 2965 1371 perturbationibus
3021 1303 3243 1358 obnoxii
3284 1311 3432 1367 sunt,
3496 1302 3673 1372 ipsum
3740 1301 4006 1354 intimum

745 1391 931 1447 cordis
974 1406 1196 1447 sensum
1238 1407 1535 1448 consuesse
1582 1394 1939 1462 perturbare;
1990 1394 2188 1448 horum
2234 1401 2414 1446 autem
2446 1392 2537 1461 qui
2569 1392 2682 1463 jam
2742 1392 3092 1464 profecerunt
3161 1393 3217 1448 in
3271 1392 3526 1463 religiosa
3587 1392 3720 1455 vita,
3777 1405 4007 1444 summa

746 1494 962 1539 tantum
1007 1487 1207 1543 mentis
1249 1489 1614 1558 perstringere
1653 1488 1851 1545 solere.
1896 1487 2239 1559 Quapropter
2282 1486 2338 1540 hi
2373 1486 2536 1541 citius
2584 1486 2652 1541 ad
2694 1504 2850 1543 suam
2912 1487 3079 1542 animi
3121 1488 3570 1557 tranquillitatem
3613 1485 3839 1538 redeunt
3873 1497 4011 1551 quae

748 1580 898 1634 nulla
957 1581 1216 1637 vitiorum
1291 1583 1413 1639 labe
1469 1583 1574 1638 fuit
1643 1599 1886 1655 aspersa.
1945 1582 2320 1638 Perfectorum
2359 1596 2523 1651 porro
2556 1593 2639 1636 est
2675 1596 3008 1651 cognoscere
3051 1596 3267 1650 semper
3295 1582 3349 1635 in
3393 1580 3598 1641 anima,
3666 1591 3787 1647 qua:
3848 1576 4008 1645 cogi-

746 1673 981 1730 tationes
1027 1675 1138 1730 sint
1179 1677 1414 1745 propriae
1464 1677 1835 1742 conscientiae,
1876 1692 1998 1747 quae
2038 1678 2154 1743 Dei,
2207 1689 2329 1746 quae
2360 1674 2692 1731 daemonum.
2726 1676 2910 1747 Neque
2939 1678 3084 1731 enim
3139 1677 3415 1730 daemones
3478 1672 3664 1728 omnia
3718 1670 4005 1727 contraria

744 1781 775 1819 a
828 1767 1103 1836 principio
1164 1772 1350 1823 statim
1412 1781 1728 1841 suggerunt.
1796 1772 2035 1829 Proinde
2087 1781 2202 1828 tota
2259 1784 2347 1825 res
2381 1769 2496 1825 haec
2518 1786 2708 1825 revera
2738 1771 3083 1841 deprehensu
3108 1779 3193 1827 est
3222 1769 3483 1825 diﬂicilis.

816 1856 1060 1913 Duorum
1099 1860 1385 1916 oculorum
1415 1877 1581 1918 sensu
1627 1865 1931 1921 illustratur
1961 1880 2162 1935 corpus
2191 1882 2206 1921 :
2236 1864 2318 1919 iu-
2349 1870 2391 1925 Β

2349 1870 2391 1925 Β
2501 1863 2591 1916 Ἐν
2616 1863 2770 1917 δυσὶν
2804 1864 2872 1934 ὖμ
2884 1880 3048 1934 μασιν
3078 1862 3356 1933 αἰσθητοῖς
3386 1859 3679 1929 φωτίζεται
3714 1856 3774 1910 τὺ
3807 1854 3997 1926 σῶμα,

744 1949 1003 2019 telligenti
1034 1967 1167 2006 vero
1203 1963 1257 2008 et
1290 1956 1607 2023 aspectabili
1641 1956 1967 2013 discretione
1998 1957 2316 2013 illuminan-

744 2050 835 2096 tur
867 2043 1010 2098 oculi
1043 2045 1225 2101 cordis

968 2155 1259 2217 SCIlOLlA
1312 2160 1407 2214 AD
1452 2161 1738 2218 GRADUM
1776 2163 2086 2222 EUMDEM.

1366 2321 1612 2375 bcnolion
1653 2325 1699 2377 1.

817 2427 1091 2496 Permisti,
1125 2434 1266 2501 quod
1314 2444 1397 2488 est
1430 2434 1607 2489 facere
1642 2436 1840 2489 bonum
1873 2453 1996 2492 cum
2039 2437 2315 2507 proposito

746 2521 907 2575 malo.

1254 2616 1503 2672 Scholion
1534 2618 1713 2674 Isaaci
1754 2622 1805 2674 2.

817 2704 1051 2772 Quando
1081 2708 1164 2764 vis
1207 2710 1477 2779 auspicari
1525 2726 1663 2781 Opus
1699 2712 1816 2778 Dei,
1862 2715 2097 2783 primum
2142 2714 2318 2771 conde

748 2808 1134 2856 testamentum
1171 2811 1430 2873 tanquam
1474 2807 1797 2874 moriturus,
1828 2818 1923 2862 aut
1969 2808 2149 2878 pOtius
2196 2816 2317 2862 tan-

745 2907 910 2960 quam
959 2903 1233 2960 mortuus,
1285 2897 1401 2952 sive
1448 2905 1705 2968 tanquam
1747 2898 1943 2969 aliquis
1974 2908 2199 2970 paratus
2248 2898 2316 2955 ad

744 2993 1001 3049 mortem,
1050 2994 1105 3041 et
1147 2987 1239 3056 qui
1271 2988 1416 3043 velut
1448 2989 1633 3060 elapso
1667 2990 1781 3060 jam
1822 2991 2034 3047 vivendi
2078 3002 2318 3063 tempore

746 3077 1050 3145 desperarit
1091 3080 1284 3134 vitam.
1341 3081 1405 3136 Et
1460 3083 1565 3136 hoc
1617 3082 1845 3137 ﬁrmiter
1892 3092 2149 3153 tanquam
2200 3100 2315 3140 rem

2418 1954 2516 2008 καὶ
2542 1956 2601 2009 ἐν
2630 1957 2813 2025 νοητῇ,
2842 1956 2934 2008 καί
2964 1955 3134 2026 ὁρατῇ
3160 1953 3429 2025 διακρίσει
3449 1950 3718 2022 ὀφθαλμοὶ
3735 1949 3833 2019 τῆς
3858 1965 4007 2020 καρ-

2417 2046 2536 2112 δίας
2565 2048 2998 2119 λαμπρύνονται.
3646 2036 3653 2059 ⁸

2734 2158 2986 2217 ΣΧΟΛῙΔ
3025 2160 3133 2213 ΕΙΣ
3168 2159 3300 2214 AOf
3303 2157 3395 2213 ON
3420 2154 3674 2211 ΑΥΤΟΝ.

3051 2315 3312 2384 Σχόλιον
3337 2321 3407 2368 α’.

2489 2430 2596 2483 Τοῦ
2627 2430 3095 2501 συγκεκραμένου,
3128 2431 3296 2501 ήγουν
3327 2427 3422 2481 τοῦ
3458 2426 3748 2497 ὲπιμίκτου
3770 2466 3786 2491 ,
3815 2426 3845 2479 ὅ
3874 2426 4004 2480 ἐστι

2419 2524 2643 2594 ποιῆσαι
2673 2521 2838 2576 καλὸν
2865 2524 2926 2575 ὲν
2954 2520 3112 2593 κακῷ
3146 2520 3353 2591 σκοπῷ.

2909 2616 3170 2684 Σχόλιον
3204 2611 3413 2667 Ἰσαὰκ
3448 2610 3515 2682 β’.

2491 2708 2661 2761 Ὅταν
2691 2707 2868 2772 θέλεις
2903 2706 3087 2777 βαλεῖν
3112 2705 3288 2777 ἀρχὴν
3305 2705 3387 2768 είς
3417 2704 3556 2774 ἔργα
3586 2700 3751 2767 Θεοῦ,
3774 2699 4007 2770 πρῶτον

2416 2803 2679 2875 διαθήκην
2703 2802 2952 2874 ποίησον,
2988 2802 3067 2867 ὡς
3091 2802 3166 2874 μή
3191 2800 3330 2871 ἔχων
3355 2797 3500 2868 ζωὴν
3515 2798 3575 2860 ὲν
3602 2795 3735 2866 τῷδε
3759 2795 3837 2864 τῷ
3856 2794 3969 2864 βίῳ
3988 2811 4004 2828 ο

2418 2894 2607 2967 ὥσπερ
2638 2912 2724 2959 τις
2762 2892 3257 2967 προευτρεπισθεὶς
3294 2891 3375 2954 είς
3404 2890 3655 2953 θάνατον,
3696 2888 3787 2939 καὶ
3820 2884 4005 2939 ἀπελ-

2417 2988 2587 3051 πίσας
2626 2987 2725 3059 τὴν
2756 2986 2923 3057 ζωὴν,
2966 2986 3043 3049 ὡς
3077 2984 3361 3055 φθασάσης
3401 2983 3502 3052 τῆς
3533 2978 3867 3051 προθεσμίας
3905 2977 4007 3031 τὸν

2418 3081 2630 3151 καιρὸν,
2664 3080 2760 3134 καὶ
2788 3079 2946 3134 τοῦτο
2985 3078 3076 3149 ἔχε
3117 3077 3177 3130 ὲν
3220 3075 3450 3146 ἀληθείᾳ
3475 3075 3534 3127 ὲν
3566 3075 3634 3144 τῇ
3660 3069 3868 3140 διανοίᾳ
3900 3086 4005 3123 σου

746 3176 953 3221 certam
990 3171 1218 3239 concipe
1263 3172 1448 3228 animo
1493 3180 1610 3239 tuo,
1648 3189 1714 3227 ne
1752 3188 1849 3243 spe
1892 3174 2001 3229 vita
2030 3176 2317 3245 praesentis
2344 3218 2384 3245 ι,

2344 3218 2384 3245 ί,
2420 3174 2499 3237 εἰς
2530 3173 2591 3225 τὸ
2618 3173 2693 3243 μὴ
2722 3168 3115 3241 ὲμποδισθῆναί
3154 3185 3209 3222 τι
3232 3169 3300 3238 τῇ
3344 3164 3522 3219 ἑλπίδι
3566 3163 3665 3233 τῆς
3712 3160 4007 3232 παρούσης

746 3257 911 3329 387
945 3259 998 3313 in
1047 3261 1189 3316 lucta
1236 3272 1291 3316 et
1320 3264 1547 3317 victoria
1599 3264 1929 3334 acquirenda
1979 3264 2316 3334 impediaris.

749 3345 886 3417 Spes
914 3348 1060 3404 enim
1084 3351 1208 3406 vitae
1238 3350 1403 3421 hujus
1428 3352 1582 3406 inflat
1604 3358 1835 3408 mentem
1868 3364 1924 3409 et
1954 3355 2217 3410 exinanit.

1363 3442 1611 3498 Scholion
1647 3444 1699 3500 '5.

818 3531 943 3589 Sive
974 3532 1030 3587 in
1059 3533 1417 3605 beneplacitis
1447 3537 1561 3592 suis
1593 3548 1648 3592 et
1669 3539 2059 3596 voluntatibus.

1443 3674 1628 3730 Aliud.

815 3762 1080 3829 Quamvis
1115 3765 1321 3821 dictum
1359 3764 1463 3820 hoc
1504 3765 1830 3835 generaliter
1875 3780 1906 3821 a
1947 3766 2208 3837 propheta
2236 3766 2322 3821 di-

748 3864 892 3909 ctum
925 3856 1016 3922 sit,
1049 3866 1230 3911 tamen
1274 3857 1555 3927 aptissime
1585 3873 1614 3912 a
1643 3857 1897 3931 religioso
1928 3866 2081 3932 patre
2104 3872 2319 3914 assum-

743 3958 895 4021 ptum
928 3958 1031 4006 est.

1438 4045 1618 4101 Aliud.

814 4132 1121 4191 Obscurum
1153 4146 1207 4190 et
1236 4136 1633 4197 tenebricosum
1665 4145 1786 4191 εει-

1357 4226 1603 4281 Scholion
1642 4228 1694 4281 4.

817 4315 892 4371 De
940 4317 1063 4383 hoc,
1104 4316 1388 4386 quomodo
1433 4317 1811 4388 cognoscenda
1849 4328 1901 4373 et
1940 4318 2314 4390 investiganda

745 4413 817 4466 sit
846 4410 1095 4466 voluntas
1119 4408 1266 4467 Jesu.

1359 4503 1608 4562 Scholion
1648 4505 1700 4559 5.

812 4594 1142 4662 Perfectum,
1179 4610 1287 4651 non
1326 4606 1384 4652 ut
1426 4596 1633 4651 humile
1669 4604 1903 4661 tantum,
1943 4595 2037 4650 sed
2066 4605 2121 4652 et
2155 4610 2314 4652 secu-

739 4703 861 4742 rum
899 4697 955 4743 et
997 4688 1181 4743 omnis
1210 4704 1374 4743 casus
1403 4702 1618 4758 expers,
1651 4697 1713 4742 ut
1739 4688 1883 4758 quod
1921 4703 1986 4742 ex
2013 4688 2313 4743 humilitate

740 4796 847 4837 non
878 4781 993 4836 suis
1025 4781 1235 4836 viribus
1266 4782 1491 4845 nitatur,
1519 4779 1665 4849 quod
1700 4787 1785 4837 est
1812 4778 2200 4849 perfectorum.

1394 4888 1663 4946 Scholion.

809 4983 1112 5038 Contrarias
1147 4982 1242 5037 Dei
1271 4982 1559 5037 voluntati.
1584 4981 1663 5036 Ne
1695 4984 1787 5038 fiat
1811 4985 2035 5044 scilicet.
2069 4984 2223 5052 Quod
2256 4987 2311 5042 in

740 5084 926 5130 nostra
965 5084 1234 5144 potestate
1279 5084 1364 5130 est
1403 5074 1755 5144 aggredienti.
1803 5076 1929 5133 Sive
1963 5094 2071 5134 non
2117 5095 2311 5150 exspe-

740 5176 886 5224 ctato
915 5168 1118 5224 auxilio
1145 5169 1350 5224 divino.

1356 5287 1607 5341 Scholion
1641 5286 1695 5341 6.

808 5376 1047 5430 Adverte
1076 5378 1349 5445 quomodo
1396 5379 1526 5433 dum
1573 5378 1823 5433 meminit
1852 5379 1921 5433 de
1966 5380 2307 5445 educatione,

740 5469 901 5523 simul
961 5468 1273 5522 convictum
1328 5469 1561 5522 aliorum
1606 5468 1998 5537 reprehendat,
2050 5478 2307 5540 tanquam

2344 4558 2393 4616 D

2422 3262 2568 3336 ζωῆς
2610 3265 2689 3328 εἰς
2717 3264 2778 3322 τὸ
2809 3261 3183 3332 ἀγωνίσασθαι
3228 3258 3326 3312 καὶ
3353 3257 3601 3327 νικῆσαι·
3633 3256 3668 3324 ή
3694 3253 3803 3323 γὰρ
3837 3250 4007 3314 ἐλπὶς

2420 3356 2520 3425 τῆς
2549 3354 2695 3426 ζωῆς
2720 3350 2927 3426 ταύτης
2955 3354 3145 3428 χαυνοῖ
3166 3348 3266 3421 τὴν
3296 3347 3555 3402 διάνοιαν.

3020 3444 3276 3514 Σχόλιον
3308 3438 3380 3509 γ’.

2476 3537 2652 3590 -Ἥτοι
2683 3539 2803 3598 ταῖς
2830 3536 3060 3598 οἰκείαις
3100 3530 3417 3603 ἀρεσκείαις
3461 3528 3556 3583 καὶ
3596 3526 3711 3590 τοῖς
3748 3521 4007 3593 θελήμα-

2425 3646 2524 3686 σιν.

3104 3721 3303 3774 Ἄλλο.

2488 3812 2610 3866 Κᾶν
2673 3812 2733 3865 τὸ
2795 3812 2959 3883 ῥητὸν
2998 3809 3119 3866 καθ’
3164 3809 3286 3864 ὅλον
3334 3811 3462 3861 νουν
3498 3805 3713 3875 εἴρηται
3750 3797 3829 3870 τῷ
3855 3813 4009 3868 atpo-

2418 3904 2584 3976 φήτῃ,
2634 3901 2771 3955 ἀλλὰ
2813 3902 2963 3973 ὅμως
3011 3900 3108 3959 καὶ
3142 3900 3221 3972 τῷ
3263 3896 3432 3970 πατρὶ
3473 3892 3685 3966 εὐφυῶς
3729 3888 4007 3963 παρείλη-

2418 4007 2570 4047 πται.

3100 4085 3310 4139 Ἄλλο.

2488 4174 2564 4228 Τὸ
2593 4174 2991 4247 αἰνιγματῶδες
3017 4175 3113 4229 καὶ
3141 4170 3614 4244 συνεσκιασμὲνον.

3031 4265 3288 4333 Σχόλιον
3325 4261 3367 4316 δ’
3374 4303 3389 4317 .

2488 4356 2598 4410 Τοῦ
2631 4356 2745 4421 πῶς
2775 4356 2855 4410 δεῖ
2889 4357 3081 4428 μαθεῖν
3111 4355 3173 4409 τὸ
3196 4355 3290 4408 τοῦ
3335 4353 3509 4427 Ἰησοῦ
3534 4353 3767 4424 θέλημα.

3025 4538 3283 4597 Σχόλιον
3323 4542 3385 4590 ε’.
3934 4594 3935 4597 η

3112 4557 3283 4591 ολιον
3323 4557 3385 4590 ε’.

2488 4630 2729 4694 Τέλειον,
2753 4630 2827 4692 ὡς
2852 4628 2912 4682 οὐ
2938 4557 3193 4683 τατῗεῗνὺν
3223 4628 3402 4697 μόνον,
3444 4623 3580 4680 ἀλλὰ
3610 4626 3705 4677 καὶ
3747 4623 3997 4693 ἀσφαλὲς

2419 4722 2517 4777 καὶ
2551 4720 2908 4785 ἀδιάπτωτον,
2954 4718 3028 4782 ὡς
3079 4718 3153 4789 μὴ
3191 4715 3400 4787 στοιχού
3410 4732 3569 4788 μενον
3611 4716 3743 4786 παρ’
3781 4713 3997 4770 ἑαυτῶν

2416 4814 2483 4866 ὲκ
2509 4811 2894 4875 ταπεινώσεως
2918 4827 2931 4840 ο
2969 4809 3077 4863 τῶν
3106 4809 3216 4880 γὰρ
3237 4808 3457 4863 τελείων
3482 4805 3659 4863 τοῦτο.

3055 4926 3103 4977 Σ
3102 4924 3330 4992 χόλιον.

2486 5017 2596 5087 Τῆς
2643 5016 2893 5079 ἐναντίας
2941 5014 3035 5069 τοῦ
3088 5014 3391 5085 θελήματος
3436 5011 3530 5065 τοῦ
3578 5010 3714 5065 Θεοῦ
3741 5028 3756 5041 α
3788 5010 3871 5081 τῷ
3900 5010 3990 5079 ὑφ’

2415 5108 2573 5178 ήμῶν
2595 5107 2963 5179 ἐπιχειροῦντι
2991 5124 3005 5137 ·
3039 5105 3101 5159 τὸ
3145 5106 3221 5175 μὴ
3257 5105 3511 5172 γενέσθαι
3539 5102 3741 5173 δηλαδή
3773 5118 3789 5133 ο
3817 5102 3993 5171 {now

2412 5207 2479 5274 τῇ
2510 5203 2903 5275 ἀπροσδοκήτῳ
2937 5200 3219 5273 συνεργίᾳ.

3009 5313 3265 5381 Σχόλιον
3295 5318 3368 5376 ς’.

2485 5411 2628 5479 Ὅρα
2674 5409 2790 5471 πῶς
2826 5404 3136 5475 ἀνατροφῆς
3189 5404 3466 5475 μνησθεὶς,
3504 5401 3595 5455 καὶ
3619 5399 3717 5471 τὴν
3751 5417 3981 5456 συναναο

2422 5502 2664 5571 στροφὴν
2727 5501 3009 5559 αἰτιᾶται,
3075 5495 3153 5559 ὡς
3212 5495 3411 5559 κακίας
3448 5495 3719 5565 συνεργῆο
3772 5494 3845 5562 μὴ
3893 5490 3983 5546 οἶν

739 5560 1042 5628 adiutorem
1072 5558 1455 5627 improbitatis.
1476 5557 1594 5614 Non
1616 5562 1670 5613 in
1704 5560 1883 5616 medio
1906 5563 2142 5630 positum
2165 5563 2309 5617 velut

2412 5557 2703 5661 ἀδιάφορον
2729 5557 3002 5658 λεγέσθω,
3029 5557 3192 5658 μηδεν
3216 5557 3547 5658 βλάπτεσθαι
3656 5557 3763 5641 τῶν
3773 5557 3976 5651 τόσων.

739 5651 1055 5707 indiﬂ‘erens
1082 5653 1297 5708 dicatur
1328 5654 1489 5723 quasi
1531 5655 1667 5711 nihil
1698 5655 1843 5714 obsit
1872 5657 2013 5714 ratio
2040 5657 2307 5726 locorum,

744 5757 1065 5807 sermonum
1083 5755 1135 5803 et
1155 5744 1261 5802 hoc
1282 5760 1458 5819 genus
1481 5746 1606 5804 alia.

2412 5686 2444 5757 ἦ
2477 5684 2584 5740 τῶν
2612 5682 2806 5753 λόγων,
2843 5682 2876 5753 ἢ
2908 5680 3016 5737 τῶν
3035 5678 3179 5752 ἑξῆς.
