4216 6458
184 382 322 453 1085

1129 394 1358 455 SCALA
1381 396 1761 461 PARADISI.
1791 421 1860 436 -’
1887 401 2038 462 GRA
2050 402 2197 466 DUS
2227 406 2434 469 XXVI.

3284 414 3418 480 1086

250 495 439 566 Σιωπὴ
491 495 585 550 καὶ
608 497 807 568 ἡσυχία
838 500 1142 567 κενοδοξίας
1191 504 1459 576 πολέμιοι.
1491 507 1551 560 Εἰ
1572 506 1627 560 δὲ
1652 507 1746 576 μὲ-

1777 510 1819 568 A
1918 509 2203 569 Silentium
2270 524 2326 570 et
2367 515 2525 585 quies
2588 524 2717 572 sunt
2771 518 2954 577 hostes
2993 535 3145 577 vana:
3210 524 3414 594 gloriae.

180 596 273 647 σος
329 584 616 656 ὑπάρχεις,
657 586 883 657 ἀτιμίαν
908 590 1154 659 μέτελθε.

262 675 671 747 ’Υπερηφανίαν
699 681 982 752 ὁρωμένην
1022 682 1263 739 ίάσονται
1300 686 1621 758 σκυθρωπαὶ
1652 708 1752 745 κα-

174 765 498 829 ταστάσεις·
529 767 764 840 ἀόρατον
806 772 863 825 δὲ
906 774 935 826 ό
958 773 1063 843 πρὸ
1108 776 1325 831 αίώνων
1353 779 1605 851 ἀόρατος.

250 938 473 993 Πάντων
539 940 743 1012 θηρίων
808 937 1080 1016 αἰσθητῶν
1125 951 1443 1024 ἀναιρετικὴ
1528 953 1747 1024 ἔλαφος,

179 1027 386 1097 νοητῶν
413 1030 492 1097 δὲ,
528 1032 561 1103 ὴ
591 1034 943 1107 ταπείνωσις.

251 1202 466 1294 Ἐνεστι
494 1206 584 1261 διά
613 1208 723 1264 τῶν
774 1211 916 1265 κατά
953 1213 1113 1283 φύσιν
1147 1217 1364 1272 πάντων
1402 1221 1561 1292 ἡμῶν
1588 1222 1749 1294 εναρ-

174 1292 292 1361 γῶς
339 1293 407 1348 τά
438 1299 605 1368 νοητά
648 1301 1017 1359 παιδεύεσθαι.
1054 1306 1263 1379 Ὥσπερ
1315 1308 1439 1380 ὅφιν
1490 1292 1750 1366 ἀδύνατον

172 1383 277 1475 τὴν
302 1385 498 1440 ἑαυτοῦ
529 1389 867 1463 παλαιότητα
924 1396 1274 1466 ἐκδύσασθαι,
1338 1401 1414 1473 μὴ
1474 1403 1533 1455 ὲν
1589 1406 1748 1475 στενῇ

326 1477 575 1533 είσδύντα
601 1497 615 1511 ο
648 1480 821 1547 οὕτως
857 1486 950 1539 καὶ
996 1490 1144 1558 ἡμᾶς
1167 1490 1264 1555 τὰς
1314 1493 1554 1559 παλαιάς
1613 1474 1749 1568 προξ

173 1564 392 1635 λήψεις,
439 1570 534 1623 καὶ
578 1572 680 1643 τὴν
715 1575 813 1645 τῆς
857 1576 1034 1649 ψυχῆς
1094 1582 1451 1652 παλαιότητα,
1512 1587 1606 1641 καὶ
1656 1564 1750 1642 τὸν

175 1656 271 1749 τοῦ
326 1660 553 1715 παλαιοῦ
581 1663 867 1737 ἀνθρώπου
899 1670 1119 1739 χιτῶνα,
1154 1674 1215 1726 οὐ
1265 1676 1339 1745 μὴ
1368 1677 1747 1749 ἀποϐάλωμεν,

174 1748 277 1801 ἐὰν
309 1750 384 1819 μὴ
419 1753 518 1823 τῆς
548 1756 741 1827 στενῆς
786 1758 888 1829 (2),
930 1763 1023 1814 καὶ
1067 1762 1434 1837 τεθλιμμένης
1476 1748 1745 1841 νηστείας,

174 1841 275 1894 κα)⁸
315 1843 540 1913 ἀτιμίας
568 1847 686 1902 όδὸν
716 1851 1097 1924 παρέλθωμεν.

250 2012 464 2087 ’Ὥσπερ
490 2018 557 2071 τὰ
587 2018 907 2094 πολύσαρκα
953 2024 1064 2079 τῶν
1106 2026 1335 2100 ὀρνίθων
1386 2031 1466 2096 εἰς
1521 2032 1749 2104 οὐρανὸν

172 2104 510 2196 πετασθῆναι
564 2111 824 2167 ἀδύνατον
857 2115 969 2187 (5)·
1018 2117 1163 2174 οὕτω
1207 2123 1303 2175 καὶ
1350 2122 1444 2177 τὸν
1492 2124 1592 2196 τὴν
1620 2126 1747 2180 ἑαυ-

168 2194 271 2248 τοῦ
310 2198 487 2268 σάρκα
510 2201 895 2272 θεραπεύοντα.

246 2287 548 2358 Ξηρανθεὶς
593 2292 854 2366 βόρϐορος
881 2298 982 2351 οὐκ
1020 2298 1102 2353 ἔτι
1159 2297 1378 2373 χοίρους
1432 2302 1745 2375 θεραπεύει,

172 2380 273 2432 καὶ
348 2382 685 2453 μαρανθεϊσα
768 2389 907 2459 σάρξ
976 2392 1076 2447 οὑκ
1135 2391 1216 2448 ἔτι
1285 2394 1544 2466 δαίμονας
1617 2397 1749 2452 ἀνα-

172 2489 363 2529 παύει.

268 2676 480 2748 Ὠσπερ
545 2680 815 2749 σχιδάκων
895 2683 1099 2754 πλῆθος
1148 2684 1405 2749 πολλάκις
1454 2686 1746 2756 συμπνίγει

172 2764 373 2835 φλόγα,
422 2768 519 2821 καὶ
546 2770 925 2838 ἀποσϐέννυσι,
999 2774 1199 2845 πλῆθος
1263 2776 1469 2830 καπνοῦ
1516 2777 1749 2847 ἐργασάο

175 2872 376 2925 μενονο
426 2857 568 2912 οὕτω
600 2861 864 2926 πολλάκις
912 2864 1008 2917 καὶ
1053 2864 1196 2935 λύπη
1248 2868 1596 2939 ὑπέρμετρος
1644 2885 1746 2921 κα-

172 2948 366 3019 πνώδη
398 2950 491 3004 καὶ
536 2950 817 3022 σκοτεινὴν
846 2952 948 3023 τὴν
973 2953 1154 3024 ψυχὴν
1199 2957 1516 3026 ἐργάζεται,
1552 2959 1648 3012 καὶ
1687 2959 1748 3012 τὸ

175 3038 329 3109 ὕδωρ
377 3039 487 3094 τῶν
534 3040 786 3113 δακρύων
842 3043 1219 3116 ἀποξηραίνει.

248 3130 464 3202 Ὠσπερ
535 3132 730 3202 τυφλὸς
784 3132 1007 3205 τοξότης
1061 3135 1317 3208 ἀδόκιμος
1343 3154 1357 3170 ·
1406 3137 1578 3204 οὕτως
1647 3157 1747 3211 μα-

173 3222 349 3293 θητὴς
376 3223 656 3292 ἀντίλογος
688 3225 988 3280 ἀπόλλυται
1013 3226 1114 3296 (ι).

248 3312 464 3383 Ὠσπερ
498 3313 716 3384 σίδηρος
742 3315 986 3387 δόκιμος,
1047 3317 1142 3371 καὶ
1186 3318 1279 3372 τὸν
1309 3318 1569 3391 ἀδόκιμον
1626 3320 1747 3385 ὀξύ-

173 3419 265 3459 ναι
298 3402 520 3457 δύναται
548 3420 564 3437 ο
624 3404 796 3469 οὕτως
849 3405 1076 3476 ἀδελφὸς
1102 3408 1381 3481 πρόθυμος
1432 3411 1526 3465 τὸν
1583 3409 1749 3483 ῥᾴθυ-

177 3512 287 3566 μον
332 3494 593 3559 πολλάκις
628 3496 854 3553 εσωσεν.

247 3584 560 3656 Ὠσπερτά
586 3587 669 3641 ὼά
706 3589 764 3641 ἐν
822 3590 1010 3660 κόλπῳ
1056 3590 1373 3663 θαλπόμενα
1420 3594 1748 3664 ζωογονοῦνο

172 3695 271 3735 ται
307 3677 387 3748 (5)
425 3695 440 3708 ·
506 3678 679 3744 οὕτως
731 3682 828 3735 καὶ
892 3682 1144 3753 λογισμοὶ
1192 3685 1270 3757 μὴ
1335 3686 1745 3760 φανερούμενοι,

171 3770 257 3832 είς
302 3768 442 3842 ἔργα
497 3771 873 3841 προφαίνουσι.

248 3861 465 3933 Ὥσπερ
506 3862 661 3917 ἵπποι
716 3864 1002 3936 τρέχοντες
1044 3866 1295 3938 ἀλλήλοις
1370 3869 1745 3939 ἁμιλλῶνται·

170 3946 352 4012 οὕτως
400 3951 615 4005 συνοδία
664 3952 845 4025 ἀγαθὴ
871 3954 1069 4026 ἑαυτὴν
1120 3956 1399 4027 διεγείρει.

249 4040 467 4111 Ὠσπερ
528 4043 586 4095 αι
627 4043 848 4114 νεφέλαι
920 4045 1333 4117 ὕποκρύπτουσι
1367 4048 1502 4104 ,τὸν
1553 4048 1746 4119 ἥλιον·

169 4134 349 4196 οὕτως
382 4133 441 4186 at
489 4134 725 4206 πονηραὶ
747 4135 949 4191 ιννοιαι
986 4138 1322 4205 σκοτίζουσι,
1370 4141 1464 4194 καὶ
1515 4140 1750 4195 ἀπολλύ-

170 4244 298 4280 ουσι
338 4225 431 4280 τὸν
460 4224 608 4280 νοῦν.

252 4320 465 4389 Ὥσπερ
490 4320 520 4373 ό
560 4319 659 4390 τὴν
712 4319 991 4391 ἀπόφασιν
1031 4322 1288 4393 εἰληφὼς,
1336 4326 1430 4378 καὶ
1485 4324 1623 4395 πρὸς
1649 4325 1750 4396 τὴν

172 4409 481 4478 καταδίκην
516 4408 903 4480 πορευόμενος,
948 4410 1009 4463 οὐ
1074 4409 1223 4464 λαλεῖ
1279 4413 1406 4483 περὶ
1466 4413 1745 4485 θεάτρων·

1859 602 1915 658 Si
1947 603 2002 658 in
2023 606 2202 661 medio
2223 615 2276 661 te
2293 607 2556 673 senseris,
2586 608 2938 677 ignominiam
2964 612 3350 682 complectere.

1927 691 2217 748 Externam
2258 696 2568 765 superbiam
2597 696 2811 751 sanabit
2848 698 3019 753 tristis
3054 700 3293 767 habitus,
3326 719 3420 758 seu

1857 790 2071 839 status:
2104 785 2393 852 internam,
2431 788 2524 843 ille
2561 790 2653 859 qui
2690 798 2814 844 ante
2858 791 3052 853 saecula
3085 801 3168 849 est
3208 794 3421 865 inaspe-

1856 875 2067 929 ctahilis
2088 876 2303 946 (nempe
2335 877 2519 946 Deus).

1926 963 2180 1021 Omnium
2207 968 2444 1023 ferarum
2475 984 2596 1037 quae
2627 985 2848 1026 sensum
2897 972 3188 1028 incurrunt
3214 990 3420 1031 venena

1856 1054 1995 1107 tollit
2051 1070 2245 1112 cervus
2296 1075 2310 1111 :
2371 1057 2621 1111 omnium
2686 1059 2973 1115 noxiarum
3030 1063 3422 1133 cogitationum

1858 1159 2059 1200 venena
2087 1149 2361 1203 consumit
2388 1148 2692 1205 humilitas.

1926 1232 2028 1289 Per
2054 1236 2236 1289 omnia
2264 1252 2386 1306 quae
2416 1253 2482 1292 ex
2510 1239 2709 1294 creatis
2740 1238 2795 1293 in
2823 1238 3013 1294 oculos
3042 1241 3262 1304 cadunt,
3291 1256 3421 1311 pos-

1857 1340 2050 1381 sumus
2069 1341 2402 1397 cognoscere
2433 1338 2488 1383 et
2511 1330 2722 1385 discere
2746 1344 2809 1384 ea
2831 1346 2954 1400 qua:
2986 1340 3115 1386 sunt
3141 1333 3195 1386 in
3221 1343 3419 1387 mente.

1855 1416 2013 1488 393
2033 1416 2497 1484 Quemadmodum
2527 1419 2643 1473 ﬁeri
2664 1433 2770 1474 non
2790 1430 2987 1488 potest,
3010 1431 3070 1476 ut
3089 1436 3312 1491 serpens
3330 1438 3423 1478 ve-

1856 1512 2024 1559 terem
2057 1506 2251 1575 pellem
2282 1516 2466 1573 exuat,
2508 1507 2614 1562 nisi
2647 1522 2706 1562 se
2732 1522 2827 1577 per
2855 1518 3149 1578 angustum
3180 1509 3422 1566 foramen

1856 1604 2125 1663 penetret,
2157 1597 2230 1651 ita
2269 1612 2369 1652 nos
2413 1612 2522 1651 non
2551 1597 2865 1654 deseremus
2910 1599 3237 1655 inveteratas
3265 1600 3423 1656 vitio-

1856 1699 1977 1740 rum
2008 1687 2566 1753 consuetudines,uec
2588 1689 2781 1744 animae
2800 1697 3202 1757 vetustatem,et
3226 1692 3423 1747 veteris

1854 1777 2093 1833 hominis
2142 1779 2381 1834 tunicam
2434 1779 2777 1850 abjiciemus,
2822 1781 2927 1837 nisi
2981 1797 3077 1852 per
3134 1793 3419 1852 angustam

1777 1853 1827 1916 Β
1852 1865 2080 1936 jejunii,
2105 1875 2161 1921 et
2192 1866 2447 1922 afﬂictam
2477 1874 2823 1938 contemptus
2855 1876 2911 1924 et
2934 1868 3247 1937 ignominiae
3276 1867 3421 1924 viam

1855 1966 2221 2011 transeamus.

1926 2046 2081 2102 Sicut
2129 2061 2258 2103 aves
2304 2047 2647 2103 carnosiores
2688 2046 2743 2101 in
2780 2046 2979 2103 emtum
3010 2047 3174 2105 altius
3204 2047 3422 2103 evolare

1854 2150 1964 2192 non
1997 2148 2247 2207 possunt,
2273 2140 2347 2194 ita
2372 2138 2469 2209 qui
2499 2152 2698 2209 corpus
2733 2153 2894 2194 suum
2916 2138 3201 2195 delicatius
3224 2146 3423 2194 tractat

1851 2236 1908 2283 et
1938 2229 2054 2283 alit.

1921 2319 2393 2386 Quemadmodum
2425 2320 2598 2377 lutum
2636 2321 2752 2377 sole
2798 2320 3052 2377 duratum
3078 2331 3131 2378 et
3156 2324 3417 2380 siccatum

1852 2427 2050 2483 porcos
2104 2427 2213 2468 non
2271 2412 2506 2469 admittit
2546 2413 2781 2483 amplius
2827 2421 2920 2468 aut
2964 2413 3130 2479 fovet,
3173 2417 3253 2470 ita
3289 2433 3419 2472 caro

1852 2515 1974 2570 quae
2013 2500 2303 2567 emarcuit,
2352 2501 2562 2557 nullum
2606 2502 2812 2573 quietis
2852 2502 3033 2557 locum
3084 2502 3420 2562 daemonibus

1852 2592 2128 2663 relinquit.

1924 2681 2081 2738 Sicut
2137 2684 2427 2739 virentium
2477 2684 2750 2755 lignorum
2801 2685 2956 2755 copia
3019 2700 3161 2757 salpe
3193 2685 3423 2742 suﬂ’ocat

1851 2775 2125 2832 ﬂammam
2172 2788 2227 2832 et
2272 2778 2590 2847 exstinguit,
2649 2778 3033 2849 ingentemque
3076 2777 3285 2833 fumum
3322 2793 3423 2835 ex-

1852 2869 2003 2934 citat,
2034 2870 2108 2923 ita
2150 2884 2293 2940 saepe
2340 2870 2511 2924 nimia
2550 2876 2605 2925 et
2654 2869 2835 2940 gravis
2863 2868 3083 2923 tristitia
3123 2869 3421 2927 fumantem

1851 2969 1907 3015 et
1933 2960 2221 3016 obscuram
2252 2959 2433 3016 reddit
2465 2960 2727 3025 animam,
2750 2967 2803 3015 et
2828 2954 3033 3014 fontem
3058 2958 3420 3031 lacrymarum

1850 3052 2111 3108 exsiccat.

1922 3142 2390 3209 Quemadmodum
2424 3142 2738 3213 sagittarius
2774 3157 2950 3200 caecus
2980 3159 3088 3199 non
3122 3143 3421 3214 probatur,

1856 3235 1930 3290 ita
1960 3233 2265 3302 discipulus
2297 3241 2592 3288 contumax
2622 3242 2676 3288 et
2713 3234 2936 3305 obloqui
2962 3234 3159 3290 solitus
3192 3232 3351 3301 perit.

1918 3325 1992 3381 Ut
2015 3326 2220 3380 ferrum
2253 3323 2508 3393 probum,
2537 3324 2701 3378 etiam
2748 3323 2955 3378 malum
3008 3337 3105 3377 seu
3156 3322 3419 3377 vitiosum

1848 3415 2271 3490 [rubiginosum]
2303 3430 2497 3472 acuere
2523 3423 2739 3485 potest,
2780 3416 2853 3472 ita
2882 3424 3166 3487 promptus
3205 3414 3425 3485 religio-

1849 3523 1964 3574 sus,
2002 3508 2166 3563 etiam
2198 3516 2548 3563 cunctantem
2572 3516 2625 3563 et
2649 3506 2900 3576 ignavum
2932 3521 3074 3571 saepe
3094 3505 3350 3561 servavit.

1917 3598 2386 3666 Quemadmodum
2424 3613 2527 3654 ova
2571 3598 2694 3655 sinu
2726 3598 2835 3653 fota
2877 3597 3047 3652 fetum
3086 3596 3419 3666 concipiunt,

1849 3689 1927 3744 ita
1951 3689 2311 3761 cogitationes
2333 3703 2455 3758 quae
2495 3703 2602 3743 non
2642 3689 2985 3760 aperiuntur,
3006 3688 3060 3743 in
3092 3701 3231 3758 opus
3254 3687 3421 3757 prod-

1851 3789 2002 3838 eunt.

1926 3872 2083 3928 Sicut
2132 3871 2261 3941 equi
2304 3880 2593 3927 currentes
2644 3885 2808 3927 cursu
2841 3876 3075 3937 certant,
3130 3869 3204 3926 ita
3252 3860 3421 3942 proba

1850 3964 2088 4023 societas
2110 3977 2170 4018 se
2192 3971 2384 4017 mutuo
2405 3963 2472 4018 ad
2497 3963 2755 4017 virtutem
2778 3963 2999 4018 excitat.

1919 4053 1989 4110 Ut
2011 4054 2183 4109 nubes
2232 4054 2580 4110 abscondunt
2634 4053 2826 4117 solem,
2873 4053 2950 4109 ita
3004 4053 3162 4108 mala:
3212 4053 3422 4125 cogita-

1850 4146 2027 4202 tiones
2058 4145 2311 4201 tenebras
2335 4143 2623 4200 oﬂundunt
2650 4145 2819 4199 menti
2850 4153 2906 4200 et
2937 4144 3171 4214 perdunt
3197 4143 3369 4198 illam.

1921 4330 2074 4387 Sicut
2104 4328 2394 4386 damnatus
2422 4328 2517 4398 qui
2565 4327 2632 4382 ad
2672 4325 3001 4397 supplicium
3032 4316 3419 4396 proficiscitur,

1852 4421 2015 4495 395
2044 4437 2153 4478 non
2196 4422 2440 4491 loquitur
2469 4421 2537 4475 de
2582 4419 2929 4489 spectaculis,
2975 4420 3058 4475 sic
3093 4419 3188 4489 qui
3234 4434 3421 4475 revera

169 4500 351 4564 οὓτως
403 4500 524 4555 οὐδὲ
560 4502 589 4553 ὀ
636 4500 694 4553 tv
721 4499 952 4571 ἀληθείᾳ⁸
985 4501 1221 4569 πενθῶν,
1280 4504 1525 4579 γαστέρα
1577 4506 1745 4578 θερα-

1779 4529 2012 4587 Dsuper
2062 4516 2301 4586 peccatis
2351 4515 2469 4569 suis
2518 4528 2583 4568 ex
2650 4514 2837 4568 animo
2911 4512 3091 4583 luget,
3140 4528 3419 4583 nunquam

176 4588 371 4643 πεύσει
400 4587 549 4642 ποτὲ.

246 4681 464 4750 Ὠσπερ
511 4678 741 4750 πένητες
785 4680 1095 4752 θησαυροὺς
1150 4681 1466 4752 βασιλικοὺς
1515 4686 1748 4757 ὁρῶντες

168 4769 270 4827 ἐπὶ
314 4768 501 4823 πλεῖον
525 4768 625 4841 τὴν
666 4770 877 4823 ἑαυτῶν
919 4771 1195 4841 πτωχείαν
1249 4774 1701 4842 ἐπιγινώσκουσιν
1731 4793 1745 4807 '

168 4859 352 4924 οὕτως
399 4859 492 4913 καὶ
534 4858 682 4930 ψυχὴ
706 4859 807 4924 τάς
849 4860 1091 4930 μεγάλας
1134 4862 1243 4916 τῶν
1272 4864 1522 4936 πατέρων
1550 4866 1750 4937 ἀρετάς

169 4949 652 5020 ἀναγινώσκουσα,
725 4950 943 5015 πάντως
985 4951 1370 5025 ταπεινότερον
1416 4958 1649 5009 ποιεῖται
1688 4957 1750 5009 τὸ

169 5041 383 5111 ἑαυτῆς
411 5041 688 5111 φρόνημα·

248 5133 465 5203 ’Ὥσπερ
494 5129 590 5184 καὶ
646 5130 721 5201 μὴ
755 5130 1075 5204 βουλόμενος
1098 5136 1127 5188 ὁ
1185 5135 1404 5209 σίδηρος
1463 5137 1735 5193 ὑπακούει

170 5226 255 5293 τῷ
310 5223 547 5295 μαγνίτῃ
576 5222 672 5293 [αι.
708 5225 1021 5298 μαγνήτιδι]
1050 5232 1067 5258 ⁶
1111 5224 1255 5281 οὕτω
1281 5228 1375 5284 καὶ
1410 5228 1458 5282 οἱ
1492 5229 1750 5283 ποιωθέν-

169 5331 268 5376 τες
316 5315 437 5375 ταῖς
467 5313 791 5383 προλήψεσι,
832 5316 1219 5387 τυραννοῦνται
1247 5319 1337 5373 ὑπ’
1372 5321 1571 5375 αὐτῶν.

246 5407 467 5477 Ὠσπερ
496 5406 557 5459 τδ
591 5405 770 5461 ἔλαιον
803 5410 899 5461 καὶ
947 5409 1023 5479 μὴ
1056 5410 1389 5482 βουλομένην
1428 5415 1625 5484 ήμεροῖ
1651 5413 1748 5483 τὴν

172 5499 496 5554 θάλασσαν·
553 5496 726 5559 οὕτως
796 5500 891 5553 καὶ
941 5503 974 5570 ἡ
1036 5502 1283 5571 νηστεία,
1347 5505 1441 5556 καὶ
1488 5504 1748 5569 ἀκουσίας

171 5588 576 5644 κατασϐεννύει
604 5589 701 5652 τὰς
730 5589 822 5642 τοῦ
868 5590 1121 5660 σώματος
1153 5592 1447 5663 πυρώσεις.

252 5677 468 5745 Ὠσπερ
520 5676 869 5747 στενούμενον
902 5677 1046 5745 ὕδωρ
1094 5682 1173 5742 εἰς
1240 5680 1371 5748 ὕψος
1425 5683 1742 5756 ἀνατρέχει·

174 5762 328 5823 οὕτω
374 5764 631 5830 πολλάκις
662 5765 930 5838 καὶψυχὴ
973 5766 1079 5821 ὑπὸ
1126 5770 1385 5828 κινδύνων
1427 5776 1749 5831 στενωθεῖσα

1852 4608 2090 4664 studebit
2127 4608 2266 4677 gula:
2290 4615 2344 4661 et
2377 4605 2574 4661 ventri.

1924 4697 2393 4764 Quemadmodum
2426 4708 2690 4765 pauperes
2729 4693 2950 4764 quando
2986 4693 3164 4762 regios
3199 4692 3421 4747 thesau-

1852 4806 1942 4845 ros
1966 4789 2282 4859 inspiciunt,
2312 4788 2486 4857 magis
2505 4802 2659 4841 suam
2677 4785 3076 4841 mendicitatem
3098 4793 3421 4854 agnoscunt,

1852 4886 1924 4940 ita
1957 4884 2135 4938 anima
2184 4896 2409 4952 magnas
2455 4880 2678 4935 Patrum
2715 4880 2946 4935 virtutes
2974 4878 3259 4944 lectitans,
3305 4893 3424 4934 om-

1853 4978 1983 5033 nino
2014 4976 2274 5032 humilior
2301 4974 2568 5039 redditur,
2609 4981 2665 5030 et
2686 4971 2883 5029 fastum
2911 4972 3185 5042 deprimit.

1925 5149 2081 5205 Sicut
2115 5148 2318 5203 ferrum
2352 5148 2517 5204 etiam
2574 5148 2767 5205 nolens
2814 5158 2970 5219 paret
3026 5146 3287 5218 magneti,
3343 5146 3421 5200 ita

1851 5240 2033 5311 pravis
2084 5238 2576 5295 consuetudinibus
2641 5239 2907 5308 corrupti,
2969 5239 3038 5293 ab
3091 5239 3224 5308 ipsis
3269 5235 3320 5291 vi
3352 5234 3420 5290 ad

1851 5330 2190 5401 peccandum
2223 5331 2537 5383 trahuntur.

1923 5418 2076 5474 Sicut
2112 5420 2291 5474 oleum
2321 5419 2484 5472 etiam
2512 5419 2741 5473 invitum
2775 5427 2935 5488 pacat
2975 5430 3143 5481 mare,
3178 5416 3253 5470 ita
3278 5413 3420 5485 jeju-

1851 5512 2004 5565 nium
2035 5513 2279 5581 corporis
2305 5520 2657 5565 contumaces
2680 5509 2977 5577 exstinguit
2994 5507 3234 5563 ardores.

1923 5687 2395 5753 Quemadmodum
2414 5685 2727 5740 cocrcntazin
2752 5695 2957 5739 arctum
2983 5698 3137 5751 aqua:
3158 5682 3210 5737 in
3241 5682 3407 5737 altum

1854 5788 2172 5849 exsurgunt,
2219 5778 2292 5833 ita
2321 5792 2462 5847 saepe
2520 5776 2701 5833 anima
2741 5774 2995 5846 periculis
3040 5775 3409 5831 circumventa
