4216 6458
745 410 748 413 '
776 410 910 474 1037
2014 407 2075 466 s.
2097 403 2414 467 JOANNIS
2438 403 2739 465 cunmm
2950 460 2955 465 .
3494 441 3498 445 .
3846 368 3987 468 i088

761 521 830 577 ad
884 520 1053 575 Deum
1096 532 1196 591 per
1242 514 1616 588 pmnitentiam
1660 516 1905 585 exsurgit
1950 523 2005 570 et
2065 524 2363 574 servatura

2470 514 2570 583 δρὸς
2615 515 2747 566 Θεὸν
2786 513 2875 566 διὰ
2930 510 3210 583 μετανοίας
3268 508 3463 577 ἀνῆλθε
3515 509 3608 561 καὶ
3662 509 3838 581 ἐσώθη
3884 512 3989 584 (6),
4050 553 4057 557 .

837 611 994 667 Sicut
1020 610 1116 679 qui
1144 618 1389 664 aromata
1428 606 1765 670 circumfert,
1810 606 1975 661 etiam
2003 606 2217 669 nolens,
2246 620 2313 659 ex

2499 604 2709 670 Ὥσπερ
2736 604 2764 654 ὁ
2785 602 3051 673 ἀρώματα
3086 598 3367 668 βαστάζων
3400 598 3499 668 (7),
3540 599 3634 651 καὶ
3682 601 3755 667 μὴ
3814 600 3989 651 θέλων

764 701 997 756 odorum
1030 699 1321 767 fragrantia
1353 696 1794 768 deprehenditur,
1825 697 1897 750 ita
1944 697 2035 765 qui
2071 696 2324 766 spiritum

2470 709 2491 746 ιι
2532 691 2633 762 τῆς
2672 692 2845 762 ὀσμῆς
2870 692 3151 759 ἐλέγχεται
3174 706 3189 721 ·
3234 688 3405 749 οὓτως
3431 688 3526 740 καὶ
3553 690 3581 740 ό
3610 689 3833 759 Πνεῦμα
3870 691 3993 743 Κυο

767 785 863 841 Dei
913 786 1173 856 possidet,
1213 800 1279 840 ex
1320 784 1502 839 verbis
1547 783 1664 838 suis
1709 791 1767 837 et
1810 782 2111 836 humilitate
2159 796 2329 851 agno-

2470 784 2546 836 ίου
2600 784 2759 853 ιχων,
2816 785 2881 836 ὲκ
2908 782 3018 835 τῶν
3045 780 3211 835 αὐτοῦ
3237 778 3413 847 λόγων
3440 779 3535 833 καὶ
3564 780 3689 847 τῆς.
3716 782 3991 833 ταπεινῶς

765 875 960 930 scitur.
2269 937 2279 947 _

2470 888 2567 933 εως
2609 870 2950 942 γνωρίζεται.
3038 895 3044 903 ·

839 964 1309 1031 Quemadmodum
1340 962 1486 1017 venti
1516 961 1840 1032 perturbant
1889 975 2077 1027 mare,
2126 960 2206 1017 sic
2251 959 2333 1015 ira

2501 961 2713 1030 Ὥσπερ
2795 959 2864 1012 τὰ
2923 958 3209 1029 πνεύματα
3272 957 3639 1027 ταράσσουσιν
3680 956 3953 1011 seum»
3976 972 3993 985 ·

766 1070 883 1125 prae
911 1057 1124 1111 cunctis
1152 1055 1272 1110 aliis
1298 1053 1580 1123 perturbat
1606 1058 1869 1108 mentem.”

2470 1048 2575 1102 ὗτω
2625 1048 2724 1104 καὶ
2754 1050 2784 1103 ό
2815 1048 2985 1120 θυμὸς
3009 1049 3171 1103 πλέον
3202 1048 3418 1102 πάντων
3449 1046 3704 1118 ταράττει
3731 1045 3830 1117 τὴν
3877 1046 3995 1099 διά-

2432 1154 2597 1191 νοιαν.

835 1232 1306 1302 _anmadmodum
1339 1231 1552 1296 oculus,
1584 1245 1708 1301 qua:
1734 1245 1839 1285 non
1870 1229 2026 1294 vidit,
2054 1245 2117 1284 ex
2148 1230 2333 1285 auditu

2506 1229 2717 1299 Ὥσπερ
2752 1227 2790 1282 ἀ
2832 1227 3107 1297 ὀφθαλμὸς
3149 1227 3250 1283 οὐκ
3277 1222 3436 1292 εἶδεν,
3464 1225 3586 1279 οὐδὲ
3647 1224 3896 1297 σφοδρῶς
3938 1223 4002 1289 ἐξ

772 1343 883 1383 non
914 1326 1067 1381 valde
1102 1325 1304 1396 appetit
1334 1334 1571 1394 gustare,
1620 1324 1694 1377 ita
1728 1324 1820 1393 qui
1863 1331 2016 1379 casto
2054 1332 2182 1379 sunt
2212 1338 2337 1379 cor-

2470 1319 2603 1387 xoﬁc
2634 1317 2891 1387 ιπιθυμεῐ
2932 1316 3232 1385 γεύσασθαι
3262 1334 3278 1350 θ
3303 1315 3477 1378 οὕτως
3525 1314 3619 1367 καὶ
3644 1316 3692 1367 οί
3723 1314 3880 1381 ἁγνοὶ
3919 1312 4003 1382 τῷ

776 1432 911 1488 pore
940 1417 1130 1488 ingens
1149 1416 1275 1471 inde
1299 1417 1541 1470 levamen
1573 1414 1795 1470 habent.

2470 1407 2673 1477 diua-rt,
2703 1406 2871 1459 πολὺν
2901 1407 2965 1460 εκ
2983 1405 3171 1460 τούτου
3197 1404 3498 1475 κουφισμὸν
3526 1405 3846 1473 κέκτηνται.

848 1500 1004 1557 Sicut
1034 1502 1180 1558 fures
1214 1519 1335 1558 cum
1368 1502 1562 1557 alicubi
1583 1502 1730 1571 regia
1757 1518 1909 1558 arma
1943 1504 2179 1574 reposita
2212 1519 2336 1558 con-

2511 1498 2724 1567 Ὠσπερ
2765 1496 2904 1549 ὅπλα
2948 1495 3201 1566 βασιλικά
3242 1492 3302 1548 ἐν
3350 1495 3499 1563 τόπῳ
3546 1493 3775 1563 κείμενα
3832 1490 4005 1562 ὁρῶν-

780 1594 1042 1662 spiciunt,
1070 1609 1176 1648 non
1210 1592 1367 1648 facile
1392 1594 1523 1648 illuc
1547 1593 1870 1659 ascendunt,
1900 1595 1971 1649 ita
1995 1597 2087 1663 qui
2112 1594 2342 1649 familia-

2473 1602 2531 1648 ες
2564 1586 2614 1638 οἱ
2651 1585 2899 1649 κλέπται,
2952 1590 3072 1655 οὐχ,
3099 1585 3180 1648 ὡς
3219 1585 3424 1653 ἔτυχεν,
3451 1583 3566 1636 ἐκεῖ
3593 1581 3969 1634 ἐπιϐαίνουσιν
3988 1595 4003 1608 ·

781 1700 871 1739 res
910 1686 1060 1739 cordi
1094 1685 1258 1740 habet
1290 1698 1505 1754 preces,
1549 1699 1657 1739 non
1702 1683 1861 1740 facile
1902 1686 1972 1741 ab
2006 1685 2341 1741 daemonibus

2473 1674 2609 1738 ὓτως
2657 1676 2751 1728 καὶ
2785 1677 2814 1728 ὁ
2844 1678 2910 1745 τῇ
2944 1676 3141 1745 καρδίᾳ
3186 1673 3491 1746 προσευχὴν
3540 1672 3847 1741 προσάψας,
3883 1670 4007 1739 οὐχ,

779 1774 996 1831 furibus
1021 1776 1218 1831 mentis
1251 1774 1451 1833 furtum
1480 1776 1701 1845 patitur.

2470 1767 2518 1828 ος
2567 1765 2776 1834 ἔτυχεν,
2813 1766 2917 1818 ὑπὸ
2951 1765 3060 1817 τῶν
3104 1763 3310 1834 νοητῶν
3342 1761 3551 1834 λῃστῶν
3580 1760 3899 1814 κλέπτεται.
3970 1831 3975 1834 _

850 1865 1314 1933 Quemadmodum
1347 1866 1486 1935 ignis
1513 1881 1621 1922 non
1649 1875 1871 1936 generat
1898 1866 2098 1933 nivem,
2145 1865 2217 1921 ita
2248 1866 2340 1937 qui

2470 1889 2473 1895 λ
2513 1856 2722 1926 ’Ὠσπερ
2746 1857 2807 1908 οὐ
2832 1857 3005 1909 τίκτει
3048 1854 3158 1924 πῦρ
3207 1855 3395 1923 χιόναο
3437 1851 3614 1914 οὕτως
3664 1850 3788 1903 οὐδὲ
3826 1851 3856 1901 ό
3910 1848 4013 1919 τὴν

783 1957 1045 2011 honorem
1071 1959 1285 2026 quierit,
1313 1972 1419 2010 non
1470 1956 1776 2025 perfruetur
1795 1956 1867 2010 ibi
1892 1956 2163 2029 [cmicsti].

2472 1942 2880 2022 νταῦοαςητῶν
2920 1944 3104 2012 τιμὴν,
3135 1942 3233 2011 τῆς
3271 1941 3481 1994 ἐκεῖθεν
3540 1939 3863 1993 ἀπολαύσει.

851 2048 1012 2118 395
1058 2048 1210 2102 Sicut
1250 2062 1356 2102 una
1400 2061 1541 2116 saepe
1589 2046 1822 2102 scintilla
1866 2057 2075 2103 vastam
2121 2028 2341 2119 depasta

2514 2035 2724 2105 Ὠσπερ
2765 2030 2845 2098 εἷς
2873 2034 3102 2103 σπινθὴρ
3138 2033 3394 2096 πολλάκις
3432 2031 3604 2102 πυρὸς
3644 2030 3848 2098 πολλὴν
3873 2028 4013 2100 ῦλην

781 2150 867 2196 est
904 2141 1118 2206 silvam,
1158 2142 1233 2195 ita
1266 2140 1486 2195 unicum
1524 2155 1666 2211 saepe
1716 2156 1852 2211 Opus
1880 2142 2084 2197 bonum
2125 2133 2342 2199 omnem

2470 2125 2805 2179 ιατέκαυσενο
2833 2124 3005 2186 οὔτως
3030 2123 3124 2176 καὶ
3149 2123 3207 2175 ἓν
3235 2122 3435 2191 ἀγαθὸν
3457 2120 3773 2194 εὑρίσκεται
3808 2120 4014 2192 πλῆθος

784 2235 1130 2295 peccatorum
1164 2241 1479 2295 magnorum
1512 2242 1781 2281 summam
1810 2226 2031 2282 delevit.

2470 2214 2806 2283 πταισμάτων
2837 2213 3085 2282 μεγάλων
3113 2212 3411 2283 ἐξαλεῖψαι.

854 2317 1009 2372 Sicut
1049 2318 1251 2388 absque
1307 2318 1411 2373 telo
1464 2317 1590 2373 ferae
1649 2334 1759 2374 non
1819 2298 2345 2387 coniiciuntur,rita

2530 2305 2619 2369 ὀς
2647 2306 2747 2359 οὐκ
2778 2305 2893 2359 ἔστι
2926 2306 3092 2377 χωρὶς
3115 2306 3282 2359 ὅπλου
3310 2298 3493 2377 ,θηρία
3528 2305 3811 2371 ἀπολέσαι,
3836 2306 4013 2369 οὕτως

784 2405 906 2460 sine
935 2405 1240 2461 humilitate
1268 2421 1376 2461 non
1408 2407 1676 2463 obtinebis
1709 2409 1775 2463 de
1804 2407 1884 2461 ira
1905 2407 2213 2465 victoriam.

2470 2393 2570 2449 ιὺδὲ
2616 2395 2783 2465 χωρὶς
2806 2395 3186 2459 ταπεινώσεως
3219 2397 3518 2467 ἀοργησίαν
3555 2396 3887 2465 κτήσασθαι.

855 2494 1027 2550 Sicuti
1078 2512 1240 2552 neruo
1287 2498 1521 2552 naturali
1558 2498 1722 2552 modo
1753 2498 1874 2553 sine
1904 2499 2029 2553 cibo
2061 2500 2227 2566 vivit,
2271 2500 2345 2556 ita

784 2600 957 2655 usque
1003 2586 1071 2641 ad
1123 2596 1348 2641 mortem
1408 2602 1686 2657 nunquam
1748 2588 1871 2643 licet
1936 2587 2019 2642 vel
2074 2601 2349 2645 momento

784 2689 1002 2731 cessare
1024 2685 1115 2730 aut
1149 2676 1506 2745 negligentem
1536 2691 1679 2731 esse.

856 2766 1323 2831 Quemadmodum
1383 2767 1516 2822 solis
1572 2767 1759 2823 radius
1807 2782 1906 2837 per
1954 2768 2195 2824 foramen
2257 2771 2351 2825 ad-

788 2854 991 2909 miss’us
1016 2855 1249 2909 illustrat
1274 2863 1439 2909 totam
1469 2855 1713 2920 domum,
1747 2856 1823 2910 ita
1849 2864 1911 2911 ut
1944 2857 2154 2912 minimi
2184 2857 2347 2912 etiam

788 2944 956 2999 atomi
987 2960 1081 2999 seu
1108 2944 1393 3014 pulvisculi
1414 2946 1705 3003 volitantes
1732 2946 2047 3011 videantur;
2091 2947 2166 3001 ita
2190 2948 2352 3002 timor

791 3030 1008 3088 Domini
1043 3035 1137 3104 qui
1168 3036 1223 3089 in
1266 3035 1429 3090 corde
1471 3035 1654 3091 sedem
1706 3035 1823 3090 fixit
1858 3051 2048 3091 omnes
2099 3037 2174 3091 illi
2204 3036 2354 3094 labos

791 3137 1141 3196 peccatorum
1173 3128 1429 3184 ostendit.
1643 3191 1659 3202 θ

863 3217 1331 3284 Quemadmodum
1362 3218 1548 3274 cancri
1580 3216 1735 3274 facile
1767 3217 2092 3287 capiuntur,
2123 3234 2190 3275 eo
2210 3220 2357 3291 quad

793 3326 940 3376 nunc
968 3314 1413 3382 progrediantur,
1450 3328 1599 3369 nunc
1640 3313 2041 3384 regrediantur,
2068 3314 2141 3370 ita
2177 3315 2359 3371 anima

797 3416 943 3455 nunc
983 3402 1039 3454 in
1094 3404 1207 3457 risu
1258 3404 1455 3467 soluta,
1514 3418 1661 3458 nunc
1689 3404 1756 3457 ad
1804 3404 2010 3458 luctum
2038 3405 2358 3472 composita,

798 3504 949 3545 nunc
976 3490 1183 3543 deliciis
1231 3505 1448 3544 rursum
1484 3491 1738 3547 immersa
1780 3492 1987 3546 nullum
2021 3494 2167 3562 capit
2208 3493 2362 3549 labo-

802 3593 924 3631 rum
961 3594 1186 3633 suorum
1210 3579 1655 3634 emolumentum.

873 3666 1026 3721 Sicut
1068 3669 1395 3727 dormientes
1439 3666 1595 3722 facile
1634 3667 1940 3738 spoliantur
1968 3708 1984 3730 ,
2044 3667 2117 3722 ita
2158 3668 2253 3738 qui
2307 3668 2364 3722 in

800 3760 999 3815 saeculo
1037 3761 1119 3814 vel
1170 3760 1367 3816 saeculo
1396 3760 1666 3830 proximi,
1719 3760 1906 3814 virtuti
1940 3760 2159 3815 student
2206 3761 2366 3830 (pra:-

801 3851 1036 3905 donibus
1061 3851 1292 3919 patent).
1395 3917 1403 3923 ἡ

877 3938 1033 3991 Sicut
1088 3940 1133 3991 is
1176 3938 1269 4008 qui
1321 3953 1445 3994 cum
1496 3939 1649 3992 leone
1694 3946 1937 4007 pugnat,
1974 3937 2019 3993 si
2070 3937 2150 3992 vel
2199 3938 2364 3995 semel

804 4029 993 4082 oculos
1032 4028 1138 4083 alio
1188 4030 1443 4093 declinet,
1477 4030 1745 4097 extemplo
1790 4029 1951 4100 perit,
1984 4031 2059 4084 ita
2095 4030 2188 4100 qui
2238 4045 2363 4086 cum

753 4124 760 4145 ‘
805 4134 969 4173 carne
1009 4134 1106 4173 sua
1154 4119 1426 4185 luctatur,
1472 4121 1522 4182 si
1574 4120 1822 4176 inducias
1866 4135 1987 4174 cum
2041 4122 2130 4176 illa
2183 4121 2363 4188 faciat,

808 4208 1009 4263 interit.

876 4302 1341 4368 Quemadmodum
1373 4306 1469 4377 qui
1515 4305 1716 4374 scalam
1754 4312 2150 4373 putrescentem
2176 4318 2366 4359 ascen-

805 4394 966 4458 dunt,
1018 4393 1128 4448 vita
1162 4396 1535 4464 periclitantur
1564 4436 1581 4463 ,
1635 4398 1705 4451 ita
1740 4393 1947 4463 quaevis
1996 4393 2269 4464 dignitas,
2312 4404 2369 4450 et

2531 2484 2620 2546 Ὠς
2648 2485 2748 2538 ούκ
2784 2484 2899 2538 ἔστι
2929 2486 3029 2555 ζῇν
3065 2485 3209 2538 κατὰ
3236 2486 3397 2554 φύσιν
3431 2485 3558 2538 ἀνευ
3603 2485 3883 2555 βρώσεως,
3923 2485 4017 2539 οῦ-

2450 2592 2558 2639 τως
2589 2575 2691 2629 οὐκ
2731 2575 2877 2629 εστιν
2918 2576 3023 2639 ἕως
3061 2574 3242 2640 ἐξόδου
3290 2575 3391 2629 κᾶν
3432 2574 3569 2646 πρὸς
3600 2574 3773 2646 ῥοπὴν
3806 2572 4014 2645 ἀμέλῆ-

2452 2666 2732 2829 σαὶἐξζεερ
2774 2757 2932 2820 ἀκτὶς
2962 2756 3113 2826 ἡλίου
3160 2756 3229 2809 δι’
3260 2756 3399 2826 ὀπῆς
3443 2755 3757 2810 εἰσελθοῦσι
3797 2756 3856 2809 ὲν
3884 2756 4019 2827 οἴκῳ

2452 2845 2632 2899 πάντα
2656 2845 2897 2914 φωτίζει,
2935 2845 3013 2908 ὡς
3034 2844 3127 2897 καὶ
3153 2845 3245 2898 τὸν
3263 2843 3591 2898 λεπτότατον
3620 2844 3752 2915 όρᾷν
3777 2845 3901 2897 τότε
3923 2860 4020 2896 κο-

2453 2934 2663 3004 νιορτὸν
2707 2934 3016 3003 πετόμενονο
3064 2932 3238 2997 οὕτως
3282 2935 3376 2987 καὶ
3430 2935 3463 2997 ό
3507 2933 3671 3002 φόϐος
3709 2933 3919 3003 Κυρίου
3962 2933 4023 2985 ἓν

2455 3018 2655 3090 καρδίᾳ
2686 3019 2973 3090 γενόμενος
2997 3019 3175 3075 πάντα
3198 3020 3336 3091 αὐτῇ
3360 3019 3428 3074 τά
3452 3018 3626 3091 αὐτῆς
3644 3021 4025 3092 ἁμαρτήματα

2458 3108 2855 3164 ὑποδείκνυσιν.

2528 3198 2739 3272 Ὠσπερ
2775 3202 2823 3254 οἱ
2863 3202 3143 3275 λεγόμενοι
3172 3204 3419 3274 καρκϊνοι
3450 3202 3852 3274 εὐεπιχείρητοι
3886 3218 4026 3271 τυγ-

2458 3290 2733 3360 χάνουσιν,
2765 3292 2856 3347 διὰ
2879 3293 2960 3357 τὸ,
3000 3293 3129 3348 ποτὲ
3159 3294 3257 3364 μὲν
3280 3294 3589 3365 ἔμπροσθεν
3635 3293 3857 3362 βαίνειν,
3889 3292 4032 3345 ποτὲ

2458 3379 2515 3433 δὲ
2536 3380 2778 3436 δπισθεν·
2802 3383 2973 3447 οὕτως
3004 3385 3098 3437 καὶ
3132 3383 3300 3453 ψυχὴ,
3331 3383 3462 3437 ποτὶ
3491 3384 3591 3453 μὲν
3628 3382 3861 3450 γελῶσα,
3891 3383 4033 3435 ποτὶ

2457 3471 2515 3524 δὲ
2548 3472 2839 3537 πενθοῦσα,
2872 3474 3004 3527 ποτὲ
3033 3474 3089 3526 δὲ
3115 3474 3395 3543 τρυφῶσα,
3428 3473 3580 3526 οὐδὲν
3621 3472 3901 3541 ὠφελῆσαι
3926 3472 4030 3525 δύ-

2459 3577 2616 3613 ναται
2623 3600 2638 3615 ο

2525 3642 2749 3719 ’Ὥσπερ
2778 3652 2828 3704 oi
2855 3651 3219 3716 ὑπνώττοντες
3254 3652 3491 3723 εὐχερῶς
3534 3653 3815 3715 συλῶνται·
3843 3653 4034 3720 οὕτως

2464 3741 2557 3795 καί⁷
2575 3742 2624 3793 oi
2652 3741 2878 3811 πλησίον
2899 3743 3105 3812 κόσμου
3127 3743 3225 3814 τὴν
3245 3742 3447 3813 ἀρετὴν
3474 3744 3883 3814 μετερχόμενον..

2536 3914 2745 3985 Ὠσπερ
2788 3916 2816 3968 ὁ
2853 3915 3025 3969 λέοντι
3074 3915 3374 3986 μαχόμενος
3407 3914 3503 3968 ἑάν
3548 3913 3718 3986 ρεφθῇ
3751 3914 3811 3967 τὺ
3846 3913 4039 3984 ὄμμα,

2463 4003 2666 4067 εὐθέως
2695 4004 3010 4071 ἀπόλλυταιο
3038 4004 3210 4068 οὕτως
3237 4004 3333 4058 καὶ
3357 4006 3386 4059 ὁ
3411 4006 3479 4077 τῇ
3515 4002 3712 4057 ἑαυτοῦ
3739 4003 3911 4074 σαρκὶ
3933 4020 4044 4075 μα-

2463 4095 2690 4166 χόμενος
2717 4096 2811 4148 ὲάν
2840 4095 3044 4165 ταύτην
3068 4094 3374 4166 ἀναπαύσῃ.

2535 4308 2746 4377 Ὠσπερ
2788 4290 2838 4360 oi
2870 4309 2952 4371 είς
2978 4308 3225 4377 κλίμακα
3261 4308 3644 4373 ἀναϐαίνοντες
3675 4306 3886 4381 σαθρὰν
3923 4324 4052 4362 κιν-

2464 4396 2795 4451 δυνεύουσιν·
2834 4396 3007 4460 οὕτως
3039 4400 3189 4450 πᾶσα
3215 4398 3373 4468 τιμὴ,
3411 4398 3508 4452 καὶ
3539 4398 3688 4465 δόξα,
3729 4400 3823 4453 καὶ
3867 4397 4049 4453 δυνα-

807 4490 1022 4559 gloria,
1070 4497 1125 4543 et
1184 4490 1467 4557 imperium
1510 4506 1603 4547 seu
1659 4491 1902 4562 potentia
1955 4498 2217 4559 repugnat
2264 4489 2363 4544 hu-

2472 4487 2626 4542 στεία
2656 4489 2723 4557 τῇ
2747 4486 3213 4557 ταπεινοφροσύνῃ
3243 4488 3593 4542 ἀντίκεινται.

808 4583 1049 4640 militati.

886 4674 956 4730 Ut
1010 4674 1124 4730 ﬁeri
1172 4690 1280 4729 non
1325 4686 1502 4744 potest
1546 4677 1675 4746 quin
1729 4676 2011 4733 famelicus
2067 4673 2373 4731 meminerit

808 4770 991 4839 panis,
1024 4769 1098 4824 ita
1127 4769 1311 4824 salvus
1348 4766 1463 4822 fieri
1494 4782 1599 4822 non
1646 4778 1795 4839 potes
1818 4770 1912 4840 qui
1951 4785 2056 4823 non
2088 4757 2287 4838 cogitat
2306 4766 2374 4822 de

814 4874 993 4919 morte
1020 4869 1073 4918 et
1096 4860 1321 4932 judicio.

886 4944 1042 5009 Sicut
1064 4968 1206 5024 aqua
1235 4952 1467 5015 litteras,
1509 4949 1583 5004 ita
1631 4947 1878 5020 lacrymae
1910 4949 2091 5019 delent
2130 4959 2371 5022 peccata.

883 5107 1051 5180 393
1069 5108 1221 5166 Sicut
1234 5124 1359 5167 cum
1383 5121 1634 5165 caremus
1652 5120 1815 5176 aqua,
1837 5106 2044 5165 litteras
2064 5110 2184 5166 aliis
2202 5109 2377 5166 modis

814 5202 1038 5258 abolere
1076 5200 1355 5267 solemus;
1413 5201 1487 5255 ita
1514 5206 1643 5255 sunt
1666 5207 1721 5253 et
1747 5198 1941 5253 animae
1964 5214 2086 5269 quae
2128 5201 2377 5274 Iacrymis

815 5294 1097 5349 destituta:
1143 5306 1239 5360 per
1280 5292 1485 5346 luctum
1520 5300 1577 5347 et
1607 5290 1841 5360 gemitus
1871 5296 1924 5345 et
1954 5292 2221 5348 tristitiam
2259 5308 2376 5348 ma-

815 5400 979 5457 gnam
1010 5390 1233 5456 peccata
1256 5382 1511 5437 dedolant
1542 5392 1596 5437 et
1618 5380 1871 5438 eradunt.

893 5564 1049 5620 Sicut
1076 5580 1108 5619 e
1143 5563 1317 5620 multo
1364 5568 1605 5616 stercore
1654 5558 1809 5615 multi
1842 5559 2105 5615 exsistunt
2150 5575 2377 5628 vermes,

828 5655 903 5712 ita
929 5658 1083 5726 copia
1129 5658 1375 5713 ciborum
1411 5653 1619 5723 copiam
1663 5653 1831 5722 gignit
1874 5660 2236 5723 peccatorum,
2266 5662 2381 5710 tur-

835 5747 980 5815 pium
1014 5751 1399 5821 cogitationum
1424 5757 1477 5804 ct
1510 5744 1859 5804 somniorum.

2553 4660 2640 4723 Ὠς
2663 4659 2926 4716 ἀδύνατον
2950 4658 3042 4713 τὸν
3067 4658 3335 4712 πεινῶντα
3359 4658 3437 4730 μὴ
3464 4660 3820 4730 μνημονεύειν
3840 4660 4047 4731 ἄρτου·

2470 4748 2644 4812 οὕτως
2668 4749 2950 4824 ἀμήχανον
2980 4745 3219 4818 σωθῆναι
3247 4746 3340 4800 τὸν
3356 4744 3539 4811 ἐξόδου
3569 4747 3673 4827 καὶγ
3691 4747 3935 4817 κρίσεως
3974 4750 4052 4821 μὴ

2476 4840 2907 4912 μνημονεύοντα.
3591 4828 3597 4833 ’
3884 4846 3887 4847 ⁷

2544 4931 2754 5004 Ὠσπερ
2782 4930 2842 4985 τὸ
2877 4929 3021 5001 ὕδωρ
3056 4930 3124 4983 τά
3161 4929 3482 5000 γράμματαο
3502 4924 3683 4991 ,οὕτως
3717 4925 3777 4981 τὸ
3800 4924 4057 5000 δάκρυον

2473 5022 2544 5077 τὰ
2570 5023 2888 5094 πταίσματα
2913 5020 3217 5090 ἐξαλείφειν
3245 5018 3486 5073 δύναται.
3522 5058 3527 5061 μ
3862 5086 3869 5089 _

2549 5113 2759 5185 Ὠσπερ
2786 5113 2909 5167 τινὰ
2930 5110 3038 5164 τῶν
3066 5109 3430 5181 γραμμάτων,
3461 5106 3791 5179 ἀποροῦντες
3821 5106 4055 5177 ὓδατος,

2474 5203 2542 5257 δι’
2568 5204 2773 5274 ἑτέρων
2800 5190 3016 5272 τρόπων
3047 5199 3438 5269 ἀπαλείφομενο
3469 5196 3641 5261 οὕτως
3670 5196 3777 5251 είσὶ
3804 5200 3911 5254 καὶ
3949 5204 4059 5271 ψυ-

2476 5294 2571 5366 χαὶ
2611 5291 2911 5366 ἀποροῦσαι
2946 5289 3216 5362 δακρύων,
3246 5289 3341 5343 καὶ
3367 5286 3456 5342 διὰ
3486 5286 3687 5357 λύπης,
3724 5288 3817 5342 καὶ
3846 5304 4061 5345 mu-

2477 5384 2645 5456 γμοῦ,
2668 5385 2764 5439 καὶ
2792 5381 3245 5455 σκυθρωπότητος
3267 5378 3467 5449 πολλῆς
3489 5376 3662 5432 ταῦτα
3684 5377 4060 5447 ἑκλεαίνουσι,

2478 5477 2574 5533 καὶ
2603 5476 2944 5545 ἀποξέουσιν.

2550 5568 2763 5639 ’Ὥσπερ
2787 5565 2989 5637 πλῆθος
3012 5564 3218 5635 κόπρου
3247 5561 3451 5634 πλῆθος
3482 5561 3782 5634 σκωλήκων
3807 5563 4060 5633 ἐργάζε-

2481 5672 2593 5713 ται·
2649 5656 2822 5721 οὕτως
2862 5654 3064 5726 πλῆθος
3109 5653 3411 5724 βρωμάτων
3460 5652 3664 5723 πλῆθος
3712 5655 4056 5722 πτωμάτων,

2483 5744 2576 5800 καὶ
2608 5741 2854 5814 πονηρῶν
2878 5740 3171 5811 λογισμῶν,
3204 5740 3295 5795 καὶ
3321 5739 3589 5795 ἐνυπνίων
3626 5739 3950 5809 ἐργάζεται.
