4216 6458
218 393 327 458 1039

1130 398 1359 458 SCALA
1397 397 1774 458 PARADISI.
1807 424 1875 434 -
1900 399 2208 464 GRADUS
2233 405 2437 466 XXVI.

3283 413 3425 480 1090

212 504 396 573 Ὥσπερ
441 503 470 556 ό
511 505 636 567 τοὺς
664 504 829 569 πόδας
870 504 1120 576 πεδηθεὶς
1153 505 1388 576 βαδίζειν
1417 507 1656 577 εὐχερῶς
1688 525 1724 561 οι

1925 509 2392 576 Quemadmodum
2427 517 2768 585 compcditus
2793 533 2936 589 :rgre
2965 520 3185 587 incedit,
3219 524 3292 580 ita
3328 531 3422 597 qui

206 592 426 644 δύναται·
457 591 628 655 οὑτως
675 594 770 646 καὶ
819 596 868 647 oi
914 594 1332 666 θησαυρίζοντες
1365 598 1644 667 χρήματα,
1674 600 1754 661 είς

205 682 408 751 οὐρανὸν
432 684 674 736 ἀνελθεῖν
697 685 796 738 οὐκ
823 685 1118 754 ἰσχύουσιν.

268 774 465 844 Ὠσπερ
496 775 722 848 ζεοὺσης
754 778 854 848 τῆς
891 779 1102 849 πληγῆς
1142 779 1351 842 εὐΐατος
1391 779 1742 849 καθέστηκεν·

203 861 352 927 οὓτως
395 867 460 918 τὰ
511 867 699 936 χρόνια
737 867 1027 940 τραύματα
1077 871 1174 940 τῆς
1215 870 1392 940 ψυχῆς
1444 872 1750 926 τούναντίον

201 956 470 1026 πάσχουσι,
521 960 616 1012 καὶ
663 959 939 1025 δυσκόλως
988 962 1170 1016 ἰῶνται
1219 964 1308 1016 ὅτε
1346 963 1438 1016 καὶ
1499 964 1750 1035 ἰαθήσον-

199 1062 300 1100 ται.

272 1138 347 1200 Ὠς
378 1137 440 1190 οὐ
471 1139 693 1194 δυνατὸν
723 1142 815 1195 τὸν
842 1141 1252 1214 ἀποθνήσκοντα
1286 1144 1542 1213 βαδίζειν,
1575 1145 1748 1210 οὕτως

197 1226 437 1280 ἀδύνατον
466 1229 776 1298 ἀπογνόντα
809 1232 1072 1303 σωθῆναι.

268 1318 321 1370 '0
344 1320 523 1373 πίστιν
555 1322 654 1391 μὲν
689 1323 862 1395 ὀρθὴν
896 1326 1192 1396 κεκτῆσθαι
1230 1327 1401 1396 λέγων
1438 1329 1535 1399 (9),
1563 1331 1745 1400 ἁμαρ-

192 1409 298 1471 τίας
320 1411 372 1463 δὲ
390 1413 871 1485 διαπραττόμενος,
896 1418 1080 1487 ὅμοιός
1113 1420 1229 1472 ἐστι
1253 1419 1527 1492 προσώπῳ
1551 1422 1747 1492 ὀφθαλ-

195 1501 316 1569 μοὺς
343 1503 416 1573 μὴ
450 1503 650 1573 ἔχοντι.

265 1590 320 1643 ’0
346 1593 528 1646 πίστιν
559 1597 632 1664 μὴ
658 1596 816 1668 ἔχων,
848 1599 988 1652 καλά
1030 1599 1088 1653 δὲ
1118 1600 1248 1663 ἴσως
1280 1603 1403 1657 τινὰ
1442 1605 1744 1675 ἐργαζόμε-

189 1696 359 1747 μενος,
384 1683 568 1752 ὅμοιός
595 1689 710 1740 ἐστι
734 1688 812 1760 τῷ
845 1688 988 1760 ὕδωρ
1016 1691 1316 1758 άντλοῦντι,
1347 1697 1440 1748 καὶ
1477 1698 1558 1759 είς
1588 1696 1743 1750 πίθον

185 1775 503 1843 τετρημένον
527 1776 790 1846 βάλλοντι.

1852 603 2206 670 pecuniarum
2235 607 2811 677 thesauroscollignnt,
2831 612 3026 667 caelum
3057 618 3426 674 conscendere

1853 707 1960 746 non
1996 707 2246 762 possunt.

1925 783 2076 841 Sicut
2133 804 2320 845 recens
2375 791 2530 863 plaga
2585 793 2748 850 facile
2800 806 3068 861 curatur,
3118 799 3189 853 ita
3230 810 3423 858 contra

1850 874 2163 932 inveteratae
2221 881 2419 936 animae
2468 883 2690 941 vulnera
2739 901 2881 958 aegre
2937 898 3221 952 sanantur,
3255 894 3423 948 etiam

1849 968 2066 1035 quando
2089 981 2370 1027 sanantur.

1920 1143 2072 1199 Sicut
2103 1146 2199 1216 qui
2254 1159 2503 1206 mortuus
2552 1161 2657 1215 est,
2713 1153 2992 1208 ambulare
3047 1157 3197 1212 nullo
3255 1159 3422 1214 modo

1847 1241 2046 1302 potest,
2077 1235 2148 1289 ita
2180 1239 2271 1305 qui
2302 1239 2574 1308 desperat,
2605 1256 2712 1296 non
2747 1253 2928 1312 potest
2956 1245 3138 1300 salvus
3179 1247 3318 1302 fieri.

1918 1320 2020 1386 Qui
2061 1322 2346 1391 profitetur
2371 1341 2429 1380 se
2457 1327 2614 1381 ﬁdem
2648 1339 2848 1383 rectam
2879 1331 3097 1394 habere,
3119 1343 3174 1387 et
3202 1334 3420 1391 interim

1845 1425 2072 1479 peccare
2100 1430 2206 1468 non
2237 1415 2457 1483 desinit,
2494 1419 2691 1476 similis
2715 1431 2798 1476 est
2825 1423 2899 1475 illi
2929 1423 3095 1477 vultui
3128 1425 3222 1494 qui
3245 1427 3419 1480 oculis

1845 1512 2014 1557 caret.

1917 1593 2023 1660 Qui
2055 1611 2162 1651 non
2190 1599 2382 1663 credit,
2408 1611 2462 1654 et
2501 1611 2679 1656 tamen
2710 1604 2956 1672 quaedam
3003 1605 3236 1662 fortasse
3271 1608 3417 1664 bona

1843 1699 2002 1754 opera
2035 1685 2186 1753 facit,
2228 1689 2423 1747 similis
2453 1701 2537 1747 est
2564 1693 2639 1747 illi
2671 1695 2762 1764 qui
2803 1711 2999 1765 aquam
3036 1699 3237 1765 haurit,
3273 1708 3328 1755 et
3358 1700 3416 1755 in
3515 1710 3532 1726 "

1844 1776 2048 1832 dolium
2095 1790 2376 1850 pertusum
2413 1783 2668 1842 infundit.

251 1864 454 1936 Ὠσπερ
483 1867 684 1932 πλοῖον,
733 1870 936 1939 ἀγαθὸν
965 1871 1304 1945 κυϐερνήτην
1346 1875 1483 1945 ἔχων
1520 1877 1724 1931 ἀκινδύ-

1922 1869 2396 1935 Quemadmodum
2426 1876 2581 1931 navis
2623 1893 2744 1947 qua:
2783 1879 2984 1934 bonum
3029 1880 3187 1937 liabet
3218 1898 3417 1938 navar-

183 1969 284 2015 νως
323 1956 400 2016 είς
428 1955 639 2027 λιμένα,
669 1960 804 2013 Θεοῦ
835 1964 1247 2034 συνεργοῦντος,
1288 1967 1609 2037 εἰσέρχεται·
1645 1969 1740 2023 οὖ-

181 2060 284 2108 τως
322 2047 413 2099 καὶ
449 2048 595 2120 ψυχὴ
640 2050 844 2118 ἀγαθὸν
877 2054 1112 2123 ποιμένα
1155 2056 1353 2126 ἔχουσα
1396 2059 1635 2129 εὐχερῶς
1660 2063 1741 2125 εἰς

177 2134 399 2206 οὐρανὸν
437 2139 746 2210 ἀνέρχεται,
793 2145 887 2197 καὶ
927 2146 1097 2199 πολλὰ
1143 2148 1286 2201 κακὰ
1325 2149 1739 2221 διαπραξαμένη

179 2225 536 2298 καθέστηκεν.

247 2316 453 2389 Ὠσπερ
486 2320 561 2390 μὴ
593 2322 730 2392 ἔχων
759 2325 952 2396 ὁδηγὸν
987 2327 1098 2398 (l0)
1147 2328 1385 2402 εὐχερῶς
1427 2333 1483 2383 ὲν
1529 2336 1593 2404 τῇ
1635 2333 1739 2402 ὁδῷ

175 2408 461 2477 πλανᾶται,
496 2411 595 2465 κᾶν
620 2413 740 2468 λίαν
762 2418 1025 2489 φρόνιμος
1047 2421 1404 2493 καθέστηκεν·
1437 2425 1608 2490 οὕτως
1643 2429 1738 2481 καὶ

170 2498 201 2549 ὁ
228 2499 586 2566 αὐτεξουσίως
617 2502 716 2574 τὴν
747 2508 1040 2578 μοναδικὴν
1079 2510 1199 2564 ὁδὸν
1227 2513 1612 2583 πορευόμενος,
1645 2516 1738 2568 εὑ-

170 2591 346 2660 χερῶς
368 2593 682 2661 ἀπόλλυται,
721 2596 821 2652 κᾶν
847 2601 1028 2652 πᾶσαν
1056 2601 1154 2671 τὴν
1179 2605 1369 2671 σοφίαν
1405 2605 1500 2658 τοῦ
1533 2607 1737 2677 κόσμου

170 2682 482 2738 ἐπίσταται.

251 2772 485 2827 Ὀπόταν
543 2792 627 2840 τις
675 2776 736 2830 τὸ
783 2779 942 2850 σῶμα
1001 2779 1232 2853 ἀσθενὴς
1280 2779 1338 2856 ᾗ,
1395 2788 1488 2840 καὶ
1527 2787 1737 2859 χαλεπὰ

167 2863 486 2933 πταίσματα
515 2869 834 2940 πεπραχὼς,
879 2871 977 2943 τὴν
1020 2873 1138 2927 ὁδὸν
1194 2876 1293 2943 τῆς
1331 2881 1733 2950 ταπεινώσεως,

165 2952 260 3005 καὶ
289 2953 395 3006 τῶν
418 2957 589 3026 αὑτῆς
625 2959 929 3031 ἰδιωμάτων
951 2963 1198 3020 ὁδευέτω·
1226 2968 1394 3041 ἄλλην
1423 2973 1530 3043 γὰρ
1563 2990 1739 3046 σωτη-

166 3044 292 3115 ρίαν
310 3046 408 3116 οὐχ
432 3049 671 3120 εὑρήσει.

1842 1959 2005 2013 chum
2073 1977 2169 2017 seu
2243 1965 2702 2033 gubernatorem,
2769 1969 2879 2025 Deo
2938 1973 3228 2042 adjuvante
3295 1975 3416 2030 sine

1843 2049 2082 2116 periculo
2113 2051 2166 2104 in
2190 2063 2402 2122 portum
2437 2055 2677 2111 defertur
2703 2075 2717 2112 :
2753 2059 2827 2113 ita
2856 2061 3034 2115 anima
3065 2077 3186 2131 quae
3209 2064 3412 2118 bonum

1842 2139 2004 2192 habet
2031 2152 2322 2209 pastorem,
2355 2144 2510 2201 facile
2543 2148 2743 2203 caelum
2795 2153 3132 2216 conscendit,
3161 2155 3413 2223 quamvis

1841 2240 1997 2284 antea
2033 2233 2173 2287 mala
2206 2237 2375 2290 multa
2401 2241 2812 2306 perpetraverit.

1913 2322 2062 2378 Sicut
2104 2326 2196 2392 qui
2250 2327 2388 2382 duce
2439 2339 2585 2384 caret
2616 2332 2749 2398 viae,
2788 2332 2943 2389 facile
2979 2345 3194 2392 exerrat
3238 2355 3265 2392 a
3300 2340 3410 2406 via,

1839 2416 2189 2482 quantumvis
2241 2417 2443 2487 alioqui
2475 2423 2716 2489 prudens
2755 2424 2865 2478 sit:
2903 2427 2976 2479 ita
3012 2428 3103 2496 qui
3137 2444 3238 2482 suo
3259 2429 3409 2484 arbi-

1841 2511 1980 2556 tratu
2013 2503 2066 2557 in
2101 2505 2405 2562 mouastico
2427 2519 2568 2564 statu
2600 2512 2734 2566 vivit
2763 2523 2816 2568 et
2855 2516 3218 2584 progreditur,
3255 2517 3414 2576 faciio

1839 2595 1997 2663 perit,
2051 2595 2264 2653 etiamsi
2294 2612 2508 2654 onmem
2541 2601 2825 2671 profanam
2855 2606 3039 2660 saeculi
3085 2609 3411 2678 sapientiam

1838 2686 2154 2755 percalleat.

1908 2775 2012 2842 Qui
2038 2793 2268 2848 corpore
2298 2779 2460 2852 397
2503 2782 2722 2840 infirmo
2757 2796 2872 2853 est,
2916 2791 3164 2858 quamvis
3202 2795 3411 2852 atrocia

1839 2870 2045 2924 scelera
2091 2871 2242 2940 prius
2286 2876 2644 2944 commiserit,
2682 2877 2895 2934 incedat
2929 2897 3023 2949 per
3053 2884 3194 2936 viam
3227 2885 3411 2940 humi-

1839 2959 2028 3027 litatis,
2074 2971 2127 3016 et
2183 2963 2303 3032 ejus
2335 2966 2555 3022 virtutis
2595 2980 2846 3024 naturam
2889 2972 3080 3028 induat
3112 2976 3188 3044 (et
3231 2978 3412 3033 salvus

1841 3051 1991 3118 erit),
2021 3053 2184 3106 aliam
2217 3054 2362 3109 enim
2385 3057 2578 3114 salutis
2612 3060 2750 3114 viam
2774 3062 2976 3117 nullam
3010 3063 3267 3121 inveniet.

245 3136 334 3197 Ὠς
358 3138 456 3188 οὐκ
483 3139 597 3190 ἐστι
620 3139 712 3193 τὸν
737 3144 956 3214 μακρὰν
979 3147 1308 3214 νενοσηκότα
1340 3151 1514 3215 νόσον,
1546 3155 1605 3206 ἐν
1637 3159 1724 3228 μιᾷ

1908 3137 2377 3205 Quemadmodum
2431 3145 2546 3200 ﬁeri
2608 3163 2714 3203 non
2745 3162 2942 3220 potest,
2978 3165 3038 3208 ut
3073 3156 3166 3224 qui
3198 3157 3412 3212 diutur-

161 3225 303 3294 ιδ’-πῇ
347 3225 446 3294 τὴν
481 3227 670 3294 ὑγείαν
711 3231 1036 3302 κτήσασθαι⁸
1067 3233 1240 3298 οὕτως
1279 3237 1379 3291 οὐκ
1412 3239 1559 3296 ἐστιν
1584 3243 1733 3309 ἐξαί-

156 3329 302 3384 φνης
328 3315 514 3368 παθῶν
535 3317 568 3384 ἢ
594 3318 798 3384 πάθους
832 3321 1237 3391 περιγενέσθαι.

229 3491 442 3555 Παντὸς
463 3493 689 3559 πάθους,
715 3497 809 3551 καὶ
830 3501 1009 3571 πάσης
1038 3501 1242 3574 ἀρετῆς
1265 3505 1354 3575 ἔχε
1385 3511 1610 3579 σημεῖον
1633 3513 1734 3581 τῆς

150 3583 459 3654 ποσότητος
511 3587 699 3652 αὑτοῦ,
739 3591 854 3684 καὶ.⁸
878 3591 1109 3660 γνώσεις
1149 3597 1252 3667 τὴν
1288 3599 1484 3653 ἑαυτοῦ
1527 3617 1730 3670 προκο-

149 3675 291 3742 πήν.

227 3766 447 3836 Ὥσπερ
474 3767 524 3820 οἱ
554 3769 762 3841 χρυσίῳ
792 3773 961 3843 πηλὸν
986 3775 1444 3843 καταλλάττοντες
1472 3779 1733 3850 ζημιοῦν-

143 3873 268 3910 ται·
298 3857 475 3924 οὕτως
515 3862 609 3914 καὶ
633 3863 681 3916 οί
711 3862 823 3918 τῶν
851 3867 1182 3936 σωματικῶν
1207 3869 1370 3942 χάριν
1395 3873 1464 3926 τὰ
1490 3889 1732 3944 πνευμαο

139 3948 286 4001 τικὰ
319 3949 744 4020 θριαμϐεύοντι-ξς
769 3957 863 4009 καὶ
887 3957 1250 4030 διηγούμενοι.
1437 3957 1447 3967 ’

224 4038 461 4108 Ἀφεσιν
493 4041 592 4111 μὲν
617 4044 894 4114 συντόμως
935 4047 1135 4113 πολλοὶ,
1169 4051 1438 4106 ἀπάθειαν
1471 4054 1528 4108 δὲ
1556 4056 1730 4121 οὐδεὶς

135 4127 444 4198 ἐκτήσατο·
473 4132 632 4186 τοῦτο
652 4133 760 4205 γὰρ
788 4137 1002 4207 χρόνου,
1029 4140 1127 4194 καὶ
1151 4143 1319 4197 πόθου
1353 4143 1565 4218 [πόνου]
1608 4149 1732 4200 πολ·

132 4215 266 4284 λοῦ,
290 4219 390 4275 καὶ
419 4219 576 4276 Θεοῦ.

1841 3243 1910 3283 nu
1937 3232 2130 3286 morbo
2160 3233 2450 3300 laboravit,
2485 3248 2705 3306 repente
2731 3243 3076 3300 convalescat
3102 3261 3115 3298 :
3161 3248 3230 3302 ita
3291 3249 3410 3304 fieri

1841 3333 1949 3374 non
1983 3330 2162 3390 potest
2195 3334 2254 3378 ut
2284 3327 2464 3382 subito
2492 3329 2717 3385 vitiosos
2747 3329 2971 3389 aﬂ‘eetus
3009 3350 3104 3391 seu
3158 3337 3411 3395 allectum

1839 3425 2006 3466 exuas
2035 3423 2090 3467 et
2127 3415 2335 3470 vineas.

1907 3503 2098 3559 Omnis
2159 3504 2275 3557 vitii
2312 3514 2368 3560 et
2391 3508 2571 3563 omnis
2599 3509 2816 3566 virtutis
2847 3524 3084 3583 quantus
3121 3518 3192 3572 sit
3216 3520 3414 3578 modus

1837 3596 2087 3661 observa,
2117 3606 2171 3652 et
2202 3599 2505 3668 profectum
2537 3603 2662 3660 inde
2697 3615 2848 3662 tuum
2883 3625 3200 3682 cognosces.

1911 3775 2082 3833 Sicuti
2115 3780 2208 3848 qui
2236 3795 2427 3836 aurum
2458 3783 2574 3840 luto
2625 3799 2986 3858 commutant,
3022 3795 3406 3856 detrimentum

1839 3867 1964 3922 inde
1995 3869 2249 3938 capiunt;
2300 3871 2370 3925 ita
2404 3874 2496 3942 qui
2542 3878 2846 3944 corporalia
2877 3894 3120 3946 narrant,
3157 3897 3210 3940 et
3241 3890 3408 3944 veluti

1837 3959 1891 4012 in
1929 3959 2202 4028 triumpho
2233 3961 2533 4028 spiritualia
2593 3976 2884 4024 ostentant.

1906 4051 2055 4105 Multi
2085 4051 2299 4119 quidem
2336 4064 2682 4122 peccatorum
2713 4062 2924 4114 veniam
2969 4077 3245 4121 momento
3300 4069 3406 4124 im-

1835 4151 2135 4212 petrarunt,
2191 4142 2286 4197 sed
2338 4158 2502 4199 nemo
2555 4159 2776 4216 repente
2797 4152 2862 4206 ad
2918 4169 3188 4210 summam
3234 4160 3404 4214 animi

1834 4236 2277 4305 tranquillitatem
2305 4238 2566 4306 aspiravit
2592 4254 2604 4290 :
2632 4240 2736 4295 hoc
2761 4245 2904 4298 enim
2929 4256 2981 4300 et
3004 4257 3220 4318 tempus
3241 4265 3401 4304 suum

1833 4336 1887 4382 et
1912 4327 2238 4382 desiderium
2272 4327 2293 4401 [
2325 4329 2564 4384 laborem
2600 4329 2699 4402 ]et
2725 4333 2818 4389 Dei
2861 4351 3015 4407 opem
3068 4341 3402 4412 singularem

1832 4419 2124 4474 desiderat.

211 4484 560 4558 Ζητήσωμεν
602 4491 731 4544 ποῖα
779 4494 876 4560 μὲν
923 4495 983 4550 ὲν
1025 4497 1104 4567 τῷ
1147 4499 1353 4571 σπόρῳ,
1399 4505 1525 4556 ποῖα
1559 4505 1615 4558 δὲ
1659 4511 1724 4579 τῇ

1901 4509 2265 4564 Observemus
2319 4510 2605 4582 diligenter
2668 4529 2789 4584 qua:
2837 4517 2965 4573 fera:
2989 4529 3042 4574 et
3070 4536 3196 4577 aves
3229 4524 3282 4578 in
3309 4540 3402 4580 sco

125 4574 304 4650 χλόῃ
329 4580 460 4630 ποῖα
487 4579 545 4632 δὲ
581 4582 639 4634 ἐν
671 4580 750 4652 τῷ
787 4583 982 4656 aldi“?
1023 4590 1156 4658 ἡμῖν
1206 4589 1370 4662 θηρία
1419 4592 1452 4664 ἧ
1508 4574 1724 4652 πετεινᾶ

1843 4608 2029 4665 mente,
2062 4615 2184 4671 qua:
2223 4601 2274 4654 in
2307 4601 2494 4667 herba,
2525 4618 2647 4672 qua:
2670 4605 2902 4676 denique
2929 4609 2982 4662 in
3013 4626 3188 4668 messe
3243 4615 3403 4673 nobis

123 4665 614 4738 ἐπιϐουλεύουσιν,
639 4673 726 4727 ἵνα
745 4676 839 4729 καὶ
869 4677 937 4730 τὰ
961 4677 1210 4750 θήρατρα
1241 4682 1556 4753 ἁρμόζοντα
1590 4690 1725 4758 στή-

125 4775 218 4812 σω
224 4774 360 4827 μεν.

207 4847 436 4920 ’Ξσπερ
465 4851 529 4904 οὑ
559 4851 765 4907 δίκαιον
797 4855 888 4910 τὸν
919 4857 1252 4927 πυρέττοντα
1289 4862 1481 4919 ἑαυτὸν
1520 4867 1726 4939 διαχει-

119 4938 430 5008 ρέσασθαι·
457 4941 630 5007 οὕτως
661 4943 766 5009 ἕως
797 4946 1033 5019 ἐσχάτης
1064 4950 1340 5024 ἀναπνοῆς
1370 4953 1445 5027 μὴ
1472 4938 1727 5028 ἀπογνῶ-

114 5030 223 5083 ναί
260 5047 422 5084 ποτε.

199 5205 434 5276 Ὠσπερ
467 5208 703 5279 ἄσεμνον
727 5212 839 5274 τὸν.
858 5215 953 5270 τὸν
985 5212 1177 5272 ἑαυτοῦ
1209 5223 1420 5294 πατέρα
1454 5224 1722 5295 θάψαντα.

103 5291 255 5349 εἶτα
280 5297 350 5348 ὲκ
370 5297 472 5368 τῆς
489 5300 711 5368 κηδείας
731 5303 1168 5378 ὑποστρέψαντα,
1191 5312 1270 5376 εἰς
1297 5291 1473 5384 γάμον
1493 5291 1722 5388 πορεύε-

104 5387 286 5440 σθαι·
315 5387 496 5452 οὕτως
519 5392 785 5446 ἀνοίκειον
816 5399 927 5458 τοῖς
956 5401 1242 5455 πενθοῦσιν
1267 5403 1359 5456 ἐπὶ
1394 5408 1718 5478 πταίσμασι,

96 5475 306 5546 τιμὴν
342 5478 380 5547 ἢ
417 5478 720 5533 ἀνάπαυσιν
747 5482 780 5552 ἦ
806 5485 960 5552 δόξαν
989 5489 1047 5540 ἐν
1083 5489 1161 5562 τῷ
1189 5492 1416 5565 παρόντι
1448 5497 1603 5550 αἰῶνι
1631 5502 1722 5553 ὲκο

95 5565 378 5637 ζητῆσαι
401 5570 550 5640 παρὰ
575 5571 899 5642 ἀνθρώπων.

187 5657 429 5729 Ὥσπερ
475 5661 609 5715 ἄλλα
651 5664 719 5717 τὰ
755 5665 862 5718 τῶν
894 5668 1145 5734 πολιτῶν,
1191 5674 1283 5726 καὶ
1320 5675 1482 5749 ἔτερα
1507 5678 1576 5733 τὰ
1609 5680 1720 5733 τῶν

95 5748 448 5805 καταδίκων
476 5751 786 5825 οίκητήρια·
818 5757 991 5824 οὕτως
1033 5761 1210 5834 πάντῃ
1247 5748 1452 5834 ὀφείλει
1489 5769 1716 5840 ἐνηλλα-

1827 4689 2176 4756 insidientur,
2239 4702 2300 4745 ut
2349 4693 2591 4749 vicissim
2648 4695 2755 4754 illis
2801 4698 3121 4758 insidiarum
3177 4705 3402 4775 laqueos

1825 4789 1879 4835 et
1910 4782 2130 4850 pedicas
2171 4796 2456 4850 ponamus.

1901 4869 2054 4926 Sicut
2110 4872 2337 4942 impium
2393 4884 2477 4930 cst
2529 4884 2584 4931 et
2632 4877 2904 4950 iniquutn,
2931 4891 2990 4938 ut
3017 4882 3266 4942 fehrienti
3293 4889 3399 4944 sibi

1827 4959 1952 5029 quis
1981 4961 2098 5029 ipse
2121 4961 2388 5018 violentas
2423 4979 2620 5022 manus
2667 4967 2866 5025 inferat
2909 4980 2963 5027 et
3018 4975 3262 5043 occidat;
3322 4978 3397 5034 ita

1827 5049 1958 5103 nulli
1987 5051 2051 5103 ad
2086 5059 2392 5107 extremum
2421 5069 2593 5124 usque
2622 5057 2876 5127 spiritum
2903 5077 3142 5133 unquam
3191 5075 3274 5121 est
3303 5067 3401 5123 de-

1826 5141 2172 5212 sperandum.

1895 5235 2042 5288 Sicut
2071 5247 2230 5305 turpe
2253 5246 2340 5293 est
2370 5254 2494 5294 eum
2521 5239 2616 5311 qui
2648 5243 2811 5298 modo
2842 5246 3012 5314 patris
3046 5245 3209 5304 funus
3235 5265 3397 5307 cura-

1824 5328 1919 5391 vit,
1953 5343 1982 5381 a
2017 5329 2207 5384 funere
2264 5347 2387 5386 mox
2434 5333 2500 5388 ad
2549 5336 2768 5405 nuptias
2797 5339 3064 5408 proficisci
3092 5355 3107 5392 :
3140 5341 3212 5396 ita
3240 5344 3398 5411 plane

1824 5435 1932 5473 non
1966 5422 2139 5485 dt‘cct,
2173 5432 2232 5476 ut
2257 5423 2349 5493 qui
2380 5425 2599 5494 peccata
2623 5443 2720 5484 sua
2746 5429 3059 5499 deploratet
3110 5433 3279 5503 luget,
3329 5434 3400 5489 ab

1827 5509 2141 5566 hominibus
2194 5515 2449 5584 honores,
2499 5519 2884 5588 relaxationes,
2935 5524 3137 5591 glorias
3169 5524 3223 5578 in
3255 5540 3398 5594 pre-

1823 5599 1958 5653 senti
1993 5600 2100 5654 vita
2123 5613 2350 5671 quaerat.

1888 5689 2361 5753 Quemadmodum
2399 5696 2499 5750 alia
2533 5698 2755 5762 civium,
2779 5701 2884 5753 alia
2920 5715 3134 5756 reorum
3161 5711 3215 5756 et
3241 5703 3393 5757 dant-

1824 5787 2074 5834 natorum
2124 5792 2250 5838 sunt
2304 5784 2604 5854 domicilia,
2657 5787 2728 5842 ita
2787 5789 3008 5844 omnino
3067 5799 3297 5862 oportet,
3335 5800 3394 5846 ut
