4222 6448
188 369 325 434 1092

846 478 1123 546 Σχόλιον.

255 568 374 622 Τῶν
405 568 504 622 ἀνθ
512 569 709 640 ρώπων
736 569 1000 639 δηλονότι.

858 662 1136 730 Σχόλιον.

251 751 412 804 Φύσει
467 752 574 822 γὰρ
627 754 694 823 τῇ
727 752 911 824 ἐλάφῳ
952 755 980 805 ό
1024 753 1161 822 πρὸς
1207 752 1274 806 τὰ
1319 750 1625 822 ἐρπηστικά
1653 751 1754 805 πό-

180 844 236 894 λε
248 861 364 914 μος.

777 937 1035 1006 Σχόλιον
1057 936 1119 1007 β’.

265 1023 328 1077 Ἥ
361 1027 498 1094 μετά
525 1026 683 1096 λόγου
732 1027 1070 1098 εὐδιάκριτος
1117 1027 1294 1082 ἔνδεια
1339 1028 1435 1082 καλ⁵
1480 1029 1752 1099 στενότης,

177 1114 432 1186 βασιλική
457 1117 606 1170 ἐστιν
630 1117 766 1181 ὁδὸς,
787 1118 927 1172 ὥστε
961 1120 989 1171 ὁ
1010 1117 1321 1190 ἀδιάκριτος
1352 1119 1690 1189 ὑποπιασμδς
1721 1118 1753 1189 ἢ

177 1208 212 1277 ή
248 1207 441 1276 ἄλογος
477 1209 884 1278 ωγκατάϐασις
925 1211 1221 1282 ἀσύμφορά
1249 1213 1406 1278 εἰσιν,
1451 1212 1526 1275 ὡς
1562 1212 1755 1265 ἐκατέ-

180 1296 358 1359 ρωθεν
393 1299 542 1369 παρὰ
576 1299 732 1367 λόγον
765 1302 1044 1371 γινόμενα.

793 1478 1053 1548 Σχόλιον
1092 1485 1161 1548 γ’.

247 1575 482 1644 Αίσχρόν
503 1576 618 1627 ἐστι
639 1571 766 1633 τοὺς
797 1569 1161 1640 φιλοσάρκους
1192 1570 1287 1623 καὶ
1311 1569 1758 1640 γαστριμάργους

172 1667 309 1735 περὶ
328 1666 436 1719 τῶν
458 1662 842 1734 πνευματικῶν
869 1661 1180 1732 ἐρευνῆσαι,
1204 1661 1392 1732 ὥσπερ
1412 1663 1506 1715 ttat
1526 1661 1756 1731 πόρνους

170 1755 308 1825 περὶ
351 1753 704 1826 σωφροσύνης
746 1751 999 1822 λαλῆσαι.
1043 1751 1134 1806 Ἑν
1167 1750 1365 1821 γαστρὶ
1398 1750 1508 1820 γὰρ
1540 1750 1753 1819 πεπλη-

173 1845 403 1916 ρωμένη
434 1845 637 1913 γνῶσις
667 1843 803 1896 Θεοῦ
841 1840 1154 1911 μυστηρίων
1176 1841 1275 1894 οὐκ
1303 1838 1470 1894 ἐστιν.

546 1939 804 2006 Σχόλιον
838 1933 1304 2001 Βαρσανουφίου
1331 1932 1398 1986 δ’.

252 2031 323 2084 Ἦ
367 2028 645 2094 ἀντιλογία
688 2025 917 2089 πολλοὺς
961 2023 1284 2095 ἀνθρώπους
1335 2022 1636 2087 ἀπώλεσεν,
1680 2022 1758 2088 ὡς

168 2122 271 2176 καὶ
300 2121 428 2182 τοὺς
464 2119 592 2190 περὶ
623 2117 800 2172 Δαθάν
826 2117 922 2170 καὶ
961 2115 1224 2188 Ἀϐειρὼν
1251 2115 1376 2179 τοὺς
1404 2115 1758 2178 ἀντιστάντας

165 2213 252 2284 τῷ
295 2213 491 2282 Μωσῇο
523 2212 615 2265 καὶ
649 2208 806 2263 τοῦτο
832 2208 1056 2280 σημεῖόν
1093 2209 1211 2261 ἐστι
1242 2207 1432 2261 κακόν·
1475 2207 1557 2260 ὅτι
1585 2209 1634 2260 εί
1667 2205 1758 2260 τὸν

166 2305 352 2359 ἀσόᾶν
376 2302 540 2356 αὑτοῦ
562 2303 662 2355 οὐκ
696 2300 1014 2372 ἐντρέπεται
1045 2316 1149 2365 τις,
1174 2299 1296 2354 τίνα
1319 2298 1430 2369 ἔχει
1454 2299 1757 2370 διατραπῆ-

167 2412 298 2460 ναις
322 2396 397 2447 Τὸ
422 2395 481 2447 δὲ
507 2393 582 2465 μὴ
609 2391 996 2463 διατρέπεσθαι
1023 2408 1164 2456 τινα,
1194 2393 1419 2463 σημεῖόν
1441 2395 1556 2445 ὲστι
1587 2391 1758 2462 ἀθαρ-

168 2487 302 2549 σίας
344 2485 628 2555 λογισμοῦ·
678 2485 773 2540 καὶ
811 2482 952 2553 αὕτη
988 2484 1021 2554 ή
1056 2483 1294 2554 ἀθαρσία
1333 2483 1431 2554 τῆς
1477 2483 1758 2547 νουθεσίας

168 2575 294 2627 ἐστὶ
313 2573 408 2627 τοῦ
434 2573 703 2637 διαϐόλου,
735 2575 827 2628 καὶ
856 2574 904 2627 οί
937 2575 996 2627 τὸ
1020 2574 1150 2628 αὐτὸ
1178 2572 1455 2635 ποιοῦντες
1478 2574 1644 2626 τέκνα
1667 2573 1759 2626 alio

167 2665 272 2719 τοῦ
324 2665 584 2733 γίνονται·
631 2668 724 2720 κα)⁵
768 2670 894 2721 ποῖα
931 2667 1140 2736 γίνεται
1174 2665 1392 2729 αὑτοῖς;
1427 2666 1488 2716 ΟΞ
1528 2661 1756 2716 τοιοῦτοι

167 2753 364 2824 ἐξορίᾳ
419 2752 686 2826 ἐξώρισαν
755 2757 979 2820 ἑαυτοὺς
1046 2757 1145 2826 τῆς
1201 2752 1602 2816 ταπεινώσεωςο
1662 2754 1758 2807 καὶ

168 2845 199 2896 ό
227 2843 396 2897 Δαυῖδ
435 2844 603 2913 λέγει’
648 2846 864 2901 Ῥῦσαί
892 2864 970 2916 με
1004 2847 1074 2912 ἐξ
1102 2845 1452 2914 ἀντιλογίας
1474 2843 1648 2901 λαοῦ.

355 2938 358 2942 ’
658 2942 917 3009 Σχόλιον
946 2940 1171 2993 Φωτίου
1194 2935 1254 2992 ε’.
1732 3001 1735 3004 _

243 3033 515 3103 Λογισμοὶ
553 3033 780 3103 πονηροὶ
811 3033 868 3084 ἐν
886 3030 1108 3110 ’κολπίῳ
1149 3029 1479 3100 θαλπόμενοι
1523 3024 1755 3098 κρυφιόο

167 3142 338 3196 τητος
374 3123 574 3194 πολλὴν
617 3123 713 3192 τὴν
750 3121 912 3190 σῆψιν
953 3121 1048 3174 καὶ
1086 3121 1146 3174 τὸ
1175 3118 1331 3182 ’ἑλκος
1368 3116 1616 3171 δυσίατον
1644 3114 1752 3167 ἀπ-

170 3216 526 3287 εργάζονταιο
559 3214 1066 3284 ἀνακαλυπτόμενοι
1112 3213 1170 3265 δέ
1217 3206 1296 3275 οἷς
1343 3210 1617 3279 ἐπιστήμη
1663 3207 1757 3262 καὶ

171 3309 339 3380 σοφία
362 3307 688 3378 θεραπεύειν
706 3305 895 3369 ταῦτα,
919 3307 978 3358 οὐ
1003 3304 1252 3376 χαλεπῶς
1274 3301 1632 3373 τυγχάνουσιν
1657 3300 1756 3369 τῆς

175 3401 401 3463 ἰάσεως.

768 3491 1028 3559 Σχόλιον
1072 3493 1147 3552 ς’.

265 3580 456 3652 Ἐρώτ.
503 3581 568 3632 Τί
601 3580 717 3632 ἐστι
750 3579 1046 3651 μετάνοιας
1088 3577 1282 3631 Ἀπόκ.
1327 3574 1536 3648 Καρδία
1570 3591 1756 3628 συντε-

172 3673 480 3742 τριμμένη.

813 3763 1074 3833 Σχόλισν
1113 3763 1157 3828 ζ’
1167 3804 1179 3818 .

247 3855 599 3924 Κατόπτροις
627 3855 869 3909 ἐοίκασιν
899 3857 950 3908 οἱ
969 3855 1138 3924 λόγοιο
1179 3856 1274 3909 καὶ
1305 3854 1494 3924 ὥσπερ
1530 3851 1589 3904 ἐν
1617 3847 1759 3904 ἐκεί-

175 3966 296 4012 νοις
339 3950 365 4001 ό
398 3948 492 4002 τοῦ
529 3949 778 4019 σώματος
816 3949 918 4020 τῆς
950 3949 1164 4020 μορφῆς
1195 3949 1548 4020 ἐμφανίζεται
1570 3945 1758 4006 τύποςο

172 4043 357 4107 οὕτως
376 4045 433 4096 ἐν
457 4046 576 4108 ταῖς
605 4044 863 4114 ὁμιλίαις,
887 4044 947 4098 τὸ
969 4045 1066 4115 τῆς
1087 4043 1265 4114 ψυχῆς
1291 4040 1429 4106 εἶδος
1461 4041 1761 4111 καθορᾶται

173 4136 745 4207 χαρακτηριζόμενος.

771 4227 1031 4296 Σχό.2ιον
1068 4231 1139 4296 η’.

264 4315 380 4369 ὐτι
415 4315 530 4368 ὅσοι
564 4315 732 4386 ἐσμὲν
779 4318 839 4370 ἐν
883 4315 961 4386 τῷ
1003 4316 1194 4386 κόσμῳ
1224 4312 1420 4384 τούτῳ,
1455 4310 1548 4364 καὶ
1591 4311 1650 4362 ἐν
1693 4307 1760 4378 τῇ

175 4404 352 4475 σαρκὶ
384 4405 876 4476 καταλελημμένοι,
912 4404 1008 4459 ἐὰν
1044 4407 1143 4468 τῆς
1165 4403 1352 4473 actae;
1382 4401 1512 4472 ἄχρι
1542 4397 1636 4451 τοῦ
1670 4395 1765 4448 οὑ-

1135 369 1362 428 SCALA
1395 370 1778 430 PARADISI.
1835 395 1877 410 -
1905 375 2212 440 GRADUS
2240 380 2447 442 XXVI.

3287 383 3426 447 1094

2524 487 2788 545 Scholion.

1933 571 2226 630 Hominum
2258 590 2471 646 nempe.

2463 663 2734 720 Scholion.

1931 749 2105 806 Cervo
2172 753 2422 810 naturale
2474 755 2674 811 bellum
2740 763 2825 812 est
2910 771 3036 813 cum
3055 759 3336 830 reptilihus
3377 768 3432 816 ct

1862 843 2229 914 serpentibus.

2462 933 2708 989 Scholion
2745 934 2801 990 9.

1933 1021 2156 1092 Egestas
2210 1033 2266 1080 et
2297 1025 2564 1094 angustiae
2591 1040 2713 1080 cum
2738 1026 2947 1081 ratione
2973 1033 3028 1081 et
3053 1034 3201 1082 recto
3230 1026 3433 1098 judicio

1861 1122 2126 1182 susceptae
2159 1114 2304 1185 regia
2336 1117 2424 1169 via
2449 1124 2577 1170 sunt
2615 1117 2633 1185 (
2672 1115 2739 1170 ad
2772 1117 2969 1172 emtum
2995 1118 3033 1185 ).
3065 1117 3141 1171 Ita
3171 1127 3230 1172 ut
3270 1134 3432 1174 vexa-

1862 1202 1939 1256 tio
1997 1200 2266 1272 [aﬂlictio
2309 1203 2554 1272 corporis
2587 1203 2607 1274 ]
2660 1205 2778 1259 sine
2814 1204 3019 1274 judicio
3053 1203 3214 1271 facta,
3239 1206 3430 1262 conni-

1860 1293 2039 1346 ventia
2078 1295 2196 1348 sine
2221 1294 2434 1348 ratione
2458 1294 2670 1349 inutilia
2698 1296 2828 1359 sint,
2850 1295 3006 1364 quasi
3038 1310 3155 1367 quae
3177 1301 3433 1369 utrinque

1863 1385 2070 1438 ratione
2100 1386 2210 1440 sint
2231 1385 2511 1441 destituta.

2428 1475 2680 1532 Scholion
2708 1475 2761 1531 5.

1932 1562 2114 1635 Turpe
2179 1573 2264 1620 est
2325 1566 2543 1635 quando
2598 1565 2870 1636 mancipia
2921 1567 3102 1624 carnis
3136 1578 3192 1624 et
3229 1569 3436 1626 ventris

1860 1653 1926 1709 de
1974 1655 2140 1712 rebus
2198 1657 2576 1726 spiritualibus
2597 1657 2869 1713 subtiliter
2896 1659 3198 1729 disputant,
3225 1671 3279 1717 et
3308 1661 3435 1719 libi-

1861 1746 2038 1801 dinosi
2055 1748 2121 1803 de
2151 1749 2507 1818 temperantia
2546 1747 2840 1804 disserunt.
2873 1747 2930 1803 In
2956 1751 3245 1808 abdomine
3289 1754 3435 1810 enim

1786 1832 1829 1888 Β
1857 1847 2046 1894 saturo
2068 1838 2309 1910 cognitio
2337 1838 2720 1910 mysteriorum
2749 1837 2843 1894 Dei
2875 1853 2982 1894 non
3046 1849 3150 1896 est.

2278 1929 2528 1986 Scholion
2551 1929 2914 2000 Barsanuphii
2951 1930 3008 1986 4.

1927 2016 2215 2074 Oblocutio
2261 2019 2340 2090 (a)
2392 2020 2594 2075 multos
2657 2021 2917 2076 mortales
2951 2020 3205 2091 perdidit,
3243 2037 3435 2094 quem-

1858 2109 2148 2164 admodum
2213 2110 2427 2166 Dathan
2470 2119 2524 2166 et
2572 2110 2798 2176 Abiron,
2836 2110 3002 2182 500
3027 2113 3118 2182 qui
3143 2111 3278 2168 Mosi
3309 2129 3438 2170 con-

1860 2201 2199 2257 tradixerunt
2226 2200 2296 2259 ⁸⁸.
2323 2201 2391 2256 Ει
2427 2201 2530 2257 hoc
2568 2201 2771 2256 malum
2801 2210 2886 2257 cst
2910 2203 3148 2273 signum.
3205 2201 3344 2269 Quia
3388 2203 3438 2258 si

1861 2293 1986 2362 quis
2012 2293 2258 2348 abbatem
2281 2309 2442 2350 suum
2467 2308 2574 2348 non
2611 2301 2910 2353 reveretur.
2968 2307 3126 2362 quem
3167 2293 3438 2348 reverebi-

1858 2383 1992 2438 tur?
2031 2382 2311 2440 Neminem
2343 2396 2524 2439 autem
2582 2382 2840 2446 revereri,
2884 2382 3192 2439 dillidentiae
3240 2385 3438 2440 mentis

1860 2482 2236 2541 argumentum
2269 2481 2371 2528 est.
2433 2471 2737 2528 Dillidentia
2770 2480 2952 2526 autem
2982 2487 3048 2526 ex
3083 2471 3286 2534 diaboli
3331 2473 3438 2528 im-

1859 2563 2021 2633 pulsu
2082 2563 2347 2628 nascitur,
2396 2564 2486 2619 cui
2540 2564 2633 2633 qui
2701 2569 2911 2633 parent,
2934 2562 3029 2617 lilii
3055 2572 3181 2618 sunt
3209 2562 3435 2618 diaboli.

1859 2655 1926 2709 Et
1968 2670 2090 2725 quae
2124 2657 2381 2710 eveniunt
2419 2656 2570 2712 illis?
2599 2654 2760 2711 Tales
2803 2656 3016 2726 seipsos
3043 2657 3112 2711 ab
3135 2655 3439 2711 humilitate

1858 2747 2198 2818 proscriptos
2225 2748 2420 2803 exsilio
2446 2749 2862 2806 damnaverunt.
2905 2749 2971 2805 Et
2996 2751 3167 2806 David
3204 2751 3337 2807 dicit
3367 2752 3436 2817 ‘°.

1859 2837 2050 2894 Libera
2077 2856 2157 2895 me
2189 2859 2223 2920 α
2263 2842 2677 2897 contradictione
2700 2842 2884 2912 populi
2913 2842 3014 2913 (al.

2355 2936 2604 2991 Scholion
2661 2937 2838 2992 Photii
2890 2937 2944 2992 5.

1953 3027 2322 3099 Cogitationes
2362 3030 2519 3086 malae
2567 3031 2623 3086 in
2670 3030 2794 3086 sinu
2845 3030 2974 3086 lotae
3013 3038 3070 3085 et
3106 3031 3438 3086 absconditae

1860 3118 2086 3174 multam
2119 3121 2458 3190 putredinem
2491 3136 2556 3178 ac
2601 3123 2810 3178 saniem
2854 3123 3116 3192 ulcusque
3143 3136 3311 3193 prope
3351 3123 3438 3176 in-

1859 3211 2100 3266 curabile
2127 3221 2436 3281 procreant.
2465 3212 2602 3269 Cum
2633 3224 2816 3268 autem
2845 3213 3166 3284 aperiuntur
3211 3211 3278 3269 iis
3308 3214 3437 3284 qni—

1858 3302 1961 3357 bus
1988 3312 2072 3358 est
2102 3305 2186 3359 his
2233 3305 2480 3360 medendi
2520 3306 2746 3361 scientia
2777 3311 2832 3362 et
2871 3306 3159 3378 sapientia,
3195 3307 3316 3363 sine
3354 3307 3438 3361 la-

1858 3395 1990 3449 bore
2013 3408 2293 3453 curantur.

2490 3488 2737 3544 Scholion
2765 3490 2818 3544 6.

1931 3577 2070 3644 Quid
2111 3589 2194 3635 est
2233 3582 2588 3650 poenitentia?
2624 3582 2732 3638 Cor
2763 3583 3080 3638 contritum.

2489 3779 2737 3836 Scholion
2777 3783 2826 3836 7.

1935 3865 2109 3922 Verba
2171 3869 2366 3924 similia
2430 3880 2560 3925 sunt
2627 3873 2903 3942 speculis;
2978 3875 3439 3944 quemadmodum

1860 3957 2006 4012 enim
2057 3959 2109 4012 in
2170 3960 2277 4014 illis
2330 3959 2504 4017 forma
2557 3965 2804 4033 corporis
2866 3975 3305 4033 repraesentatur,
3362 3967 3438 4024 ita

1863 4046 1918 4102 in
1979 4051 2323 4107 sermonibus
2347 4068 2641 4122 expressus
2699 4053 2887 4111 formae
2938 4058 3132 4112 animae
3155 4059 3440 4113 character

1863 4147 2156 4208 spectatur.

2494 4232 2744 4290 Scholion
2775 4236 2830 4292 8.

1934 4320 2215 4392 Quotquot
2256 4338 2448 4380 sumus
2512 4325 2566 4379 in
2635 4327 2739 4382 hoc
2804 4327 3030 4391 mundo,
3103 4343 3440 4401 cocporeque

1863 4412 2208 4483 circumscpti
2232 4454 2246 4480 ,
2279 4414 2491 4469 etiamsi
2521 4417 2588 4470 ad
2616 4432 2856 4472 convexa
2895 4418 3020 4473 caeli
3070 4419 3348 4488 rapiantur
3386 4433 3442 4476 et

178 4497 351 4568 ρανοῦ
376 4496 700 4566 ὕψωθῶμεν,
732 4498 902 4568 χωρὶς
931 4497 1094 4568 ἔργου
1135 4495 1229 4550 καὶ
1269 4493 1469 4566 μόχθου
1509 4489 1769 4562 γενέσθαι
1792 4552 1841 4580 n

1792 4552 1841 4580 η
1864 4504 2159 4559 evchamur
2182 4544 2198 4569 ,
2237 4506 2354 4560 sine
2387 4506 2573 4562 labore
2616 4517 2795 4563 tamen
2839 4518 2893 4563 et
2936 4508 3166 4572 sudore,
3199 4524 3437 4580 curaque

173 4587 354 4657 ἡμᾶς,
386 4586 481 4637 καὶ
509 4587 566 4637 ἐν
593 4586 895 4657 ἀμεριμνίᾳ
920 4581 1059 4638 εἶναι
1088 4584 1149 4638 οὐ
1181 4583 1476 4655 δυνάμεθα.

799 4677 1056 4745 21am-
1084 4676 1151 4730 θ’.

255 4767 449 4828 Πίστις
471 4767 530 4820 ἀε
541 4767 668 4836 ργδς
693 4766 789 4820 καὶ
815 4766 976 4836 ἔργον
1007 4766 1232 4820 ἄπιστον
1260 4769 1350 4821 τὸν
1373 4765 1537 4821 αὐτὸν
1559 4766 1762 4838 τρόπον

177 4856 784 4927 ἀποδοκιμασθήσεται.
823 4860 916 4910 Δεῖ
941 4858 1050 4928 γὰρ
1082 4858 1174 4911 τὸν
1201 4859 1392 4912 πιστὸν
1431 4859 1611 4912 πίστιν
1639 4859 1762 4910 ἐπι-

175 4947 545 5018 δεικνυμένην
590 4948 701 5010 τοῖς
741 4947 1029 5017 πράγμασι
1064 4947 1144 5018 τῷ
1179 4948 1366 5018 Κυρίῳ
1411 4948 1760 5018 προσφέρειν·

175 5039 311 5091 οὔτε
353 5036 464 5107 γὰρ
504 5035 582 5107 τῷ
617 5038 786 5108 πατρὶ
827 5038 985 5107 ήμῶν
1013 5037 1267 5108 Ἀϐραὰμ
1309 5041 1389 5100 είς
1421 5037 1766 5108 δικαιοσύνην

177 5131 471 5196 λελόγιστο
513 5129 548 5198 ή
580 5128 784 5192 πίστις,
816 5130 865 5182 εί
906 5129 980 5200 μὴ
1023 5129 1235 5198 καρπὸν
1276 5129 1444 5200 αὐτῆς
1482 5130 1575 5182 τὸν
1601 5129 1764 5183 παῖδα

179 5221 563 5287 προσήγαγεν.

686 5311 947 5378 Σχόλιον
987 5310 1203 5363 ἰσαΐου
1233 5315 1286 5364 ι’.

269 5401 403 5454 Ἐὰν
465 5402 640 5454 πάντα
693 5402 897 5474 ποιήσῃ
941 5395 1244 5471 ἄνθρωπος·
1291 5400 1537 5471 ὑπακοὴν
1578 5401 1635 5455 δὲ
1669 5403 1765 5456 καὶ

177 5508 203 5545 τ
222 5491 518 5544 ιπείνωσιν
547 5493 621 5561 μὴ
640 5492 908 5562 κτήσηται
935 5491 1171 5545 ἐκκλίνει
1206 5493 1286 5554 εἰς
1306 5493 1367 5544 τὸ
1405 5492 1554 5563 παρά
1583 5493 1762 5561 φύσιν.

262 5629 311 5660 ⁸⁸
337 5627 501 5684 Num.
546 5646 654 5692 ενι,
685 5630 705 5683 l
742 5646 895 5687 seua.
970 5632 1015 5663 ⁸⁹
1045 5630 1438 5693 Ρεσ1.ικκ,⁶ἒι.

267 5767 344 5833 (a)
374 5765 428 5822 Id
463 5777 568 5830 est.
600 5769 977 5834 contradictio,
1011 5771 1464 5828 obmurmuratio.

1788 4552 1841 4613 Ι)

1867 4609 1990 4650 esse
2017 4609 2125 4648 non
2167 4611 2480 4665 possumus.

2399 4687 2647 4742 Scholion
2685 4689 2740 4744 9.

1940 4777 2098 4834 Fides
2157 4779 2414 4835 destituta
2465 4778 2724 4848 operibus
2747 4785 2802 4832 et
2845 4792 3008 4847 opera
3037 4779 3154 4834 sine
3180 4780 3284 4836 ﬁde
3322 4784 3438 4851 pari

1866 4869 2031 4921 modo
2084 4867 2506 4922 damnabantur.
2567 4864 2794 4936 Oportet
2823 4868 2968 4921 enim
2993 4876 3050 4922 ut
3083 4867 3258 4925 ﬁdelis
3279 4869 3438 4927 [idem

1869 4970 2024 5009 suam
2079 4955 2332 5024 operibus
2391 4956 2797 5027 comprobatam
2826 4954 3058 5011 Domino
3080 4959 3289 5015 oﬂ'erat.
3329 4961 3438 5018 Ne-

1870 5059 1976 5114 que
1998 5044 2142 5099 enim
2183 5047 2323 5114 patri
2373 5055 2562 5103 nostro
2586 5046 2859 5102 Abraham
2896 5047 2951 5102 in
2977 5048 3240 5117 justitiam
3275 5066 3440 5121 repu-

1871 5144 1983 5190 tata
2009 5135 2202 5190 luisset
2233 5136 2390 5201 ﬁdes,
2443 5136 2489 5192 si
2533 5135 2770 5192 fructum
2828 5137 2994 5204 illius,
3053 5139 3223 5195 ﬁlium
3277 5156 3439 5198 suum

1873 5225 1888 5285 t
1926 5223 1992 5278 ad
2026 5225 2485 5294 sacriﬁcandum)
2524 5241 2632 5280 non
2673 5227 3006 5284 adduxisset.

2465 5313 2630 5371 lsaiw
2666 5316 2752 5372 10.

1946 5403 2005 5460 Si
2064 5405 2248 5460 omnia
2299 5408 2612 5476 praestiterit
2678 5407 2864 5472 homo,
2922 5407 3228 5464 obedientia
3259 5419 3438 5464 autem

1874 5509 1927 5552 et
1965 5495 2270 5553 humilitate
2301 5497 2560 5564 caruerit,
2581 5497 2815 5555 declinat
2843 5507 2997 5558 extra
3026 5509 3234 5557 natura:
3271 5500 3437 5572 leges.

1938 5773 2011 5843 (ὁ)
2045 5773 2333 5841 Γλωσσῶν,
2367 5775 2692 5847 linguarum.
