4222 6448
800 408 935 473 1095

1428 506 1693 559 Scholion.

866 599 1138 669 Principio
1194 596 1549 652 abdicationis
1613 593 1792 649 medio
1837 600 1892 646 et
1933 588 2026 644 lini
2055 603 2152 644 seu
2179 584 2353 655 perfe-

799 690 987 745 ctiOni.
2062 683 2070 696 ’

1354 777 1602 832 Scholion
1643 776 1731 830 ll.

868 869 1109 924 Pericula
1134 869 1380 939 intelligit
1402 867 1746 929 tentatioues,
1785 865 1923 919 sicut
1970 875 2136 918 sonos
2191 859 2361 929 phan-

806 962 976 1023 tasizc,
1008 962 1213 1029 plagas.

1500 1046 1683 1100 Aliud.

872 1136 1157 1203 Quomodo
1188 1133 1564 1203 accipiendum
1600 1130 1730 1186 illud
1762 1138 1843 1183 cst
1873 1128 2016 1196 quod
2070 1132 2162 1195 qui
2223 1126 2363 1195 peri-

804 1228 924 1281 cula
981 1226 1270 1286 sustineat,
1328 1230 1639 1281 coronetur,
1700 1217 1853 1289 40],
1914 1231 1981 1270 an
2016 1215 2108 1285 qui
2141 1214 2363 1268 omnino

806 1331 914 1369 non
969 1318 1124 1370 cedat
1165 1312 1532 1383 periculorum
1600 1306 1992 1367 illectamentis,
2048 1305 2141 1359 sed
2183 1317 2365 1373 perse-

807 1416 947 1460 \‘CI‘CI
1011 1407 1065 1459 in
1117 1403 1399 1458 tolerantia
1430 1401 1694 1455 malorum
1729 1407 1781 1453 et
1810 1397 2061 1451 virtutem
2094 1410 2204 1449 non
2234 1407 2363 1463 pro-

805 1494 946 1548 (lat?

1397 1578 1646 1633 Scholion
1679 1577 1765 1632 ιε.

876 1671 1081 1725 Sensus
1135 1668 1435 1738 spiritualis
1478 1679 1561 1722 est
1584 1668 1656 1721 ita
1688 1665 1935 1730 afeetus,
1963 1670 2021 1717 ut
2048 1662 2219 1733 possit
2257 1662 2364 1716 vim

805 1758 1202 1827 ςι.η..ς-..;ρῐεηιιίἰ
1266 1760 1546 1826 recipere,
1624 1756 2077 1825 quemadmodum
2168 1754 2365 1823 pupilla

807 1851 1089 1905 oculorum
1143 1850 1551 1918 c'orporeorum,
1589 1848 1702 1917 [qui
1766 1846 1946 1902 lumen
2010 1846 2290 1900 continent
2316 1846 2369 1898 in

807 1955 886 2002 se,
914 1939 1057 2008 quod
1092 1938 1194 1992 sub
1215 1952 1436 1993 sensum
1469 1936 1632 1991 cadit.

1432 2026 1681 2081 Scholion
1714 2025 1799 2080 15.

880 2117 1079 2170 Bonum
1105 2117 1484 2185 comprehendi
1510 2126 1561 2171 et
1594 2116 1783 2186 attingi
1805 2118 1952 2171 nullo
1986 2117 2147 2171 modo
2175 2125 2371 2185 potest,

810 2207 913 2260 nisi
970 2209 1039 2261 ab
1093 2222 1160 2260 eo
1218 2208 1308 2276 qui
1354 2208 1567 2277 penitus
1622 2224 1649 2263 a
1687 2209 1830 2262 malo
1864 2210 2014 2278 prius
2046 2207 2291 2272 desistat,
2320 2218 2376 2263 et

809 2297 940 2350 illud
992 2296 1216 2361 rejiciat.
1272 2295 1339 2350 Ut
1399 2312 1556 2351 nemo
1616 2299 1899 2353 sanitatem
1920 2299 2155 2369 recipere
2175 2308 2373 2368 potest,

809 2388 915 2441 nisi
944 2388 1095 2456 prius
1126 2402 1157 2440 a
1187 2387 1379 2441 morbo
1413 2387 1687 2441 liberetur.

1510 2478 1691 2532 Aliud.

880 2572 1098 2623 Declina
1133 2588 1164 2621 α
1218 2566 1381 2633 malo,
1413 2578 1460 2622 ei
1499 2569 1581 2633 fac
1609 2570 1798 2622 bonum
1827 2568 1894 2621 ὀ.
1924 2566 2040 2624 Iloe
2069 2579 2170 2633 est,
2201 2585 2377 2641 pugna

814 2659 1079 2715 adversus
1133 2660 1337 2725 hostes,
1373 2670 1434 2713 ut
1468 2660 1690 2714 vitiosas
1721 2660 2041 2730 cupiditates
2066 2660 2374 2715 imminuas.

817 2749 1019 2803 Deinde
1070 2751 1252 2804 sobrie
1304 2753 1449 2813 vive,
1503 2766 1570 2805 ne
1617 2762 1933 2820 augeantur,
1964 2751 2379 2821 rursusquede-

815 2848 961 2893 certa
1012 2848 1069 2892 ut
1137 2841 1363 2894 virtutes
1396 2840 1490 2907 tibi
1519 2855 1833 2908 compares:
1864 2841 2059 2895 iterum
2093 2842 2379 2895 abstinete.

820 2939 877 2982 ut
904 2927 1089 2982 eadem
1126 2928 1424 2981 custodias.
1481 2926 1547 2980 Et
1589 2929 1691 2982 hoc
1723 2929 1826 2982 erit
1853 2929 2063 2997 operari
2122 2930 2345 2984 bonum.

1342 3102 1591 3157 Scholion
1622 3101 1802 3157 Isaaci
1834 3105 1918 3159 Η.

885 3192 1074 3249 Timor
1109 3202 1189 3248 cst
1218 3191 1367 3262 virga
1399 3193 1695 3262 spiritualis
1719 3209 1839 3263 qua:
1870 3196 2004 3266 regit
2054 3212 2154 3252 nos
2200 3198 2377 3268 quoad

817 3286 1098 3341 veniamus
1150 3286 1205 3339 in
1240 3284 1550 3354 paradisum
1593 3286 1856 3339 bonorum
1907 3287 2288 3356 spiritualium,
2324 3298 2378 3343 et

817 3376 1034 3445 quando
1074 3376 1147 3431 ibi
1202 3377 1489 3440 fuerimus,
1558 3376 1779 3431 dimittit
1832 3393 1951 3443 nos,
1990 3387 2043 3433 et
2071 3379 2200 3434 abit.

1312 3765 1592 3822 GRADUS
1644 3764 1857 3819 XXVII.

824 3882 902 3937 De
955 3896 1106 3935 sacra
1148 3881 1379 3948 corporis
1417 3891 1466 3932 et
1508 3880 1697 3933 animo:
1753 3880 1921 3942 quiete
1972 3878 2120 3947 (sive
2154 3876 2221 3932 de
2275 3880 2381 3931 vim

1220 3950 1583 4003 anachoretica
1609 3962 1655 4002 et
1679 3950 1961 4016 solitaria.)

891 4038 1000 4097 iios
1028 4056 1151 4096 cum
1177 4042 1322 4096 velut
1348 4041 1575 4110 emptitii
1598 4040 1815 4110 quidam
1842 4050 1893 4094 et
1923 4041 2180 4107 improbis
2225 4038 2381 4093 vitio-

824 4146 944 4186 rum
1000 4130 1280 4185 an‘ectibus
1338 4129 1559 4183 obnoxii
1628 4130 1766 4183 servi
1795 4129 1918 4184 lacti
1949 4132 2139 4195 simus,
2178 4145 2244 4183 ex
2280 4130 2383 4183 hoc

824 4222 945 4290 ipso
1003 4221 1277 4288 improbas
1316 4228 1460 4274 artes
1516 4234 1717 4283 mores,
1760 4220 2004 4288 imperia,
2036 4220 2208 4274 malas
2239 4222 2388 4273 tech-

827 4326 927 4365 nas
997 4308 1395 4362 dominantium
1446 4310 1500 4365 in
1554 4311 1781 4363 miseras
1811 4311 2019 4362 animas
2048 4319 2261 4363 nostras
2284 4309 2388 4361 im-

2031 398 2089 454 S.
2132 389 2447 455 JOANNIS
2499 388 2803 450 CLIMACI

3888 376 4028 441 1096

3098 487 3368 557 Σχόλιον.

2530 586 2609 655 Τῇ
2654 586 2795 655 ἀρχῇ
2841 582 2935 652 τῆς
2983 581 3286 649 ἀποταγῆς,
3312 580 3391 649 ιτῇ
3427 577 3684 648 μεσότητι
3724 576 3821 629 καὶ
3843 577 3912 644 τῇ
3942 590 4026 627 τεο

2460 675 2719 744 λειότητι.
3114 705 3120 710 -

3060 761 3318 830 Σχόλιον
3341 764 3429 814 ια’.

2529 854 2819 915 Κινδύνους
2866 850 3001 921 φησὶ
3047 852 3172 912 τοὺς
3220 848 3579 918 πειρασμοὺς,
3626 840 3755 908 οἷον,
3789 842 4031 905 κτύπους

2461 942 2760 1013 φαντασίας
2786 940 3019 1009 πληγάς.

3134 1031 3345 1084 Ἄλλο.

2532 1125 2657 1188 Πῶς
2686 1125 2834 1178 ἔστιν
2857 1126 3029 1178 εἰπεῖν
3059 1124 3336 1188 κινδύνους
3370 1125 3704 1194 ὑπομένοντα
3736 1122 4035 1190 στεφανοῦ-

2465 1215 2609 1282 σθαι,
2642 1215 2675 1283 ἢ
2704 1214 2937 1280 πάντως,
2971 1214 3063 1268 τδν
3087 1214 3161 1285 μὴ
3189 1215 3481 1268 ύπενδόντα
3500 1218 3616 1278 ταῖς
3635 1216 3744 1267 τῶν
3770 1214 4035 1267 κινδύνων

2464 1308 2758 1377 ἀφορμαῖς
2790 1308 2908 1360 ἀλλ’
2948 1305 3387 1376 ἐγκαρτεροῦντα
3425 1309 3538 1370 τοῖς
3565 1306 3781 1372 δεινοῖς,
3820 1307 3919 1361 καὶ
3962 1304 4037 1375 μὴ

2465 1395 2683 1465 προδιδό
2697 1413 2747 1447 ,ητ
2760 1413 2784 1447 ι
2817 1396 2915 1457 τὰς
2948 1396 3177 1464 igua;

3052 1575 3312 1640 Σχόλιον
3349 1570 3435 1640 ιβ’.

2536 1662 2798 1734 Αἴσθησις
2829 1664 3169 1732 πνευματικὴ
3201 1663 3369 1727 ἐστιν,
3402 1662 3434 1729 ἡ
3464 1660 3757 1714 ποιωθεῖσα
3775 1658 4041 1723 δέξασθαι

2468 1755 2567 1825 τὴν
2600 1755 2828 1824 δύναμιν
2856 1754 2955 1824 τὴν
2983 1752 3338 1823 θεωρητικὴν,
3378 1753 3453 1814 ὡς
3479 1754 3512 1823 ἡ
3540 1752 3674 1821 κόρη
3707 1750 3817 1805 τῶν
3849 1768 4041 1821 σωμα-

2468 1849 2635 1902 τικῶν
2668 1846 2982 1918 ὀφθαλμῶν,
3015 1846 3123 1899 τῶν
3166 1846 3225 1898 ὲν
3266 1845 3447 1908 αὑτοῖς
3476 1844 3711 1913 ἐχόντων
3738 1843 3801 1896 τὸ
3829 1842 3948 1911 φῶς
3982 1841 4045 1893 τδ

2470 1938 2744 2010 αἰσθητόν.

3072 2029 3327 2096 Σχόλιον
3355 2033 3441 2095 ιγ’.

2544 2120 2857 2191 ,Ἀμήχανον
2903 2118 3142 2188 ἅψασθαι
3194 2117 3289 2171 τοῦ
3332 2116 3539 2185 ἀγαθοῦ
3603 2119 3679 2188 μὴ
3726 2115 4049 2172 ἀποστάντα

2473 2210 2738 2280 πρότερον
2787 2208 3067 2271 παντελῶς
3113 2208 3209 2261 καὶ
3254 2207 3581 2261 ὲκνεύσαντα
3611 2207 3705 2260 τοῦ
3736 2207 3936 2260 κακοῦ·
3972 2205 4046 2266 ὡς

2474 2301 2759 2370 ἀμήχανον
2803 2298 2990 2368 ὑγείαν
3028 2298 3314 2352 ἀναλαϐεῖν
3354 2299 3431 2370 μὴ
3455 2300 3553 2370 τῆς
3584 2299 3742 2352 νόσου
3772 2282 4049 2351 ’ἀπαλλα-

2475 2389 2661 2459 γέντα.

3151 2480 3349 2533 Ἄλλο.
4008 2526 4011 2529 λ

2554 2570 2874 2625 "Eme/uror
2917 2570 3037 2624 ἀπὸ
3092 2569 3304 2633 κακοῦ,
3334 2569 3434 2623 καὶ
3483 2570 3741 2635 ποίησον
3796 2566 4045 2636 ἀγαθόν’

2480 2664 2749 2728 τουτέστι,
2780 2664 3097 2733 Πολέμησον
3132 2663 3259 2726 τοὺς
3303 2661 3529 2732 ἐχθροὺς
3567 2662 3652 2713 ἴνα
3694 2659 3943 2729 μειώσῃς
3984 2657 4054 2709 τὰ

2481 2752 2653 2823 πάθη.
2685 2754 2914 2812 Ἔπειτα
2950 2752 3007 2805 δὲ
3038 2754 3194 2820 νῆφε,
3229 2752 3315 2804 ἵνα
3343 2750 3418 2822 μὴ
3440 2748 3766 2820 αὑξὴσωσινο
3801 2742 3967 2808 αὖθίς
3995 2761 4053 2798 τε

2482 2844 2812 2913 πολέμησον,
2860 2845 2946 2896 ἵνα
2986 2842 3173 2917 κτήσῃ,
3210 2841 3312 2904 τὰς
3350 2842 3570 2911 ἀρετάς’
3621 2841 3716 2892 καὶ
3755 2838 4056 2907 μετέπειτα

2484 2936 2643 3002 νῆφε,
2673 2934 2758 2985 ῐνα
2786 2932 2953 2995 αὑτάς
2979 2930 3322 3001 διαφυλάξῃς·
3356 2928 3454 2982 καὶ
3480 2926 3637 2981 τοῦτο
3659 2927 3725 2980 ἂν
3753 2927 3842 2994 ετη
3866 2923 3932 2976 τὺ
3959 2924 4051 2992 ερ-

2483 3018 2743 3087 γάζεσθαι
2765 3018 2985 3087 ἀγαθόν.
3526 3036 3529 3037 ν

2974 3110 3021 3161 Σ
3025 3097 3234 3175 χόλων
3263 3105 3460 3161 Ἰσαὰκ
3493 3106 3574 3160 ιδ’.

2554 3197 2721 3260 Φόϐος
2764 3197 2881 3249 ἐστὶ
2923 3196 3113 3267 ῥάϐδος
3150 3196 3492 3266 πνευματικὴ
3528 3192 3847 3263 κυϐερνῶσα
3885 3193 4057 3261 ἡμᾶς.

2485 3286 2588 3349 ἓως
2611 3286 2676 3338 ἂν
2698 3283 2992 3355 φθάσωμεν
3015 3286 3092 3347 είς
3102 3283 3206 3361 λιτὸν
3228 3284 3552 3352 παράδεισον
3575 3284 3684 3337 τῶν
3702 3283 3931 3350 ἀγαθῶν
3951 3281 4060 3334 τῶν

2488 3364 2895 3444 πνευματικῶν·
2923 3376 3015 3428 καὶ⁸
3040 3375 3166 3428 ὅταν
3188 3375 3305 3427 ἐκεῖ
3331 3373 3643 3441 φθάσωμεν,
3667 3373 3899 3441 ἀφίησιν
3914 3373 4061 3443 ἡμᾶς

2490 3466 2585 3517 καὶ
2611 3467 2919 3535 στρέφεται.

3014 3768 3024 3781 ⁸
3081 3766 3299 3818 ΛΟΓΟΣ
3330 3764 3459 3819 ΚΖό

2560 3880 2697 3947 Περὶ
2721 3880 2830 3949 τῆς
2859 3880 3018 3948 ἱερᾶς
3041 3880 3313 3950 σώματος
3337 3880 3434 3934 καί
3458 3879 3665 3949 ψυχτῖς
3696 3882 3991 3949 ἡσυχίας.

2571 4041 2760 4108 Ἡμεῖς
2790 4039 2977 4108 ὥσπερ
3008 4040 3095 4091 ἀεὶ
3115 4038 3378 4109 ωνὴσιμοί
3404 4055 3545 4101 τινες
3573 4026 3679 4093 τῶν
3705 4040 3945 4094 ἀνοσίων
3971 4061 4066 4094 πα·

2490 4133 2599 4186 θῶν
2628 4133 2961 4203 ὑπάρχοντες
2994 4131 3094 4200 (l),
3128 4130 3221 4182 καὶ
3252 4129 3427 4182 δοῦλοι
3461 4131 3784 4184 ὑπόσπονδοι
3830 4135 4065 4202 γενόμε-

2492 4241 2573 4275 νοι
2603 4226 2667 4275 ὲκ
2702 4223 2892 4276 τούτου
2927 4220 3170 4282 καὶτοὺς
3206 4220 3389 4283 δόλους
3430 4222 3525 4275 καὶ
3561 4222 3799 4293 τρόπους
3839 4226 3938 4276 καὶ
3974 4226 4069 4287 τὰς

2493 4313 2784 4378 ἐπιταγὰς.
2824 4312 2919 4365 καὶ
2978 4311 3078 4373 τὰς
3124 4312 3455 4383 πανουργίας
3505 4312 3686 4389 ποσῶς
3718 4313 4069 4383 ἐπιστάμεθα

828 4402 1122 4470 proborum
1146 4398 1431 4467 spirituum
1462 4407 1733 4466 utcunque
1766 4398 2076 4452 didicimus.
2102 4399 2205 4450 Alii
2234 4398 2393 4467 quip-
2424 4396 2467 4451 ι)
2493 4424 2495 4436 ι

2424 4396 2467 4451 ι)
2493 4402 2600 4455 τῶν
2630 4401 3004 4456 δεσποσάντων
3035 4404 3135 4472 τῆς
3170 4402 3360 4467 ἀθλίας
3407 4404 3562 4474 ἡμῶν
3605 4403 3787 4473 ψυχῆς
3812 4405 4070 4472 Πνευμάο

830 4506 897 4559 pe
933 4489 1282 4557 reperiuntur
1309 4489 1401 4557 qui
1438 4488 1672 4556 Spiritus
1710 4488 1881 4543 sancti
1918 4487 2111 4541 virtute
2142 4488 2394 4541 illustrali

833 4580 1097 4651 improbis
1154 4580 1369 4633 illorum
1424 4579 1874 4641 machinationes,
1942 4592 1969 4631 a
2029 4580 2227 4647 quibus
2281 4579 2394 4646 jam

831 4679 961 4729 sunt
1002 4671 1212 4725 liberati
1242 4669 1726 4739 deprehenderunt.
1755 4668 1914 4740 502
1951 4670 2101 4723 Alius
2132 4671 2275 4724 enim
2330 4685 2395 4723 ex

833 4763 1010 4819 morbi
1061 4761 1270 4823 dolore,
1330 4777 1489 4829 quem
1552 4774 1693 4829 aeger
1742 4763 1935 4824 sensit,
1977 4761 2222 4817 sanitatis
2245 4761 2398 4830 quie-

833 4864 940 4908 tem
972 4853 1196 4922 conjicit
1224 4869 1238 4916 ;
1273 4853 1412 4907 alius
1437 4866 1562 4907 vero
1586 4866 1651 4907 ex
1686 4851 1938 4907 sanitatis
1972 4852 2170 4923 gaudio
2228 4853 2396 4907 mole-

834 4946 993 4997 stiam
1024 4943 1199 4998 morbi
1229 4944 1471 5013 percipit,
1504 4952 1556 4998 et
1586 4944 1892 5013 conjectura
1941 4944 2270 5014 assequitur.
2334 4942 2401 4999 Et

836 5036 964 5087 hinc
994 5042 1077 5088 est
1093 5035 1237 5102 quod
1272 5050 1372 5089 nos
1406 5034 1549 5089 velut
1571 5036 1695 5104 aagri
1728 5043 1781 5089 et
1811 5034 2105 5090 imbecilles
2131 5034 2271 5104 apud
2306 5050 2399 5088 vos

834 5125 903 5178 de
939 5110 1138 5191 quietis
1173 5126 1431 5179 solitariae
1463 5135 1619 5194 portu
1650 5126 1806 5178 verba
1859 5124 2059 5192 facere,
2120 5136 2174 5180 et
2222 5126 2399 5196 philo-

836 5214 1056 5283 sOphari
1082 5211 1516 5279 rel‘ormidemus,
1551 5230 1672 5268 cum
1712 5216 1851 5269 haud
1886 5216 2198 5285 ignoremus
2257 5234 2401 5272 sem-

833 5320 933 5377 per
968 5318 1157 5358 canetn
1198 5304 1431 5371 aliquem
1457 5307 1520 5358 ad
1552 5308 1769 5374 Optimae
1798 5309 2096 5363 sodalitatis
2122 5318 2178 5364 et
2228 5319 2402 5364 coetus

834 5402 1087 5452 mensam”
1120 5403 1320 5458 astare,
1343 5396 1436 5463 qui
1472 5411 1662 5464 panem
1688 5399 1705 5464 (
1736 5397 1847 5449 sive
1883 5400 2121 5454 animam
2154 5401 2172 5468 )
2212 5416 2275 5454 ex
2314 5401 2401 5454 illa

834 5488 1080 5567 abripere
1111 5494 1361 5548 conatur,
1387 5500 1547 5555 quem
1576 5502 1669 5541 ore
1703 5484 1880 5543 ferens
1907 5488 2183 5559 deinceps,
2238 5502 2404 5561 atque

836 5578 1121 5647 a‘it‘ugieus
1141 5577 1285 5632 clam
1325 5588 1380 5633 et
1404 5592 1651 5634 seorsum
1683 5578 1921 5635 devoret.
1970 5580 2155 5651 Itaque
2202 5600 2269 5637 ne
2322 5583 2402 5638 lo-

906 5760 952 5791 “
989 5758 1131 5816 Psal.
1168 5778 1352 5820 ιιινι.
1384 5744 1478 5817 27.

2495 4509 2626 4547 των.
2652 4493 2869 4564 ’Έτεροι
2900 4494 3007 4566 γὰρ
3043 4495 3369 4566 ὑπάρχουσι,
3396 4496 3446 4549 οί
3482 4494 3552 4549 δι’
3585 4494 3869 4564 ἐνεργείας
3900 4496 4070 4548 πνεύ-

2500 4600 2666 4654 ματος
2694 4585 2873 4652 ἀγίου,
2906 4586 2999 4640 καὶ
3022 4585 3120 4655 τῆς
3140 4585 3344 4639 τούτων
3372 4583 3694 4652 ἀπαλλαγῆς
3724 4583 3808 4645 είς
3829 4586 3935 4646 τὰς
3967 4602 4071 4653 μη-

2498 4676 2665 4744 χανάς
2694 4678 2872 4730 αὑτῶν
2902 4676 3284 4746 φωτισθέντες.
3316 4675 3510 4736 uno;
3548 4675 3645 4743 μὲν
3676 4672 3787 4742 γὰρ
3812 4674 3842 4726 ό
3870 4674 3943 4727 ἐκ
3974 4676 4071 4743 τῆς

2500 4769 2558 4822 ὲν
2579 4770 2644 4838 τῇ
2672 4770 2811 4840 νόσῳ
2837 4769 3027 4839 ὀδύνης
3049 4767 3146 4837 τὴν
3169 4767 3266 4836 τῆς
3287 4763 3476 4831 ὑγείας
3506 4762 3913 4832 στοχαζόμενος
3945 4765 4071 4819 ovs.

2501 4876 2718 4927 παυσιν,
2770 4861 2864 4914 καὶ¹
2911 4860 3097 4930 ἔτερος
3142 4857 3172 4907 ὁ
3211 4857 3277 4907 ἐκ
3332 4855 3433 4923 τῆς
3480 4856 3539 4905 ὲν
3589 4855 3657 4923 τῇ
3698 4853 3863 4919 ὑγεία
3911 4856 4072 4909 εὐθυ-

2503 4951 2632 5020 μίας
2670 4951 2766 5022 τὴν
2812 4954 2872 5006 ὲν
2918 4953 2983 5020 τῇ
3036 4948 3175 5017 νόσῳ
3226 4945 3465 5015 ἀθυμίαν
3510 4943 4071 5016 καταλαμϐανόμενος

2503 5041 2593 5093 καὶ
2629 5041 3076 5112 τεκμαιρόμενος.
3106 5037 3297 5089 Τοίνυν
3326 5036 3486 5104 ἡμεῖς
3510 5034 3586 5097 ὡς
3617 5033 4071 5097 ἀσθενεῖςοδεδοί-

2501 5146 2675 5200 καμεν
2705 5132 2833 5198 ὑμῖν
2869 5130 2964 5182 νῦν
2995 5124 3239 5195 περὶτοῦ
3270 5125 3367 5192 τῆς
3396 5124 3624 5194 ἡσυχίας
3650 5124 3873 5194 λιμένος
3910 5130 3975 5179 ὲν
4003 5128 4071 5196 τῷ

2501 5219 2643 5291 λόγῳ
2672 5222 3001 5290 φιλοσοφεῖν,
3044 5216 3394 5285 ἐπιστάμενοι
3420 5215 3509 5267 ἀεὶ
3541 5214 3925 5285 παρίστασθαί
3956 5235 4070 5271 τινα

2502 5309 2638 5362 κύνα
2670 5312 2726 5363 ιν
2756 5314 2821 5381 τῇ
2845 5307 3090 5382 τραπέζῃ
3110 5306 3211 5376 τῆς
3248 5304 3417 5374 καλῆς
3445 5304 3711 5370 συνοδίας,
3745 5307 3845 5360 καὶ
3883 5308 4067 5377 ἄρτον,

2503 5400 2669 5468 ἤγουν
2714 5402 2910 5471 ψυχὴν,
2946 5402 3009 5451 ὲκ
3050 5396 3254 5466 ταύτης
3295 5392 3639 5466 ἀφαρπάζειν
3679 5393 4068 5465 δοκιμάζοντα.

2503 5492 2613 5546 Καὶ
2663 5493 2848 5546 τοῦτον
2886 5491 2966 5563 τῷ
2998 5488 3223 5557 στόματι
3261 5486 3651 5555 ἐπιφερόμενον
3706 5485 3901 5540 λοιπον
3938 5491 4065 5541 ἀπο-

2502 5582 2782 5656 τρέχοντα,
2821 5582 2914 5638 καὶ
2944 5579 3063 5635 καθ’
3088 5576 3315 5649 ἡσυχίαν
3343 5576 3526 5631 τοῦτον
3551 5576 3821 5634 ἐσθίοντα.
3854 5580 3953 5634 Διὸ
3988 5581 4070 5632 ἵνα
