4222 6448
126 407 257 474 1097
1036 409 1264 469 SCALA
1298 399 1673 465 PARADISI.
1705 421 1775 433 -
1803 395 2109 456 GRADUS
2156 396 2393 456 XXVII.
3198 395 3333 459 1098

127 521 205 591 μὴ
233 518 405 591 τούτῳ
449 518 631 590 χώραν
669 520 745 593 τῷ
784 521 904 575 κυνὶ
948 520 1034 574 διὰ
1074 519 1169 573 τοῦ
1206 517 1475 588 ἡμετέρου
1503 513 1681 584 δῶμεν
1708 521 1794 576 Δ⁴

1668 529 1681 563 ρ
1708 521 1755 576 Α
1784 523 1905 563 cum
1987 508 2115 563 huic
2165 510 2308 571 cani,
2357 516 2413 563 et
2459 508 2797 563 occasionem
2826 506 3212 577 quaerentibus,
3242 524 3335 576 per

126 611 306 681 λόγου,
334 615 428 666 καί
455 613 706 683 ἀφορμὴν
723 616 835 676 τοῖς
864 610 1104 683 ζητοῦσι,
1130 611 1190 664 οὐ
1219 608 1373 677 θέμις
1402 606 1674 678 ήγησάμε-
1781 616 1793 653 l

1669 632 1674 643 ι
1781 610 2025 654 nostrum
2080 616 2385 655 sermonem
2444 601 2658 663 demus,
2712 598 2865 655 nefas
2922 613 3043 654 esse
3083 599 3336 653 duximus

127 702 194 755 θα
219 704 329 766 τοῖς
356 704 413 756 έν
445 701 523 772 τῷ
548 702 767 773 πολέμῳ
792 702 1145 773 τυγχάνουσιν
1169 699 1430 769 ἐμψύχοις
1456 695 1549 749 τοῦ
1578 694 1675 765 βα·
1779 708 1794 744 ι

1671 724 1675 735 ›
1779 691 1923 761 apud
1949 708 2043 746 eos
2091 692 2159 746 de
2219 708 2352 761 pace
2399 692 2693 762 disputare,
2747 692 2840 761 qui
2888 694 2941 746 in
2999 691 3338 760 imperatoris

128 794 320 858 σιλέως
348 793 503 864 ἡμῶν
537 794 909 863 πολεμισταῖς,
952 792 1080 862 περὶ
1115 792 1336 863 εἰρήνης
1379 788 1473 841 νῦν
1503 787 1676 841 διαλέ-
1778 800 1795 838 1

1672 817 1676 827 ι
1778 784 1950 838 nostri
1982 784 2175 853 prmlio
2206 783 2483 838 fortissimi
2518 783 2807 838 bellatores
2841 792 3142 838 versantur.
3205 781 3339 837 Illud

127 886 338 953 γεσθαι.
377 885 582 939 Ἐκεῖνο
617 884 675 937 δὲ
718 884 876 955 μόνον
917 883 1165 952 λέγομεν,
1189 882 1270 935 ὅτι
1304 882 1415 943 τοῖς
1452 879 1679 941 εὐτόνως
1779 883 1794 927 l

1675 896 1679 935 ζ
1779 883 1989 928 tantum
2026 873 2357 929 aﬂirmamus
2387 876 2454 930 iis
2480 876 2574 944 qui
2606 874 2817 929 fortiter
2847 876 2901 927 in
2942 875 3084 929 bello
3137 875 3342 930 faciunt

129 974 479 1045 πολεμοῦσιν,
511 978 561 1029 οί
603 976 702 1045 τῆς
731 976 954 1045 είρήνης
989 974 1083 1027 καὶ
1112 973 1351 1042 γαλήνης
1389 969 1681 1041 περιεπλά-
1780 980 1796 1017 ε

1672 998 1681 1009 ι
1780 973 1834 1017 ει
1859 963 2188 1032 depugnant,
2219 964 2381 1017 etiam
2411 979 2598 1017 eorum
2624 978 2855 1017 coronas
2896 972 2951 1015 et
2982 963 3221 1031 praemia,
3248 959 3339 1030 qui

129 1083 311 1136 κησαν
339 1067 609 1134 στέφανοι.
647 1067 733 1130 Ὦς
760 1068 817 1120 ὲν
847 1064 1168 1135 διακρίσεως
1197 1059 1289 1117 οῦν
1319 1063 1491 1127 τύπῳ,
1518 1062 1565 1114 εί
1594 1060 1680 1113 δο-
1782 1058 1796 1112 i

1671 1090 1680 1100 -
1782 1058 1837 1112 in
1867 1072 1998 1127 pace
2018 1066 2072 1112 et
2109 1058 2499 1127 tranquillitate
2530 1058 2835 1114 solitudinis
2870 1065 3179 1121 versantur,
3219 1072 3338 1111 esse

130 1161 237 1220 κεί.
272 1158 438 1231 ιιικρά
472 1159 567 1212 νῦν
596 1158 863 1228 λέγωμεν,
910 1158 1032 1212 ὅσον
1070 1155 1144 1227 μὴ
1170 1154 1407 1224 λυπῆσαί
1438 1169 1590 1215 τινας
1608 1152 1683 1215 ὼς
1783 1166 1797 1203 ι

1674 1168 1683 1214 ;
1783 1150 2039 1219 reposita.
2093 1148 2268 1205 Pauca
2319 1165 2449 1219 ergo
2505 1151 2648 1204 velut
2700 1165 2795 1220 per
2840 1148 3188 1204 discretionis
3230 1146 3341 1200 for-

127 1248 474 1320 ἀγύμναστον
517 1250 610 1303 τὸν
658 1252 783 1319 περὶ
820 1248 1021 1302 τούτων
1066 1246 1224 1313 λόγον
1270 1246 1328 1297 ἐν
1365 1244 1444 1313 τῷ
1481 1243 1682 1312 μεταξὺ
1786 1260 1794 1297 l

1681 1271 1682 1282 ι
1786 1258 1951 1307 mam,
2008 1244 2054 1298 si
2109 1244 2181 1298 ita
2242 1244 2474 1307 videtur,
2541 1244 2807 1309 dicamus,
2865 1259 2934 1298 ne
2977 1241 3348 1313 pmiemuudn

131 1342 571 1412 καταλείψαντες.
1784 1350 1798 1383 π

1784 1335 1933 1391 velut
1992 1336 2329 1406 inexpertum
2378 1347 2520 1390 nunc
2575 1336 2752 1390 locum
2806 1342 2860 1389 et
2918 1348 3225 1390 sermonem
3292 1333 3344 1385 in

1786 1426 1967 1481 medio
2007 1429 2391 1497 relinquamus,
2427 1437 2481 1482 et
2504 1427 2716 1498 aliquos
2748 1427 2825 1481 ciu
2881 1433 3173 1482 mmtorem
3228 1426 3352 1479 inde

1787 1528 1845 1574 et
1881 1520 2165 1575 tristitiam
2205 1518 2587 1587 conjiciamus.

218 1601 444 1672 Ἡσυχία
477 1602 574 1673 μὲν
611 1602 860 1673 σώματός
893 1604 1039 1657 ἐστιν
1084 1603 1230 1674 ἡθῶν
1266 1602 1361 1655 καὶ
1389 1600 1689 1670 αἰσθήσεων
1859 1610 1885 1675 ς

1688 1620 1689 1635 ‘
1859 1610 2025 1677 Quies
2053 1612 2299 1681 corporis
2326 1620 2410 1665 est
2445 1619 2690 1665 motuum
2715 1619 2769 1666 et
2810 1625 3068 1666 sensuum
3120 1609 3355 1679 cognitio

135 1692 413 1763 ἐπιστήμη
445 1694 539 1746 καὶ
572 1693 904 1757 κατάστασις
923 1709 937 1722 ·
970 1694 1168 1765 ἡσυχία
1197 1693 1255 1747 δὲ
1275 1691 1452 1762 ψυχῆς
1478 1690 1577 1761 (2),
1606 1689 1693 1742 λο-
1792 1720 1802 1756 ε

1690 1719 1693 1729 ’
1792 1713 1849 1758 ει
1881 1704 2225 1773 compositio.
2265 1702 2432 1769 Quies
2474 1704 2692 1766 animae,
2740 1713 2823 1757 est
2873 1703 3096 1759 scientia
3156 1702 3357 1772 cOgita-

137 1784 351 1855 γισμῶν
396 1784 666 1855 ἐπιστήμη
718 1785 810 1838 καὶ⁵
854 1784 1116 1857 ἀσύλητος
1173 1783 1369 1837 ἔννοια.
1435 1781 1694 1851 Ἡσυχίας
1794 1803 1804 1848 ι

1690 1796 1694 1837 ἴ
1794 1796 2025 1859 tionum,
2056 1804 2111 1851 et
2147 1811 2336 1852 secura
2357 1811 2453 1851 seu
2507 1794 2834 1850 inviolabilis
2885 1796 3081 1849 mentis
3126 1795 3357 1849 medita-

135 1878 314 1947 φίλος,
351 1878 589 1948 ἀνδρεῖός
617 1895 700 1942 τις
724 1879 820 1932 καὶ
850 1878 1121 1950 ἀπότομος
1152 1876 1427 1946 λογισμὸς,
1460 1876 1519 1928 έν
1556 1873 1697 1945 θύρᾳ
1727 1868 1771 1925 Β
1799 1904 1802 1911 ε

1693 1912 1697 1924 ·
1727 1868 1771 1925 Β
1799 1888 1895 1944 tio.
1933 1886 2255 1943 Solitudinis
2283 1903 2476 1943 amans
2501 1896 2585 1942 est
2616 1886 2773 1942 fortis
2796 1886 3041 1957 quaedam
3073 1896 3124 1941 et
3176 1900 3360 1939 severa

137 1970 368 2041 καρδίας
387 1970 737 2035 ἀνυστάκτως
756 1972 1061 2041 ἱστάμενος,
1076 1970 1310 2033 καὶτοὺς
1333 1964 1703 2039 προσερχομέ-
1800 2005 1804 2026 .

1695 1994 1703 2006 ’
1800 1979 2081 2050 cogitatio,
2104 1994 2225 2050 qua
2253 1980 2309 2034 in
2340 1977 2551 2033 foribus
2582 1976 2763 2033 cordis
2797 1978 3149 2032 iuconnivens
3198 1991 3362 2031 excu-

136 2080 285 2127 νους,
315 2063 351 2134 ἢ
377 2062 623 2127 κτείνων,
651 2062 685 2132 ἦ
712 2063 1119 2134 ἀποσειόμενος.
1146 2061 1205 2116 Ὁ
1222 2062 1282 2115 ὲν
1303 2061 1701 2131 αίσθήσεικαρ·
1800 2068 1803 2124 j

1689 2085 1701 2098 ’
1800 2068 1914 2137 bat,
1942 2078 1997 2126 et
2024 2071 2294 2125 irruentes
2320 2067 2677 2139 cogitationes
2703 2076 2799 2123 aut
2840 2068 3097 2137 opprimit
3121 2074 3216 2122 aut
3268 2082 3356 2121 re-

136 2158 259 2221 δίας
283 2155 596 2227 ἡσυχάζων,
612 2156 943 2225 γινώσκειτδ
963 2155 1248 2227 εἰρημένον
1262 2172 1275 2184 ’
1298 2158 1327 2208 ό
1347 2154 1404 2206 δὲ
1422 2156 1611 2225 νήπιος
1624 2152 1703 2207 έτι
1800 2218 1803 2229 η

1697 2172 1703 2200 ι
1800 2161 1941 2231 jicit.
1968 2161 2074 2228 Qui
2099 2162 2155 2216 in
2180 2176 2342 2217 sensu
2362 2159 2546 2216 cordis
2565 2160 2923 2230 conquiescit,
2951 2159 3198 2226 intelligit
3219 2158 3364 2228 quod

136 2246 239 2313 ὣν,
254 2247 443 2301 τούτου
461 2248 721 2315 ἄγευστος
741 2247 836 2300 καὶ
862 2245 1136 2313 ἄγνωστος
1166 2244 1337 2299 πέλει.
1371 2243 1706 2314 Ἦσυχαστὴς
1798 2310 1803 2325 ε

1700 2259 1706 2303 ἰ
1798 2256 1915 2325 jam
1946 2253 2107 2327 503
2137 2253 2338 2308 dictum
2377 2262 2480 2309 est.
2525 2252 2707 2307 Infans
2739 2262 2920 2308 autem
2961 2268 3055 2307 seu
3074 2253 3206 2319 tiro,
3240 2251 3367 2322 quia

136 2337 438 2409 γνωστικδς
469 2340 531 2392 οὐ
578 2336 898 2409 δεηθήσεται
950 2335 1123 2405 λόγων
1150 2352 1164 2366 ·
1210 2337 1334 2398 τοὺς
1376 2334 1483 2405 γάρ
1518 2334 1705 2401 λόγους

1702 2349 1705 2391 ἰ
1804 2348 1911 2404 hoc
1950 2361 2225 2417 nunquam
2253 2346 2512 2417 gustavit,
2562 2345 2691 2416 quid
2741 2345 2815 2400 sit
2842 2344 3076 2415 ignorat.
3124 2343 3369 2399 Prudens

137 2430 255 2483 τῶν
300 2428 474 2499 ἔργων
514 2426 824 2496 φωτίζεται.
870 2426 1039 2495 Ἀρχὴ
1081 2426 1178 2496 μὲν
1217 2424 1446 2495 ἡσυχίας
1478 2423 1540 2477 τὸ
1574 2422 1708 2477 ἀποι

1702 2448 1708 2462 ’
1807 2432 2060 2507 [peritus]
2094 2434 2293 2504 quietis
2323 2433 2501 2488 cultor
2540 2448 2648 2487 non
2693 2432 2894 2502 indiget
2939 2432 3124 2487 multis
3150 2432 3369 2497 verbis;

141 2520 388 2576 σείεσθαι
418 2519 672 2584 κτύπους,
701 2519 776 2582 ὡς
805 2518 898 2571 τὸν
931 2517 1089 2587 βυθὸν
1119 2517 1487 2587 ταράσσοντας
1512 2531 1526 2545 ⁸
1558 2514 1710 2579 τέλος

1704 2530 1710 2575 .'
1808 2521 1969 2577 factis
2016 2521 2161 2576 enim
2210 2519 2342 2589 ipsis
2386 2520 2550 2574 verba
2598 2519 2989 2590 interpretatur
3017 2530 3071 2576 et
3118 2520 3371 2576 illustrat.

138 2616 199 2668 δὲ
234 2613 459 2685 ταύτης,
489 2612 552 2665 τὸ
582 2612 658 2683 μὴ
697 2609 924 2666 δεδιέναι
950 2609 1216 2682 θορύϐους
1241 2625 1255 2640 ·
1301 2609 1414 2663 ἀλλ’
1447 2606 1711 2678 ἀναισθησ-

1705 2635 1711 2647 ·
1809 2612 2145 2685 Principium
2173 2612 2372 2683 quietis
2404 2619 2488 2668 est
2515 2626 2704 2667 omnes
2741 2613 3020 2682 strepitus,
3055 2621 3113 2667 ut
3133 2613 3225 2683 qui
3268 2613 3372 2667 ima

140 2709 263 2760 τεῖν
296 2706 355 2759 ὲν
380 2703 609 2768 τούτοις.
656 2703 1086 2774 Προερχόμενος,
1123 2703 1153 2755 ό
1185 2701 1327 2771 λόγῳ
1356 2700 1417 2754 ού
1445 2700 1711 2772 προερχό-

1707 2730 1711 2740 ι
1810 2706 1991 2763 cordis
2038 2705 2375 2776 perturbant,
2423 2719 2724 2760 removere.
2768 2703 2923 2761 Finis
2970 2715 3151 2760 autem
3191 2705 3374 2775 hujus,

144 2816 336 2869 μενος,
368 2799 547 2870 ἡπιος,
589 2797 807 2867 ἀγάπης
834 2796 953 2859 ὅλος
986 2792 1133 2858 οἶκος
1159 2810 1175 2826 ν
1228 2794 1547 2865 δυσκίνητος
1578 2793 1713 2864 πρὸς

1711 2813 1713 2821 '
1817 2814 1921 2855 nec
1969 2800 2161 2854 timere
2200 2797 2419 2869 quidem
2467 2797 2605 2853 ullos
2654 2797 2889 2867 amplius
2932 2798 3195 2853 tumultus
3227 2837 3243 2863 ,
3284 2800 3378 2851 scd

144 2892 330 2959 λόγον,
362 2890 617 2958 ἀκίνητος
662 2888 798 2958 πρὸς
851 2886 1022 2958 θυμὸν
1066 2885 1306 2954 πέφυκεν
1345 2882 1505 2939 εῐναι.
1554 2886 1627 2939 Τὸ
1656 2884 1714 2939 δὲ

1712 2908 1714 2935 ι
1818 2892 2077 2945 immotos
2108 2898 2161 2944 et
2184 2890 2301 2944 sine
2330 2904 2495 2945 sensu
2523 2888 2680 2958 quasi
2717 2890 2771 2943 in
2805 2889 2913 2946 illis
2941 2892 3248 2960 persistere.
3275 2889 3379 2956 Qui

145 2983 399 3037 ἐναντίον
428 2981 687 3053 πρόδηλον
710 2996 725 3011 ·
763 2980 1073 3051 ήσυχαστής
1104 2980 1249 3033 ἐστιν
1284 2981 1313 3033 ό
1342 2978 1405 3033 τὸ
1430 2977 1717 3050 ἀσώματον

1715 2999 1717 3016 ι
1815 2982 2157 3053 progreditur
2194 2988 2249 3035 et
2275 2995 2379 3035 non
2419 2980 2680 3049 loquitur,
2706 2992 3021 3037 mansuetus
3058 2991 3162 3049 est,
3192 2991 3246 3036 et
3269 2984 3382 3051 ple-

146 3079 210 3129 ἐν
242 3073 540 3146 σωματικῷ
566 3073 699 3143 οἴκῳ
724 3070 1053 3143 περιορίζειν
1083 3070 1420 3141 φιλονεικῶν,
1449 3071 1509 3125 τὸ
1536 3070 1715 3141 παρά-

1713 3100 1715 3107 ν
1816 3085 1947 3125 num
1976 3068 2260 3123 charitatis
2281 3066 2640 3122 domicilium.
2665 3066 2769 3134 Qui
2795 3082 2936 3137 aegre
2964 3067 3029 3123 ad
3054 3068 3380 3139 loquendum

145 3167 306 3231 δοξον
335 3182 349 3195 ·
385 3167 541 3236 τηρεῖ
570 3164 666 3232 μὲν
698 3161 800 3233 μῦν
832 3163 866 3234 ἡ
902 3162 1092 3216 τούτου
1140 3160 1434 3232 θηρεύτρια
1460 3178 1476 3193 ·
1527 3160 1630 3232 μῦν
1661 3160 1719 3214 δὲ
1744 3202 1787 3259 c

1717 3184 1787 3259 :c
1819 3172 2165 3235 permovetur
2214 3160 2283 3217 ad
2318 3160 2455 3215 iram
2485 3160 2709 3216 omnino
2760 3162 3061 3230 perm0veri
3124 3176 3231 3217 nou
3286 3178 3384 3232 po-

149 3258 371 3329 νοητδν,
410 3253 714 3327 ήσυχαστοῦ
751 3253 945 3309 ἔννοια.
996 3254 1090 3323 Μὴ
1130 3252 1271 3307 ἔστω
1310 3269 1393 3306 σοι
1419 3252 1719 3323 ἀπόδλητον
1751 3252 1787 3259 ⁷

1751 3252 1787 3259 ⁷
1820 3266 1945 3313 test.
1981 3255 2077 3311 llis
2111 3255 2381 3310 contraria
2414 3263 2543 3310 sunt
2570 3261 2772 3323 aperta.
2818 3252 3108 3309 Solitarius
3137 3269 3233 3310 seu
3261 3256 3386 3324 qui-

148 3352 215 3404 τὸ
247 3346 545 3421 προλεχθὲν
586 3346 887 3417 ὑπόδειγμα
913 3360 928 3375 ’
981 3347 1031 3398 εί
1072 3345 1130 3399 δὲ
1167 3344 1263 3417 μὴ,
1297 3344 1450 3399 οὔπω
1489 3345 1723 3417 ἡσυχίαν

1721 3366 1723 3380 ι
1821 3350 1926 3404 etis
1957 3357 2011 3403 et
2039 3346 2350 3404 solitudinis
2380 3346 2654 3402 studiosus
2685 3346 2735 3401 is
2773 3356 2857 3400 est
2885 3345 2979 3415 qui
3023 3356 3273 3400 naturam
3304 3347 3388 3399 in-

151 3439 487 3510 ἑγνώρισας.
529 3437 639 3507 Οὐχ
669 3434 842 3500 οὓτως
870 3435 1103 3507 μοναχδς
1136 3436 1212 3504 (3)
1243 3433 1620 3508 [ﬁwxaﬂﬁgl’
1649 3434 1725 3497 ὡς

1722 3454 1725 3461 '
1823 3453 2140 3508 corpoream
2165 3436 2413 3505 corporis
2443 3436 2528 3491 sui
2555 3435 2833 3491 domicilio
2864 3435 3030 3505 (quod
3061 3449 3194 3490 sane
3229 3450 3389 3504 para-

156 3530 404 3603 μοναχὸς
449 3527 682 3600 μοναχῆ).
736 3527 795 3580 '0
833 3526 1061 3597 μοναχὺς
1106 3526 1317 3596 νήψεως
1365 3525 1588 3593 πολλῆς.
1634 3526 1728 3577 καὶ

1723 3563 1728 3576 ι
1824 3532 2027 3588 doxum
2054 3540 2108 3585 et
2138 3544 2323 3583 rarum
2352 3527 2457 3599 est)
2483 3527 2931 3584 circumscribere
2965 3540 3020 3583 et
3068 3528 3390 3584 concludere

150 3620 512 3691 άρεμὸάστου
542 3622 659 3683 νοὸς
685 3617 862 3671 δέεται
893 3634 908 3649 ο
961 3617 1041 3687 τῷ
1070 3617 1166 3687 μὲν
1195 3618 1445 3689 προτέρῳ
1472 3614 1728 3678 πολλάκις

1725 3632 1728 3670 ῖ
1826 3632 2076 3680 conatur.
2118 3621 2434 3690 Aucupatur
2460 3622 2677 3692 quidem
2710 3636 2918 3677 murem
2946 3623 3197 3677 venatrix
3230 3622 3392 3691 hujus

150 3710 467 3783 ὲὸοὴθησεν
497 3710 711 3781 ἕτεροςο
741 3707 819 3778 τῷ
843 3707 901 3762 δὲ
931 3707 1163 3778 δευτέρῳ
1195 3708 1533 3778 συνήργησεν
1564 3706 1729 3774 ἀγγε-

1726 3734 1729 3742 ν
1828 3709 1949 3766 felis
1986 3728 2000 3764 :
2038 3710 2132 3765 sed
2163 3724 2371 3763 murem
2405 3709 2739 3778 spiritualem
2768 3710 2886 3777 (seu
2915 3708 3235 3780 daemonem)
3264 3711 3393 3763 soli-

154 3804 258 3867 λος
279 3818 297 3834 ⁶
346 3801 536 3874 νοερᾶς
566 3801 821 3871 δυνάμεις
847 3798 1335 3871 συλλειτουργοῦσι,
1368 3798 1463 3851 καὶ
1503 3797 1730 3867 φιλοχω-

1724 3827 1730 3836 ·
1831 3803 1953 3857 tarii
1993 3801 2196 3855 intenta
2236 3814 2390 3854 mens
2431 3811 2488 3856 et
2536 3800 2811 3868 cogitatio.
2849 3798 2965 3855 Non
2996 3801 3242 3856 videatur
3298 3803 3391 3856 tibi

161 3900 363 3970 ροῦσιν
393 3898 451 3949 ὲν
470 3894 686 3965 ψυχικῷ
709 3895 1009 3966 ἡσυχαστῇ.
1038 3894 1112 3946 Τὸ
1131 3892 1190 3947 δὲ
1215 3891 1454 3947 ἐναντίον
1475 3892 1733 3962 σιωπήσω

1730 3916 1733 3935 ι
1838 3890 1983 3962 quod
2051 3890 2164 3944 dixi
2215 3891 2522 3958 exemplum
2576 3890 3027 3946 contemnendum
3070 3899 3212 3947 :aut
3252 3904 3397 3946 certe

157 4006 252 4041 σοι
294 3988 374 4056 (4)
405 4002 421 4017 ·
467 3984 749 4055 δογμάτων
782 3983 938 4054 βυθὸς
972 3983 1160 4056 βαθὺς,
1198 3982 1321 4045 νοῦς
1346 3982 1403 4035 δὲ
1432 3980 1732 4051 ήσυχαστοῦ

1731 4009 1732 4021 ι
1834 3981 2017 4037 nescis
2053 3979 2184 4051 quid
2227 3979 2299 4034 sit
2328 3979 2569 4034 solitaria
2600 3980 2730 4033 vita.
2779 3978 3078 4036 Monachus
3123 3983 3398 4036 solitarius

154 4078 399 4133 ἅλλεται
434 4076 534 4127 οὐκ
557 4072 851 4138 ἀκινδύνως
893 4075 953 4128 ὲν
994 4074 1176 4137 αὐτοῖς
1212 4073 1289 4143 (5)
1312 4089 1325 4103 ⁸
1370 4073 1469 4126 οὒκ
1498 4072 1736 4140 ἀσφαλὲς

1729 4089 1736 4131 .'
1834 4092 1944 4131 nou
1974 4083 2060 4131 est
2102 4082 2164 4129 ut
2185 4073 2487 4128 monachus
2507 4072 2798 4137 cmnobita,
2832 4072 2925 4128 ubi
2954 4073 3087 4128 alter
3109 4090 3233 4129 cum
3265 4075 3396 4129 alte-

161 4168 296 4237 μετ*
330 4164 559 4235 εσθὴτος
584 4163 841 4235 νήχεσθαι
864 4179 880 4195 ⁸
910 4164 1031 4217 οὐδὲ
1052 4162 1223 4227 πάθος
1251 4162 1439 4233 έχοντα
1463 4161 1737 4230 θεολογίας

1735 4181 1737 4188 ’
1838 4182 1900 4222 ro
1936 4166 2089 4220 vivit.
2125 4164 2413 4219 Solitarius
2447 4164 2619 4217 multo
2644 4162 2850 4233 ieiunio
2901 4164 3176 4234 multaque
3205 4168 3402 4221 mentis

159 4256 472 4314 ἅπτεσθαι.
520 4256 698 4322 Κέλλη
752 4255 852 4326 μὲν
881 4254 1191 4325 ήσυχαστοῦ
1241 4253 1593 4325 περιορισμδς
1631 4252 1739 4304 σώ-

1736 4284 1739 4293 ν
1838 4258 2142 4314 constantia
2191 4256 2414 4325 indiget.
2444 4254 2619 4309 Priori
2646 4255 2725 4325 (ιι)
2755 4256 2871 4326 (seu
2904 4257 3217 4328 cmnobitae.)
3261 4272 3403 4326 sai-pc

163 4367 376 4421 ματος,
412 4348 620 4402 ἔνδοθεν
664 4346 862 4416 ἔχουσα
903 4342 1048 4399 οἷκον
1096 4345 1365 4414 γνώσεως.
1418 4346 1477 4400 '0
1510 4344 1741 4415 ψυχικὸν

1737 4363 1741 4386 ’
1840 4352 1976 4407 alter
2002 4365 2159 4419 Opem
2189 4348 2346 4414 tulit;
2374 4348 2527 4402 alteri
2559 4358 2738 4403 autem
2765 4363 2862 4403 seu
2903 4350 3149 4404 solitario
3179 4351 3404 4419 angelus

156 4443 355 4506 πάθος
386 4439 575 4504 νοσῶν,
596 4439 691 4492 καὶ
716 4439 943 4509 ἡσυχίαν
974 4436 1216 4509 [ἡσυχίᾳ]
1248 4437 1537 4509 ἐπιχειρῶν
1559 4438 1743 4509 ὅμοιός

1737 4455 1743 4497 :
1842 4440 2128 4497 succurrit.
2148 4439 2414 4509 Angelica:
2434 4441 2659 4496 virtutes
2681 4455 2805 4495 cum
2828 4441 3070 4495 solitario
3094 4439 3404 4513 [spirituali]

158 4539 292 4590 ἐστι
340 4531 422 4603 τῷ
455 4534 513 4586 ὲν
562 4532 643 4602 τῷ
686 4532 912 4599 πελάγει
962 4532 1027 4583 ὲκ
1068 4530 1165 4600 τῆς
1193 4529 1318 4598 νηὸς
1351 4529 1740 4599 έκπηδήσαντι.
1776 4528 1817 4582 D

1736 4570 1740 4587 .
1776 4528 1817 4582 ι)
1845 4532 2073 4585 libenter
2104 4540 2416 4593 versantur,
2449 4540 2685 4601 aguntet
2712 4533 3042 4587 ministrant.
3061 4531 3403 4588 Contrarium

157 4631 269 4683 καὶ
305 4629 371 4679 ὲν
420 4624 591 4678 σανίδι
635 4623 730 4675 ἐπὶ
761 4623 861 4692 τὴν
904 4620 1009 4691 γῆν
1050 4619 1344 4683 ἀκινδύνως
1391 4620 1611 4689 φθάνειν
1660 4620 1744 4673 δο-

1740 4650 1744 4661 ι
1846 4640 1953 4680 non
1983 4636 2066 4679 est
2082 4623 2221 4692 quod
2249 4622 2346 4677 tibi
2370 4623 2569 4678 dicam.
2596 4622 2918 4694 Dogmatum
2949 4624 3180 4678 altitudo
3213 4637 3296 4677 est
3324 4625 3407 4677 lu-

159 4719 375 4774 κοῦντι
405 4733 420 4747 ⁶
470 4716 583 4769 ὅσοι
610 4718 678 4784 τῇ
712 4712 866 4783 πηλῷ
916 4712 1198 4782 μάχονται,
1236 4710 1443 4774 τούτοις
1471 4713 1527 4764 ἐν
1571 4710 1746 4783 καιρῷ

1744 4740 1746 4754 ι
1850 4729 1983 4785 gens
2013 4723 2070 4768 et
2117 4714 2385 4784 profunda
2419 4713 2473 4766 in
2512 4727 2633 4782 qua
2670 4728 2824 4768 mens
2862 4714 3090 4769 solitarii
3141 4730 3250 4768 nou
3293 4716 3411 4769 sine

156 4811 373 4879 οίκείῳ
403 4809 438 4878 ἡ
468 4806 668 4878 ἡσυχία
705 4805 1053 4875 συντρέχεται
1084 4802 1182 4874 [αι.
1206 4802 1565 4873 συνέρχεταιῂ
1595 4803 1749 4873 εἴπερ

1745 4826 1749 4848 ν
1849 4806 2090 4871 periculo
2116 4822 2175 4862 se
2216 4806 2488 4861 immittet.
2511 4805 2627 4861 Non
2668 4807 2784 4861 sine
2820 4807 3132 4862 discrimine
3173 4809 3412 4863 vestibus

161 4902 271 4957 καὶ
324 4900 424 4953 τὸν
456 4897 820 4967 ἰφοδηγοῦντα
864 4896 1155 4966 κέκτηνται
1178 4912 1195 4929 ο
1246 4895 1308 4949 τὸ
1346 4896 1452 4965 γὰρ
1502 4911 1750 4966 μεμονω-

1744 4925 1750 4936 ·
1850 4897 2128 4953 involutus
2171 4906 2337 4959 natat,
2386 4912 2561 4967 neque
2601 4898 2781 4952 divina
2820 4899 3075 4967 mysteria
3117 4908 3171 4953 et
3214 4914 3411 4952 arcana

162 4994 353 5065 μένον
408 4988 703 5085 ἀηελικῆς
762 4987 941 5058 ἰσχύος
990 4987 1167 5040 δέεται
1188 5003 1203 5018 ο
1256 4987 1378 5056 ἐμοὶ
1418 4985 1575 5053 λόγος
1620 4986 1749 5053 περὶ

1747 5025 1749 5035 .
1853 4988 2135 5057 theologia:
2164 4989 2309 5057 capit
2339 4988 2486 5043 vitiis
2509 4988 2797 5043 obnoxius.
2834 4987 2977 5042 Cella
3004 4989 3228 5043 solitarii
3250 4987 3414 5060 ωά.

156 5085 358 5145 ὅντως
383 5076 706 5152 ἡσυ’χαστῶν
736 5079 947 5148 σώματι
968 5078 1063 5132 καὶ
1092 5076 1382 5148 πνεύματι.
1416 5076 1749 5147 Ἠσυχαστὴς

1748 5096 1749 5102 ‘
1855 5082 2095 5137 continet
2116 5096 2333 5149 corpus,
2356 5088 2411 5134 et
2436 5080 2582 5134 intus
2601 5080 2762 5135 habet
2780 5081 3112 5135 domicilium
3136 5081 3415 5150 cogitatio-

156 5173 665 5248 ἀπορῤᾳθυμήσας
708 5169 930 5240 λαλήσει
980 5169 1145 5241 ψεύδη
1174 5210 1189 5233 ,
1249 5170 1373 5234 τοὺς
1432 5168 1752 5240 ἀνθρώπους

1750 5189 1752 5196 ι
1858 5173 1965 5227 nis.
1996 5170 2102 5237 Qui
2136 5172 2342 5227 morbis
2373 5170 2541 5225 animi
2569 5170 2798 5234 laborat,
2824 5180 2880 5225 et
2909 5182 3087 5226 tamen
3130 5173 3294 5225 vitam
3327 5187 3417 5224 so-

158 5267 353 5323 αὑτὺν
386 5262 487 5332 τῆς
518 5261 744 5331 ἡσυχίας
774 5260 978 5314 παῦσαι
1004 5261 1089 5314 διὰ
1120 5260 1228 5313 τῶν
1257 5260 1589 5331 αἰνιγμάτων
1618 5278 1752 5331 προ-

1856 5263 2089 5316 litariam
2116 5256 2277 5316 audet
2304 5261 2544 5332 aggredi,
2575 5262 2799 5330 perinde
2826 5261 2953 5316 facit
2981 5277 3046 5315 ac
3092 5264 3183 5332 qui
3213 5263 3267 5316 in
3311 5262 3418 5315 aito

156 5357 550 5432 τρεπόμενος.
581 5351 925 5421 Καταλείψας
967 5353 1066 5424 τὴν
1102 5353 1320 5420 κέλλαν,
1363 5355 1596 5407 αἰτιᾶται
1637 5354 1753 5406 δαί-

1752 5386 1753 5389 η
1858 5356 1995 5408 mari
2022 5370 2089 5407 ex
2121 5355 2243 5409 navi
2274 5354 2454 5409 desilit
2478 5354 2531 5407 in
2575 5353 2792 5417 ﬂuctus,
2832 5362 2888 5408 et
2916 5355 2968 5407 in
2999 5354 3183 5408 tabula
3232 5353 3419 5406 existi-

163 5463 391 5521 μονας,
424 5443 614 5512 λέληθε
657 5443 715 5497 δὲ
761 5443 922 5507 αὐτὸς
968 5443 1146 5513 ἑαυτῷ
1190 5445 1397 5516 δαίμων
1444 5444 1752 5514 γενόμενος.

1858 5455 1968 5499 mat
1992 5459 2053 5500 se
2088 5446 2209 5500 sine
2231 5446 2471 5515 periculo
2497 5447 2552 5500 in
2577 5456 2789 5516 portum
2819 5460 3131 5500 evasurum.
3162 5444 3264 5510 Qui
3294 5460 3418 5499 cum

163 5538 344 5594 Ειδον
400 5531 728 5602 ἡσυχαστάς.
777 5532 870 5585 καὶ
900 5531 998 5602 τὴν
1031 5532 1365 5604 φλεγομένην
1396 5534 1575 5588 αὐτῶν
1621 5534 1756 5603 πρὸς

1754 5553 1756 5560 λ
1856 5536 1971 5589 luto
2003 5538 2247 5605 corporis
2273 5548 2326 5591 et
2359 5543 2543 5593 carnis
2575 5554 2685 5593 sua:
2714 5539 3009 5597 luctantur,
3037 5538 3122 5591 his
3153 5553 3254 5591 suo
3284 5547 3421 5591 tem-

158 5630 320 5686 Θεὸν
350 5623 653 5692 ἀπιθυμίαν
679 5622 766 5676 διά
798 5622 895 5693 τῆς
918 5623 1146 5693 ἡσυχίας
1170 5626 1502 5696 ἁπληρὼτως
1537 5624 1755 5694 πληρώ-

1754 5656 1755 5663 ι
1860 5642 1989 5697 pore
2020 5630 2124 5682 vita
2149 5629 2388 5685 solitaria
2417 5631 2690 5697 convenit,
2721 5631 2766 5685 si
2800 5640 2977 5685 tamen
3012 5630 3314 5699 religiosum
3340 5631 3421 5683 vi-

244 5803 340 5875 (a)
376 5799 554 5855 Voces
577 5802 721 5867 prior
784 5810 838 5855 et
876 5802 1134 5867 posterior
1174 5812 1354 5854 essent
1390 5804 1797 5859 commutanda.
1836 5801 2037 5874 Nempe
2071 5806 2215 5875 prior
2270 5818 2351 5862 est
2400 5808 2709 5875 solitarius;
2768 5812 2899 5866 alter
2956 5810 3244 5867 coenobita.

499 5888 767 5950 ΡΑπιοι..
811 5890 925 5949 Gn.
966 5890 1324 5952 LXXXVIII.
2026 5952 2031 5961 ,

2026 5952 2031 5961 .
3099 5901 3168 5962 35
