4222 6448
212 410 295 465 ξῗν
1092 422 1311 479 Μ’ῘᾹῘΛ
1358 423 1724 482 ΡΑΒΜΜΞΙ.
1766 450 1829 459 -
1869 428 2169 486 θηλυυς
2209 431 2433 488 XXV“.

327 527 454 586 Μιρι
496 524 768 591 {Iugo/sic
800 530 892 580 ml
924 529 1263 597 διιικίίσεως
1294 536 1579 604 ήστηιχιῶν.

3228 431 3354 493 11Οὸ

1753 546 1796 598 Α
1862 542 1933 595 De
1958 544 2255 610 differentia
2295 556 2342 597 et
2375 547 2673 599 discriminc
2707 549 2957 616 religiosa!
3003 530 3318 604 solitudinis.

1506 669 1627 730 (Sub
1652 675 1824 723 eodem
1849 674 2039 738 gradu.)
2072 736 2073 739 η

266 755 377 805 liis!
420 756 547 817 (καὶ
587 757 741 809 τοῦτο
782 762 912 810 ’τὶς-ι
944 762 1242 831 γνώριμον)
1280 770 1338 818 εν
1376 777 1571 830 πασαις
1608 774 1734 833 ταῖς

200 859 300 893 των
345 846 656 912 ἐπιστημῶν
689 852 1062 913 καταστάσεσι,
1107 855 1337 922 γνωμῶν
1386 862 1477 908 καὶ
1526 857 1726 925 βουλῶν

198 936 471 1005 διαφοραί·
520 938 579 990 οὑ
612 939 719 1007 γὰρ
763 942 975 994 πάντων
1013 943 1188 995 πάντα
1223 945 1289 998 τὰ
1332 946 1509 998 τέλεια
1546 948 1611 1000 δι’
1646 948 1727 999 ἕν-

199 1026 336 1078 δειαν
369 1027 620 1097 σπουδῆς,
667 1031 700 1099 ῆ
745 1032 837 1083 καὶ
881 1032 946 1084 δι’
975 1034 1206 1099 ἀπορίαν
1237 1035 1532 1104 δυνάμεως.
1578 1039 1729 1091 Εἰσὶν

198 1117 246 1166 οἱ
290 1117 377 1167 ἐπὶ
407 1118 495 1169 τὸν
527 1119 715 1187 λιμένα
760 1122 963 1184 τοῦτον,
1000 1124 1196 1192 μᾶλλον
1240 1125 1295 1176 δὲ
1337 1128 1398 1177 τὸ
1428 1127 1658 1195 πέλαγος
1694 1128 1728 1198 ἢ

198 1205 328 1272 τάχα
358 1210 446 1259 τὸν
480 1208 657 1276 βυθὸν,
690 1213 1053 1282 εἰσερχόμενοι
1080 1214 1147 1266 δι’
1176 1216 1452 1271 ἀσθένειαν
1482 1218 1573 1271 τοῦ
1601 1220 1729 1272 ἑαυ-

199 1292 299 1345 τῶν
326 1295 583 1364 στόματος
606 1301 704 1367 (I),
727 1302 819 1352 καὶ
844 1300 1087 1370 σώματος
1114 1302 1199 1355 διὰ
1228 1304 1489 1375 πρόληψιν
1514 1322 1528 1335 ⁸
1556 1308 1729 1377 ἕτεροι

198 1385 440 1452 ἀκρατῶς
481 1388 614 1455 πρὸς
664 1389 833 1461 Θυμὸν
878 1392 1105 1461 ἔχοντες,
1163 1396 1255 1447 καὶ
1310 1400 1447 1466 μετὰ
1496 1398 1729 1469 πλήθους

200 1478 461 1546 κρατῆσαι
491 1479 678 1533 τοῦτον
726 1484 802 1555 μὴ
860 1485 1141 1555 δυνάμενοι
1171 1489 1221 1540 οἱ
1267 1489 1492 1553 τάλανες
1517 1507 1529 1520 ·
1586 1492 1732 1545 ἄλλοι

202 1569 499 1640 ἰδιορυθμίᾳ
535 1573 732 1641 μᾶλλον
761 1576 859 1644 (2),
894 1578 926 1646 ἢ
955 1579 1145 1649 tam;
1171 1581 1229 1646 ἐξ
1254 1583 1516 1651 οἰκήσεως
1550 1584 1730 1637 πλέειν

200 1660 520 1729 σκεψάμενοι
544 1680 559 1693 ο
587 1664 759 1736 ἕτεροι
793 1668 868 1737 μὴ
898 1668 1181 1737 δυνάμενοι
1209 1671 1267 1722 ἑν
1301 1672 1445 1741 μέσῳ
1472 1674 1571 1741 τῆς
1600 1673 1730 1743 ὓλης

198 1750 304 1803 τῶν
327 1752 465 1804 ὑλῶν
495 1754 792 1824 ἀπέχεσθαι
817 1773 830 1785 ·
886 1759 1030 1822 τινὲς
1076 1761 1195 1828 μὲν,
1250 1762 1336 1814 ἵνα
1369 1763 1641 1817 σπουδαῖοι
1669 1767 1732 1818 ὲκ

199 1843 294 1907 τῆς
322 1842 562 1907 ίδιὰσεως
594 1847 851 1913 γένωνται
868 1864 879 1876 ⁸
916 1848 1061 1902 ἄλλοι
1089 1851 1173 1902 ἵνα
1202 1852 1489 1918 ἀγνώστως
1514 1854 1733 1917 ἑαυτοὺς

201 1933 337 2002 ὑπὲρ
378 1935 613 1987 εὑίιυνῶν
651 1938 900 1991 αίκίσωσι
946 1938 1281 2013 [κολάσωσι]
1311 1960 1324 1973 ·
1370 1945 1511 2007 τινες
1540 1945 1616 2005 δὲ,
1648 1946 1734 1998 ἵνα

198 2024 286 2073 διὰ
313 2026 509 2093 ταύτης
554 2029 707 2093 δόξαν
756 2033 962 2094 ἑαυτοῖς
1006 2036 1486 2104 περιποιήσωνται.
1534 2036 1653 2090 Εἰσὶ
1682 2037 1739 2090 δὲ
1768 2028 1808 2082 Β

201 2116 373 2184 ἕτεροι
430 2121 500 2185 (εί
537 2121 644 2190 ἄρα
674 2122 841 2174 ἐλθὼν
866 2124 894 2176 ὁ
934 2125 1057 2187 Υἱὸς
1081 2124 1174 2178 τοῦ
1203 2126 1486 2197 ἀνθρώπου
1520 2129 1737 2199 εὑρήσει

200 2208 337 2257 τ”τίί
354 2226 461 2269 ιτυς
488 2212 577 2262 ἐπὶ
608 2215 699 2281 τῆς
730 2213 854 2282 γῆς)
882 2215 967 2268 διὰ
993 2219 1202 2287 τρυφὴν
1234 2220 1324 2271 καὶ
1351 2218 1507 2287 δίψαν
1531 2220 1627 2288 τῆς
1647 2219 1737 2271 τοῦ

200 2298 331 2349 iris-.3
364 2302 599 2368 ἀγάπης,
630 2305 723 2355 καὶ
762 2304 1092 2373 γλυκύτητος
1122 2309 1188 2376 τῇ
1216 2309 1337 2378 ὁσίᾳ
1362 2308 1527 2379 ταύτῃ
1556 2307 1740 2371 συζευ-

198 2389 432 2453 χετεντες,
485 2392 546 2442 οὐ
579 2393 839 2463 πρότερον
887 2394 1043 2448 τοῦτο
1087 2399 1408 2467 ποιήσαντες
1435 2401 1563 2469 πρὶν
1592 2399 1741 2470 πάσῃ

197 2479 393 2548 ἀκηδίᾳ
420 2481 741 2534 ἀποστάσιον
766 2484 1024 2537 δεδώκασι
1053 2488 1150 2555 (5).
1193 2488 1405 2557 Ταύτης
1428 2488 1533 2558 γὰρ
1557 2490 1589 2558 ή
1626 2507 1744 2542 συν·

204 2572 382 2630 ἀίζζνλ,
435 2574 652 2640 πορνεία
698 2578 848 2639 παρὰ
889 2578 954 2646 τῇ
999 2577 1238 2648 προτέρᾳ
1281 2579 1556 2648 κρίνεται·
1604 2580 1744 2634 κατὰ

197 2661 295 2727 τὴν
322 2660 517 2726 γνῶσιν
543 2663 640 2733 τὴν
668 2664 828 2734 ψιλὴν
856 2667 953 2736 τὴν
980 2669 1220 2722 δοθεῖσάν
1252 2687 1363 2739 μοι,
1396 2669 1470 2733 ὡς
1495 2671 1555 2723 οὑ
1584 2672 1744 2739 σοφὸς

197 2750 532 2816 ἁρχιτέκτων
566 2754 806 2823 κλίμακα
851 2758 1163 2822 ἀναϐάσεως
1196 2761 1540 2831 πεπελέκηκα
1565 2777 1579 2791 °
1616 2762 1743 2814 ἕκα-

199 2854 321 2899 στος
349 2839 404 2890 δὲ
429 2841 610 2895 λοιπὸν
642 2845 882 2912 βλεπέτω
911 2848 969 2899 ἐν
1004 2848 1131 2917 ποία
1158 2848 1374 2920 βαθμίδι
1408 2850 1656 2921 ἕστηκεν.
1689 2850 1746 2914 ἐξ

201 2924 567 2995 ίὸιορυθμίας,
616 2930 703 2984 διὰ
755 2932 912 2996 δόξαν
963 2934 1293 3004 ἀνθρώπων,
1350 2938 1417 2990 δι’
1468 2938 1748 2994 ἀσθένειαν

199 3011 450 3082 γλώσσης
477 3031 491 3044 '
537 3016 604 3069 δι’
632 3021 899 3088 ἀκρασίαν
931 3020 1125 3092 θυμοῦ,
1157 3022 1245 3076 διὰ
1273 3025 1473 3093 πλῆθος
1506 3043 1748 3097 προσπα-

199 3102 371 3167 θείας,
403 3105 487 3158 ἵνα
518 3108 744 3172 εὐθύνας
774 3110 1014 3176 τίσωσιν,
1046 3113 1135 3167 ἵνα
1163 3114 1436 3168 σπουδαῖοι
1464 3116 1745 3184 γένωνται,

182 3194 287 3273 ’ἵνα
328 3193 438 3264 πῦρ
466 3198 597 3266 πυρὶ
625 3199 1058 3269 προσλάϐωνται.
1096 3202 1371 3256 Ἔσονται
1416 3205 1472 3257 oZ
1503 3203 1748 3272 ἔσχατοι

196 3281 438 3351 πρῶτοι,
474 3285 572 3339 καὶ
609 3291 662 3341 οἱ
695 3288 910 3356 πρῶτοι
936 3290 1201 3360 ἔσχατοι.
1249 3293 1313 3345 Δί
1353 3291 1451 3362 μὲν
1484 3293 1621 3346 ἑπτὰ
1648 3294 1747 3363 τῆς

196 3374 455 3446 ἑϐδόμης,
485 3376 576 3430 τοῦ
609 3378 703 3431 νῦν
740 3381 875 3433 είσιν
905 3381 1157 3450 ἐργασίαι
1188 3398 1203 3413 ·
1250 3384 1304 3435 αί
1337 3382 1434 3452 μὲν
1457 3384 1662 3449 δεκταὶ,
1688 3385 1746 3436 αί

195 3467 253 3518 δὲ
283 3468 495 3521 ἄδεκτοι
516 3486 531 3501 ο
563 3471 594 3537 ή
617 3470 674 3522 δὲ
694 3471 848 3541 ὀγδόη
874 3471 1111 3541 δηλονότι
1131 3472 1224 3525 τοῦ
1249 3472 1528 3542 μέλλοντος
1555 3472 1747 3535 αίῶνος

198 3560 508 3629 σημαντικὴ
538 3561 790 3631 ὑπάρχει.
843 3564 1138 3634 Ἐπιτήρει,
1169 3556 1213 3617 ὦ
1252 3564 1470 3635 μοναχὲ,
1508 3580 1750 3634 μεμονω-

199 3652 329 3721 μὲνε
356 3652 557 3722 θηρίων
585 3653 728 3723 ῶρας
754 3672 766 3684 ·
808 3658 855 3718 εί
886 3657 942 3710 δὲ
1096 3657 1156 3710 οὑ
1183 3657 1385 3730 δυνήσῃ
1410 3656 1749 3728 ἁρμοζούσας

124 3730 132 3735 ’
194 3742 299 3805 τὰς
329 3743 561 3809 παγίδας
590 3745 763 3815 ίστᾷν,
800 3748 849 3797 εἰ
887 3746 1095 3816 ἀπέστη
1130 3748 1343 3811 τελείως
1371 3750 1404 3817 ή
1429 3749 1490 3801 τὸ
1512 3748 1751 3801 ἀποστά-

197 3847 318 3883 σιον
346 3831 600 3894 λαϐοῦσα,
649 3835 897 3902 περιττὸν
930 3835 989 3887 τὸ
1025 3836 1182 3905 ἔργον
1204 3852 1219 3868 ο
1263 3838 1311 3889 εί
1339 3836 1397 3888 δὲ
1428 3836 1506 3889 ἔτι
1552 3854 1753 3908 προπε-

193 3921 437 3984 τεὺεται,
468 3921 528 3973 οὑ
558 3921 807 3989 γινώσκω
842 3922 959 3985 πῶς
994 3924 1269 3993 ήσυχάσω.
1316 3925 1381 3977 Τί
1412 3926 1476 3994 δή
1521 3944 1650 3979 ποτε
1689 3928 1749 3980 οὑ

192 4009 443 4063 τοσοῦτοι
473 4011 619 4080 παρὰ
640 4014 753 4074 τοῖς
780 4012 944 4075 ὁσίοις
967 4012 1433 4083 Τασεννησιιίνταις
1462 4017 1510 4068 oi
1537 4017 1753 4086 φωστῆ-

197 4120 295 4173 ρες
327 4102 424 4172 (4),
471 4103 583 4156 ὅσοι
616 4102 767 4171 παρὰ
806 4106 917 4165 τοῖς
951 4103 1285 4175 Σκητιώταις
1326 4105 1654 4172 γεγόνασιν;
1695 4109 1755 4160 Ὀ

195 4193 338 4247 νοῶν
372 4194 557 4247 νοείτω
584 4210 599 4223 θ
655 4195 766 4262 ἐγὼ
795 4193 901 4265 γὰρ
926 4194 1103 4264 λέγειν
1129 4196 1192 4249 οὑ
1220 4195 1449 4267 δύναμαι
1485 4197 1583 4267 (5),
1621 4198 1755 4267 μᾶλ-

193 4287 294 4339 λον
331 4285 390 4339 δὲ
428 4286 487 4339 οὑ
522 4285 799 4356 βούλομαι.
846 4289 908 4340 Οί
941 4288 1037 4358 μὲν
1064 4288 1136 4341 τὰ
1171 4288 1314 4358 πάθη
1351 4290 1626 4359 μειοῦντες
1655 4290 1755 4359 (6),

192 4384 247 4434 οἱ
286 4380 343 4434 δὲ
388 4380 705 4449 ψάλλοντες,
757 4382 850 4433 καὶ
894 4382 956 4434 τὸ
1007 4383 1253 4437 πλεῖστον
1292 4386 1348 4437 ὲν
1379 4388 1443 4455 τῇ
1485 4389 1756 4456 προσευχῇ

197 4474 597 4544 καρτεροῦντες
630 4472 733 4545 [τῇ
760 4477 1030 4547 προσευχῇ
1064 4476 1626 4548 προσκαρτεροῦντες]
1651 4493 1668 4510 ο
1708 4480 1759 4529 οἱ

1899 775 2082 830 Solent
2121 790 2241 831 esse
2270 780 2435 847 (quod
2467 778 2676 846 ignorat
2720 781 2899 847 nemo)
2931 782 2981 834 in
3016 782 3162 835 omni
3190 781 3360 833 scien-

1826 867 2020 919 tiarum
2066 881 2260 934 genere
2299 869 2685 922 sententiarum
2724 879 2778 923 et
2810 871 3145 925 voluntatum
3175 870 3363 924 discri-

1826 957 1994 1010 mina.
2029 954 2209 1023 Neque
2251 959 2393 1011 enim
2443 960 2684 1012 omnium
2727 961 2910 1015 omnia
2950 972 3075 1015 sunt
3103 960 3363 1029 perfecta,

1829 1046 2023 1115 partim
2050 1047 2191 1116 quod
2215 1048 2336 1102 aliis
2354 1049 2490 1104 desit
2515 1052 2750 1104 studium
2767 1059 2821 1103 et
2839 1051 3144 1120 diligentia;
3174 1052 3365 1119 partim

1830 1143 2047 1202 propter
2091 1133 2395 1189 facultatem
2428 1145 2481 1189 et
2521 1136 2812 1206 ingenium.
2857 1138 2994 1190 Sunt
3014 1138 3107 1205 qui
3133 1139 3196 1189 ad
3227 1136 3369 1189 hunc

1829 1235 2042 1291 portum
2079 1225 2359 1292 (solitariae
2389 1228 2550 1295 vitae).
2586 1228 2665 1280 vel
2696 1229 2874 1296 potius
2904 1228 3121 1296 pelagus
3147 1237 3238 1281 aut
3265 1242 3369 1279 tua-

1829 1320 1904 1369 ris
1936 1316 2257 1385 profundum
2290 1320 2658 1388 ingrediuntur
2688 1316 2901 1389 propter
2928 1320 3369 1374 incontinentiam

1831 1406 2025 1476 lingua:
2066 1415 2118 1460 et
2162 1409 2454 1464 inveterata
2492 1411 2735 1478 corporis
2768 1420 2822 1463 et
2867 1410 3046 1463 carnis
3098 1409 3224 1460 vitia
3268 1406 3366 1475 (a).

1833 1497 1973 1549 Sunt
2013 1498 2104 1565 qui
2155 1498 2288 1552 iram
2332 1498 2539 1553 frenare
2580 1500 2717 1553 inter
2759 1500 2957 1554 mullos
2988 1514 3094 1552 non
3142 1500 3367 1567 possint,

1830 1590 1971 1658 quod
2020 1591 2085 1642 ad
2115 1604 2232 1643 eam
2262 1593 2557 1660 prmcipites
2588 1592 2871 1656 feruntur;
2906 1594 2997 1661 qui
3024 1609 3152 1646 sane
3190 1593 3370 1645 miseri

1833 1684 1981 1731 sunt.
2020 1675 2155 1728 Sunt
2202 1680 2293 1745 qui
2324 1694 2384 1731 ex
2421 1680 2585 1731 animi
2621 1680 2849 1734 elatione
2893 1681 3080 1733 inalint
3106 1695 3203 1732 suo
3232 1682 3373 1732 arbi-

1834 1777 1997 1827 tratu,
2031 1783 2189 1835 quam
2225 1771 2403 1823 alieno
2450 1772 2613 1824 ductu
2664 1782 2715 1824 et
2748 1771 3053 1842 magisterio
3095 1772 3370 1840 navigare.

1832 1859 1933 1910 Alii
1969 1859 2109 1927 quod
2144 1862 2192 1912 iu
2234 1864 2479 1929 prazsenti
2530 1878 2817 1931 corporum
2867 1873 2920 1916 et
2949 1863 3185 1915 materia:
3226 1864 3376 1929 copia

1835 1965 1937 2002 non
1966 1962 2187 2019 possunt
2210 1954 2279 2007 ab
2300 1955 2385 2008 illa
2403 1956 2669 2009 abstinuere
2694 1976 2707 2022 ;
2733 1957 2821 2011 alii
2847 1966 2903 2011 ut
2923 1974 2986 2010 ex
3011 1956 3203 2026 quietis
3221 1956 3381 2027 410

1840 2042 2129 2098 solitudine
2161 2045 2525 2116 diligentiores
2554 2047 2719 2113 ﬁant;
2746 2049 2837 2102 alii
2870 2059 2927 2104 ut
2960 2050 3014 2102 in
3038 2059 3247 2103 secreto
3276 2065 3380 2117 pa;-

1839 2148 1937 2187 nas
1974 2149 2003 2187 a
2039 2151 2096 2191 se
2129 2138 2260 2207 ipsis
2294 2155 2385 2207 per
2415 2141 2636 2195 verbera
2670 2153 2890 2211 propter
2918 2144 3103 2212 culpas
3130 2152 3185 2198 et
3212 2159 3383 2197 noxas

1838 2224 2086 2295 exigant;
2131 2230 2217 2283 alii
2248 2241 2304 2284 ut
2339 2233 2559 2302 gloriam
2595 2234 2696 2304 sibi
2739 2250 2831 2303 per
2872 2235 3009 2289 banc
3038 2245 3375 2303 comparent.

1837 2317 1941 2372 Alii
1962 2319 2191 2389 denique
2208 2322 2276 2391 (si
2302 2331 2479 2379 tamen
2503 2326 2641 2381 ullos
2660 2326 2925 2395 ejusmodi
2949 2326 3114 2380 Filius
3146 2325 3381 2380 hominis

1839 2407 1930 2460 ubi
1964 2412 2189 2474 venerit,
2222 2414 2276 2466 in
2307 2423 2446 2468 terra
2474 2426 2783 2485 reperturus
2804 2419 2905 2481 est)
2929 2428 3146 2487 propter
3165 2416 3387 2471 delicias

1841 2498 2115 2563 cmlcstes,
2139 2510 2193 2554 et
2231 2503 2378 2557 sitim
2422 2505 2618 2559 divina:
2664 2506 2947 2560 cltaritatis
2989 2518 3043 2562 et
3087 2507 3386 2561 dulcedinis

1841 2603 1965 2642 cum
2005 2588 2107 2644 bac
2154 2606 2213 2646 se
2249 2595 2591 2648 sanctissima
2635 2597 2816 2665 quiete
2853 2596 3001 2649 velut
3034 2597 3261 2665 conjuge
3288 2596 3386 2649 de-

1842 2678 2148 2747 vinxerunt,
2197 2683 2340 2751 quod
2373 2694 2549 2738 tamen
2594 2700 2700 2738 non
2746 2694 2870 2739 ante
2921 2686 3183 2749 fecerunt,
3223 2702 3386 2754 quam

1843 2767 2080 2829 libellum
2114 2773 2317 2841 repudii
2362 2774 2578 2830 desidia:
2609 2786 2663 2830 et
2694 2778 2911 2840 accdiaa,
2942 2775 3223 2829 dederunt.
3253 2774 3391 2829 Nam

1845 2852 1965 2927 ejus
1990 2875 2113 2914 cum
2146 2863 2345 2931 priore,
2377 2866 2561 2920 acedia
2594 2866 2836 2936 inquam,
2858 2867 3189 2935 conjunctio,
3217 2865 3387 2935 forni-

1847 2950 1991 3005 catio
2032 2962 2302 3008 censetur.
2339 2951 2450 3024 Ego
2480 2956 2625 3010 velut
2654 2972 2762 3010 non
2803 2957 3024 3026 sapiens
3067 2955 3390 3010 architectos

1845 3056 1944 3111 pro
1978 3044 2123 3097 tenui
2148 3044 2454 3115 cognitione
2486 3046 2618 3099 mihi
2641 3045 2767 3101 data
2797 3047 2939 3101 scala
2970 3046 3107 3099 hanc
3135 3060 3390 3100 ascensus

1845 3136 2105 3189 exstruxi.
2125 3133 2390 3190 Ceterum
2415 3136 2609 3207 singuli
2635 3138 2854 3192 videant
2873 3138 2925 3191 in
2945 3153 3053 3207 quo
3074 3136 3238 3206 gradu
3264 3150 3390 3189 con-

1847 3223 2058 3279 sistant.
2090 3223 2171 3278 An
2210 3240 2277 3279 ex
2317 3227 2527 3281 ratione
2564 3242 2663 3297 pro
2687 3242 2788 3283 suo
2832 3228 3093 3282 arbitratu
3141 3224 3389 3289 vivendi;

1771 3346 1814 3405 ο
1849 3329 1919 3369 an
1971 3324 2187 3384 propter
2219 3317 2447 3385 gloriam
2497 3317 2567 3371 ab
2600 3317 2911 3372 hominibus
2943 3318 3389 3387 exspectandam;

1846 3416 1913 3455 an
1949 3413 2167 3472 propter
2210 3405 2401 3474 linguae
2444 3405 2921 3470 incontinentiam;
2955 3422 3023 3463 an
3067 3406 3137 3459 ob
3179 3406 3394 3458 iracun-

1843 3495 1969 3548 dum
1996 3494 2262 3564 ingenium
2286 3514 2301 3561 ;
2324 3513 2389 3549 an
2424 3495 2715 3552 affectuum
2749 3498 3119 3567 improborum
3152 3497 3394 3565 c0piam;

1846 3600 1915 3638 an
1948 3594 2009 3639 ut
2035 3585 2223 3654 culpas
2249 3586 2430 3651 luant;
2467 3601 2534 3639 an
2568 3596 2627 3641 ut
2649 3587 3017 3656 diligentiores
3048 3587 3210 3650 ﬁant;
3246 3603 3312 3639 an
3340 3596 3401 3639 ut

1850 3677 2026 3746 ignem
2049 3676 2157 3746 igni
2187 3676 2303 3746 (per
2330 3678 2907 3747 cltaritatem)addant.
2944 3677 3113 3731 Erunt
3137 3678 3399 3732 novissimi

1846 3765 2029 3832 primi,
2072 3775 2122 3817 et
2156 3766 2312 3833 primi
2353 3768 2619 3821 nouissimi
2648 3769 2714 3823 ".
2764 3767 2840 3822 Ex
2889 3770 2973 3823 his
3000 3779 3233 3837 septemc
3272 3756 3398 3821 sunt

1850 3853 2199 3910 hebdomadis
2246 3856 2405 3924 hujus
2436 3858 2716 3925 praesentis
2741 3859 2862 3912 vita:
2896 3858 3256 3926 operationes,
3283 3857 3401 3910 alia:

1850 3943 1961 3999 Deo
1993 3955 2189 4014 grata;
2214 3946 2331 3998 alia:
2364 3946 2623 4014 ingrata:
2657 3955 2843 4002 octava
2873 3949 2987 4001 sine
3015 3949 3178 4002 dubio
3204 3956 3287 4001 est
3322 3948 3401 4001 fu-

1852 4034 1956 4088 turi
1971 4034 2153 4088 muli
2181 4034 2360 4088 index.
2376 4033 2636 4103 Observa,
2654 4051 2691 4092 ο
2711 4039 2994 4103 monache,
3018 4041 3108 4108 qui
3136 4041 3284 4095 solus
3306 4042 3397 4095 dc-

1854 4123 1953 4193 gis,
1982 4121 2216 4177 ferarum
2248 4134 2510 4194 tempora.
2544 4126 2697 4191 Quod
2726 4127 2831 4183 nisi
2866 4127 3083 4193 feceris,
3119 4147 3222 4184 non
3246 4142 3398 4201 pote-

1853 4211 1931 4266 ris
1960 4220 2114 4280 aptas
2146 4212 2253 4269 illis
2282 4214 2598 4284 laqueorum
2634 4216 2863 4272 insidias
2888 4230 3123 4274 nectere.
3164 4220 3220 4275 Si
3262 4223 3403 4293 igua-

1854 4300 1937 4354 via
1964 4317 2082 4372 quae
2106 4302 2345 4359 libellum
2380 4306 2585 4375 repudii
2612 4309 2836 4377 accepit,
2873 4311 3086 4379 penitus
3119 4312 3399 4375 abscessit,

1859 4408 1964 4446 nou
1996 4392 2098 4449 erit
2126 4409 2264 4465 opus
2290 4397 2460 4451 multo
2484 4398 2687 4452 labore.
2722 4396 2779 4452 Si
2806 4399 2981 4454 adhuc
3009 4402 3311 4469 importune
3346 4420 3402 4456 se

1859 4480 2071 4549 ingerit,
2089 4497 2194 4536 non
2212 4483 2368 4537 video
2391 4484 2663 4553 quomodo
2684 4485 3028 4540 solitudinem
3056 4489 3223 4541 colam
3249 4489 3402 4560 [con-

195 4566 260 4619 δὲ
291 4568 360 4636 τῇ
406 4566 607 4638 θεωρίᾳ
648 4564 976 4629 ἀτενίζοντες
1023 4564 1134 4635 [αι.
1171 4569 1325 4623 deest
1367 4570 1425 4621 ὲν
1462 4569 1540 4638 τῷ
1576 4569 1759 4641 βυθῷ]

1859 4570 2178 4642 quiescam].
2208 4571 2369 4646 βιι
2402 4571 2540 4639 Quid
2556 4582 2639 4628 est
2659 4572 2800 4642 quod
2826 4589 2931 4627 non
2954 4585 3063 4629 tam
3084 4580 3245 4631 multa
3265 4580 3402 4647 apud

194 4655 475 4723 διάγουσι,
516 4657 659 4710 κατὰ
704 4657 793 4709 τὸν
822 4647 920 4725 τῆς
950 4654 1214 4725 κλίμακος
1252 4657 1448 4725 τρόπον
1477 4658 1761 4729 ζητηθήτω
1789 4678 1814 4738 ι

1789 4678 1838 4738 D
1866 4671 2085 4717 sanctos
2118 4660 2543 4719 Tabennesiotas
2575 4672 2884 4717 sanctorum
2933 4666 3137 4722 lumina
3182 4667 3398 4723 fuerint.

198 4754 270 4805 τὸ
301 4753 592 4824 πρόδλημα
616 4773 629 4786 ι
662 4756 692 4808 ὁ
715 4753 925 4825 χωρῶν,
953 4754 1011 4806 ὲν
1039 4751 1225 4822 Κυρίῳ
1247 4753 1514 4822 χωρείτω.
1799 4752 1803 4758 ’

1799 4752 1803 4758 ”
1863 4766 2024 4821 quam
2058 4754 2197 4821 apud
2229 4752 2661 4819 Seetiotas?Qui
2702 4754 2953 4825 intelligit
2993 4757 3266 4827 intelligat,
3304 4771 3404 4823 ego

201 4860 436 4898 causam
473 4846 823 4914 pronuntiare
852 4859 954 4899 non
984 4858 1224 4913 possum,
1284 4852 1376 4895 aut
1415 4845 1594 4912 potius
1669 4845 1815 4898 nolo.
1858 4842 2056 4898 Eorum
2087 4846 2181 4912 qui
2244 4844 2439 4911 inhoc
2470 4843 2734 4914 profundo
2772 4847 3077 4902 solitudinis
3122 4848 3402 4917 (tanquam

200 4934 426 5005 pelago)
451 4944 740 4992 versantur
773 4952 789 4999 ;
819 4934 910 4989 alii
944 4935 1166 4990 vitiosos
1198 4931 1416 4988 affectus
1449 4936 1648 4989 sensim
1678 4935 2006 4989 imminuent
2032 4950 2065 5009 ;‘
2088 4933 2179 4987 alii
2244 4934 2297 4989 in
2336 4934 2631 5004 psalmodia
2679 4946 2734 4993 et
2762 4938 2817 4993 in
2842 4938 3087 5008 precibus
3113 4937 3404 5005 plurimum

203 5027 478 5098 temporis
522 5036 577 5084 et
605 5029 767 5084 studii
832 5039 1070 5099 ponunt;
1111 5030 1201 5084 alii
1251 5027 1690 5097 contemplationi
1738 5042 1796 5083 se
1830 5027 2052 5083 dedunt.
2087 5024 2242 5092 Quod
2283 5027 2555 5095 problema
2594 5043 2661 5083 ex
2725 5029 2997 5100 proposito
3039 5027 3197 5083 scala:
3244 5032 3407 5091 modo

202 5120 629 5190 disquirendum
659 5137 742 5179 est
765 5142 780 5178 :
811 5126 905 5195 qui
930 5126 1094 5196 capit,
1116 5123 1168 5177 in
1194 5120 1419 5199 Domino
1447 5120 1644 5189 capiat.

286 5215 411 5267 Εἰσὶ
439 5216 673 5287 ῥᾴθυμοι
698 5218 870 5289 ψυχαὶ
920 5222 979 5273 ὲν
1008 5216 1255 5286 κοινοὸίῳ
1294 5215 1751 5284 παραγενόμεναι,

201 5302 316 5355 καὶ
346 5303 460 5358 τῶν
497 5306 634 5361 ὑλῶν
661 5309 759 5378 τῆς
794 5309 1002 5364 ἑαυτῶν
1045 5307 1315 5381 ῥᾳθυμίας
1362 5304 1751 5376 εὑπορήσασαι,

202 5395 301 5473 είς
338 5393 547 5449 τελείαν
596 5398 870 5465 ἀπώλειαν
909 5402 1265 5473 κατήντησαν.
1304 5395 1410 5449 Καὶ
1440 5396 1547 5448 εἰσὶ
1572 5396 1752 5462 πάλιν,

202 5467 261 5534 εί
294 5482 398 5552 τὴν
419 5485 625 5541 ἑαυτῶν
652 5488 922 5562 ρᾳθυμίαν
974 5467 1064 5547 δια
1077 5467 1172 5562 τῆς
1229 5486 1426 5556 ἑτέρων
1456 5485 1751 5555 συνδιατω·

1932 5208 2070 5262 Sunt
2115 5208 2178 5281 in
2218 5193 2482 5265 coenobiis
2531 5210 2726 5283 animat
2785 5209 3030 5278 quaedam
3081 5211 3295 5267 desides
3350 5222 3404 5267 et

1860 5301 2085 5371 ignava),
2114 5315 2236 5368 qua:
2273 5302 2552 5356 materiam
2586 5298 2814 5371 pigritiae
2863 5315 2977 5355 sua:
3002 5312 3174 5358 nacta:
3200 5304 3253 5356 in
3280 5302 3405 5355 ulti-

1863 5377 2012 5446 mum
2042 5391 2267 5446 exitium
2286 5391 2585 5462 praclpites
2606 5389 2870 5444 abierunt.
2901 5389 3040 5448 Sunt
3069 5403 3123 5449 et
3150 5393 3267 5448 alia:
3288 5407 3408 5463 qua:

1860 5483 2147 5557 segnitiem
2184 5499 2339 5543 suam
2387 5498 2483 5555 per
2526 5480 2757 5537 aliorum
2789 5485 3095 5541 convictum
3133 5495 3188 5539 et
3214 5491 3407 5540 contis.-

290 5654 341 5687 "
364 5656 555 5715 Matth.
615 5678 730 5731 ιιι,
751 5665 841 5722 50.

290 5745 372 5817 (³)
403 5745 645 5815 Quietem
670 5747 725 5811 et
756 5756 924 5814 otium
973 5755 1212 5828 corporis
1251 5753 1566 5813 seboliastes
1617 5752 1884 5826 intelligit.
