4222 6448
837 367 975 432 1107

2069 377 2129 434 S.
2151 375 2182 434 J
2189 376 2389 437 OANN
2395 378 2467 438 IS
2500 379 2802 443 CLIMACI

3896 386 4031 450 1108

829 483 1080 539 bcrnium
1109 483 1444 553 castigarunt
1470 489 1522 537 et
1552 493 1836 540 exuerunt.
1871 484 2024 552 Quod
2058 501 2165 540 uou
2199 488 2374 543 solum
2405 497 2450 551 Α
2478 507 2496 558 -ι

2358 497 2450 551 ιΑ
2478 507 2582 560 γης
2623 493 2992 547 ἀπεδύσαντο·
3050 496 3111 547 οὐ
3176 496 3331 549 μόνον
3381 497 3436 550 δὲ
3479 498 3570 550 ἐπὶ
3621 496 4025 568 ἀμελεστέρων,

829 574 1327 645 negligentioribus,
1362 575 1457 629 sed
1487 575 1903 632 studiosioribus
1927 578 2084 633 etiam
2109 594 2249 649 saepe
2273 596 2375 635 usu

829 666 995 720 venit.
1024 665 1225 722 Eadem
1263 681 1455 720 norma
1503 667 1556 721 in
1582 667 1822 722 solitaria
1855 669 1961 722 vita
1995 669 2070 722 uti
2106 670 2229 725 licet
2249 685 2374 726 cum

825 753 1081 818 dicimus,
1115 753 1258 823 quod
1291 755 1507 820 multos,
1534 756 1627 825 qui
1657 756 1765 824 apti
1796 756 2132 823 videbantur,
2160 773 2375 827 recepe-

827 846 898 898 rit
921 856 974 900 et
999 854 1184 914 postea
1226 845 1517 909 damnarit,
1549 862 1672 900 eum
1712 847 1832 902 illos
1863 863 1962 902 suo
2001 849 2263 922 arbitratu
2293 851 2373 902 vi-

827 952 951 990 vere
978 937 1224 992 volentes
1268 939 1605 1007 voluptatum
1651 939 1926 993 studiosos
1948 940 2300 1010 deprehendit
2321 951 2374 996 et

823 1028 1141 1098 redarguit:
1175 1031 1310 1083 alios
1340 1044 1470 1082 vero
1507 1040 1786 1098 susceptos
1816 1031 2007 1085 timore
2037 1042 2092 1086 et
2126 1047 2253 1086 cura
2294 1033 2374 1088 fe-

823 1118 978 1172 rendi
1011 1119 1214 1180 oneris,
1259 1120 1310 1173 id
1342 1129 1425 1174 est
1451 1120 1642 1189 judicii
1682 1121 2020 1189 pr0priarum
2070 1124 2368 1189 actionum,

823 1211 1086 1267 sollicitos
1111 1211 1324 1281 aliquos
1367 1222 1420 1266 et
1454 1214 1506 1264 in
1539 1212 1696 1265 rebus
1737 1212 1937 1268 divinis
1965 1214 2215 1270 ardentes
2243 1215 2372 1270 eﬂ'e-

820 1302 914 1358 cit.
942 1301 1110 1357 Nemo
1139 1305 1236 1358 ira:
1278 1313 1333 1358 et
1370 1305 1588 1358 elationi
1631 1304 1794 1358 animi
1824 1316 1878 1359 et
1915 1307 2244 1361 simulationi
2274 1322 2368 1362 seu

823 1395 1131 1464 hypocrisis
1156 1405 1210 1450 et
1239 1395 1560 1465 injuriarum
1584 1394 1944 1450 recordatioui
1961 1396 2246 1458 obnoxius,
2275 1411 2372 1451 au-

820 1485 946 1539 deat
992 1485 1046 1539 in
1094 1486 1440 1541 solitudinem
1471 1485 1759 1554 vestigium
1788 1500 2021 1554 ponere,
2073 1501 2140 1540 ne
2183 1496 2368 1556 Slttpoc-

819 1591 935 1630 rem
981 1575 1149 1630 animi
1196 1577 1460 1642 incurrat,
1492 1584 1546 1630 et
1579 1576 1728 1630 illum
1773 1577 1948 1632 solum
1979 1593 2044 1632 ex
2079 1578 2371 1632 solitudine

819 1666 1055 1722 fructum
1083 1655 1354 1737 reportet:
1378 1671 1460 1725 Ab
1494 1670 1577 1724 his
1604 1671 1649 1725 si
1684 1672 1810 1740 quis
1835 1669 1998 1725 fuerit
2025 1679 2365 1740 repurgatus,

818 1761 908 1816 ille
938 1762 1190 1832 deinceps
1237 1765 1514 1834 intelliget,
1545 1765 1675 1834 quid
1705 1766 1804 1820 sibi
1832 1765 2099 1834 expediat,
2133 1766 2241 1819 imo
2271 1779 2369 1820 nec

2475 581 2611 635 ἀλλά
2642 583 2733 636 καὶ
2773 584 2865 636 ἐπὶ
2905 586 3207 638 σπουδαίων
3258 587 3514 650 πολλάκις
3555 588 3614 639 τὸ
3659 587 3789 640 αὐτὸ
3810 588 4024 654 γέγονε.

2475 671 2564 740 Τῷ
2589 671 2734 742 αὐτῷ
2764 675 2946 727 κανόνι
2976 677 3069 728 καὶ
3123 677 3216 727 ἐπὶ
3272 678 3371 746 τῆς
3413 679 3640 746 ἡσυχίας
3687 675 4027 746 χρησώμεθα

2473 762 2739 830 λέγοντες,
2771 764 2996 828 πολλοὺς
3043 765 3297 834 δοκίμους
3325 766 3612 838 δεξαμένη,
3645 768 4028 836 ἀπεδοκίμασε

2471 854 2557 906 διὰ
2577 855 2675 922 τῆς
2707 854 3057 925 ίδιορυθμίας,
3111 857 3418 926 φιληδόνους
3470 858 3668 921 αὐτοὺς
3714 858 4021 926 ἐλέγξασα·

2473 944 2692 1014 ἑτέρους
2735 945 2793 997 δὲ
2841 945 3080 1000 λαϐοῦσα
3121 949 3197 1018 τῷ
3227 949 3376 1018 φόϐῳ
3403 951 3497 1002 καὶ
3533 952 3600 1018 τῇ
3655 950 3900 1019 μερίμνῃ
3928 951 4029 1017 τῆς

2470 1034 2564 1089 τοῦ
2588 1035 2796 1089 ὲαυτῶν
2814 1036 3077 1108 κρίματος
3098 1039 3368 1108 βασταγῆς
3387 1041 3486 1109 (7),
3503 1041 3825 1103 σπουδαίους
3851 1042 4026 1102 τινας.

2470 1127 2566 1178 καὶ
2584 1126 2801 1190 ζέοντας
2848 1130 3158 1199 εἰργάσατο.
3207 1131 3412 1200 Μηδεὶς
3444 1131 3548 1184 ὑπὸ
3571 1131 3744 1198 θυμοῦ
3793 1131 3890 1184 καὶ
3916 1133 4030 1200 οἰή-

2472 1232 2628 1278 σεως,
2658 1218 2995 1286 ὑποκρίσεως
3021 1236 3080 1272 τε
3125 1220 3220 1272 καὶ
3277 1223 3637 1290 μνησικακίας
3677 1223 4026 1291 όχλούμενος,

2473 1308 2615 1377 ῐχνος
2638 1309 2869 1378 ἡσυχίας
2901 1309 3028 1362 ἰδεῖν
3060 1309 3328 1380 τολμῆσαι
3386 1314 3582 1383 μήπως
3619 1313 3904 1378 ἔκστασιν,
3935 1316 4028 1367 καὶ

2474 1400 2632 1470 μόνον
2659 1400 2918 1472 κερδήσῃ.
2959 1401 3022 1454 Et
3070 1401 3130 1455 δέ
3183 1419 3268 1464 τις
3309 1402 3513 1456 τούτων
3560 1402 3823 1473 καθαρὸς,
3862 1403 4030 1465 αὐτὸς

2469 1491 2651 1545 λοιπὸν
2675 1491 2941 1559 γνώσεται
2968 1491 3030 1545 τὸ
3056 1493 3351 1564 συμφέρον,
3390 1489 3539 1564 οἶμαι
3577 1493 3633 1546 δὲ
3678 1495 3788 1546 οὐδ’
3826 1494 4026 1556 αὐτός·

2467 1581 2577 1634 τῶν
2622 1582 2767 1652 λόγῳ
2791 1581 2889 1653 τὴν
2943 1582 3171 1653 ἡσυχίαν
3223 1582 3632 1653 μετερχομένων
3665 1584 3872 1652 σημεῖα
3893 1623 3909 1646 ,
3937 1585 4030 1635 καὶ

2472 1673 2679 1736 στάδια,
2735 1675 2827 1726 καὶ
2892 1674 3171 1744 τεκμήρια
3233 1676 3436 1728 ταῦτα·
3508 1673 3630 1737 νοῦς
3687 1675 4028 1745 ἀκύμαντος,

2469 1764 2643 1816 ἔννοια
2675 1764 2995 1835 ήγνισμένη,
3044 1763 3265 1835 ἁρπαγὴ
3298 1767 3435 1836 πρὸς
3477 1765 3703 1836 Κύριον,
3749 1767 4030 1820 κολάσεων

815 1851 919 1906 iste
939 1852 1094 1917 satis,
1121 1831 1334 1922 opinor,
1366 1831 1707 1924 assequetur.
1735 1831 1914 1927 412-
1932 1855 2094 1926 Signa
2125 1871 2286 1923 porro
2313 1865 2366 1910 et
2401 1831 2440 1884 Β
2467 1869 2482 1902 ἰ

2361 1872 2366 1908 L
2401 1831 2440 1884 Β
2467 1831 3096 1922 παράστασιςθανάτου-
3130 1831 3357 1917 ἔπειξις,
3392 1831 3667 1924 προσευχὴ
3703 1856 4028 1925 ἀκόρεστος,

812 1943 1227 2000 exercitationes
1251 1955 1304 2000 et
1335 1956 1647 2014 argumenta
1674 1963 1858 2002 eorum
1885 1949 1978 2017 qui
2013 1964 2116 2002 nou
2144 1948 2260 2002 sine
2281 1963 2366 2001 ra-

811 2034 961 2089 tione
984 2037 1330 2092 solitudinem
1354 2047 1673 2107 sequuutur,
1705 2039 1816 2094 haec
1845 2050 2004 2095 sunt:
2031 2055 2183 2094 meus
2206 2041 2364 2095 nullis

809 2126 1278 2195 perturbationum
1327 2128 1581 2184 ﬂuctibus
1628 2129 1846 2197 agitata,
1893 2130 2242 2199 cogitationes
2275 2146 2366 2185 ea-

809 2224 929 2282 star,
947 2229 1137 2286 raptus
1163 2217 1217 2271 in
1247 2217 1439 2282 Deum,
1471 2219 1858 2288 suppliciorum
1883 2228 2205 2274 aeternorum
2229 2235 2364 2289 pra:-

807 2324 935 2364 sens
968 2325 1185 2379 semper
1221 2311 1504 2376 memoria,
1537 2311 1729 2366 mortis
1761 2311 2015 2366 instantis
2049 2311 2361 2366 considera-

806 2402 918 2458 tio.
964 2400 1283 2471 inexplebile
1331 2402 1590 2473 precandi
1645 2403 1928 2466 studium,
1977 2403 2222 2458 custodia
2272 2403 2356 2458 sui

806 2491 1285 2562 inexpugnabilis,
1334 2494 1547 2548 veneris
1588 2493 1879 2548 exstinctio
1903 2535 1918 2558 ,
1964 2493 2354 2564 appetitionum

805 2583 1096 2652 ignoratio,
1141 2584 1326 2639 mundi
1385 2599 1557 2647 mors,
1606 2585 1812 2638 nullum
1852 2585 1956 2639 cibi
2004 2584 2356 2652 desiderium,

803 2691 989 2729 rerum
1037 2674 1344 2730 divinarum
1398 2677 1897 2746 coguoscendarum
1940 2675 2188 2742 materia,
2237 2675 2356 2730 fons

802 2766 1171 2832 discretionis,
1195 2771 1555 2837 Iacrymarum
1576 2767 1801 2822 facultas
1819 2765 2035 2837 [pignus
2046 2784 2136 2821 seu
2148 2766 2353 2838 arrha],

803 2858 1147 2926 loquacitatis
1172 2859 1574 2922 exterminatio,
1619 2867 1674 2911 et
1703 2857 1748 2912 si
1789 2858 1919 2927 quid
1952 2857 2054 2913 hoc
2073 2873 2243 2928 genus
2273 2868 2358 2912 est

801 2947 946 3002 aliud
979 2947 1125 3018 quod
1161 2948 1318 3018 vulgo
1355 2959 1439 3003 est
1468 2949 1736 3018 ingratum
1771 2959 1824 3003 et
1848 2945 2126 3002 infestum.
2153 2948 2350 3004 Eorum

2467 1942 2684 2012 φυλακὴ
2746 1943 2964 2008 ἄσυλος,
3048 1944 3302 2014 πορνείας
3381 1940 3590 2014 θνῆσις,
3648 1947 4031 2012 προσπαθείας

2464 2035 2674 2100 ἄγνοια,
2724 2035 2950 2098 θάνατος
3005 2036 3233 2107 κόσμου,
3268 2037 3706 2106 γαστριμαργίας
3746 2038 4030 2108 ἀνορεξία,

2465 2122 2741 2191 θεολογίας
2807 2123 3083 2189 ὑπόθεσις,
3134 2125 3456 2195 διακρίσεως
3540 2126 3722 2196 πηγή,
3791 2127 4032 2198 δάκρυον

2467 2215 2820 2281 ὑπόσπονδον,
2864 2215 3186 2284 πολυλογίας
3241 2215 3602 2289 ἀπώλειΜΒ),
3650 2219 3746 2271 καὶ
3785 2220 3900 2273 εἴτι
3927 2220 4032 2274 τῶν

2450 2306 2737 2369 ¹τοιούτων,
2761 2303 2843 2370 οἷς
2867 2308 2936 2362 τὰ
2955 2309 3134 2379 πλήθη
3166 2311 3312 2377 φιλεῖ
3332 2311 3687 2364 ἀντικεῖσθαι.
3723 2312 3857 2374 Τοῖς
3884 2311 3945 2364 δὲ
3969 2313 4029 2364 οὐ

2462 2394 2605 2465 λόγῳ
2641 2396 2843 2466 ταύτην
2893 2398 3307 2467 μετερχομένοις
3334 2398 3432 2468 (9),
3466 2398 3628 2469 αὕτη,
3661 2399 3759 2452 τοῦ
3789 2401 4027 2454 πλούτου

2460 2489 2494 2556 ή
2527 2487 2681 2540 πενία
2714 2486 2825 2557 (I0)
2855 2488 3054 2560 ὀργῆς·
3077 2487 3302 2560 αὔξησις
3343 2491 3707 2560 μνησικακίας
3743 2493 4029 2564 ἀποθήκη,

2462 2577 2680 2645 ἀγάπης
2732 2577 2973 2646 μείωσις,
3034 2579 3205 2648 τύφου
3251 2579 3572 2650 πρόσληψις,
3632 2583 3729 2635 καὶ
3787 2583 3853 2635 τὸ
3905 2583 4030 2652 ἑξῆς

2463 2674 2808 2744 σιωπήσομαι
2839 2673 2974 2743 (Η).
3024 2674 3179 2727 Ἐπεὶ
3201 2673 3261 2726 δὲ
3291 2674 3466 2737 οὕτως
3499 2675 3529 2727 ὁ
3557 2673 3713 2742 λόγος
3757 2674 4027 2744 κατέδρα-

2464 2781 2582 2835 μεν,
2609 2765 2823 2837 ἀνάγκη
2853 2765 3094 2838 καὶπερὶ
3119 2767 3227 2819 τῶν
3267 2768 3326 2819 ἐν
3367 2768 3609 2837 ὑποταγῇ
3655 2765 3900 2820 ἐνταῦθα
3947 2771 4029 2820 ἐν·

2461 2854 2670 2920 θέσθαι,
2699 2856 2793 2909 καὶ
2826 2857 3082 2927 μάλιστα,
3115 2859 3249 2927 πρὸς
3287 2859 3484 2921 αὐτοὺς
3526 2859 3635 2926 γὰρ
3665 2860 3764 2911 καὶ
3800 2862 3828 2912 ό
3869 2859 4029 2926 λόγος

2459 2950 2534 3013 ὡς
2561 2951 2787 3004 ἐπιπολὺ
2827 2953 3186 3007 ἀποτείνεται.

805 3056 958 3107 vero,
998 3042 1091 3112 qui
1155 3042 1296 3097 hanc
1366 3043 1680 3099 solitudinis
1750 3043 2057 3114 palaestram
2107 3042 2316 3113 absque
2366 3043 2577 3098 ratione
2617 3046 3022 3115 aggrediuntur,
3075 3046 3228 3117 signa
3277 3049 3391 3104 hzee
3461 3061 3629 3105 sunt.
3695 3049 4024 3105 Coelesﬁum

805 3137 1104 3207 gratiarum
1139 3151 1235 3192 seu
1264 3152 1424 3206 opum
1461 3137 1664 3206 inopia,
1692 3137 2238 3200 ine-incrementum,
2277 3136 2593 3206 iniuriarum
2657 3138 3004 3193 toleratarum
3038 3140 3144 3196 alte
3199 3145 3432 3211 reposita
3501 3143 3790 3206 memoria,
3833 3145 4025 3198 chari-

803 3233 931 3292 tatis
970 3229 1222 3296 defectio,
1272 3231 1527 3286 elationis
1560 3240 1932 3298 augmentum,
1970 3239 2024 3284 et
2068 3228 2174 3284 alia
2202 3229 2482 3298 complura
2539 3243 2662 3297 quae
2733 3229 2952 3284 silentio
3013 3230 3304 3286 involvam.
3341 3229 3460 3285 Jam
3493 3247 3618 3285 cum
3661 3234 3781 3287 tunc
3839 3235 4023 3288 oratio

805 3325 880 3376 ita
916 3321 1071 3394 [huc]
1101 3322 1422 3389 decurrerit,
1447 3336 1669 3399 necesse
1693 3331 1795 3383 est,
1825 3332 1885 3376 ut
1913 3323 1977 3377 de
2000 3321 2066 3377 iis
2095 3321 2184 3376 hic
2199 3321 2290 3390 qui
2315 3321 2418 3376 sub
2453 3320 2754 3376 obedientia
2785 3321 2995 3388 vivunt,
3029 3321 3308 3393 diSputare
3336 3339 3578 3393 pergam,
3605 3339 3672 3380 ac
3704 3336 3865 3382 tanto
3901 3343 4022 3382 ma-

801 3417 884 3486 gis
903 3417 1046 3486 quod
1071 3415 1138 3471 ad
1162 3416 1309 3486 ipsos
1336 3414 1679 3485 potissimum
1707 3415 1797 3469 hic
1818 3425 2004 3470 noster
2033 3427 2215 3469 sermo
2241 3414 2528 3483 pertineat.

870 3507 1069 3564 Eorum
1115 3510 1208 3579 qui
1237 3525 1296 3565 se.
1342 3509 1578 3579 legitime
1607 3517 1662 3563 et
1687 3518 1836 3564 caste
1855 3519 1909 3564 et
1937 3525 2070 3579 pure
2109 3510 2237 3564 huic
2269 3523 2353 3564 or-
2378 3513 2422 3571 c
2522 3509 2537 3561 τ

2378 3513 2422 3571 c
2522 3508 2644 3561 Τῶν
2671 3509 2936 3578 νομίμως,
2988 3508 3323 3578 ἀμοιχεύτως
3393 3510 3488 3561 καὶ
3558 3508 3885 3579 ἀμολύντως
3959 3516 4021 3582 τῇ

800 3613 942 3655 nata:
979 3611 1035 3655 et
1075 3601 1474 3656 decentissima:
1511 3601 1867 3671 subjectiouis
1905 3602 2090 3656 virtuti
2119 3602 2354 3671 despon-

799 3695 996 3748 derunt
1049 3702 1103 3747 et
1147 3693 1573 3762 coujunxerunt,
1607 3695 1720 3748 luce
1757 3705 2074 3763 argumenta
2105 3703 2158 3747 et
2203 3694 2352 3762 signa

799 3783 950 3851 sunt,
985 3795 1087 3841 eta
1121 3787 1328 3841 sanctis
1371 3785 1588 3856 Deoque
1612 3787 1784 3855 Plenis
1814 3785 2066 3842 Patribus
2118 3785 2352 3857 (singula

800 3887 977 3932 tamen
1026 3893 1126 3931 suo
1179 3887 1420 3947 tempore
1454 3878 1800 3947 perﬁcienda)
1845 3877 2179 3932 deﬁniuntur
2224 3877 2353 3943 (nisi

797 3969 942 4038 quod
986 3967 1038 4021 iu
1073 3969 1189 4023 dies
1220 3968 1434 4022 interim
1467 3969 1556 4020 illa
1602 3985 1914 4036 augeamus,
1953 3978 2007 4021 et
2039 3968 2209 4038 magis
2235 3984 2352 4022 ma-

797 4061 988 4130 gisque
1029 4062 1080 4116 in
1118 4061 1318 4119 eisdem
1370 4062 1760 4131 proﬁciamus).
1812 4061 2038 4126 Quando
2076 4061 2353 4114 humilitas

799 4153 1048 4206 inchoata
1078 4167 1290 4222 semper
1315 4161 1563 4222 augetur,
1597 4153 1673 4206 ira
1703 4151 2024 4205 del'ervescit
2058 4151 2352 4221 (quomodo

799 4245 943 4296 enim
976 4244 1025 4297 id
1056 4259 1160 4297 non
1197 4243 1310 4304 ﬁat.
1339 4259 1462 4297 eum
1507 4244 1629 4297 bilis
1653 4253 1707 4296 et
1744 4243 1811 4296 fel
1855 4243 2070 4310 penitus
2103 4242 2350 4296 exinani-

802 4334 933 4404 tur),
961 4336 1198 4390 tenebrae
1231 4336 1427 4390 mentis
1446 4336 1648 4389 sensim
1672 4347 2024 4397 evanescunt,
2043 4333 2202 4405 413
2226 4333 2352 4387 cha-

804 4426 938 4480 ritas
989 4435 1239 4496 augetur,
1287 4426 1469 4480 vitiosi
1503 4425 1730 4480 affectus
1772 4435 2045 4480 exuuntur
2072 4436 2125 4478 et
2165 4441 2349 4478 emen-

707 4517 710 4520 ’
802 4517 1022 4582 dantur,
1052 4517 1235 4572 odium
1279 4518 1443 4572 corde
1487 4517 1645 4581 cedit,
1685 4517 1903 4570 lascivia
1955 4525 2172 4586 propter
2215 4516 2352 4569 assi-

803 4609 941 4664 duas
968 4609 1418 4678 reprehensiones
1444 4608 1724 4668 minuitur.
1748 4608 1966 4661 desidim
1992 4609 2140 4659 locus
2170 4605 2350 4658 nullus

799 4698 1143 4767 relinquitur,
1172 4697 1449 4764 diligentia
1488 4695 1706 4759 crescit,
1742 4693 2233 4748 commiserationis
2271 4691 2350 4744 af-

800 4789 976 4844 fectus
1032 4787 1348 4841 charitatem
1381 4786 1640 4846 ostendit,
1681 4785 1929 4853 superbia
1971 4783 2343 4851 proscribitnr.

798 4880 953 4946 Quod
979 4878 1197 4932 virtutis
1239 4894 1408 4947 genus
1437 4877 1690 4930 omnibus
1719 4877 1934 4945 quidem
1985 4874 2344 4943 indagandum

795 4981 850 5022 et
901 4968 1276 5038 quaerendum,
1333 4969 1477 5036 quod
1523 4978 1700 5020 tamen
1745 4982 1773 5018 a
1817 4966 2003 5036 paucis
2059 4967 2344 5034 reperitur.

797 5061 944 5115 Fons
977 5077 1118 5130 aqua
1148 5062 1438 5114 destitutus
1469 5059 1669 5113 frustra
1697 5074 1891 5112 nomen
1922 5059 2086 5111 fontis
2111 5058 2344 5122 retinet;

795 5149 940 5220 quod
974 5150 1094 5204 inde
1137 5149 1378 5219 sequitur
1426 5149 1660 5216 prudens
1699 5147 1858 5202 facile
1901 5148 2169 5217 intelligit.
2203 5147 2347 5200 Ado-

796 5240 1112 5299 lesceutula.
1157 5255 1278 5308 qua:
1322 5254 1350 5290 a
1379 5248 1494 5292 toro
1526 5253 1625 5292 suo
1659 5238 1958 5302 exerravit,
1994 5253 2192 5305 corpus
2233 5238 2346 5305 pol-

799 5332 920 5385 luit.
958 5330 1153 5384 Auima
1182 5345 1303 5399 qua!
1347 5330 1566 5383 violavit
1592 5333 1700 5382 voti
1731 5331 1812 5381 sui
1841 5339 2077 5396 pactum,
2105 5329 2352 5396 inquina-

798 5424 1141 5493 \itspiritum
1163 5441 1178 5487 ;
1201 5432 1257 5477 et
1273 5423 1418 5476 illam
1439 5422 1659 5492 quidem
1687 5431 1989 5490 sequuntur
2011 5422 2353 5490 vituperatio,

797 5522 1003 5583 odium,
1024 5519 1210 5589 ﬂagra,
1237 5527 1292 5571 et
1313 5519 1452 5587 quod
1477 5518 1720 5571 oumium
1747 5526 1831 5570 est
1859 5516 2340 5577 luctuosissimum,

798 5614 1112 5666 divortium.
1161 5610 1309 5664 Hauc
1359 5626 1506 5673 vero,
1535 5609 1794 5670 animam,
1820 5609 2060 5675 inquam,
2093 5606 2345 5675 inquina-

797 5709 996 5765 tioues,
1019 5703 1210 5756 mortis
1230 5701 1450 5762 oblivio,
1471 5702 1672 5754 ventris
1697 5699 2034 5767 inexplebilis
2063 5698 2343 5766 ingluvies,

799 5797 1079 5852 oculorum
1127 5795 1418 5864 petulantia
1519 5810 1662 5848 ValM?
1707 5792 1887 5856 βίοι-ιιι·
1934 5789 2193 5848 studium.
2229 5807 2347 5859 per-

2455 3601 2668 3672 κοσμίῳ
2694 3601 2866 3672 ταύτῃ
2905 3603 3195 3673 (ὑποταγῇ)
3219 3603 3314 3655 καὶ
3336 3603 3559 3674 εύρεπεῖ
3587 3602 4021 3674 συζευχθέντων,

2452 3693 2626 3748 ταῦτα
2655 3693 2725 3746 τὰ
2750 3695 3022 3764 τεκμήρια
3061 3693 3151 3747 καὶ
3177 3694 3304 3754 είσὶ,
3331 3696 3424 3747 καὶ
3439 3694 3709 3765 ὁρίζονται
3735 3695 3895 3766 παρά
3913 3698 4022 3760 τοῖς

2454 3785 2729 3855 θεοφόροις
2758 3785 3056 3854 Πατράσιν,
3091 3785 3203 3856 ίδίῳ
3233 3784 3414 3855 μέντοι
3439 3784 3614 3856 καιρῷ
3631 3787 4020 3857 τελειούμενα·

2455 3875 2594 3944 πλὴν
2609 3876 2692 3928 ὅτι
2721 3875 3040 3946 καθημέραν
3063 3878 3533 3946 προσενηνόχαμεν
3558 3877 3909 3948 προσθήκην,
3934 3881 4023 3932 καὶ

2455 3965 2738 4036 προκοπὴν
2769 3965 3150 4036 λαμϐάνοντες.
3202 3965 3593 4028 Ταπεινὼσεως
3641 3967 4021 4035 είσαγωγικῆε

2451 4056 2697 4127 αὔξησις,
2728 4055 2900 4125 θυμοῦ
2927 4057 3151 4126 μείωσις
3173 4072 3187 4085 ο
3214 4055 3331 4118 πῶς
3350 4055 3458 4125 γὰρ
3485 4056 3577 4109 καὶ
3601 4056 3676 4125 μὴ
3698 4060 4020 4126 γεννήσεται

2452 4147 2551 4216 τῆς
2584 4147 2746 4216 χολῆς
2770 4145 3122 4214 κενουμένης,
3171 4145 3476 4215 σκοτισμῶν
3503 4144 3764 4214 ἔλλειψις,
3799 4147 4018 4214 ἀγάπης

2454 4237 2782 4308 πρόσληψις,
2815 4235 3002 4290 παθῶν
3017 4236 3386 4308 ἀλλοτρίωσις,
3419 4236 3608 4305 μίσους
3638 4234 3936 4304 λύτρωσις,
3960 4237 4018 4301 ἐξ

2459 4329 2682 4398 ἐλέγχου
2712 4327 2963 4396 λαγνείας
3000 4327 3242 4398 μείωσις,
3273 4325 3499 4395 ἀκηδίας
3525 4327 3738 4392 ἄγνοια,
3778 4326 4015 4395 σπουδῆς

2451 4419 2774 4491 πρόσληψις,
2829 4418 3170 4490 συμπαθείας
3199 4418 3408 4486 ἀγάπη,
3448 4417 3834 4486 ὑπερηφανίας
3883 4418 4018 4482 ξενι-

2451 4512 2588 4574 τεία,
2618 4511 2680 4563 τὸ
2710 4512 2843 4563 πᾶσι
2868 4508 3147 4580 ζητητέον,
3178 4508 3272 4561 καὶ
3300 4507 3498 4574 ὀλίγοις
3541 4507 3824 4576 εὐρητέον,
3880 4525 3984 4562 κατ

2450 4603 2706 4671 όρθωμα’
2749 4599 2938 4662 ὓδατος
3001 4598 3076 4667 μὴ
3142 4597 3402 4667 παρόντος
3446 4598 3515 4648 ἐν’
3555 4600 3700 4666 πηγῇ
3743 4599 4012 4650 ἀνοίκειον

2453 4695 2513 4744 τὸ
2539 4693 2710 4762 ὗνομα
2730 4691 2863 4760 (12).
2890 4689 2998 4744 Καὶ
3021 4689 3084 4741 τὸ
3113 4689 3239 4758 ἑξῆς
3260 4689 3508 4757 νενόηται
3526 4691 3634 4748 τοῖς
3655 4687 3784 4739 νοῦν
3806 4689 4007 4758 ἔχουσι·

2453 4786 2630 4845 νεᾶνις
2688 4783 2786 4852 μὲν
2837 4783 2911 4851 μὴ
2968 4780 3250 4848 φυλάξασα
3297 4779 3501 4846 κοίτην,
3561 4778 3755 4846 ἐμίανε
3817 4779 4004 4849 σῶμα·

2455 4875 2546 4927 καὶ
2576 4873 2722 4943 ψυχὴ
2755 4872 2829 4941 μὴ
2858 4871 3136 4941 φυλάξασα
3195 4871 3487 4940 συνθήκην,
3539 4869 3730 4938 ἐμίανε
3762 4869 4008 4939 πνεῦμα·

2457 4968 2549 5019 καὶ
2573 4969 2639 5034 τῇ
2677 4966 2776 5035 μὲν
2802 4962 3083 5016 ἀκολουθεῖ
3123 4962 3310 5030 ψόγος,
3352 4963 3527 5030 μῖσος,
3571 4961 3862 5028 μάστιγες,
3911 4980 4010 5030 χω-

2460 5058 2666 5128 ρισμοὶ,
2696 5056 2756 5107 τὸ
2787 5055 3000 5108 πάντων
3052 5053 3416 5105 ἐλεεινότατον
3441 5067 3455 5082 ο
3511 5053 3578 5121 τῇ
3601 5050 3680 5114 δὲ,
3717 5051 4008 5120 μολυσμοὶ,

2454 5147 2685 5198 θανάτου
2717 5143 2875 5213 λήθη,
2929 5137 3132 5203 κοιλίας
3183 5140 3474 5210 ἀπληστία,
3502 5140 3798 5208 ὀφθαλμῶν
3843 5141 4010 5208 ἀκρά-

2453 5255 2592 5299 τεια,
2635 5235 2934 5299 κενοδοξίας
2968 5232 3220 5302 ἐργασία,
3275 5231 3441 5284 ὕπνου
3463 5233 3787 5300 ἀχορτασία,
3841 5233 4002 5303 σκληι

2457 5327 2730 5402 ροκαρὸία,
2761 5324 3108 5394 ἀναισθησία,
3143 5323 3417 5390 λογισμῶν
3445 5322 3723 5392 ἀποθήκη,
3754 5325 3851 5375 καὶ
3878 5339 4006 5390 συγ-

2453 5416 2791 5473 καταθέσεως
2881 5412 3205 5482 προσθήκη,
3300 5411 3640 5480 αἱχμαλωσία
3758 5413 4004 5480 καῴίας,

2452 5506 2694 5577 ταραχῆς
2726 5505 2974 5572 ἐργασία,
3001 5503 3252 5570 ἀνηκοῖα,
3307 5500 3600 5568 ἀντιλογία,
3640 5500 4001 5569 «poet-trimam,

2452 5602 2702 5664 ἀπιστία,
2770 5597 3168 5668 ἀπληροφορία,
3216 5596 3524 5662 πολυλογία,
3561 5596 3840 5664 παρρησία
3871 5596 4004 5662 (13),

2454 5696 2488 5764 ή
2522 5693 2737 5745 πάντων
2767 5690 3118 5758 χαλεπ‹.›τέρα
3139 5705 3150 5716 ·
3175 5689 3235 5739 τι
3269 5687 3325 5738 δὲ
3365 5687 3581 5738 πάντων
3603 5685 3968 5756 ἐλεεινότεφν
3989 5724 4004 5744 ,

2457 5784 2821 5845 ἀκατὰνυκτος
2851 5781 3062 5852 γαρδία,
3095 5781 3160 5850 ἦν
3187 5779 3482 5850 διαδέχεται
3510 5779 3562 5830 ἐν
3584 5780 3693 5840 τοῖς
3735 5777 3810 5847 μὴ
3840 5793 4006 5848 προσ-
