4222 6448
250 364 380 433 1113

1156 365 1380 433 SCALA
1420 370 1789 432 PARADISI.
1822 395 1889 404 --
1919 370 2219 431 GRADUS
2255 370 2480 429 XXVII.

3273 372 3407 437 1114

236 479 469 541 εὑσεδῶς
501 478 799 551 ῥᾳθύμους·
835 480 962 541 ἴσως
986 478 1092 549 γὰρ
1120 480 1181 531 ὲκ
1200 478 1295 547 τῆς
1329 476 1503 545 λύπης
1542 474 1635 526 τοῦ
1674 490 1770 541 γυ·-
1801 478 1845 532 Α
1876 474 1903 524 li

1738 500 1770 517 ι-
1801 478 1845 532 Α
1876 474 2152 527 litudinem
2192 472 2590 540 suntingressi,
2641 475 2877 528 excitare
2924 484 2985 527 ut
3038 477 3103 529 ad
3152 492 3307 533 veros
3351 492 3405 536 et

238 569 417 641 ρεύειν
444 571 757 624 παύσονται.
789 571 930 643 Ὀρα
965 572 1038 640 μὴ
1076 569 1169 623 τοῦ
1199 567 1592 638 προειρημένου
1640 582 1765 619 σκο-

237 662 341 715 ποῦ
378 662 682 733 χάριν.είκῆ
704 661 949 735 λυπήσῃς
991 661 1165 731 ψυχὴν
1181 659 1315 731 (‘26),
1360 658 1499 727 ὕδωρ
1522 659 1586 710 ἐκ
1611 656 1767 725 δίψης

233 752 533 822 ιρχομένην
594 751 742 821 παρὰ
812 750 905 803 σού
956 748 1277 821 ἀρύσασθαι.
1349 746 1434 799 Ἐν
1491 746 1650 798 παντὶ
1710 744 1766 797 δὲ

233 841 426 911 λύχνου
453 858 532 894 σοι
556 841 674 895 δέον
694 860 709 873 ·
762 850 874 910 βιός
928 839 1316 909 ἡσυχαζόντων,
1350 836 1544 905 μᾶλλον
1577 834 1633 889 δὲ
1676 850 1769 904 μο-
1809 889 1822 897 .

231 929 498 993 ναζόντων
542 931 681 984 κατὰ
741 931 1040 998 συνείδησιν
1061 928 1173 998 (27)
1218 927 1312 980 καὶ
1339 924 1587 995 αἴσθησιν
1623 922 1769 992 γινέ-

234 1019 385 1073 σθω·
418 1022 447 1073 6
500 1020 643 1089 λόγῳ
689 1021 897 1090 τρέχων
952 1019 1022 1071 τὰ
1065 1017 1503 1087 ἐπιτηδεύματα,
1562 1014 1657 1067 καὶ
1699 1012 1768 1065 τά

231 1109 649 1179 ἀποφθέγματα,
693 1112 785 1163 καὶ
825 1112 892 1162 τὰ
934 1109 1300 1179 ἐνθυμήματα,
1330 1105 1525 1160 καὶτὰ
1578 1104 1768 1174 διαδή-

235 1215 402 1267 ματα,
430 1202 522 1252 καὶ
545 1201 611 1253 τὰ
638 1200 908 1270 κινήματα
936 1200 1108 1253 πάντα
1156 1198 1294 1252 κατὰ
1314 1195 1532 1269 Κύριον,
1561 1195 1654 1248 καὶ
1680 1194 1771 1248 διὰ

231 1289 433 1360 Κύριον
465 1291 611 1361 αὑτῷ
634 1292 1052 1362 ἐπιτηδευόμενα
1084 1293 1141 1343 ὲν
1164 1290 1408 1361 αἰσθήσει
1437 1286 1632 1358 ψυχῆς,
1674 1286 1768 1339 καὶ

227 1381 503 1452 προσώπῳ
531 1382 733 1452 Κυρίου
768 1381 1054 1452 ἐργάζεται
1074 1399 1087 1413 ο
1114 1384 1161 1433 εί
1200 1380 1254 1433 δὲ
1279 1380 1583 1439 κλέπτεται,
1616 1373 1769 1429 οὔπω

227 1473 370 1526 κατὰ
415 1474 615 1543 ἀρετὴν
663 1474 1019 1527 πολιτεύεται.
1074 1470 1335 1535 Ἀνοίξω,
1392 1468 1523 1538 φησί
1567 1483 1671 1529 τις,
1698 1466 1769 1518 ἐν

224 1563 537 1630 ψαλτηρίφ
565 1564 633 1617 τὸ
659 1562 968 1632 πρόϐλημά
989 1579 1127 1631 μου,
1157 1562 1250 1613 καὶ
1283 1561 1343 1613 τὸ
1372 1557 1613 1629 βούλημά
1642 1573 1765 1625 μου,

224 1653 315 1705 διὰ
337 1653 399 1706 τὸ
427 1654 609 1717 ἀτελὲς
628 1654 705 1707 ἔτι
736 1655 828 1724 τῆς
854 1654 1173 1723 διακρίσεως
1192 1667 1208 1683 ο
1240 1650 1347 1718 ἐγὼ
1370 1651 1424 1703 δὲ
1452 1649 1646 1703 άνοίσω
1680 1646 1766 1699 διὰ

226 1743 532 1814 προσευχῆς
558 1746 620 1797 τὸ
649 1744 857 1813 θέλημά
886 1760 986 1811 μου
1011 1742 1144 1813 (28),
1174 1739 1420 1794 κάκεῖθεν
1447 1740 1544 1809 τὴν
1572 1736 1768 1808 πληρο-

226 1836 421 1904 φορίαν
460 1853 558 1905 μου
618 1835 922 1903 ἐκδέξομαι.
967 1834 1151 1896 Πίστις
1196 1831 1390 1901 πτερὸν
1428 1830 1765 1901 προσευχῆςο
1801 1818 1842 1874 Β

223 1923 382 1975 τοῦτο
436 1923 544 1995 γὰρ
598 1924 673 1994 μὴ
738 1925 949 1993 ἔχουσα,
1008 1924 1192 1978 πάλιν
1252 1924 1337 1988 εἰς
1382 1924 1608 1975 κόλπον
1649 1936 1765 1989 μου

222 2016 750 2084 ἀποστραφήσεται
769 2034 784 2048 ο
815 2016 992 2079 πίστις
1014 2016 1159 2068 ἐστὶν
1188 2014 1552 2074 ἁνενδοέαστος
1592 2010 1766 2083 ψυχῆς

225 2107 438 2170 στάσις,
506 2107 609 2177 ὑπὸ
673 2108 925 2177 οὐδεμιᾶς
986 2106 1351 2175 ἐναντιότητος
1413 2102 1762 2171 κλονουμένη.

225 2198 423 2261 Πιστός
447 2200 610 2263 ἐστιν,
647 2199 743 2268 οὐχ
786 2201 815 2252 6
854 2197 1095 2265 οἰόμενος
1124 2197 1254 2249 Θεὸν
1292 2194 1568 2257 δύνασθαι,
1599 2193 1711 2246 ἀλλ’
1738 2194 1767 2245 6

221 2289 495 2343 πιστεύων
522 2289 735 2343 πάντων
763 2286 1026 2352 τεύξεται.
1068 2287 1255 2348 Πίστις
1278 2286 1393 2339 εστὶ
1431 2283 1765 2337 ἀνελπίστων

223 2380 504 2449 πρόξενος,
552 2379 642 2433 καὶ
694 2377 851 2430 τοῦτο
894 2380 921 2430 ό
969 2376 1171 2451 λῃστὴς
1214 2373 1482 2436 ἀπέδειξε.
1527 2374 1765 2438 Πίστεως

227 2474 410 2540 μήτηρ
442 2470 654 2541 μόχθος,
682 2474 773 2524 καὶ
818 2469 977 2539 εὲθὴς
1029 2468 1251 2539 καρδία·
1283 2469 1317 2538 ὴ
1368 2467 1466 2537 μὲν
1505 2467 1612 2538 γὰρ
1657 2466 1766 2519 ἀδί-

224 2580 456 2617 στακτον
486 2567 662 2617 ποιεῖ·
689 2565 717 2617 6
750 2564 806 2617 δὲ
826 2564 1142 2633 δημιουργεῖ
1162 2578 1175 2593 ⁸
1228 2559 1542 2632 ἡσυχαστῶν
1589 2560 1767 2629 μήτηρ

223 2655 436 2717 πίστις’
468 2657 517 2707 εί
556 2654 630 2726 μή
678 2656 787 2725 γάρ
837 2652 1266 2722 πιστεύσειβθ),
1321 2654 1439 2716 πῶς
1470 2653 1764 2722 ἡσυχάσεις

221 2748 283 2798 ὲν
313 2748 500 2815 εἱρκτῇ
549 2746 820 2815 πεδηθεὶς,
870 2744 1035 2813 φόϐον
1080 2744 1390 2807 κολάζοντος
1446 2745 1669 2796 δέδοικε.
1707 2744 1767 2794 '0

220 2838 283 2889 δὲ
310 2839 367 2889 ὲν
407 2837 565 2907 κέλλῃ
627 2837 847 2907 ήρεμῶν
896 2836 1058 2906 φόϐον
1108 2835 1311 2905 Κυρίου
1374 2836 1612 2887 τέτοκεν.
1656 2836 1766 2904 Οὐχ

220 2926 396 2991 οὕτως
430 2930 459 2982 ό
486 2928 744 2999 πρότερος
780 2927 841 2981 τὸ
868 2928 1235 2999 δικαστήριον,
1257 2927 1332 2991 ὡς
1363 2928 1392 2979 6
1417 2927 1664 2998 δεύτερος
1707 2927 1767 2980 τὸ

219 3014 319 3068 τοῦ
354 3015 539 3086 κριτοῦ
566 3020 847 3088 κριτήριον
871 3017 1127 3072 δέδοικεν.

1866 562 2043 631 justos
2072 563 2422 618 anachoretas
2468 562 2659 630 saepius
2704 564 2919 624 adeant.
2962 572 3020 617 ιιι
3041 564 3407 635 pugilesChn-

1867 655 1937 709 sti
1980 670 2075 723 per
2116 654 2232 709 il’tos
2262 670 2483 711 errones
2526 654 2609 708 vel
2640 655 2907 709 modicum
2934 659 3004 710 ab
3049 659 3242 715 studiis
3292 663 3406 718 suis

1869 744 2081 812 pietatis
2110 744 2417 815 impediant.
2452 743 2561 799 Hos
2597 754 2652 800 tu
2696 759 2948 813 vagones,
2988 747 3129 803 bone
3174 752 3276 815 vir,
3306 753 3407 807 ob-

1870 850 2047 899 serva,
2086 850 2183 891 nec
2211 850 2400 890 recusa
2463 835 2626 890 hosce
2688 836 2885 891 inertes
2932 839 3019 906 pie
3066 842 3405 909 contristare,

1872 924 2098 982 fortasse
2116 927 2257 981 enim
2293 941 2356 981 ex
2387 926 2599 980 tristitia
2633 927 2733 981 hac
2788 928 3211 987 circumcursare
3235 942 3290 987 et
3310 949 3406 989 va-

1870 1015 1983 1087 gari
2010 1015 2279 1071 desinent.
2310 1014 2451 1069 Cave
2482 1024 2657 1069 tamen
2692 1032 2759 1070 ne
2801 1031 2866 1071 ex
2900 1020 3187 1075 occasione
3236 1022 3409 1078 dicto-

1871 1123 1988 1162 rum
2020 1108 2256 1162 animam
2296 1116 2493 1161 temere
2526 1107 2740 1161 tristitia
2771 1108 2996 1179 amigas,
3027 1126 3146 1179 quae
3217 1114 3409 1169 sitiens

1872 1199 1938 1253 ad
1982 1214 2176 1269 aquam
2203 1200 2324 1253 vita
2356 1198 2701 1273 hauriendam
2732 1200 2799 1253 ad
2838 1210 2889 1253 te
2922 1202 3083 1257 venit.
3125 1200 3181 1255 In
3227 1207 3406 1258 omni-

1872 1291 1978 1346 bus
2006 1290 2101 1343 tibi
2140 1290 2359 1345 lucerna
2391 1289 2733 1364 discretionis
2761 1306 2898 1359 opus
2938 1302 3039 1346 est.
3074 1292 3193 1348 Vita
3221 1296 3406 1349 solita-

1872 1383 2074 1437 riorum
2091 1381 2175 1435 vel
2202 1381 2379 1451 potius
2406 1380 2785 1435 monachorum
2809 1396 2902 1449 per
2931 1383 3310 1438 conscientiam
3355 1396 3409 1439 et

1871 1485 2055 1526 verum
2088 1470 2266 1525 cordis
2307 1470 2472 1542 518
2501 1483 2715 1524 sensum
2752 1479 2985 1539 regatur.
3004 1469 3104 1536 Qui
3132 1472 3271 1526 viam
3300 1472 3408 1528 Do—

1872 1564 2003 1618 mini
2028 1576 2150 1616 cum
2195 1561 2405 1616 ratione
2429 1562 2620 1624 currit,
2650 1560 2829 1615 omnia
2872 1576 2967 1615 sua
2993 1563 3195 1627 studia,
3225 1568 3407 1629 verba,

1871 1653 2241 1724 cogitationes,
2270 1652 2533 1716 incessus,
2569 1660 2746 1707 motus
2776 1652 2841 1706 ad
2868 1653 3124 1707 amussim
3170 1654 3408 1709 divinam

1872 1744 2166 1813 componit,
2198 1752 2249 1798 et
2270 1742 2447 1796 omnia
2485 1752 2702 1811 propter
2738 1740 3021 1798 Dominum
3050 1744 3148 1812 ipsi
3183 1743 3411 1800 Domino

1871 1844 2126 1904 operatus
2154 1836 2207 1889 in
2248 1847 2372 1888 vero
2396 1833 2573 1887 cordis
2602 1846 2763 1887 sensu
2800 1849 2982 1889 coram
3025 1836 3115 1889 Dei
3148 1836 3282 1891 facie
3316 1852 3413 1890 ex-

1870 1926 2133 1996 sequitur.
2165 1925 2223 1981 Si
2278 1936 2455 1980 autem
2494 1923 2696 1978 fallitur
2733 1936 2787 1979 et
2826 1923 3120 1992 deluditur,
3174 1927 3410 1982 nondum

1871 2034 1935 2072 ex
1967 2017 2181 2072 virtutis
2210 2017 2522 2087 praescripto
2547 2016 2694 2069 vivit.
2751 2016 3014 2084 Aperiunt,
3063 2019 3239 2087 inquit
3297 2021 3407 2085 ille,

1871 2108 1924 2161 in
1941 2107 2188 2175 psalterio
2211 2106 2609 2175 propositionem
2632 2122 2816 2172 meam,
2850 2115 2903 2160 et
2918 2106 3204 2161 consilium
3231 2124 3409 2164 meum

1870 2201 1939 2255 ob
1973 2198 2334 2269 imperfectam
2382 2200 2556 2254 adhuc
2596 2198 2993 2254 discretionem.
3062 2198 3173 2270 Ego
3230 2212 3408 2257 autem

1870 2292 2091 2349 oll‘eram
2118 2306 2209 2361 per
2246 2291 2542 2345 orationem
2565 2290 2892 2345 voluntatem
2930 2306 3125 2359 meam,
3191 2302 3246 2347 et
3287 2292 3412 2350 inde

1870 2396 1956 2436 me
1987 2382 2295 2435 exauditum
2334 2396 2451 2436 esse
2474 2391 2678 2435 certum
2711 2390 2903 2435 testem
2942 2391 2996 2437 et
3044 2382 3298 2437 indicium
3328 2399 3414 2438 ac-

1870 2471 2082 2541 cipiam.
2114 2468 2269 2525 Fides
2314 2471 2398 2523 ala
2441 2478 2523 2525 est
2578 2471 2858 2536 orationis,
2912 2488 3014 2542 qua
3070 2474 3115 2528 si
3163 2489 3411 2540 caruere,

1870 2565 2034 2619 oratio
2066 2580 2179 2617 mea
2203 2564 2255 2616 in
2277 2563 2448 2617 sinum
2489 2578 2659 2616 meum
2688 2574 2963 2617 revertetur
3011 2565 3079 2621 ".
3114 2564 3271 2623 Fides
3331 2576 3418 2624 est

1872 2657 2212 2713 ﬁrmissimus
2242 2656 2435 2710 anima:
2466 2664 2665 2719 status,
2698 2665 2759 2709 ut
2799 2656 2960 2711 nullis
3002 2657 3165 2713 rebus
3223 2659 3415 2715 adver-

1870 2751 1947 2806 sis
2001 2748 2323 2804 commoveri
2361 2748 2550 2817 possit.
2581 2746 2778 2802 Fidelis
2824 2758 2939 2813 est,
2977 2763 3083 2803 non
3128 2750 3219 2819 qui
3266 2760 3420 2821 putat

1871 2839 2039 2894 Deum
2085 2839 2265 2893 omnia
2298 2854 2475 2906 posse,
2504 2838 2595 2891 sed
2631 2838 2722 2907 qui
2754 2840 2946 2903 credit,
2984 2856 3042 2896 se
3065 2843 3245 2896 omnia
3274 2842 3419 2912 (qua:

1870 2929 2025 3000 petit)
2067 2936 2504 2982 consecuturum.
2551 2926 2709 2981 Fides
2738 2936 2822 2981 est
2883 2943 3059 2981 rerum
3120 2932 3418 2998 insperata-

1866 3036 1987 3078 rum
2008 3018 2220 3089 pignus,
2248 3016 2389 3085 quod
2419 3017 2560 3069 latro
2588 3016 2677 3071 illc
2704 3017 3092 3087 comprobavit.
3123 3017 3271 3072 Fidei
3297 3034 3418 3087 pro-

218 3109 457 3163 creatrix
489 3119 575 3164 est
640 3110 811 3175 labor,
850 3118 904 3164 et
963 3125 1057 3165 cor
1121 3119 1364 3166 rectum:
1406 3112 1508 3167 hoc
1557 3112 1700 3166 enim
1752 3121 2088 3169 constantem
2116 3120 2170 3165 et
2221 3109 2435 3163 ﬁrmum
2474 3101 2621 3169 facit,
2676 3108 2762 3162 ille
2798 3123 2924 3164 vero
2981 3106 3157 3162 etiicit.
3211 3106 3415 3164 Solita-

214 3199 435 3263 τίοι-ψη
473 3214 669 3269 parens
699 3209 778 3255 est
829 3200 961 3256 ﬁdes
998 3218 1012 3254 :
1046 3202 1093 3255 si
1123 3203 1265 3256 enim
1312 3218 1417 3257 non
1465 3205 1768 3272 crediderit,
1806 3203 2077 3275 quomodo
2139 3200 2481 3257 solitudinem
2550 3199 2730 3253 colet?
2768 3198 2824 3252 lu
2872 3212 3087 3254 carcere
3139 3198 3418 3269 compedi'

220 3292 328 3347 bus
355 3291 634 3357 districtus
679 3292 914 3361 iudicem
974 3297 1175 3348 metuit.
1226 3295 1328 3360 Qui
1371 3310 1500 3348 vero
1547 3294 1603 3349 in
1670 3296 1805 3350 cella
1840 3292 2085 3365 quiescit,
2156 3291 2439 3345 Dominum
2511 3291 2681 3344 timet.
2750 3288 2864 3343 Non
2915 3299 3024 3344 tam
3079 3293 3420 3345 vehementer

219 3388 313 3443 ille
343 3390 517 3443 locum
544 3387 735 3458 iudicii
761 3384 1092 3451 reformidat,
1115 3403 1276 3457 quam
1306 3388 1404 3443 iste
1425 3388 1659 3457 supremi
1690 3388 1892 3457 judicis
1934 3386 2188 3441 tribunal.

291 3480 459 3534 Φόϐου
486 3499 567 3534 σοι
594 3480 787 3534 πολλοῦ
819 3479 940 3533 καθ’
970 3479 1200 3550 ἡσυχίαν
1231 3480 1357 3551 χρὴ,
1390 3474 1434 3533 ὦ
1464 3480 1752 3551 θαυμάσιε·
1790 3485 1831 3539 C
1932 3477 1958 3530 Β

1750 3499 1752 3508 ν
1790 3485 1831 3539 c
1932 3476 2123 3548 Magno
2151 3476 2265 3539 tibi,
2295 3475 2375 3528 vir
2416 3475 2746 3540 admirando,
2811 3489 2947 3544 opus
3004 3482 3085 3530 est
3140 3475 3333 3531 timore
3361 3478 3417 3533 in

216 3574 371 3626 οὐδὲν
415 3575 522 3644 γὰρ
557 3570 729 3636 οὕτως
773 3572 1001 3641 ἀκηδίαν
1062 3570 1339 3625 ὲκδιὼκειν
1386 3570 1603 3625 δύναται
1629 3569 1762 3641 (30).

231 3665 493 3729 Ἀτενίζει
534 3665 631 3735 μὲν
680 3664 1009 3743 κατάκριτος
1036 3664 1125 3717 διά
1175 3664 1394 3728 παντὸς,
1446 3665 1573 3716 πότε
1606 3665 1663 3715 ἐν
1691 3660 1768 3733 τῷ

216 3755 581 3825 δεσμωτηρίῳ
639 3753 670 3806 6
720 3754 914 3824 κριτής
962 3754 1338 3822 παραγίνεται·
1392 3754 1422 3806 6
1476 3753 1533 3805 δὲ
1601 3752 1767 3816 ὅντως

217 3845 478 3914 ἐργάτης,
509 3844 637 3896 πότε
668 3843 697 3896 6
725 3843 1062 3911 κατεπείγων
1092 3842 1386 3895 ἐλεύσεται.
1412 3842 1767 3911 Δεδέσμευται

217 3937 298 4007 τῷ
326 3936 572 4007 προτέρῳ
619 3936 838 4008 φορτίον
891 3934 1095 4005 λύπης’
1126 3933 1203 4003 τῷ
1244 3934 1303 3986 δὲ
1354 3933 1589 4004 δευτέρῳ
1617 3930 1767 4001 πηγὴ

216 4030 489 4101 δακρύων.
578 4029 702 4081 Ἐάν
749 4030 924 4101 κτήσῃ
994 4028 1268 4097 ὑπομονῆς
1310 4023 1521 4093 ράὄδον,
1577 4024 1769 4076 θᾶττον

218 4119 579 4188 ὑπολήξουσιν
614 4120 665 4172 οί
692 4119 851 4181 κύνες
876 4117 1271 4199 ἀναιδεύεσθαι.
1312 4115 1583 4185 Ὑπομονή
1621 4116 1767 4167 ἐστιν

1868 3570 2153 3625 solitudine
2190 3587 2201 3621 :
2233 3568 2365 3620 nihil
2419 3566 2563 3622 enim
2609 3567 2880 3637 potentius
2930 3576 3013 3623 est
3057 3568 3122 3622 ad
3180 3568 3419 3623 acediam

1868 3662 2164 3733 pellendam
2195 3671 2247 3714 et
2286 3663 2731 3730 persequendam.
2781 3659 2925 3715 Reus
2957 3676 3166 3731 semper
3196 3662 3423 3717 circum-

1867 3754 2027 3823 spicit
2057 3769 2123 3806 an
2152 3750 2315 3821 judex
2347 3750 2527 3803 veniat
2586 3751 2657 3804 ad
2708 3738 3022 3804 carcerem:
3086 3767 3248 3806 verus
3290 3768 3423 3808 vero

1864 3844 2142 3911 Operarius
2168 3841 2381 3910 quando
2414 3838 2576 3910 419
2604 3840 2860 3892 venturus
2889 3838 2980 3903 sit,
3011 3839 3103 3908 qui
3127 3842 3276 3895 exire
3328 3842 3423 3908 (de

1867 3945 2082 3985 carcere
2133 3928 2391 3998 corporis)
2441 3929 2628 3995 lubeat
2682 3935 2737 3982 et
2800 3938 3006 3998 urgeat.
3045 3928 3215 3984 Reum
3265 3931 3417 3986 illum

1865 4036 2077 4091 semper
2102 4020 2388 4075 comitatur
2413 4020 2643 4075 tristitiae
2679 4020 2924 4090 pondus;
2974 4020 3275 4077 solitarium
3298 4022 3420 4080 fons

1866 4115 2246 4187 lacrymarum.
2276 4112 2332 4169 Si
2360 4115 2630 4184 patientiae
2672 4115 2877 4184 virgam
2925 4113 3262 4184 acquisieris,
3330 4132 3420 4171 ca-

216 4212 521 4282 ᾱθραυστος
586 4208 744 4270 πόνος
799 4208 999 4276 ψυχῆς,
1080 4208 1171 4259 ὑπ’
1230 4206 1486 4275 εὐλόγων.
1546 4204 1766 4258 κτύπων
1867 4224 1882 4261 ι

1750 4222 1766 4256 ι
1867 4222 1961 4262 nes
2013 4220 2135 4260 mox
2185 4205 2443 4261 desistent
2486 4206 2849 4275 impudentius
2885 4204 3107 4269 ludere.
3154 4207 3417 4265 Patientia

218 4302 490 4373 μηδαμῶς
534 4300 888 4371 σαλευομένη.
943 4299 1369 4369 Ὑπομονητικός
1421 4294 1567 4352 ἐστιν
1604 4298 1768 4367 ὲργάο
1866 4316 1885 4353 ε

1749 4327 1768 4339 -
1866 4309 1950 4354 est
1985 4299 2134 4360 labor
2159 4299 2251 4368 qui
2285 4314 2555 4367 nunquam
2596 4297 2794 4365 frangit
2858 4290 3117 4364 animam,
3183 4316 3282 4357 nec
3331 4312 3416 4357 tu-

216 4411 322 4465 της
362 4392 607 4455 ἄπτωτος
646 4391 794 4461 (51),
843 4390 934 4442 καὶ
984 4388 1070 4441 διὰ
1123 4393 1424 4460 πτωμάτων
1474 4389 1571 4459 τὴν
1616 4389 1769 4459 νίκην
1868 4410 1883 4447 ι

1748 4407 1769 4443 ν
1868 4394 2124 4448 multibus
2165 4393 2411 4462 quamvis
2450 4389 2856 4444 rationahiIibus
2912 4393 3160 4447 excitatis
3204 4405 3415 4462 pertur-

218 4482 564 4552 ποιούμενος.
614 4481 889 4552 ’Υπομονή
924 4482 1069 4532 ἐστιν
1116 4481 1337 4549 ὁρισμὸς
1392 4481 1619 4545 θλίψεως
1648 4480 1766 4533 καθ’
1868 4486 1885 4539 1

1744 4480 1766 4526 l'
1868 4486 2041 4543 batur.
2080 4486 2293 4540 Patiens
2334 4484 2612 4551 religiosus
2651 4482 2843 4536 cadere
2870 4498 2975 4536 non
3007 4494 3221 4553 potest:
3284 4485 3411 4553 quin

216 4575 437 4647 ἡμέραν
495 4574 863 4643 ἐκδεχόμενος.
928 4562 1201 4641 ’Υπομονή
1255 4572 1371 4624 ἐστι
1446 4572 1769 4642 προφάσεων
1867 4591 1883 4629 ε

1746 4588 1769 4623 ν
1867 4576 2028 4629 etiam
2069 4591 2161 4645 per
2203 4577 2348 4644 ipsos
2369 4586 2527 4625 casus
2565 4570 2815 4627 vincendi
2852 4576 3194 4629 occasionem
3228 4574 3413 4630 sumit.

216 4663 453 4733 ὲκκοπὴ,
483 4662 577 4715 καὶ
607 4661 783 4715 οίκεία
805 4661 1042 4733 προσοχή
1065 4677 1078 4691 ·
1108 4661 1205 4729 οὐχ
1226 4658 1396 4721 οὕτως
1432 4658 1532 4739 τῆς
1568 4658 1763 4713 ἑαυτοῦ
1868 4666 1883 4720 ι

1748 4658 1763 4713 3
1868 4666 2129 4722 Patientia
2187 4675 2268 4719 est
2324 4663 2540 4717 definita
2587 4664 2912 4733 quotidiana:
2953 4668 3256 4722 aﬂlictionis
3320 4682 3415 4721 ex-

216 4756 445 4829 τροφῆς,
473 4754 550 4818 ὡς
595 4755 892 4825 ὑπομονῆς,
920 4756 949 4825 6
985 4752 1218 4825 ἐργάτης
1253 4750 1448 4805 δέεται.
1494 4749 1617 4804 Ἐπὶ
1666 4754 1765 4822 μὲν
1799 4816 1837 4830 __
1872 4775 1883 4815 ε

1750 4769 1765 4805 ο
1799 4816 1837 4830 __
1872 4760 2149 4830 spectatio.
2184 4756 2451 4809 Patientia
2481 4766 2565 4808 est
2604 4758 2951 4811 occasionum
3011 4758 3325 4828 amputatio,
3364 4769 3417 4813 et

517 4816 773 4918 δευτέρας
820 4816 1074 4916 timuit
1106 4816 1360 4911 στίφανον
1383 4858 1397 4873 ο
1438 4844 1531 4895 ἐπὶ
1575 4843 1631 4896 δὲ
1798 4816 1842 4871 D
1872 4867 1884 4905 ε

1747 4863 1764 4910 ῖ
1798 4816 1842 4871 D
1872 4816 1937 4905 ad
1960 4865 2088 4905 suas
2117 4863 2202 4902 res
2239 4844 2613 4901 attentio.Non
2640 4856 2920 4919 tantopere
2952 4850 3073 4903 cibo
3101 4816 3223 4912 suo,
3254 4816 3414 4917 quam

218 4943 494 5012 προτέρας
536 4938 756 5010 ὀλεθρον
802 4937 1103 5008 κομίσεται.
1158 4934 1583 5006 Ὑπομονητικδς
1626 4937 1767 5010 ἀνὴρ
1874 4960 1885 5014 ι

1750 4956 1767 4991 ι
1874 4941 2131 5014 patientia
2186 4940 2390 5007 indiget
2427 4939 2755 5010 religiosus;
2813 4957 2935 4995 nam
2967 4956 3061 5010 per
3108 4940 3417 5007 patientiam

216 5036 330 5105 πρδ
369 5034 650 5105 μνήματος
690 5025 954 5101 τέθνηκεῇ
1000 5030 1187 5101 μνῆμα
1217 5027 1409 5082 ἑαυτοῦ
1434 5028 1531 5098 τὴν
1568 5029 1761 5085 κόλλαν
1873 5052 1883 5091 1

1752 5050 1761 5080 ν
1873 5032 2168 5107 reportahit
2202 5032 2505 5102 przetuium,
2543 5043 2763 5101 propter
2812 5034 3045 5104 priorem
3102 5033 3286 5105 (saepe)
3338 5036 3419 5090 in-

176 5125 193 5139 -
217 5126 611 5194 ποιησάμενος,
653 5119 957 5191 Ὑπομονὴν
1003 5118 1187 5175 ἔτεκεν
1217 5120 1369 5183 ἐλπὶς
1393 5118 1488 5174 καὶ
1534 5120 1727 5187 πένθος
1750 5140 1764 5153 ·

1752 5140 1764 5153 ”
1873 5126 2043 5184 currit
2082 5125 2137 5179 in
2164 5125 2408 5181 exitium.
2462 5124 2557 5180 Vir
2604 5126 2818 5195 patiens
2876 5134 3002 5179 ante
3060 5137 3287 5181 mortem
3334 5137 3419 5182 est

215 5219 247 5269 6
277 5215 387 5287 γὰρ
422 5215 531 5267 τῶν
560 5213 655 5267 δύο
681 5212 869 5283 χωρὶς,
895 5211 1121 5281 ἁκηδίας
1145 5212 1349 5277 δοῦλος.
1876 5237 1882 5275 ι

1876 5228 2154 5286 mortuus,
2199 5218 2291 5289 qui
2339 5219 2524 5274 cellam
2573 5232 2725 5271 suam
2783 5216 2837 5270 in
2890 5217 3196 5286 sepulcrum
3239 5220 3415 5277 vertit.

218 5306 545 5364 Patientiam
574 5324 695 5379 spes
726 5315 781 5364 et
814 5305 993 5363 luctus
1035 5316 1397 5378 pepererunt;
1430 5322 1555 5365 nam
1612 5313 1709 5384 qui
1760 5314 1849 5373 bis
1877 5313 2085 5373 duabus
2159 5314 2447 5369 virtutibus
2519 5320 2686 5381 caret,
2736 5308 3065 5380 mancipium
3117 5320 3203 5367 est
3250 5308 3417 5381 pigri.

218 5406 331 5458 tia.
723 5442 735 5447 -

290 5495 582 5551 Γινώσκειν
612 5498 691 5552 δεῖ
736 5496 825 5550 τόν
854 5493 948 5550 τοῦ
1000 5495 1236 5566 Χριστοῦ
1294 5494 1587 5569 παλαιστὴν
1632 5498 1769 5570 (33),
1870 5514 1905 5525 ν·
1942 5494 1957 5550 ε

1752 5538 1769 5564 ,
1870 5514 1905 5525 ν·
1942 5494 2231 5552 Sciendum
2260 5503 2344 5551 est
2378 5492 2590 5550 athleta
2638 5489 2860 5558 Christi,
2895 5491 3118 5563 quinam
3174 5486 3412 5544 hostium

221 5589 411 5652 ποίους
443 5590 541 5657 μὲν
564 5606 673 5643 των
698 5589 903 5661 ιχθρῶν
948 5588 1012 5642 ὲκ
1041 5587 1309 5662 μακρόθεν
1331 5587 1560 5659 διώκειν,
1592 5574 1779 5656 ποίους
1814 5576 1819 5582 ’
1879 5607 1888 5644 1

1747 5574 1779 5656 ς
1814 5576 1819 5582 ’
1879 5587 2093 5649 eminus
2118 5586 2469 5662 persequendi
2502 5592 2647 5653 sunt,
2678 5583 3001 5657 quibuscum
3030 5579 3414 5640 cominusoom

295 5769 337 5802 "‘
370 5767 513 5825 Psal.
557 5782 739 5831 nam,
808 5767 893 5823 15.
