4222 6448
206 410 337 478 1117

1171 413 1399 472 SCALA
1439 410 1884 472 PARADISI.-
1916 411 2216 471 GRADUS
2254 413 2492 473 XXVII.

3276 410 3407 478 1118

204 538 363 592 ματιο
398 522 444 575 ει
485 521 585 592 μὲν
630 522 926 591 σοφώτεροι
980 520 1375 590 καθεστήκασιε
1400 519 1487 572 διὰ
1533 517 1740 587 σιωπῆς
1773 524 1816 579 Α
1841 533 1871 572 e

1737 535 1740 576 :
1773 524 1816 579 Α
1841 528 1895 572 et
1927 526 2149 584 statum,
2196 518 2261 574 iis
2284 520 2375 589 qui
2423 518 2667 588 judicare
2695 527 2945 588 possunt,
2973 519 3226 577 ostendit.
3268 521 3404 577 lrrr-

198 614 297 684 τὴν
325 613 638 683 φιλοσοφίαν
673 611 1082 683 ἑπιδειξώμεθα.
1124 612 1185 664 El
1224 612 1279 664 δὲ
1307 610 1517 680 ἀδελφοὶ
1543 612 1607 680 τῇ
1648 625 1747 662 κα-

197 706 476 768 ταστάσει,
533 706 862 775 συμμέτρως
892 705 989 774 τὴν
1036 703 1205 773 θύραν
1250 703 1565 771 ἁνοίξωμεν.
1602 700 1745 769 Πλὴν

197 797 418 865 ἄμεινον
459 796 663 859 πάντας
715 797 999 866 ὑπερέχειν
1057 793 1378 863 Αογίζεσθαι.
1419 792 1744 862 Βουλόμενόν

198 905 266 957 με
296 888 469 957 πάντῃ
518 887 845 957 ἀποτρέπειν
895 887 953 938 ἐν
996 888 1112 947 ταῖς
1149 885 1397 950 συνάξεσι
1425 882 1486 935 τὸ
1514 882 1608 934 τοῦ
1641 880 1745 933 σώε-

197 997 365 1049 ματος
421 979 582 1050 ἔργον
622 982 735 1041 τοῖς
779 978 860 1031 ἐτι
906 979 1251 1048 νηπιώδεσιν,
1327 977 1554 1045 ἐπέσχεν
1594 975 1744 1043 ὁτῆν

191 1070 418 1139 ψάμμον
465 1071 521 1122 ὲν
567 1073 634 1139 τῇ
680 1069 949 1122 ἀναϐολίδι
999 1069 1227 1136 παννυχὶ
1279 1066 1478 1137 φέρων.
1538 1066 1742 1135 ’Ὠσπερ

191 1157 524 1212 ἐναντιοῦται
551 1159 627 1229 τῷ
657 1159 798 1230 λόγῳ
827 1159 934 1212 τῶν
991 1159 1275 1229 δογμάτων
1324 1158 1422 1226 τῆς
1459 1156 1616 1225 ἁγίας
1651 1157 1744 1208 καὶ

190 1246 447 1301 ἀκτίστου
476 1250 613 1319 (45),
660 1251 754 1303 καὶ
812 1249 1193 1320 προσκυνητῆς
1249 1249 1474 1319 Τριάδος
1507 1247 1574 1300 τὰ
1618 1246 1743 1317 περὶ

187 1338 292 1408 τῆς
323 1340 585 1411 ἑνσάρκου
618 1339 927 1409 οίκοιομίας
983 1338 1076 1391 τοῦ
1128 1339 1245 1401 ἑνὸς
1274 1338 1373 1406 τῆς
1407 1338 1575 1407 αὐτῆς
1607 1352 1743 1388 παν-

188 1433 432 1498 υμνὴτου
482 1431 704 1499 μονάδος
734 1428 1039 1503 [Τριάδος]·
1099 1430 1169 1482 τὰ
1204 1430 1302 1499 μὲν
1328 1430 1434 1499 γὰρ
1471 1429 1587 1481 ἐκεῖ
1610 1427 1743 1496 πλη-

186 1519 431 1585 θυντικὰ,
465 1522 523 1574 ὲν
568 1519 742 1589 τούτῳ
793 1521 1094 1592 ὑπάρχουσι
1149 1522 1335 1574 ἑνικάο
1382 1522 1451 1575 τὰ
1525 1521 1580 1574 δὲ
1629 1523 1744 1575 ἐκεῖ

186 1610 367 1670 ἑνικὰ,
397 1610 631 1666 ἐνταῦθά
676 1612 780 1665 εἰσι
818 1611 1194 1682 πληθυντικά·
1251 1610 1423 1674 οὓτως
1466 1610 1626 1682 ἕτερα
1673 1612 1741 1665 τὰ

182 1702 257 1770 τῇ
313 1702 530 1773 ἡσυχίᾳ,
610 1704 703 1756 καὶ
750 1702 886 1758 ἄλλα
943 1703 1012 1756 τὰ
1072 1705 1139 1773 τῇ
1192 1703 1403 1773 ὑπακοῇ
1468 1703 1740 1773 πρέποντα

186 1792 615 1863 ἐπιτηδεύματα.
657 1795 716 1848 '0
783 1795 883 1865 μὲν
950 1794 1091 1856 Θεῖός
1151 1810 1315 1862 φησιν
1377 1794 1693 1857 ’Λπόστολος
1721 1809 1735 1822 ·

1843 615 2042 661 tortum
2086 607 2280 661 animae
2311 608 2527 661 oculum
2582 622 2736 676 geras
2780 607 3040 661 adversus
3087 609 3254 671 animi
3293 614 3398 665 ela-

1846 699 2086 753 tionem:
2128 699 2273 753 nulla
2301 700 2442 753 enim
2475 701 2624 753 fraus
2669 700 2767 753 hac
2791 709 2875 753 est
2926 702 3308 768 perniciosior.
3346 704 3399 757 lu

1843 789 2118 858 publicum
2150 804 2533 858 progressurus
2573 790 2808 859 linguam
2842 805 3052 845 coerce.
3091 793 3239 846 Solet
3259 794 3399 847 enim

1843 891 2117 935 momento
2146 883 2400 950 temporis
2426 897 2615 936 omnes
2636 882 2896 935 virtutum
2924 884 3132 939 labores
3162 901 3390 953 pessum.

1842 973 1988 1027 dare.
2045 974 2269 1028 Abstine
2302 973 2369 1026 ab
2403 976 2547 1026 omni
2588 976 2802 1028 curiosa
2845 985 2897 1029 et
2930 990 3036 1029 non
3096 981 3398 1031 necessaria

1841 1064 2213 1131 occupatione.
2249 1062 2380 1116 Tam
2407 1064 2549 1116 enim
2579 1065 2864 1134 inquinare
2890 1066 3199 1122 solitudinis
3246 1070 3398 1138 quic—

1843 1160 1946 1205 tem
1972 1152 2107 1205 solet
2155 1153 2254 1206 ista
2297 1153 2576 1220 negotiosa
2616 1152 2940 1218 curiositas,
2973 1170 3134 1223 quam
3168 1156 3276 1209 ulla
3316 1174 3398 1211 res

1841 1245 1940 1297 alia
1976 1252 2168 1313 potest.
2220 1243 2623 1297 Adventoribus
2657 1254 2712 1297 et
2750 1247 3048 1313 peregrinis
3096 1250 3396 1302 necessaria

1840 1351 1944 1405 qua
1985 1334 2246 1401 corporis,
2286 1350 2391 1403 qua
2432 1334 2654 1403 spiritus
2684 1336 2879 1402 praebe,
2908 1337 2997 1403 qui
3044 1338 3089 1389 si
3139 1338 3396 1406 sapientia

1840 1424 2209 1493 praepolleant,
2244 1438 2342 1477 nos
2384 1433 2623 1476 nostram
2675 1423 2784 1476 illis
2833 1424 3150 1493 sapientiam
3182 1440 3275 1493 per
3320 1425 3397 1477 si-

1840 1517 2055 1570 lentium
2082 1516 2537 1569 demonstremus.
2592 1514 2647 1567 Si
2695 1525 2872 1568 autem
2928 1513 3121 1569 fratres
3159 1515 3395 1585 religiosi

1840 1606 2055 1670 fuerint,
2080 1615 2190 1660 tum
2218 1604 2493 1659 moderate
2514 1605 2736 1675 januam
2762 1607 3037 1675 sapientia:
3060 1608 3389 1677 aperiamus.

1837 1695 1996 1768 £22
2040 1695 2359 1764 Quanquam
2406 1705 2621 1764 prmstat
2660 1696 2969 1751 existimare
3007 1714 3199 1752 omnes
3241 1699 3398 1751 nobis

1839 1785 2243 1841 excellentiores
2268 1798 2404 1837 esse.
2442 1783 2576 1837 Cum
2615 1783 2926 1853 junioribus
2958 1785 3009 1837 in
3042 1786 3395 1839 conventibus

189 1852 466 1951 Τίς
490 1885 640 1938 νοῦν
668 1852 928 1952 Κυρίου;
986 1852 1097 1952 ἐγω
1149 1852 1376 1951 δὲ’λέγω
1395 1901 1407 1914 ·
1454 1884 1547 1948 Τίς
1601 1852 1740 1951 ἔγνω
1773 1852 1816 1907 Β
1844 1894 1856 1930 I

1726 1852 1816 1936 ›Β
1844 1877 2065 1931 omnino
2105 1875 2294 1929 vellem
2347 1889 2508 1943 opere
2556 1873 2812 1929 faciendo
2863 1876 3217 1940 interdicere,
3266 1892 3393 1944 pro-

181 1969 311 2021 νοῦν
382 1971 667 2042 ἀνθρώπου
740 1974 1046 2044 ἠσυχαστοῦ
1143 1974 1352 2045 σώματι
1416 1975 1510 2028 καὶ
1575 1972 1738 2027 πνεύ-

181 2075 319 2125 ματι
342 2078 355 2123 ;

1845 1968 2020 2023 hibuit
2064 1967 2109 2020 is
2139 1965 2234 2035 qui
2284 1980 2379 2034 per
2408 1972 2578 2018 totam
2627 1974 2837 2018 noctem
2879 1981 3096 2020 arenam
3147 1968 3201 2019 in
3239 1967 3396 2035 pallio

1844 2061 1987 2118 tulit.
2039 2058 2192 2113 Sicut
2233 2058 2586 2111 adversantur
2628 2056 2887 2111 doctrinae
2926 2060 3391 2126 pronuntiatorum

175 2150 249 2203 de
284 2160 469 2205 sancta
501 2161 551 2205 ct
610 2153 848 2207 inereata
921 2162 974 2206 et
1049 2153 1321 2207 adoranda
1383 2154 1667 2216 ’l‘rinitatc,
1720 2150 2067 2224 pronuntiata
2121 2148 2186 2201 de
2238 2147 2574 2201 humanitate
2622 2147 2823 2203 Christi
2879 2149 3039 2204 unius
3091 2166 3154 2204 ex
3211 2152 3385 2204 tribus

176 2243 435 2309 personis
488 2244 729 2312 ejusdem
787 2245 1173 2301 laudatissima:
1229 2245 1508 2300 Trinitatis
1547 2265 1559 2299 :
1620 2261 1738 2315 qua:
1770 2245 1913 2299 enim
1960 2242 2012 2295 in
2057 2240 2319 2295 Trinitate
2359 2248 2487 2295 sunt
2532 2241 2796 2310 pluralia,

2879 2256 3005 2298 sunt
3060 2243 3113 2296 in
3177 2243 3392 2301 Christo

174 2332 478 2401 singularia
505 2355 517 2388 :
542 2343 597 2387 et
615 2350 736 2403 qua:
764 2334 816 2388 in
850 2335 936 2389 illa
959 2345 1085 2389 sunt
1106 2336 1419 2405 singularia,
1480 2337 1531 2389 in
1590 2334 1804 2390 Christo
1842 2340 1971 2388 sunt
2010 2329 2266 2401 pluralia:
2301 2329 2372 2384 ita
2421 2333 2525 2386 alia
2558 2332 2889 2386 conveniunt
2930 2333 3105 2387 studia
3139 2334 3393 2392 solitaria:

174 2424 339 2487 vitm,
380 2426 482 2480 alia
536 2429 602 2481 iis
629 2429 722 2498 qui
768 2429 868 2483 sub
901 2430 1203 2484 obedientia
1244 2432 1449 2483 vivunt.
1509 2430 1730 2483 Divinos
1766 2428 1979 2497 quidem
2047 2425 2338 2493 Apostolus
2381 2428 2458 2480 ait
2515 2445 2527 2479 :

2584 2427 2715 2493 Qui;
2759 2427 2996 2497 cognovit
3045 2444 3256 2482 settsunt
3282 2430 3358 2485 Do

171 2519 390 2573 mini’?
424 2520 534 2591 Ego
561 2537 688 2576 vero
715 2522 837 2578 dico
877 2541 891 2578 :
925 2524 1060 2589 Quis
1089 2526 1366 2594 cognoscit
1395 2538 1624 2580 mentem
1656 2520 1892 2577 hominis
1917 2518 2010 2588 qui
2045 2533 2269 2587 corpore
2324 2526 2376 2572 et
2431 2520 2615 2572 animo
2646 2520 2698 2573 in
2735 2520 3027 2574 solitudine
3051 2520 3222 2575 vivit?

251 2611 467 2682 Κράτος
508 2614 717 2683 βασιλεί
768 2616 995 2679 πλοῦτος
1042 2618 1135 2671 καὶ
1177 2615 1413 2687 πλῆθοςο
1447 2616 1644 2689 κράτος
1669 2615 1725 2669 δὲ

168 2706 455 2775 ἡσυχαστῇ
481 2708 784 2777 προσευχῆς
811 2707 1033 2777 πλῆθος.

832 2819 1078 2872 ΣΧυΛΙΑ

385 2928 487 2992 Είς
532 2930 715 2998 λόγον
753 2932 883 2998 περὶ
921 2930 1204 3000 διαφορᾶς
1238 2931 1516 3000 ἡσυχίας.

761 3025 806 3074 Σ
808 3022 1019 3089 χόλων
1066 3028 1136 3076 α’.

237 3104 411 3179 Οἶμαι
436 3110 518 3165 ὃτι
548 3110 637 3164 διὰ
660 3111 757 3182 τὴν
804 3113 1133 3183 προπέτειαν
1158 3114 1305 3182 λέγει
1333 3114 1428 3183 τῆς
1457 3112 1723 3183 γλώσσης,

163 3199 265 3251 καὶ
309 3199 512 3269 ταύτην
544 3201 698 3255 καλεί
741 3202 1023 3257 ἀσθένειαν
1057 3204 1319 3274 στόματος
1346 3220 1360 3233 ο
1399 3203 1643 3273 σώματος
1669 3204 1727 3255 δὲ

163 3287 440 3359 πρόληψιν
462 3290 560 3359 τὴν
605 3293 822 3362 ἀργίαν,
843 3293 917 3357 ὼς
948 3294 1222 3359 ὲθίσαντος
1265 3296 1472 3366 ἀργεῖν,
1500 3297 1594 3349 καὶ
1619 3313 1725 3349 σω-

162 3384 417 3455 ματικῶς
451 3382 839 3437 ἀναπαύεσθαι.

752 3562 1008 3629 Σχόλιον
1066 3561 1132 3632 β’.

251 3650 573 3721 Ἰδιορυθμία
602 3651 717 3705 ἐστὶ
735 3652 798 3706 τὸ
824 3653 966 3723 ἔχειν
985 3652 1108 3707 τινὰ
1130 3652 1268 3706 ίδίαν
1305 3655 1475 3722 τάξιν,
1508 3654 1601 3707 καὶ
1627 3654 1723 3706 ὲκ·

158 3742 411 3815 πληροῦν
434 3742 492 3795 τὸ
515 3742 642 3797 ἴδιον
674 3744 903 3815 θέλημα.

761 3838 1013 3905 Σχόλιον
1057 3844 1127 3906 γ’.

231 3926 300 3978 Ei
321 3925 551 3995 ἀπέστη,
582 3927 766 3996 φησὶν,
791 3928 898 3979 ἀπὸ
926 3928 1018 3980 σοῦ
1045 3930 1079 3998 ἡ
1103 3929 1298 4001 ἁκηδία
1322 3948 1335 3959 '
1370 3930 1495 3999 περὶ
1520 3927 1717 3998 ταύτης

157 4016 277 4087 γὰρ
310 4015 405 4067 καὶ
447 4016 554 4085 πρὸ
583 4014 777 4086 μικροῦ
811 4014 935 4085 ἔφη,
969 4018 1051 4069 ὅτι
1084 4019 1133 4070 οἱ
1171 4019 1308 4088 μετὰ
1335 4018 1489 4085 λόγον
1519 4017 1717 4087 ἠσυχάν

165 4125 393 4170 σαντες,
432 4107 506 4177 μὴ
540 4107 801 4177 πρότερον
833 4108 1135 4177 ἡσύχασαν,
1166 4110 1294 4178 πρὶν
1332 4110 1478 4179 πάσῃ
1521 4108 1717 4179 ἀκηδίᾳ.

150 4201 467 4253 ἀπόστασιν
495 4196 788 4251 δεδώκασιν
810 4214 826 4230 ο
862 4200 912 4251 εί
929 4194 1021 4253 οὖν
1045 4200 1253 4271 ἀπέστη
1276 4200 1434 4271 αὕτη,
1460 4200 1716 4270 περισσὸν

150 4290 218 4343 τὸ
243 4288 600 4360 ἐργάζεσθαι.

749 4380 1007 4449 Σχόλιον
1064 4382 1127 4434 δ’.

221 4472 292 4527 Oi
325 4470 426 4542 μὲν
450 4470 774 4525 κοινοϐιακοί
796 4490 811 4505 ο
834 4473 885 4525 oi.
911 4472 966 4524 δὲ
989 4473 1364 4542 ήσυχαστικαί.
1406 4534 1411 4537 Α

748 4564 1003 4631 Σχόλιον
1064 4570 1125 4617 ε’.

217 4652 482 4723 Δηλονότι
517 4652 658 4722 μέγα
709 4654 770 4706 τὸ
796 4655 894 4723 τῆς
931 4654 1155 4724 ἡσυχίας
1182 4654 1363 4724 ἔργον,
1419 4657 1511 4709 καὶ
1542 4656 1714 4709 πλείοο

142 4765 238 4810 νος
302 4746 585 4816 προκοπῆς
627 4745 819 4808 αἴτιον,
869 4745 903 4816 ἢ
937 4744 1007 4797 τὰ
1052 4745 1289 4797 κοινόόια
1320 4763 1334 4777 ·
1374 4747 1432 4799 οὐ
1471 4746 1713 4816 βούλεται

140 4840 202 4892 δὲ
222 4838 396 4892 τοῦτο
424 4838 598 4891 εἰπεῖν
630 4836 717 4890 διὰ
741 4838 866 4900 τοὺς
899 4836 1330 4908 ἀσθενεστέρους.

754 5044 801 5095 Σ
803 5043 1012 5110 χόλιον
1027 5048 1100 5108 ς’.

212 5134 338 5196 Τὰς
359 5133 620 5201 ἐργασίας
651 5132 758 5184 τῶν
781 5132 902 5186 καθ’
930 5133 1158 5203 ἡσυχίαν
1189 5132 1356 5184 ὅντων
1387 5133 1707 5204 ἀπαριθμεῖ-

136 5244 255 5287 ται,
288 5224 393 5278 καὶ
416 5222 523 5275 ἀπὸ
546 5222 653 5275 τῶν
684 5223 978 5276 ἐλαττόνων
1024 5224 1115 5275 ἐπὶ
1155 5222 1223 5275 τὰ
1281 5223 1496 5293 μείζονα
1524 5226 1709 5292 πρόει-

1900 2611 2143 2666 Potentia
2175 2610 2315 2680 regis
2356 2609 2409 2664 in
2446 2611 2640 2680 opibus
2669 2620 2721 2665 et
2752 2612 3092 2666 multitudine
3129 2614 3230 2668 sita
3264 2624 3385 2684 est,

1826 2702 2063 2775 potentia
2080 2716 2204 2756 vero
2229 2702 2456 2756 solitarii
2488 2702 2538 2755 in
2568 2717 2785 2771 precum
2808 2703 2963 2773 copia
2984 2711 3035 2757 et
3065 2703 3383 2774 frequentia.

1995 2783 2029 2806 "
2468 2809 2761 2867 scnoua

1829 2926 1906 2980 Ad
1928 2925 2151 2996 gradum
2175 2925 2238 2980 de
2252 2926 2548 2995 diﬂ'erentia
2565 2937 2615 2981 et
2632 2929 2945 2984 discretione
2962 2932 3081 2985 vita:
3106 2933 3381 2987 solitarim.

2442 3017 2691 3072 Scholion
2724 3020 2751 3072 1

1894 3107 2158 3164 Existimo
2205 3110 2559 3178 petulantiam
2604 3125 2697 3165 seu
2751 3112 3132 3180 procaeitatem
3188 3114 3383 3184 lingua:

1826 3200 2248 3271 intelligendam,
2288 3210 2344 3257 et
2387 3202 2526 3257 hanc
2556 3218 2586 3256 a
2611 3202 2851 3258 Climaco
2876 3204 3240 3259 infirmitatem
3287 3223 3382 3262 seu

1824 3294 2071 3346 morbum
2110 3293 2222 3348 oris
2245 3294 2446 3347 vocari.
2505 3291 2609 3347 Per
2639 3294 2882 3363 corporis
2910 3311 3041 3349 vero
3069 3312 3289 3366 pravam
3329 3308 3384 3353 et

1825 3390 2143 3451 praeceptam
2189 3381 2673 3444 consuetudinem,
2730 3383 2980 3453 intelligit
3032 3386 3238 3450 otium,
3289 3389 3380 3441 cui

1824 3488 2041 3543 corpus,
2065 3472 2208 3542 quod
2227 3482 2374 3527 amat
2400 3472 2733 3541 corporalem
2760 3475 3019 3543 quietem,
3048 3476 3305 3534 assuevit.

2434 3564 2683 3619 Scholion
2713 3565 2769 3619 2.

1892 3656 2118 3725 Propria
2144 3655 2360 3710 vivendi
2392 3656 2529 3709 ratio
2560 3666 2643 3711 est
2676 3657 2830 3727 sequi
2864 3673 3018 3713 suam
3045 3659 3257 3715 vivendi
3290 3677 3375 3716 ra~

1743 3747 1784 3803 C
1818 3748 2042 3811 tionem,
2078 3756 2131 3801 et
2164 3763 2318 3803 suam
2352 3749 2568 3818 explere
2604 3749 2959 3804 voluntatem.

2422 3838 2669 3894 Scholion
2709 3842 2761 3896 5.

1886 3928 2165 3998 Profligata
2201 3931 2300 3985 abs
2329 3939 2381 3985 te
2402 3932 2583 3985 aeedia
2606 3948 2699 3987 seu
2730 3932 2944 4003 pigritia
2978 3935 3066 4001 (de
3103 3936 3203 3989 hac
3230 3936 3373 3990 enim

1815 4022 1974 4090 paulo
2005 4030 2128 4075 ante
2154 4022 2291 4075 dixit
2341 4022 2487 4092 quod
2526 4023 2617 4092 qui
2656 4039 2779 4078 cum
2827 4027 3035 4080 ratione
3078 4029 3372 4082 solitariam

1812 4112 1972 4182 5.23
1987 4113 2144 4165 vitam
2163 4122 2456 4177 sectantur,
2476 4130 2580 4168 non
2610 4116 2759 4184 prius
2779 4116 2843 4169 ad
2867 4133 2983 4171 eam
3010 4120 3370 4187 pervenerint,

1813 4218 1974 4272 quam
1995 4206 2140 4257 omni
2171 4205 2377 4259 inertiae
2404 4206 2652 4259 nuntium
2676 4210 3029 4277 remitterent)
3052 4252 3065 4274 ,
3102 4212 3200 4267 hac
3222 4228 3367 4282 ergo,

1815 4294 2010 4365 inquit,
2048 4295 2350 4365 proﬂigata,
2387 4297 2517 4350 nihil
2554 4307 2637 4352 est
2669 4301 2813 4368 quod
2852 4301 3085 4357 labores.

2422 4387 2669 4442 Scholion
2704 4392 2757 4445 4.

1882 4476 1946 4532 lii
1979 4478 2196 4548 quidem
2231 4480 2538 4541 camobitte,
2579 4481 2664 4535 isti
2700 4498 2827 4537 vero
2866 4484 3110 4540 solitarii.

2423 4573 2673 4629 Scholion
2706 4576 2760 4630 5.

1880 4663 2029 4718 Haud
2078 4665 2239 4720 dubie
2282 4666 2473 4736 ingens
2519 4683 2656 4737 opus
2697 4678 2779 4723 est
2830 4669 3071 4723 solitaria
3118 4671 3265 4733 vita,
3312 4680 3367 4724 et

1812 4756 1979 4809 multo
2002 4756 2224 4825 majoris
2250 4757 2525 4827 profectus
2549 4774 2715 4814 causa
2745 4771 2799 4816 et
2820 4762 3035 4815 occasio
3064 4777 3228 4831 quam
3256 4762 3362 4815 vita

1812 4847 2149 4903 cmuobitica.
2204 4849 2321 4903 Non
2360 4850 2727 4919 pronuntiavit
2750 4862 2926 4906 autem
2963 4853 3065 4908 hoc
3092 4852 3365 4908 Climacus

1810 4951 2027 5009 prOpter
2065 4939 2502 5010 imperfectiorcs.

2425 5032 2672 5087 Scholion
2703 5037 2754 5088 6.

1880 5124 2063 5179 Studia
2091 5126 2453 5180 solitariorum
2490 5138 2802 5194 enumerat,
2832 5140 2885 5184 et.
2914 5146 2943 5184 a
2972 5132 3270 5188 minoribus
3295 5134 3359 5187 ad

1809 5220 2011 5289 majora
2059 5222 2417 5288 progreditur.
2456 5221 2559 5274 Alii
2590 5222 2732 5275 enim
2755 5264 2770 5287 ,
2804 5223 3009 5292 inquit,
3044 5223 3183 5279 hanc
3207 5241 3362 5281 exer-

138 5333 260 5371 σινο
300 5316 357 5368 οί
396 5314 493 5383 μὲν
517 5313 644 5384 γὰρ,
691 5314 845 5383 φησὶ,
882 5314 968 5367 διὰ
1008 5313 1066 5366 τὸ
1119 5314 1186 5365 τὰ
1217 5314 1360 5381 πάθη
1414 5314 1707 5370 ἐλαττῶσαι

1692 5335 1707 5370 ι
1806 5320 1959 5373 cent,
2013 5321 2069 5366 ut
2122 5327 2312 5381 pravas
2347 5312 2511 5365 animi
2557 5313 2880 5382 cupiditates
2932 5324 3255 5385 temperent,
3306 5328 3359 5373 et

136 5407 361 5477 ταύτην
387 5406 724 5475 ἐργάζονται,
762 5406 853 5459 καὶ
886 5405 1035 5469 ἴσως,
1059 5405 1150 5457 ml.
1180 5405 1245 5457 δι’
1272 5407 1582 5476 ἐργοχείρου
1615 5425 1705 5459 κο-

136 5499 381 5560 πιῶσιν,
427 5496 563 5565 ὅπερ
596 5496 710 5549 ἐστὶ
743 5497 849 5550 τῶν
897 5496 1207 5566 ἀρχομένων
1228 5509 1242 5525 ’
1274 5497 1321 5549 οἱ
1342 5496 1397 5549 δὲ
1429 5500 1495 5567 τῇ
1523 5496 1705 5567 ψαλμ-

135 5590 280 5658 ῳδίᾳ
318 5584 757 5655 ἐνασχολοῦνται,
784 5586 921 5656 ὅπερ
963 5587 1075 5638 ἐστὶ
1117 5585 1225 5637 τῶν
1249 5584 1662 5653 προκοπτόντων
1686 5602 1700 5617 ⁸

1807 5403 2038 5460 fortasse
2072 5416 2130 5461 ut
2157 5406 2398 5476 corporis
2446 5407 2630 5463 labore
2671 5407 2893 5478 fatigent
2932 5426 2997 5465 ac
3038 5410 3353 5466 debilitent:

1811 5497 1861 5552 id
1887 5497 2027 5566 quod
2058 5506 2140 5551 est
2196 5499 2584 5567 incipientium.
2649 5500 2750 5554 Alii
2800 5503 3129 5570 psalmorum
3174 5506 3351 5557 cantui

1810 5593 2019 5649 vacant,
2058 5585 2197 5654 quod
2225 5596 2309 5640 est
2343 5586 2758 5655 prolicientium.
2809 5588 2914 5641 Alii
2951 5591 3194 5659 precibus
3225 5591 3353 5644 dant

137 5682 191 5733 oi
221 5680 283 5733 δὲ
316 5680 391 5746 τῇ
434 5679 705 5747 προσευχῇ
749 5676 1230 5748 προσκαρτεροῦσι,
1261 5674 1395 5741 ὅπερ
1439 5675 1553 5729 ἐστὶ
1585 5676 1692 5730 τῶν
1800 5698 1804 5725 ε

1683 5692 1692 5725 ν
1800 5690 2040 5747 operam,
2071 5677 2127 5730 in
2157 5677 2327 5739 iisque
2367 5688 2709 5748 perseverant
2742 5687 2795 5733 et
2827 5680 3023 5736 durant
3049 5700 3062 5736 :
3101 5681 3242 5753 quod
3270 5694 3350 5738 cst

216 5858 235 5886 ⁷
270 5852 439 5909 Rom.
484 5869 558 5918 χι,
618 5854 703 5910 5-ί.
