4222 6448
740 438 751 448 κ
844 410 978 474 1119

2042 400 2102 458 S.
2163 399 2475 458 JUANNIS
2510 395 2803 458 CLIMACI

3884 371 4027 440 1120

841 532 1027 572 eorum
1066 515 1155 584 qui
1207 512 1318 580 jam
1362 506 1721 579 profecerunt.
1778 506 1883 563 Alii
1938 505 2001 559 ad
2048 505 2377 574 coutempla-
2404 504 2508 574 Αῆ

2355 533 2377 544 -
2404 510 2455 566 Α
2479 504 2576 574 ἤδη
2614 500 3030 572 προκοψάντων·
3077 499 3126 552 οί
3153 497 3210 550 δὲ
3251 496 3318 564 τῇ
3358 491 3560 562 θεωρίᾳ
3607 487 4022 550 ὲνατενίζουσιν,

846 609 1042 659 tionem
1095 601 1444 660 incumbunt,
1502 592 1645 666 quod
1697 607 1780 652 est
1835 597 1945 666 jam
2007 593 2383 664 perfectorum.

846 701 984 770 Ergo
1011 699 1077 753 ab
1111 696 1488 751 humilioribus
1512 692 1794 762 coaptando
1824 692 1890 746 ad
1929 692 2116 745 altiora
2161 689 2389 744 recurrit

848 792 1112 848 sermonis
1157 790 1361 844 ratione
1397 788 1544 842 velut
1583 786 1726 840 scala
1769 799 1918 839 usus.
1971 781 2103 837 Nam
2143 782 2286 836 scala
2322 781 2390 834 ab

849 884 1048 937 intimis
1109 880 1361 950 gradibus
1417 887 1474 933 et
1526 876 1692 932 radiis
1740 875 1806 930 ad
1868 873 2057 929 altiora
2116 871 2392 928 consuevit

851 975 1164 1031 ascendere.

1453 1058 1698 1115 Scholion
1737 1058 1791 1111 'l.

924 1160 1118 1213 Animo
1156 1158 1438 1226 concipere
1478 1155 1720 1210 dolorem
1759 1163 1813 1208 et
1861 1153 2130 1208 tristitiam
2181 1160 2399 1221 superat

859 1268 1069 1308 onmem
1109 1250 1352 1320 corporis
1393 1248 1627 1303 laborem
1664 1256 1720 1302 et
1754 1245 2142 1315 fatigationem.

1466 1338 1710 1394 Scholion
1745 1338 1798 1393 8.

928 1434 1042 1487 Non
1076 1447 1235 1488 secus
1265 1449 1326 1488 ac
1355 1447 1572 1487 servum
1599 1432 1899 1485 venientem
1928 1426 2144 1499 quando
2165 1425 2280 1482 vult
2308 1427 2379 1482 do

861 1545 1064 1584 minus.

1469 1633 1717 1690 Scholion
1749 1634 1801 1689 9.

935 1729 1189 1798 Corporis
1216 1724 1626 1799 [membrorum]
1655 1725 2026 1780 remissionem
2056 1723 2299 1794 sequitur
2325 1735 2409 1776 co-

869 1821 1185 1888 gitationum
1222 1818 1466 1889 evagatio
1495 1827 1548 1872 et
1583 1818 1918 1888 inquinatio;
1957 1815 2303 1870 immodicum
2341 1813 2415 1867 la-
2445 1836 2486 1891 Β

873 1915 1056 1968 b'orem
1109 1910 1359 1980 pigritia;
1423 1909 1692 1980 pigritiam
1745 1910 1832 1962 illa
1872 1907 2130 1976 evagandi
2180 1905 2416 1967 libertas,

872 2024 1098 2078 quarum
1131 2009 1294 2062 altera
1326 2005 1502 2061 dilIert
1551 2005 1618 2060 ab
1647 2004 1833 2058 altera.
1880 2001 2115 2054 Primam
2150 1999 2290 2054 enim
2341 2012 2423 2052 se-

874 2101 1058 2168 quitur
1102 2115 1278 2171 pugna
1325 2097 1591 2162 luxuria;
1648 2095 1869 2148 alteram
1915 2092 2020 2146 loci
2061 2089 2294 2146 solitarii
2339 2102 2426 2143 re-

879 2193 1046 2256 lictio,
1099 2201 1152 2247 et
1189 2207 1218 2246 e
1256 2191 1376 2245 loco
1420 2189 1474 2243 in
1531 2189 1710 2242 locum
1765 2185 2014 2256 migratio
2070 2182 2423 2251 (moderatum

881 2290 1062 2334 autem
1091 2288 1144 2334 et
1173 2286 1506 2352 constantem
1536 2277 1773 2331 laborem
1813 2291 1919 2329 non
1951 2273 2194 2343 sequitur
2225 2271 2425 2340 pceua).

883 2370 1086 2425 Horum
1120 2379 1298 2424 autem
1333 2369 1580 2424 laborum
1613 2366 1862 2422 remissio
1895 2375 2054 2434 auget
2081 2363 2428 2431 voluptatem,

880 2476 1131 2517 ercessus
1172 2477 1298 2516 vero
1342 2461 1673 2516 discursum.
1726 2459 2061 2527 Quapropter
2101 2454 2311 2511 diliicile
2351 2463 2433 2509 est

882 2554 1116 2623 assequi.
1144 2568 1263 2623 quae
1290 2561 1589 2623 sequuntur
1613 2567 1676 2606 ea
1706 2567 1827 2622 quae
1847 2549 2204 2612 enumeravit,
2237 2548 2433 2617 quibus

885 2645 976 2714 qui
1005 2654 1152 2700 caret
1180 2646 1297 2700 sine
1323 2647 1530 2700 ratione
1555 2645 1719 2700 vitam
1749 2645 1986 2715 quietam
2017 2659 2108 2698 seu
2140 2642 2435 2698 solitariam

887 2745 1140 2791 sectatur.
1177 2779 1190 2791 .
1226 2777 1241 2792 .
1279 2779 1292 2792 .
1327 2776 1341 2790 .

1482 2827 1730 2883 Scholion
1769 2827 1854 2881 10.

965 2916 1066 2972 Ubi
1101 2918 1350 2973 vitiorum
1391 2919 1578 2990 c0pia,
1619 2917 1689 2972 ibi
1729 2918 1982 2972 virtutum
2023 2915 2221 2986 inopia.

1490 3091 1736 3148 Scholion
1778 3092 1862 3146 ll.

2484 596 2618 664 ὅπερ
2650 593 2794 647 ἐστὶν
2818 593 2920 662 ἤδη
2953 589 3062 644 τῶν
3087 587 3322 642 τελείων.
3365 584 3496 636 ’Δπὸ
3517 578 3611 634 οὖν
3641 579 3750 632 τῶν
3773 594 4029 631 ταπεινο-

2485 687 2656 758 τέρων
2688 685 2986 756 ἀρξάμενος
3033 681 3125 734 ἐπὶ
3145 679 3213 733 τὰ
3245 675 3544 746 ὑψηλότερα
3575 671 3678 742 ἢδη
3704 669 4030 740 ἀνέδραμεν,

2487 775 2672 845 ὥσπερ
2703 775 2926 843 κλίμακι
2963 771 3070 824 τινὶ
3117 767 3193 838 τῷ
3250 767 3393 836 λόγῳ
3434 763 3805 834 χρησάμενος
3847 759 3883 828 ἡ
3926 758 4036 825 γὰρ

2489 866 2690 937 κλίμαξ
2740 865 2846 920 ἀπὸ
2888 863 2997 918 τῶν
3029 858 3423 929 ταπεινοτέρων
3472 855 3565 910 ἐπὶ
3600 855 3668 907 τὰ
3729 850 4035 922 ὑψηλότερα

2491 956 2837 1022 ἀναϐιϐάζειν
2868 955 3097 1023 πέφυκε.

2941 1045 3196 1113 Σχόλιον
3266 1038 3470 1096 Ἰσαὰκ
3519 1039 3585 1102 ς’.

2563 1136 2639 1192 Τδ
2671 1136 2954 1191 λυπεῖσθαι
2972 1137 3111 1188 κατά
3125 1134 3385 1197 διάνοιαν,
3413 1117 3738 1198 ὑπερϐάλλει
3760 1125 3856 1178 τὸν
3876 1121 4046 1176 κόπον

2495 1227 2589 1283 τοῦ
2634 1226 2898 1296 σώματος.

3069 1316 3324 1384 Σχόλιον
3383 1311 3452 1382 η’.

2569 1407 2747 1463 Οἱονεὶ
2793 1407 2997 1473 δοῦλον,
3063 1409 3151 1462 ὅτε
3196 1405 3338 1460 θέλει
3387 1406 3418 1458 6
3466 1399 3842 1472 κεκτημένος,
3894 1394 4052 1466 ἐρχό-

2506 1515 2686 1568 μενον.
3133 1555 3136 1558 ν

3099 1588 3355 1657 Σχόλιον
3399 1584 3464 1638 θ’.

2575 1684 2808 1738 "Enecat
2838 1683 2905 1752 τῇ
2955 1681 3134 1734 ἀνέσει
3165 1678 3277 1732 τῶν
3342 1675 3516 1748 μελῶν
3570 1675 3605 1744 ἡ
3645 1673 3755 1726 τῶν
3782 1669 4061 1739 λογισμῶν

2514 1775 2747 1838 ἕκτασις,
2777 1775 2871 1827 καὶ
2897 1772 3113 1844 φύρσις,
3139 1772 3231 1825 καὶ
3255 1772 3322 1841 τῇ
3345 1767 3566 1839 ἀμέτρῳ
3585 1763 3816 1836 ἐργασίᾳ
3840 1759 4062 1830 ἀκηδία,

2515 1870 2606 1920 καὶ
2633 1869 2699 1937 τῇ
2739 1865 2933 1936 ἀκηδίᾳ
2956 1864 3172 1927 ἕκτασις
3193 1879 3206 1891 ·
3260 1861 3504 1931 διαφέρει
3528 1859 3586 1912 δὲ
3635 1856 3858 1916 ἐκτασις
3903 1851 4063 1905 ὲκτάο

2519 1975 2654 2022 σεως
2680 1975 2694 1988 ο
2725 1959 2791 2026 τῇ
2825 1957 2918 2027 μὲν
2941 1957 3046 2027 γὰρ
3069 1954 3256 2024 πρώτῃ
3285 1952 3500 2005 ἐκτάσει
3534 1949 3722 2001 ἕπεται
3763 1946 3792 1998 6
3833 1943 4067 2012 πόλεμος

2519 2055 2618 2122 τῆς
2642 2049 2894 2120 πορνείας
2915 2066 2928 2078 ·
2957 2050 3025 2118 τῇ
3047 2047 3100 2100 δὲ
3122 2043 3349 2115 δευτέρα
3387 2041 3481 2095 τοῦ
3515 2040 3644 2094 ίδῖου
3665 2034 4069 2109 ἡσυχαστηρίου

2521 2141 2853 2211 κατάλειψις,
2901 2139 2994 2194 καὶ
3051 2137 3158 2192 ἀπὸ
3188 2135 3352 2189 τόπου
3383 2135 3462 2197 εἱς
3487 2131 3649 2184 τόπον
3690 2126 4066 2199 μετακίνησις·

2520 2237 2587 2306 τῇ
2611 2233 2666 2287 δὲ
2696 2233 2953 2304 ἐμμέτρῳ
2981 2231 3075 2284 καὶ
3109 2227 3349 2299 ὲπιμόνῳ
3387 2222 3614 2296 ἐργασίᾳ
3639 2221 3770 2292 τιμὴ
3798 2219 3902 2273 οὐκ
3926 2217 4067 2270 εστι·

2524 2327 2727 2380 τούτων
2763 2326 2818 2378 δὲ
2868 2327 2902 2396 ἡ
2943 2323 3164 2394 μείωσις
3208 2320 3307 2392 μὲν
3341 2316 3598 2388 πληθύνει
3649 2313 3748 2383 τὴν
3789 2310 4007 2382 ἡδονὴν,
4035 2307 4072 2376 ἡ

2525 2417 2760 2488 ἀμετρία
2787 2416 2845 2470 δὲ
2879 2414 2978 2486 τὴν
3006 2414 3228 2468 ἔκτασιν
3253 2428 3268 2442 ο
3300 2409 3392 2464 καὶ
3413 2406 3501 2462 διὰ
3541 2405 3700 2460 τοῦτο
3735 2399 3994 2455 δύσκολον
4014 2396 4076 2450 τὴ

2532 2507 2666 2578 μετά
2691 2507 2768 2576 (a)
2804 2503 2973 2559 ταῦτα
2999 2505 3126 2557 ποῖα
3168 2502 3311 2572 ἀπερ
3335 2496 3784 2570 ἀπηριθμήσατο·
3817 2492 3964 2560 ἅπερ
4004 2488 4075 2558 μὴ

2531 2597 2669 2666 ἔχων
2698 2593 2760 2647 οὐ
2790 2593 2992 2663 κυρίως
3027 2591 3167 2660 λόγῳ
3192 2588 3392 2658 ταύτην
3445 2583 3740 2657 μετελθεῖν.
3781 2618 3797 2634 .
3838 2620 3853 2634 .
3897 2620 3911 2633 .
3949 2617 3966 2633 .
4006 2614 4020 2630 .
4058 2612 4082 2630 .

3126 2833 3380 2903 Σχόλιον
3445 2835 3497 2885 ι’.

2620 2928 2684 2978 'H
2709 2927 2768 2980 ἐν
2805 2927 2884 2998 τῷ
2932 2927 3146 2997 πλούτῳ
3192 2923 3290 2996 τῆς
3316 2920 3533 2984 κακίας,
3580 2916 3686 2971 τῶν
3730 2917 3944 2987 ἀρετῶν
3997 2929 4090 2967 κιο

2542 3025 2652 3079 νίκ.

3117 3115 3162 3166 Σ
3164 3113 3371 3180 χόλων
3415 3115 3503 3163 ια’.

969 3183 1050 3280 Et,
1085 3184 1226 3255 quod
1261 3185 1382 3240 inde
1410 3185 1672 3254 sequitur,
1697 3183 1960 3251 intelligit.
1986 3159 2197 3251 opinor,
2234 3182 2443 3250 lapsum
2477 3215 2520 3273 ο
2623 3211 2636 3226 ο

2430 3197 2443 3233 ³
2477 3215 2520 3273 C
2623 3209 2696 3261 Τδ
2725 3208 2848 3280 ἑξῆς
2872 3201 3044 3278 οἶμαι,
3077 3159 3745 3274 ἢῖπζίυμανσυιματικδν,ῆ
3774 3192 3896 3255 νοὸς
3941 3189 4092 3242 ἔκτα-

897 3278 1092 3341 cnrnis,
1125 3287 1216 3333 aut
1243 3279 1435 3333 mentis
1457 3276 1620 3349 424
1643 3287 1913 3346 stuporem
1939 3293 1952 3329 :
1980 3276 2092 3328 haec
2114 3275 2253 3328 enim
2276 3288 2342 3329 ex
2364 3274 2449 3327 in-

899 3371 1022 3425 ﬂato
1047 3382 1099 3426 et
1125 3372 1265 3426 elato
1294 3373 1495 3436 animo,
1523 3371 1979 3441 quemadmodum
2009 3378 2063 3424 et
2096 3367 2447 3438 blasphemia,

903 3465 1076 3520 solent
1112 3465 1388 3520 exsistere.

1111 3631 1114 3634 ι
1491 3553 1738 3609 Scholion
1773 3555 1855 3608 12-

977 3645 1077 3713 Qui
1119 3645 1202 3700 his
1232 3652 1396 3710 caret,
1432 3644 1690 3700 obedienc
1725 3658 1818 3698 seu
1851 3641 2126 3711 subjectus
2161 3655 2269 3695 non
2307 3649 2408 3696 est.

1495 3734 1742 3791 Scholion
1783 3734 1866 3788 15.

975 3832 1110 3898 Quia
1140 3830 1372 3884 deterior
1399 3837 1484 3883 est
1526 3827 1780 3882 omnibus
1825 3826 1990 3880 nimia
2038 3824 2256 3883 libertas
2282 3831 2338 3876 ct
2366 3821 2462 3877 de-

912 3924 1081 3980 fectus
1118 3921 1570 3993 compunctionis,
1607 3935 1768 3990 quam
1804 3919 2044 3988 sequitur
2075 3915 2391 3972 scurrilitas.

1502 4011 1744 4066 Scholion
1779 4011 1864 4066 14.

983 4104 1119 4160 Octo
1177 4114 1303 4158 sunt
1358 4105 1617 4174 capitales
1681 4103 1932 4158 vitiorum
1987 4102 2370 4172 cogitationes,
2433 4114 2465 4154 e

915 4201 1113 4270 quibus
1161 4198 1430 4253 solitarius
1473 4182 1814 4267 oppugnant,
1843 4197 2032 4252 vitium
2073 4196 2468 4261 acediayvanze

919 4279 1122 4360 gloriae,
1151 4288 1436 4358 superbiae,
1459 4287 1713 4350 tristitiae,
1740 4291 1873 4354 ire;
1911 4304 2006 4344 eos
2030 4299 2206 4344 autem
2242 4289 2336 4359 qui
2367 4289 2469 4343 sub

920 4383 1224 4439 obedientia
1256 4381 1464 4445 vivunt,
1506 4378 1651 4449 gula,
1689 4378 1924 4444 luxuria,
1957 4380 2201 4434 avaritia.

1520 4553 1767 4610 Scholion
1799 4553 1883 4608 l5.

999 4647 1195 4702 Parens
1224 4649 1466 4718 quaedam
1498 4646 1750 4702 vitiorum
1781 4653 1864 4700 est
1902 4641 2153 4713 pigritia:
2184 4656 2304 4712 quae
2331 4641 2476 4696 enim

932 4735 1068 4788 bona
1115 4734 1206 4786 tibi
1244 4735 1562 4802 comparasti
1584 4776 1600 4802 ,
1632 4733 1790 4790 facile
1822 4731 2023 4801 eripit;
2076 4729 2275 4799 quibus
2303 4742 2478 4795 cares,

932 4833 1086 4881 cavet
1121 4838 1189 4878 ne
1219 4826 1484 4894 acquiras.

1518 4916 1767 4972 Scholion
1810 4914 1896 4970 16.

1003 5007 1136 5062 Nam
1184 5005 1275 5076 qui
1325 5019 1433 5060 non
1465 5014 1616 5061 extra
1655 5023 1815 5062 curas
1853 5016 1971 5071 est,
2015 5007 2288 5074 quomodo
2312 5013 2489 5077 potest

941 5099 1188 5168 precibus
1216 5111 1429 5162 vacare,
1466 5105 1560 5150 aut
1593 5111 1687 5152 cor
1719 5100 2068 5171 animumque
2097 5114 2164 5156 eo
2188 5097 2488 5156 intendere?
2531 5105 2542 5115 ‘

1502 5186 1633 5242 Elite
1664 5189 1940 5247 Cretensis.

1013 5281 1146 5336 Tres
1175 5281 1447 5352 profectus
1475 5295 1570 5335 seu
1601 5279 1815 5337 ordines
1842 5298 1934 5338 seu
1970 5284 2167 5353 gradus
2206 5281 2485 5348 praesenti-

943 5378 1044 5434 bus
1071 5377 1187 5444 (seu
1223 5374 1489 5442 adductis)
1515 5371 1697 5428 verbis
1724 5371 1878 5429 docet
1915 5375 2130 5431 divinus
2168 5375 2258 5429 hic
2302 5382 2492 5442 pater:

944 5469 1189 5526 omnium
1219 5467 1346 5521 vitae
1370 5479 1621 5522 curarum
1662 5462 2078 5531 abdicationem,
2107 5477 2160 5522 et
2187 5481 2308 5537 qua:
2329 5465 2494 5520 vitam

1019 5650 1095 5717 (a)
1117 5648 1284 5701 Aliter
1314 5643 1526 5717 μέτρον.
1551 5641 1775 5717 Difﬁcile
1797 5648 1880 5694 est
1903 5641 2133 5717 medium
2158 5644 2414 5712 attingere
2435 5641 2487 5695 in

951 5709 1156 5787 iisquae
1171 5709 1523 5776 cnttnierav'it,
1542 5713 1742 5787 quibus
1766 5719 1943 5764 tamen
1957 5709 2047 5787 qui
2065 5719 2225 5775 caret,
2247 5709 2350 5767 non
2368 5725 2489 5787 cum

955 5778 1159 5843 ratione
1186 5787 1480 5843 solitariam
1503 5778 1667 5837 vitam
1693 5789 1948 5835 sectatur.
2009 5778 2272 5834 (laterum
2335 5781 2492 5843 sebo-

958 5842 1144 5914 liastes’
1163 5842 1275 5928 ipsc
1294 5858 1485 5914 fatetur
1508 5870 1566 5912 se
1589 5853 1730 5909 hunc
1755 5849 1979 5906 Climaci
2007 5848 2182 5904 locum
2213 5865 2320 5906 non
2346 5842 2494 5906 ass'c-

2554 3317 2655 3355 σινο
2688 3302 2929 3370 γέννημα
2955 3298 3062 3369 γάρ
3089 3296 3256 3366 τύφου
3272 3291 3551 3362 ταῦτα,ὡς
3583 3288 3679 3344 καὶ
3703 3288 3740 3358 ἡ
3765 3281 4093 3358 βλασφημία.

3059 3607 3065 3613 .
3123 3557 3376 3625 Σκόλιον
3438 3552 3528 3622 ιβ’.

2626 3645 2747 3705 Ὅτι
2775 3650 2849 3722 μὴ
2870 3649 3005 3720 έχων
3024 3647 3215 3712 ταῦτα,
3249 3645 3348 3700 οὐκ
3385 3643 3531 3698 ἐστιν
3557 3638 3938 3702 ὕποτακτικός.

3137 3737 3394 3806 Σχόλιογ
3430 3729 3520 3801 ιγ’.

2630 3834 2749 3887 Ὀτι
2773 3832 2951 3902 χεῖρον
2979 3828 3194 3884 πάντων
3231 3833 3266 3897 ἡ
3323 3823 3603 3898 παρρησία
3655 3838 3750 3877 και
3793 3821 3858 3876 τὸ
3910 3819 4109 3874 ἀκατά-

2564 3940 2772 3987 νυκτον,
2811 3923 2840 3975 ὃ
2871 3921 3016 3976 ἐστιν
3052 3917 3394 3989 εὐτραπελία.
3923 3930 3928 3935 ·

3150 4010 3408 4077 Σχόλιον
3435 4008 3514 4062 ιδ’.
3569 3999 3572 4002 ’

2644 4105 2816 4158 Ὀκτὼ
2832 4104 2880 4157 οί
2918 4103 3122 4172 γενικοὶ
3165 4104 3261 4172 τῇς
3297 4101 3494 4166 κακίας
3529 4097 3812 4169 λογισμοί·
3860 4097 3959 4150 καὶ
4005 4095 4104 4155 τοῖς

2569 4195 2666 4266 μὲν
2724 4194 3053 4264 ἡσυχάζουσι
3098 4190 3420 4261 πολεμοῦσιν
3441 4205 3456 4220 ⁶
3485 4191 3515 4244 6
3547 4187 3792 4258 ἀκηδίας,
3839 4189 3872 4238 6
3904 4184 4106 4238 κενοδο-

2567 4283 2705 4349 ξίας,
2735 4284 2763 4335 6
2783 4281 3177 4351 ὑπερηφανίας,
3199 4281 3228 4332 6
3253 4277 3447 4350 λύπης,
3477 4280 3505 4332 6
3548 4276 3749 4346 ὀργῆς·
3801 4276 3916 4336 τοῖς
3956 4273 4016 4326 δὲ
4059 4273 4110 4323 ὲν

2569 4373 2998 4450 ὑποταγῇ,.ρτἦς
3015 4372 3472 4444 γαστριμαργίας,
3493 4371 3522 4423 6
3544 4369 3640 4439 τῆς
3666 4367 3942 4438 πορνείας.
3968 4367 3998 4419 ὅ
4023 4364 4109 4432 τῆς

2573 4462 2946 4533 φιλαργυρίας.

2503 4558 2549 4614 D
3156 4555 3411 4622 Σχόλιον
3455 4559 3534 4607 ιε’.

2646 4642 2844 4710 Μήτηρ
2893 4639 3076 4694 κακῶν
3107 4639 3356 4711 ίκακιῶν]
3401 4656 3493 4702 τις·
3533 4639 3680 4690 ἑστιν
3707 4635 3742 4703 ὴ
3773 4631 4050 4702 ῥᾳθυμία·
4083 4628 4114 4682 ἃ

2584 4728 2682 4799 μὲν
2720 4728 2827 4798 γὰρ
2867 4726 3021 4796 ἔσχες
3053 4729 3279 4797 χρηστὰ,
3307 4727 3443 4798 συλᾷ
3481 4725 3700 4796 ῥαδίωςο
3723 4722 3823 4776 ἃδ¹
3852 4721 3959 4774 οὐκ
3988 4721 4120 4789 ἔχεις

2584 4820 2744 4874 ίδεισε
2781 4817 2962 4873 λαϐεῖν
2987 4817 3184 4873 κωλύει
3217 4815 3314 4886 (ὁ).

3149 4909 3405 4976 Σχόλιον
3461 4911 3556 4970 ις’.
3580 4955 3581 4958 η

2657 5003 2759 5057 Τὸν
2782 5003 2896 5074 γάρ-
2919 5000 2993 5071 μὴ
3019 5000 3354 5070 κτησάμενον
3387 4996 3736 5067 ἀμεριμνίας,
3767 4993 3888 5057 πῶς
3911 4991 4122 5046 δυνατὸν

2586 5093 2974 5167 ἐπιμεληθῆναι
2994 5089 3342 5165 προσευχῇ,ἢ
3374 5085 3669 5157 καρδιακῆς
3685 5083 3992 5156 προσοχῆςθ

3176 5180 3285 5235 Τοῦ
3336 5179 3547 5233 Ἡλίου.

2657 5279 2816 5350 Τρεῖς
2848 5273 3127 5344 προκοπὰς
3173 5271 3283 5323 εἴτε
3322 5270 3498 5335 τάξεις
3526 5265 3636 5321 εῑτε
3667 5265 3908 5337 βαθμοὺς
3929 5266 4119 5327 ἂν·τά

2590 5367 2843 5441 παροῦσι,
2865 5364 3102 5420 διδάσκει
3128 5363 3157 5414 6
3181 5359 3322 5424 θεῖος
3369 5350 3524 5421 οὗτος
3565 5355 3770 5428 πατὴρ,
3797 5353 4125 5427 ἀμεριμνίαν

2589 5462 2646 5515 ὲν
2673 5458 2751 5530 τῷ
2773 5457 2872 5529 βίῳ
2897 5457 2988 5509 καὶ
3007 5447 3089 5517 οἷς
3119 5445 3270 5520 οὗτος
3323 5447 3767 5518 συγκαταλύεται,
3821 5444 4122 5518 προσευχὴν

2588 5637 2705 5762 (κρῖ.
2729 5646 2788 5760 ξι
2823 5635 2973 5690 locus
3011 5631 3125 5701 ipse
3144 5627 3230 5684 hic
3281 5629 3335 5684 in
3361 5627 3649 5684 scholiaste
3677 5642 3784 5683 non
3833 5632 3918 5682 est
3955 5623 4125 5694 ius":

2588 5725 2619 5762 e
2672 5724 2723 5760 m
2751 5720 2894 5762 error.

2588 5720 2640 5764 et
2672 5720 2894 5774 integer.

2661 5776 2735 5842 (ll)
2765 5760 2960 5835 "huc,
2983 5769 3020 5824 ἃ
3042 5768 3087 5821 δ’
3111 5768 3210 5842 οὐκ
3235 5767 3380 5838 ἔχειν
3401 5768 3512 5842 ﬁet
3531 5783 3613 5831 σε,
3667 5764 3852 5842 λαβεῖν
3895 5760 4125 5829 κωλύεις

2594 5837 2784 5919 σιιὶσίε
2811 5843 2949 5898 novit
2979 5855 3080 5894 non
3112 5837 3316 5906 habere,
3345 5837 3573 5910 prohibet
3603 5837 3888 5906 acquirere.
