4222 6448
158 389 282 454 1125

1113 380 1337 439 SCALA
1388 373 1760 437 PARADISI.
1779 396 1847 409 --
1870 370 2176 432 GRADUS
2203 372 2418 434 XXVII

3220 371 3358 442 1126

152 499 301 559 Θεοῦ,
345 493 497 559 οὗτος
535 497 633 549 οὐκ
677 494 789 564 ἔχει
820 493 877 547 ὲν
912 489 1086 560 ἐαυτῷ
1117 484 1282 558 φόϐον
1306 488 1442 564 ᾃεοῦ
1463 505 1479 521 ο
1515 488 1610 542 καὶ
1635 488 1694 538 ὲν
1722 492 1766 546 Α
1802 499 1819 537 t

1688 503 1694 531 ν
1722 492 1766 546 Α
1802 481 2149 552 coniunctus,
2177 482 2266 536 hic
2295 497 2400 536 non
2428 481 2588 537 ltabct
2613 481 2858 538 timorem
2889 482 3000 540 Dei.
3038 482 3105 539 Et
3128 482 3185 540 in
3215 500 3355 556 quo—

150 594 254 661 ὅσῳ
294 607 377 652 τις
415 586 652 641 δουλεύει
702 587 814 647 τοῖς
857 586 1104 644 πάθεσιν,
1156 580 1308 633 ούπω
1334 579 1584 647 ἐλογίσθη
1617 579 1696 640 εἰς

149 681 326 736 δοῦλον
354 679 447 733 τοῦ
473 677 632 743 Θεοῦ,
661 676 773 730 ἀλλ’
798 675 1008 730 ἐκείνου
1045 672 1228 735 δοῦλός
1259 673 1426 735 ἐστιν,
1451 674 1509 724 ὲν
1527 665 1570 737 ᾧ
1598 687 1695 723 κα-

147 769 538 842 τακυριεύεται.

355 861 544 914 Ἀλλο
583 857 860 914 Ἰωάννου
911 855 1017 910 τοῦ
1061 853 1477 923 Δαμασκηνοῦ.

215 953 505 1023 Διαιρεῖται
530 950 559 1002 ὁ
584 947 745 1018 φόϐος
781 948 860 1010 είς
887 947 948 1012 ἓξ
970 963 984 977 ·
1015 947 1092 1008 είς
1119 945 1294 1007 δκνον,
1338 945 1418 1006 είς
1447 940 1600 1004 αἰδὼ,
1619 944 1698 1006 εἰς

147 1041 424 1112 αἰσχύνην,
451 1041 530 1104 είς
552 1037 910 1108 κατάπληξιν,
955 1038 1036 1100 εἰς
1077 1035 1337 1103 ἀγωνίαν,
1377 1036 1456 1097 εἰς
1496 1033 1698 1104 ἔκπλη-

147 1136 248 1201 ξιν.
278 1135 470 1197 Ὀκνος
494 1132 593 1203 μὲν
613 1127 711 1186 οὖν.
737 1133 854 1184 ἐστι
871 1129 1030 1199 φόϐος
1063 1128 1362 1199 μελλούσης
1387 1129 1694 1199 ὲνεργείας’

147 1224 307 1288 αίδὼς
332 1224 390 1278 δὲ
417 1224 580 1293 φόϐος
623 1222 719 1276 ἐπὶ
761 1219 1058 1291 προσδοκίᾳ
1084 1221 1252 1290 ψόγου
1273 1235 1288 1250 ’
1330 1221 1611 1275 κάλλιστον
1640 1221 1696 1274 δὲ

143 1315 304 1369 τοῦτο
341 1315 400 1368 τὸ
450 1314 620 1378 πάθος
645 1331 660 1345 ο
683 1313 914 1383 αἰσχύνη
951 1312 1008 1365 δὲ
1049 1312 1211 1380 φόϐος
1257 1311 1344 1364 ἐπ’
1366 1312 1573 1383 αἰσχρῷ
1606 1329 1699 1364 πε-

147 1407 480 1478 πραγμένῳ·
538 1404 660 1458 οὐδὲ
716 1403 877 1458 τοῦτο
911 1403 1229 1458 ἀνέλπιστον
1259 1403 1340 1466 είς
1391 1402 1660 1473 σωτηρίαν
1680 1420 1694 1432 ·

147 1495 483 1565 κατάπληξις
504 1494 561 1548 δὲ
581 1494 745 1562 φόϐος
771 1497 834 1548 ὲκ
861 1493 1106 1564 μεγάλης
1135 1491 1433 1560 φαντασίας
1453 1508 1466 1521 ·
1499 1491 1700 1559 ἐκπλη-

147 1587 228 1650 ξις
269 1586 326 1638 δὲ
372 1584 538 1655 φόϐος
582 1584 642 1648 ἐξ
682 1585 984 1655 ἀσυνήθους
1022 1583 1357 1651 φαντασίας·
1391 1581 1596 1650 ἀγωνία
1641 1581 1699 1634 δὲ

146 1678 309 1747 φόϐος
353 1677 420 1730 δι’
445 1675 743 1738 ἀπτώσεως
781 1677 948 1747 ηγουν
993 1673 1289 1743 ἀποτυχίας
1313 1689 1329 1704 ·
1378 1670 1701 1744 φοϐούμενοι

145 1769 253 1839 γάρ
284 1769 579 1837 ἀποτυχεῖν
605 1765 704 1837 τῆς
733 1763 986 1836 πράξεως
1006 1761 1348 1833 ἀγωνιῶμεν.

611 2055 655 2107 Σ
659 2052 866 2120 xc}le
908 2049 1103 2105 Ἰσαὰκ
1130 2049 1229 2103 λα’.

211 2144 359 2216 Πρὸς
385 2143 447 2197 τὺ
486 2140 682 2214 μέτρον
706 2140 808 2210 τῆς
831 2137 1324 2210 ταπεινοφροσύνης
1381 2135 1580 2190 δίδοταί
1614 2151 1694 2189 σοι

142 2237 239 2290 καὶ
264 2235 512 2306 ὑπομονὴ
533 2235 592 2287 ἐν
618 2234 736 2296 ταῖς
777 2232 1082 2302 συμφοραῖς
1134 2247 1249 2283 σου.
1281 2229 1389 2282 Καὶ
1427 2227 1566 2282 κατά
1597 2227 1696 2296 τὴν

139 2328 422 2399 ὑπομονήν
467 2342 558 2378 σου
604 2321 961 2394 ὲλαφρύνεται
1011 2322 1110 2390 (a)
1153 2321 1212 2373 τὸ
1252 2319 1415 2390 βάρος
1451 2318 1553 2387 τῆς
1583 2317 1694 2371 θλί-

137 2419 286 2490 ψεώς
311 2436 428 2486 σου,
451 2418 547 2470 καὶ
577 2415 928 2487 παραμυθίαν
963 2415 1156 2485 κτήσῃ.

721 2505 978 2574 Σχόλιον
1019 2502 1117 2571 λβ’.

211 2601 506 2672 Δευτέραν,
536 2599 635 2668 τὴν
672 2595 946 2667 ὑπομονὴν
985 2593 1154 2661 λέγει.
1188 2591 1286 2644 Διά
1315 2589 1413 2661 μὲν
1438 2587 1535 2658 τῆς
1563 2586 1694 2640 ὑπο-

142 2694 334 2764 μονῆς,
370 2692 520 2762 φησὶ,
568 2687 1075 2757 στεφανωθήσεταιο
1117 2684 1202 2735 διὰ
1245 2682 1300 2734 δὲ
1331 2681 1430 2751 τῆς
1472 2681 1694 2748 τροφῆς,

138 2786 190 2838 εἰ
228 2784 480 2855 ἀμέτρως
514 2782 649 2852 αύτῇ
695 2781 953 2851 χρήσεται
995 2774 1428 2846 θανατωθὴσεται
1451 2786 1467 2803 °
1499 2773 1564 2825 ὲκ
1589 2770 1696 2824 τῶν

138 2876 283 2929 ὲπτά
318 2877 348 2928 6
375 2873 666 2945 λαμϐάνων
691 2870 753 2924 τὺ
776 2870 1022 2941 Βραϐείον
1046 2867 1264 2930 ἀκόπως
1283 2868 1311 2920 ὁ
1335 2863 1530 2928 εἰπὼν,
1565 2861 1698 2915 ἐτα-

139 2966 466 3034 πεινώθην,
495 2966 527 3035 ἢ
565 2965 660 3018 καὶ
689 2965 718 3016 6
737 2962 949 3033 πρῶτος
980 2963 1009 3013 6
1029 2959 1434 3028 προορώμενος
1453 2954 1561 3008 τὸν
1583 2953 1699 3007 Κύ-

136 3075 300 3128 per"
334 3058 370 3128 ἢ
402 3058 564 3111 πάλιν
587 3051 688 3122 εἷς,
715 3056 744 3107 ό
771 3051 991 3106 τελειῶν
1014 3051 1104 3105 τὸν
1143 3049 1349 3104 σκοπὸν
1381 3048 1485 3102 κᾶν
1512 3048 1696 3100 ὁποιο-

138 3147 273 3202 σοῦν
297 3149 365 3202 ὲκ
383 3145 584 3200 τούτων

719 3343 973 3410 Σχόλιον
1000 3339 1100 3407 λγ’.

222 3437 425 3492 ’ἰστέον
471 3436 553 3489 ὅτι
601 3433 748 3506 ἔργῳ
801 3433 906 3504 χρὴ
956 3429 1213 3500 πειράσαι
1261 3426 1351 3479 τὸν
1381 3423 1700 3495 βουλόμενον

132 3523 566 3598 (παιδεύεσθαι)’
613 3521 674 3573 ού
730 3519 838 3591 γάρ
892 3518 1114 3572 δυνατὸν
1169 3513 1328 3567 τοῦτο
1375 3510 1700 3566 καταλαϐεῖν

132 3616 304 3688 λόγῳ·

747 3725 790 3779 Σ
790 3723 1002 3792 χόλων
1040 3719 1132 3774 λε’.

209 3824 315 3877 Ἐν
340 3820 451 3874 τῶν
479 3815 802 3888 πνευμάτων
845 3815 936 3868 τὸν
962 3813 1061 3884 τῆς
1101 3808 1355 3882 πορνείας
1392 3807 1538 3876 λέγει
1560 3823 1575 3836 ·
1598 3807 1691 3862 ἄλ-

123 3912 218 3964 λοι
248 3909 310 3962 δέ
344 3924 478 3976 φασι
508 3905 601 3959 τὸν
636 3904 735 3974 τῆς
774 3899 1074 3966 κενοδοξίας
1095 3915 1112 3933 ο
1147 3899 1324 3970 ἕτεροι
1366 3895 1424 3952 δὲ
1463 3895 1554 3951 τὸν
1601 3896 1698 3958 τὶπς

129 4002 374 4074 ἀκηδίας
403 3999 651 4069 δαίμονα.

718 4108 976 4177 Σχόλιον⁵
1026 4106 1121 4162 λε’.

215 4207 284 4260 Ὀ
313 4203 552 4274 πρῶτος,
595 4201 762 4271 ἧγουν
803 4201 832 4253 6
874 4197 1287 4270 προορώμενος·
1342 4193 1378 4265 ἢ
1410 4193 1573 4248 πάλιν
1617 4187 1696 4256 εἷς

127 4298 160 4350 6
206 4290 469 4364 προορῶν
504 4288 596 4343 τὸν
656 4287 877 4355 σκοπὺν,
935 4285 1039 4340 κᾶν
1101 4281 1382 4338 ὀποιοσούν
1444 4285 1510 4338 ἐκ
1558 4282 1696 4336 τού-

123 4403 243 4440 των
274 4379 371 4454 ἦν.

699 4489 954 4560 Σχόλιον
989 4487 1099 4552 λς’.

200 4589 338 4641 Ὅτι
366 4583 553 4648 ἀπλῶς
584 4581 671 4636 διὰ
694 4580 865 4636 ταῦτα
913 4580 1109 4643 πάντα,
1154 4577 1250 4632 καὶ
1290 4579 1353 4632 οὐ
1376 4577 1445 4632 δι’
1463 4576 1522 4631 ἓν
1547 4575 1692 4649 ἡτοί-

125 4694 349 4746 μασται
381 4675 445 4729 τὸ
477 4672 726 4744 βραϐεῖον
775 4673 886 4736 τοῖς
917 4668 1392 4742 προτρεχομένοις.

730 4874 770 4926 Σ
771 4872 982 4942 χόριον
1005 4869 1102 4935 λζ’.

198 4969 400 5042 Φόρων
442 4963 694 5036 λογιστὴς
731 4962 964 5017 δεικνύει
1003 4961 1088 5026 τίς
1126 4959 1430 5032 λαμϐάνει,
1462 4960 1497 5032 ἢ
1523 4959 1689 5031 δημο-

122 5062 269 5115 σίων
320 5058 613 5126 συλλογευς
650 5055 995 5126 τελεσμάτων
1025 5053 1122 5124 τὴν
1155 5051 1407 5121 ὐψοποιδν
1449 5052 1694 5106 ἀσπασά-

122 5170 303 5225 μενος
335 5150 532 5205 κλίσιν.

719 5260 975 5328 Σχόλιον
1009 5255 1109 5327 λη’.

194 5351 281 5406 Τδ
311 5349 501 5419 ἱλαρὸν
529 5349 623 5402 καὶ
651 5347 854 5403 ἀλυπον
887 5345 990 5399 ὑπὸ
1012 5345 1111 5414 τῆς
1138 5343 1316 5416 ψυχῆς
1340 5345 1686 5417 κατάστημα,

119 5444 182 5496 al
211 5440 336 5494 τῶν
361 5437 546 5510 ὓμνων
571 5437 905 5510 παρηγορίαι
933 5433 1264 5506 χαρίζονται.

191 5619 404 5676 “Psal.
455 5633 544 5683 xv,
575 5618 631 5686 8,
661 5619 746 5676 l0.

1798 590 2016 644 cunque
2055 574 2179 644 quis
2222 573 2338 628 suis
2363 573 2519 630 malis
2551 572 2828 630 allectibus
2877 575 3135 646 indulget,
3192 576 3354 649 επ

1797 667 2035 721 nondum
2062 676 2148 720 est
2189 666 2391 721 relatus
2450 667 2504 720 in
2531 682 2754 722 censum
2794 682 3072 723 servorum
3101 668 3230 735 Dei,
3262 669 3354 724 sed

1795 771 1986 812 servus
2019 756 2164 811 illius
2199 765 2300 820 est,
2335 757 2428 826 qui
2465 756 2746 826 imperium
2783 758 2836 812 in
2878 759 3027 813 illum
3064 769 3295 816 exercet.

2187 847 2347 901 Aliud
2379 848 2598 902 Joannis
2640 849 2971 904 Damasceni.

1869 935 1974 991 Sex
2008 953 2203 1008 genera
2241 948 2370 993 sunt
2402 948 2582 994 metus
2610 958 2624 994 :
2661 941 2938 1010 segnities,
2974 941 3168 1010 pudor,
3196 957 3346 996 vere-

1795 1030 2016 1094 cundia,
2039 1040 2247 1100 stupor,
2279 1047 2450 1101 angor
2478 1039 2533 1086 et
2556 1043 2754 1087 terror.
2779 1031 3046 1103 Segnities
3073 1043 3154 1087 est
3181 1043 3355 1089 metus

1796 1123 2155 1192 impendentis
2174 1123 2418 1178 actionis.
2459 1123 2640 1179 Pudor
2663 1134 2837 1179 metus
2859 1141 2921 1179 ex
2951 1127 3357 1196 vituperationis

1795 1216 2196 1284 exspectatione
2213 1226 2512 1286 susceptus,
2538 1219 2879 1286 Optimusque
2897 1229 2980 1273 est
3001 1219 3088 1272 hic
3106 1219 3353 1275 allectus.

1797 1305 2131 1363 Verecundia
2193 1321 2368 1364 metus
2401 1311 2470 1365 ob
2507 1311 2796 1366 admissam
2852 1326 2963 1366 rem
3018 1311 3307 1365 obscenam
3335 1353 3351 1376 ,

1797 1410 1853 1454 et
1885 1417 1950 1455 ne
1998 1401 2087 1456 hic
2113 1400 2331 1469 quidem
2363 1401 2590 1456 allectus
2626 1412 2708 1456 est
2747 1411 2899 1455 extra
2953 1417 3103 1470 spem
3140 1403 3350 1457 salutis.

1801 1491 2002 1563 Stupor
2044 1505 2219 1549 metus
2267 1509 2332 1548 ex
2382 1495 2584 1559 ingenti
2624 1496 2804 1564 aliqua
2836 1495 2912 1548 rei
2959 1495 3136 1564 specie
3171 1494 3355 1548 animo

1803 1582 2006 1636 oblata.
2037 1581 2233 1637 Terror
2262 1589 2438 1638 metus
2470 1599 2534 1639 ex
2579 1599 2718 1638 nova
2749 1584 2931 1654 aliqua
2971 1599 3062 1640 seu
3097 1586 3354 1642 inusitata

1797 1675 1874 1729 rei
1902 1675 2088 1744 specie
2111 1683 2444 1731 contractus.
2472 1677 2657 1748 Angor
2682 1678 2896 1732 demum
2931 1687 3107 1732 metus
3134 1695 3201 1734 ne
3232 1689 3355 1734 vota

1801 1775 1984 1820 nostra
2009 1767 2162 1822 nobis
2190 1784 2297 1822 non
2321 1771 2634 1836 succedant,
2654 1779 2747 1823 aut
2775 1769 3060 1824 infeliciter
3082 1772 3353 1834 excidant.

1726 1846 1776 1910 Β
1799 1873 1920 1913 cum
1947 1859 2221 1927 timemus,
2247 1878 2312 1917 ne
2333 1862 2476 1919 quod
2499 1865 2738 1933 aggressi
2760 1879 2972 1930 sumus,
2994 1880 3058 1920 ex
3091 1867 3355 1924 sententia

1799 1966 1908 2007 non
1941 1953 2118 2008 cadat.

2290 2047 2534 2101 Scholion
2570 2046 2746 2103 Isaaci
2779 2050 2839 2106 3i
2852 2090 2867 2105 .

1867 2141 1972 2198 Pro
2001 2141 2164 2196 modo
2203 2141 2526 2198 humilitatis
2570 2153 2675 2198 tute
2703 2145 2862 2200 datur
2893 2145 2990 2200 tibi
3016 2154 3069 2200 et
3099 2147 3353 2217 patientia

1799 2234 1852 2289 in
1886 2235 2046 2289 rebus
2071 2234 2312 2289 adversis
2338 2235 2464 2290 tuis.
2504 2235 2570 2290 Et
2595 2252 2692 2307 pro
2722 2239 2931 2293 ratione
2951 2239 3223 2308 patientia:
3251 2252 3356 2295 tua:

1798 2327 2161 2381 sublevabitur
2180 2341 2321 2384 onus
2342 2327 2648 2385 alllictiouis
2673 2338 2799 2397 tuas,
2831 2339 2886 2387 et
2919 2332 3352 2388 consolationem

1800 2419 2089 2474 obtinebis.

1826 2559 1830 2563 .
2389 2512 2637 2569 Scholion
2674 2514 2762 2570 32.

1865 2598 1970 2654 Per
1999 2615 2186 2656 vocem
2236 2603 2529 2674 (alteram)
2582 2606 2894 2674 patientiam
2937 2605 3204 2677 intelligit.
3253 2609 3356 2664 Per

1800 2692 2141 2760 patientiam,
2183 2693 2379 2761 inquit,
2402 2695 2776 2762 coronabitur,
2808 2713 2900 2767 per
2926 2699 3104 2753 cibum
3138 2701 3356 2769 (immo-

1800 2782 1919 2837 dice
1953 2798 2145 2852 nempe
2174 2785 2487 2857 sutnptum)
2516 2795 2689 2841 morte
2719 2783 3053 2844 multabitur.
3083 2789 3123 2843 E
3147 2803 3352 2862 septem

1804 2876 1971 2944 (quos
2006 2878 2372 2948 enumeravit)
2414 2879 2693 2947 przcmium
2741 2881 2939 2950 accipit
2991 2883 3110 2938 sine
3159 2883 3351 2954 fatiga-

1802 2967 1950 3020 tione
1993 2965 2042 3021 is
2071 2967 2163 3036 qui
2203 2968 2340 3022 dixit
2373 2987 2386 3022 :
2424 2968 2534 3039 Ego
2577 2970 2886 3024 humiliatus
2918 2987 3038 3026 sum
3077 2992 3091 3027 :
3123 2975 3348 3044 autpri-

1800 3069 1924 3111 mus
1949 3055 2134 3120 etiam,
2166 3057 2259 3126 qui
2303 3059 2602 3128 providebat
2652 3060 2930 3114 Dominum
2961 3063 3044 3132 (in
3083 3076 3354 3134 conspectu

1801 3163 1896 3200 suo
1929 3163 2127 3217 semper
2155 3149 2232 3218 '°)
2259 3168 2273 3203 :
2306 3151 2430 3205 item
2457 3167 2598 3206 unus
2619 3153 2819 3223 aliquis
2841 3155 2933 3225 qui
2961 3155 3187 3225 perfecit
3206 3159 3354 3229 quod

1723 3209 1770 3270 θ
1799 3209 2096 3296 destinarat
2125 3209 2484 3315 quodcunque
2510 3246 2675 3302 fuerit
2703 3209 2770 3303 ex
2804 3209 2909 3306 bis.

2389 3337 2634 3393 Scholion
2671 3339 2758 3395 55.

1867 3423 2182 3496 Sciendum,
2232 3427 2374 3484 facto
2405 3446 2541 3500 opus
2565 3447 2686 3487 esse
2717 3432 2767 3487 ei
2808 3433 2902 3504 qui
2934 3434 3068 3492 velit
3098 3435 3348 3508 institui;

1796 3515 1899 3572 ltoe
1931 3517 2074 3573 enim
2105 3519 2269 3576 verbo
2298 3537 2405 3576 non
2432 3533 2775 3592 assequetur.

2379 3716 2626 3772 Scholion
2665 3719 2757 3779 54.

1867 3801 2042 3858 Unum
2073 3819 2105 3860 e
2149 3805 2304 3862 malis
2337 3809 2512 3878 geniis
2562 3812 2830 3883 intelligit,
2865 3816 3118 3885 spiritum
3157 3834 3350 3892 nempe

1794 3896 2050 3966 luxuriae;
2083 3899 2176 3954 alii
2216 3901 2394 3958 inanis
2421 3904 2631 3972 laudis;
2663 3906 2756 3961 alii
2795 3909 3022 3980 pigritia;
3058 3913 3346 3982 prasidetn

1793 3988 2094 4046 dtemoncm
2131 3993 2575 4064 interpretantur.

2382 4107 2630 4164 Scholion
2668 4110 2756 4167 55.
2989 4179 2992 4182 ,

1862 4193 2076 4252 Primus
2101 4198 2193 4268 qui
2221 4200 2536 4269 providebat
2567 4200 2854 4258 Dominum
2885 4223 2899 4260 :
2925 4215 3020 4262 aut
3045 4207 3173 4263 item
3205 4225 3346 4266 unus

1793 4288 2084 4355 quivlinem
2115 4291 2417 4372 spectabat,
2453 4293 2761 4366 quicunque
2788 4310 2855 4352 ex
2886 4297 2972 4353 bis
3003 4298 3184 4356 fuerit.

2382 4489 2629 4546 Scholion
2664 4492 2754 4547 36.

1860 4571 2012 4638 Quod
2039 4574 2284 4634 absolute
2315 4593 2534 4651 propter
2567 4583 2682 4638 hare
2706 4586 2888 4642 omnia
2914 4594 2970 4642 et
2991 4602 3099 4643 non
3127 4599 3346 4659 propter

1793 4680 1982 4732 unum,
2012 4669 2292 4736 pmmitttn
2325 4672 2396 4728 sit
2418 4674 2741 4731 destinatum
2771 4680 3226 4748 praecurrentibus
3245 4697 3342 4738 seu

1792 4769 1956 4811 cursu
1983 4759 2348 4818 vincentibus.

2277 4873 2442 4947 428
2481 4876 2728 4933 Scholion
2767 4879 2856 4935 57.

1864 4959 2211 5020 Tributorum
2259 4979 2478 5022 curator
2507 4971 2745 5025 ostendit
2783 4973 2906 5042 quis
2944 4973 3207 5043 accipiat,
3252 4982 3348 5029 aut

1798 5051 2134 5120 publicorum
2167 5061 2508 5129 vectigalium
2533 5073 2768 5129 exactor,
2796 5066 2890 5135 qui
2918 5065 3174 5121 humilem
3200 5075 3347 5122 amat

1797 5141 2197 5203 inclinationem
2223 5165 2343 5220 qua:
2368 5150 2655 5208 sublimem
2689 5153 2820 5210 facit
2847 5156 3258 5227 (inclinatum).

2385 5266 2630 5324 Scholion
2668 5271 2755 5327 38.

1865 5349 2097 5409 Hilarem
2125 5367 2180 5414 et
2205 5357 2384 5413 laetum
2407 5361 2604 5415 animae
2626 5369 2824 5416 statum
2846 5371 2898 5417 et
2920 5361 3163 5418 habitum
3187 5361 3342 5434 hym—

1797 5457 1993 5500 norum
2019 5449 2416 5506 consolationes
2444 5461 2720 5522 pmstant.

193 5777 288 5848 (a)
345 5773 543 5832 Ultima
586 5776 748 5835 verba
791 5789 914 5839 octo
970 5781 1161 5839 abrasa
1219 5780 1455 5856 fuerant,
1502 5801 1623 5858 qua:
1647 5805 1712 5844 ex
1751 5789 2062 5861 conjectura
2129 5791 2330 5852 Latina:
2375 5797 2541 5857 lsaaci
2596 5802 2963 5861 translationis
3021 5800 3332 5868 adiecimus.
