4222 6448
815 388 949 457 1127
2050 385 2108 445 3.
2142 381 2456 445 JOANNIS
2481 410 2482 416 η

2361 381 2456 443 US
2481 379 2784 442 CLIMACI
3036 421 3044 429 -
3886 371 4028 436 1128

1400 497 1645 555 Scholion
1680 497 1764 552 39.
2392 507 2444 562 Α
3055 494 3067 544 ὲ

1761 541 1764 551 .
2392 507 2444 562 Α
3055 490 3310 558 Σχόλιον
3331 486 3428 539 λθ’.

885 593 1362 665 Quemadmodum
1394 591 1487 661 qui
1514 591 1634 645 luce
1659 593 1761 644 hac
1783 594 1990 652 carent,
2015 601 2121 641 non
2148 595 2374 656 possunt
2542 586 2552 604 ‘

2367 601 2374 641 '.
2542 585 2755 655 Ὠσπερ
2809 584 2857 635 oi
2910 580 3006 635 τοῦ
3047 581 3222 651 φωτὸς
3266 577 3459 631 τούτου
3512 572 3867 643 ἐστερημένοι
3929 574 4034 626 οὐκ

816 662 967 743 recia
986 685 1236 740 incedere
1260 699 1275 736 :
1308 682 1380 735 ita
1407 680 1499 749 qui
1523 693 1801 734 sacrarum
1818 677 2143 733 Litterarum
2169 678 2375 730 lumine
2472 678 2483 730 ἱ

2369 695 2375 727 ι
2472 676 2539 730 ἂν
2575 676 2712 748 ὀρθά
2762 674 3069 745 βαδίσαιεν·
3112 671 3285 733 οὕτως
3330 670 3380 722 οἱ
3440 666 3550 719 τῶν
3591 664 3753 717 θείων
3795 662 4036 730 Γοαφῶν

820 786 951 835 sunt
980 775 1245 838 destituti,
1279 788 1404 829 cum
1438 772 1506 827 ad
1542 772 1733 824 harum
1775 769 2116 838 splendorem
2149 782 2257 821 non
2287 782 2374 820 re-
2473 772 2487 820 ἐ

2370 796 2374 805 ·
2473 768 2845 838 ἐστερημένοι,
2884 765 2981 818 καὶ
3016 765 3153 836 πρὸς
3193 762 3290 831 τὴν
3330 760 3523 815 ἀκτῖνα
3561 755 3768 809 τούτων
3800 752 3880 824 μὴ
3911 752 4037 821 βλέ-

822 869 1083 940 spiciuut,
1117 864 1428 937 frequenter
1460 860 1757 925 oll‘endunt,
1790 869 1845 914 et
1878 874 2020 928 sape
2054 872 2237 912 errare
2279 872 2375 912 co-
2475 877 2489 911 ιι

2370 886 2375 895 ’
2475 877 2689 924 ποντες,
2712 860 2883 912 πολλὰ
2910 858 3341 930 προσκόπτουσι,
3372 854 3466 906 καὶ
3482 848 3890 918 ἀναγκάζονται
3911 865 4037 899 συν-

824 936 1045 1033 guntur,
1071 966 1132 1013 ut
1158 936 1252 1028 qui
1276 958 1331 1011 in
1352 956 1476 1010 altis
1498 954 1734 1008 tenebris
1757 951 2030 1007 incedunt.
2476 968 2491 1003 ε

2476 949 2615 1020 εχῶς
2669 949 3025 1021 ἁμαρτάνειν,
3056 948 3150 1001 ἅτε
3176 947 3243 1017 δὴ
3287 948 3347 999 ὲν
3397 945 3583 998 σκότει
3629 938 3854 1011 χαλεπῷ

2479 1044 2680 1106 ζοντες.

1419 1128 1666 1185 Scholion
1701 1128 1789 1182 40.
3037 1133 3084 1184 Σ

2479 1044 2680 1106 ζοντες.

1741 1130 1789 1182 θ·
3037 1131 3296 1198 Σχόλιον
3336 1130 3408 1196 μ’.

897 1225 1267 1297 lmproborum
1303 1237 1497 1292 nempe
1524 1230 1579 1277 et
1615 1221 1995 1291 impostorum,
2030 1214 2219 1286 quales
2258 1224 2380 1269 sunt
2562 1229 2564 1236 ·

2370 1224 2380 1269 ι
2562 1223 3010 1295 ’Δλιτηριονοοὺς,
3041 1221 3075 1292 ἢ
3100 1218 3493 1285 πλανολόγους⁶
3519 1209 3622 1268 οἷοί
3651 1213 3759 1265 εισι
3796 1211 3914 1264 τῶν
3955 1210 4037 1261 αἱ·

828 1319 1209 1375 haareticorum
1246 1329 1549 1371 sermones.
2486 1337 2495 1388 ί

1115 1331 1209 1371 ἰιω
1246 1329 1549 1371 sermones.
2486 1317 2782 1388 ρεσιωτῶν.

1515 1400 1696 1454 Aliud.
3162 1401 3332 1454 Ἀλλ(
3348 1434 3365 1453 .

905 1494 1032 1550 Sive
1071 1494 1192 1549 illos
1229 1491 1481 1560 intelligit
1524 1490 1618 1559 qui
1663 1487 1812 1543 aliud
1843 1487 2027 1543 verbis
2056 1500 2165 1556 prae
2197 1498 2255 1539 se
2300 1481 2384 1537 fe-
2557 1501 2572 1521 -

2380 1512 2384 1523 '
2557 1498 2713 1551 ’Ἤτοι
2758 1494 3138 1563 ἀναγωγικοὺς
3188 1493 3315 1552 τοὺς
3368 1489 3496 1544 ἄλλο
3549 1486 3649 1558 μὲν
3707 1484 3944 1555 ἔχοντας
3991 1481 4047 1536 τὸ

832 1595 981 1650 runt.
1026 1586 1171 1641 aliud
1202 1582 1609 1653 intelligendum
1648 1582 1984 1650 relinquunt,
2024 1577 2213 1649 quales
2261 1584 2391 1631 sunt
2488 1609 2499 1643 ε

2382 1586 2391 1628 ι
2488 1589 2831 1661 φαινόμενον,
2858 1586 2985 1640 ἄλλο
3008 1584 3065 1637 δὲ
3094 1584 3155 1636 τὸ
3179 1582 3490 1651 νοούμενον
3521 1578 3747 1638 σκότους
3776 1576 3895 1646 γάρ
3925 1576 4049 1627 ὂντα

835 1671 1115 1749 anagogici
1143 1692 1339 1732 sensus
1362 1685 1421 1731 et
1457 1675 1737 1731 sublimes.
1780 1672 1954 1729 Verba
1984 1673 2127 1728 enim
2158 1671 2389 1725 obscura
2492 1694 2502 1753 η

2379 1686 2389 1722 ¹
2492 1683 2739 1753 Pili-uta"
2772 1680 2939 1749 ἡγουν
2981 1672 3350 1744 αἰνιγματώδη
3392 1670 3487 1725 καὶ
3532 1669 3716 1737 ἀσαφῆ
3757 1666 3944 1737 (κατὰ
3960 1665 4046 1717 τό·

836 1772 952 1827 sive
971 1771 1206 1826 tenebris
1224 1770 1568 1839 aenigmatum
1592 1768 1830 1823 involuta
1850 1777 1904 1822 et
1920 1765 2195 1820 recondita
2221 1764 2388 1832 (juxta
2427 1837 2441 1839 _
2496 1774 2503 1793 ε

2383 1782 2388 1813 ¹
2427 1837 2441 1839 _
2496 1774 2700 1827 Ἐθετο
2750 1769 2970 1832 σκότος
2999 1763 3362 1833 ὰποκρυςρὴν
3412 1760 3629 1829 αὐτοῦ)
3673 1760 3803 1821 τοὺς
3846 1757 3929 1826 μὴ
3969 1756 4050 1807 δυ-

839 1860 973 1917 illud
1005 1880 1019 1916 :
1048 1860 1234 1916 Posuit
1282 1837 1518 1914 tenebras
1571 1858 1851 1912 latibulum
1898 1872 2056 1911 suum
2080 1855 2155 1926 “)
2191 1855 2256 1909 iis
2303 1853 2393 1923 qui
2426 1837 2506 1916 Βη

2383 1853 2393 1907 ί
2426 1837 2467 1893 Β
2494 1862 2757 1930 ναμένους
2786 1857 3089 1930 ὑπερϐῆναι
3121 1856 3183 1909 τὸ
3215 1855 3473 1925 γράμμα,
3502 1853 3597 1905 καὶ
3623 1849 3771 1904 ἔνδον
3804 1848 4050 1919 χωρῆσαι

839 1955 985 2008 ultra
1034 1955 1336 2008 litterarum
1384 1966 1609 2007 sensum
1650 1966 1758 2005 non
1800 1958 2031 2021 possunt
2070 1947 2392 2012 ascendere,
2491 1972 2506 2006 η

2387 1987 2392 2009 μ
2491 1953 2587 2007 τοῦ
2627 1952 2957 2023 πνεύματος,
2996 1947 3292 2017 βλάπτουσι
3331 1944 3469 1999 κατὰ
3503 1942 3566 1995 τὸ
3594 1942 3896 2013 πρόχειρον
3925 1938 4054 2007 λαμ-

840 2058 941 2098 nec
968 2042 1114 2111 quod
1158 2041 1306 2096 intus
1348 2040 1483 2095 latet
1524 2040 1709 2095 animo
1753 2051 1949 2108 capere
1990 2045 2084 2091 aut
2116 2045 2398 2105 penetrare
2494 2046 2507 2095 1

2387 2050 2398 2089 Β
2494 2041 2801 2112 ϐανόμενα·
2839 2038 2915 2103 ὡς
2970 2037 3032 2090 τὸ
3070 2032 3263 2106 *Ασμα
3312 2032 3425 2088 τῶν
3490 2031 3772 2104 ᾀσμάτων,
3842 2029 3945 2081 καὶ
3992 2026 4054 2079 τὰ

840 2133 1176 2188 intellectum
1206 2132 1314 2199 rei,
1344 2139 1564 2197 nocent,
1598 2146 1721 2185 cum
1762 2139 1820 2184 ut
1844 2128 2026 2198 jacent
2054 2126 2217 2182 verba
2254 2124 2398 2179 acci-
2495 2132 2740 2189 τοιαῦτα,

842 2224 1086 2297 piuntur,
1099 2223 1553 2294 quemadmodum
1584 2222 1808 2277 Cantica
1833 2219 2194 2282 canticorum,
2220 2224 2275 2271 et
2299 2216 2401 2270 hoc

845 2332 1017 2389 genus
1050 2316 1177 2370 alia.

1267 2403 1515 2459 Scholion
1557 2402 1860 2457 Theodoreti
1894 2403 1977 2457 41,
2923 2398 2934 2417 '

2923 2396 3112 2450 Ἀλλο
3164 2390 3538 2460 Θεοδωρήτου
3576 2397 3684 2459 μα’.

917 2495 1126 2553 Ventus
1174 2496 1446 2552 levissima
1509 2496 1830 2567 corpuscula
1884 2496 1939 2550 in
1985 2508 2164 2550 aerem
2220 2491 2405 2546 tollere

2392 2505 2405 2545 3
2584 2489 2643 2543 '0
2670 2487 2766 2559 μὲν
2791 2486 2991 2556 ἄνεμος
3031 2485 3100 2538 τά
3143 2482 3487 2553 ἐλαφρότατα
3514 2478 3615 2548 τῆς
3643 2477 3779 2547 ὕλης
3814 2477 3901 2539 είς
3930 2476 4059 2546 άέρα

849 2592 989 2650 solet
1019 2610 1035 2647 :
1069 2600 1123 2647 et
1148 2591 1397 2647 homines
1427 2605 1596 2646 vanos
1624 2601 1801 2645 tumor
1827 2590 2016 2655 animi,
2044 2603 2139 2644 seu
2172 2587 2256 2643 sui
2286 2586 2404 2641 exi-
2505 2601 2516 2634 π

2395 2616 2404 2626 -
2505 2581 2780 2652 κουφίζειν
2828 2577 3019 2632 εἴωθεν
3046 2593 3061 2607 ο
3089 2576 3218 2638 τοὺς
3263 2573 3319 2627 δὲ
3374 2571 3563 2633 κενοὺς
3602 2569 3711 2622 τῶν
3759 2568 4062 2638 ἀνθρώπων

850 2684 1112 2743 stimatio.
2505 2693 2517 2726 τ

1108 2724 1112 2737 .
2505 2677 2539 2745 ἡ
2576 2674 2775 2743 οἴησις.

1284 2774 1447 2829 Aliud
1487 2773 1665 2828 Theol.
1706 2771 1952 2826 Nazianz
2926 2764 2951 2816 ’ἲ

1938 2789 1952 2825 ι
2926 2764 3105 2817 Ἀλλο
3134 2759 3241 2814 τοῦ
3291 2756 3605 2824 Θεολόγου.

926 2863 1087 2923 Utres
1116 2881 1324 2923 vacuos
1357 2876 1553 2923 ventus
1582 2865 1862 2928 distendit,
1900 2866 2078 2920 l'atuos
2105 2864 2187 2921 sui
2219 2860 2408 2918 esisti—
2577 2856 2593 2907 Ἶ

2396 2890 2408 2901 -
2577 2855 2716 2917 Τοὺς
2766 2852 2864 2924 μὲν
2927 2853 3117 2913 κενοὺς
3164 2848 3363 2911 ἀσκοὺς
3416 2844 3478 2898 τὺ
3524 2842 3741 2915 πνεῦμα
3797 2842 4063 2910 διίστησι·

854 2960 1048 3018 natio.
2508 2959 2521 2994 η

2508 2942 2635 3007 τοὺς
2668 2940 2725 2994 δὲ
2768 2939 3086 3010 ἀνοήτουςὴ
3120 2937 3312 3006 οἴησις.

1544 3045 1727 3100 Aliud.
3193 3028 3399 3081 Ἄλλο.

929 3136 1158 3211 (Hujus)
1186 3136 1609 3195 existimationis
1640 3135 1726 3190 sui
1754 3144 1810 3189 et
1840 3148 1978 3187 vana
1999 3131 2243 3200 jactatio.
2438 3183 2479 3211 ρ
2580 3127 2596 3179 1

1761 3144 1810 3189 et
1840 3148 1978 3187 vana
1999 3131 2243 3200 jactatio.
2438 3183 2479 3211 ρ
2580 3127 2691 3197 Τῆς
2718 3125 2944 3194 οἰήσεως
2972 3120 3067 3175 καὶ
3090 3120 3428 3187 καυχήσεως.

1547 3183 2241 3278 λὶίζιᾶζ⁷⁷
2438 3183 2481 3241 (³
2650 3183 2688 3197 ’⁷
2791 3183 2803 3194 ’
2925 3183 2938 3186 ⁷
3200 3183 3429 3263 "suo.

930 3313 1171 3388 Dissipat
1203 3329 1300 3387 per
1330 3313 1748 3371 ostentationem
1780 3319 1836 3366 et
1859 3307 2199 3379 iactantiam.
2583 3309 2597 3362 1

2583 3304 2871 3378 Σκορπίζει
2923 3304 3032 3375 γάρ
3082 3302 3172 3357 διὰ
3233 3300 3613 3371 φανητιασμοῦ
3692 3300 3793 3352 καὶ
3853 3297 4072 3367 καυχή-

2518 3416 2675 3461 σεως.

1558 3490 1731 3547 Aliud.
3203 3488 3415 3541 Ἀλλο.

937 3585 1019 3643 Ne
1065 3585 1165 3641 tibi
1212 3584 1471 3646 subrepat
1518 3598 1632 3638 rem
1673 3582 1748 3635 ita
1784 3594 1927 3644 esse,
1964 3574 2419 3649 quemadmodum
2586 3584 2604 3640 ι

1996 3574 2419 3648 καθωπωοάυῐη
2586 3583 2678 3654 Μή
2705 3599 2788 3636 σοι
2819 3581 2879 3636 τὸ
2906 3575 3049 3634 εἶναι
3081 3580 3143 3634 τὸ
3171 3579 3353 3632 δοκεῖν
3385 3575 3663 3649 ὑπορρέοι.

867 3681 967 3737 tibi
1004 3679 1235 3736 videtur.

1559 3764 1739 3820 Aliud.
3218 3754 3418 3807 Ἄλλο.

939 3862 1258 3922 Aristoteles
1305 3874 1432 3916 cum
1484 3858 1692 3912 videret
1736 3855 2131 3911 adolescentem
2179 3851 2323 3905 elato
2372 3860 2427 3904 et

2413 3860 2427 3904 ι
2607 3847 2980 3920 Ἀριστοτέλης
3015 3843 3352 3913 θεασάμενος
3405 3843 3687 3894 νεανίσκον
3739 3834 4080 3907 κατωφρυὼ-

872 3920 1103 4027 superbo
1130 3954 1422 4025 supercilio
1445 3951 1800 4014 incedentem,
1840 3949 1935 4004 sed
1962 3948 2150 4002 rudem
2182 3953 2236 3999 et
2259 3943 2428 4012 impe-
2528 3959 2539 4013 ι

2413 3970 2428 3982 -
2528 3957 2710 4013 μενον.
2748 3937 2911 4009 μηδὲν
2950 3935 3007 3987 δὲ
3036 3934 3429 4003 ἐπιστάμενον·
3462 3929 3753 3989 Νεανίσκε,
3790 3928 3954 3995 φησι,
3976 3920 4080 3985 οἷος

875 4008 1457 4113 ἓῖιῖιὶἶείἆᾶιῖιὲεοεηε,
1483 4043 1685 4114 qualis,
1711 4008 1904 4111 inquit,
1931 4038 2029 4094 tibi
2058 4035 2279 4098 videris,
2310 4008 2430 4088 esse

2412 4047 2430 4086 3
2529 4008 2632 4103 μὲν
2671 4008 2853 4090 δοκεῖς
2896 4025 3121 4079 σεαυτὸν
3161 4018 3323 4088 εἶναι,
3382 4020 3494 4089 ἐγὼ
3539 4018 3841 4087 γενοίμηνο
3891 4008 4005 4077 οἷος
4030 4015 4079 4063 δὲ

876 4154 1011 4195 sane
1035 4139 1285 4209 cupiam;
1317 4105 1696 4208 qualis-autem
1737 4105 1923 4187 revera
1952 4144 2035 4194 es,
2065 4128 2249 4182 hostes
2283 4138 2430 4178 meos
2526 4124 2543 4177 ὲ

2412 4138 2430 4178 ι
2526 4120 2754 4192 ἀληθείᾳ
2814 4117 3102 4187 ὑπάρχεις,
3163 4111 3395 4166 τοιοῦτοί
3469 4127 3557 4181 μοι
3625 4109 3677 4160 oi
3743 4105 3939 4178 ἐχθροὶ
3996 4105 4079 4173 τέ-

872 4246 995 4288 esse
1020 4229 1205 4286 velim.
2526 4230 2717 4271 νοιντο.

1375 4317 1539 4391 m
1570 4315 1817 4372 Scholion
1852 4312 1945 4367 42.
2788 4389 2795 4391 _

1854 4312 1945 4367 42.
3114 4294 3372 4364 Σχόλιον
3414 4290 3521 4363 μβ¹.

948 4412 1202 4483 Hospites
1230 4380 1547 4484 [peregrina]
1582 4407 1936 4461 adventantes
1973 4415 2150 4471 neque
2173 4397 2434 4453 varietate
2600 4395 2615 4445 l

2420 4410 2434 4450 3
2600 4391 2674 4446 Οὐ
2712 4389 2815 4461 χρὴ
2864 4389 2976 4451 τοῖς
3007 4387 3430 4456 παραϐάλλουσι,
3456 4382 3576 4436 οὔτε
3625 4380 3906 4443 ποικιλίας
3954 4380 4087 4450 βρω-

879 4470 1124 4565 ciborum
1145 4547 1162 4572 ,
1208 4470 1613 4577 deque'mag-no
1643 4502 1935 4557 verborum
1981 4505 2239 4566 apparatu
2282 4493 2429 4547 exci-
2460 4512 2505 4567 ι)
2536 4499 2546 4577 l

2419 4522 2429 4531 .
2460 4512 2505 4567 υ
2536 4482 2739 4552 μάτων,
2770 4477 2889 4531 οὕτε
2919 4476 3184 4546 κομψείας
3228 4475 3485 4547 ῥημάτων
3516 4470 3892 4541 παρατιθέναι,
3925 4474 4086 4523 ὁποῖοι

882 4561 1598 4671 piendi_sunt,quucunq'ue
1636 4592 1827 4647 habitu
1871 4590 1983 4643 sint
2017 4561 2115 4641 aut
2152 4584 2428 4649 moribus,
2460 4561 2494 4567 —
2532 4575 2549 4626 ἓ

2421 4623 2428 4646 ι
2460 4561 2494 4567 —
2532 4573 2599 4626 ἂν
2645 4571 2848 4641 σχῆμα.
2899 4568 2933 4638 ἢ
2970 4568 3059 4621 τὸν
3101 4567 3299 4638 τρόπον
3349 4565 3669 4634 τυγχάνουσι
3692 4577 3707 4591 ·
3758 4561 3999 4631 λιτότητι

882 4658 977 4749 εού
1005 4690 1150 4747 tenui
1174 4658 1525 4760 simplicique
1544 4682 1706 4739 modo
1743 4679 2031 4736 tractandi.
2530 4680 2549 4715 ἰ

1429 4658 1525 4756 lue
1544 4682 1706 4739 modo
1743 4679 2031 4736 tractandi.
2530 4663 2737 4723 πάντας
2766 4658 3096 4729 ἐκδέχεσθαι.

1324 4741 1482 4830 Ᾰίίᾶἁ
1514 4770 1728 4841 Iosephi
1766 4768 1989 4823 abbatis.
2947 4754 2991 4804 Ἀ

1973 4804 1989 4820 .
2947 4753 3124 4804 ’Άλλο
3158 4746 3442 4816 Ἱωσήςοου
3467 4741 3634 4800 ἀσόᾶ.

955 4867 1182 4936 Quando
1210 4866 1448 4922 volueris
1484 4837 1719 4933 aliquem
1762 4858 1829 4914 ad
1863 4860 2067 4913 bonum
2114 4852 2389 4908 adhortari
2420 4892 2436 4916 ,
2606 4847 2622 4865 '

2425 4892 2436 4916 ,
2606 4847 2773 4899 Ὅταν
2824 4842 3070 4913 θελήσεις
3110 4837 3426 4908 νουθετῆσαι
3474 4853 3595 4889 τινα
3639 4837 3719 4901 είς
3772 4837 3836 4889 τὺ
3870 4838 4092 4904 ἀγαθὸν,

885 4925 1123 5033 primum
1153 4957 1347 5012 exhibe
1376 4955 1451 5009 illi
1484 4925 1653 5008 oﬁicia
1683 4935 1927 5018 corporis
1965 4954 2025 4999 ut
2055 4943 2435 5012 conquiescat;
2544 4956 2552 4970 ·

2430 4958 2435 5004 ;
2544 4937 2757 5007 πρῶτον
2790 4933 3096 4989 ἀνάπαυσον
3127 4930 3288 4983 αὑτὸν
3321 4925 3644 4998 σωματικῶς
3664 4940 3680 4955 ⁶
3724 4928 3822 4980 καὶ
3868 4927 4097 4998 τίμησον

888 5017 1083 5107 deinde
1104 5048 1284 5104 verbis
1326 5046 1587 5103 charitate
1611 5041 1784 5113 plenis
1814 5039 1963 5093 illum
1996 5036 2113 5092 cole
2135 5045 2188 5089 et
2215 5034 2441 5087 honora.
2546 5048 2555 5081 ε

2431 5069 2441 5083 .
2546 5028 2709 5081 αὐτὸν
2737 5028 2794 5078 ὲν
2822 5024 2963 5093 λόγῳ
2993 5022 3243 5091 ἀγάπης⁸
3276 5020 3424 5073 οὐδὲν
3452 5018 3559 5089 γὰρ
3600 5017 3773 5082 οὕτως
3804 5019 3985 5072 πείθει
4010 5020 4098 5070 τὸν

887 5141 1035 5197 Nihil
1062 5141 1207 5197 enim
1246 5140 1319 5193 ita
1365 5109 1640 5192 hominem
1685 5133 1754 5188 ad
1794 5128 2149 5186 reverentiam
2196 5137 2251 5181 et
2292 5138 2445 5178 vere-
2548 5143 2554 5171 ‹

2432 5149 2445 5163 -
2548 5119 2829 5189 ἄνθρωπον
2880 5114 3141 5169 αἰδεῖσθαι
3203 5110 3297 5163 καὶ
3348 5109 3745 5180 μεταλλαγῆναι
3806 5112 3953 5163 ποιεῖ
3996 5110 4099 5162 ἀπὸ

891 5232 1143 5289 cundiam
1175 5244 1390 5285 morum
1421 5227 1646 5290 inducit,
1698 5230 1761 5277 ut
1805 5222 1979 5278 oﬁicia
2028 5218 2307 5275 charitatis
2351 5232 2447 5270 ex-
2548 5230 2558 5247 ι

2435 5244 2447 5254 -
2548 5212 2648 5281 τῆς
2675 5209 2871 5272 κακίας
2903 5204 3065 5260 αὐτοῦ
3090 5205 3183 5257 ἐπὶ
3211 5203 3280 5256 τὰ
3313 5202 3571 5274 βελτίονα,
3605 5202 3681 5261 ὡς
3718 5202 3787 5255 τὰ
3820 5203 4102 5273 σωματικὰ

892 5334 1047 5379 terna
1093 5323 1367 5392 corporis,
1410 5328 1467 5375 et
1509 5318 1682 5373 honor
1726 5332 1885 5387 quem
1928 5315 2024 5368 abs
2078 5322 2130 5366 te
2178 5305 2447 5379 proﬁcisci
2552 5322 2559 5353 ε

2178 5305 2447 5379 proﬁcisci
2552 5300 2750 5370 ἀγαθά,
2784 5299 2878 5353 καὶ
2905 5299 2940 5367 ἡ
2974 5294 3107 5365 τιμὴ
3137 5294 3312 5363 ἥνπερ
3345 5293 3538 5362 θεωρεῖ
3568 5291 3675 5343 ἀπὸ
3705 5291 3824 5345 σοῦ.

893 5415 1098 5471 vident.

1485 5498 1736 5556 Scholion
1774 5499 1859 5552 45.
3131 5474 3152 5524 1

3131 5470 3386 5538 Σχόλιον
3418 5476 3526 5536 μγ.

970 5596 1027 5651 ln
1059 5607 1243 5651 sancta
1294 5592 1558 5648 Trinitate
1599 5601 1708 5646 tres
1752 5589 2070 5658 hypostases
2117 5582 2229 5636 sive
2276 5578 2452 5634 subsi-
2630 5570 2637 5589 ‘

2435 5606 2452 5616 .
2630 5567 2750 5622 Ἐπὶ
2803 5566 2896 5635 μὲν
2944 5562 3040 5630 τῆς
3084 5560 3238 5629 ἁγίας
3304 5557 3526 5628 Τριάδος
3585 5558 3734 5625 τρεῖς
3786 5556 4102 5615 ὑποστάσεις

903 5688 1143 5753 stentias,
1174 5697 1228 5741 et
1260 5695 1371 5739 tres
1414 5697 1675 5755 personas
1706 5680 2041 5752 proﬁtemur,
2078 5682 2328 5729 naturam
2355 5684 2454 5724 au—
2549 5664 2570 5717 λ

2437 5696 2454 5709 -
2549 5663 2796 5732 λέγομεν,
2843 5657 2935 5711 καὶ
2976 5654 3100 5726 τρία
3158 5651 3455 5723 πρόσωπα,
3512 5650 3672 5716 φύσιν
3727 5646 3785 5700 δὲ
3843 5647 3975 5717 μίαν
4022 5647 4104 5699 xci:

974 5800 1016 5831 “
1047 5796 1194 5853 Psal.
1233 5810 1369 5865 xvu,
1403 5794 1489 5849 12.
