4222 6448
826 414 957 479 1131

2061 416 2118 475 S.
2156 415 2474 476 JCANNES
2524 418 2830 481 CIJMACI

3933 428 4065 497 1132

825 531 1006 585 omnia
1033 528 1090 582 in
1119 526 1348 583 exordio
1376 524 1723 595 riiircgraplri
1751 522 2027 595 petitionis
2053 535 2256 580 nostra:
2275 526 2387 580 sin-
2417 537 2462 589 Α

2417 537 2462 589 Α
2492 528 2667 584 λύσιν.
2711 532 2829 602 Πρὸ
2876 530 3094 587 πάντων
3139 532 3199 585 ἐν
3249 533 3326 602 τῷ
3373 535 3471 603 τῆς
3514 537 3790 609 ἡμετέρας
3835 541 4066 614 δεήσεως

818 638 1002 677 ceram
1045 620 1343 692 gratiarum
1386 618 1658 673 actionem
1713 618 2061 672 collocemus.
2109 617 2166 670 in
2214 618 2387 673 altero

815 715 940 768 dein
969 726 1127 766 versu
1154 710 1576 774 confessionem,
1622 719 1677 763 et
1716 708 2099 764 contritionem
2143 723 2210 763 ex
2258 724 2388 763 vero

819 813 1013 863 anima:
1051 823 1212 863 sensu
1257 806 1693 877 proficiscentem
1743 820 2038 873 ponamus,
2090 813 2254 875 atque
2314 805 2388 859 ita

816 902 1070 970 deinceps
1119 915 1306 969 preces
1352 908 1572 954 nostras
1609 897 1855 951 omnium
1908 898 2022 967 regi
2056 898 2385 967 aperiamus.

815 994 1067 1061 Optimus
1086 993 1230 1047 enim
1257 991 1512 1062 precandi
1534 990 1727 1044 modus
1749 1004 1834 1045 εει
1857 1004 2018 1058 quem
2045 990 2182 1052 dixi,
2206 1006 2389 1060 quem-

817 1087 1111 1141 admodum
1146 1086 1216 1140 ab
1241 1086 1433 1156 angelo
1458 1084 1676 1140 cuidam
1710 1102 1742 1138 c
1769 1084 2031 1139 fratribus
2061 1093 2146 1139 est
2182 1085 2391 1154 signiﬁ-

816 1190 1020 1234 catum.
1035 1177 1190 1246 Quod
1209 1179 1255 1235 si
1274 1179 1407 1234 olim
1426 1193 1553 1233 reus
1572 1187 1719 1233 tuam
1742 1193 1959 1231 causam
1987 1178 2129 1247 apud
2148 1177 2386 1246 judicem

816 1270 1102 1324 mortalem
1137 1270 1316 1340 egisti,
1366 1284 1476 1324 non
1528 1270 1797 1341 indigebis
1825 1270 1931 1325 alia
1964 1271 2141 1326 forma
2180 1272 2233 1325 in
2268 1287 2389 1340 pre-

815 1361 973 1416 cibus
998 1361 1105 1416 tuis
1125 1375 1309 1416 coram
1339 1360 1472 1416 Deo.
1510 1359 1568 1415 Si
1596 1378 1725 1417 vero
1751 1376 2027 1432 nunquam
2053 1361 2121 1417 ad
2150 1362 2387 1416 tribunal

815 1452 983 1508 ullius
1001 1452 1203 1522 jmlicis
1233 1453 1492 1518 astitisti,
1552 1469 1728 1523 neque
1776 1454 1915 1509 alios
1952 1455 2257 1510 examinari
2306 1455 2388 1507 vi-

816 1546 965 1610 disti,
995 1545 1187 1600 saltem
1236 1545 1341 1601 hoc
1383 1545 1451 1600 ab
1475 1545 1636 1615 aegris
1666 1545 1838 1613 disce,
1871 1546 2090 1617 quando
2116 1546 2386 1602 medicum

816 1646 1030 1707 rogant,
1064 1653 1189 1692 mox
1216 1637 1299 1691 vel
1333 1636 1575 1712 secandi,
1606 1636 1691 1690 vel
1720 1638 1935 1694 urendi.
1959 1636 2108 1691 Nihil
2136 1636 2385 1707 estquod

815 1732 869 1785 in
898 1731 1150 1801 precibus
1179 1730 1451 1801 exquisita
1475 1730 1754 1801 excogitcs
1785 1731 1948 1785 verba
1974 1747 1988 1784 :
2021 1731 2223 1799 saepius
2243 1730 2387 1785 enim

815 1821 1104 1878 infantium
1131 1822 1464 1895 [puerorum
1490 1839 1580 1877 seu
1616 1821 2003 1895 parvulorum]
2035 1822 2304 1892 simplicia
2334 1830 2388 1875 et

2495 622 2673 694 χάρτῃ
2696 622 3047 696 εὐχαριστίαν
3073 624 3337 695 εἰλικρινῆ
3364 628 3781 699 κατατάξωμεν.
3813 633 4068 703 Δεύτερον

2494 713 2550 765 δέ
2595 716 2799 784 στίχον,
2841 715 3244 787 ἐξομολόγησιν,
3274 719 3372 772 καὶ
3416 721 3757 791 συντριμμδν
3798 724 3984 793 ψυχῆς
4014 727 4068 778 ἐν

2494 806 2849 876 ἀναισθήσειο
2883 804 2986 861 εἷθ’
3019 808 3196 874 οὕτως
3228 811 3328 882 τὴν
3360 810 3577 883 αττησιν
3606 812 3767 883 ἡμῶν
3808 814 3890 884 τῷ
3919 816 4066 887 Παμ-

2495 897 2707 953 ϐασιλεί
2771 901 3146 972 γνωρίσωμεν.
3219 904 3477 974 Ἄριστος
3529 906 3641 975 γὰρ
3701 908 3732 960 ό
3788 908 4069 978 εἰρημένος

2496 996 2806 1062 προσευχῆς
2836 994 3058 1065 τρόπος,
3088 995 3164 1060 ὥς
3199 1014 3307 1050 τινι
3335 999 3448 1050 τῶν
3492 999 3742 1069 ἀδελφῶν
3773 1002 3884 1055 ὐπὸ
3915 1004 4071 1071 ἀγγέ-

2495 1083 2588 1136 λου
2626 1086 2835 1155 Κυρίου
2885 1086 3197 1158 δεδήλωται.
3235 1090 3298 1143 Εἰ
3350 1091 3449 1160 μὲν
3497 1091 3803 1157 ὑπεύθυνος
3843 1089 4069 1163 γέγονες

2496 1194 2625 1230 ποτε
2661 1177 2839 1248 ὁρατῷ
2869 1177 3119 1251 δικαστῇ,
3164 1181 3225 1234 ού
3273 1181 3514 1255 δεηθήσῃ
3560 1183 3753 1255 ἐτέρου
3796 1186 3975 1240 τύπου
4017 1189 4072 1239 ἐν

2492 1273 2559 1338 τῇ
2602 1273 2942 1340 παραστάσει
2971 1273 3071 1343 τῆς
3118 1276 3430 1346 προσευχῆς
3473 1294 3590 1331 σου.
3632 1279 3697 1332 Εἰ
3740 1279 3801 1332 δέ
3840 1281 4069 1344 οὐδέπω,

2493 1361 2615 1414 οὐδὲ
2666 1363 3039 1435 παρέστηκας,
3086 1366 3209 1419 οὐδὲ
3241 1365 3664 1439 ἐξεταζομένους
3707 1370 3947 1434 ἐθεάσω,
3978 1372 4072 1425 κᾶν

2495 1455 2559 1506 ἐκ
2605 1452 2705 1522 τῆς
2756 1455 2892 1527 πρὸς
2944 1457 3161 1528 ἰατροὺς
3204 1458 3316 1511 τῶν
3364 1459 3667 1513 νοσούντων
3716 1462 3972 1526 ἱκεσίας,
4016 1463 4074 1515 re

2493 1547 2733 1599 τοιοῦτον
2764 1546 3108 1620 παιδεύθητι,
3137 1551 3298 1620 ἡνίκα
3340 1553 3434 1605 ὑπ’
3479 1553 3664 1606 αὐτῶν
3707 1555 3971 1624 μέλλουσι
3992 1557 4074 1610 τέ.

2498 1640 2747 1709 μνεσθαι,
2778 1639 2810 1711 ἦ
2841 1640 3115 1696 καίεσθαι.
3164 1642 3257 1712 Μὴ
3287 1643 3508 1710 σοφίζου
3535 1645 3595 1696 ἐν
3638 1645 3811 1715 εὐχῆς
3850 1663 3951 1698 σου
3982 1648 4074 1716 .6";-

2497 1746 2628 1801 μασι
2666 1731 2779 1800 (1)·
2828 1729 3034 1784 παίδων
3078 1730 3187 1802 γὰρ
3226 1732 3488 1797 πολλάκις
3534 1734 3686 1789 ἁπλᾶ
3731 1735 4073 1806 ψελλίσματα

2497 1826 2589 1878 καὶ
2627 1825 2883 1879 ἁποίκιλα
2912 1826 3005 1878 τὸν
3036 1826 3256 1898 Πατέρα
3299 1826 3502 1894 αὐτῶν,
3534 1829 3629 1882 τὸν
3655 1831 3716 1883 ἐν
3754 1831 3877 1891 τοῖς
3920 1829 4077 1901 ούρα-

817 1914 1033 1970 tertiata
1069 1914 1234 1969 verba
1262 1912 1482 1969 Patrem
1510 1913 1727 1969 illorum
1767 1914 1860 1985 qui
1887 1914 1942 1968 in
1976 1913 2132 1969 caelis
2159 1922 2245 1969 est
2267 1927 2392 1984 pro—
2422 1897 2465 1952 Β

2422 1897 2465 1952 Β
2496 1920 2605 1981 νοῖς
2640 1917 3037 1989 ἐθεράπευσαν.
3071 1919 3165 1990 Μὴ
3191 1897 3507 1989 πολυλογεῖν
3531 1920 3806 1993 ἐπιχείρει
3850 1922 3957 1992 (2),
3987 1897 4072 1975 ’ἵνα

814 2007 1096 2075 pitiarunt.
1122 2006 1285 2078 532
1316 2005 1503 2077 Neque
1534 2007 1707 2062 multa
1730 2007 1892 2062 verba
1921 2005 2112 2074 facias,
2140 2021 2228 2074 ne,
2256 2009 2386 2061 dum

819 2099 1021 2170 qumris
1051 2100 1197 2170 quod
1225 2101 1401 2162 dicas.
1428 2115 1585 2155 mens
1609 2100 1727 2170 ipsa
1759 2100 2120 2155 distrahatur.
2156 2096 2386 2154 Unicum

815 2194 1095 2264 publicani
1126 2193 1352 2248 verbum
1380 2191 1552 2247 Deum
1580 2192 1834 2262 placavit.
1870 2190 1936 2246 Et
1958 2207 2063 2246 una
2090 2205 2189 2246 vox
2216 2190 2388 2246 ﬁdelis

816 2290 1080 2342 latronem
1115 2287 1169 2341 in
1210 2300 1373 2342 cruce
1414 2286 1624 2340 salvum
1677 2284 1824 2340 fecit.
1877 2283 2192 2339 Verbositas
2240 2283 2386 2337 enim

816 2384 956 2434 inter
985 2393 1169 2447 preces
1200 2391 1345 2448 saepe
1369 2388 1602 2433 mentem
1642 2376 2117 2448 pltantasmatibus
2161 2375 2389 2431 involvit

813 2480 870 2524 et
899 2470 1148 2540 dissipat.
1181 2468 1358 2523 Pauca
1387 2469 1551 2523 verba
1582 2476 1820 2522 mentem
1843 2468 2162 2524 distractam
2187 2470 2389 2540 Saepius

816 2563 1070 2634 colligere
1094 2563 1292 2618 solent.
1324 2560 1425 2617 Ubi
1456 2563 1599 2616 inter
1642 2576 1832 2631 preces
1861 2560 2028 2617 verbo
2065 2562 2251 2634 aliquo
2291 2563 2386 2618 de-

817 2657 1046 2711 lectatus
1071 2653 1266 2719 fueris,
1302 2661 1400 2708 aut
1427 2660 1790 2723 compunctus
1824 2653 1990 2709 etiam
2033 2668 2192 2710 mane
2232 2654 2288 2708 in
2321 2669 2388 2710 eo

815 2748 1022 2802 verbo:
1049 2756 1235 2801 custos
1266 2744 1417 2805 enim
1446 2754 1636 2801 noster
1669 2745 1898 2816 angelus
1936 2752 2067 2799 tunc
2095 2746 2385 2801 nobiscum

816 2851 1090 2908 precatur.
1135 2839 1213 2894 Ne
1246 2838 1609 2894 confidentius
1655 2849 1750 2892 ant
1784 2838 2035 2893 licentius
2076 2853 2207 2910 agas
2260 2855 2384 2894 cum

818 2932 951 2998 Deo,
979 2932 1190 2987 etiamsi
1224 2944 1393 3001 purus
1424 2927 1597 2985 fueris
1627 2947 1641 2983 ι
1678 2928 1773 2983 sed
1819 2930 2014 2984 accede
2042 2945 2167 2985 cum
2216 2932 2385 2986 multa

817 3027 998 3095 potius
1027 3023 1352 3089 humilitate,
1391 3032 1446 3078 et
1471 3023 1736 3092 majorem
1769 3022 2072 3092 experieris
2104 3022 2384 3079 fiduciam.

815 3118 1073 3186 Quamvis
1114 3117 1228 3186 jam
1271 3130 1465 3171 omnes
1505 3114 1771 3169 virtutum
1813 3113 2014 3184 gradus
2057 3115 2255 3171 enixus
2291 3131 2388 3186 per

2498 2009 2572 2081 μὴ
2625 2010 2761 2080 πρὸς
2812 2012 3040 2081 ζήτησιν
3082 2009 3258 2079 λόγων
3307 2012 3671 2085 διασκεδασθῇ
3716 2016 3747 2067 ό
3780 2013 3935 2078 νοῦς.
3988 2009 4074 2077 Εἷς

2489 2101 2647 2170 λόγος
2684 2100 2975 2164 τελωνικδς
3006 2102 3097 2155 τὸν
3128 2102 3262 2158 Θεὸν
3293 2104 3620 2170 ἐξιλεὼσατο
3640 2122 3656 2137 ⁸
3692 2104 3793 2159 καὶ
3832 2104 3897 2158 ἓν
3930 2106 4076 2177 ῥῆμα

2491 2196 2680 2249 πιστὸν
2711 2195 2804 2249 τὸν
2832 2194 3038 2268 λῃστὴν
3062 2195 3313 2250 διέσωσε.
3344 2196 3643 2266 Πολυλογία
3682 2197 3787 2270 μὲν
3818 2197 4073 2259 πολλάκις

2488 2287 2546 2339 ἐν
2579 2291 2854 2361 προσευχῇ
2902 2289 2995 2343 τὸν
3039 2288 3187 2353 νοῦν,
3234 2290 3328 2343 καὶ
3368 2290 3639 2361 ἐφαντασε
3688 2292 3785 2345 καὶ
3839 2291 4049 2362 διέχυσε

2488 2382 2796 2452 Μονολογία
2840 2382 2897 2436 δὲ
2929 2381 3194 2445 πολλάκις
3222 2382 3319 2436 τὸν
3352 2380 3478 2436 νοῦν
3516 2384 3777 2453 συνάγειν
3825 2384 4071 2452 πέφυκε·

2488 2478 2945 2550 καθηδυνόμενος,
2996 2478 3031 2549 ἢ
3074 2479 3551 2550 κατανυσσόμενος
3582 2480 3641 2532 ἐν
3667 2479 3816 2549 λόγῳ
3842 2495 4074 2550 προσεο-

2488 2573 2626 2644 χῆς,
2669 2572 2797 2644 μένε
2856 2574 2915 2626 ἐν
2955 2572 3141 2644 αὐτῷ·
3203 2574 3233 2627 ό
3285 2574 3397 2643 γάρ
3451 2571 3628 2642 φύλαξ
3685 2573 3852 2644 ἡμῶν
3904 2573 3966 2626 τό
4015 2589 4071 2626 τε

2489 2667 2724 2738 ὑπάρχει
2763 2668 2793 2719 ό
2828 2665 3379 2740 συμπροσευχόμενος
3426 2667 3594 2738 ἡμῖν·
3628 2666 3707 2737 μὴ
3758 2668 4073 2739 παρρησιὰ-

2488 2755 2619 2821 ζου,
2673 2756 2776 2811 κᾶν
2826 2757 3181 2830 καθαρότητα
3230 2757 3533 2828 κέκτησαι·
3597 2758 4073 2830 ταπεινοφροσύνῃ

2486 2847 2545 2902 δὲ
2592 2849 2792 2918 μᾶλλον
2829 2848 2999 2920 πολλῇ
3048 2848 3335 2919 πρόσελθε,
3375 2850 3474 2902 καὶ
3523 2847 3708 2902 πλεῖον
3761 2852 4074 2921 παρρησια-

2489 2942 2701 3015 σθήσῃ·
2747 2942 2851 2998 κᾶν
2898 2943 3079 2996 πᾶσαν
3107 2942 3206 3011 τὴν
3254 2940 3501 3011 κλίμακα
3531 2939 3642 2993 τῶν
3681 2940 3903 3011 ἀρετῶν
3942 2941 4071 2994 ἁνα-

2487 3033 2727 3106 6ἐ6ηκας
2751 3072 2767 3097 ,
2834 3033 2976 3104 ὑπὲρ
3045 3032 3294 3101 ἀφέσεως
3366 3029 3654 3101 ἁμαρτιῶν
3722 3029 4069 3102 προσεύχου·

2484 3127 2700 3180 ἀκούων
2772 3125 2986 3179 Παύλου
3044 3124 3172 3194 περὶ
3221 3120 3565 3192 ἁμαρτωλῶν
3623 3119 3898 3191 βοῶντος’
3959 3115 4071 3174 'Qr

814 3213 1016 3269 scalam
1038 3208 1405 3281 superaveris,
1426 3216 1551 3278 pete
1570 3218 1748 3262 tamen
1773 3207 1990 3262 veniam
2017 3218 2383 3278 peccatorum,
2411 3236 2454 3294 ρ

2411 3236 2454 3294 c
2487 3216 2716 3287 πρῶτος
2751 3217 2868 3287 ειμι
2911 3215 3046 3286 ἐγὼ.
3111 3213 3428 3286 Ἐξαρτύειν
3455 3213 3562 3283 ὄψα
3593 3213 3774 3267 ἔλαιον
3802 3213 3905 3267 καὶ
3945 3212 4066 3274 ἅλες

815 3307 1115 3374 audiasque
1165 3301 1395 3357 Paulum
1445 3301 1515 3357 de
1574 3299 1954 3370 peccatoribus
2013 3300 2383 3359 clamantem:

816 3402 1052 3465 Quorum
1082 3398 1283 3461 primus
1314 3412 1408 3466 ego
1438 3410 1558 3450 sum
1586 3394 1650 3448 ιδ.
1677 3392 1841 3449 Cibos
1866 3393 2045 3448 oleum
2073 3403 2127 3448 et
2153 3395 2234 3450 sal
2256 3411 2384 3451 con-

814 3493 935 3547 dire
978 3491 1190 3546 solent:
1239 3489 1540 3543 orationem
1588 3488 1800 3542 elevare
1846 3488 2199 3556 temperantia
2224 3497 2277 3542 et
2303 3489 2384 3542 la-

823 3598 1044 3656 rryrnaa.
1079 3580 1185 3637 Ubi
1210 3581 1424 3649 plenam
1454 3579 1620 3634 animi
1648 3578 2117 3633 mansuetudinem
2144 3579 2384 3636 inducris

815 3688 871 3733 ct
912 3690 1129 3731 omnem
1175 3675 1313 3729 iram
1349 3672 1600 3738 emeris,
1643 3687 1753 3726 non
1800 3672 2030 3726 multum
2084 3672 2381 3737 labor-abis.

815 3778 876 3823 ut
920 3775 1155 3821 mentem
1198 3779 1232 3820 e
1271 3763 1533 3819 servitute
1571 3762 1787 3819 liberes.
1832 3760 2086 3828 Quandiu
2132 3778 2242 3817 non
2284 3780 2381 3819 ex-

811 3860 1052 3931 peditam
1082 3868 1139 3911 et
1167 3864 1374 3912 certam
1420 3854 1679 3925 precamli
1721 3854 1985 3909 rationem
2031 3855 2385 3923 acquisiveri-

814 3967 961 4015 mus,
1001 3949 1209 4005 similes
1246 3962 1441 4002 sumus
1483 3946 1553 4000 iis
1595 3946 1688 4015 qui
1750 3944 1986 4000 infantes
2030 3947 2264 4016 primum
2314 3949 2381 4004 ad

814 4043 1091 4098 incessum
1130 4048 1406 4095 exercent.
1449 4037 1660 4093 Labora
1698 4048 1759 4093 ut
1782 4048 2019 4093 mentem
2044 4040 2244 4107 elevcs,
2272 4040 2382 4095 imo

814 4150 945 4191 vero
969 4144 1031 4189 ut
1062 4132 1420 4203 cogitationes
1464 4132 1521 4184 in
1566 4140 1718 4186 certa
1748 4130 2038 4186 verborum
2078 4143 2230 4202 septa
2255 4148 2382 4189 ora-

814 4229 963 4283 tione
1013 4225 1341 4289 concludas,
1401 4232 1459 4278 et
1502 4222 1752 4293 quamvis
1802 4238 1901 4292 per
1958 4222 2379 4281 imbecillitatem

812 4332 1035 4394 propter
1078 4320 1363 4375 infantiam
1419 4318 1683 4373 cecideris
1707 4357 1725 4382 ,
1774 4318 1923 4389 erige
1981 4330 2163 4373 tamen
2231 4319 2380 4374 illam

813 4430 1008 4470 rursus
1031 4425 1084 4469 et
1105 4414 1351 4468 reducito
1378 4412 1433 4465 in
1458 4413 1599 4465 viam
1628 4428 1641 4465 :
1672 4411 1888 4481 propria
1903 4411 2049 4466 enim
2076 4420 2161 4468 est
2183 4414 2381 4469 mentis

814 4506 1201 4563 inconstantia.
1236 4504 1342 4561 Sed
1371 4503 1466 4573 qui
1499 4503 1685 4558 omnia
1717 4512 1918 4573 potest,
1953 4511 2131 4573 potest
2162 4513 2217 4559 et
2238 4507 2379 4560 hanc

2492 3311 2806 3381 πεφύκασι·
2853 3308 3087 3381 πτεροῦν
3143 3308 3200 3361 δὲ
3238 3307 3545 3378 προσευχὴν
3599 3306 3932 3377 σωφροσύνη
3976 3305 4070 3358 καὶ

2490 3404 2718 3477 δάκρυα.
2778 3404 2905 3458 Ἐὰν
2937 3403 3117 3457 πᾶσαν
3155 3401 3444 3472 πραΰτητα
3487 3400 3579 3453 καὶ
3606 3398 3921 3470 ἁοργησίαν
3965 3399 4069 3468 ἁμ-

2492 3498 2682 3569 φιάσξγ
2711 3496 2773 3549 ού
2803 3493 2973 3548 πολλὰ
3005 3491 3302 3563 κοπωθήσῃ
3330 3489 3647 3562 ἐλευθεροῦν
3682 3487 4070 3559 αἰχμαλωσίας

2488 3589 2581 3642 τὸν
2605 3587 2730 3641 νοῦν
2758 3604 2874 3641 σου.
2911 3586 3056 3649 Ἕως
3083 3578 3145 3638 οὗ
3190 3583 3500 3654 προσευχὴν
3531 3581 3736 3652 ἐναργῆ
3768 3582 3835 3633 οὐ
3870 3580 4067 3647 κεκτη·

2492 3682 2632 3752 μεθα
2661 3680 2771 3742 τοῖς
2799 3676 3135 3749 γυμνάζουσι
3166 3676 3234 3729 τὰ
3270 3676 3440 3746 νήπια
3484 3670 3722 3743 βαδίζειν
3770 3672 3833 3725 ἐν
3875 3687 4067 3742 προοι-

2492 3775 2636 3844 μίοις
2670 3772 2927 3841 ἐοίκαμεν
2963 3771 3061 3840 (ὃ).
3108 3765 3352 3821 Πύκτευε
3397 3763 3709 3835 ἀναφέρειν,
3748 3761 3961 3833 μᾶλλον
4009 3759 4066 3810 δὲ

2489 3862 2797 3920 ἀποκλείειν
2827 3859 2926 3930 τὴν
2959 3859 3168 3911 ἔννοιαν
3210 3859 3269 3908 ἐν
3316 3855 3425 3917 τοῖς
3467 3856 3566 3923 τῆς
3605 3851 3922 3922 προσευχῆς
3968 3848 4066 3919 ρξ’

2490 3971 2646 4026 μασι,
2680 3952 2783 4005 xiv
2810 3950 3172 4020 ἐξατονήσασα
3200 3946 3287 4000 διὰ
3324 3947 3387 3998 τὸ
3414 3943 3681 4015 νηπιῶδες
3704 3942 3877 4015 πέσῃ,
3903 3941 4071 3994 πάλιν

2486 4045 2655 4116 αὐτὴν
2685 4045 2973 4111 εἰσάγαγεο
3023 4041 3154 4094 ἴδιον
3181 4041 3289 4110 γὰρ
3315 4036 3411 4092 τοῦ
3438 4037 3556 4100 νοὺς
3576 4037 3640 4090 τὸ
3663 4036 3922 4090 ἄστατον.
3961 4036 4067 4085 Δυ-

2487 4136 2646 4191 νατδν
2668 4135 2728 4188 δὲ
2773 4134 2963 4188 τοῦτον
3006 4134 3201 4202 στῆσαι
3231 4129 3310 4202 τῷ
3340 4129 3520 4183 πάντα
3547 4128 3839 4198 δυναμένῳ
3884 4126 4067 4196 ίστᾷν.

2489 4228 2619 4300 [Ναὶ
2668 4225 2801 4299 μὴν]
2853 4225 2949 4280 ἐὰν
3006 4222 3308 4286 ἀνελλιπῶς
3353 4221 3447 4277 τὸν
3519 4220 3703 4290 ἀγῶνα
3767 4220 4067 4289 κέκτησαι,

2485 4319 2803 4391 ἐπιδημήσῃ
2846 4313 3222 4390 [ἐπιδημήσει]
3266 4315 3357 4369 καὶ
3380 4317 3441 4367 ἐν
3470 4313 3554 4365 σοὶ
3588 4314 3619 4366 ό
3660 4311 3762 4382 τὴν
3787 4311 4074 4365 θάλατταν

2484 4410 2579 4465 τοῦ
2607 4411 2726 4474 νοὸς
2774 4407 3135 4481 περιορίζων·
3192 4408 3287 4462 καὶ
3314 4409 3434 4479 ἐρεῖ
3480 4406 3619 4477 πρὸς
3665 4404 3843 4475 αὐτὴν
3890 4406 3950 4457 ἐν
3992 4404 4069 4470 τῇ

2485 4504 2761 4575 προσευχῇ
2812 4519 2907 4555 σου
2932 4516 2947 4532 ·
2998 4500 3188 4570 Μέχρι
3236 4501 3451 4554 τούτου
3493 4499 3744 4566 uesica.
3791 4496 3896 4549 καὶ
3945 4496 4074 4560 οὐχ

813 4602 1060 4656 stabilire
1083 4607 1139 4654 et
1160 4599 1397 4653 firmare.
1421 4594 1672 4651 Profecto
1698 4597 1743 4650 si
1763 4605 2078 4651 constanter
2097 4605 2152 4651 et
2173 4597 2381 4668 absque
2410 4593 2455 4648 D

2410 4593 2455 4648 D
2484 4593 2819 4664 ὑπερϐήσῃ.
2875 4592 3161 4647 Ἀδύνατον
3201 4592 3416 4664 πνεῦμα
3455 4591 3704 4660 δεσμεῖνο
3752 4589 3893 4641 ὅπου
3924 4587 3984 4639 δὲ
4035 4589 4074 4638 ὁ

812 4693 1117 4750 cessatione
1165 4689 1568 4753 decertaveris,
1639 4689 1819 4743 veniet
1877 4689 1945 4743 ad
1995 4699 2050 4744 te
2095 4690 2192 4759 qui
2239 4692 2378 4744 mari

2484 4689 2580 4743 τοῦ
2614 4686 2924 4757 πνεύματος
2951 4685 3193 4757 κτίστης,
3227 4687 3402 4741 πάντα
3429 4684 3815 4739 ὑποτέτακται.
3849 4679 3913 4734 El
3958 4680 4076 4748 μὲν

809 4785 1010 4840 mentis
1044 4794 1149 4839 tua:
1192 4781 1458 4838 terminos
1517 4781 1733 4850 posuit,
1793 4779 1955 4851 433
2003 4790 2060 4835 et
2099 4782 2245 4836 dicet
2300 4781 2380 4836 illi

2485 4782 2637 4853 ἥλιόν
2666 4796 2796 4833 ποτε
2821 4777 3076 4831 τεθέασαι
3104 4777 3205 4848 (ι),
3232 4777 3438 4849 δυνήσῃ
3465 4774 3614 4845 αὐτῷ
3657 4774 3757 4827 καὶ
3789 4772 4076 4839 συλλαλῆ-

809 4876 864 4929 in
888 4877 1135 4931 oratione
1170 4885 1262 4929 tua
1297 4893 1312 4928 :
1354 4871 1473 4926 Huc
1495 4889 1653 4941 usque
1690 4874 1856 4927 venies
1888 4875 1954 4937 “,
1983 4884 2173 4929 etnon
2198 4884 2381 4931 trans-

2490 4891 2578 4927 σαι
2606 4870 2925 4943 πρεπόντως
2945 4883 2960 4898 ⁸
2994 4868 3024 4921 ὃ
3050 4869 3161 4939 γὰρ
3194 4870 3295 4942 οὐχ
3342 4866 3611 4940 ἑώρακας,
3638 4864 3760 4929 πῶς
3785 4862 4078 4932 ἐντυγχά-

812 4970 916 5023 i‘ais
956 4968 1206 5023 ulterius.
1248 4964 1485 5036 Spiritus
1532 4966 1694 5019 nullis
1734 4966 1966 5021 vinculis
2001 4968 2240 5022 coerceri
2284 4982 2380 5038 po-

1532 4966 1694 5019 uullis
1734 4966 1966 5021 vinculis
2001 4968 2240 5022 coerceri
2284 4982 2380 5038 po-
2484 4984 2597 5020 νειν
2628 4959 2871 5032 ἀψευδῶς
2898 4957 3158 5022 δύνασαιῖ

811 5073 943 5118 test.
980 5063 1086 5118 Ubi
1126 5070 1309 5115 autem
1352 5069 1437 5116 est
1475 5060 1726 5114 conditor
1770 5060 2017 5128 Spitlt'JS,
2078 5071 2208 5115 tunc
2267 5064 2452 5117 omnia
2492 5062 2567 5116 illi
2613 5057 2999 5126 subjiciuntur.
3032 5055 3090 5110 Si
3115 5066 3352 5122 unquam
3393 5049 3560 5103 solem
3587 5046 3896 5116 inspexisti,
3921 5055 4077 5098 tunc

829 5174 953 5213 cum
1002 5158 1093 5210 illo
1120 5156 1322 5226 poteris
1363 5156 1438 5209 uti
1468 5155 1623 5209 decet
1660 5154 1915 5222 colloqui.
1950 5155 2102 5220 Quod
2127 5156 2273 5209 enim
2310 5170 2416 5211 non
2463 5154 2663 5217 vidisti,
2709 5150 2987 5220 quomodo
3026 5146 3227 5218 petetis
3266 5158 3392 5198 vere
3432 5157 3555 5197 cum
3598 5140 3670 5193 illi
3735 5139 3948 5209 agere?

876 5250 1210 5319 Principium
1240 5247 1506 5303 Orationis
1538 5255 1619 5301 est
1668 5248 2045 5314 obstrepentes
2079 5244 2368 5318 [objectas]

2560 5245 2727 5316 Ἀρχὴ
2782 5244 2879 5315 μὲν
2933 5238 3243 5313 προσευχῆς
3298 5233 3593 5306 προσὸολειὶ
3652 5231 4078 5301 μονολοτίστωτ

807 5341 976 5397 n-enti
1007 5341 1413 5401 distractmncs,
1460 5338 1643 5392 statim
1691 5337 1758 5390 ab
1789 5337 1964 5398 mitio,
2009 5339 2128 5391 Solo
2173 5339 2368 5391 mentis
2473 5369 2474 5378 ι

2473 5339 2799 5406 διωκόμεναι
2836 5338 2901 5388 ἐκ
2928 5332 3227 5404 προοιμίων
3263 5328 3437 5382 αὑτῶ.
3476 5326 3576 5395 (ἴ).
3610 5325 3857 5393 Μεσόςης
3893 5324 3959 5375 τὸ
4002 5329 4078 5376 ἐν

804 5446 940 5488 nutu
979 5432 1254 5486 reuellere.
1284 5430 1518 5485 Medium
1549 5444 1677 5484 vero
1704 5444 1825 5483 cum
1857 5444 2014 5483 mens
2052 5430 2105 5482 in
2139 5429 2206 5484 iis
2244 5440 2363 5484 tan-

2475 5433 2585 5492 τοῖς
2634 5429 2946 5497 λεγομένοις
2988 5424 3021 5496 ἦ
3061 5421 3370 5491 νοουμένοις
3410 5418 3591 5490 μόνοις
3634 5412 3774 5470 εἶναι
3801 5417 3899 5483 τὴν
3926 5416 4068 5468 διὰ-

802 5534 919 5579 tum
964 5525 1130 5577 haeret
1158 5538 1277 5592 qua!
1308 5524 1612 5577 meditanda
1645 5529 1693 5576 et
1730 5523 2009 5575 tractanda
2055 5522 2363 5592 proposuit.

2473 5537 2642 5573 νοιαν.
2672 5520 2744 5571 Τὸ
2785 5517 2842 5571 δὲ
2884 5515 3087 5585 ταύτης
3127 5512 3329 5567 τέλειον
3371 5508 3593 5581 ἁρπαγὴ
3640 5508 3777 5579 πρὸς
3814 5507 4046 5575 Κύριον

802 5614 953 5670 Finis
981 5625 1067 5670 est
1095 5626 1280 5684 raptus
1304 5616 1357 5669 in
1390 5615 1579 5668 Deum.
1611 5614 1725 5668 Alia
1759 5621 1841 5668 est
1870 5613 2050 5667 laetitia
2075 5613 2362 5684 [jubilum,

2476 5610 2643 5681 Ἀλλη
2677 5611 2709 5680 ἡ
2737 5606 3057 5677 ἀγαλλίασις
3107 5607 3140 5675 ἡ
3169 5605 3227 5656 ἐν
3263 5602 3535 5673 προσευχῇ
3578 5601 3692 5662 τοῖς
3738 5600 3800 5651 ἐν
3830 5598 4077 5669 suvoﬁi;

802 5723 935 5763 crsu
963 5704 1117 5777 talio]
1157 5707 1424 5763 orationis
1450 5722 1641 5763 eorum
1692 5704 1785 5775 qui
1825 5705 1987 5759 simul
2037 5704 2091 5758 in
2125 5706 2361 5774 plurium

2471 5704 2744 5767 διάγουσιν
2774 5698 3258 5767 ἐπιωμὸαίνουσα,
3281 5695 3376 5749 καὶ
3400 5695 3607 5765 tepet;
3625 5694 3740 5756 τοῖς
3768 5692 3893 5746 καθ’
3909 5694 4072 5745 rc..-

877 5868 920 5897 ¹³
961 5866 979 5921 Ι
1025 5867 1167 5924 Tim.
1231 5884 1269 5930 ι,
1326 5866 1393 5921 l5
