4222 6448
170 397 301 458 1133

1049 398 1272 457 SCALA
1334 399 1708 459 PARADISI.
1748 423 1814 432 --
1855 397 2160 458 GRADUS
2213 397 2481 460 XXVIII.

3242 399 3376 466 1134

167 507 288 574 χίαν
313 506 762 576 προσευχομένοις
787 511 1204 577 προσγινομένη.
1248 508 1311 560 Ἦ
1343 509 1440 577 μὲν
1461 510 1570 579 γὰρ
1593 509 1720 572 ἴσως
1751 517 1790 570 Α
1821 525 1834 559 ι

1710 526 1720 572 ;
1751 517 1790 570 Α
1821 519 1965 563 cmttt
1995 509 2231 581 degunt:
2266 513 2370 565 alia
2404 529 2616 575 eorum,
2672 530 2788 583 qua!
2820 517 3078 571 solitariis
3110 515 3377 586 precanti-

168 599 534 666 πεφάντασται
569 597 782 666 μικρόν
815 598 848 666 ἠ
882 597 936 650 δὲ
966 597 1060 668 ὅλη
1101 601 1592 670 ταπεινοφροσύνης
1622 617 1717 653 πε-

167 686 466 756 πλήρωται.
507 686 631 739 Ἐὰν
673 687 759 740 ἀεὶ
791 687 1070 759 γυμνάςῃς
1113 689 1203 740 τὸν
1234 691 1358 741 νοῦν
1399 691 1472 759 μὴ
1511 692 1719 761 μακρύ-

163 795 296 839 νειν,
325 779 414 830 καὶ
450 780 506 830 ἐν
530 782 595 848 τῇ
618 779 714 847 τῆς
747 778 1020 850 τραπέζης
1049 779 1339 852 παραθήκῃ
1375 781 1600 851 πλησίον
1627 800 1719 834 σου

163 872 470 939 γενήσεται·
506 871 554 921 εἰ
589 871 644 922 δὲ
678 870 968 932 ἀκωλύτως
1021 869 1304 935 πλάζεται,
1345 873 1591 926 οὐδέποτέ
1640 890 1719 925 σοι

163 960 502 1028 παραμένειν
539 960 799 1029 πέφυκεν·
830 962 859 1012 ὁ
900 962 997 1030 μὲν
1032 961 1203 1030 μέγας
1237 964 1332 1032 τῆς
1363 963 1599 1033 μεγάλης
1628 963 1719 1015 καὶ

161 1048 375 1111 τελείας
405 1050 706 1119 προσευχῆς
746 1052 980 1122 ἐργάτης
1023 1050 1154 1120 φησί
1183 1053 1257 1122 (6)
1284 1069 1297 1081 ο
1335 1052 1494 1105 Θέλω
1532 1053 1722 1106 εἰπεῖν

161 1145 343 1196 πέντε
370 1144 590 1211 λόῃους
613 1143 692 1208 τῷ
723 1147 835 1198 νωΐ
855 1162 995 1212 μου,
1026 1145 1120 1197 καὶ
1155 1147 1220 1196 τὰ
1260 1145 1405 1214 ἑξῆς.
1439 1147 1718 1215 Νηπιωδε-

161 1235 372 1304 στέρων
401 1234 456 1286 δὲ
486 1235 546 1286 τὸ
572 1235 810 1288 τοιοῦτον
841 1235 1137 1303 ἀλλότριον·
1167 1236 1354 1304 διόπερ
1397 1239 1554 1305 ἡμεῖς
1585 1239 1720 1307 μετὰ

158 1325 262 1391 τῆς
292 1325 591 1396 ποιότητος,
631 1327 725 1378 καὶ
771 1325 862 1377 τοῦ
909 1325 1139 1395 πλήθους
1172 1326 1274 1395 τῆς
1308 1330 1602 1398 ποσότητος
1645 1329 1719 1391 ὡς

158 1417 372 1480 dulei;
403 1415 654 1487 δεόμεθα*
685 1416 746 1468 τὸ
772 1417 881 1486 γὰρ
908 1417 1160 1487 δεύτερον
1181 1416 1275 1470 τοῦ
1300 1419 1560 1489 προτέρου
1587 1420 1718 1489 πρό-

157 1507 334 1572 ξενονο
368 1507 540 1571 διδους
568 1508 697 1578 γὰρ,
724 1509 906 1577 φησὶν,
939 1508 1102 1579 εὐχὴν
1141 1509 1385 1580 καθαρὰν
1407 1510 1486 1577 τῷ
1515 1511 1720 1574 ἀόκνως

157 1600 438 1670 εὑχομένῳ
464 1599 719 1671 ῥυπαρῶς
750 1601 824 1671 (a)
854 1601 945 1652 καὶ
969 1603 1374 1671 πεπονημένως·
1399 1600 1525 1655 ἄλλο
1553 1602 1718 1671 ῥύπος

158 1691 488 1759 προσευχῆς,
516 1691 608 1743 καὶ
639 1690 765 1743 ἄλλο
792 1691 1096 1762 ἀφανισμός
1127 1692 1220 1761 (b),
1255 1679 1348 1746 καὶ
1373 1692 1498 1746 ἄλλο
1523 1693 1718 1764 κλοπὴ,

155 1782 259 1833 καὶ
306 1782 492 1852 ἕτερον
525 1780 730 1852 μῶμος.
772 1783 970 1844 Ῥύπος
1015 1782 1131 1835 ἐστὶ
1167 1783 1285 1853 Θεῷ
1331 1784 1718 1854 παρίστασθαι,

156 1872 258 1924 καὶ
296 1874 525 1934 ἀτόπους
574 1873 776 1934 ἐννοίας
806 1871 1190 1942 φαντάζεσθαι’
1241 1875 1546 1943 ἀφανισμός
1579 1876 1714 1937 ἐστι,

155 1967 218 2016 τὸ
252 1967 331 2028 είς
359 1963 643 2034 φροντίδας
667 1964 963 2033 ἀνωφελεῖς
996 1964 1510 2034 αἱχμαλωτίζεσθαιο
1542 1966 1714 2036 κλοπὴ

155 2057 276 2107 ἐστι
297 2055 356 2108 τὸ
380 2049 781 2124 ἀνεπαισθήτως
811 2055 910 2123 τὴν
937 2055 1143 2108 ἔννοιαν
1169 2056 1486 2127 ῥέμϐεσθαι·
1528 2056 1718 2127 μῶμός

152 2149 277 2199 ἐστι
308 2145 578 2218 προσϐολὴ
618 2146 651 2215 ἡ
693 2144 872 2199 οίαοῦν
901 2146 1015 2199 τότε
1054 2145 1190 2216 πρὸς
1229 2148 1371 2215 ἡμᾶς
1407 2146 1715 2213 ἐγγίζουσα.

155 2239 218 2289 ΕΞ
257 2239 354 2306 μὲν
388 2238 446 2290 οὑ
490 2237 629 2290 κατὰ
663 2239 826 2307 μόνας
863 2237 959 2308 [αι.
1005 2238 1334 2307 καταμόνας]
1366 2238 1717 2307 τυγχάνωμεν

151 2330 234 2399 τῷ
269 2330 444 2401 καιρῷ
486 2330 584 2401 τῆς
623 2333 1036 2403 παραστάσεως,
1071 2332 1278 2385 ἔνδοθεν
1315 2333 1376 2385 τὸ
1408 2333 1592 2402 σχῆμα
1621 2332 1718 2402 τῆς

156 2421 370 2484 ἱκεσίας
408 2420 869 2490 ἀνατυπὼσωμεν.
903 2423 962 2474 Εἰ
991 2423 1048 2476 δὲ
1082 2424 1141 2476 ού
1168 2424 1388 2494 πάρεισι
1417 2424 1526 2476 τῶν
1557 2426 1716 2476 ἐπαί-

151 2533 265 2567 νων
291 2516 339 2567 oi
373 2515 657 2585 ὑπηρέται,
688 2513 783 2567 καὶ
814 2514 876 2566 τὸ
912 2514 1110 2579 ἔξωθεν
1145 2511 1282 2578 εἶδος
1319 2518 1400 2580 εἰς
1427 2515 1718 2587 πρεσϐείαν

154 2623 216 2656 τυ
228 2605 514 2675 πὼσωμεν.
557 2605 644 2658 Ἐν
666 2607 776 2668 τοῖς
798 2606 904 2676 γὰρ
925 2605 1138 2659 ἀτελέσι
1159 2607 1418 2670 πολλάκις
1445 2609 1474 2659 ὁ
1497 2607 1619 2670 νοῦς
1642 2607 1719 2676 τῷ

156 2697 376 2766 σώματι
400 2697 878 2766 συσχηματίζεται·
907 2697 1103 2759 πάντες
1131 2699 1249 2766 μὲν,
1273 2699 1366 2750 ἐπὶ
1395 2698 1561 2750 πλείω
1591 2699 1647 2750 δὲ
1667 2699 1717 2750 οί

151 2789 257 2855 τὴν
293 2788 484 2856 ἄφεσιν
512 2787 604 2840 τοῦ
636 2787 825 2858 χρέους
853 2788 1036 2840 λαϐεῖν
1069 2791 1201 2858 πρὸς
1234 2789 1454 2857 βασιλέα
1497 2791 1719 2859 πορευό-

153 2898 336 2949 μενοι,
364 2881 641 2952 ἀμυθήτου
669 2881 1002 2952 συντριμμοῦ
1026 2881 1252 2936 δέονται.
1295 2883 1417 2934 Ἐὰν
1443 2884 1498 2935 ἐν
1527 2886 1716 2953 εἱρκτῇ

152 2978 234 3026 ετι
276 2975 649 3043 τυγχάνωμεν,
696 2972 1016 3042 ἀκούσωμεν
1068 2974 1162 3026 τοῦ
1212 2973 1457 3040 λέγοντος
1507 2975 1714 3044 Πέτρῳ*

151 3067 342 3117 Ζῶσαι
389 3065 591 3118 λέντιον
625 3064 886 3134 ὑπακοῆς,
919 3064 1014 3117 καὶ
1043 3065 1304 3117 ἀπόδυσαι
1342 3065 1408 3117 τὰ
1442 3066 1720 3136 θελήματά

1823 600 1924 655 bus
1959 605 2250 658 usuvenire
2282 605 2440 658 solet.
2483 603 2573 659 Illa
2615 606 2810 674 quippe
2843 606 3073 663 fortasse
3103 604 3378 660 nonnullis

1823 694 2220 774 p‘ltantasmatis
2265 694 2509 758 laborat;
2562 697 2674 751 haec
2725 713 2854 751 vero
2907 708 3018 754 tota
3074 697 3380 753 humilitate

1820 786 2144 855 completur.
2177 786 2336 852 Quod
2368 787 2417 841 si
2457 797 2692 843 tuentem
2721 798 2866 842 tuam
2915 791 3134 845 assidua
3168 792 3380 844 exerci-

1821 877 2023 930 tatione
2049 893 2115 930 eo
2157 877 2467 942 deduxeris,
2507 889 2565 932 ut
2594 896 2869 949 nunquam
2926 881 3138 950 longius
3187 895 3380 950 evage-

1821 976 1928 1029 tur,
1966 976 2080 1021 tum
2105 969 2268 1023 etiam
2305 985 2492 1025 mensa
2522 973 2696 1039 posita
2725 973 2986 1026 collectus
3019 972 3146 1026 eris.
3182 970 3238 1025 Si
3278 986 3375 1024 au-

1820 1070 1924 1113 tem
1962 1060 2184 1129 impune
2216 1063 2399 1133 vagari
2433 1064 2740 1132 permiseris
2765 1107 2780 1130 ,
2827 1079 3104 1134 nunquam
3151 1064 3217 1116 ad
3255 1063 3378 1117 offl-

1821 1154 1963 1206 citttn
2005 1162 2322 1222 praesentem
2377 1154 2624 1208 habebis.
2672 1155 2896 1226 Magnus
2941 1156 3029 1212 ille
3076 1170 3284 1225 magna:
3329 1163 3384 1207 et

1821 1243 2070 1313 perfectae
2111 1247 2374 1303 orationis
2419 1248 2640 1304 cultor:
2688 1245 2848 1311 Volo,
2898 1249 3107 1319 inquit,
3158 1247 3384 1317 quinque

1820 1339 1973 1390 verba
2019 1356 2173 1394 sensu
2205 1357 2316 1395 meo
2341 1340 2485 1412 loqui
2538 1342 2602 1405 ¹⁸,
2651 1352 2705 1395 et
2752 1357 2872 1410 qua:
2915 1349 3236 1410 sequuntur.
3276 1338 3381 1393 Sed

1822 1429 1925 1479 hoc
1956 1440 1984 1478 a
2015 1427 2286 1482 tironibus
2331 1437 2388 1483 et
2434 1428 2865 1498 simplicioribus
2915 1426 3095 1482 adhuc
3141 1427 3381 1481 alienum

1819 1525 1923 1570 est.
1957 1517 2144 1588 itaque
2187 1535 2289 1574 nos
2323 1535 2540 1590 quoque
2585 1535 2709 1575 cum
2751 1529 2903 1575 certo
2947 1519 3182 1590 quodam
3223 1519 3383 1572 modo

1819 1610 1999 1664 adimo
2027 1620 2083 1664 et
2117 1610 2465 1666 multitudine
2513 1612 2833 1680 quantitatis
2879 1608 3221 1683 [verborum]
3261 1620 3384 1664 tan-

1819 1717 1982 1770 quam
2020 1701 2319 1771 imperfecti
2363 1701 2736 1758 obsecramus.
2785 1702 3092 1758 Secundum
3128 1702 3272 1757 enim
3301 1711 3387 1754 est

1821 1795 1906 1849 via
1935 1795 2000 1848 ad
2029 1795 2286 1864 primum.
2317 1794 2421 1861 Qui
2447 1795 2560 1859 dat,
2580 1795 2774 1866 inquit,
2801 1795 3100 1850 orationem
3126 1795 3382 1848 mundam

1826 1881 2070 1953 impigre,
2099 1882 2351 1952 quamvis
2371 1891 2565 1939 caetera
2593 1883 2808 1939 sordide
2834 1895 2886 1938 et
2913 1883 3202 1946 laboriose,
3226 1897 3386 1938 oran-

1827 1971 1886 2026 ti.
1939 1970 2097 2025 Aliud
2150 1980 2235 2025 est
2273 1970 2464 2025 sordes
2522 1971 2824 2037 orationis,
2871 1973 3017 2027 aliud
3073 1971 3383 2034 exstinctio,

1822 2063 1964 2116 aliud
2007 2061 2234 2127 furtum,
2270 2062 2417 2117 aliud
2461 2062 2661 2118 illusio.
2709 2061 2870 2137 434
2908 2064 3111 2119 Sordes
3150 2079 3244 2118 seu
3277 2063 3386 2118 im-

1825 2153 2092 2208 munditia
2133 2163 2238 2220 est,
2283 2170 2408 2209 cum
2457 2156 2599 2210 inter
2641 2172 2829 2226 preces
2875 2155 3088 2211 divinas
3135 2157 3387 2211 absurdae

1824 2243 2180 2312 cogitationes
2219 2246 2404 2299 animo
2447 2245 2759 2300 volvuntur.
2793 2244 3096 2300 Evstinctio
3130 2255 3236 2308 est,
3261 2261 3387 2300 cum

1825 2335 1926 2390 sub
1961 2335 2206 2390 oratione
2231 2352 2381 2391 mens
2421 2337 2546 2409 [sibi
2586 2336 2875 2409 subducta]
2901 2338 2952 2391 in
2980 2353 3141 2393 curas
3167 2337 3387 2392 inutiles

1824 2428 2032 2496 captiva
2064 2428 2314 2482 trahitur.
2358 2427 2582 2483 Furtum
2614 2440 2716 2492 est.
2744 2445 2868 2486 cum
2891 2444 3046 2485 mens
3075 2431 3193 2484 sine
3223 2444 3387 2484 sensu

1824 2530 1878 2573 et
1903 2521 2386 2575 animadversione
2415 2531 2660 2591 vagatur.
2684 2521 2870 2576 lllusio
2892 2531 2977 2578 est
2998 2523 3234 2592 impetus
3255 2537 3390 2592 qua-

1824 2608 2113 2677 liscunque
2139 2618 2288 2674 tunc,
2320 2624 2443 2664 cum
2472 2624 2719 2683 oramus,
2750 2611 2803 2664 in
2837 2625 2940 2664 nos
2969 2611 3204 2665 irruens.
3237 2609 3387 2675 Quo-

1825 2700 2145 2768 tiescunque
2191 2699 2330 2755 inter
2375 2701 2706 2768 precandum
2753 2716 2876 2754 cum
2921 2700 3168 2770 pluribus
3199 2715 3386 2756 versa-

1827 2807 1970 2854 mur,
2006 2800 2121 2844 tutn
2167 2791 2313 2846 intus
2351 2791 2404 2844 in
2437 2791 2623 2844 animo
2664 2791 2964 2846 formemus
3005 2792 3294 2863 imaginem
3333 2801 3390 2846 et

1828 2881 2071 2936 habitum
2125 2882 2504 2952 supplicantis.
2549 2882 2606 2936 Si
2661 2884 2791 2937 nulli
2841 2882 3042 2939 iuerint
3100 2884 3385 2941 nobiscum

1827 2972 1960 3025 socii
1991 2986 2086 3026 seu
2113 2971 2420 3026 administri
2447 2971 2733 3035 orationis,
2760 2971 2922 3027 etiam
2951 2973 3184 3042 speciem
3215 2984 3268 3028 et
3293 2975 3390 3028 ha-

1826 3063 1996 3115 bitum
2046 3062 2180 3116 foris
2210 3063 2274 3114 ad
2309 3061 2613 3116 orationem
2659 3075 2845 3134 aptum
2893 3080 3004 3132 pra:
3043 3065 3201 3121 nobis
3247 3066 3390 3121 fera-

152 3173 277 3219 σου,
302 3158 393 3209 καὶ
416 3156 614 3226 γυμνὸς
637 3156 838 3209 τούτων
865 3155 1125 3227 πρόσελθε
1151 3155 1340 3226 Κυρίῳ
1363 3157 1422 3208 ἐν
1446 3159 1717 3226 προσευχῇ
1746 3199 1786 3256 C

1746 3199 1786 3256 C
1827 3168 1967 3206 lllllS.
2003 3150 2060 3204 In
2103 3151 2435 3222 imperfectis
2472 3153 2615 3206 enim
2651 3168 2791 3223 saepe
2821 3169 2976 3209 mens
3008 3157 3223 3225 corpori
3255 3171 3387 3210 con-

150 3263 278 3300 crou'
313 3247 374 3299 τὸ
398 3247 560 3299 αὑτοῦ
590 3251 751 3316 μόνου
778 3246 1198 3317 ἐπικαλούμενος
1225 3247 1455 3317 θέλημα,
1479 3247 1571 3299 καὶ
1597 3250 1719 3299 τότε

149 3341 307 3410 λήψῃ
355 3339 487 3392 Θεὸν
533 3339 622 3391 τὸν
670 3339 770 3407 τῆς
823 3339 919 3408 σῆς
971 3339 1150 3410 ψυχῆς
1202 3340 1497 3409 κατέχοντα
1534 3340 1716 3402 οἴακα,

147 3437 247 3481 καὶ
289 3428 584 3492 ἀκινδύνως
631 3429 979 3499 κυϐερνῶντὰ
1013 3446 1090 3481 σε·
1122 3430 1358 3492 ἀναστὰς
1397 3432 1460 3480 ἐκ
1503 3430 1716 3498 φιλοκο-

151 3522 324 3590 σμίας
350 3524 442 3574 καὶ
463 3521 791 3592 φιληδονίας,
823 3521 1091 3593 ἀπόρριψε
1122 3521 1427 3592 φροντίδας⁹
1453 3521 1716 3574 ἀπόδυσαι

146 3615 385 3676 ἐννοίας·
435 3614 744 3683 ἀπάρνησαι
797 3614 972 3684 σῶμα·
1008 3614 1158 3667 οὐδὲν
1205 3616 1313 3684 γὰρ
1362 3614 1545 3681 ἕτερόν
1602 3616 1717 3666 ἐστι

147 3705 454 3774 προσευχὴ,
496 3704 546 3756 εἰ
581 3705 655 3772 μὴ
698 3702 900 3772 κόσμου
933 3701 1130 3773 ὁρατοῦ
1167 3703 1258 3754 καὶ
1300 3702 1530 3772 ἀοράτου
1560 3701 1716 3754 ἀλλο-

145 3796 400 3864 τρίωσις.
436 3795 500 3846 Τί
533 3795 640 3864 γάρ
674 3811 764 3860 μοι
793 3795 1025 3864 ὑπάρχει
1065 3795 1122 3844 ἐν
1155 3794 1229 3860 τῷ
1255 3793 1497 3864 ούρανῷς
1529 3792 1713 3846 Οὐδέν.

144 3889 266 3941 Καὶ
294 3887 441 3956 παρὰ
463 3886 554 3938 σοῦ
574 3885 626 3937 τί
655 3886 892 3954 ἠθέλησα
924 3885 1018 3937 ἐπὶ
1045 3886 1143 3954 τῆς
1166 3884 1305 3952 γῆς;
1329 3885 1511 3946 Οὐδὲν,
1543 3884 1656 3935 ἀλλ’
1682 3883 1714 3952 ἢ

144 3976 577 4046 ἀπερισπάστως
617 3975 704 4028 διὰ
743 3975 941 4036 παντὸς
978 3976 1035 4026 ἐν
1073 3977 1345 4044 προσευχῇ
1379 3971 1716 4042 προσκολλᾶ-

148 4067 279 4118 sini
313 4082 410 4117 σοι.
449 4065 571 4116 Τισὶ
605 4065 700 4134 μὲν
732 4061 976 4126 πλοῦτος,
1003 4062 1208 4132 ἑτέροις
1251 4059 1398 4124 δόξα,
1440 4058 1621 4119 ἄλλοις
1659 4059 1716 4110 δὲ

145 4163 348 4227 κτῆσις
378 4157 576 4226 ἐραστη
606 4155 960 4224 καθέστηκενο
1016 4151 1175 4221 Ἐμοὶ
1202 4152 1269 4203 δὲ
1315 4152 1379 4202 τὸ
1409 4154 1716 4218 προσκολ-

143 4251 376 4304 λᾶσθαι
407 4247 484 4312 τῷ
512 4247 632 4311 Θεῴ
659 4247 1021 4315 amemur
1049 4245 1203 4308 ἐστι,
1243 4243 1341 4296 καὶ
1365 4243 1625 4295 τίθεσθαι
1648 4244 1718 4294 ἐν

140 4340 316 4405 αὐτῷ
340 4339 454 4405 τὴν
473 4339 691 4392 ἐλπίδα
720 4336 830 4405 τῆς
853 4338 1139 4402 ἀπαθείας
1159 4354 1299 4405 μου.
1334 4335 1519 4395 Πίστις
1550 4350 1718 4404 προσ-

141 4439 322 4502 ευχὴν
349 4430 644 4498 ἐπτέρωσεο
675 4431 841 4500 χωρὶς
870 4431 977 4499 γὰρ
1015 4428 1217 4498 ταύτης
1252 4428 1332 4490 εἰς
1361 4425 1589 4494 οὐρανὸν
1623 4442 1718 4476 πε-

1823 3244 2092 3298 formatur
2129 3243 2350 3315 [corpus
2381 3245 2623 3298 imitatur
2654 3255 2708 3298 et
2737 3247 2982 3316 sequitur
3022 3245 3218 3318 mens].
3253 3245 3387 3301 Om-

1823 3351 1920 3389 nes
1963 3335 2182 3404 quidem
2227 3335 2344 3389 sine
2388 3337 2731 3404 exceptione,
2787 3337 2880 3392 sed
2921 3338 2995 3390 illi
3045 3338 3384 3406 potissimum

1819 3426 1916 3496 qui
1953 3426 2020 3478 ad
2052 3441 2231 3496 regem
2279 3425 2587 3482 obtinendte
2629 3437 2972 3497 peccatorum
3022 3430 3192 3483 venia.-
3220 3443 3387 3484 causa

1821 3517 2104 3582 accedunt,
2135 3533 2343 3571 summa
2381 3518 2621 3588 indigent
2660 3521 3006 3574 contritione.
3040 3518 3176 3574 Dum
3207 3521 3386 3574 adhuc

1821 3611 1875 3661 itt
1901 3623 2120 3662 carcere
2146 3623 2360 3673 sumus,
2395 3610 2686 3664 audiamus
2719 3625 2843 3664 cum
2875 3612 2968 3678 qui
3013 3611 3152 3664 dixit
3181 3608 3382 3664 Petro:

1823 3699 2116 3769 Accingere
2148 3699 2316 3752 linteo
2361 3699 2680 3754 obedientire
2709 3701 2773 3762 ",
2814 3710 2867 3753 et
2893 3715 3032 3755 exue
3078 3700 3386 3755 voluntates

1822 3801 1962 3855 tuas,
1984 3800 2037 3843 et
2059 3791 2235 3844 nudus
2261 3790 2458 3844 accede
2485 3791 2548 3844 ad
2577 3791 2860 3845 Dominum
2877 3793 2930 3845 in
2947 3793 3192 3846 oratione
3208 3801 3299 3847 tua
3316 3793 3381 3848 ¹⁸.

1823 3881 1880 3934 Si
1939 3881 2081 3934 enim
2135 3881 2308 3950 ipsius
2357 3882 2520 3935 unius
2568 3883 2898 3935 voluntatem
2964 3883 3382 3950 imploraveris,

1822 3968 2086 4037 suscipies
2117 3966 2408 4022 Dominum
2447 3968 2539 4038 qui
2575 3969 3005 4039 gubernaculum
3049 3974 3246 4028 animae
3275 3982 3384 4027 tum

1824 4069 1990 4128 reget,
2015 4070 2069 4113 ct
2099 4070 2148 4112 te
2176 4061 2294 4113 sine
2321 4061 2429 4113 ullo
2459 4062 2699 4128 periculo
2721 4063 2936 4133 diriget.
2963 4064 3064 4119 Ubi
3096 4065 3167 4121 ab
3196 4080 3384 4120 amore

1822 4149 2028 4213 saeculi,
2062 4158 2115 4202 et
2155 4152 2492 4218 voluptatum
2533 4149 2820 4206 desideriis
2862 4153 3257 4218 exsurrexeris,
3291 4167 3383 4206 rc-

1821 4241 1927 4310 jice
1943 4257 2136 4294 omnes
2164 4257 2346 4304 curas,
2365 4257 2504 4297 exue
2532 4241 2914 4312 cogitationes,
2943 4245 3134 4298 abdiea
3161 4260 3382 4314 corpus,

1824 4333 1958 4396 nihil
1993 4335 2140 4388 enim
2189 4334 2332 4387 aliud
2383 4341 2470 4388 est
2509 4337 2705 4397 oratio,
2757 4319 2920 4404 quam
2975 4338 3155 4391 omnis
3195 4337 3381 4391 mundi

1820 4434 1928 4478 tam
1957 4425 2048 4494 qui
2076 4427 2179 4479 sub
2200 4425 2386 4480 oculos
2409 4425 2576 4490 cadit,
2610 4440 2774 4495 quam
2804 4427 2897 4496 qui
2924 4435 3201 4496 aspectum
3225 4427 3379 4497 fugit,

140 4525 418 4591 τασθῆναι
441 4523 501 4574 ού
529 4522 769 4574 δύναται.
793 4524 1115 4591 Αίτήσωμεν
1146 4522 1196 4572 οἱ
1224 4519 1488 4588 ἐμπαθεῖς
1521 4518 1718 4582 ἐπιμό-
1750 4537 1795 4596 D

1715 4517 2068 4596 »Dcorporei
2123 4533 2285 4587 quam
2331 4518 2635 4586 incorporei
2681 4517 3000 4571 abdicatio:
3057 4517 3198 4582 Quid
3245 4521 3382 4572 enini

138 4634 254 4678 νως
299 4616 391 4666 τὴν
429 4615 645 4684 Κύριονε
695 4614 892 4674 πάντες
923 4613 1031 4682 γὰρ
1058 4613 1108 4664 οἱ
1137 4612 1400 4681 ἐμπαθεῖς
1445 4611 1504 4674 ἐξ
1544 4613 1722 4680 ἐμπα-

140 4708 304 4769 θείας
334 4706 414 4768 εἱς
429 4705 694 4758 ἀπάθειαν
718 4704 1040 4774 προέκοψαν.
1073 4705 1136 4758 Εἰ
1154 4704 1246 4755 καὶ
1265 4703 1339 4774 μὴ
1359 4703 1448 4754 τὸν
1477 4703 1609 4754 Θεὸν
1634 4719 1723 4769 φο-

139 4803 331 4853 ϐεῖται
380 4801 410 4849 ὁ
457 4799 644 4867 κριτὴς
683 4799 780 4867 (7),
821 4797 954 4850 ἀλλά
1000 4813 1063 4864 γε
1104 4797 1194 4850 διὰ
1232 4796 1291 4848 τὸ
1331 4797 1532 4857 κόπους
1569 4794 1718 4862 αὑτῷ

139 4893 419 4961 παρέχειν
450 4889 516 4940 δι’
545 4890 839 4958 ἁμαρτίας,
867 4889 960 4942 καὶ
1000 4887 1336 4955 πταίσματος
1367 4885 1714 4954 χηρεύσασαν

137 4984 202 5048 ἐξ
226 4981 402 5036 αὑτοῦ
425 4981 619 5050 ψυχὴν,
648 4981 862 5048 ποιήσει
889 4980 988 5049 τὴν
1020 4979 1298 5048 ἐκδίκησιν
1331 4978 1496 5044 αὑτῆς
1527 4977 1590 5027 ἐκ
1620 4975 1713 5028 τοῦ

136 5073 427 5125 ἀντιδίκου
459 5072 626 5139 αὑτῆς
658 5070 928 5140 σώματος,
968 5070 1062 5123 καὶ
1096 5069 1203 5121 τῶν
1245 5067 1516 5136 πολεμίων
1549 5067 1713 5118 αὑτοῦ

135 5163 502 5232 πνευμάτων.
539 5161 676 5223 Τοὺς
723 5162 819 5226 μὲν
865 5161 1209 5230 εϋγνώμονας
1258 5161 1286 5210 ὁ
1327 5158 1529 5227 ἀγαθὸς
1555 5159 1713 5228 ἡμῶν

137 5252 581 5323 πραγματευτὴς
641 5253 728 5304 διὰ
773 5253 870 5322 τῆς
929 5252 1193 5320 συντόμου
1255 5251 1350 5304 τοῦ
1412 5251 1710 5318 αὶτήματος

135 5344 422 5415 παροχῆς,
448 5343 582 5412 πρὸς
611 5341 706 5410 τὴν
740 5341 932 5396 ἑαυτοῦ
954 5341 1168 5410 ἀγάπην
1197 5341 1502 5408 ἐφέλκεταιο
1531 5339 1629 5400 τάς
1659 5339 1715 5392 δέ

136 5439 472 5503 ἀγνώμονας
507 5435 613 5486 τῶν
643 5433 817 5485 κυνῶν
843 5433 1017 5502 ψυχὰς
1048 5433 1134 5485 διὰ
1161 5434 1257 5499 τῆς
1301 5435 1486 5500 πείνης
1512 5431 1586 5499 (8)
1619 5433 1713 5483 καὶ

215 5575 265 5605 ι’
300 5569 406 5623 Job
441 5587 672 5631 xxxvttt,
705 5571 790 5624 ll.
891 5570 931 5601 “
971 5570 987 5619 Ι
1023 5570 1147 5624 Cor.
1183 5583 1292 5629 xlv,
1322 5569 1407 5622 lt).

139 5647 188 5676 "
225 5644 376 5695 Psal.
408 5656 580 5704 um,
631 5641 724 5694 ετ.

215 5763 300 5829 (a)
333 5759 495 5812 Miror
540 5773 568 5811 a
615 5758 1010 5829 Camaldulcnsi
1041 5758 1296 5829 ὸυπαρῷς
1342 5757 1473 5813 verti
1525 5759 1710 5823 sobrie,

137 5849 273 5888 cum
316 5831 580 5898 signiﬁcet
618 5828 844 5882 sordide.

1513 5567 1552 5597 ³⁷
1595 5565 1749 5620 .loan.
1798 5580 1910 5625 ut,
1973 5565 2061 5619 18.

1825 4607 1956 4658 mihi
1979 4616 2054 4658 est
2082 4607 2134 4659 in
2161 4607 2287 4660 cazlo
2313 4609 2338 4660 ?
2367 4606 2527 4668 nihil,
2554 4617 2602 4660 et
2625 4607 2754 4676 quid
2780 4623 2813 4660 a
2840 4617 2887 4660 te
2931 4607 3073 4660 uolui
3097 4624 3251 4676 super
3273 4618 3381 4660 ter-

1822 4717 1936 4752 ram
1968 4700 2053 4751 l’?
2083 4699 2249 4763 nihil;
2278 4698 2382 4752 nisi
2427 4707 2486 4751 ut
2521 4714 2734 4767 semper
2763 4705 2818 4752 et
2846 4713 2877 4752 a
2907 4709 2956 4752 te
2991 4715 3269 4769 nunquam
3297 4701 3380 4754 di—

1819 4791 2004 4844 vulsus
2040 4806 2134 4860 per
2177 4791 2475 4844 orationem
2502 4788 2596 4843 tibi
2626 4790 2950 4854 adltmreatn,
2981 4799 3037 4844 et
3065 4789 3384 4860 agglutiner.

1820 4883 2154 4950 Quibusdam
2184 4899 2334 4954 opes,
2368 4885 2488 4938 aliis
2513 4883 2705 4952 gloria,
2742 4882 2905 4955 435
2930 4884 3051 4938 aliis
3081 4885 3382 4952 possessio-

1823 4990 1918 5029 nes
1940 4983 2267 5043 expetuntur
2292 4992 2305 5027 :
2336 4971 2466 5028 Mihi
2500 4983 2676 5027 autem
2704 4975 2968 5028 adhwrere
3005 4974 3107 5026 Deo
3140 4983 3383 5040 expeten-

1820 5067 1944 5119 dum
1966 5075 2062 5129 est,
2095 5079 2143 5119 et.
2170 5083 2356 5133 ponere
2383 5081 2523 5133 spem
2540 5067 2946 5135 tranquillitatis
2968 5066 3160 5118 anima:
3179 5081 3303 5119 mea’
3327 5068 3380 5118 in

1821 5173 1878 5209 eo
1909 5156 1972 5209 ὀ.
2011 5154 2168 5211 Fides
2198 5155 2427 5210 orationi
2452 5155 2565 5209 alas
2586 5155 2755 5217 addit,
2775 5157 2893 5210 sine
2915 5157 3018 5210 lide
3049 5155 3193 5208 enim
3228 5171 3386 5209 nemo

1826 5251 1877 5300 in
1932 5248 2132 5301 coelum
2170 5246 2383 5300 evolare
2421 5256 2617 5314 potest.
2650 5247 2969 5314 Quicunque
3009 5247 3189 5301 adhuc
3223 5249 3384 5300 vitio-

1829 5353 1945 5392 rum
1970 5335 2466 5407 pet'turbationibus
2493 5348 2546 5392 et
2588 5338 2870 5392 alleetibus
2908 5338 3244 5399 laboramus,
3279 5335 3384 5388 Do-

1824 5429 2027 5480 minum
2065 5429 2221 5480 unice
2264 5427 2638 5495 deprecemur;
2671 5441 2858 5480 omnes
2883 5428 3027 5479 enim
3058 5441 3124 5481 ex
3163 5433 3382 5496 perun-.-

2169 5565 2211 5595 ¹⁸
2239 5563 2398 5619 Joan.
2451 5581 2571 5626 λιιι,
2627 5567 2678 5618 4.
2783 5565 2826 5595 ι’
2867 5563 3010 5618 Psal.
3057 5578 3226 5625 unt.
3289 5561 3379 5614 94.

1891 5758 1962 5824 (b)
2005 5756 2308 5816 Ἀφανίζειν
2340 5766 2419 5809 est
2468 5755 2759 5822 disparere,
2813 5767 2934 5805 ('llllt
2968 5749 3172 5824 aliquid
3227 5749 3376 5824 subi-

1821 5835 1873 5880 to
1901 5822 2188 5880 evanidum
2229 5831 2284 5880 tit
2337 5837 2388 5879 et
2441 5826 2694 5893 disparet,
2741 5837 2799 5877 ac
2831 5825 3030 5876 tollitur
3087 5823 3154 5873 ab
3183 5822 3372 5874 oculis.
