4222 6448
785 467 808 528 1
823 465 921 528 13-5

2013 469 2071 522 S.
2139 464 2457 524 JOANNKS
2489 464 2793 524 CLIMAtZl

3891 466 4009 530 1136

775 579 1060 634 bationum
1090 576 1280 646 pelago
1319 575 1385 630 ad
1416 586 1630 646 portum
1675 579 1894 632 demum
1945 579 2354 647 tranquillitatis
2383 593 2428 648 Α

2344 596 2354 634 ι
2383 593 2428 648 Α
2456 579 2556 647 τῆς
2579 579 2672 630 τοῦ
2703 578 2996 646 αἰτήματος
3025 576 3180 647 δίψης
3207 577 3340 648 πρὸς
3362 578 3526 632 αὐτὸν
3549 579 4011 649 παρακαθέζεσθαι

774 669 1106 738 aspirarunt.
1149 667 1260 723 Etsi
1309 684 1414 723 non
1466 672 1618 724 timet
1652 669 1823 724 Deum
1851 672 2018 742 judcx
2061 682 2120 726 ut
2151 671 2347 737 Deum,

771 761 946 816 nihilo
974 761 1157 816 minus
1183 768 1402 831 propter
1430 763 1755 824 molestiam.
1794 781 1956 835 quam
1987 765 2061 819 illi
2089 780 2184 836 per
2222 780 2345 834 pre-

771 867 865 907 ces
899 852 1138 912 exhibet,
1172 868 1269 922 per
1313 863 1590 922 peccatum
1629 854 1772 910 illius
1816 859 1989 926 gratia
2032 859 2247 912 viduata
2295 866 2350 912 et

772 947 1032 1001 destituta
1070 947 1254 1003 anima
1284 947 1544 1004 ultionem
1570 947 1735 1002 faciet
1763 950 1882 1018 ejus
1915 966 1982 1003 ex
2036 950 2350 1005 adversario

774 1039 922 1096 illius
964 1054 1215 1110 corpore,
1265 1050 1431 1110 atque
1478 1042 1728 1098 hostibus
1769 1042 1886 1109 ejus
1921 1041 2202 1112 spiritibus
2246 1042 2352 1096 im-

773 1133 1018 1186 mundis.
1044 1130 1226 1186 Bonos
1261 1132 1481 1201 quidem
1513 1141 1570 1187 et
1603 1133 1854 1188 beneticii
1887 1149 2156 1188 memores
2186 1149 2351 1204 nego-

773 1221 941 1274 tiator
976 1227 1162 1274 noster
1207 1221 1426 1276 illorum
1458 1238 1651 1292 preces
1681 1223 1864 1278 statim
1906 1225 2252 1280 exandiendo
2281 1227 2347 1280 ad

772 1309 860 1364 sui
880 1323 1124 1364 antorem
1155 1311 1458 1380 pertraliit;
1492 1312 1770 1382 improbas
1803 1322 1984 1368 autem
2015 1323 2070 1368 et
2107 1314 2348 1386 ingratas

771 1414 969 1453 canum
1011 1399 1224 1456 animas
1267 1415 1363 1470 per
1395 1400 1590 1456 famem
1624 1412 1679 1457 et
1708 1403 1857 1457 sitim
1892 1403 2168 1472 petitionis
2208 1406 2349 1461 assi-

769 1488 902 1542 dere
931 1491 1034 1545 sibi
1084 1491 1292 1547 diutius
1334 1507 1431 1563 per
1458 1508 1651 1563 preces
1693 1505 1871 1549 curat.
1916 1495 2162 1564 Ingratus
2202 1499 2348 1552 enim

773 1581 928 1634 canis
955 1590 1178 1650 accepto
1212 1597 1353 1653 pane
1381 1585 1567 1639 statim
1607 1585 1675 1639 ab
1705 1585 1962 1657 largitore
1985 1602 2086 1641 suo
2117 1588 2341 1644 recedit.

772 1669 853 1726 Ne
897 1673 1125 1739 dixeris,
1168 1684 1221 1730 te
1267 1691 1331 1730 ex
1383 1676 1663 1732 diuturnis
1699 1679 1951 1747 precibus
1998 1679 2135 1734 nihil
2166 1680 2348 1749 profe-

773 1761 936 1825 cisse,
970 1763 1104 1817 satis
1129 1764 1278 1818 enim
1315 1755 1427 1833 jam
1463 1765 1761 1834 profecisti.
1789 1764 1942 1832 Quod
1980 1766 2126 1821 enim
2167 1767 2342 1824 subli-

773 1851 918 1906 mius
959 1861 1014 1908 et
1056 1855 1408 1923 praestantius
1454 1855 1659 1910 bonum
1697 1863 1802 1921 est,
1853 1871 2018 1926 quam
2063 1872 2186 1912 cum
2236 1857 2348 1911 Deo

2458 668 2547 721 ὃιά
2578 667 2885 736 προσευχῆς
2913 669 3337 735 παρασκευάζει.
3375 669 3432 722 ’0
3455 669 3562 740 γάρ
3592 671 3862 740 ἀγνώμων
3883 670 4015 724 κύων

2457 761 2825 829 κομισάμενος
2865 757 3027 828 ἄρτον
3056 758 3256 822 εὐθέως
3281 762 3554 831 ἀναχωρεῖ
3592 759 3688 814 τοῦ
3715 762 4016 827 δεδωκότος.

2456 851 2547 916 Μὴ
2590 849 2717 920 λέγε
2756 848 3018 920 χρονίζων
3048 851 3106 902 ἐν
3133 853 3199 920 τῇ
3231 851 3414 922 δεήσει
3458 853 3624 922 μηδὲν
3666 855 4017 925 κατωρθωκέ-

2455 960 2540 996 ναι
2565 943 2665 1011 (9)·
2695 941 2793 1013 1ἤδη
2824 942 2930 1013 γὰρ
2955 943 3049 995 καὶ
3071 942 3461 1012 κατώρθωκας.
3490 945 3556 998 Τί
3584 943 3692 1015 γὰρ
3716 945 3810 997 καὶ
3835 945 4020 1015 ὑψηλό-

2455 1051 2610 1104 τερον
2646 1034 2846 1102 ἀγαθδν
2886 1033 2980 1087 τοῦ
3008 1034 3088 1104 τῷ
3124 1035 3314 1106 Κυρίῳ
3343 1037 3817 1106 πρωσκολλᾶσθαι,
3852 1040 3942 1092 καὶ
3969 1041 4020 1091 ἐν

2454 1129 2522 1197 τῇ
2555 1125 2690 1194 πρὸς
2729 1126 2891 1180 αὑτὸν
2930 1124 3121 1178 ὲνώσει
3166 1125 3526 1191 ἀδιαλείπτως
3575 1134 4017 1200 προσκαρτερεῖν.

2454 1217 2566 1286 Οὐχ
2597 1213 2770 1279 οὕτως
2807 1215 3135 1286 κατάκριτος
3163 1215 3368 1269 δέδοικε
3395 1215 3499 1287 τῆς
3531 1217 3726 1270 ἑαυτοῦ
3761 1220 4020 1288 τιμωρίας

2450 1306 2551 1376 τὴν
2591 1307 2863 1374 ἀπόφασιν
2896 1307 3031 1377 (10),
3061 1306 3138 1369 ὡς
3175 1309 3204 1360 ὁ
3241 1307 3553 1378 προσευχῆς
3600 1307 4019 1378 ἐπιμελούμενος

2451 1399 2552 1469 τὴν
2571 1399 2774 1468 ταύτης
2799 1401 3162 1470 παράστασιν.
3195 1400 3359 1453 Ὅθεν
3381 1401 3430 1453 εἰ
3457 1399 3617 1469 σοφός
3639 1418 3724 1463 τις
3752 1403 3848 1453 καὶ
3875 1401 4020 1470 ἀγχί-

2451 1508 2579 1554 νους
2611 1491 2847 1561 ὑπάρχει
2876 1493 2939 1544 ἐκ
2971 1492 3070 1561 τῆς
3101 1491 3316 1561 ἐκείνης
3351 1492 3591 1562 μνήμης,
3633 1493 3814 1544 πᾶσαν
3862 1492 4023 1544 λοιδοο

2457 1583 2599 1654 ρίαν,
2636 1585 2730 1637 κα).
2769 1581 2959 1654 ὀργὴν,
2991 1583 3087 1636 καὶ
3131 1583 3424 1654 μέριμναν,
3467 1583 3564 1637 καὶ
3600 1583 3879 1654 ἀσχολίαν,
3937 1585 4026 1637 καὶ

2452 1675 2654 1746 θλίψιν,
2703 1676 2798 1731 καὶ
2848 1676 3032 1748 κόρον,
3083 1678 3178 1730 καὶ
3240 1677 3568 1747 πειρασμὸν,
3629 1678 3722 1729 καὶ
3772 1675 4025 1744 λογισμὸν

2453 1768 2888 1840 ὑποστρέφεσθαι
2908 1769 3148 1824 δύναται.
3177 1769 3708 1840 Προπαρασκευάζου
3731 1767 3821 1821 διὰ
3841 1770 4023 1822 ἑννάου

2452 1864 2511 1916 ἐν
2556 1861 2704 1934 ψυχῇ
2754 1862 3063 1933 προσευχῆς
3105 1863 3243 1931 πρὸς
3290 1862 3389 1932 τὴν
3418 1862 3762 1934 παράστασιν
3802 1859 3904 1930 τῆς
3933 1859 4026 1930 σῆς

771 1944 1054 2016 conjungi,
1084 1956 1139 2001 et
1175 1946 1228 2000 in
1264 1946 1412 2002 illius
1442 1948 1834 2018 conjunctione
1867 1959 2129 2019 perpetuo
2157 1965 2348 2020 perse—
2377 1951 2422 2006 Β

1794 1965 1834 2005 ιθ
1867 1959 2129 2019 perpetuo
2157 1965 2348 2020 perse—
2377 1951 2422 2006 Β
2451 1953 2680 2017 ἱκεσίας,
2713 1954 2808 2006 καὶ
2838 1954 3117 2024 συντόμως
3146 1952 3461 2024 προκόψεις.

771 2041 1005 2095 vorare?
1037 2040 1156 2096 Non
1191 2041 1267 2097 ita
1319 2058 1446 2099 reus
1501 2057 1566 2099 ac
1623 2043 1914 2100 damnatus
1982 2043 2237 2099 formidat
2273 2047 2599 2102 sententiam
2643 2047 2917 2117 supplicii,
2972 2048 3112 2103 sicut
3151 2049 3246 2117 qui
3295 2065 3482 2105 curam
3530 2052 3798 2107 orationis
3851 2048 4027 2108 habet,

770 2131 1006 2202 trepidat
1031 2132 1162 2188 dum
1193 2134 1246 2188 in
1277 2135 1527 2190 oratione
1559 2145 1832 2193 versatur.
1872 2138 2032 2194 Unde
2054 2137 2149 2206 qui
2186 2137 2346 2208 sapit,
2385 2147 2441 2193 et
2502 2140 2712 2195 acutior
2766 2149 2871 2204 est,
2910 2155 2978 2195 ex
3013 2141 3280 2196 orationis
3307 2142 3570 2197 memoria
3596 2159 3814 2198 omnem
3844 2149 4029 2196 contu-

771 2223 1012 2288 meliam,
1050 2223 1217 2297 436
1255 2225 1424 2289 iram,
1468 2240 1652 2290 curas,
1690 2227 1936 2297 negotia,
2002 2226 2374 2292 afﬂictionem,
2415 2229 2524 2284 cibi
2563 2231 2890 2296 satietatem,
2961 2231 3343 2297 tentationem,
3397 2242 3454 2288 et
3503 2235 3866 2304 cogitationes
3918 2233 4027 2286 elu-

769 2317 900 2372 dere
944 2326 996 2372 et
1039 2318 1425 2389 subterfugere
1455 2327 1653 2388 potest.
1703 2318 1951 2388 Praeparat
2005 2329 2058 2373 te
2096 2334 2192 2388 per
2254 2334 2532 2389 nunquam
2601 2323 2969 2380 intermissam
3007 2325 3201 2379 mentis
3256 2326 3582 2392 orationem,
3617 2337 3678 2382 ut
3732 2325 3846 2380 Deo
3901 2321 4030 2381 assi-

769 2419 882 2466 stas
905 2411 958 2466 in
1000 2412 1255 2480 precibus
1293 2413 1422 2478 tuis,
1454 2421 1508 2468 et
1537 2412 1721 2467 statim
1753 2428 2096 2483 pmgressnm
2127 2411 2316 2468 facies.

844 2573 970 2630 Vidi
1014 2587 1118 2643 ego
1145 2583 1498 2628 coruseantcs
1529 2573 1728 2628 virtute
1770 2572 2111 2637 obedientiae,
2141 2580 2197 2628 et
2226 2587 2340 2627 me-

770 2669 1003 2724 moriam
1063 2665 1156 2720 Dei
1207 2675 1476 2734 quantum
1530 2664 1646 2719 fieri
1703 2665 1898 2733 potuit,
1947 2679 2228 2734 nunquam
2278 2679 2345 2716 ex

770 2761 956 2816 animo
988 2758 1343 2828 deponentes,
1393 2755 1488 2825 qui
1536 2756 1784 2810 certatim
1833 2756 1899 2810 ad
1941 2770 2127 2826 preces
2181 2753 2347 2809 simul

773 2850 1180 2911 incumbebant,
1216 2858 1271 2902 et
1299 2847 1629 2901 brevissimo
1677 2856 1923 2917 tempore
1955 2861 2147 2902 omnes
2194 2860 2347 2900 men-

775 2944 846 2997 tis
892 2939 1281 2995 distractiones
1325 2945 1677 3006 superarunt,
1729 2946 1784 2990 ct
1815 2946 1958 2991 totos
1989 2937 2143 3005 quasi
2172 2935 2349 2991 fontes

772 3035 1136 3103 lacrymarum
1182 3027 1562 3099 profuderunt.
1607 3027 1788 3083 Parati
1828 3028 1973 3083 enim
2021 3028 2092 3082 ad
2139 3029 2346 3083 oratio-

772 3139 897 3178 nem
926 3138 1017 3193 per
1043 3130 1286 3177 sanctam
1307 3121 1674 3176 obedientiam
1704 3119 1948 3174 fuerunt.
1981 3117 2348 3174 Psalmodiam

772 3215 994 3286 quidem
1030 3227 1152 3283 qua:
1178 3212 1232 3266 in
1265 3211 1563 3266 multorum
1587 3219 1728 3265 coetu
1763 3209 1878 3264 fieri
1914 3209 2073 3273 solet,
2106 3223 2346 3279 sequun-

777 3319 868 3362 tur
901 3306 1098 3361 animae
1121 3302 1468 3373 captivitates
1511 3311 1566 3358 et
1608 3303 2002 3372 cogitationum
2031 3301 2318 3356 distractio

776 3418 894 3466 nes,
920 3401 1186 3470 privatam
1208 3412 1338 3452 vero
1363 3406 1417 3451 et
1445 3396 1748 3452 solitariam
1777 3411 1884 3451 non
1913 3395 2064 3461 item,
2085 3395 2178 3450 sed
2207 3396 2348 3449 hanc

775 3490 964 3547 acedia
987 3499 1284 3558 oppugnat,
1317 3487 1464 3541 illam
1498 3486 1754 3541 alacritas
1782 3485 1952 3540 animi
1982 3485 2157 3554 juvat.
2187 3486 2346 3539 Amo-

778 3599 892 3639 rem
925 3579 1116 3636 militis
1143 3593 1272 3648 erga
1301 3594 1479 3649 regem
1517 3594 1680 3633 suum
1705 3577 1950 3632 ostendit
1981 3577 2213 3636 bellum:
2234 3592 2350 3630 mo-

776 3675 939 3730 nachi
959 3688 1088 3729 vero
1116 3671 1439 3728 charitatem
1468 3687 1595 3740 erga
1620 3670 1790 3724 Deum
1818 3669 2083 3725 orationis
2112 3679 2350 3739 tempus,

778 3769 909 3822 dum
941 3774 1087 3821 astat
1119 3763 1254 3829 Deo,
1286 3763 1513 3833 probat;
1553 3773 1754 3818 statum
1789 3771 1944 3816 tuum
1980 3761 2221 3818 ostendit
2252 3760 2349 3814 tibi

779 3858 957 3914 oratio
987 3869 1098 3912 tua.
1138 3855 1454 3911 Orationem
1486 3856 1631 3909 enim
1673 3853 1910 3923 theologi
1954 3853 2031 3907 illi
2074 3853 2349 3923 speculum

779 3951 1033 4008 monachi
1079 3964 1200 4004 esse
1244 3947 1606 4002 allirmarunt.
1659 3945 1764 4012 Qui
1807 3945 2172 4015 quodcunque
2214 3960 2351 4015 opus

781 4061 911 4100 casu
951 4043 1194 4105 inchoat,
1231 4050 1287 4094 et
1313 4039 1417 4094 sub
1460 4039 1652 4092 horam
1704 4037 1971 4092 orationis
2008 4045 2348 4108 appetentem

782 4137 837 4191 in
864 4149 1026 4204 opere
1055 4130 1252 4202 pergit,
1291 4146 1320 4183 a
1362 4129 1704 4184 daemonibus
1744 4127 2012 4182 illuditnr.
2057 4125 2173 4181 Hoc
2203 4127 2348 4181 enim

783 4227 1002 4282 student
1026 4223 1102 4278 illi
1134 4222 1282 4278 fures
1313 4230 1371 4274 ιιι
1396 4220 1583 4273 horam
1613 4235 1678 4273 cx
1704 4218 1836 4272 liora
1867 4217 2026 4271 nobis
2048 4216 2354 4272 subducant

781 4327 836 4376 et
864 4319 1110 4390 perdant.
1147 4313 1268 4368 Noli
1301 4321 1517 4382 rogatus
1555 4325 1809 4365 recusare
1843 4325 1942 4379 pro
1982 4309 2204 4365 alterius
2233 4309 2350 4364 ani-

783 4425 874 4465 ma
903 4407 1138 4480 precari,
1182 4404 1436 4475 quamvis
1467 4402 1700 4473 gratiam
1747 4400 1945 4455 orandi
1981 4415 2089 4454 non
2126 4400 2347 4456 habeas.

786 4499 941 4571 Saepe
969 4497 1114 4554 enim
1145 4496 1277 4551 fides
1308 4493 1543 4563 petentis
1565 4493 1728 4546 etiam
1748 4501 2060 4562 precantem
2089 4507 2212 4545 cum
2233 4492 2352 4546 ani-

785 4592 858 4646 mi
891 4588 1219 4645 contritione
1259 4585 1516 4640 servavit.
1567 4581 1710 4636 Nihil
1763 4593 1845 4638 est
1875 4583 2020 4652 quod
2052 4597 2150 4650 pro
2181 4583 2354 4637 altero

783 4691 1070 4754 precatus,
1119 4687 1174 4733 et
1214 4676 1504 4731 exauditus
1550 4673 1832 4728 extollaris
1873 4691 1887 4727 :
1932 4672 2094 4744 437
2131 4673 2347 4729 illorum

781 4774 927 4830 enim
959 4771 1092 4824 ﬁdes
1118 4769 1171 4823 id
1204 4766 1331 4822 fecit.
1361 4777 1415 4821 et
1461 4764 1658 4820 effecit.
1690 4765 1846 4818 Pueri
1882 4765 2124 4833 quotidie
2146 4765 2215 4819 ab
2243 4764 2352 4818 ludi

784 4864 1127 4918 moderatore
1174 4867 1445 4926 coguntur
1490 4855 1906 4910 accuratissime
1949 4854 2194 4920 reddere,
2232 4871 2355 4926 quae

783 4957 851 5010 ab
879 4955 971 5008 illo
1016 4952 1344 5014 didicerunt,
1395 4958 1448 5002 et
1478 4964 1508 5002 a
1543 4954 1724 5002 mente
1761 4958 1968 5011 nostra,
1997 4962 2158 5016 quam
2186 4963 2216 5001 a
2246 4949 2354 5001 Deo

2531 2571 2784 2641 Ἑώρακα
2815 2571 2874 2623 ὲν
2902 2570 3114 2641 ὑπακοῇ
3145 2569 3634 2642 ὲξαστράπτοντας,
3657 2572 3873 2644 καὶτῆς
3894 2577 4034 2629 κατά

2452 2663 2575 2717 νοῦν
2629 2665 2728 2733 ὅση
2783 2662 3012 2732 δύναμις
3100 2663 3322 2734 μνήμης
3375 2663 3510 2717 Θεοῦ
3562 2665 3638 2736 μὴ
3694 2665 4029 2737 ἀμελοῦντας

2454 2756 2652 2828 ἀθρόον
2684 2757 2775 2808 ἐπὶ
2804 2755 3111 2827 προσευχὴν
3133 2755 3600 2826 παρασταθέντας,
3633 2759 3727 2811 καὶ
3755 2760 4034 2830 συντόμως

2453 2847 2548 2901 τοῦ
2591 2847 2800 2901 ἑαυτῶν
2841 2846 2962 2910 νοὸς
2992 2847 3449 2918 περιγενομένους
3482 2848 3575 2901 καὶ
3603 2851 3904 2919 κροονηδὸν
3944 2851 4034 2905 δά-

2456 2958 2603 3012 κρυα
2633 2942 3054 3011 προχεομένους.
3102 2940 3725 3011 Προπαρεσκευασμένοι
3769 2945 3882 3012 γάρ
3930 2943 4034 2995 ὑπὸ

2454 3033 2555 3103 τῆς
2588 3031 2742 3094 ὁσίας
2772 3031 3017 3102 ὑπακοῆς
3037 3030 3353 3102 ἐτύγχανονο
3391 3032 3459 3101 τῇ
3493 3031 3593 3100 μὲν
3624 3032 3760 3102 μετά
3791 3033 4034 3103 πλήθους

2454 3125 2764 3194 ψαλμῳδίᾳ,
2798 3122 3168 3193 αίχμαλωσίαι
3198 3123 3296 3177 κα)⁵
3328 3122 3638 3194 ρεμὸασμοὶ
3664 3124 4032 3193 παρέπονται·

2449 3218 2517 3285 τῇ
2550 3215 2607 3268 δὲ
2639 3213 2916 3288 ίδιαζούσῃ
2942 3214 3040 3284 οὐχ
3079 3212 3273 3278 οὕτως’
3304 3214 3440 3268 ἀλλά
3467 3217 3534 3286 τῇ
3568 3215 3666 3284 μὲν
3692 3215 3898 3287 ἀκηδίᾳ
3934 3233 4035 3270 πο-

2452 3308 2607 3376 λεμεῖ
2634 3307 2772 3374 (11),
2809 3310 2876 3378 τῇ
2913 3307 2968 3359 δὲ
3001 3307 3279 3377 προθυμίᾳ
3324 3310 3577 3378 συνεργεῖ
3605 3308 3739 3378 (12).
3786 3309 4036 3382 Ἀγάπην

2457 3400 2555 3470 μὲν
2591 3398 3022 3470 στρατευομένου
3061 3397 3197 3468 πρὸς
3233 3397 3454 3467 βασιλέα
3493 3398 3730 3466 ἀνέδειξε
3771 3400 4032 3471 πόλεμοςο

2454 3491 2674 3560 ἀγάπην
2702 3489 2760 3542 δὲ
2791 3487 3025 3558 μοναχοῦ
3049 3487 3184 3557 πρὸς
3207 3487 3340 3540 Θεὸν
3363 3486 3556 3557 ἤλεγξε
3587 3490 3896 3560 προσευχῆς
3919 3508 4036 3544 και-

2455 3582 2544 3651 ρὸς
2575 3581 2669 3633 καὶ
2696 3581 3059 3650 παράστασιςο
3102 3579 3203 3648 τὴν
3243 3578 3469 3631 σεαυτοῦ
3500 3580 3859 3644 κατάστασιν,
3897 3584 3934 3652 ὴ
3969 3583 4036 3654 σὴ

2452 3671 2729 3742 προσευχὴ
2759 3671 3049 3741 ὲμφανίσει
3079 3687 3184 3724 σοι·
3241 3670 3506 3741 ἔσοπτρον
3547 3671 3656 3742 γὰρ
3711 3672 3892 3744 αὐτὴν
3938 3674 4036 3727 τοῦ

2455 3764 2688 3834 μοναχοῦ
2717 3766 2766 3818 οἱ
2797 3763 3036 3830 θεολόγοι
3060 3764 3254 3816 ἐκεῖνοι
3284 3761 3664 3816 ὲκδεδώκασιν·
3691 3763 3721 3815 ὁ
3741 3763 3836 3816 τὸν
3870 3765 4038 3836 τυχὸν

2455 3855 2849 3926 μετερχόμενος
2871 3855 3031 3926 ἔργον
3059 3856 3153 3908 καὶ
3175 3853 3483 3924 προσευχῆς
3509 3853 3659 3923 ὧρας
3679 3855 4041 3927 καταλαμϐα-

2452 3948 2682 4016 νομένης
2721 3948 2780 3999 ἐν
2823 3945 2974 4016 αὖτῴ
3009 3944 3566 4016 προσασχολούμενος,
3607 3945 3714 3996 ὑπὸ
3755 3945 4041 4016 δαιμόνων

2452 4036 2801 4106 ἐμπαίξεται.
2835 4037 3038 4100 Σκοπὸς
3067 4036 3175 4105 γάρ
3197 4039 3308 4098 τοῖς
3337 4036 3599 4099 κλέπταις
3618 4035 3768 4106 ὥραν
3795 4038 3867 4091 δι’
3887 4039 4044 4111 ὥρας

2452 4127 2511 4192 ἐξ
2545 4127 2701 4196 ἡμῶν
2729 4127 3094 4196 ἀποσυλῆσαι.
3128 4127 3220 4196 Μὴ
3260 4127 3712 4196 παραιτούμενος,
3759 4129 3859 4181 καὶ
3897 4130 4042 4200 ὑπὲρ

2452 4219 2627 4289 ψυχῆς
2657 4218 3078 4290 προσεύχεσθαι,
3106 4219 3210 4272 κᾶν
3235 4218 3542 4289 προσευχὴν
3574 4218 3649 4290 μὴ
3684 4219 3985 4292 κέκτησαι·
4007 4226 4042 4291 ή

2453 4310 2560 4377 γάρ
2596 4309 2775 4372 πίστις
2797 4309 3054 4374 πολλάκις
3075 4308 3167 4363 τοῦ
3195 4308 3470 4373 αἰτοῦντος
3489 4311 3582 4363 καὶ
3614 4312 3706 4364 τὸν
3734 4313 4046 4384 εὐχόμενον

2457 4400 2596 4470 μετά
2631 4400 2969 4471 συντριμμοῦ
3000 4400 3195 4456 ἔσωσε.
3231 4401 3323 4472 Μὴ
3377 4399 3602 4470 ὲπαίρου
3659 4402 3803 4470 ὑπὲρ
3857 4405 4047 4458 ἄλλων

2453 4494 2705 4563 δεόμενος
2737 4493 2832 4545 καὶ
2861 4494 3297 4562 εἰσακουόμενος·
3330 4497 3362 4566 ή
3409 4496 3520 4566 γὰρ
3572 4497 3799 4549 ἐκείνων
3851 4499 4049 4562 πίστις

2455 4586 2724 4654 ἐνήργησε
2751 4585 2846 4636 καὶ
2867 4585 3075 4654 τσχυσε.
3103 4587 3242 4649 Παῖς
3274 4587 3373 4656 μὲν
3396 4589 3504 4651 πᾶς
3530 4590 3728 4651 πᾶσαν,
3759 4590 3951 4663 ἥνπερ
3981 4593 4048 4645 ἑκ

2453 4675 2546 4728 τοῦ
2604 4674 2953 4744 παιδοτρίὸου
3019 4677 3305 4748 μεμάθηκε
3373 4678 3583 4746 σοφίαν,
3635 4680 3759 4733 καθ’
3816 4683 4050 4753 ἡμέραν

2454 4766 2872 4835 ἀπαραλείπτως
2896 4766 2988 4820 ὑπ’
3007 4767 3170 4821 αὑτοῦ
3191 4769 3643 4840 ἐκζητηθήσεται·
3674 4770 3802 4836 νοῦς
3823 4773 3891 4826 δὲ
3913 4777 4049 4839 πᾶς,

2456 4859 2632 4928 ἥνπερ
2655 4857 2886 4927 δύναμιν
2934 4860 3000 4911 ἐκ
3028 4859 3164 4913 Θεοῦ
3194 4859 3434 4930 εἴληφεν,
3467 4863 3525 4914 ἐν
3567 4863 3716 4934 πάσῃ
3751 4871 4047 4935 προσευχῇ

2456 4950 2910 5021 ἀπαιτηθήσεταιο
2933 4951 3016 5004 διὸ
3044 4953 3392 5020 προσεκτέον,
3417 4953 3546 5006 ὅταν
3564 4956 3848 5024 νηφόντως
3876 4975 4050 5028 προσο

781 5046 891 5098 vim
915 5054 969 5098 et
1003 5042 1258 5096 virtutem
1298 5039 1526 5108 accepit,
1559 5037 1610 5090 in
1637 5037 1894 5092 omnibus
1930 5037 2181 5106 precibus
2211 5037 2349 5092 ratio
2388 5064 2428 5119 ο

2388 5064 2428 5119 D
2457 5041 2606 5114 εύξῃ,
2632 5040 2825 5094 θᾶττον
2853 5043 2932 5104 εἰς
2957 5043 3123 5112 ὀργάς
3145 5042 3498 5114 πολεμηθήσῃ
3524 5045 3656 5114 (15).
3687 5046 3916 5112 Σκοπὸς
3939 5051 4051 5120 γὰρ

782 5136 1049 5205 exigetur.
1116 5131 1384 5198 Quocirca
1439 5129 1734 5196 diligenter
1783 5127 2030 5181 attendas
2096 5135 2350 5197 oportet,

782 5229 1000 5298 quando
1023 5226 1204 5281 sobrie
1237 5223 1563 5293 precaberis,
1596 5221 1756 5275 citius
1784 5235 1878 5289 per
1913 5221 2047 5272 iram
2073 5235 2354 5290 oppugna-

784 5323 972 5386 beris;
1017 5320 1117 5373 hoc
1160 5317 1305 5372 enim
1337 5323 1582 5384 spectant
1622 5314 1895 5366 daemones
1939 5312 2022 5379 (ut
2057 5326 2158 5365 nos
2202 5313 2348 5365 omni

784 5407 1051 5463 orationis
1105 5404 1281 5459 fructu
1337 5400 1596 5472 privent.)
1653 5399 1844 5454 Omnis
1886 5400 2105 5468 quidem
2147 5401 2346 5466 virtus,

783 5501 874 5555 sed
900 5498 1244 5569 potissimum
1279 5495 1453 5547 oratio
1494 5508 1616 5545 cum
1649 5506 1845 5560 magno
1882 5490 2044 5543 animi
2068 5490 2264 5545 atl'ectu
2296 5501 2350 5544 et

785 5605 949 5645 sensu
989 5587 1150 5642 nobis
1203 5601 1418 5655 semper
1466 5584 1769 5654 peragenda
1812 5592 1913 5636 est.
1964 5581 2117 5636 Tunc
2164 5593 2345 5637 autem

782 5681 964 5736 anima
1013 5695 1136 5733 cum
1199 5695 1361 5732 sensu
1415 5686 1686 5747 precatur,
1733 5676 1952 5746 quando
2014 5675 2347 5731 iracundiam

779 5773 968 5828 vincit.
1007 5771 1149 5826 Bona
1183 5771 1370 5826 multis
1406 5771 1658 5839 precibus
1690 5778 1743 5825 et
1776 5769 1937 5823 annis
1989 5785 2142 5839 parta
2175 5770 2346 5824 solida

779 5875 832 5919 et
859 5864 1167 5920 constantia
1209 5872 1356 5919 sunt.
1388 5861 1491 5927 Qui
1523 5860 1687 5918 Deum
1719 5863 2041 5932 possederit,
2093 5879 2196 5919 non
2241 5863 2347 5918 erit

2459 5127 2613 5196 οὗτος
2666 5132 2775 5185 τῶν
2836 5132 3046 5203 ἐχθρῶν
3093 5135 3271 5203 ἡμῶν*
3321 5137 3501 5189 πᾶσαν
3546 5137 3646 5207 μὲν
3685 5139 3924 5211 ἀρετὴν,
3956 5143 4051 5195 ἐπὶ

2462 5226 2630 5278 πλείω
2659 5224 2715 5277 δὲ
2733 5225 2831 5294 τὴν
2858 5227 3165 5297 προσευχὴν
3189 5226 3438 5298 αἰσθήσει
3467 5228 3634 5300 πολλῇ
3673 5232 4049 5303 ποιησώμεθα

2463 5317 2708 5370 πάντοτε
2758 5318 2877 5370 τότε
2915 5316 3064 5388 ψυχὴ
3109 5321 3166 5370 ὲν
3198 5319 3448 5390 αἰσθήσει
3476 5320 3868 5392 προσεύχεται,
3916 5325 4050 5378 ὅταν

2458 5407 2631 5479 θυμοῦ
2668 5409 2930 5479 κρείττων
2968 5410 3214 5482 γένηται;
3249 5411 3319 5466 τά
3371 5412 3591 5476 πολλαῖς
3651 5414 3898 5477 ἱκεσίαις
3953 5420 4049 5469 καὶ

2456 5502 2669 5572 χρόνοις
2702 5503 3129 5572 περιποιούμενα
3161 5503 3382 5574 μόνιμα.
3428 5505 3487 5558 '0
3519 5504 3709 5577 κύριον
3751 5508 4047 5576 κτησάμε-

2454 5611 2542 5655 νος
2573 5594 2704 5662 (14),
2733 5595 2831 5646 οὐκ
2860 5595 2937 5647 ἔτι
2970 5595 3162 5648 ἑαυτοῦ
3193 5598 3252 5648 ἐν
3289 5601 3562 5668 προσευχῇ
3597 5599 3690 5651 τὸν
3719 5598 3904 5668 μῦθον
3933 5600 4044 5666 ὗς)-

2451 5686 2738 5754 ηγήσεταιο
2774 5685 2834 5736 τὸ
2861 5686 2968 5756 γάρ
2997 5686 3214 5756 πνεῦμα
3255 5688 3376 5741 τότε
3406 5689 3720 5758 ἐντυγχάνει
3761 5690 3915 5761 ὑπὲρ
3943 5693 4046 5743 aiio

2450 5777 2544 5829 τοῦ
2575 5795 2633 5830 εν
2663 5775 2839 5846 ἐαυτῷ
2862 5780 3186 5847 στεναγμοῖς
3211 5780 3514 5851 ἀλαλήτοις.
3549 5781 3739 5834 Πᾶσιν
3765 5783 4046 5853 αἰσθητὴν

2451 5863 2752 5928 φαντασίαν
2776 5866 2832 5917 ἐν
2861 5867 2928 5934 τῇ
2963 5869 3238 5938 προσευχῇ
3269 5868 3343 5940 μὴ
3368 5868 3635 5942 προσδέξει
3666 5870 3804 5942 (15),
3845 5871 3937 5926 ἵνα
3964 5868 4044 5941 μή
