4222 6448
192 456 328 526 1137

1121 460 1352 520 SCALA
1405 460 1785 522 PARADISI.
1825 486 1894 496 -
1923 462 2235 528 GRADUS
2273 464 2541 526 XXVIII.

3296 457 3433 522 1138

184 579 439 633 εκστασιν
460 577 720 650 ύποστῇς·
754 575 1040 646 ἀπαλλαγὴ
1073 576 1420 675 ἀμφισολίας,
1453 578 1650 650 ἀδήλου
1678 579 1773 652 δή-

1877 581 2140 640 sollicitus
2168 581 2238 638 de
2279 581 2612 654 reperiendis
2640 581 2906 636 orationis
2953 577 3135 634 verbis
3163 596 3177 633 :
3209 575 3438 649 spiritus

183 670 349 734 λωσις
393 669 663 734 άσειστος.

1870 673 2017 728 enim
2053 684 2185 732 tunc
2211 677 2268 732 in
2297 675 2480 746 seipso
2509 689 2610 745 pro
2636 673 2732 727 illo
2757 671 3050 742 gemitibus
3073 669 3448 726 inenarrabili-

184 762 289 816 bns
334 761 644 831 interpellat
689 761 755 814 “.
808 759 953 814 Inter
999 774 1188 829 preces
1242 760 1446 814 nullam
1501 777 1762 818 sensuum
1799 764 2093 836 imaginem
2143 768 2419 832 admittes,
2457 782 2526 821 ne
2574 765 2628 820 in
2657 773 2934 833 stuporem
2967 762 3136 818 animi
3171 761 3440 816 incurras.

184 854 379 909 Omnis
411 854 691 924 petitionis
713 853 980 908 exaudita:
1005 853 1058 906 in
1081 853 1329 908 oratione
1359 854 1574 923 signum
1601 865 1656 909 et
1723 856 1986 913 indicium
2049 871 2293 930 apparet.
2344 859 2570 930 Signum
2618 855 3006 923 exauditionis,
3081 865 3168 911 est
3234 854 3450 910 dubita-

185 947 353 1003 tionis
383 947 582 1002 solutio
603 956 658 1000 et
680 945 870 1000 incerti
903 954 1050 999 certa
1073 944 1392 1000 declaratio.

269 1039 546 1110 Ἐλεήμων
599 1038 752 1106 γίνου
807 1037 1012 1111 σφόδρα
1061 1039 1364 1110 προσευχῆς,
1398 1039 1762 1111 ἐπιμελούμε-

184 1150 274 1196 νος
303 1129 442 1202 (Ili)°
473 1133 532 1184 ὲν
557 1131 696 1201 αὐτῇ
723 1129 832 1201 γὰρ
863 1131 1089 1201 μοναχοὶ
1127 1131 1196 1185 τὰ
1237 1133 1766 1188 ἑκατονταπλασίονα

184 1223 471 1294 λήψονταιο
507 1223 566 1276 τὸ
595 1223 653 1276 δὲ
686 1223 812 1293 ἑξῆς
841 1224 899 1276 ὲν
931 1222 1010 1294 τῷ
1049 1223 1174 1295 ἑξῆς
1205 1225 1338 1295 (I7).
1372 1225 1490 1296 Πῦρ
1515 1227 1614 1297 μὲν
1644 1229 1765 1280 Em-

186 1315 441 1386 δημῆσαν
492 1316 552 1368 ὲν
586 1315 781 1386 καρδίᾳ
811 1315 1122 1386 προσευχὴν
1163 1316 1427 1388 ἀνέστησε
1468 1317 1601 1390 (Ι8)⁶
1632 1320 1765 1373 ταύ-

187 1424 292 1476 της
313 1405 705 1477 διεγερθείσης,
736 1406 831 1458 καὶ
865 1407 944 1468 εἰς
971 1405 1198 1476 οὐρανὸν
1228 1407 1632 1478 ἀναληφθείσης
1661 1427 1768 1463 πυ-

189 1499 286 1570 ρὸς
319 1500 377 1551 ἐν
403 1497 624 1569 ἁνωγέῳ
645 1497 824 1568 ψυχῆς
848 1499 1146 1562 κατάϐασις
1165 1500 1376 1568 γέγονε.
1407 1501 1543 1552 Φασὶ⁵
1567 1501 1664 1570 μέν
1690 1519 1770 1555 τι·

188 1609 281 1655 νες
303 1594 553 1662 κρεῖττον
582 1587 719 1644 εἶναι
751 1591 1059 1661 προσευχὴν
1093 1593 1312 1662 μνήμης
1342 1591 1543 1656 ἐξόδουο
1573 1593 1686 1660 ἐγὼ
1711 1593 1768 1646 δὲ

192 1685 326 1754 μιᾶς
353 1682 705 1745 ὑποστάσεως
727 1680 820 1734 δύο
843 1682 1030 1745 οὐσίας
1060 1681 1232 1750 ύμνῶ.
1265 1683 1460 1746 Ἵππος
1495 1684 1591 1753 μὲν
1619 1684 1767 1738 δόκι-

193 1794 298 1846 μος
321 1775 461 1830 κατὰ
481 1773 786 1852 πρόσϐασιν
815 1772 1125 1847 [πρόϐασιν]
1152 1774 1650 1845 διαθερμαίνεσθαι.
1676 1776 1771 1830 καλ⁸

188 1868 273 1941 τῷ
300 1869 486 1940 δρόμῳ
519 1867 867 1939 προστιθέναι
898 1868 1131 1937 πέφυκε·
1159 1868 1356 1939 δρόμον
1382 1870 1439 1922 δὲ
1476 1870 1601 1932 νοῶ,
1630 1871 1770 1941 ύμν-

1939 1041 2263 1113 Cuicunque
2285 1041 2439 1098 cordi
2474 1049 2561 1097 est
2584 1041 2781 1107 oratio,
2820 1055 2949 1110 erga
2977 1038 3116 1094 alios
3138 1035 3457 1093 misericors.

1868 1143 2030 1189 esto:
2063 1149 2161 1204 per
2195 1135 2339 1189 hanc
2367 1134 2513 1188 enim
2553 1133 2987 1188 misericordiam
3023 1130 3283 1185 monachi
3325 1145 3455 1183 cen-

1870 1226 2079 1296 tuplum
2123 1225 2410 1294 recipient,
2440 1236 2494 1279 et
2517 1224 2663 1294 quod
2696 1224 2947 1294 sequitur
2978 1223 3034 1278 in
3065 1222 3271 1278 futuro.
3310 1221 3460 1291 Ignis

1869 1318 2111 1373 coalestis
2157 1315 2463 1371 orationem
2510 1317 2565 1370 in
2617 1331 2714 1372 cor
2759 1323 3138 1385 penetrantem
3183 1313 3457 1374 accendit,

1871 1423 1980 1481 qua
2013 1424 2244 1465 accensa
2275 1418 2328 1464 et
2353 1410 2406 1463 in
2433 1410 2631 1464 coelum
2663 1417 2968 1478 assumpta,
3003 1421 3222 1462 rursum
3253 1405 3314 1460 ﬁt
3361 1405 3457 1460 del

1878 1517 2106 1558 scensus
2140 1501 2277 1570 ignis
2313 1503 2366 1555 in
2402 1501 2601 1555 anima:
2635 1499 3008 1555 emnaculum.
3035 1499 3176 1555 Sunt
3204 1497 3298 1568 qui
3325 1511 3457 1551 cen-

1875 1602 2030 1649 seant
2065 1592 2336 1647 utiliorem
2365 1607 2488 1647 esse
2516 1591 2845 1656 orationem,
2879 1605 3046 1661 quam
3084 1591 3158 1645 sit
3178 1588 3458 1646 meditatio

1875 1686 2074 1740 mortis
2099 1699 2196 1740 seu
2223 1684 2409 1738 exitus
2431 1684 2662 1748 animae;
2688 1697 2790 1750 ego
2826 1697 2957 1736 vero
2985 1681 3232 1752 geminas
3264 1682 3320 1734 in
3348 1695 3460 1735 una

1875 1776 2230 1833 subsistentia
2261 1776 2425 1830 laudo
2452 1784 2704 1829 naturas.
2738 1773 2907 1846 538
2941 1773 3131 1844 Equus
3161 1787 3461 1843 generosus

1875 1884 1986 1940 quo
2035 1869 2210 1938 magis
2249 1868 2619 1938 progreditur,
2667 1869 2773 1923 hoc
2815 1866 2992 1938 magis
3033 1865 3368 1920 incalescere
3406 1874 3462 1919 et

191 1962 380 2032 ῳδίανο
409 1962 574 2014 ἵππον
597 1960 655 2012 δὲ
683 1959 775 2013 τὸν
800 1959 1041 2028 ἀνδρεῖον
1066 1961 1210 2014 νοῦν’
1241 1960 1519 2032 πόρρωθεν
1547 1962 1575 2013 ὁ
1597 1961 1772 2014 τοιοῦ-

1877 1973 2099 2014 currere
2125 1957 2283 2014 solet.
2312 1958 2548 2014 Cursum
2576 1960 2819 2030 intelligo
2849 1958 3063 2014 divinas
3092 1971 3314 2028 precum
3339 1955 3458 2011 lau-

191 2071 288 2117 τος
309 2052 660 2124 ὀσφραίνεται
679 2053 912 2121 πολέμου
929 2051 1065 2122 (9.0),
1080 2052 1175 2106 καὶ
1189 2053 1773 2125 προπαρασκευασθεὶς

196 2149 355 2218 μένει
376 2146 562 2199 λοιπὸν
583 2147 663 2210 είς
686 2145 830 2198 ἅπαν
853 2143 1124 2216 ἀνίκητος.
1153 2145 1400 2200 Χαλεπὸν
1420 2149 1485 2201 ἐκ
1509 2146 1772 2217 πόματος

192 2239 458 2309 διψῶντος
501 2237 645 2309 ὕδωρ
683 2237 1024 2309 ἁφαρπάσαι’
1057 2236 1434 2311 χαλεπώτερον
1485 2239 1540 2292 δὲ
1595 2238 1774 2312 ψυχὴν

197 2331 344 2400 μετὰ
384 2329 729 2393 κατανύξεως
761 2327 1228 2400 προσευχομένην,
1259 2330 1390 2401 πρὶν
1434 2329 1535 2400 τῆς
1571 2330 1776 2399 ταύτης

194 2420 554 2491 περαιώσεως
593 2419 790 2491 ἑαυτὴν
830 2419 932 2489 τῆς
966 2421 1382 2488 παραστάσεως,
1414 2421 1512 2491 τῆς
1546 2423 1777 2476 πολυπο-

197 2510 366 2580 θήτου
419 2508 715 2578 ἀποκόψαιο
749 2509 822 2590 μῆ
860 2508 1218 2579 ἀποπηδήσῃς
1267 2508 1425 2579 ἄχρις
1467 2503 1526 2564 οῦ
1562 2510 1622 2562 τὸ
1665 2509 1778 2582 πῦρ

197 2602 298 2655 καὶ
325 2601 386 2654 τὸ
417 2600 558 2671 ὕδωρ
598 2599 952 2669 οἰκονομικῶς
1002 2598 1345 2671 ὑπολήξαντα
1391 2601 1504 2672 ἴδῃς
1535 2602 1672 2669 (21)·
1716 2603 1778 2654 ού

198 2693 314 2762 γὰρ
343 2692 492 2763 λήψῃ
526 2693 715 2761 καιρὸν
753 2689 992 2744 τοιοῦτον
1027 2689 1162 2761 πρὸς
1199 2691 1391 2758 ἄφεσιν
1421 2693 1782 2763 πταισμάτων

202 2785 338 2847 ῖσως
380 2786 439 2836 ὲν
478 2783 626 2856 πάσῃ
654 2785 719 2853 τῇ
746 2783 859 2854 ζωῇ
890 2799 1004 2835 σου’
1032 2783 1061 2835 ὀ
1089 2783 1398 2854 προσευχῆς
1427 2786 1780 2855 χωσάμενος,

201 2876 314 2929 ὑπὸ
336 2874 494 2943 λόγου
520 2875 638 2936 ἐνὸς
668 2873 926 2936 πολλάκις
947 2891 1078 2944 προε
1089 2875 1371 2946 ρχομένου,
1397 2875 1490 2929 τὸν
1519 2876 1642 2930 νοῦν
1661 2879 1785 2950 ὲμό·

203 2968 356 3031 λυνε,
393 2967 488 3020 καὶ
517 2968 573 3018 ἐν
606 2968 878 3036 προσευχῇ
909 2965 1212 3036 παραστάς,
1242 2965 1302 3018 τὸ
1333 2965 1662 3037 ποθούμενον
1686 2969 1784 3040 οὐχ

204 3051 339 3128 εὗρε
381 3057 648 3128 συνήθως·
676 3057 803 3110 ἀλλο
830 3059 1152 3111 ἐπισκοπεῖν
1195 3060 1530 3130 συχνοτέρως
1558 3062 1624 3132 τῇ
1653 3079 1786 3131 καρο

205 3151 300 3221 δίᾳ.
331 3151 464 3221 (οε)-
517 3152 611 3203 καὶ
663 3149 792 3204 ἄλλο
840 3149 1235 3204 ἐπισκοπεῦσαι
1283 3151 1507 3222 καρδίας
1550 3153 1640 3206 διὰ
1668 3156 1787 3218 νοὸς

210 3245 494 3314 ἄρχοντος,
551 3241 645 3294 καὶ
698 3241 998 3311 ἀρχιερέως
1051 3241 1273 3310 λογικάς
1336 3243 1524 3306 θυσίας
1566 3245 1788 3316 Χριστῷ

213 3334 602 3403 προσάγοντος·
642 3333 766 3395 τοὺς
803 3333 922 3402 μὲν,
963 3331 1039 3395 ὦς
1083 3334 1216 3402 φησί
1245 3350 1332 3397 τις
1367 3334 1476 3387 τῶν
1510 3334 1787 3404 θεολογίας
1815 3333 1857 3390 C

209 3426 590 3497 προσηγορίαν
643 3425 933 3494 λαχόντων,
973 3425 1036 3478 τὸ
1075 3425 1229 3493 ἆγιον
1263 3428 1359 3480 καὶ
1400 3427 1788 3499 ὑπερουράνιον

211 3517 330 3588 πῦρ
379 3515 677 3585 ὲπιδημοῦν
719 3515 1070 3582 καταφλέγει,
1121 3513 1209 3567 διὰ
1245 3515 1306 3567 τὸ
1335 3515 1415 3568 ἔτι
1445 3515 1658 3580 ἐλλιπὲς
1691 3517 1789 3584 τῆς

213 3608 561 3680 καθάρσεωςο
586 3607 709 3670 τοὺς
733 3607 790 3659 δὲ
822 3607 986 3658 πάλιν
1018 3605 1241 3675 φωτίζει
1263 3607 1352 3660 διὰ
1385 3607 1446 3660 τὸ
1472 3608 1667 3679 μέτρον
1693 3608 1791 3678 τῆς

211 3701 569 3770 ’τελειότητος⁸
590 3699 650 3752 τὸ
664 3698 796 3752 αὐτὸ
806 3698 914 3769 γὰρ
927 3697 1036 3767 πῦρ
1053 3697 1442 3754 καταναλίσκον
1457 3701 1549 3752 καὶ
1562 3699 1792 3768 φωτίζον

213 3793 337 3861 φῶς
363 3792 706 3862 ὀνομάζεται·
737 3789 861 3844 ὅθεν
900 3791 991 3844 καί
1014 3807 1159 3854 τινες
1200 3793 1264 3843 ἐκ
1291 3791 1600 3860 προσευχῆς
1623 3789 1792 3856 ἐξιόν-

213 3901 310 3947 τες
365 3883 440 3946 ὠς
480 3882 592 3936 ἀπὸ
635 3882 806 3950 πυρὸς
841 3882 1070 3952 καμίνου
1113 3881 1390 3934 ποιοῦνται
1443 3883 1542 3953 τὴν
1590 3882 1789 3949 ἔξοδονο

219 3974 530 4044 κουφισμὸν
579 3972 752 4046 ῥύπου
783 3975 928 4037 τινὸς
958 3975 1052 4028 καὶ
1081 3973 1214 4045 ὓλης
1253 3976 1584 4046 αἰσθόμενοι·
1617 3977 1794 4048 ’ἑτεροι

218 4069 280 4120 δὲ
309 4067 386 4130 ὡς
412 4070 475 4119 ἐκ
507 4065 682 4135 φωτὸς
704 4067 1126 4136 πεφωτισμένοι,
1149 4067 1244 4119 καὶ
1266 4067 1508 4121 διπλοΐδα
1534 4069 1796 4123 ταπεινῶς

221 4175 382 4220 σεως,
425 4156 519 4210 καὶ
562 4155 930 4224 ἀγαλλιάσεως
976 4157 1358 4226 ἠμφιεσμένοι.
1397 4159 1461 4209 υἱ
1492 4158 1600 4226 γὰρ
1639 4158 1797 4220 ἐκτὸς

219 4247 334 4300 τῶν
356 4245 448 4299 δύο
478 4244 684 4299 τούτων
720 4245 1010 4315 ἐνεργειῶν
1035 4247 1098 4298 ἐκ
1128 4245 1430 4314 προσευχῆς
1481 4246 1796 4317 ἐξεληλυθό-

219 4357 314 4399 τες
340 4337 687 4407 σωματικῶςν
717 4337 802 4389 ἵνα
829 4337 904 4406 μὴ
929 4335 1088 4400 εἴπω,
1129 4335 1434 4399 Ἰουδαϊκῶς
1466 4336 1798 4408 προσηύξαν-

220 4447 308 4493 το,
359 4429 454 4482 καί⁹
483 4429 542 4481 ού
577 4427 979 4498 πνευματικῶς.
1025 4428 1086 4479 ΕΞ
1138 4426 1297 4496 σῶμα
1351 4427 1600 4498 σώματος
1631 4447 1800 4500 προσ-

220 4522 400 4590 ψαῦον
430 4520 736 4574 ἀλλοιοῦται
764 4524 831 4591 τῇ
859 4519 1127 4591 ἐνεργείᾳ,
1160 4520 1280 4584 πῶς
1303 4521 1348 4572 δ’
1378 4521 1444 4575 ἂν
1470 4522 1564 4574 καὶ
1591 4524 1688 4577 ούκ
1715 4526 1799 4577 ἀλ-

223 4611 585 4682 λοιωθήσεται
641 4614 671 4666 ὁ
715 4612 850 4665 Θεοῦ
891 4610 1142 4680 σώματος
1188 4610 1384 4676 ἀθώοις
1426 4615 1583 4684 χερσὶ
1632 4633 1799 4684 προσ-

222 4703 416 4772 ψαύων
442 4703 554 4770 (25)
577 4721 592 4768 ;

1873 2053 1992 2114 des,
2040 2065 2240 2121 equum
2291 2051 2622 2121 interpretor
2669 2065 2997 2122 generosum
3045 2049 3317 2113 animum,
3365 2048 3457 2118 qui

1875 2143 2094 2198 eminus
2138 2143 2325 2210 etiam,
2372 2149 2428 2198 et
2480 2143 2744 2198 remotior
2791 2141 3054 2197 odoratur
3097 2141 3304 2196 bellum
3331 2180 3348 2206 ,
3407 2149 3464 2196 et

1876 2230 2002 2291 inde
2029 2235 2305 2290 animatus
2332 2243 2389 2291 et
2432 2245 2777 2306 praeparatus
2807 2234 3045 2290 invictus
3088 2244 3143 2288 ct
3171 2233 3464 2302 insupera-

1878 2329 2006 2386 bilis
2035 2329 2297 2398 deinceps
2337 2328 2604 2398 persistit.
2639 2328 2846 2383 Durum
2880 2335 2967 2384 est
2997 2342 3065 2383 ex
3095 2341 3192 2382 ore
3231 2325 3466 2382 sitientis

1877 2437 2085 2492 aquam
2139 2433 2375 2491 rapere,
2422 2421 2515 2475 sed
2563 2420 2758 2475 durius
2790 2420 2987 2476 animae
3036 2434 3162 2475 cum
3206 2432 3467 2488 compun-

1881 2514 2064 2570 ctione
2093 2511 2305 2569 orantis
2333 2521 2458 2568 ante
2485 2512 2754 2568 orationis
2776 2511 2961 2578 tinem,
2991 2510 3390 2582 optatissimum
3411 2519 3468 2564 et

1885 2608 2418 2664 desideratissimum
2445 2609 2566 2677 ejus
2584 2623 2712 2664 cum
2747 2606 2860 2663 Deo
2884 2606 3094 2677 agentis
3110 2620 3465 2678 congressum

1881 2714 1936 2758 et
1959 2702 2302 2773 colloquium
2325 2701 2676 2771 abrumpere.
2700 2699 2819 2756 Non
2850 2700 3072 2756 exsilias
3089 2699 3160 2754 ab
3189 2699 3465 2764 oratione,

1881 2796 2060 2865 quoad
2094 2795 2285 2850 divino
2309 2802 2445 2850 nutu
2493 2795 2752 2850 lacrima:
2782 2793 2959 2849 silere
2993 2802 3048 2848 et
3077 2791 3248 2848 ﬂuere
3277 2807 3375 2862 per
3407 2807 3469 2846 se

1883 2898 2103 2946 cessent
2133 2899 2188 2945 et
2215 2889 2488 2944 desinant.
2524 2887 2786 2944 Fortasse
2813 2888 2960 2942 enim
2997 2901 3096 2957 per
3129 2900 3350 2940 omnem
3379 2899 3468 2940 re-

1885 2983 2092 3054 liquam
2125 2980 2293 3036 vitam
2327 2989 2500 3046 tuam,
2553 2995 2660 3034 non
2706 2978 2961 3049 acquires
3005 2977 3166 3031 talem
3216 2973 3469 3031 occasio-

1887 3090 2009 3129 nem
2039 3073 2105 3128 ad
2149 3071 2549 3141 impetrandam
2583 3069 2802 3124 veniam
2834 3077 3180 3138 peccatorum
3222 3074 3468 3120 tuorum.

1887 3164 1989 3230 Qui
2025 3173 2243 3232 gustum
2273 3158 2537 3216 orationis
2570 3160 2734 3228 cepit,
2766 3173 2878 3212 uno
2905 3171 3049 3226 saepe
3076 3154 3244 3210 verbo
3267 3163 3477 3209 temere

1887 3255 2094 3310 emisso
2130 3251 2434 3323 inquinavit
2466 3261 2730 3312 mentem,
2761 3258 2823 3304 ut
2854 3249 3002 3318 quod
3031 3247 3086 3302 in
3123 3246 3377 3302 oratione
3403 3244 3473 3300 de

1890 3364 2041 3403 more
2061 3345 2333 3416 quaesivit,
2361 3358 2470 3399 non
2514 3343 2804 3397 inveniret.
2855 3339 3016 3394 Aliud
3039 3347 3123 3394 est
3149 3352 3334 3393 secum
3358 3334 3470 3390 fre-

1889 3449 2121 3510 quenter
2162 3453 2287 3492 cum
2323 3438 2490 3491 corde
2527 3433 2802 3497 meditari,
2837 3432 2986 3486 aliud
3026 3432 3204 3502 ipsum
3237 3445 3333 3484 cor
3375 3442 3473 3498 per

1891 3537 2128 3584 mentem
2155 3527 2303 3581 velut
2343 3524 2646 3595 principem
2675 3533 2730 3579 et
2761 3522 3078 3593 pontificem
3119 3517 3472 3575 rationabiles

1891 3621 2110 3677 Christo
2154 3619 2366 3674 hostias
2407 3617 2724 3672 offerentem
2778 3615 3054 3686 inspicere
3113 3623 3168 3668 et
3223 3612 3469 3669 visitare.

1892 3712 2019 3768 Illos
2047 3713 2140 3782 qui
2166 3711 2522 3773 meditantur,
2558 3708 2700 3779 ignis
2730 3716 2958 3764 sanctus
2985 3716 3036 3760 et
3067 3704 3288 3760 divinus
3323 3704 3472 3759 inva-

1892 3805 2028 3860 dens
2070 3803 2313 3858 incendit
2360 3811 2416 3856 et
2465 3800 2743 3856 comburit
2772 3798 2856 3869 (ut
2882 3796 3106 3868 quidam
3157 3809 3346 3848 eorum
3377 3794 3473 3864 qui

1894 3895 2128 3965 theologi
2151 3909 2347 3949 nomen
2381 3893 2556 3949 sortiti
2581 3900 2730 3957 sunt,
2762 3886 3080 3957 testantur),
3115 3885 3260 3957 quod
3293 3885 3474 3941 adhuc

1895 3987 2137 4042 inveniat
2168 3986 2413 4040 sordium
2447 3984 2707 4054 reliquias
2731 3997 2870 4053 quas
2905 3987 3180 4051 repurget.
3211 3976 3322 4033 Hos
3348 3993 3476 4033 vero

1896 4093 2113 4134 rursum
2147 4093 2248 4148 pro
2271 4079 2430 4132 modo
2458 4087 2513 4130 et
2544 4079 2757 4131 ratione
2787 4073 3142 4144 perfectionis
3173 4070 3471 4125 illuminat.

1897 4169 2044 4224 Idem
2070 4169 2214 4224 enim
2252 4169 2393 4240 ignis
2424 4179 2476 4222 et
2514 4182 2844 4224 consumens
2872 4167 2917 4197 “
2949 4171 3005 4220 et
3045 4164 3364 4217 illuminans
3390 4161 3477 4215 lu-

1898 4276 2020 4316 men
2053 4261 2375 4332 appellatur.
2409 4257 2564 4314 Unde
2590 4261 2648 4313 lit
2676 4269 2736 4313 ut
2768 4257 2989 4328 quidam
3019 4255 3088 4309 ab
3110 4254 3359 4308 oratione
3391 4251 3478 4306 di-

1898 4353 2071 4420 gressi
2102 4351 2391 4406 vrdcantur
2417 4351 2576 4419 quasi
2609 4364 2676 4404 cx
2701 4349 2926 4403 ardente
2955 4347 3181 4399 fornace
3230 4342 3472 4414 prodire,

1898 4444 2027 4498 dum
2061 4444 2306 4497 sentiunt
2343 4443 2490 4512 quod
2530 4443 2598 4495 ab
2629 4441 2812 4510 aliqua
2848 4439 2988 4503 labe,
3020 4436 3186 4508 539
3228 4445 3283 4489 et
3317 4433 3480 4490 vitio-

1901 4549 2020 4588 rum
2063 4535 2252 4589 fomite
2297 4534 2408 4589 sint
2453 4534 2751 4603 repurgati.
2783 4531 2886 4584 Alii
2931 4543 3062 4582 vero
3103 4528 3309 4582 lumine
3356 4527 3482 4580 illu-

1904 4623 2084 4690 strati,
2125 4633 2180 4678 et
2217 4625 2432 4695 gemina
2466 4634 2613 4678 veste
2654 4639 2750 4677 seu
2796 4620 3036 4691 diploidc
3068 4617 3390 4672 humilitatis
3427 4625 3482 4670 et

1906 4715 2291 4770 exsultationis
2313 4715 2498 4769 amicti
2526 4731 2591 4768 ex
2618 4714 2864 4769 oratione
2885 4713 3173 4782 prodeunt.
3203 4708 3307 4774 Qui
3333 4709 3480 4763 enim

227 4799 350 4851 sine
383 4796 576 4850 harum
602 4794 834 4848 duarum
859 4795 1120 4850 virtutum
1155 4796 1204 4850 vi
1230 4805 1284 4850 et
1312 4795 1546 4852 efﬁcacia
1577 4800 1645 4853 ab
1703 4804 1953 4862 oratione
1998 4807 2306 4873 discedunt,
2375 4823 2602 4878 corpore
2651 4817 2888 4868 tantum,
2938 4821 3046 4858 non
3093 4803 3314 4872 spiritu,
3385 4799 3479 4855 Ju-

227 4887 448 4942 daicum
499 4903 664 4958 prope
723 4887 953 4941 dixerim
1011 4889 1064 4942 in
1121 4905 1330 4944 morem
1376 4903 1618 4946 orarunt.
1666 4892 1724 4948 Si
1775 4911 1973 4967 corpus
2041 4901 2108 4955 ad
2162 4911 2474 4958 contactum
2524 4900 2774 4970 corporis
2824 4899 3162 4960 immutatur,
3206 4893 3484 4966 quomodo

230 4995 345 5035 non
392 4981 790 5046 immutabitur,
837 4981 930 5050 qui
977 4981 1128 5050 puris
1168 4982 1421 5037 manibus
1475 4983 1566 5038 Dei
1601 5001 1800 5056 corpus
1839 4994 2112 5064 attigerit?

309 5076 467 5129 Ἒστι
488 5076 630 5130 κατὰ
657 5077 746 5129 τὸν
777 5077 870 5129 ἐπὶ
893 5079 994 5146 γῆς
1024 5076 1266 5147 βασιλέα,
1296 5077 1389 5131 καὶ
1415 5079 1506 5131 τὸν
1537 5080 1807 5151 ἡμέτερον

237 5169 550 5235 πανάγαθον
596 5167 818 5238 βασιλέα
845 5168 1168 5234 θεάσασθαι,
1208 5168 1335 5223 ποτὲ
1371 5171 1469 5238 μὲν
1499 5170 1567 5223 δι’
1588 5173 1802 5239 ἑαυτοῦ,

234 5256 373 5309 ποτε
401 5257 457 5309 δὲ
481 5258 569 5311 διὰ
592 5258 768 5326 φίλου·
793 5257 922 5312 ἄλλο
959 5275 1019 5311 τε
1055 5259 1112 5313 δὲ
1135 5259 1222 5312 διὰ
1249 5259 1458 5313 δούλου·
1488 5261 1602 5314 ἔστι
1630 5263 1687 5315 δὲ
1717 5266 1807 5318 ὅτε

240 5352 338 5405 xa‘t
389 5352 678 5419 ἀγνὼστως
719 5353 817 5416 τάς
853 5353 1017 5408 αὐτοῦ
1063 5354 1269 5421 δωρεὰς
1305 5358 1418 5417 τοῖς
1448 5357 1807 5426 στρατιώταις

235 5444 406 5497 αὑτοῦ
443 5445 810 5514 χαριζόμενον
842 5444 1028 5515 λοιπὸν
1080 5445 1136 5497 δὲ
1184 5445 1278 5498 καὶ
1324 5445 1463 5499 κατά
1491 5448 1580 5500 τὸν
1606 5449 1808 5518 χιτῶνα

235 5542 342 5608 τῆς
366 5537 671 5609 προσούσης
699 5540 830 5607 ἡμῖν
850 5537 1244 5601 ταπεινώσεως·
1267 5537 1454 5611 ὥσπερ
1481 5541 1559 5611 τῷ
1588 5543 1679 5595 ἐπὶ
1704 5544 1809 5613 γῆς

240 5628 455 5698 βασιλεῖ
498 5629 526 5679 ὁ
560 5627 710 5696 αύτῷ
747 5627 1172 5698 παριστάμενος,
1211 5628 1303 5679 καὶ
1329 5627 1389 5680 τὸ
1423 5631 1708 5702 πρόσωπον
1750 5634 1811 5687 τὸ

237 5722 442 5773 οἰκεῖον
466 5721 844 5793 ἀποστρέφων,
885 5727 978 5780 καὶ
1020 5729 1132 5791 τοῖς
1174 5728 1387 5798 ἐχθροῖς
1425 5729 1518 5783 τοῦ
1553 5732 1810 5786 δεσπότου

239 5811 625 5883 διαλεγόμενος
651 5816 953 5885 paetum;-
982 5819 1153 5884 οὕτως
1181 5821 1284 5874 ὑπὸ
1313 5823 1515 5890 Κυρίου
1541 5825 1809 5894 βδελύσσι·

325 5949 367 5980 ³⁸
441 5947 597 6005 lieni.
648 5967 759 6022 \‘lll,
790 5953 874 6010 26.
958 5958 999 5987 ⁷³
1030 5927 1183 6011 Deut.
1213 5973 1284 6019 μ’,
1317 5955 1403 6008 21.

1983 5087 2178 5146 Videre
2206 5100 2290 5146 est
2319 5091 2459 5160 apud
2514 5104 2695 5160 regem
2730 5093 3064 5145 terrestrem,
3127 5090 3487 5150 nostrumque

1910 5183 2176 5252 optimum
2216 5195 2271 5239 et
2327 5183 2602 5239 emlestem
2640 5187 2853 5250 gregem,
2905 5179 3051 5250 quod
3111 5192 3336 5230 munera
3382 5191 3484 5230 sua

1910 5290 2054 5330 nunc
2082 5290 2176 5344 per
2197 5276 2456 5345 seipsum,
2489 5288 2634 5327 nunc
2661 5287 2758 5342 per
2790 5271 3027 5326 amicum
3064 5269 3322 5337 aliquem,
3349 5269 3485 5323 alias

1916 5383 2008 5437 per
2041 5382 2256 5420 servum
2289 5367 2474 5429 etiam,
2507 5365 2837 5434 quandoque
2885 5376 3012 5414 vero
3043 5373 3250 5413 arcano
3297 5368 3351 5413 et
3398 5360 3484 5412 in-

1916 5459 2132 5528 cognito
2164 5459 2347 5521 modo,
2383 5458 2648 5511 militibus
2686 5456 2799 5510 suis
2843 5452 3182 5521 dilargiatur,
3241 5467 3338 5519 pro
3396 5465 3484 5503 ra-

1919 5553 2065 5607 tione
2097 5567 2289 5621 nempe
2321 5551 2522 5605 tunica:
2551 5559 2751 5604 nostra:
2776 5561 2939 5616 quam
2997 5544 3234 5615 gerimus
3265 5543 3487 5596 humili-

1920 5639 2062 5693 tatis.
2096 5637 2561 5704 Quemadmodum
2602 5639 2648 5691 is
2695 5636 2789 5706 qui
2839 5635 3052 5689 mortali
3109 5632 3220 5703 regi
3253 5631 3479 5692 assistit,

1918 5744 1970 5788 et
2004 5732 2194 5787 faciem
2241 5747 2393 5788 suam
2423 5732 2492 5785 ab
2527 5732 2614 5784 illo
2665 5727 2879 5791 avertit,
2933 5742 2994 5780 ac
3058 5740 3182 5778 cum
3237 5723 3484 5778 hostibus

1919 5825 2036 5897 ejus
2064 5825 2408 5896 colloquitur,
2439 5822 2788 5880 exsecrabilis
2817 5831 2898 5877 cst
2941 5818 3051 5890 regi
3083 5833 3217 5885 suo;
3276 5817 3348 5874 ita
3375 5814 3480 5870 Do—
