4222 6448
211 409 338 474 lli]

807 529 1063 596 Σχόλιον
1092 533 1158 594 γ’.

266 619 478 689 ’Ὥσπερ
516 619 582 672 τὰ
609 622 779 691 νήπια
821 621 872 672 οι
900 618 1266 689 γυμνάζοντες
1307 619 1502 690 μικρὸν
1528 619 1760 689 προϐαί-

192 729 355 765 νοντα
412 714 503 765 καὶ
557 713 962 766 καταπίπτοντα
1014 711 1300 782 ἀνορθοῦσι
1356 712 1536 775 πάλιν,
1572 711 1760 766 καὶτὸ

197 804 378 856 τὲλείον
407 803 643 873 βαδίζειν
664 802 1028 867 παιδεύουσιν,
1052 803 1192 856 οὕτω
1217 802 1313 856 καὶ
1332 804 1492 872 ἡμεῖς
1515 802 1604 856 τὸν
1630 803 1758 872 ήμέ-

192 912 350 965 τερον
389 895 512 948 νοῦν
556 897 614 948 ὲν
641 898 706 966 τῇ
738 897 1009 966 προσευχῇ
1041 896 1138 965 τῆς
1179 895 1313 966 πρὸς
1347 894 1477 947 Θεὸν
1520 893 1756 957 νεύσεως

195 986 628 1050 καταπίπτοντα,
655 986 973 1056 ἁνορθῶμεν
1001 987 1163 1040 πάλιν
1189 988 1280 1040 καὶ
1301 985 1628 1056 ἁνιστῶμεν,
1651 986 1757 1048 ἕως

192 1080 253 1133 τὸ
279 1080 527 1134 ἄπτωτον
550 1081 832 1149 κτήσεται.

799 1172 1055 1240 Σχόλιον
1077 1171 1141 1226 δ’.

271 1265 334 1318 ’0
387 1265 719 1335 Θεδςλῆλιός
757 1267 870 1318 ἐστι
909 1264 1270 1334 δικαιοσύνης,
1307 1281 1382 1326 ως
1423 1265 1750 1334 γέγραπται,

192 1359 376 1419 πάσας
408 1356 591 1420 ἁπλῶς
631 1356 728 1419 τὰς
762 1358 982 1419 ἀκτῖνας
1010 1356 1334 1424 ἐπιλάμπων
1366 1355 1463 1424 τῆς
1485 1341 1753 1426 ἀγαθότῆ-

191 1467 303 1514 τος·
347 1455 380 1520 ἡ
429 1451 484 1502 δὲ
528 1451 694 1521 ψυχὴ,
724 1451 756 1522 ἢ
789 1451 956 1522 κηρὸς
990 1452 1064 1513 ως
1097 1451 1359 1519 φιλόθεος.
1391 1451 1424 1522 ἢ
1456 1450 1644 1522 πηλὸς,
1675 1452 1751 1514 ὼς

189 1545 437 1610 φιλόῦλος
465 1545 602 1597 κατὰ
627 1544 848 1613 γνώμην
867 1542 1111 1611 γίνεσθαι
1137 1542 1396 1610 πέφυκεν.
1422 1543 1631 1614 Ὥσπερ
1657 1538 1751 1595 οὖν

188 1637 218 1685 ὁ
247 1633 414 1703 πηλὸς
451 1633 590 1685 κατὰ
614 1632 776 1701 φύσιν
797 1632 931 1701 ἡλίῳ
960 1631 1288 1701 ξηραίνεται,
1325 1633 1350 1680 ὁ
1373 1631 1429 1685 δὲ
1459 1631 1625 1703 κηρὸς
1651 1650 1752 1701 φυ-

189 1723 359 1784 σικῶς
401 1721 750 1776 ἁπαλύνεται·
797 1720 941 1774 οὕτω
993 1721 1084 1773 καὶ
1126 1722 1276 1774 πᾶσα
1313 1719 1457 1792 ψυχὴ
1502 1722 1749 1790 φιλόὓλος

186 1817 284 1868 καὶ
311 1817 634 1885 φιλόκοσμος
659 1815 765 1868 ἀπὸ
793 1813 927 1866 Θεοῦ
950 1813 1332 1884 νουθετημένη,
1360 1814 1450 1867 καὶ
1480 1813 1555 1877 ὠς
1579 1815 1748 1884 πηλὸς

187 1907 332 1959 κατὰ
357 1906 580 1976 γνώμην
603 1904 968 1960 ἀντιτυποῦσα
1004 1905 1380 1974 σκληρύνεται,
1412 1905 1508 1959 καὶ
1550 1905 1746 1976 ἑαυτὴν

182 1999 320 2052 ὼθεί
355 1999 494 2052 κατὰ
516 1998 713 2068 Φαραὼ
741 1997 878 2068 πρὸς
904 1997 1196 2051 ἀπώλειαν·
1221 1999 1254 2068 ἠ
1287 1997 1342 2050 δὲ
1381 1997 1643 2066 φιλόθεος,
1670 1998 1745 2062 ὡς

185 2091 351 2161 κηρὸς
385 2089 738 2153 ἀπαλύνεται,
769 2091 862 2143 καὶ
901 2091 1027 2153 τοὺς
1080 2089 1188 2142 τῶν
1218 2090 1377 2142 θείων
1406 2089 1608 2154 τύπους
1652 2091 1743 2142 καὶ

181 2185 534 2255 χαρακτῆρας
561 2183 926 2256 εἰσδεχομένη,
949 2183 1154 2252 γίνεται
1173 2182 1306 2236 Θεοῦ
1329 2181 1741 2254 κατοικητήριον

181 2279 242 2329 ἐν
270 2273 561 2346 πνεύματι.

794 2367 1051 2435 Σχόλιον
1073 2371 1136 2416 ε’.

265 2459 352 2511 Ἐν
373 2458 519 2530 τρισὶ
542 2458 739 2529 τρόπος
766 2458 1077 2528 εὑρίσκεται
1097 2443 1205 2508 τῶν
1229 2454 1658 2524 ἀγωνιζομένων·
1684 2456 1739 2506 ἐν

177 2554 294 2615 τοῖς
326 2552 559 2620 νοήμασι
595 2551 702 2604 τῶν
748 2550 1038 2621 αἰσθητῶν,
1073 2550 1130 2601 ἐν
1173 2550 1236 2619 τῇ
1287 2547 1488 2619 θεωρία
1536 2549 1736 2614 αὐτῶν,

177 2645 276 2699 καὶ
312 2645 370 2698 ἐν
398 2647 462 2717 τῇ
492 2645 817 2700 καταστάσει
839 2646 938 2715 τῆς
963 2641 1285 2714 προσευχῆς.

1612 2722 1648 2760 ⁸)

773 2833 820 2882 Σ
822 2831 1033 2897 χόλων
1064 2847 1102 2893 ς·
1122 2867 1138 2883 .

259 2917 318 2970 ⁸0
364 2918 672 2988 σωματικδς
725 2921 886 2982 κόπος
927 2923 1038 2983 τοῖς
1080 2920 1382 2990 ἀρχαρίοις,
1431 2921 1463 2992 ἢ
1520 2920 1732 2975 ἀτελέσι

173 3011 318 3062 κατὰ
346 3009 443 3080 τὴν
465 3013 834 3083 πνευματικὴν
860 3013 1073 3083 ἡλικίαν
1115 3013 1384 3084 ὠφέλιμός
1408 3015 1554 3068 ἔστιν
1575 3014 1729 3082 ἄγαν·

171 3103 290 3164 τοῖς
338 3101 392 3154 δὲ
444 3103 668 3166 τελείοις
727 3107 1019 3176 πάρεργος,
1067 3103 1141 3167 ὼς
1204 3107 1557 3175 ἀρκουμένοις
1590 3105 1734 3176 μόνῳ

1115 408 1342 469 SCALA
1395 408 1772 469 PARADISI.
1807 434 1876 446 -
1923 410 2228 473 GRADUS
2272 414 2536 476 XXVIII.

1792 537 1843 593 Δ

3311 419 3445 484 1142

2477 529 2731 584 Scholion
2791 532 2843 585 5.

1935 617 2412 684 Quemadmodum
2443 622 2539 690 qui
2559 619 2795 676 infantes
2832 623 2897 677 ad
2927 621 3271 678 formandum
3294 639 3442 694 gres-

1861 725 1982 765 sum
2033 721 2310 778 exercent,
2369 714 2649 784 paululum
2710 729 3051 785 progressos,
3081 726 3134 771 et
3185 716 3441 772 cadentes

1861 818 2047 858 rursus
2073 803 2310 873 erigunt,
2361 814 2416 858 et
2449 805 2653 874 saepius
2709 806 2960 862 incedere
2983 807 3198 872 docent,
3241 809 3312 862 ita
3344 824 3444 863 nos

1856 903 2090 949 mentem
2117 905 2358 950 nostram
2389 895 2532 951 inter
2582 913 2771 967 preces
2801 899 2866 952 ad
2909 897 3080 953 Deum
3129 900 3441 955 inclinatio-

1857 1003 1925 1040 ne
1991 985 2275 1042 cadentem
2336 981 2716 1045 emendemus
2781 1006 2998 1056 rursus,
3058 999 3113 1046 et
3167 992 3441 1065 erigamus

1854 1078 2031 1148 quoad
2069 1078 2287 1134 firmum
2319 1088 2520 1136 statum
2563 1081 2831 1149 acquirat.

2460 1171 2710 1226 Scholion
2749 1174 2801 1228 4.

1925 1261 2064 1316 Deus
2091 1269 2174 1316 est
2201 1263 2282 1316 sol
2311 1262 2560 1330 iustitiae,
2603 1263 2681 1316 uti
2731 1263 2993 1333 scriptum
3039 1274 3144 1332 est,
3177 1267 3271 1337 qui
3307 1282 3429 1322 om-

1852 1367 1948 1406 nes
1997 1352 2253 1431 bonitatis
2281 1353 2462 1408 radios
2497 1355 2708 1409 sincere
2735 1356 3002 1425 explicat;
3063 1358 3245 1412 anima
3299 1375 3431 1414 vero

1851 1453 1944 1498 aut
1969 1441 2114 1509 cera,
2147 1455 2404 1512 tanquam
2438 1460 2628 1501 amans
2660 1445 2778 1510 Dei,
2826 1448 3110 1504 antlutum
3171 1461 3428 1519 tanquam

1850 1529 2170 1599 corporibus
2200 1528 2379 1584 aﬂixa.
2429 1531 2898 1596 Quemadmodum
2933 1550 3064 1606 ergo
3129 1537 3304 1591 lutum
3333 1552 3432 1606 pro

1851 1625 2008 1690 genio
2056 1633 2267 1679 naturae
2335 1639 2449 1680 suae
2508 1626 2623 1681 sole
2666 1628 2974 1683 exsiccatur
3028 1636 3084 1682 et
3141 1629 3433 1684 exarescit,

1849 1730 1967 1770 cera
2003 1731 2132 1771 vero
2163 1717 2451 1781 mollescit,
2472 1717 2543 1772 ita
2577 1719 2757 1773 omnis
2787 1719 2967 1774 anima
2998 1721 3152 1775 carni
3181 1728 3235 1775 et
3260 1736 3424 1774 mun-

1847 1808 1918 1862 do
1947 1808 2180 1873 addicta,
2213 1809 2460 1889 quamvis
2489 1826 2516 1862 a
2555 1809 2666 1866 Deo
2694 1810 2969 1866 admonita
3015 1828 3109 1867 seu
3170 1813 3428 1883 impulsa,

1852 1900 2070 1965 quando
2119 1899 2293 1954 eidem
2329 1901 2536 1955 resistit
2563 1909 2616 1956 et
2644 1902 2968 1974 refragatur,
3010 1905 3329 1970 indurescit,
3372 1915 3429 1960 et

1851 1991 2085 2060 seipsam
2129 2007 2252 2047 cum
2286 1993 2568 2049 Pharaone
2596 1994 2651 2048 in
2699 1997 2925 2051 exitium
2982 1997 3232 2067 impellit.
3292 1999 3427 2064 Quae

1849 2090 2031 2136 autem
2068 2080 2235 2137 Deum
2262 2092 2426 2147 amat,
2459 2092 2716 2153 tanquam
2745 2100 2870 2140 cera
2903 2087 3171 2153 mitescit,
3208 2103 3424 2142 rerum-

1848 2189 1954 2245 que
1983 2175 2286 2230 divinarum
2317 2175 2523 2232 formas
2557 2187 2612 2231 et
2641 2179 2982 2234 characteres
3009 2194 3107 2234 seu
3150 2181 3302 2252 signa
3339 2196 3424 2236 re-

1847 2269 1997 2340 cipit,
2056 2270 2190 2324 etin
2226 2269 2417 2340 spiritu
2470 2272 2528 2324 lit
2563 2271 2899 2327 domicilium
2945 2271 3061 2330 Dei.

2368 2361 2531 2434 442
2561 2363 2809 2417 Scholion
2840 2365 2893 2418 5.

1916 2455 1972 2508 In
2018 2455 2188 2510 tribus
2235 2455 2400 2511 rebus
2444 2465 2617 2511 statos
2656 2459 2973 2514 certantium
3042 2459 3419 2529 religiosorum

1845 2548 2211 2618 cognoscitur,
2255 2549 2307 2601 in
2347 2547 2765 2618 cegitationibus
2797 2565 2975 2605 rerum
3004 2551 3257 2608 sensibus
3283 2554 3419 2608 sub-

1838 2641 2139 2710 jectarum;
2186 2641 2239 2694 in
2289 2640 2722 2696 consideratione
2788 2656 2887 2697 seu
2955 2645 3416 2716 contemplatione

1843 2750 2069 2802 carum;
2115 2747 2168 2790 et
2205 2737 2260 2790 in
2308 2737 2520 2791 ratione
2551 2735 2832 2806 precandi.

2459 2829 2710 2883 Scholion
2740 2830 2792 2885 6.

1911 2920 2088 2975 Labor
2133 2937 2226 2976 seu
2267 2919 2512 2992 fatigatio
2547 2923 2798 2992 corporis
2841 2924 3110 2978 tironibus
3141 2923 3257 2979 sive
3309 2925 3412 2978 im-

1843 3013 2092 3081 perfectis
2143 3029 2242 3082 pro
2270 3022 2424 3068 aetate
2447 3028 2643 3084 nempe
2674 3014 2902 3084 spiritus
2932 3015 3088 3070 valde
3123 3015 3276 3072 utilis
3305 3026 3409 3072 est.

1840 3103 2100 3161 Perfectis
2133 3114 2311 3161 autem
2343 3120 2774 3175 supervacaneus
2825 3118 2887 3163 ut
2935 3108 3135 3179 quibus
3181 3107 3416 3164 sufliciat

170 3193 252 3264 τῷ
285 3194 363 3247 νοῒ
383 3194 476 3249 καὶ
503 3195 580 3266 τῷ
608 3197 997 3267 ἀσχηματίστῳ
1024 3198 1121 3268 τῆς
1143 3197 1340 3267 ψυχῆς·
1366 3197 1459 3250 καὶ
1486 3199 1594 3259 τοῖς
1635 3199 1732 3267 μὲν
1759 3225 1802 3282 C

1759 3225 1802 3282 ο
1837 3199 1955 3254 sola
2000 3210 2199 3264 mente,
2229 3207 2283 3254 et
2311 3199 2430 3253 sine
2454 3198 2644 3255 formis
2684 3198 2982 3269 imaginum
3015 3199 3280 3256 exerceri.
3303 3201 3408 3256 Sed

169 3287 385 3356 νηπίοις
438 3287 593 3359 χρεία
642 3290 736 3341 καὶ
784 3288 1101 3358 μετανοιὼν,
1151 3289 1244 3341 καὶ
1285 3289 1484 3359 χειρῶν
1517 3291 1732 3359 μακρὰν

169 3379 471 3440 ἐκτάσεως,
529 3380 620 3432 καὶ
675 3381 944 3450 παννύχου
990 3380 1249 3443 στάσεως,
1293 3381 1386 3434 καὶ
1417 3379 1610 3443 ἄλλων,
1646 3381 1732 3432 ἵνα

171 3469 461 3541 συνεθισθῇ
487 3470 514 3521 ὁ
543 3470 664 3533 νοῦς
693 3470 769 3541 τῷ
799 3470 1009 3541 σώματι
1047 3473 1125 3534 είς
1160 3473 1342 3543 εὐχήν.
1368 3473 1428 3525 Οί
1456 3471 1511 3524 δὲ
1539 3471 1731 3523 τέλειοι

167 3562 249 3630 τῷ
283 3562 364 3615 νοῒ
391 3563 718 3632 ἀρκούμενοι
749 3564 946 3634 μᾶλλον
971 3565 1246 3618 ἄπαυστον
1275 3566 1369 3618 καὶ
1395 3565 1610 3634 διηνεκῆ
1638 3564 1731 3617 κέ-

167 3665 401 3719 κτηνται
445 3652 542 3721 τὴν
591 3652 774 3724 εὐχὴν,
820 3655 868 3707 εἰ
916 3654 1010 3708 καὶ
1064 3654 1277 3725 σώματι
1335 3655 1397 3708 οὐ
1447 3652 1728 3724 βλέπονταο

165 3742 525 3812 πράττοντες.

778 3928 1036 3998 Σχόλιον
1061 3927 1123 3988 ζ’.

249 4015 310 4072 'O
347 4017 477 4082 Θεὸς
509 4017 631 4072 οὔτε
659 4019 790 4074 Θεὸν
830 4021 940 4092 ἔχει
974 4021 1033 4075 ὃν
1069 4020 1454 4094 φοϐηθήσεται,
1489 4022 1610 4076 οὔτε
1639 4023 1730 4079 ἇν-

160 4113 404 4180 θρωπον,
449 4111 508 4164 ὃν
553 4114 968 4185 ἐντραπήσεται·
1014 4115 1114 4168 οὐκ
1151 4115 1264 4169 ἐστι
1306 4117 1729 4188 προσωποληψία

160 4205 299 4274 παρ’
321 4203 487 4273 αὐτῷ·
516 4205 706 4276 κριτὴς
724 4205 832 4276 γάρ
853 4207 1000 4261 ἐστιν
1021 4208 1232 4272 ἀδικίας
1255 4211 1349 4264 καὶ
1368 4210 1724 4290 δικαιοσύνης,

157 4297 446 4351 τουτέστιν
475 4298 695 4352 ἀδίκων·
721 4299 913 4371 δικαίῳ
935 4301 1040 4372 γὰρ
1068 4302 1229 4373 νόμος
1261 4304 1321 4356 οὐ
1356 4307 1550 4358 κεῖται.

763 4483 1020 4550 Σχόλιον
1063 4492 1132 4555 η’.

1835 3286 2124 3342 tirunculis
2151 3286 2417 3357 religiosis
2449 3286 2754 3341 necessaria
2781 3295 2866 3342 est
2897 3297 2952 3342 et
2982 3288 3322 3358 pmnitentia,
3358 3298 3412 3344 et

1832 3377 2011 3448 passis
2039 3378 2131 3432 diu
2164 3377 2413 3431 manibus
2441 3376 2722 3448 (precari),
2754 3384 2809 3431 ct
2838 3386 2951 3432 tota
2995 3386 3154 3432 nocte
3179 3378 3410 3448 pedibus

1832 3468 2172 3532 insistere,et
2202 3468 2302 3523 hoc
2327 3485 2498 3538 genus
2531 3469 2652 3523 aliis
2683 3469 2957 3539 (corporis
2977 3468 3408 3538 afflictionibus),

1832 3570 1892 3614 ut
1937 3570 2219 3616 assuescat
2261 3576 2414 3614 mens
2462 3561 2676 3614 illorum
2703 3562 2916 3629 corpori
2947 3563 3014 3617 ad
3045 3577 3234 3631 preces
3307 3578 3408 3616 ex-

1831 3652 2157 3721 sequendas.
2182 3650 2412 3705 Perfecti
2442 3659 2624 3704 autem
2649 3651 2762 3721 jam
2792 3651 2897 3706 sibi
2940 3651 3264 3707 suﬂicientes
3289 3669 3408 3707 ura—

1831 3743 1965 3798 tioni
1996 3751 2265 3813 perpetuae
2306 3742 2424 3796 sine
2477 3743 2587 3798 ulla
2628 3744 2937 3798 cessatione
2995 3744 3190 3798 intenti
3249 3755 3400 3808 sunt.

1829 3835 2076 3905 quamvis
2103 3834 2157 3889 id
2182 3835 2289 3889 situ
2334 3835 2582 3904 corporis
2611 3851 2721 3890 non
2753 3836 3040 3890 videantur
3071 3835 3270 3892 facere.

2446 3923 2693 3978 Scholion
2733 3927 2785 3978 7.

1895 4018 2035 4074 Deus
2068 4032 2245 4086 neque
2282 4017 2448 4071 Deum
2516 4017 2681 4072 habet
2730 4034 2891 4089 quem
2954 4020 3166 4086 timeat,
3226 4035 3404 4091 neque

1827 4110 2100 4164 hominem
2129 4124 2290 4180 quem
2326 4119 2674 4164 revereatur:
2713 4111 2895 4166 nullus
2929 4121 3011 4170 est
3047 4112 3190 4180 apud
3222 4113 3407 4181 ipsum

1827 4210 2106 4272 respectus
2136 4216 2489 4270 personarum
2524 4217 2538 4254 :
2563 4201 2730 4271 judex
2760 4203 2907 4256 enim
2952 4203 3258 4272 iniquitatis
3318 4214 3403 4259 est

1825 4304 1881 4349 et
1925 4293 2170 4363 iustitiae,
2204 4293 2306 4346 hoc
2347 4301 2452 4358 est,
2487 4293 2840 4364 iniquorum:
2896 4292 3054 4349 Iusto
3118 4297 3255 4350 enim
3315 4297 3401 4350 lea:

1827 4402 1929 4440 non
1965 4395 2043 4440 est
2075 4389 2247 4454 posita
2277 4386 2344 4441 ’7.

2443 4473 2694 4531 Scholion
2723 4478 2776 4532 8.

232 4575 370 4627 Κατ’
395 4573 704 4642 οἰκονομίας
735 4573 902 4635 ἐστὶν,
929 4574 1010 4627 ὅτι
1052 4576 1080 4627 ὁ
1114 4575 1244 4638 Θεὸς
1272 4576 1330 4629 οὐ
1357 4577 1583 4648 παρέχει
1613 4583 1722 4644 τοῖς
1756 4568 1798 4622 Ι)
1895 4572 1899 4623 ξ

1756 4568 1798 4622 D
1895 4569 1973 4624 Ex
2000 4568 2182 4624 divina
2205 4568 2435 4624 subinde
2457 4570 2863 4639 dispensatione
2895 4571 2974 4635 fit,
3010 4571 3229 4638 quando
3251 4569 3395 4626 Deus

155 4665 372 4717 αἰτοῦσι
401 4664 498 4725 τὰς
519 4665 762 4734 χάριτας.
793 4663 1061 4726 Λαϐόντες
1096 4666 1203 4735 γὰρ
1233 4666 1491 4730 πολλάκις
1513 4668 1604 4720 τοῦ
1631 4670 1716 4722 δε-

151 4755 394 4816 δωκότος
422 4753 761 4808 ἐπελάθοντο·
791 4753 866 4818 ὡς
889 4755 969 4808 τό·
997 4757 1252 4824 Ἕφατεν
1279 4756 1504 4821 Ἰακὼϐ,
1535 4760 1626 4812 καὶ
1654 4761 1723 4813 τὰ

153 4849 308 4917 ὲξῆς⁶
357 4847 482 4899 καί⁹
528 4847 833 4901 Ἐκάθισεν
872 4852 906 4902 ό
944 4849 1095 4915 λαὸς
1135 4849 1364 4918 φαγεῖν,
1402 4852 1499 4906 καὶ
1539 4853 1718 4917 πιεῖν,

155 4940 255 4994 καί
281 4939 508 5008 ἀνέστη
535 4938 639 4993 τοῦ
666 4939 917 5006 παίζειν.

655 5115 700 5165 Σ
701 5111 911 5179 χόλιον
947 5113 1141 5168 Ἰσαὰκ
1172 5115 1236 5169 θ’.

241 5199 372 5252 Ἐὰν
399 5199 595 5271 δεηθῇς
624 5202 718 5254 τοῦ
741 5203 874 5256 Θεοῦ
901 5206 1031 5275 περὶ
1054 5207 1378 5278 πράγματος
1408 5211 1499 5263 καὶ
1525 5227 1725 5280 μακροο

153 5292 381 5361 θυμήσῃ
412 5289 505 5342 τοῦ
537 5292 610 5362 μὴ
642 5293 849 5362 ταχέως
879 5295 1182 5350 ὑπακοῦσαί
1205 5316 1318 5363 σου,
1345 5300 1419 5371 μὴ
1448 5301 1637 5355 λυποῦ·
1660 5305 1723 5357 οὐ

153 5383 268 5451 γὰρ
307 5377 362 5434 εἷ
404 5383 467 5435 σὺ
501 5383 594 5435 τοῦ
632 5383 766 5437 Θεοῦ
804 5387 1131 5459 σοφώτερος·
1163 5391 1320 5445 τοῦτο
1343 5391 1397 5445 δὲ
1438 5393 1722 5464 συμϐαίνει

155 5493 265 5540 σοι,
299 5473 332 5542 ἢ
363 5473 450 5527 διὰ
475 5475 535 5527 τὸ
564 5476 778 5543 ἀνάξιόν
805 5496 862 5531 σε
889 5479 1019 5534 ὄντα
1041 5485 1223 5554 τυχεῖν
1246 5484 1347 5554 τῆς
1369 5487 1655 5556 αἰτήσεως·
1687 5489 1720 5559 ἦ

152 5566 246 5620 διὰ
276 5566 340 5619 τὸ
372 5567 447 5635 μὴ
477 5561 616 5620 εἶναι
651 5570 748 5632 τὰς
776 5570 926 5634 ὁδοὺς
973 5572 1072 5639 τῆς
1101 5574 1326 5646 καρδίας
1359 5594 1453 5630 σου
1495 5579 1722 5649 ἐφαμίλ-

152 5658 283 5720 λους
304 5661 416 5720 τοῖς
435 5660 697 5729 αἰτήμασί
731 5679 844 5714 σου·
876 5662 990 5716 ἀλλ’
1014 5667 1274 5733 ἐναντίον,
1294 5668 1332 5740 ἦ
1350 5668 1437 5722 διὰ
1465 5669 1524 5722 τὸ
1555 5671 1721 5740 μήπω

155 5749 454 5815 ἐφθακέναι
492 5767 550 5801 σε
604 5753 664 5804 τὸ
709 5754 902 5824 μέτρον
949 5755 1041 5809 τοῦ
1073 5757 1324 5824 δέξασθαι
1373 5761 1431 5814 τὸ
1477 5761 1720 5831 χάρισμα

231 5883 275 5908 ’⁷
343 5881 358 5935 l
396 5881 536 5938 Tim.
575 5904 611 5950 ι,
647 5891 692 5941 ‘J.
779 5892 820 5923 ³⁵·
848 5889 986 5948 ΓειιιΔ
1029 5911 1251 5958 turni,
1323 5899 1367 5950 ἲ.

1557 5895 1724 5968 Exod.
1782 5915 1951 5963 xxx”.
2008 5908 2037 5960 b'
2069 5923 2083 5966 ς
2120 5902 2136 5957 1
2169 5906 2290 5960 Lor.
2324 5922 2376 5969 κ,
2419 5907 2467 5959 7.

1827 4678 1933 4716 non
1966 4663 2190 4731 largitur
2219 4661 2422 4730 gratias
2477 4662 2800 4728 petentibus.
2838 4662 3221 4731 Smpenumero
3252 4663 3398 4717 enim

1828 4755 1920 4823 qui
1965 4755 2456 4825 acceperuntillas,
2489 4754 2885 4809 obliviscuntur
2937 4757 3215 4825 largitoris
3285 4757 3395 4811 sui.

1827 4848 2288 4913 Quemadmodum
2320 4855 2550 4902 testatur
2594 4848 2765 4902 illud:
2821 4849 3056 4902 Comcdit
3107 4848 3297 4916 Iacob,
3342 4859 3398 4905 et

1827 4955 1954 5008 qua:
1974 4949 2276 5010 sequuntur
2307 4941 2373 4996 ³⁸.
2403 4939 2498 4995 Et:
2534 4939 2680 4995 Sedit
2714 4939 2939 5008 populus
2973 4941 3295 4997 manducare
3345 4953 3394 4997 et

1833 5033 2022 5097 bibere,
2055 5043 2104 5087 et
2131 5034 2357 5088 surrexit
2378 5033 2556 5087 ludere
2583 5035 2647 5086 ’9.

2321 5123 2570 5180 Scholion
2624 5123 2807 5180 Ιτααεί
2849 5126 2900 5181 9.

1901 5217 1957 5271 Si
1982 5230 2202 5287 rogatus
2243 5218 2340 5272 abs
2367 5227 2421 5274 te
2449 5217 2592 5274 Deus
2623 5227 2913 5274 cunctatus
2949 5220 3113 5274 fuerit
3176 5230 3228 5274 te
3281 5227 3397 5274 sta-

1829 5309 1924 5361 tim
1964 5311 2240 5375 exaudire,
2273 5326 2378 5364 non
2408 5320 2492 5366 est
2536 5311 2683 5379 quod
2717 5313 2990 5380 aflligare:
3027 5328 3201 5381 neque
3244 5313 3392 5366 enim

1826 5410 1882 5454 tu
1923 5399 2033 5456 Deo
2083 5402 2379 5472 sapientior
2400 5418 2482 5458 es.
2531 5403 2645 5458 lloc
2691 5415 2872 5456 autem
2921 5404 3015 5458 tibi
3069 5419 3173 5458 usu
3224 5403 3388 5466 venit,

1823 5495 1967 5562 quod
2029 5496 2402 5565 antindignus
2448 5497 2524 5551 sis
2555 5507 2613 5550 ut
2668 5507 2796 5550 voto
2843 5497 3088 5566 potiaris,
3141 5507 3234 5551 aut
3291 5497 3391 5551 viae

1824 5585 2004 5640 cordis
2050 5585 2128 5639 tui
2163 5600 2269 5641 non
2306 5587 2670 5656 respondeant
2701 5588 2948 5657 petitioni
2979 5597 3104 5650 tum,
3163 5588 3258 5642 sed
3299 5602 3386 5642 re-

1827 5686 2086 5747 pugnent,
2123 5686 2217 5732 atIt
2256 5680 2402 5747 quod
2461 5679 2698 5732 nondum
2733 5680 2797 5734 ad
2859 5680 3009 5734 illttnt
3048 5678 3276 5748 gradum
3334 5687 3390 5732 ct

1827 5768 2043 5823 modum
2077 5769 2291 5824 virtutis
2321 5771 2652 5836 perveneris,
2688 5779 2744 5825 ut
2769 5769 2914 5826 illam
2966 5770 3194 5839 gratiam
3242 5771 3383 5825 acci-
