4222 6448
209 407 344 464 1145

1108 401 1333 460 SCALA
1372 398 1748 459 PARADISI.
1780 423 1847 433 —
1883 397 2185 460 GRADUS
2219 400 2487 461 XXVIII.

3248 393 3387 460 ms
3422 412 3427 417 '

198 530 289 573 τος
319 513 376 563 ἐν
407 512 473 579 τῇ
513 509 708 580 καρδὲᾳ
736 511 763 561 ὁ
805 509 926 572 νοῦς
969 510 1221 579 ἀνι)ψὼοη
1260 513 1337 572 εἰς
1372 511 1617 581 ούρανδν,
1653 510 1747 564 καὶ
1772 519 1819 574 Α

1849 511 2009 564 corde
2038 520 2315 579 concepto.
2350 526 2502 565 mens
2547 508 2683 563 elata
2716 509 2770 563 in
2801 507 2994 562 cadum
3026 506 3280 576 deinceps
3326 509 3381 562 in

200 601 385 655 λοιπὸν
405 605 463 653 ὲν
492 601 569 670 τῷ
598 601 818 670 τοιούτῳ
851 599 1071 671 ἀνὼγεῳ
1094 602 1191 669 τῆς
1217 601 1391 671 ψυχῆς
1416 604 1582 671 ἧγουν
1606 619 1740 671 (ppo-

201 695 404 764 νήματι
434 689 539 745 τῶν
564 693 764 763 γηῖνῶν
786 691 1119 763 ὑψηλοτέρῳ,
1149 695 1181 761 ή
1209 692 1304 746 τοῦ
1329 692 1470 746 θείου
1497 696 1740 763 πνεύμα-

1840 602 2150 671 huiusmodi
2179 604 2459 657 caenaculo
2486 602 2676 656 animae
2707 615 2800 655 seu
2832 614 2993 656 sensu
3024 599 3220 653 mentis
3277 607 3386 652 ter-

1839 694 1985 747 renis
2013 692 2220 758 altiore,
2252 693 2414 747 divini
2448 692 2675 762 Spiritus
2725 690 3053 753 descensus,
3089 704 3180 742 seu
3242 689 3386 743 scala

200 800 292 835 τος
339 782 627 844 κατάϐασις
666 782 877 850 γέγονε,
912 781 988 843 ὡς
1032 782 1126 835 καὶ
1157 782 1250 833 ἐπὶ
1287 779 1395 834 τῶν
1436 781 1742 834 ἀποστόλων

1841 784 2090 851 eﬂicitur,
2118 786 2295 854 qualis
2320 800 2481 853 super
2510 783 2783 852 apostolos
2848 780 3161 850 spectabilis
3222 794 3388 849 appa»

201 872 492 943 αἰσθητῶς.

784 963 1040 1031 Σχόλιον
1074 960 1156 1013 ιθ’.

297 1051 591 1122 Δμφότερα
634 1052 826 1122 ἐπίσης
868 1053 966 1119 τὴν
1010 1050 1187 1120 ψυχὴν
1232 1047 1603 1119 εὐεργετοῦσι,
1650 1045 1749 1101 καὶ

203 1140 356 1195 θείαν
378 1144 516 1215 αὐτῇ
543 1142 824 1213 ἐμποιοῦσι
848 1139 1157 1205 κατάνυξιν.

791 1234 1048 1301 Σχόλιον
1071 1239 1139 1287 κ’.

271 1324 393 1379 Τῶν
411 1325 507 1395 τῆς
531 1325 635 1394 γῆς
656 1324 983 1393 ἀφιστῶντα.

778 1417 1034 1485 Σχόλιον
1061 1423 1168 1470 κα’.

275 1509 368 1579 Μὴ
394 1508 664 1581 ἀναχώρει
687 1510 786 1579 τῆς
822 1509 1006 1579 εὐχῆς.
1038 1508 1198 1579 μέχρι
1229 1506 1298 1559 τά
1322 1503 1605 1575 κινηθέντα
1630 1500 1753 1555 θεο-

201 1602 419 1671 πάροχα
437 1602 667 1672 δάκρυα,
697 1603 790 1655 καὶ
830 1601 895 1653 τδ
924 1600 1022 1670 τῆς
1062 1581 1399 1664 κατανύξεως
1442 1594 1553 1665 πῦρ
1593 1592 1756 1646 πάλιν

203 1695 327 1747 κατ’
371 1694 675 1763 οἰκονομίαν
705 1695 803 1764 τὴν
838 1691 1133 1762 γενομένην
1178 1691 1245 1744 δι’
1282 1691 1510 1759 ἔπαρσιν
1562 1683 1756 1739 σταλῶ-

1844 877 1974 930 ruit.

2428 961 2669 1017 Scholion
2725 962 2811 1016 i9.

1914 1055 2089 1110 Ambo
2116 1056 2231 1124 pari
2270 1054 2427 1108 modo
2460 1053 2654 1106 anima:
2699 1059 2945 1121 prosunt,
2974 1057 3027 1104 et
3060 1048 3297 1104 divinam
3321 1050 3391 1100 illi

1846 1148 2309 1218 compunctionem
2341 1145 2595 1200 inferunt.

2434 1233 2678 1289 Scholion
2716 1232 2808 1286 20.

1919 1325 2135 1396 Procul)
2163 1326 2254 1396 qui
2284 1325 2471 1395 procul
2508 1340 2537 1377 a
2572 1323 2731 1376 rebus
2758 1320 2986 1375 terrenis
3016 1318 3185 1374 abest.

2448 1413 2694 1467 Scholion
2718 1411 2810 1464 21.

1920 1506 2039 1561 Non
2067 1504 2285 1560 recedas
2309 1504 2378 1559 ab
2425 1504 2691 1566 oratione,
2735 1500 2904 1553 donec
2950 1508 3131 1562 motae,
3180 1511 3208 1549 a
3266 1494 3401 1547 Deo-

1853 1614 1960 1670 que
1997 1597 2246 1669 proiecta:
2308 1596 2578 1665 lacrymze,
2620 1600 2673 1646 et
2725 1588 3151 1658 compunctionis
3189 1586 3401 1640 ﬂamma

1856 1705 2069 1745 rursum
2109 1703 2175 1744 ex
2228 1687 2405 1742 divina
2451 1686 2791 1740 ordinatione
2844 1691 3060 1753 propter
3114 1681 3400 1734 elationem

204 1788 293 1836 σιν
320 1801 335 1816 -
365 1785 467 1849 ὅτι,
499 1786 680 1854 φησιν,
718 1784 816 1837 οὐκ
844 1777 991 1844 οἶδας
1029 1780 1079 1833 εἰ
1119 1779 1306 1835 ἄλλοτέ
1339 1788 1468 1832 ποτε
1503 1774 1755 1830 τοιούτων
1784 1841 1827 1854 __

1820 1781 2022 1854 Kanimi
2050 1781 2340 1835 sistantur:
2377 1778 2501 1848 quia
2543 1777 2741 1843 nescis,
2791 1775 2986 1844 inquit,
3038 1789 3104 1826 an
3165 1786 3402 1839 unquam

202 1876 463 1947 προξένου
489 1875 881 1952 παραστάσεων
906 1873 1089 1944 τύχῃς.

781 2071 1037 2140 Σχόλιον
1078 2071 1184 2140 κβ⁹.
1405 2117 1408 2120 .

272 2158 399 2218 Οἷον
436 2163 733 2225 κατανοεῖν,
765 2162 860 2214 καὶ
896 2161 1222 2233 ἀναθεωρεῖν
1248 2161 1455 2216 ἑαυτόν.
1486 2158 1593 2212 Καὶ
1626 2155 1756 2211 ἄλλο

197 2256 264 2312 τὸ
300 2257 594 2309 ιπίσκοπον
643 2251 911 2322 γενέσθαι,
942 2253 1036 2307 καὶ
1066 2253 1297 2322 ἄρχοντα
1343 2252 1449 2307 τῶν
1496 2250 1701 2315 παθῶν,
1725 2247 1756 2303 δ

200 2349 296 2402 καὶ
320 2347 468 2419 παρὰ
494 2345 625 2399 πολὺ
656 2342 749 2397 τοῦ
782 2344 1046 2415 προτέρου
1074 2343 1278 2415 μεῖζον.

886 2608 1092 2665 Ἄλλο.

279 2706 497 2774 ’Λρχων
526 2709 624 2774 μέν
655 2708 799 2761 ἐστιν
839 2706 868 2758 ὁ
892 2702 1036 2765 νοῦς,
1088 2704 1217 2756 ὅταν
1263 2700 1333 2754 τὰ
1382 2700 1505 2754 καθ’
1546 2697 1759 2762 ἐαυτὺν,

204 2797 302 2851 καὶ
345 2798 414 2851 τὰ
459 2799 585 2870 περὶ
622 2798 800 2863 αὑτὸν,
825 2798 991 2868 ἦγουν
1017 2794 1115 2857 τάς
1140 2792 1391 2861 δυνάμεις
1438 2790 1538 2860 τῆς
1563 2788 1760 2860 ψυχῆς.

204 2889 302 2943 καὶ
318 2887 390 2941 τὰ
425 2889 517 2942 τοῦ
548 2888 795 2959 σώματος
815 2886 1139 2957 αἰσθητήρια
1170 2883 1349 2948 καλῶς
1379 2879 1633 2955 περιέπῃ,
1668 2881 1763 2936 καὶ

201 2979 536 3049 διεξέρχεται
571 2996 586 3009 ·
618 2979 897 3051 ἀρχιερεὺς
926 2978 984 3032 δὲ
1004 3018 1020 3043 ,
1053 2976 1139 3031 ὅτε
1166 2974 1235 3029 τὰ
1281 2975 1519 3045 νοήματα
1546 2971 1765 3046 καθαρά

205 3072 305 3125 καὶ
328 3071 589 3142 ἀκίϐδηλα
616 3070 697 3142 τῷ
720 3070 848 3142 θείῳ
885 3069 1252 3139 θυσιαστηρίῳ
1296 3068 1363 3120 δι’
1393 3066 1556 3136 εὐχῆς
1599 3080 1766 3136 προσ-

206 3164 321 3232 ἀγῃ
344 3177 360 3193 °
411 3162 507 3215 καὶ
549 3162 806 3232 ἄρχοντος
856 3160 955 3230 μέν
995 3161 1132 3225 ἐστι,
1187 3159 1245 3211 τὺ
1290 3156 1654 3224 ἐπισκοτῆσαι
1698 3153 1766 3205 τὰ
1795 3185 1839 3243 C

206 3255 368 3317 ἐκτός
389 3272 404 3285 ·
435 3252 732 3325 ἀρχιερέως
754 3252 834 3316 δὲ,
866 3250 927 3305 τὸ
949 3250 1185 3321 συνεχῶς
1216 3248 1552 3313 ἐπισκοπεῖν,
1574 3245 1669 3299 καὶ
1701 3245 1771 3299 τά

207 3345 368 3408 ἑκτὺς
397 3346 493 3399 καί⁵
523 3344 590 3397 τὰ
618 3344 787 3408 ἐντός.

795 3521 1053 3590 Σχόλιον
1075 3525 1185 3589 κγ’.

285 3618 422 3686 Περὶ
452 3615 563 3669 τῶν
590 3614 949 3684 ἀγιασμὰτων
983 3613 1171 3682 λέγει.

813 3791 1067 3859 Σχόλιον
1095 3789 1194 3842 κδ’.

284 3884 439 3940 Κύνα
469 3884 615 3953 λέγει
654 3881 744 3935 τὸν
778 3877 1145 3932 ύποσυλοῦντα
1180 3879 1271 3931 τὸν
1299 3876 1424 3930 νοῦν
1450 3875 1538 3930 διά
1561 3875 1772 3946 προφά-

213 3992 357 4039 σεως
398 3976 465 4029 ὲκ
502 3975 600 4045 τῆς
638 3969 945 4043 προσευχῆς
971 3968 1220 4039 δαίμονα,
1263 3966 1323 4021 δν
1359 3967 1441 4021 δεῖ
1468 3965 1683 4020 διώκειν
1705 3966 1773 4037 τῇ

213 4071 340 4124 κατ’
370 4067 533 4123 αὐτοῦ
560 4065 698 4136 πρὸς
724 4064 857 4118 Θεὸν
886 4060 1147 4130 ιντεύξει.

803 4240 1062 4312 Σχόλιον
1092 4247 1192 4298 κε’.

287 4341 620 4413 Σημείωσαι,
646 4336 728 4389 ὅτι
756 4333 857 4397 τὰς
887 4332 1118 4404 αἰσχρὰς
1158 4332 1383 4403 πράξεις
1439 4331 1501 4385 ού
1551 4330 1631 4385 δεῖ
1655 4329 1779 4385 κατ’

214 4432 369 4499 εἶδος
389 4433 525 4502 πρὸς
553 4428 748 4482 λεπτὸν
770 4425 1111 4495 ἐξαγορεύειν
1147 4425 1206 4477 εν
1240 4427 1309 4495 τῇ
1338 4426 1634 4495 προσευχῇ.

897 4517 1091 4570 Ἄλλο.

299 4616 363 4670 ὀ
410 4607 727 4681 γνωστικδς,
770 4606 864 4660 καὶ
913 4606 1069 4671 εἰδὼς
1123 4606 1221 4676 τὴν
1268 4605 1522 4676 ἀλήθειαν
1575 4605 1636 4659 οὐ
1686 4604 1774 4661 διὰ

219 4709 442 4783 μνήμης
487 4702 596 4756 τῶν
637 4701 1012 4772 πραχθέντων,
1060 4696 1194 4752 ἀλλὰ
1237 4696 1305 4748 δι’
1347 4697 1622 4768 ὑπομονῆς
1666 4698 1773 4750 τῶν

215 4796 602 4870 ἐπερχομένων
631 4791 1028 4861 ὲξομολογείται
1065 4789 1144 4861 τῷ
1183 4788 1320 4860 Θεῷ.

805 4887 1063 4955 Σχόλιογ
1088 4889 1201 4948 κς⁹.

288 4986 365 5040 οὐ
390 4983 600 5056 χρῄζει,
634 4981 789 5049 φησι,
811 4976 1129 5037 διδασκάλου
1159 4975 1238 5036 εἰς
1257 4973 1319 5027 τὺ
1350 4971 1773 5043 προσεύχεσθαι·

216 5076 362 5131 ἀλλά
407 5075 504 5144 τῆς
550 5068 738 5125 ἑαυτοῦ
781 5070 913 5132 ἰδίας
962 5065 1299 5137 προθυμίας,
1336 5064 1403 5117 δι’
1443 5064 1509 5135 ῆν
1560 5063 1719 5127 αὐτὸς
1748 5065 1779 5117 ὁ

215 5167 356 5230 Θεὸς
402 5165 594 5234 ἐκείνῳ
632 5159 943 5224 διδάσκαλος
983 5159 1286 5227 ἐφίσταται.
1328 5156 1437 5211 Καὶ
1482 5154 1589 5227 γὰρ
1631 5157 1778 5212 ἐννό-

224 5272 369 5326 μως,
398 5257 491 5309 καὶ
528 5252 819 5326 προθύμως
844 5250 1273 5323 προσευχόμενον
1304 5251 1334 5304 δ
1371 5247 1502 5310 Θεὸς
1532 5246 1619 5301 διὰ
1663 5266 1779 5318 φω-

220 5346 423 5416 τισμοῧ
469 5346 726 5409 διδάσκει,
782 5342 875 5396 καὶ
919 5343 1008 5395 τὸν
1044 5340 1167 5395 νοῦν
1199 5338 1363 5394 αὐτοῦ
1411 5338 1517 5393 ἀπὸ
1570 5340 1778 5415 πλάνης

228 5434 450 5506 βέϐαιον
484 5435 686 5506 ἵστησι,
712 5433 805 5487 καὶ
834 5431 932 5503 τῆς
953 5430 1327 5503 αἰχμαλωσίας
1356 5428 1713 5489 ἀπαλλάττει.

746 5525 931 5579 Ἀλλο
966 5523 1258 5592 Μαξίμου.
1657 5540 1664 5547 ε

311 5617 373 5669 '0
432 5616 522 5668 τὸν
576 5614 711 5669 Θεὸν
761 5616 995 5688 γνησίως
1047 5616 1277 5684 ἀγαπῶν
1302 5656 1318 5680 ,
1363 5615 1776 5689 ἀμετεωρίστωι,

231 5706 585 5779 προσεύχεται
612 5723 626 5736 ·
660 5706 690 5758 ὁ
720 5708 1130 5780 ἀμετεωρὶστως
1178 5708 1622 5780 προσευχόμενος,
1647 5726 1782 5779 γνη-

236 5799 366 5860 σίως
394 5798 479 5851 τδν
519 5797 649 5850 Θεὸν
690 5798 897 5871 ἀγαπᾷ.
932 5799 1044 5854 Οὐκ
1088 5798 1504 5872 ἀμετεωρίστως
1549 5800 1783 5871 προσεύ-

1784 1841 1830 1902 B
1858 1874 1991 1929 alias
2017 1874 2208 1928 talium
2232 1869 2649 1942 patrociniorum
2684 1841 3087 1936 procuratorem
3118 1863 3195 1918 sis
3239 1862 3403 1931 adep-

1856 1976 2031 2023 turus.

2443 2052 2689 2108 Scholion
2724 2047 2816 2104 ‘22.

1924 2136 2244 2219 Cuiusmodi
2290 2157 2372 2200 est
2424 2157 2751 2214 cognoscere
2813 2149 2869 2196 et
2939 2137 3258 2194 descendere
3312 2150 3407 2204 per

1857 2238 2338 2296 considerationem
2368 2237 2420 2291 in
2450 2235 2710 2304 seipsum.
2744 2233 2807 2286 Et
2834 2231 2979 2285 aliud
3008 2244 3127 2285 esse
3152 2228 3282 2281 dicit
3323 2228 3405 2279 in-

1742 2356 1749 2361 τ
1858 2338 2157 2403 spectarem
2190 2344 2372 2401 agere,
2401 2327 2545 2381 aliud
2593 2324 2986 2380 dominatorem
3014 2321 3298 2376 aﬂ'ectuum
3355 2327 3410 2370 ct

1859 2422 2347 2495 perturbationum,
2380 2419 2524 2491 quod
2561 2416 2830 2488 posterius
2860 2413 3031 2469 multo
3064 2412 3296 2466 nobilius
3331 2420 3414 2465 est

1861 2519 2067 2588 priore.

2542 2600 2721 2654 Aliud.

1935 2696 2251 2753 Dominator
2300 2710 2395 2751 seu
2414 2693 2676 2763 princeps
2704 2698 2787 2745 est
2815 2688 3055 2752 animus,
3086 2685 3321 2763 (ιιιτιηιιοΔ
3351 2698 3414 2737 ea
3515 2726 3527 2736 .

1864 2805 1985 2859 qua:
2001 2789 2067 2844 ad
2094 2788 2269 2859 ipsum
2294 2754 2565 2857 pertinent
2578 2754 2632 2837 et
2657 2782 2800 2836 circa
2819 2780 2994 2850 ipsum
3025 2754 3170 2834 sunt.
3199 2754 3416 2840 bociest,

1867 2882 2150 2938 facultates
2183 2880 2376 2935 animae
2404 2885 2459 2931 et
2481 2888 2739 2930 sensuum
2768 2870 3013 2941 corporis
3064 2868 3418 2922 instrumenta

1868 2976 1969 3031 rite
1992 2985 2047 3030 et
2083 2972 2273 3029 ordine
2312 2967 2658 3024 administrat
2689 2973 2743 3019 et
2799 2960 3133 3031 exsequitur.
3174 2956 3419 3014 Pontifex

1870 3076 2052 3122 autem
2085 3072 2171 3120 est
2214 3060 2431 3134 quando
2484 3064 2717 3112 mentem
2757 3062 2812 3107 et
2862 3051 3212 3122 cogitationes
3257 3063 3423 3118 puras

1868 3168 1924 3215 et
1954 3160 2193 3214 sinceras
2225 3169 2321 3224 per
2357 3164 2545 3223 preces
2580 3140 2652 3202 ad
2681 3160 2897 3202 sacrum
2926 3142 3019 3199 Dei
3052 3142 3221 3196 altare
3255 3141 3420 3194 sistit.

1868 3250 2135 3320 Principis
2165 3246 2399 3302 ollicium
2429 3250 2512 3297 est
2545 3249 2768 3296 externa
2819 3234 3198 3290 administrare
3228 3250 3241 3287 :
3287 3246 3423 3301 pon-

1870 3344 2054 3409 tiﬁcis,
2104 3350 2363 3412 perpetuo
2415 3333 2685 3390 exteriora
2735 3328 2989 3384 simulet
3032 3324 3287 3381 interiora
3336 3336 3424 3378 re-

1868 3446 1955 3492 cte
1983 3445 2275 3506 procurare
2306 3436 2361 3485 et
2392 3426 2713 3499 gubernare.

2465 3517 2714 3575 Scholion
2737 3515 2829 3569 ‘13.

1942 3619 2017 3675 De
2060 3616 2260 3673 divinis
2288 3612 2559 3685 mysteriis
2618 3604 2945 3686 sacramenti
3013 3600 3272 3673 loquitur,
3330 3611 3425 3652 seu

1873 3711 1941 3767 de
1974 3704 2346 3765 sanctiﬁcatis.
2658 3704 2662 3709 ’

2457 3788 2703 3845 Scholion
2740 3786 2832 3839 ‘24.

1942 3893 2141 3946 Canem
2170 3892 2323 3941 vocat
2359 3882 2657 3937 daemonem
2685 3876 2779 3947 qui
2809 3888 2904 3945 per
2945 3871 3175 3941 aliquem
3205 3875 3429 3938 praetex-

1874 3991 1990 4038 tum
2076 3974 2448 4049 (necessitatis
2499 3970 2584 4025 vel
2630 3966 2853 4037 negotii)
2896 3961 3149 4020 subducit
3196 3967 3426 4013 mentem

1873 4089 1943 4129 ex
1988 4048 2321 4141 precatione,
2356 4064 2447 4136 qui
2511 4057 2918 4133 persequendus
2974 4064 3057 4109 est
3105 4048 3430 4107 recurrendo

1873 4179 1969 4238 per
1996 4159 2325 4232 colloquium
2354 4157 2614 4213 adversus
2654 4151 2805 4206 illum
2834 4148 2901 4202 ad
2928 4144 3112 4200 Deum.

2465 4244 2709 4300 Scholion
2750 4241 2841 4295 25.

1945 4342 2204 4402 Observa,
2230 4336 2375 4406 quod
2407 4336 2461 4389 in
2497 4333 2750 4403 precibus
2784 4332 2924 4386 facta
2943 4331 3119 4396 turpia
3150 4339 3255 4380 non
3285 4325 3432 4395 sigil-

1874 4434 2026 4488 latim
2055 4439 2111 4485 et
2139 4427 2412 4498 speciatim
2440 4425 2507 4481 ad
2530 4439 2761 4495 unguem
2790 4422 2896 4477 sint
2919 4417 3262 4489 proferenda.

2587 4512 2765 4567 Aliud.

1946 4612 2188 4668 Prudens
2218 4618 2272 4666 et
2302 4622 2501 4679 gnarus
2547 4604 2789 4659 veritatis
2816 4616 2926 4656 non
2992 4599 3153 4674 αὖ
3204 4600 3299 4669 per
3344 4612 3437 4651 eo-

1879 4719 2023 4770 rum,
2084 4717 2203 4773 qua‘.
2239 4700 2423 4773 gessit,
2486 4694 2822 4759 memoriam,
2853 4694 2947 4748 sed
2979 4708 3074 4763 per
3104 4686 3438 4746 tolerantiam

1879 4810 2065 4852 eorum
2090 4808 2210 4864 qua:
2237 4793 2532 4849 incursant,
2569 4785 2677 4839 Deo
2706 4785 3012 4840 conlltetur.

2458 4875 2709 4931 Scholion
2753 4875 2846 4931 26.

1948 4970 2299 5040 Nonmdiget
2340 4966 2614 5039 (inquit)
2667 4966 2928 5037 magistro
2969 4961 3034 5017 ad
3084 4960 3437 5031 precandum,
3497 5010 3514 5026 ,

1880 5069 1972 5126 sed
2007 5080 2102 5121 sua
2127 5072 2181 5118 et
2208 5062 2415 5132 privata
2463 5060 2759 5124 alacritate,
2825 5065 3047 5128 propter
3074 5067 3238 5123 quam
3295 5052 3439 5108 Deus

1882 5159 1997 5229 ipse
2022 5155 2095 5209 illi
2112 5153 2365 5223 magister
2386 5151 2556 5206 adest.
2569 5148 2702 5205 Nam
2729 5150 2829 5206 rite
2855 5155 2908 5202 et
2929 5156 3175 5216 prompte
3196 5156 3440 5201 orantes.

1884 5246 2028 5302 Deus
2048 5260 2143 5315 per
2195 5241 2637 5298 illuminationem
2680 5239 2854 5302 docet,
2884 5250 2939 5291 et
2988 5246 3223 5293 mentem
3273 5236 3443 5306 ipsius

1883 5339 1950 5394 ab
1973 5351 2159 5392 errore
2186 5336 2397 5392 ﬁrmam
2442 5335 2607 5401 sistit,
2654 5340 2707 5386 et
2755 5330 3061 5399 captivitate
3089 5330 3296 5384 liberat.

2438 5513 2600 5568 Aliud
2638 5510 2882 5567 Maximi.

1950 5613 2053 5680 Qui
2087 5612 2252 5669 Deum
2292 5604 2499 5667 sincere
2547 5607 2721 5677 diligit
2767 5609 2883 5662 sine
2910 5605 3257 5663 distractione
3311 5620 3438 5674 prc-

1884 5716 2035 5763 catur
2068 5725 2082 5761 :
2109 5707 2201 5777 qni
2235 5706 2351 5762 sine
2376 5701 2726 5757 distractione
2753 5709 3020 5771 precatur,
3074 5698 3281 5753 sincere
3325 5696 3441 5754 De-

1887 5815 1982 5857 um
2007 5798 2199 5871 diligit.
2244 5796 2360 5856 Non
2420 5804 2540 5852 orat
2594 5796 2711 5852 sine
2775 5790 3125 5849 distractione
3193 5792 3440 5863 quisquis
