4222 6448
763 393 898 458 lli?

1995 398 2056 458 S.
2100 397 2420 459 JOAN'NlS
2453 398 2759 459 CLIMACI

3863 399 3999 467 1148

762 511 998 562 animum
1051 502 1215 559 rebus
1265 505 1494 562 terrenis
1543 505 1760 561 alﬁxum
1798 507 1975 563 habet.
2032 505 2151 563 Non
2203 515 2405 580 ergoA

2332 515 2405 572 Ἀ
2433 526 2585 580 χεται
2621 511 2651 562 ὁ
2681 509 2778 580 τὴν
2825 510 3004 582 ψυχὴν
3047 512 3160 574 τοῖς
3203 511 3411 582 γηῖνοις
3453 510 3999 582 προσκεκολλημένην

763 601 929 654 Deum
956 609 1122 662 amat,
1147 599 1238 668 qui
1272 609 1506 654 mentem
1532 616 1713 656 rerum
1738 601 2098 656 humanarum
2137 602 2331 658 affectu

2431 600 2589 670 έχων.
2631 599 2839 653 οὔκουν
2861 600 2952 653 τὸν
2975 599 3107 653 Θεὸν
3132 602 3321 672 ἀγαπᾷ
3348 603 3378 653 ὁ
3402 600 3494 653 τὸν
3521 601 3646 653 νοῦν
3667 606 3735 673 τῇ
3763 603 3902 672 πρὸς
3931 605 4000 655 τά

763 691 1071 745 devinctam
1116 689 1295 743 habet.

1383 782 1543 835 Aliud
1580 781 1716 836 Nili.

831 872 1015 927 Oratio
1041 881 1126 928 est
1151 872 1379 926 elevatio
1401 871 1698 945 [ascensio]
1721 873 1982 928 tuentisin
2021 873 2207 930 Deum.
2239 875 2332 928 At-

763 964 932 1017 tentio
945 964 1242 1018 orationem
1259 963 1447 1032 quaerit
1462 963 1766 1018 etfinvenit.
1798 966 2160 1020 Attentionem
2185 967 2329 1020 enim

2431 687 2744 759 ἀνθρώπινα
2769 688 3112 760 προσπαθείᾳ
3139 689 3420 758 δεδεμένον
3444 690 3600 759 ἔχων.

2996 783 3176 835 Ἄλλο
3197 783 3436 836 Νείλου.

2507 873 2782 942 Προσευχή
2815 873 2931 925 ἐστι
2954 871 3216 935 ἀνάϐασις
3251 872 3343 925 νοῦ
3377 873 3512 944 πρὸς
3542 873 3675 925 Θεόν
3705 889 3720 904 ο
3757 871 4003 944 προσοχὴ

2437 963 2741 1032 προσευχὴν
2783 959 3019 1032 ζητοῦσα
3066 962 3373 1034 προσευχὴν
3415 962 3652 1032 εὑροῦσα
3684 979 3700 994 ο
3745 966 3992 1032 προσοχῇ

763 1055 808 1105 si
830 1053 958 1123 quid
981 1054 1127 1108 aliud
1151 1053 1393 1122 sequitur
1416 1053 1614 1117 oratio,
1674 1068 1770 1123 pro
1793 1069 1916 1139 qua
1969 1055 2329 1124 (attentione)

2435 1058 2545 1125 γάρ
2575 1056 2848 1126 προσευχὴ
2879 1057 2978 1127 (α),
3008 1057 3058 1109 εί
3087 1056 3178 1109 καί
3205 1073 3258 1108 τι
3287 1055 3416 1109 ἄλλο
3443 1056 3634 1108 ἕπεται
3657 1048 3800 1128 ἔφ”ᾗ
3832 1070 4001 1106 σπουο

770 1145 1131 1201 laborandum
1160 1155 1261 1200 est.

1291 1398 1567 1454 GBADUS
1616 1399 1808 1455 XXIX.

766 1513 848 1577 De
878 1525 1023 1587 uelo,
1060 1527 1292 1579 terrestri
1318 1534 1368 1578 et
1388 1526 1670 1580 imitatrice
1719 1525 1817 1580 Dei
1850 1527 2013 1580 animi
2038 1527 2338 1597 tranquilli-

841 1605 948 1668 tate
962 1604 1011 1647 et
1021 1597 1338 1668 perfectione
1364 1608 1412 1648 et
1435 1598 1810 1651 resurrectione
1829 1599 2023 1652 anima:
2047 1607 2169 1651 ante
2183 1613 2331 1668 gene-

841 1665 1009 1718 ralem
1036 1666 1490 1720 resurrectionem.

847 1757 986 1813 Ecce
1019 1757 1272 1829 deinceps
1299 1768 1350 1814 et
1385 1775 1507 1824 nos,
1539 1759 1786 1840 quamvis
1820 1759 1874 1814 in
1909 1759 2338 1830 profundissimo
2367 1773 2410 1828 Β

771 1848 1094 1918 ignorantia:
1153 1851 1296 1918 lacu,
1348 1860 1403 1906 et
1457 1852 1927 1920 perturbationum
1975 1853 2235 1921 tenebris,
2288 1862 2344 1909 et

775 1943 970 1997 umbra
1006 1943 1200 1998 mortis
1223 1945 1467 2014 corporis
1501 1945 1663 2015 hujus
1702 1945 1972 2010 collocati,
2000 1947 2067 2001 de
2097 1948 2342 2004 terrestri

774 2045 953 2090 tamen
1003 2037 1142 2092 cmlo
1198 2053 1294 2108 per
1341 2038 1620 2094 audaciam
1658 2039 1933 2108 disputare
1981 2040 2344 2111 aggredimur.

781 2127 1206 2184 Firmamentum
1269 2131 1488 2200 quidem
1537 2146 1636 2202 pro
1674 2141 1870 2186 ornatu
1909 2132 2066 2188 habet
2109 2134 2291 2190 stellas
2327 2152 2344 2190 :

776 2220 942 2276 animi
967 2237 1095 2276 vero
1124 2223 1486 2292 tranquillitas
1509 2223 1764 2280 virtutes.
1782 2224 1897 2294 Ego
1912 2225 2056 2278 enim
2073 2225 2346 2280 ἀπάθειαν

778 2307 894 2364 sive
934 2308 1374 2379 tranquillitatem
1405 2310 1572 2365 animi
1624 2311 1756 2366 nihil
1805 2310 1952 2366 aliud
1983 2327 2106 2368 esse
2154 2313 2345 2368 existi-

779 2413 890 2463 mo,
915 2415 1078 2468 quam
1121 2401 1315 2456 mentis
1352 2400 1406 2456 in
1453 2401 1618 2458 corde
1673 2401 1895 2466 coelum,
1939 2403 2086 2471 quod
2147 2417 2345 2461 omnes

780 2493 1054 2560 improbas
1077 2493 1384 2548 daemonum
1408 2503 1554 2550 artes
1578 2495 1832 2565 deinceps
1879 2495 2044 2568 5.56
2073 2511 2170 2568 pro
2219 2495 2351 2554 ludo

2437 1147 2682 1204 δαστέον.

3027 1407 3246 1462 ΛΟΓΟΣ
3277 1407 3408 1462 KO'.

2436 1533 2705 1610 "spirat?
2730 1533 2992 1610 ἐπιγείου
3018 1532 3292 1610 οὐρανοῦ
3321 1531 3432 1610 τῆς
3461 1531 4004 1610 θεοιιιιιήτουᾼὰπς-

2507 1605 2688 1668 θείας,
2712 1603 2810 1656 καὶ
2835 1605 3228 1668 τελειότητος,
3259 1603 3359 1656 καί
3375 1603 3767 1667 ἀναστάσεως
3795 1603 4008 1671 ψυχῆς

2508 1673 2622 1741 πρὸ
2658 1673 2767 1742 τῆς
2796 1673 3004 1741 κοινῆς
3031 1672 3439 1738 ἀναστάσεως.

2519 1763 2655 1817 Ἰδοὺ
2678 1762 2861 1816 λοιπὸν
2891 1763 2988 1816 καὶ
3011 1763 3172 1832 ἡμεῖς
3195 1764 3244 1814 οἱ
3273 1761 3516 1823 τεθέντες
3536 1761 3595 1812 ἐν
3620 1761 3810 1830 λάκκῳ
3831 1761 4009 1826 ἀγνω-

2445 1855 2566 1918 σίας
2597 1855 2880 1926 βαθυτάτῳ
2917 1855 3012 1909 καὶ
3051 1855 3343 1916 σκοτεινοῖς
3369 1853 3587 1915 πάθεσι,
3620 1854 3712 1906 καὶ
3753 1855 3888 1924 σκιᾷ
3917 1852 4011 1904 0a-

2444 1949 2603 2004 νάτου
2635 1947 2824 2002 τούτου
2848 1947 2941 2003 τοῦ
2972 1947 3244 2016 σώματος,
3278 1947 3408 2020 περὶ
3435 1947 3530 2000 τοῦ
3563 1947 3808 2013 ἐπιγείου
3837 1947 4006 2014 ούρα-

2444 2038 2535 2094 νοῦ
2574 2039 2640 2092 ὲκ
2666 2038 3004 2110 θρασύτητος
3041 2040 3348 2110 φιλοσοφεῖν
3371 2038 3666 2111 ἀρχόμεθα.
3710 2039 3867 2109 Ἔχει
3913 2038 4012 2107 μὲν

2445 2128 2554 2199 γὰρ
2584 2127 2645 2180 τὸ
2677 2127 2964 2199 στερέωμα
3003 2130 3130 2193 τοὺς
3183 2129 3418 2201 ἀστέρας
3449 2129 3674 2193 κάλλος,
3705 2131 3740 2200 ἡ
3774 2129 3832 2182 δὲ
3870 2128 4013 2181 aua-

2447 2221 2566 2276 θεια
2598 2219 2694 2283 τάς
2724 2220 2920 2290 ἀρετάς
2947 2221 3149 2291 κόσμον
3179 2236 3194 2251 ·
3234 2220 3387 2274 οὐδὲν
3409 2219 3516 2290 γάρ
3547 2219 3731 2291 ἕτερόν
3757 2237 3807 2272 τι
3836 2219 4013 2288 ἔγωγε

2447 2312 2716 2368 ἀπάθειαν
2742 2311 3013 2384 ὑπείληφα
3041 2307 3181 2366 εἶναι
3203 2326 3218 2340 ’
3251 2310 3366 2365 ἀλλ’
3399 2310 3433 2381 ἢ
3461 2311 3749 2382 ἐγκάρδιον
3772 2309 3894 2374 νοδς
3921 2311 4014 2362 οὐ-

2449 2404 2632 2477 ρανὸν,
2675 2403 2775 2465 τὰς
2831 2403 2940 2456 τῶν
2983 2402 3255 2474 δαιμόνων
3311 2401 3670 2473 πανουργίας,
3719 2401 4015 2472 ἀθύρματα

2447 2489 2632 2545 λοιπὸν
2672 2489 3035 2561 λογιζόμενον.
3117 2489 3355 2562 Ἀπαθὴς
3397 2489 3496 2561 μὲν
3539 2486 3634 2545 οὖν
3678 2491 3886 2562 κυρίως
3925 2490 4017 2543 καὶ

777 2587 833 2632 et
862 2578 1095 2636 ludibrio
1112 2583 1272 2638 habet
1305 2592 1360 2638 et
1387 2585 1702 2638 contemnit.
1739 2584 1924 2640 Victor
1956 2601 2086 2654 ergo
2108 2587 2349 2642 omnium

2450 2583 2702 2652 ὑπάρχει,
2731 2581 2826 2635 καὶ
2856 2581 3197 2652 γνωρίζεται,
3218 2583 3248 2635 ό
3269 2582 3370 2653 τὴν
3399 2582 3578 2653 σάρκα
3611 2581 3713 2650 μὲν
3738 2581 4018 2651 ἄφθαρτον

779 2673 1250 2739 perturbationum
1279 2675 1325 2731 is
1388 2691 1513 2731 vere
1543 2687 1598 2731 et
1643 2687 1730 2732 est
1756 2687 1810 2733 et
1877 2679 2208 2747 agnoscitur,
2257 2680 2352 2749 qui

2452 2675 2700 2744 ποιήσας,
2727 2674 2816 2727 τὸν
2842 2673 2901 2727 δὲ
2919 2672 3042 2727 νοῦν
3077 2673 3176 2742 τῆς
3201 2673 3427 2737 κτίσεως
3467 2673 3780 2742 ἀνυψὼσας,
3816 2673 3920 2736 τάς
3964 2673 4019 2726 δὲ

780 2780 996 2821 rarnetn
1021 2783 1174 2822 suam
1200 2769 1269 2823 ab
1296 2769 1442 2822 omni
1472 2769 1592 2824 labe
1629 2771 1992 2842 corruptionis
2023 2774 2352 2845 repurgavit,

2453 2765 2633 2828 πάσας
2675 2765 2950 2834 αἰσθήσεις
2997 2763 3171 2835 τούτῳ
3210 2761 3515 2828 ὑποτάξαςο
3552 2763 3631 2834 τῷ
3657 2763 3714 2816 δὲ
3743 2763 4020 2834 προσώπῳ

777 2866 836 2913 et
884 2857 1252 2929 incorruptam
1317 2861 1567 2928 reddidit,
1629 2872 1866 2919 mentem
1932 2874 2112 2920 autem
2183 2880 2352 2936 supra

2454 2856 2660 2927 Κυρίου
2685 2856 2783 2925 τὴν
2811 2853 2992 2926 ψυχὴν
3015 2855 3368 2926 παραστήσας
3396 2854 3537 2924 ὑπὲρ
3569 2853 3668 2925 τὴν
3694 2852 3902 2923 ἑαυτῆς
3945 2855 4022 2905 ἱσ-

779 2965 996 3006 omnem
1030 2961 1268 3007 creatam
1297 2961 1546 3008 naturam
1580 2955 1794 3021 extulit,
1836 2965 1890 3011 et
1920 2970 2112 3012 omnes
2159 2971 2356 3014 sensus

2455 2948 2554 3017 χῦν
2587 2946 2722 3017 πρὸς
2757 2945 2916 2999 αὑτὸν
2945 2946 3032 2999 ἀεὶ
3063 2945 3534 3016 ὲπεκτεινομένης.
3565 2944 3722 3008 Τινὲς
3757 2944 3817 2998 δὲ
3865 2944 4024 2998 πάλιν

782 3041 1027 3110 corporis
1052 3043 1218 3096 menti
1243 3043 1498 3113 subjecit,
1543 3045 1781 3099 animam
1815 3059 1942 3100 vero
1966 3045 2137 3115 ipsam
2168 3061 2352 3102 coram
2387 3099 2427 3115 η

2387 3099 2427 3115 Α
2457 3039 2725 3094 ἀπάθειαν
2753 3034 2891 3092 εἶναι
2919 3039 3191 3109 ὁρίζονται
3226 3039 3522 3094 ἀνάστασιν
3567 3037 3744 3108 ψυχῆς
3779 3037 3890 3108 πρὸ
3933 3036 4025 3090 τοῦ

782 3099 998 3188 Domini
1035 3133 1173 3190 facie
1221 3099 1377 3198 stitit',
1423 3099 1586 3206 quam
1638 3138 1779 3193 ultra
1827 3099 2036 3194 natura:
2088 3140 2232 3196 vires
2289 3099 2430 3197 adc

2382 3099 2430 3162 Ο
2462 3129 2708 3202 σώματος
2741 3146 2755 3160 ο
2786 3130 2930 3184 ἄλλοι
2953 3099 3325 3199 δὶς-ἐπίγνωσιν
3354 3129 3490 3182 Θεοῦ
3513 3099 3754 3196 τελείαν,
3778 3099 4028 3198 ἀγγέλων

784 3225 964 3293 ipsum
994 3229 1256 3284 extendit.
1282 3228 1386 3283 Alii
1415 3230 1556 3285 hanc
1602 3231 1768 3286 animi
1812 3231 2254 3302 tranquillitatem
2290 3235 2358 3289 ab

2461 3221 2716 3292 δευτέραν
2742 3237 2756 3250 ⁶
2790 3221 2930 3292 αὕτη
2963 3217 3053 3275 οῦν
3083 3221 3118 3292 ή
3142 3221 3324 3275 τελεία
3353 3220 3461 3274 τῶν
3490 3220 3711 3274 τελείων
3742 3219 4028 3283 ἀτέλεστος

785 3318 1041 3373 omnibus
1071 3321 1572 3388 perturbationibus
1595 3324 1820 3378 liberam
1863 3323 2202 3380 allirmarunt
2237 3340 2360 3382 esse

2459 3312 2736 3384 τελειότης
2761 3313 2903 3367 καθά
2933 3312 3022 3382 μοί
3049 3313 3134 3376 τίς
3157 3312 3326 3382 αὐτῆς
3351 3312 3685 3382 γευσάμενος
3708 3311 3788 3380 (1)
3817 3313 4029 3382 ύφηγή·

786 3410 1018 3466 reditum
1056 3411 1110 3466 in
1168 3414 1331 3467 vitam
1383 3424 1508 3468 ante
1579 3416 2031 3471 resurrectionem
2095 3419 2356 3486 corporis.

785 3501 891 3556 Alii
918 3500 1209 3571 perfectam
1247 3502 1340 3558 Dei
1410 3505 1814 3573 cogitationem,
1864 3507 2088 3561 alteram
2138 3510 2360 3578 angelo-

789 3608 910 3648 rum
947 3591 1232 3666 [similem
1266 3595 1526 3669 angelis].
1579 3596 1704 3652 Haec
1760 3613 1889 3668 ergo
1951 3598 2185 3668 perfecta
2239 3615 2364 3670 per-

788 3683 1053 3738 lectorum
1102 3684 1310 3740 infinita
1364 3685 1644 3756 perfectio,
1706 3689 2163 3758 quemadmodum
2231 3689 2364 3745 mihi

787 3770 881 3840 qui
909 3771 1068 3826 istius
1127 3781 1341 3841 gustum
1387 3774 1646 3844 percepit,
1707 3775 2001 3836 enarravit,
2051 3777 2186 3830 adeo
2210 3775 2366 3830 dein-

787 3872 916 3926 ceps
942 3867 1174 3912 mentem
1211 3871 1454 3914 sanctam
1490 3862 1685 3925 reddit,
1713 3872 1769 3917 et
1808 3863 1877 3916 ab
1927 3878 2188 3918 sensuum
2250 3877 2365 3916 ma-

789 3952 921 4004 teria
945 3951 1231 4016 abstrahit,
1265 3963 1322 4008 nt
1341 3954 1627 4022 plurimam
1653 3962 1706 4009 et
1727 3955 2016 4010 maximam
2035 3955 2200 4024 bujus
2223 3969 2368 4010 mor-

791 4040 918 4095 talis
949 4041 1068 4097 vita'
1090 4055 1293 4112 partem
1327 4054 1448 4114 post
1476 4053 1796 4115 occupatum
1825 4047 2098 4102 caelestem
2127 4053 2365 4116 portum,

794 4132 846 4183 in
877 4131 1071 4185 coelum
1100 4147 1196 4202 per
1253 4133 1449 4187 mentis
1484 4147 1766 4188 excessum
1812 4135 1878 4188 ad
1920 4131 2084 4187 Deum
2127 4143 2370 4188 contem-

2467 3423 2616 3470 σατο,
2646 3403 2788 3458 οὔτω
2828 3404 3012 3458 λοιπὸν
3038 3405 3130 3458 τὸν
3160 3403 3284 3458 νοῦν
3313 3405 3530 3471 ἁγιάζει
3551 3444 3567 3470 ,
3605 3404 3703 3456 καὶ
3735 3403 3848 3456 τῶν
3892 3403 4032 3457 ὑλῶν

2466 3496 2798 3566 ἀφαρπάζει,
2847 3496 2923 3560 ὡς
2953 3496 3015 3549 τὸ
3044 3497 3177 3550 πολὺ
3224 3497 3324 3566 τῆς
3361 3497 3420 3549 ὲν
3471 3497 3636 3566 σαρκὶ
3681 3494 3852 3564 ζωῆς,
3899 3494 4034 3567 μετά

2465 3587 2566 3659 τὴν
2597 3587 2899 3656 κατάληψιν
2931 3587 3110 3657 μέντοι
3147 3587 3242 3640 τοῦ
3283 3585 3531 3657 οὐρανίου
3575 3586 3816 3656 λιμένος,
3844 3587 3909 3639 ἐν
3943 3587 4031 3638 οὗ·

2433 3707 2435 3710 ι
2473 3678 2618 3753 ρανῷ
2647 3679 2974 3748 ἐξεστηκότα
3018 3678 3180 3732 αὐτὸν
3227 3679 3363 3746 πρὸς
3415 3677 3648 3748 θεωρίαν
3686 3676 3887 3745 ἀνυψοῖ
3912 3677 3990 3743 (9.)
4020 3693 4032 3704 ·

2471 3771 2598 3840 περὶ
2638 3762 2698 3822 οῦ
2729 3769 2822 3823 καί
2861 3768 2993 3838 φησί
3025 3785 3126 3821 που
3155 3769 3184 3820 ό
3233 3770 3428 3838 πεῖραν
3479 3770 3610 3830 ἴσως
3643 3767 3908 3836 εἰληφὼς,
3955 3768 4035 3819 ὅτι

2471 3859 2566 3914 τοῦ
2593 3859 2726 3912 Θεοῦ
2753 3861 2802 3912 οἱ
2840 3859 3090 3930 κραταιοὶ
3134 3859 3233 3929 τῆς
3276 3859 3383 3929 γῆς
3427 3859 3629 3930 σφόδρα
3672 3858 4035 3928 ἐπήρθησαν·

2470 3949 2709 4004 τοιοῦτον
2739 3950 2982 4019 ἔγνωμεν
3012 3949 3108 4003 καὶ
3137 3950 3228 4002 τὸν
3269 3948 3587 4017 Αἰγύπτιον,
3613 3949 3704 4001 τὸν
3754 3948 3831 4018 μὴ
3864 3948 4040 4000 ὲῶντα

2471 4041 2568 4104 τάς
2597 4040 2790 4094 ἑαυτοῦ
2820 4043 3008 4111 χεῖρας
3035 4040 3127 4093 ἐπὶ
3157 4039 3291 4094 πολὺ
3319 4041 3621 4109 τεταμένας
3647 4041 3706 4093 ὲν
3731 4041 4038 4110 προσευχῇ,

2474 4130 2634 4201 ἡνίκα
2669 4130 2736 4184 ἀν
2764 4129 2902 4200 μετά
2925 4147 3086 4184 τινων
3117 4129 3476 4200 προσηύχετο.

793 4227 1050 4296 plandum
1109 4229 1355 4283 extollat.
1406 4227 1482 4284 De
1510 4244 1620 4298 quo
1649 4230 1886 4298 loquitur
1916 4230 1976 4290 iis
2030 4229 2123 4300 qui
2156 4229 2231 4283 rei
2265 4229 2696 4299 experimentum
2764 4225 2995 4282 fortasse
3061 4234 3301 4295 ceperat,
3368 4224 3516 4296 quod
3558 4223 3656 4278 Dei
3687 4224 3856 4292 fortes
3891 4235 4042 4279 terra:

794 4318 1112 4372 velieiuenter
1137 4318 1323 4372 elevati
1357 4330 1480 4373 sunt
1524 4322 1570 4354 ³⁸
1592 4363 1607 4387 ,
1637 4321 1852 4390 qualem
1876 4318 2043 4375 fuisse
2077 4318 2389 4391 Egyptium
2421 4320 2573 4375 illum
2606 4320 2680 4390 (υ)
2709 4318 3022 4385 didicimus,
3052 4317 3148 4388 qui
3177 4317 3342 4372 etiam
3375 4317 3519 4372 inter
3551 4317 3756 4372 multos
3786 4328 4042 4387 precatus

795 4425 991 4464 manus
1025 4420 1084 4464 ut
1115 4413 1406 4482 plurimum
1435 4423 1682 4468 extentas
1731 4429 1840 4468 non
1876 4414 2200 4468 remittebat.

867 4499 961 4556 Est
991 4503 1131 4554 inter
1159 4503 1573 4573 imperturbatus
1627 4503 1747 4558 illos
1789 4503 1926 4558 alius
1956 4503 2062 4557 alio
2103 4502 2367 4572 tranquil-
2395 4507 2442 4563 ι)

802 4593 906 4646 lior
929 4601 983 4648 et
1009 4593 1317 4664 perfectior.
1360 4593 1495 4649 Nam
1542 4594 1682 4648 alius
1728 4609 2053 4664 magnOpet-e
2103 4593 2217 4648 odit
2261 4593 2368 4648 ini-

801 4687 1060 4753 quitatem
1111 4704 1125 4740 :
1182 4687 1322 4740 alius
1385 4685 1694 4755 inexplebili
1737 4685 1899 4740 modo
1948 4686 2164 4741 ditescit
2195 4685 2366 4740 virtu-

805 4781 970 4836 tibus.
1015 4778 1156 4845 Quin
1189 4791 1245 4835 et
1277 4779 1597 4835 castimonia
1623 4779 1868 4848 quasdam
1898 4779 2064 4832 animi
2095 4778 2368 4847 tranquil-

806 4873 954 4935 litas,
1014 4880 1068 4924 et
1101 4871 1292 4924 merito
1339 4870 1556 4940 quidem
1629 4870 1951 4939 appellatur.
2042 4867 2200 4939 447
2273 4867 2369 4922 Est

805 4963 950 5017 enim
981 4962 1306 5031 principium
1347 4961 1654 5017 communis
1715 4961 2130 5017 resurrectionis
2160 4970 2214 5016 et
2245 4976 2368 5016 cor-

808 5063 1092 5122 ruptorum
1125 5067 1224 5107 seu
1283 5053 1595 5106 mortalium
1631 5051 2054 5122 iucorruptionis
2114 5065 2207 5106 seu
2264 5050 2371 5104 im-

811 5145 1173 5200 mortalitatis.
1223 5143 1684 5215 Tranquillitatem
1739 5143 1976 5199 ostendit
2042 5143 2136 5213 qui
2190 5142 2374 5197 dixit:

2539 4502 2726 4555 Ἔστιν
2756 4499 2971 4570 ἀπαθὴς
3000 4500 3101 4563 (3),
3126 4498 3223 4551 καὶ
3268 4496 3418 4552 ἐστιν
3462 4495 3709 4559 ἀπαθοῦς
3740 4497 4044 4551 ἀπαθέστε-

2472 4609 2585 4664 ρος.
2627 4592 2684 4644 ’0
2743 4591 2841 4662 μὲν
2881 4589 2993 4660 γάρ
3026 4587 3258 4660 ἰσχυρῶς
3309 4589 3456 4658 μισεῖ
3503 4587 3569 4640 τά
3623 4587 3883 4658 πονηρὰ,
3936 4591 4046 4642 όδὲ

2471 4683 2774 4747 ἀπλείστως
2802 4683 3020 4736 πλουτεῖ
3042 4683 3101 4735 ὲν
3131 4681 3372 4752 ἀρεταῖς,
3395 4680 3491 4732 καὶ
3513 4681 3548 4751 ἡ
3575 4679 3770 4747 ἀγνεία
3803 4681 4047 4735 ἀπάθεια

2471 4774 2706 4842 λέγεται,
2734 4775 2826 4827 καὶ
2851 4773 3093 4834 είκότως.
3122 4771 3412 4840 Προοίμιον
3439 4769 3549 4840 γάρ
3577 4769 3678 4839 τῆς
3696 4771 3885 4840 κοινῆς
3920 4772 4046 4825 ἀνα-

2473 4869 2714 4930 στάσεως
2743 4865 2839 4918 καὶ
2866 4864 3174 4935 ἀφθαρσίας
3197 4862 3472 4934 φθαρτῶν.
3517 4863 3816 4916 Ἀπάθειαν
3846 4864 4048 4927 ἔδειξεν

2473 4959 2503 5012 6
2542 4957 2742 5012 εἰπών·
2773 4954 2914 5010 Νοῦν
2945 4955 3146 5026 Κυρίου
3168 4955 3460 5023 κέκτημαι.
3503 4953 3797 5008 ’Λπάθειαν
3843 4955 4052 5018 ἔδειξεν

2477 5046 2507 5098 ὁ
2529 5045 2696 5098 εἰπὼν
2717 5043 3031 5112 Αἰγύπτιος,
3065 5041 3141 5113 μὴ
3173 5042 3454 5111 φοόεῖσθαι
3478 5042 3573 5094 τὸν
3603 5040 3832 5111 Κύριον.
3882 5039 4073 5096 ’Δπά-⁵

2480 5134 2631 5189 θειαν
2664 5133 2862 5199 ἔδειξεν
2902 5133 2932 5185 ὀ
2960 5129 3396 5202 ἀνθυποστρέψαι
3431 5131 3501 5185 τά
3532 5129 3680 5200 πάθη
3718 5130 4044 5200 εὐξάμενος.

812 5237 1046 5292 Sensum
1099 5236 1309 5291 Domini
1363 5235 1600 5305 possedi.
1659 5234 2124 5304 Tranquillitatem
2152 5232 2386 5288 ostendit

2378 5247 2386 5286 ι
2481 5227 2578 5290 Τίς
2613 5225 2720 5297 πρὸ
2762 5227 2862 5296 τῆς
2904 5223 3204 5294 μελλούσης
3246 5223 3647 5294 λαμπρότητος,
3681 5223 3760 5286 ὡς
3808 5226 3838 5276 ό
3885 5225 4045 5294 Σύρος

815 5326 1104 5399 Egyptius
1165 5329 1236 5396 (c)
1284 5329 1380 5397 qui
1437 5328 1652 5397 negavit
1703 5342 1764 5381 se
1808 5325 2096 5380 Dominum
2159 5324 2373 5378 timere.

822 5419 1074 5474 Ostendit
1101 5428 1153 5474 et
1182 5419 1291 5483 ille,
1317 5419 1434 5488 qui,
1513 5427 1572 5472 ut
1615 5417 2078 5488 perturbationum
2129 5415 2254 5470 vitia
2310 5413 2376 5468 ad

2477 5319 2682 5379 ἐκεῖνος
2700 5315 2968 5378 ἀπαθείας
2988 5315 3249 5384 ὴξίωταις
3291 5314 3349 5368 Ὀ
3377 5315 3475 5384 μὲν
3503 5314 3612 5384 γάρ
3643 5314 3811 5367 Δαυῖδ
3832 5317 3863 5367 ὁ
3894 5315 4043 5384 περί·

2476 5426 2656 5481 φημος
2697 5411 2755 5462 ἐν
2804 5409 3108 5479 προφήταις
3134 5423 3149 5438 ·
3186 5409 3363 5474 Ἀιές
3400 5425 3523 5477 μοι,
3572 5409 3736 5476 φησὶν
3775 5411 3911 5483 προς
3937 5406 4038 5461 Κύ-

888 5535 933 5567 ³⁶
955 5533 1032 5589 Ita
1059 5533 1200 5589 Psal.
1236 5548 1376 5600 vai,
1414 5535 1499 5599 10,
1533 5545 1655 5587 cum
1701 5529 1840 5584 LXX
1866 5539 1919 5586 et
1971 5530 2134 5585 llebr.
2188 5531 2334 5600 legit,
2365 5527 2454 5584 ubi
2513 5542 2634 5590 nos,
2698 5526 2788 5579 Dii
2819 5529 2998 5595 fortes,
3032 5533 3135 5581 etc.

894 5657 972 5722 (α)
1027 5655 1082 5708 In
1132 5655 1324 5709 Graeco
1351 5668 1436 5707 res
1461 5652 1624 5706 dubia
1666 5658 1756 5722 est
1777 5667 1843 5704 an
1871 5649 2095 5722 attentio
2125 5662 2382 5722 sequatur

823 5719 1144 5789 orationem,
1178 5725 1258 5778 vel
1285 5722 1462 5776 oratio
1490 5721 1860 5776 attentionem.
1897 5719 2191 5789 Utrobiquc
2236 5721 2379 5773 enim

823 5797 1018 5869 legitur
1091 5795 1326 5866 προσοχῇ
1359 5803 1413 5850 et
1451 5793 1742 5863 προσευχῇ.
1798 5790 1908 5847 Nos
1979 5792 2383 5846 emcndavimu:

2482 5648 2701 5704 dubiam
2739 5646 3077 5713 scripturam.

2556 5718 2630 5786 (ίι)
2663 5718 2725 5786 1}.
2761 5716 2999 5786 'l‘itltccs.

2559 5781 2629 5858 (ο)
2661 5781 2722 5842 l5.
2765 5785 3047 5843 Antonius.
