4222 6448
205 387 363 454 1149.

1106 390 1325 447 SCALA
1381 387 1751 447 P.‘.R.lDiSl.
1792 411 1857 421 —
1898 388 2203 448 GRADUS
2254 390 2461 448 ΧῖτίΧ.

3274 384 3429 449 115οο

205 519 343 573 ρισν,
368 500 467 555 ἵνα
484 500 791 569 ἀναψύξω.
824 501 883 554 Ὀ
912 500 965 555 δὲ
994 501 1085 554 τοῦ
1115 500 1251 555 Θεοῦ
1276 501 1512 572 ἀθλητής
1534 518 1550 533 ⁸
1585 503 1743 564 "Ave;

1849 514 1909 555 se
1937 501 2200 565 redirent,
2232 500 2397 558 Deum
2419 504 2645 572 rogavit.
2705 502 2840 569 Quis
2876 512 3001 557 ante
3029 500 3262 556 futuram
3291 504 3408 558 ela-

196 596 270 647 τὰ
298 592 512 663 κύματα
537 592 632 662 τῆς
660 593 878 663 χάριτός
900 609 1012 646 σου.
1086 594 1379 647 ’Λπάθειαν
1418 592 1531 663 ἔχει
1575 592 1741 662 ψυχὴ,

199 684 237 753 ἡ
264 681 434 745 οὕτως
462 681 748 735 ποιωθεῖσα
769 684 887 745 ταῖς
910 683 1149 753 ἀρεταῖς,
1173 682 1253 746 ὡς
1271 682 1320 735 oi
1348 681 1607 753 ἐμπαθεῖς
1627 682 1745 744 ταῖς

201 775 431 845 ἡδοναῖς.
461 773 523 826 El
552 772 708 826 τοῦτο
752 774 876 845 ὅρος
905 774 1361 845 γαστριμαργίας,
1403 771 1501 839 ab;
1524 774 1619 828 καὶ
1669 772 1745 844 μὴ

199 863 517 937 ὀρεγόμενον
535 863 833 932 βιάζεσθαι,
848 864 1003 918 τοῦτο
1026 864 1240 927 πάντως
1264 864 1386 935 ὄρος
1405 862 1744 934 ἐγκρατείας,

198 956 261 1007 τὸ
288 954 383 1008 καὶ
413 954 682 1008 πεινῶσαν
709 957 807 1026 τὴν
840 956 998 1024 φύσιν
1037 954 1402 1009 ἀνυπεύθυνον
1424 949 1587 1007 οὖσαν
1623 955 1745 1006 ἑπι-

198 1048 440 1117 κρατεῖν.
472 1046 535 1099 Εἰ
558 1045 715 1100 τοῦτο
743 1048 867 1115 ὅρος
908 1045 1184 1112 λαγνείας,
1225 1044 1307 1109 τὸ,
1336 1044 1429 1098 καὶ
1465 1045 1561 1097 επὶ
1587 1042 1745 1107 ζώοις

196 1136 295 1191 καὶ
322 1136 547 1208 ἀψύχοις
582 1136 891 1207 μαίνεσθαι·
925 1137 1084 1191 τοῦτο
1103 1138 1227 1207 ὅρος
1248 1134 1494 1203 ἁγνείας,
1522 1134 1586 1188 τδ
1606 1174 1623 1198 ,
1654 1135 1749 1187 ἐπὶ

195 1230 363 1283 πᾶσιν
388 1231 464 1294 ώς
505 1230 730 1301 ἀψύχοις
760 1231 826 1300 τῇ
853 1227 1101 1299 αἰσθήσει
1145 1228 1464 1283 διακεῖσθαι.
1500 1227 1561 1281 Et
1590 1224 1747 1280 τοῦτο

198 1320 559 1393 φιλαργυρίας
584 1322 753 1391 πέρας
782 1321 881 1387 (4),
907 1321 990 1384 τὸ,
1020 1320 1286 1392 μηδέποτε
1327 1318 1421 1373 τοῦ
1464 1318 1744 1388 συναθροί-

195 1411 314 1477 ζειν
344 1412 635 1477 παύεσθαι,
661 1413 1076 1484 ἢκορέννυσθαι
1098 1429 1113 1444 ο
1151 1412 1309 1465 τοῦτο
1334 1409 1740 1481 ἀκτημοσύνης,

191 1501 281 1564 τὸ,
313 1501 447 1572 μηδὲ
471 1500 565 1555 τοῦ
594 1501 842 1573 σώματος
871 1501 1160 1569 φείσασθαι
1182 1501 1274 1555 τοῦ
1311 1501 1458 1554 ίδίου.
1493 1500 1553 1553 El
1584 1499 1744 1554 τοῦτο

192 1592 422 1663 ἁκηδίας
445 1592 636 1664 πέρας,
660 1594 749 1656 τὸ,
783 1595 842 1647 ἐν
880 1594 1027 1664 πάσῃ
1061 1593 1373 1663 ὑπάρχοντα
1401 1592 1582 1647 ἀνέσει
1610 1592 1744 1647 ὑπο-

196 1684 367 1755 μονὴν
391 1683 468 1754 μὴ
490 1684 783 1755 κεκτῆσθαι
805 1701 819 1717 ο
851 1683 1010 1738 τοῦτο
1043 1685 1336 1755 ὑπομονῆς,
1363 1684 1422 1738 τὺ
1439 1725 1455 1749 ,
1482 1686 1541 1737 ιν
1571 1684 1747 1755 θλίψει

192 1771 344 1835 ὅντα,
371 1772 553 1826 ἄνεσιν
576 1772 717 1841 ἔχειν
754 1770 1077 1840 λογίζεσθαι.
1105 1773 1167 1826 El
1194 1773 1352 1826 τοῦτο
1385 1773 1550 1844 ὀργῆς
1581 1774 1745 1828 πέλα-

1847 594 2083 657 ritatem,
2126 604 2181 647 ut
2234 593 2405 663 Syrus
2462 595 2571 659 ille,
2631 594 2731 647 hac
2787 592 3171 661 tranquillitate
3218 591 3413 661 dignus

1846 680 2062 738 habitus
2090 682 2390 738 est?David
2424 683 2561 739 inter
2592 698 2778 738 sacros
2806 692 2956 737 vates
2982 684 3406 737 cantatissimus:

1848 772 2071 827 Remitte
2112 776 2262 837 mihi,
2324 775 2500 844 inquit
2516 774 2579 829 ad
2611 775 2920 835 Dominum,
2951 786 3007 827 ut
3032 773 3310 839 rcfrigerer
3340 776 3407 825 ³⁸.

1847 859 1943 915 Hic
1964 871 2144 916 autem
2193 862 2393 918 athleta
2420 864 2621 919 Christi
2658 882 2670 918 :
2702 863 2940 916 Remitte
2980 863 3176 918 llurtus
3225 864 3411 931 gratia:

1844 962 1969 1008 tuae.
2013 951 2107 1007 Illa
2159 955 2338 1009 anima
2370 966 2453 1010 est
2508 956 2560 1008 in
2603 955 2946 1024 possessione
2980 954 3408 1023 tranquillitatis,

1846 1059 1968 1113 qua:
2006 1046 2087 1101 sic
2107 1048 2292 1100 alfccta
2312 1055 2365 1101 et
2399 1047 2703 1101 modificata
2752 1057 2838 1099 est
2861 1047 3171 1109 virtutibus,
3211 1056 3409 1101 utsunt

1845 1138 2145 1205 perturbati
2170 1148 2223 1191 et
2252 1140 2429 1193 vitiosi
2456 1155 2581 1211 erga
2613 1140 2914 1208 voluptates
2964 1136 3021 1191 Si
3067 1139 3167 1193 iste
3220 1154 3406 1209 supre-

1848 1242 1974 1283 mus
2002 1236 2085 1283 est
2113 1230 2249 1299 gultc
2279 1232 2496 1300 gradus,
2535 1232 2771 1301 seipsutn
2815 1232 3020 1299 absque
3050 1230 3288 1300 appetitu
3317 1245 3407 1284 eo-

1845 1332 1969 1383 gere
1997 1319 2063 1372 ad
2097 1321 2445 1389 epulandum,
2502 1338 2626 1375 cuin
2663 1310 2766 1375 non
2791 1321 3043 1376 esurias:
3082 1303 3167 1376 hic
3222 1336 3404 1390 supre-

1848 1424 1975 1465 mus
2005 1409 2109 1465 erit
2137 1413 2521 1480 teunperantim,
2548 1415 2708 1467 etiam
2745 1429 2870 1469 cum
2901 1414 3135 1477 esurias,
3160 1421 3407 1465 naturain

1846 1499 1959 1569 jam
1994 1502 2126 1556 nulli
2159 1502 2288 1556 vitio
2344 1504 2632 1557 obnoxiam
2684 1488 2984 1558 continere.
3045 1503 3100 1556 Si
3158 1514 3411 1556 extrema:

1851 1592 1953 1646 hoc
1990 1591 2218 1647 luxuriae
2249 1595 2461 1664 signum
2500 1605 2603 1659 est,
2642 1610 2766 1665 erga
2815 1594 3016 1649 bestias
3044 1604 3097 1647 et
3128 1607 3215 1649 res
3242 1594 3410 1647 inani-

1846 1698 1962 1737 mas
1989 1683 2245 1752 cupidine
2271 1684 2401 1739 ferri
2429 1694 2486 1739 et
2537 1686 2811 1751 insanire;
2873 1696 3017 1738 certe
3063 1683 3206 1738 istud
3260 1699 3410 1737 sum-

1848 1790 1949 1829 mat
1976 1776 2244 1829 castitatis
2261 1776 2383 1839 erit,
2413 1776 2634 1845 perinde
2665 1793 2790 1847 erga
2820 1792 2905 1831 res
2924 1792 3111 1830 omnes
3141 1783 3249 1828 tam
3289 1775 3407 1827 aui-

192 1877 332 1927 τος,
369 1861 432 1914 τὸ
477 1862 570 1915 καὶ
614 1862 838 1931 μηδενὸς
885 1863 1147 1932 παρόντος
1190 1862 1539 1937 θηριοῦσθαι·
1588 1865 1747 1917 τοῦτο

1848 1872 2019 1922 malas
2044 1882 2207 1937 quam
2257 1868 2526 1923 inanimas
2550 1867 2706 1922 allici.
2745 1866 2799 1921 Si
2829 1869 2929 1922 hoc
2954 1870 3191 1921 avaritizc
3221 1882 3408 1936 supre-

196 1939 577 2022 μακροθυμίας
632 1951 724 2006 τοῦ
773 1953 1035 2016 ἀπόντος,
1096 1953 1191 2022 τοῦ
1246 1954 1605 2027 λοιδοροῦντος
1656 1957 1749 2009 καὶ¹

191 2043 456 2115 παρόντος
486 2044 743 2109 ὡσαύτως
776 2046 973 2115 γαλιᾷν
1009 2044 1339 2118 [γαληνιᾷν].
1376 2046 1438 2099 El
1472 2046 1627 2099 τοῦτο
1660 2063 1749 2099 κε-

192 2134 430 2199 νοδοξίας
451 2135 605 2206 ὕψος,
632 2138 690 2191 τὸ
716 2139 808 2191 καὶ
842 2138 1063 2209 μηδενὸς
1091 2139 1356 2208 παρόντος
1386 2137 1481 2190 τοῦ
1504 2139 1748 2191 ἐπαινεῖν

191 2227 496 2296 ὀφείλοντος
546 2228 852 2295 κενοδοξίας
901 2229 1037 2299 ἔργα
1094 2226 1543 2300 σχηματίζεσθαι,
1590 2226 1748 2281 τοῦτο

192 2320 413 2383 πάντως
446 2319 787 2384 ἀκενοδοξίας
824 2315 985 2385 εἶδος,
1030 2319 1090 2372 τὸ
1138 2319 1402 2389 μηδέποτε
1445 2318 1503 2371 ὲν
1542 2334 1747 2388 παρου-

194 2412 340 2474 σὲαις
369 2411 469 2483 τὴν
492 2410 699 2466 ἔννοιαν
726 2410 1069 2465 κλέπτεσθαι.
1118 2411 1181 2464 El
1226 2409 1385 2463 τοῦτο
1419 2403 1554 2472 εἶδος
1602 2410 1745 2462 ἀπωο

190 2500 342 2565 λείας
364 2500 464 2570 (5),
495 2501 676 2569 είγουν
702 2501 1073 2571 ὑπερηφανίας
1101 2500 1163 2554 τὸ
1192 2500 1250 2553 ὲν
1272 2500 1481 2553 εὑτελεῖ
1506 2500 1743 2570 σχήματι

189 2592 533 2663 ἀπαίρεσθαι,
556 2592 715 2645 τοῦτο
740 2592 1084 2662 σωτηριῶδες
1123 2589 1499 2655 ταπεινώσεως
1540 2590 1744 2659 τεκμή-

191 2698 331 2752 ριον,
364 2681 427 2735 τὸ
455 2683 514 2735 ὲν
544 2681 766 2752 ὑψηλοῖς
808 2681 1190 2751 ἐγχειρήμασι,
1226 2680 1321 2734 καὶ
1353 2678 1737 2749 κατορθώμασι

185 2772 441 2826 ταπεινὸν
485 2771 628 2843 ἔχειν
670 2774 940 2843 φρόνημα.
988 2773 1094 2826 Καὶ
1134 2773 1183 2825 εί
1237 2770 1393 2825 τοῦτο
1443 2769 1743 2841 ἐμπαθεξας

188 2861 487 2927 παντελοῦς
539 2864 868 2933 τεκμήριον,
911 2863 971 2915 τὸ
1017 2864 1150 2915 πᾶσι
1190 2865 1301 2927 τοῖς
1347 2863 1450 2915 ὑπὸ
1480 2862 1743 2931 δαιμόνων

180 2951 671 3024 ’ὑπωσπειρομίνοις
704 2951 888 3021 σχεδὸν
910 2951 1071 3015 ὀξέως
1106 2951 1367 3005 ὑπείκειν.
1416 2951 1555 3019 Ἐγὼ
1586 2950 1743 3003 τοῦτο

187 3042 292 3113 τῆς
312 3041 471 3111 ἁγίας
489 3042 751 3104 ἀπαθείας
772 3041 1041 3111 ὑπείληφα
1064 3040 1371 3111 γνώρισμα,
1396 3042 1464 3094 τὰ
1483 3040 1739 3095 δύνασθαι

1849 1975 1973 2014 mus
2003 1968 2087 2014 est
2124 1958 2413 2019 terminus.
2437 1975 2609 2028 neque
2638 1960 3022 2013 coacervandis
3071 1960 3266 2028 Opibus
3326 1961 3407 2009 ul-

1850 2050 1961 2105 lum
1994 2051 2215 2106 modum
2240 2066 2462 2122 ponere,
2516 2065 2615 2105 nec
2675 2050 2917 2119 pecuniis
2979 2049 3211 2119 expleri;
3263 2058 3408 2104 certe

1851 2151 2044 2197 contra
2076 2157 2216 2197 verte
2243 2142 2574 2211 paupertatis
2627 2152 3005 2212 argumentum
3064 2141 3188 2205 erit,
3234 2154 3407 2208 neque

1848 2235 2066 2303 corpori
2094 2249 2333 2304 parcere.
2373 2232 2429 2289 Si
2463 2244 2718 2289 extremae
2773 2234 2991 2288 desidiae
3044 2244 3167 2287 nota
3208 2242 3313 2297 est,
3350 2234 3403 2285 in

1847 2341 2061 2381 summo
2085 2327 2597 2397 otitLiznpatientem
2633 2325 2745 2381 lieri
2773 2344 2789 2393 ;
2814 2326 2941 2380 illud
2984 2335 3130 2381 certe
3178 2340 3407 2381 summa:

1846 2418 2116 2488 patientiae
2148 2418 2407 2473 indicium
2434 2418 2558 2484 erit,
2589 2418 2641 2471 in
2706 2418 2819 2486 ipsa
2876 2418 3166 2472 alllictione
3216 2428 3405 2487 putare

1843 2524 1902 2564 se
1933 2508 2314 2563 relaxationetn
2346 2510 2626 2577 reperisse.
2669 2508 2724 2562 Si
2769 2508 2854 2562 hic
2875 2517 3152 2563 extremus
3172 2509 3266 2561 ira:
3293 2508 3405 2562 vel-

1844 2607 1905 2651 ut
1956 2599 2126 2669 pelagi
2158 2598 2308 2653 furor
2344 2609 2446 2661 est,
2507 2598 2664 2652 etiam
2709 2599 2923 2652 nemine
2961 2609 3221 2666 praesente
3276 2597 3406 2651 eﬂ‘c-

1843 2688 2243 2751 rari;summte
2263 2685 2532 2756 aequitatis
2576 2685 2743 2739 animi
2790 2686 3002 2755 signum
3057 2686 3180 2749 erit,
3241 2683 3407 2757 448

1842 2777 2066 2848 perinde
2093 2778 2258 2831 animi
2287 2778 2632 2833 serenitatem
2672 2787 2937 2848 praesente
2962 2786 3016 2832 et
3054 2780 3276 2832 absente
3315 2793 3406 2830 ea-

1842 2866 2167 2920 lumniatore
2197 2866 2446 2920 retinere.
2490 2863 2547 2918 Si
2582 2866 2626 2919 is
2690 2866 2757 2919 ad
2801 2865 3015 2919 culmen
3046 2880 3199 2920 vana:
3226 2865 3409 2936 gloriae

1840 2955 2102 3019 ascendit,
2145 2956 2238 3026 qui
2276 2956 2424 3009 nullo
2451 2968 2708 3023 praesente
2734 2970 2763 3009 a
2797 2969 2908 3025 quo
2958 2958 3226 3014 laudetur.
3255 2970 3409 3009 vanre

1841 3053 2018 3099 tamen
2040 3044 2229 3113 gloria:
2254 3058 2416 3113 opera
2458 3044 2611 3113 lingit
2678 3053 2730 3098 et
2751 3045 2991 3107 simulat,
3052 3044 3193 3098 haud
3247 3044 3411 3099 dubie

187 3133 437 3206 ιναργιῖκ
462 3134 639 3204 λέγειν
666 3146 684 3165 ⁸
734 3134 1148 3197 Ἐκκλίνοντος
1193 3134 1295 3186 ἀπ’
1322 3132 1467 3201 ἐμοῦ
1496 3132 1599 3185 τοῦ
1632 3147 1737 3185 πο-

1846 3134 2055 3203 rejecue
2108 3132 2323 3202 penitus
2366 3142 2421 3186 et
2464 3132 2689 3188 devicta:
2729 3149 2882 3188 vanae
2937 3135 3119 3203 gloriae
3153 3132 3326 3188 forma
3354 3140 3411 3187 et

185 3224 381 3292 νηροῦ
404 3223 506 3295 (6),
562 3225 672 3278 οὐκ
725 3223 1075 3294 ἐγίνωσκον,
1126 3220 1247 3273 οὑδὲ
1302 3221 1418 3284 πῶς
1464 3220 1737 3289 ἐλήλυθεν,

1846 3224 2121 3293 specimen
2151 3225 2272 3287 erit,
2309 3223 2438 3277 nihil
2473 3224 2656 3279 animo
2707 3224 2760 3279 in
2779 3223 3136 3281 conventibus
3166 3237 3405 3280 commo-

186 3314 311 3369 οὐδὲ
340 3315 483 3380 τίνος
526 3315 707 3380 ἕνεκα,
750 3316 872 3370 οὑδὲ
901 3315 1016 3379 πῶς
1044 3312 1392 3385 ’ἀπελήλυθεν
1414 3353 1428 3377 ,
1471 3311 1582 3366 ἀλλ’
1619 3312 1735 3374 ὅλος

1846 3315 1981 3376 reri,
2001 3321 2096 3368 aut
2126 3314 2227 3367 sibi
2253 3314 2363 3384 pati
2395 3315 2704 3384 subrepere.
2734 3313 2792 3370 Si
2829 3314 2941 3369 haec
2969 3315 3119 3369 exitii
3170 3315 3284 3370 sive
3314 3331 3410 3371 su-

186 3406 376 3462 λοιπὸν
404 3408 740 3481 ἀναισθήτως
775 3406 910 3479 πρὸς
935 3407 1002 3461 τὰ
1033 3406 1256 3460 τοιαῦτα
1290 3406 1397 3476 ἔχω
1423 3421 1436 3435 ’
1465 3404 1737 3474 ἡνωμένος

1846 3405 2040 3476 perbite
2076 3406 2284 3476 species
2308 3415 2409 3470 est,
2447 3405 2501 3460 in
2534 3405 2624 3460 vili
2665 3406 2852 3462 habitu
2881 3408 3063 3462 extolli
3090 3426 3104 3473 ;
3138 3407 3240 3462 hoc
3266 3406 3411 3462 saluo

157 3558 162 3563 ς
187 3500 311 3565 ὅλος
337 3498 432 3562 ὣν,
467 3499 563 3555 καὶ
581 3499 669 3553 ἀεὶ
693 3499 942 3570 ἑπόμενος
973 3498 1109 3569 Θεῷ.

1850 3498 1983 3552 taris
2019 3496 2338 3551 humilitatis
2354 3500 2567 3567 signum
2631 3498 2753 3561 erit,
2784 3498 2836 3552 in
2866 3498 3050 3555 arduis
3074 3500 3326 3569 Operibus
3357 3508 3412 3553 et

188 3592 451 3647 virtutum
480 3590 670 3646 olﬁciis
698 3591 949 3646 humilem
983 3592 1222 3645 animum
1255 3590 1503 3646 retinere.
1528 3586 1584 3643 Si
1616 3588 1721 3643 hoc
1760 3604 2027 3657 supremae
2059 3588 2371 3644 vitiositatis
2404 3590 2661 3645 indicium
2694 3600 2795 3657 est,
2828 3593 3082 3647 omnibus
3105 3592 3407 3647 dtemonum

186 3668 641 3755 auggestlonibus.
683 3685 863 3767 statim
908 3683 1118 3748 cedere,
1180 3693 1291 3738 tum
1323 3698 1423 3753 ego
1476 3682 1831 3739 certissimam
1861 3692 2062 3738 sancta:
2088 3683 2493 3751 tranquillitatis
2530 3694 2787 3739 tesseram
2814 3685 3090 3739 aﬂirmabo
3127 3684 3229 3737 hoc
3246 3698 3408 3753 posse

164 3782 378 3845 aperte
430 3772 616 3827 testari
650 3790 663 3825 :
699 3771 1051 3826 Declinontem
1127 3790 1157 3824 α
1191 3788 1270 3824 me
1314 3772 1601 3839 malignum
1664 3787 1768 3823 non
1800 3774 2171 3840 cognoscebam
2212 3771 2280 3834 ",
2318 3785 2494 3838 neque
2536 3773 2811 3839 quOmodo
2858 3772 3165 3835 accesserit,
3233 3788 3408 3840 neque

185 3879 359 3937 quam
416 3864 488 3918 ob
519 3876 761 3927 causam,
815 3876 985 3931 neque
1015 3861 1289 3930 quomodo
1327 3862 1628 3937 recesserit,
1686 3861 1779 3916 sed
1817 3861 1883 3935 ad
1922 3862 2057 3927 haec,
2087 3870 2142 3915 et
2172 3860 2485 3930 bujusmodi
2513 3860 2695 3940 omnia
2744 3870 2999 3929 tanquam
3038 3860 3184 3912 omni
3243 3875 3404 3916 sensu

186 3969 455 4017 carerem,
491 3951 714 4007 aﬂ’ectus
740 3968 882 4017 sum,
913 3967 1035 4006 cum
1078 3950 1187 4005 Deo
1234 3948 1705 4021 quantusquantus
1751 3964 1871 4005 sum
1912 3948 2238 4019 coniunctus
2274 3964 2550 4020 nunquam
2580 3951 2649 4004 ab
2704 3964 2769 4003 eo
2805 3950 3188 4021 sejungendus.

268 4045 332 4100 '0
354 4042 609 4114 τοιαύτης
649 4042 1026 4102 καταστάσεως
1077 4039 1394 4111 ἠξιωμένος,
1427 4039 1509 4091 ἔτι
1557 4038 1633 4093 ὢν
1680 4041 1738 4092 ὲν

1909 4036 2012 4105 Qui
2036 4038 2126 4095 tali
2154 4048 2296 4094 statu
2312 4037 2567 4109 dignatus
2590 4050 2692 4107 est,
2731 4040 2776 4094 is
2804 4039 2934 4095 dum
2957 4042 3136 4097 adhuc
3167 4040 3220 4095 iu
3246 4059 3409 4099 carne

188 4137 377 4210 σαρκὶ,
411 4134 569 4191 αὑτὸν
614 4132 708 4189 τὸν
754 4132 1058 4187 ἐνοικοῦντα
1097 4133 1182 4184 ἀεὶ
1224 4132 1281 4185 ὲν
1339 4132 1509 4185 ᾶπασι
1538 4131 1736 4198 λόγοις,

1846 4127 2005 4198 degit,
2029 4126 2195 4182 Deum
2222 4126 2450 4183 habetin
2468 4144 2527 4184 se
2548 4129 2904 4196 habitantem,
2928 4132 3021 4201 qui
3040 4133 3219 4185 omnia
3238 4133 3410 4202 ipsius

188 4231 288 4284 καὶ
317 4227 519 4299 εργοις,
541 4227 636 4281 καὶ
660 4225 1012 4295 διανοήμασιν
1045 4224 1156 4293 ἔχει
1183 4222 1545 4295 κυϐερνῶντα.
1584 4223 1742 4277 Ὅθεν

1846 4218 2006 4286 dicta,
2036 4217 2196 4286 facta,
2227 4230 2280 4275 et
2304 4220 2534 4289 cogitata
2559 4220 2720 4276 etiam
2744 4222 3023 4293 gubernat.
3052 4226 3129 4275 Ac
3157 4221 3409 4293 deinceps

186 4325 380 4378 λοιπὸν
406 4323 504 4377 καὶ
531 4322 608 4388 ὡς
638 4323 819 4392 φωνῆς
857 4339 1017 4384 τινος.
1050 4323 1144 4391 τῆς
1178 4320 1270 4374 τοῦ
1313 4321 1515 4388 Κυρίου
1549 4318 1743 4390 βουλὴ-

1846 4319 2103 4381 tanquam
2131 4325 2319 4366 vocem
2343 4312 2575 4382 alicujus
2607 4313 2752 4368 intus
2786 4311 2998 4381 accipit,
3027 4328 3146 4382 quae
3171 4314 3408 4372 divinam

189 4430 335 4476 σεως
382 4411 530 4465 ἔνδον
584 4412 675 4466 διὰ
724 4412 998 4481 φωτισμοῦ
1044 4406 1515 4483 ἀντιλαμϐἀνετώ,
1564 4412 1743 4481 πάσης

1846 4403 1890 4458 ei
1919 4404 2249 4459 voluntatem
2269 4420 2365 4474 per
2382 4405 2829 4460 illuminationem
2847 4404 3247 4474 interpretatur,
3266 4410 3412 4465 unde

186 4502 538 4566 δ.δασκαλίας
607 4502 949 4575 ἀνθρωπίνης
1010 4503 1334 4573 ὑψηλάτερος
1386 4502 1669 4572 γενόμενος
1723 4520 1737 4533 ·

1846 4495 2051 4552 doctior
2067 4506 2121 4550 et
2140 4496 2425 4553 sublimior
2438 4495 2589 4550 omni
2610 4495 2847 4549 humana
2868 4494 3113 4554 doctrina
3140 4498 3314 4556 lactus
3331 4503 3411 4556 di—

188 4597 347 4653 Πότε
371 4594 516 4663 ἥξω,
534 4593 634 4649 καί
660 4594 994 4665 ὀφθήσομαι
1016 4596 1096 4662 τῷ
1118 4596 1411 4663 προσώπῳ
1433 4594 1540 4648 τοῦ
1558 4593 1739 4657 Θεοῦ;

1846 4590 1914 4646 cit
1941 4610 1955 4645 :
1988 4591 2209 4656 Quando
2229 4591 2433 4644 vatim
2454 4598 2505 4643 et
2548 4583 2806 4658 apparebo
2838 4599 2959 4646 ante
2979 4592 3167 4662 faciem
3207 4596 3302 4650 Dei
3330 4596 3412 4648 ιιι

189 4692 254 4743 ού
287 4656 407 4759 γὰρ.
598 4656 779 4737 λοιπὸν
796 4656 907 4738 τοῦ,
928 4656 1091 4739 πόθου
1118 4656 1215 4755 την
1248 4656 1523 4755 ἐνέργειαν
1548 4702 1561 4715 ·
1605 4656 1740 4739 ἀλλά

1847 4696 1948 4737 nec
1995 4681 2138 4763 enim
2201 4679 2405 4735 diutius
2455 4656 2591 4734 vim
2618 4656 2875 4737 desiderii
2956 4656 3098 4741 ferre
3162 4700 3407 4755 possum,

193 4776 367 4851 ζητῶ,
396 4776 535 4847 ὅπερ
561 4771 824 4827 ἀθάνατον
852 4765 1038 4837 κάλλος
1069 4773 1174 4843 πρὸ
1206 4775 1303 4845 τῆς
1331 4773 1504 4845 πηλοῦ
1538 4790 1628 4843 μοι
1651 4774 1737 4827 δέ-

1846 4772 1934 4827 sed
1984 4766 2169 4841 quaero
2203 4771 2510 4840 immortale
2545 4772 2965 4843 pulchritudinis
3023 4778 3209 4839 decus,
3260 4779 3405 4845 quod

96 4854 99 4855 ν
190 4875 395 4935 me.
421 4868 479 4922 '0
494 4864 728 4937 ἀηδὴς,
746 4863 799 4917 τι
812 4863 889 4916 δεῖ
914 4863 1078 4941 πολλὰ
1091 4864 1269 4933 λέγειν
1287 4882 1302 4932 ;
1324 4864 1389 4933 ζῇ
1400 4864 1513 4935 μὲν
1526 4866 1636 4918 οὐκ
1654 4864 1739 4917 ἔτι

1848 4860 1975 4915 mihi
2042 4869 2163 4916 ante
2228 4862 2402 4918 lutum
2467 4863 2650 4920 carnis
2722 4865 2882 4937 hujus
2948 4867 3162 4921 dedisti.
3243 4864 3407 4939 ω

190 4959 488 5029 αὐτὸς,ζῇ
517 4959 587 5015 δὲ
612 4957 683 5012 ἐν
709 4952 867 5021 αὑτῷ
884 4955 915 5008 ὁ
935 4954 1206 5023 Χριστὸς,
1225 4956 1365 5011 καθά
1392 4974 1552 5028 φησιν
1585 4958 1617 5009 ό
1644 4955 1748 5009 τὸν

1846 4950 1900 5006 In
1958 4950 2060 5006 ista
2144 4953 2531 5024 tranquillitate
2624 4957 2791 5013 animi
2858 4955 3184 5012 constitutus
3256 4959 3407 5028 (quid

193 5054 400 5125 ἀγῶνα
427 5052 535 5107 τὸν
568 5048 758 5104 καλὸν
789 5044 1248 5115 ἀγωνισάμενος,
1284 5046 1381 5100 καί
1409 5048 1513 5102 τὸν
1534 5048 1751 5115 δρόμον

196 5143 539 5209 “edomito,
563 5144 664 5197 καί
689 5140 801 5209 τὴν
824 5140 1027 5197 πίστιν
1053 5138 1378 5205 τετηρηκὼς
1412 5140 1746 5207 ὀρθόδοξον.

198 5235 276 5290 οὐ
307 5236 620 5288 συνίσταται
642 5232 872 5303 διάδημα
913 5229 1169 5299 βασιλέως
1206 5229 1264 5293 ἐξ
1295 5228 1412 5291 ἑνὸς
1458 5229 1629 5296 λίθου,
1660 5232 1750 5284 καί

198 5326 265 5380 οὑ
292 5322 591 5378 τελειοῦται
618 5322 875 5386 ἀπάθεια,
904 5322 969 5374 ἂν
1003 5321 1128 5391 μιᾶς
1164 5319 1361 5388 ἀρετῆς
1393 5320 1486 5371 καὶ
1522 5320 1619 5389 τῆς
1654 5338 1749 5373 τυ-

201 5413 404 5485 χούσης
435 5415 827 5486 ἀμελήσωμεν
875 5412 1140 5467 ἀπάθειαν
1181 5410 1279 5480 μὲν
1307 5409 1535 5478 νοήσεις,
1566 5412 1625 5464 τὸ
1656 5410 1749 5464 τοῦ

102 5500 134 5540 ’-
203 5501 525 5572 ὲτωυρανίου
571 5502 832 5572 βασιλέως
860 5504 918 5556 ὲν
950 5502 1192 5573 οὐρανοῖς
1227 5498 1501 5552 παλάτιον.
1548 5500 1750 5563 Πολλὰς

201 5598 260 5651 ει
299 5580 467 5667 μονὰς
505 5593 603 5656 τὰς
640 5595 786 5650 ινδον
816 5597 911 5669 τῆς
944 5596 1146 5658 πόλεως
1169 5594 1364 5664 ταύτης
1397 5592 1745 5662 κατασκηνώ-

1844 5059 1979 5112 opus
2008 5052 2092 5098 est
2129 5044 2431 5116 pluribus?)
2460 5047 2591 5103 vivit
2611 5048 2725 5119 jam
2758 5063 2863 5103 non
2893 5048 3024 5116 ipse,
3061 5047 3156 5104 sed
3192 5051 3320 5104 vivit
3349 5050 3403 5105 in

1847 5134 1942 5189 illo
1972 5132 2225 5192 Christus
2250 5137 2316 5202 ³⁸,
2366 5138 2819 5216 quemadmodum
2854 5137 3023 5203 dicit,
3076 5140 3169 5210 qui
3203 5142 3402 5196 bonum

1846 5227 2123 5279 certamen
2154 5228 2402 5294 certavit,
2428 5244 2648 5285 cursum
2676 5230 3091 5296 consummavit,
3127 5232 3282 5286 tidem
3312 5247 3401 5286 ve-
3464 5253 3470 5259 ·

1854 5333 1968 5371 ram
1999 5326 2054 5372 et
2077 5332 2277 5377 rectam
2301 5324 2537 5380 servavit
2556 5322 2622 5380 θ’.
2654 5318 2769 5374 Non
2795 5331 3010 5377 constat
3037 5337 3233 5378 corona
3254 5321 3401 5391 regis

1852 5425 1918 5464 ex
1948 5426 2058 5464 uno
2084 5411 2262 5484 lapide
2283 5415 2544 5485 pretioso,
2572 5424 2670 5469 nec
2699 5414 2867 5470 animi
2892 5400 3249 5485 tranquillitas
3274 5427 3399 5483 per-

1857 5502 2056 5567 ﬁcitur,
2090 5505 2136 5562 si
2162 5507 2244 5562 vel
2273 5522 2401 5571 una,
2446 5504 2837 5578 qualiscunque
2868 5509 2955 5562 illa
2989 5506 3279 5572 sit,'virtus
3303 5520 3398 5560 ne-

1851 5592 2101 5664 gligatur.
2124 5594 2227 5653 Per
2247 5588 2695 5666 tranquillitatem
2722 5598 2983 5669 intelliges
2997 5596 3141 5652 Illam
3162 5595 3397 5662 ctelestis

283 5775 328 5807 ³⁸
354 5772 494 5831 Psal.
544 5787 769 5842 nutu,
822 5774 901 5831 ιι.
979 5775 1018 5805 ³²
1043 5772 1184 5829 Psal.
1218 5791 1265 5840 c,
1304 5775 1354 5830 4.
1458 5775 1499 5807 ³³
1534 5773 1670 5831 Rsal.
1698 5789 1750 5828 χι

1863 5776 1913 5831 5.
1994 5780 2035 5812 ³⁵
2088 5778 2259 5835 Calai.
2323 5791 2378 5840 tt,
2436 5775 2530 5829 ‘10.
