4222 6448
193 365 308 432 1153

1127 363 1355 425 SCALA
1396 359 1771 422 PARADISI.
1805 383 1873 394 -
1900 359 2207 422 GRADUS
2238 361 2421 422 XXX.

3249 362 3390 428 1154

191 482 303 550 μίαν
325 478 380 532 δὲ
411 478 659 532 αἰώνιονο
710 479 838 550 περὶ
864 473 934 550 ἧς
975 477 1172 550 γράφει
1201 477 1231 530 6
1276 472 1510 537 Παῦλος·
1542 470 1728 524 Ὅταν
1756 473 1798 529 Α
1829 468 1858 522 h

1726 489 1728 502 ι
1756 473 1798 529 Α
1829 468 1994 539 hujus
2025 472 2309 540 praesentis
2343 471 2624 542 temporis,
2656 485 2711 528 et
2743 488 2904 527 unam
2940 473 3166 532 alterius
3206 480 3393 534 saeculi

186 570 246 625 δὲ
269 574 410 638 ἔλθῃ
439 571 507 625 τὸ
537 569 784 634 τέλειον,
814 571 946 624 τότε
977 569 1042 623 τὸ
1089 570 1158 623 ἐκ
1183 551 1402 636 μέροὺς
1439 579 1730 632 καταργη-

187 661 412 727 θήσεται
437 675 451 690 °
482 662 543 714 τὸ
571 662 697 731 γάρ,
725 662 872 714 ὅταν
893 660 1042 728 ἔλθῃ
1076 660 1142 713 τὸ
1169 657 1417 722 τέλειον,
1451 654 1726 726 σημαίνει,

186 752 258 805 δτι
282 751 509 805 ἐνταῦθα
540 752 604 805 οὐ
644 751 916 822 δυνάμεθα
940 751 1183 824 χωρῆσαι
1213 748 1312 822 τὴν
1345 748 1496 802 θείαν
1526 746 1728 799 τελειὸ-

185 861 329 915 mea.

833 1023 1041 1075 Ἄλλο.

833 1028 857 1044 ’
989 1037 1041 1073 ο.

247 1113 345 1168 Δύο
389 1113 731 1185 τελειότητας
777 1028 990 1173 ﬂagito:
1018 1112 1048 1164 6
1090 1110 1376 1174 θεσπέσιος
1420 1109 1728 1174 ἐπίσταται,

184 1205 272 1260 καὶ
293 1202 399 1260 οἶδε
427 1207 519 1259 τὸν
541 1207 703 1259 αὐτὸν
721 1205 942 1267 τέλειον,
973 1203 1066 1256 καὶ
1085 1204 1145 1257 οὐ
1174 1203 1374 1256 τέλειον
1402 1200 1689 1272 ἄνθρωπον
1710 1216 1727 1232 ο

1826 570 2112 629 asternam,
2163 561 2322 635 45],
2375 563 2443 620 de
2490 578 2599 634 qua
2649 566 2836 621 scribit
2879 575 3102 623 sanctus
3141 567 3391 629 Paulus:

1829 650 2056 718 Quando
2088 655 2309 726 (inquit)
2338 658 2532 710 uenerit
2560 657 2699 726 quod
2718 659 3008 728 perfectum
3036 670 3135 726 est,
3167 678 3394 717 evacua-

1832 746 1975 798 bitur
2012 747 2148 815 quod
2185 763 2250 800 ea:
2286 757 2437 815 parte
2467 759 2546 803 est
2568 750 2634 803 “.
2678 746 2815 805 Illud
2847 752 3022 817 enim,
3067 755 3278 820 quando
3310 771 3395 808 ve-

1828 835 1967 888 nerit
1994 837 2132 904 quod
2156 835 2442 904 perfectum
2475 848 2572 903 est,
2623 839 2912 910 signiﬁcat,
2942 855 3044 896 nos
3081 840 3171 897 hic
3200 856 3395 912 capere

1827 941 1936 981 non
1973 943 2135 997 posse
2163 928 2401 983 divinam
2431 928 2842 998 perfectionem.

2519 1019 2703 1077 Aliud.

1898 1109 2181 1166 Geminam
2217 1109 2604 1181 perfectionem
2647 1123 2872 1170 sanctus
2892 1113 3096 1172 Paulus
3124 1117 3390 1188 agnoscit,

1829 1202 2191 1271 eamdemque
2222 1203 2501 1259 hominem
2535 1205 2670 1260 vidit
2693 1205 2989 1277 perfectum
3015 1216 3070 1263 et
3098 1208 3385 1279 imperfec-

183 1300 252 1362 ὼς
295 1299 388 1369 μὲν
428 1299 563 1369 πρὸς
592 1299 685 1351 τὸν
741 1297 983 1367 παρόντα
1035 1294 1147 1365 βίον
1195 1297 1399 1349 τέλειον
1441 1294 1732 1364 λεγόμενον
1830 1303 1850 1349 ι

1726 1311 1732 1338 ν
1830 1303 1982 1361 tum;
2029 1292 2328 1364 perfectum
2359 1294 2595 1365 quidem,
2639 1307 2899 1365 quantum
2956 1297 3023 1352 ad
3052 1307 3393 1367 .praesentem

183 1392 453 1462 ἄνθρωπον
472 1409 487 1422 ·
519 1392 612 1445 καὶ
640 1391 714 1454 ὡς
753 1390 889 1461 πρὸς
931 1390 1023 1443 τὸν
1049 1389 1262 1461 ἀληθῶς
1291 1387 1513 1452 τέλειον,
1543 1388 1604 1439 οὐ
1639 1387 1731 1440 τέ·
1831 1403 1850 1441 1

1726 1415 1731 1426 ι
1831 1387 1953 1442 vitae
1983 1395 2182 1441 statum
2209 1387 2470 1456 pertinet;
2509 1387 2880 1458 imperfectum
2904 1400 3105 1457 autem,
3127 1401 3393 1461 quantum

182 1483 342 1536 λειονο
371 1482 450 1535 διό
487 1499 620 1552 φησι
643 1497 658 1511 ·
699 1485 823 1551 Οὐχ
858 1481 947 1534 ὅτι
975 1483 1194 1536 ἔλαϐον
1216 1480 1254 1548 ἢ
1284 1477 1400 1548 ἤδη
1431 1478 1730 1532 τετελείω-

175 1593 294 1646 μαι.
347 1575 456 1629 Καὶ
506 1576 625 1644 μετ’
669 1573 828 1644 ὀλίγα
885 1574 1066 1643 λέγει·
1126 1574 1292 1626 Ὅσοι
1341 1567 1456 1628 οὖν
1492 1573 1728 1636 τέλειοι,

181 1668 346 1723 τοῦτο
367 1665 696 1738 φρονῶμεν.

773 1865 820 1916 Σ
821 1863 1032 1932 χόλων
1060 1866 1108 1928 τ
1116 1901 1130 1915 .

258 1956 548 2010 ’Δπάθειαν
575 1956 688 2027 ἔχει
707 1955 871 2027 ψυχὴ,
901 1955 1000 2026 οὐχ
1031 1955 1064 2026 ἡ
1093 1952 1168 2026 μὴ
1195 1953 1476 2024 πάσχουσα
1505 1950 1639 2023 πρὸς
1665 1950 1732 2005 τά

180 2049 494 2121 πράγματα,
529 2047 642 2103 ἀλλ’
678 2051 712 2117 ἡ
739 2047 833 2102 καὶ
860 2047 998 2120 πρὸς
1017 2048 1114 2120 τὴν
1149 2047 1367 2118 μνήμην
1393 2045 1572 2099 αὐτῶν
1602 2045 1734 2099 ἀτά-

180 2157 340 2212 ραχος
367 2141 712 2212 διαμένουσα.

727 2231 985 2299 Σχόλιον
1012 2229 1180 2286 ἄλλο.

250 2321 492 2392 Τήρησις
516 2319 744 2375 ἐντολῶν
776 2319 913 2374 Θεοῦ
949 2319 1124 2372 τίκτει
1155 2315 1426 2370 ἀπάθειαν
1445 2330 1460 2346 ο
1497 2311 1735 2368 ἀπάθεια

176 2413 235 2468 δὲ
260 2413 437 2484 ψυχῆς
478 2414 732 2486 συντηρεῖ
755 2412 976 2483 γνῶσιν.

787 2609 1042 2678 Σχόλιον
1067 2605 1132 2660 δ’.

248 2701 322 2756 Τδ
364 2702 462 2774 τῆς
504 2703 867 2774 φιλαργυρίας
911 2699 1083 2763 πάθος
1129 2697 1374 2751 ἐντεῦθεν
1419 2695 1732 2766 ἐλέγχεταιο

177 2791 238 2844 ὲν
267 2790 344 2861 τῷ
372 2792 628 2863 χαίροντα
673 2791 986 2861 λαμϐάνειν,
1017 2789 1108 2842 καὶ
1144 2788 1480 2858 λυπούμενον
1517 2785 1735 2858 μεταδι-

177 2883 324 2938 δόναι
343 2899 358 2914 ⁸
389 2884 449 2938 ού
475 2884 696 2938 δύναται
725 2884 783 2937 δὲ
811 2885 839 2937 6
863 2881 1101 2946 τοιοῦτος
1130 2880 1469 2952 οίκονομικὸς
1502 2875 1663 2932 εἶναι.

785 3061 1042 3129 Σχόλιον
1081 3065 1144 3112 ε’.

1831 1481 1898 1536 ad
1933 1495 2119 1536 veram
2150 1480 2318 1536 fuluri
2346 1489 2524 1538 status
2566 1483 2953 1552 perfectionem
2990 1483 3202 1540 attinet.
3246 1483 3393 1551 Qua-

1830 1586 2048 1646 propter
2082 1577 2220 1631 dixit
2249 1595 2262 1630 :
2298 1574 2422 1630 Non
2462 1579 2600 1647 quod
2647 1581 2933 1648 acceperim
2954 1619 2970 1644 ,
3012 1591 3102 1633 aut
3126 1580 3245 1649 jam
3277 1596 3397 1650 per-

1831 1668 1994 1738 fectus
2025 1669 2124 1722 sim
2153 1670 2220 1724 “.
2278 1667 2346 1723 Et
2391 1679 2515 1738 post
2554 1685 2724 1740 pauca
2775 1671 2999 1742 subjici:
3036 1690 3050 1728 :
3089 1672 3396 1745 Quicunque

1831 1778 1951 1833 ergo
1983 1762 2201 1833 perfecti
2230 1780 2438 1829 sumus,
2471 1765 2567 1818 hoc
2596 1769 2886 1820 sentiamus
2907 1766 2977 1822 “.

2441 1852 2688 1910 Scholion
2727 1855 2778 1908 5.

1899 1942 2377 2016 Tranquillitatem
2417 1956 2629 2016 partam
2668 1945 2829 2002 habet
2857 1947 3037 2003 anima
3065 1991 3080 2015 ,
3132 1964 3240 2004 non
3275 1963 3396 2019 qua:

1832 2037 1899 2092 ad
1934 2052 2022 2094 res
2055 2039 2324 2094 humanas
2352 2055 2459 2094 non
2493 2039 2752 2102 afﬁcitur,
2793 2041 2886 2095 sed
2930 2057 3052 2110 quae
3099 2042 3166 2096 ad
3199 2058 3398 2097 memo-

1831 2133 1970 2187 riam
2001 2132 2164 2188 etiam
2193 2149 2383 2189 carum
2419 2134 2806 2203 imperturbata
2841 2143 3043 2191 manet.

2388 2224 2634 2282 Scholion
2675 2227 2842 2283 aliud.

1902 2317 2225 2375 Observatio
2253 2321 2635 2376 mandatorum
2669 2320 2759 2378 Dei
2791 2323 2933 2392 parit
2953 2323 3239 2378 victoriam
3273 2339 3394 2395 per-

1836 2411 2228 2477 turbationum,
2275 2412 2502 2468 victoria
2537 2423 2718 2470 autem
2751 2416 3222 2486 perturbationum
3262 2432 3398 2474 con-

1833 2512 2013 2560 servat
2040 2504 2428 2574 cognitionem.

2443 2597 2696 2653 Scholion
2733 2598 2786 2653 4.

1904 2685 2108 2744 Vitium
2143 2690 2388 2745 avaritiae
2418 2691 2544 2745 inde
2577 2690 3018 2761 deprehenditur,
3054 2707 3179 2747 curn
3224 2693 3271 2749 is
3304 2695 3399 2763 qui

1836 2783 2049 2852 accipit,
2081 2783 2397 2853 accipiendo
2435 2785 2650 2854 gaudet,
2691 2793 2746 2838 et
2784 2784 3062 2854 largiendo
3105 2786 3398 2843 tristatur:

1837 2873 2148 2943 huiusmodi
2189 2875 2332 2929 enim
2384 2873 2562 2930 bonus
2604 2873 2953 2945 dispensator
2999 2891 3117 2932 esse
3159 2893 3266 2932 non
3302 2893 3400 2950 po-

1840 2973 1964 3021 test.

2449 3056 2698 3114 Scholion
2736 3059 2791 3114 5.

248 3153 583 3224 Σημείωσαι,
612 3155 693 3206 ότι
724 3151 967 3207 ἀπώλεια
993 3151 1028 3221 ἡ
1052 3149 1400 3222 ὑπερηφανία
1427 3146 1608 3211 ίδικῶς
1627 3162 1643 3178 ⁸
1676 3146 1738 3201 τὸ
1763 3144 1808 3201 C.
1911 3163 1915 3188 ε

1730 3144 1808 3201 lC.
1911 3146 2150 3203 Observa
2204 3149 2512 3218 superbiam
2568 3161 2712 3204 recta
2764 3149 2982 3206 tendere
3024 3150 3090 3206 ad
3133 3152 3397 3210 exitium:

175 3243 222 3296 δ’
251 3243 488 3298 ἐναντίον
515 3244 798 3318 πρόδηλον.

774 3334 1032 3402 Σχόλιον
1070 3337 1146 3398 ς’.

250 3430 368 3500 οὐχ
405 3427 667 3497 ὑπομένει
713 3425 776 3478 τὸ
819 3425 1006 3489 σκότος
1051 3425 1153 3494 τὴν
1195 3422 1287 3477 τοῦ
1331 3421 1506 3491 φωτὸς
1533 3438 1741 3492 παρου-

177 3523 336 3577 σίανο
381 3521 441 3573 οὐ
506 3518 660 3581 νόσος
707 3515 892 3585 ὑγείας
941 3514 1303 3586 ἐπιλαϐούσης
1353 3514 1595 3567 ἵσταται·
1642 3513 1741 3566 οὐκ

175 3614 397 3686 ἐνεργεῖ
425 3611 498 3666 τὰ
527 3609 673 3681 πάθη
699 3609 798 3680 τῆς
828 3605 1097 3671 ἀπαθείας
1137 3606 1439 3680 παρούσης.

782 3784 1042 3852 Σχόλιον
1079 3779 1147 3846 ζ’.

250 3879 468 3944 Κάλλος
494 3877 596 3950 τὴν
623 3874 943 3941 ἀθανασίαν,
987 3873 1156 3945 πηλὸν
1195 3871 1252 3926 δὲ
1277 3872 1378 3942 τὴν
1409 3870 1584 3942 γεώδη
1607 3871 1742 3926 ταύ-

172 3991 283 4046 την
326 3972 527 4044 σάρκα,
557 3971 625 4042 ῆν
671 3969 812 4039 μετὰ
855 3967 956 4038 τὴν
986 3965 1324 4038 παρανομίαν
1367 3967 1396 4018 6
1436 3963 1604 4035 Ἀδὰμ
1633 3967 1743 4035 ὴμ-

176 4067 439 4137 φιάσατο,
469 4062 544 4128 ὦς
579 4077 742 4133 φησιν
769 4062 799 4116 6
823 4060 922 4129 τῆς
950 4057 1224 4126 θεολογίας
1249 4057 1552 4126 ἐπώνυμος.

772 4261 1033 4329 Σχόλιον
1074 4264 1142 4328 η’.

255 4356 467 4419 Πολλὰς
513 4353 680 4424 μονὰς
708 4353 863 4407 καλεί
898 4351 968 4403 τά
1013 4350 1186 4421 μέτρα
1229 4348 1329 4420 τῆς
1367 4347 1602 4411 διανοίας
1635 4347 1748 4402 τῶν

179 4451 244 4505 ἀν
276 4451 347 4520 τῇ
395 4446 548 4518 χώρα
593 4446 776 4517 ἐκείνῃ
804 4441 1168 4512 αὐλιζομένων
1186 4456 1200 4470 ·
1235 4439 1379 4508 λέγω
1407 4439 1472 4510 δὴ
1504 4439 1602 4503 τὰς
1631 4439 1747 4493 δια-

176 4542 423 4612 κρίσεις,
469 4537 564 4592 καὶ
607 4534 866 4606 διαφοράς
905 4535 962 4587 ἐν
995 4529 1081 4596 αἷς
1107 4531 1246 4586 κατά
1291 4531 1529 4586 διάνοιαν
1557 4531 1746 4602 ἐντρυ-

172 4632 363 4703 φῶσιν
385 4646 402 4661 ο
440 4631 503 4683 οὐ
532 4629 640 4699 γάρ
682 4627 943 4697 διαφοράς
987 4627 1203 4691 τόπων,
1248 4623 1385 4678 ἀλλά
1410 4623 1589 4688 τάξεις
1639 4641 1744 4694 χα-

178 4725 472 4796 ρισμάτων
503 4721 705 4784 πολλάς
741 4720 906 4790 μονὰς
931 4720 1171 4790 εἴρηκεν.

800 5249 1016 5305 ΛΟΓΟΣ
1055 5250 1134 5302 A'.

163 5387 327 5460 Περὶ
378 5385 484 5441 τοῦ
531 5380 878 5460 συνδέσμου
923 5375 1051 5456 τῆς.
1085 5370 1364 5440 ἐναρέτου
1404 5368 1636 5437 τριάδος
1681 5367 1753 5420 ἐν

845 5449 1099 5517 ἀρεταῖς.

246 5546 403 5602 Νυνὶ
424 5544 482 5598 δὲ
506 5541 711 5608 λοιπὸν,
740 5539 876 5612 μετά
906 5538 1084 5590 πάντα
1098 5533 1168 5586 τὰ
1188 5531 1571 5603 προειρημένα,
1603 5527 1753 5599 μένει

165 5640 248 5695 τὰ
276 5638 416 5708 τρία
446 5635 641 5700 ταῦτα,
673 5633 745 5688 τά
778 5631 870 5686 τὸν
901 5629 1198 5700 σύνδεσμον
1232 5625 1449 5679 πάντων
1495 5621 1753 5689 ὲπισφίγ-

1837 3241 2172 3298 contrarium
2204 3257 2300 3311 per
2325 3256 2384 3295 se
2413 3241 2620 3294 clarum
2654 3250 2758 3300 est.

2452 3331 2704 3387 Scholion
2741 3332 2794 3388 6.

1909 3423 2172 3478 Tenebrae
2203 3439 2310 3478 non
2344 3423 2526 3477 ierunt
2563 3427 2904 3494 praesentiam
2934 3425 3186 3493 luminis;
3227 3444 3405 3500 neque

1841 3517 2068 3572 morbus
2088 3517 2252 3571 durat
2274 3516 2524 3570 veniente
2543 3516 2794 3583 sanitate,
2823 3533 2998 3587 neque
3025 3520 3152 3573 mali
3181 3519 3407 3578 affectus

1844 3611 2008 3663 ullam
2042 3609 2151 3662 vim
2184 3606 2420 3673 habent,
2468 3619 2732 3678 praesente
2760 3609 2996 3680 perfecta
3044 3611 3213 3667 animi
3257 3623 3407 3669 tran-

1842 3702 2130 3772 quillitate.

1888 3793 1893 3795 ’
2447 3791 2697 3846 Scholion
2737 3793 2788 3847 7.

1912 3883 2019 3940 Per
2036 3883 2493 3955 pulchritudinem
2514 3884 2765 3955 intelligit
2786 3885 3246 3944 immortalitatem
3269 3891 3406 3956 (Cli-

1843 3977 2078 4048 macus),
2097 3977 2269 4031 luturn
2286 3986 2466 4030 autem
2481 3990 2700 4032 carnem
2731 3976 2872 4033 hanc
2889 3987 3220 4047 terrestrem,
3240 3998 3405 4053 quam

1842 4068 2015 4124 Adam
2053 4077 2178 4137 post
2199 4065 2703 4137 praevaricationem
2739 4068 2940 4133 induit,
2975 4078 3036 4124 ut
3067 4071 3245 4141 inquit
3272 4072 3406 4130 Gre-

1845 4163 2031 4231 gorius
2059 4169 2420 4230 cognomento
2448 4157 2774 4228 Theologus.

2461 4242 2712 4300 Scholion
2742 4245 2795 4299 8.

1913 4340 2112 4396 Multas
2135 4338 2448 4395 mansiones
2469 4345 2629 4392 vocat
2655 4337 2848 4392 modos
2874 4338 3070 4395 mentis
3096 4355 3288 4398 eorum
3313 4346 3406 4412 qui

1846 4433 1902 4489 in
1928 4433 2020 4487 illa
2043 4431 2261 4502 regione
2281 4429 2640 4498 (viventium)
2672 4429 2946 4496 habitant;
2977 4431 3292 4488 discrimina
3328 4437 3413 4488 iu-

1847 4541 2014 4597 quam
2062 4539 2157 4579 seu
2202 4521 2580 4578 distinctiones
2631 4528 2685 4575 et
2724 4519 3076 4589 diﬂ'ereutias,
3120 4525 3174 4578 in
3209 4527 3411 4595 quibus

1849 4621 2032 4675 animo
2062 4632 2156 4672 seu
2201 4621 2380 4669 mente
2421 4612 2737 4668 ctelestibus
2781 4612 2991 4669 deliciis
3035 4615 3408 4684 perfruuntur.

1849 4714 2034 4784 Neque
2069 4711 2214 4766 enim
2264 4708 2582 4765 discrimina
2635 4707 2902 4771 locorum,
2958 4711 3048 4763 sed
3099 4711 3316 4767 ordines
3356 4721 3414 4767 et

1851 4810 2044 4867 modos
2094 4806 2389 4878 gratiarum
2436 4813 2491 4860 et
2532 4803 2805 4858 donorum
2856 4803 3055 4860 multas
3098 4805 3410 4863 mansiones

1849 4901 2154 4974 appellavit.

2283 5225 2446 5300 452
2482 5221 2761 5281 smnus
2800 5220 2967 5277 xxx.

1953 5361 2032 5415 De
2061 5359 2266 5414 vinculo
2300 5357 2460 5410 trium
2489 5357 2742 5410 virtutum
2770 5354 2790 5422 (
2807 5353 2930 5421 ﬁdei
2959 5367 3160 5421 nempe,
3198 5355 3308 5418 spei

2428 5435 2479 5480 et
2510 5423 2832 5495 charitatis).

1919 5527 2050 5582 Post
2069 5522 2250 5578 omnia
2275 5535 2418 5576 nunc
2441 5519 2706 5590 explicata
2727 5524 2949 5572 manent
2972 5516 3085 5570 haec
3109 5514 3234 5578 tria,
3254 5513 3408 5578 lides,

1861 5635 2006 5692 Spes,
2044 5614 2284 5671 cbaritas
2306 5614 2356 5646 “
2384 5632 2397 5668 :
2436 5612 2634 5683 quibus
2656 5609 2842 5666 omnia
2869 5607 3178 5666 arctissimo
3205 5605 3410 5662 vinculi

250 5791 516 5850 “lCor.
557 5787 790 5858 111;,10.
865 5788 911 5822 ⁸⁸
965 5784 1200 5856 Philipp.
1267 5799 1346 5850 nr,
1411 5783 1497 5836 12.
1571 5779 1613 5812 “
1641 5778 1772 5834 ibid.
1828 5777 1915 5834 i5.
1992 5771 2082 5824 “l
2137 5773 2261 5831 Cor.
2329 5788 2448 5839 sin,
2485 5771 2568 5824 l3.
