4222 6448
195 371 322 438 1157

1145 366 1373 426 SCALA
1412 363 1788 424 PARAD'ISI.
1829 388 1896 400 -τ
1929 363 2233 424 GRADUS
2278 364 2459 424 XXX.

3285 363 3424 434 1158

194 490 382 557 πείνης
408 485 662 558 ἐνέργεια
689 483 885 553 ἄδηλός
910 498 992 545 τις
1020 481 1110 534 καὶ
1138 483 1450 550 ἀσήμαντος
1470 495 1484 510 ·
1515 483 1546 548 ἠ
1573 479 1629 531 δὲ
1671 479 1758 546 ιῆς
1787 484 1834 542 Α

1831 476 2271 541 Observandum
2308 474 2557 540 esttibi,
2603 489 2636 531 ο
2675 475 2815 541 ﬂde,
2866 485 2989 546 post
3020 473 3280 541 sublatas,
3330 494 3425 546 per

189 580 344 650 δίψης
373 579 662 649 ἐπιτατική
687 593 770 639 τις
794 577 889 628 καὶ
923 574 1232 644 προφανὴς,
1255 574 1350 626 καὶ
1377 570 1472 626 τοῦ
1503 570 1750 640 φλογμοῦ

189 675 325 725 πᾶσι
364 670 702 742 σημαντικήο
752 668 842 721 διὰ
883 666 1042 719 τοῦτό
1091 683 1256 735 φησιν
1308 666 1336 716 ὁ
1367 664 1499 716 Θεὸν
1533 663 1712 716 ποθῶν
1735 679 1748 691 θ

203 743 532 832 Ἐδίψησεν
573 763 611 828 ἢ
662 758 834 829 ψυχή
879 775 996 827 μου
1053 773 1203 826 προς
1261 755 1370 809 τὸν
1411 758 1590 818 Θειν,
1652 755 1755 802 τὸν

193 857 467 925 ἰσχυρὸν,
507 854 614 907 τὸν
644 850 848 912 ζῶντα.
881 851 946 903 Ei
976 849 1268 920 πρόσωπον
1309 845 1638 916 φιλουμένου
1670 847 1754 896 ἐν·

191 948 376 1018 αργῶς
423 949 576 1010 ὅλους
611 946 758 1016 ἡμᾶς
793 941 1145 1015 μεταϐάλλει.
1199 942 1293 993 καὶ
1347 939 1624 1009 φαιδροὺς,
1661 937 1756 990 καὶ

192 1039 430 1110 ἱλαροὺς,
471 1042 563 1090 καῖ.
619 1036 858 1097 ἀλύπους
912 1031 1314 1102 ἀπεργάζεται·
1347 1030 1400 1084 τί
1457 1029 1525 1082 ἂν
1565 1028 1664 1082 καὶ⁸
1693 1029 1753 1080 οίῖε

190 1134 409 1201 ποιήσει
465 1129 758 1200 πρόσωπον
786 1126 1060 1180 Δεσπότου
1091 1128 1148 1178 ἐν
1194 1122 1410 1193 καθαρᾷ.
1438 1122 1584 1193 ψυχῇ
1637 1123 1758 1175 ἐπι-

186 1225 392 1292 δημίαν
439 1221 687 1289 ἀοράτως
741 1217 1098 1287 ποιουμένους
1155 1216 1214 1268 Ὀ
1273 1215 1372 1286 μὲν
1421 1213 1584 1283 φόϐος
1631 1214 1758 1266 ὅταν

189 1316 442 1384 αἰσθήσει
487 1315 668 1383 ψυχῆς
717 1311 966 1381 γένηται,
1007 1309 1262 1378 ἐκτήκειν
1316 1306 1412 1360 καὶ
1449 1302 1757 1358 κατεσθίειν

187 1411 288 1477 τὴν
332 1407 608 1477 ῥυπαρίαν
630 1404 864 1473 πέφυκε.
902 1401 1277 1472 Καΰήλωσον
1308 1400 1435 1468 γὰρ,
1469 1397 1656 1467 φησὶν,
1689 1396 1760 1448 ἐκ

186 1499 299 1553 τοῦ
331 1499 518 1567 φόϐου
547 1513 664 1550 σου
687 1497 794 1561 τὰς
822 1493 1057 1561 σάρκας
1083 1510 1223 1562 μου.
1255 1491 1319 1543 Ἥ
1338 1490 1394 1542 δέ
1420 1488 1540 1542 ὁσία
1569 1488 1760 1556 ἀγάπη

187 1594 370 1654 ἐνίους
417 1591 516 1661 μὲν
565 1589 871 1643 κατεσθίειν
903 1586 1085 1651 είωθε,
1145 1585 1316 1660 κατὰΔ
1348 1583 1439 1636 τὸν
1502 1581 1756 1634 εἰπόντα·

201 1681 607 1750 Ἐκαρδίωσας
645 1679 823 1748 ἡμᾶς,
869 1678 1256 1747 ἐῖίαρδίωσας.
1320 1675 1457 1728 Ποτὲ
1504 1674 1564 1727 δέ
1609 1688 1762 1732 τινας

1855 570 2100 626 animam
2132 570 2282 624 velut
2329 584 2568 636 cervam,
2624 571 2819 624 noxias
2867 568 3030 632 feras,
3077 570 3424 640 potissimum

1853 673 1970 717 tum
1995 663 2234 716 ultimam
2255 660 2568 717 desiderare
2587 660 2780 726 Deum,
2801 669 2857 716 et
2881 661 2936 716 in
2960 676 3026 716 eo
3046 663 3194 716 velut
3219 663 3427 718 amoris

1855 757 2042 827 jaculo
2069 771 2385 828 percussam
2418 756 2648 813 deﬁcere
2687 757 2817 826 (seu
2853 757 3297 829 colliquescere).
3331 756 3428 812 Vis

1854 861 1908 904 et
1931 865 2094 905 causa
2126 849 2289 905 famis
2315 864 2424 903 non
2450 857 2534 904 est
2557 863 2772 920 semper
2793 849 3084 906 manifesta
3113 861 3167 906 et
3191 860 3379 920 aperta
3412 892 3426 904 .

1856 941 1977 997 sitis
2027 957 2155 995 vero
2208 941 2426 1012 publice
2473 951 2699 1012 apparet
2741 942 3018 1006 omnibus,
3073 951 3128 998 et
3174 944 3426 997 ardorem

1856 1034 2132 1106 patefacit.
2177 1033 2316 1090 Hinc
2370 1043 2455 1092 est
2486 1036 2632 1106 quod
2670 1037 2760 1092 ille
2805 1037 2899 1107 qui
2945 1036 3110 1092 Deum
3162 1036 3425 1103 ardebat,

1857 1127 2106 1183 dixerit:
2148 1125 2317 1182 Sitivi.
2370 1128 2552 1181 anima
2583 1143 2700 1180 mea
2749 1128 2819 1182 ad
2867 1127 3052 1192 Deum,
3104 1128 3320 1198 fortem,
3352 1128 3428 1180 vi-

1857 1234 1978 1272 vum
2003 1217 2068 1273 ⁸³.
2118 1216 2178 1271 Si
2210 1229 2464 1286 aspectus
2491 1217 2675 1272 dilecti
2725 1217 2884 1272 nobis
2931 1216 3094 1272 amici
3141 1231 3239 1271 nos
3283 1227 3428 1275 totos

1860 1309 2138 1372 immutat,
2192 1317 2246 1363 et
2290 1308 2444 1363 laetos
2497 1306 2807 1379 hilaresque
2849 1307 3046 1372 reddit,
3097 1322 3429 1377 omnemque

1860 1416 2153 1457 maerorem
2204 1401 2487 1472 abstergit,
2544 1399 2675 1471 quid
2723 1414 2831 1454 non
2877 1397 3071 1454 eﬂiciat
3116 1398 3284 1454 facies
3316 1400 3425 1453 Do-

1861 1495 1991 1548 mini
2029 1495 2083 1548 in
2120 1509 2313 1564 puram
2363 1493 2601 1548 animam
2643 1492 3022 1560 inaspectabili
3065 1492 3226 1548 modo
3263 1495 3428 1547 adve-

1860 1587 2097 1641 nieutis?
2144 1584 2336 1640 Timor
2387 1585 2602 1655 quidem
2654 1585 2900 1650 Domini,
2952 1585 3170 1657 quando
3201 1601 3266 1640 ex
3297 1601 3428 1640 vero

1862 1680 2030 1735 animi
2077 1694 2242 1735 sensu
2278 1677 2544 1744 nascitur,
2585 1693 2776 1733 omnes
2809 1679 2996 1734 sordes
3024 1678 3207 1733 eluere
3242 1686 3297 1733 et
3330 1678 3426 1732 ab-

185 1774 554 1846 λαμπρύνειν,
592 1774 688 1826 καὶ
718 1771 1084 1841 ἀγαλλιᾶσθαι
1118 1771 1284 1822 ποιεῖ.
1327 1766 1446 1820 Ἐπ’
1476 1762 1624 1834 αύτῷ
1651 1762 1761 1834 γάρ
1793 1832 1831 1846 ἢ

1863 1786 2080 1827 sumere
2110 1769 2411 1824 consuevit.
2447 1767 2677 1839 Conﬁge,
2732 1769 2936 1837 inquit,
2985 1769 3131 1823 velut
3175 1767 3364 1834 clavis,
3396 1785 3428 1821 a

188 1887 393 1939 φησιν’
441 1869 744 1922 "Ianuar
785 1868 824 1935 ἡ
863 1864 1074 1933 καρδία
1099 1880 1214 1929 μου
1243 1860 1341 1914 καί
1390 1860 1760 1926 ἐϐοηθύνθην

188 1961 569 2034 Ιέὗοηθήθηνι,
599 1960 698 2014 καὶ
727 1959 1021 2014 ιὶνέτιιλεγ
1043 1952 1347 2028 [άνέθαλεν]
1377 1953 1414 2020 ἡ
1440 1951 1598 2022 σάρξ
1617 1967 1756 2022 μου·

187 2065 285 2116 καὶ
314 2063 542 2134 καρδίας
570 2059 1028 2132 εὐφραινομένης,
1055 2057 1346 2129 πρόσωπον
1376 2053 1581 2109 θάλλει.

1865 1867 2051 1917 timore
2083 1874 2170 1916 tuo
2198 1878 2381 1916 carnes
2411 1878 2552 1916 meas
2574 1861 2642 1914 δ’.
2674 1860 2778 1915 Sed
2811 1870 2999 1916 sancta
3028 1861 3266 1916 Charitas
3293 1876 3420 1915 non-

1865 1957 2044 2011 nullos
2076 1955 2297 2026 quidem
2334 1956 2630 2010 absorbere
2663 1955 2820 2021 solet,
2850 1956 3306 2025 quemadmodum
3343 1955 3432 2009 ille

1864 2050 2044 2105 dixit:
2089 2049 2385 2104 Vulnerasti
2419 2065 2510 2103 cor
2541 2059 2801 2114 nostrum,
2847 2049 3136 2104 vulnerasti
3162 2050 3229 2106 ⁸ο.
3281 2049 3431 2105 Alios

187 2170 328 2209 vero
364 2162 510 2209 totos
531 2152 776 2216 irradiat,
809 2160 866 2206 et
891 2165 1004 2222 pra!
1029 2149 1228 2221 gaudio
1256 2148 1386 2203 facit
1433 2155 1492 2200 ut
1535 2143 1805 2199 exsultent
1851 2143 1906 2197 in
1949 2141 2202 2198 Domino.
2244 2142 2319 2198 De
2355 2157 2466 2212 quo
2495 2141 2632 2196 dixit
2685 2160 2698 2197 :
2741 2140 2981 2212 Speravit
3024 2159 3116 2196 cor
3169 2161 3336 2198 meant
3381 2156 3432 2197 et

187 2247 408 2317 adjutus
457 2261 594 2308 sum,
633 2255 681 2298 et
717 2243 955 2312 reﬂoruit
999 2258 1124 2295 caro
1163 2257 1280 2294 mea
1301 2242 1370 2294 ⁸¹.
1402 2238 1578 2294 Corde
1607 2249 1735 2292 vero
1770 2234 2071 2291 exhilarato
2103 2234 2264 2289 etiam
2295 2232 2460 2290 facies
2489 2231 2663 2290 ﬂoret.

266 2338 438 2388 Ὅταν
489 2336 674 2388 λοιπὸν
732 2333 851 2398 ὅλος
897 2333 928 2386 ὁ
967 2331 1255 2404 ἄνθρωπος
1309 2325 1422 2384 οἷόν
1460 2345 1577 2391 πως
1631 2343 1758 2380 συν-

190 2427 478 2498 ανακραθῇ
511 2429 578 2498 τῇ
612 2426 708 2480 τοῦ
737 2426 873 2479 Θεοῦ
925 2424 1135 2497 ἀγάπῃ,
1166 2423 1284 2476 τότε
1327 2423 1421 2476 καὶ
1466 2419 1623 2483 ἐκτὸς
1662 2417 1756 2472 τοῦ

190 2523 252 2573 ἐν
278 2520 358 2590 τῷ
385 2519 595 2590 σώματι
618 2519 694 2582 ὼς
717 2519 783 2572 δι’
813 2517 1080 2587 ἐσόπτρου
1129 2515 1274 2576 τινὸς
1300 2515 1400 2586 τὴν
1435 2514 1536 2584 τῆς
1581 2510 1760 2581 ψυχῆς

189 2611 436 2664 δείκνυσι
472 2611 862 2680 λαμπρότηταο
916 2609 1088 2672 οὓτως
1121 2607 1400 2674 δοξάζεται
1454 2602 1689 2673 Μωῦσῆς
1731 2602 1760 2654 ὁ

192 2706 432 2774 θεόπτης
461 2704 689 2765 ἐκεῖνος.
725 2704 789 2754 Οἱ
833 2701 1072 2755 τοιοῦτον
1117 2698 1403 2769 ἰσάγγελον
1441 2694 1761 2766 κατειληφόο

190 2814 309 2862 τες,
344 2795 606 2858 πολλάκις
658 2794 866 2866 τροφῆς
919 2791 1240 2862 σωματικῆς
1294 2788 1758 2842 ἐπιλανθάνονται.

191 2885 366 2958 οἶμαι
394 2886 449 2940 δὲ
482 2887 601 2940 οὐδὲ
635 2886 958 2956 συχνότερον
991 2883 1192 2953 ταύτης
1213 2882 1519 2955 ὀρέγονται.
1554 2878 1665 2933 Καὶ
1696 2877 1759 2930 οὐ

192 2981 385 3052 θαῦμα
405 2996 420 3010 ·
453 2980 611 3051 εἰπερ
648 2980 744 3032 καὶ
780 2977 944 3040 πόθος
978 2977 1223 3038 ἐναντίος
1254 2974 1515 3036 πολλάκις
1553 2971 1761 3043 τροφὴν

190 3073 570 3144 διεκρούσατο,
625 3070 778 3142 οἶμαι
810 3070 918 3124 τῶν
968 3069 1262 3140 ἀφθάρτων
1305 3066 1512 3120 τούτων
1553 3064 1760 3128 λοιπον,

197 3167 361 3237 μηδὲ,
400 3165 476 3229 ῶς
503 3165 682 3234 ἔτυχε,
731 3162 791 3216 τὸ
836 3161 997 3232 σῶμα
1051 3158 1472 3229 νοσηλεύεσθαιο
1530 3155 1761 3226 ἡγνίσθη

191 3258 307 3329 γὰρ
368 3258 460 3311 καὶ
504 3255 702 3328 τρόπον
753 3253 876 3306 τινά
930 3251 1368 3322 ἐφθαρτοποιήθη
1425 3249 1513 3302 διά
1565 3247 1764 3318 φλογὸς

193 3350 424 3416 ἁγνείας
465 3347 801 3416 διακοψάσης
846 3344 1022 3414 φλόγα
1056 3342 1155 3412 (7).
1205 3339 1372 3413 Οἶμαι
1413 3340 1547 3412 μηδὲ
1594 3338 1764 3409 αὐτὴν

195 3441 428 3512 βρῶσιν,
458 3441 525 3509 ῆν
565 3438 882 3509 προσίενται
927 3437 1110 3489 λοιπὸν
1140 3435 1259 3507 μεθ’
1292 3433 1558 3506 ήδύτητος
1591 3449 1765 3504 προσ-

196 3533 400 3587 ίεσθαι.
435 3531 617 3602 ’Υδωρ
649 3530 750 3600 μὲν
790 3533 896 3601 γὰρ
931 3529 1184 3597 ὑπόγειον
1220 3525 1377 3598 ῥίζαν
1409 3524 1610 3595 φυτοῦ,
1643 3523 1767 3577 τού-

193 3642 315 3677 των
344 3623 401 3676 δὲ
428 3596 604 3692 ψυχὴν
641 3596 751 3691 πῦρ
771 3596 1020 3691 ούρανίον
1047 3596 1268 3689 τρέφειν
1295 3617 1565 3687 πέφυκεν⁹
1600 3614 1766 3686 αὖξη-
1791 3596 1835 3654 C

196 3733 286 3779 σις
318 3715 486 3783 φόϐου
516 3712 661 3784 ἀρχὴ
682 3712 900 3782 ἀγάπης
919 3727 933 3740 ’
959 3710 1116 3774 τέλος
1153 3710 1210 3763 δὲ
1255 3709 1477 3778 ἁγνείας
1511 3707 1766 3771 ὑπόθεσις

195 3806 505 3874 θεολογίας.
561 3805 622 3858 ὐ
661 3803 780 3874 Θεῷ
823 3803 1045 3867 τελείως
1092 3801 1192 3866 τάς
1234 3800 1517 3872 αἰσθήσεις
1561 3801 1768 3864 ἐνώσας

191 3903 330 3963 τοὺς
361 3899 551 3968 λόγους
580 3896 746 3951 αὐτοῦ
798 3897 1238 3966 μυσταγωγείται
1273 3893 1365 3946 ὑπ’
1399 3893 1564 3946 αὑτοῦ
1587 3908 1601 3922 °
1645 3893 1768 3946 τού-

191 4011 313 4048 των
362 3992 471 4063 γὰρ
500 3991 576 4063 μὴ
607 3989 990 4060 συναφθέντων
1037 3987 1271 4059 χαλεπὸν
1301 3986 1430 4056 περὶ
1477 3985 1611 4039 Θεοῦ
1657 3987 1769 4039 δια-

192 4085 482 4155 λέγεσθαι.
517 4083 790 4146 Ἐνούσιος
823 4083 923 4152 μὲν
949 4081 1106 4149 λόγος
1129 4080 1326 4133 τελειοῖ
1355 4079 1595 4147 ἁγνείαν,
1628 4094 1772 4148 παρ·

193 4179 368 4249 ουσία
399 4176 595 4231 ἑαυτοῦ
623 4173 904 4247 νεκρώσας
936 4173 1025 4228 τὸν
1057 4173 1323 4227 θάνατον’
1357 4170 1548 4225 τούτου
1589 4169 1648 4224 δὲ
1681 4185 1770 4222 νε-

195 4273 533 4346 κρωθέντος,
563 4271 592 4323 ὁ
618 4269 719 4338 τῆς
745 4267 1019 4336 θεολογίας
1046 4266 1292 4338 μαθητὴς
1313 4266 1670 4334 πεφώτισται.
1712 4263 1771 4315 '0

197 4368 368 4436 λόγος
403 4363 610 4435 Κυρίου
635 4365 664 4416 ὀ
685 4366 750 4416 ἐκ
777 4362 982 4432 Κυρίου
1010 4360 1173 4430 ἁγνὸς
1204 4360 1475 4430 διαμένων
1499 4359 1580 4421 εἰς
1601 4355 1772 4410 αἰῶνα

197 4462 405 4524 αἰῶνος
424 4477 441 4492 ο
469 4460 497 4511 ὁ
514 4457 622 4529 γάρ
651 4455 784 4510 Θεὸν
806 4454 880 4526 μὴ
903 4455 1063 4523 γνοὺς
1099 4451 1466 4522 στοχαστικῶς
1493 4449 1772 4519 ἀποφθέγ-

198 4570 364 4625 γεται
400 4551 476 4624 (8)
499 4566 512 4580 ⁶
567 4549 761 4617 ἁγνεία
788 4545 1037 4618 μαθητὴν
1070 4543 1321 4612 θεολόγον
1368 4541 1662 4614 εἰργάσατο
1703 4540 1771 4594 δι’

199 4644 410 4702 ἑαυτοῦ
441 4644 785 4713 κρατύναντα
803 4640 903 4710 τῆς
927 4638 1142 4711 τριάδος
1164 4638 1272 4690 τῶν
1304 4638 1473 4709 τριῶν
1502 4636 1593 4708 [aL
1621 4637 1776 4692 abest

199 4741 318 4794 τῶν
351 4737 540 4811 τριῶν]
571 4737 639 4790 ea;
664 4736 930 4806 δόγματα.
971 4735 1029 4788 '0
1053 4733 1282 4803 ἀγαπῶν
1309 4735 1402 4785 τὸν
1431 4731 1655 4803 Κύριον,
1683 4731 1775 4784 τὸν

198 4830 440 4900 ἀδελφὺν
484 4828 651 4883 αὑτοῦ
699 4827 1114 4898 προηγάπησεν.
1175 4824 1471 4889 Ἀπόδειξις
1524 4823 1634 4894 γάρ
1678 4821 1775 4876 τοῦ

200 4924 483 4996 προτέρου
517 4922 578 4976 τὸ
611 4920 882 4992 δεύτερον.
911 4920 972 4975 Ὀ
999 4918 1232 4988 ἀγαπῶν
1255 4917 1346 4971 τὸν
1376 4918 1605 4988 πλησίον
1633 4917 1775 4970 ούδέ-

201 5032 346 5069 πατε
377 5013 823 5068 καταλαλούντων
843 5012 1093 5076 ἀνέξεται
1114 5029 1128 5042 ·
1154 5012 1228 5075 ὼς
1251 5011 1358 5065 ἀπὸ
1381 5012 1554 5079 πυρὸς
1576 5012 1776 5081 μᾶλλον

202 5111 267 5164 δὲ
311 5107 703 5174 ἀποφεύξεται.
743 5107 804 5158 '0
851 5106 1028 5173 λέγων
1062 5106 1264 5174 Κύριον
1317 5105 1538 5175 ἀγαπᾷν
1576 5105 1672 5157 καὶ
1701 5104 1779 5174 τῷ

205 5199 430 5268 ἁδελφῷ
457 5199 624 5252 αὐτοῦ
645 5199 1017 5270 ὀργιζόμενος,
1045 5198 1226 5268 ὅμοιός
1264 5199 1379 5250 ἐστι
1405 5197 1484 5267 τῷ
1516 5197 1638 5249 καθ’
1671 5197 1776 5250 ὓπ-

205 5311 337 5356 νους
367 5292 635 5362 τρέχοντι.
665 5293 878 5362 Κράτος
907 5293 1126 5362 ἀγάπης
1159 5293 1335 5355 ἐλπὶς,
1357 5292 1424 5344 δι’
1461 5293 1628 5361 αὐτῆς
1669 5291 1776 5362 γὰρ

204 5387 300 5438 τὶν
322 5384 425 5454 τῆς
451 5386 670 5455 ἀγάπης
699 5384 886 5451 μισθὸν
925 5383 1358 5454 ἀπεκδεχόμεθα.
1403 5383 1588 5446 Ἐλπίς
1625 5387 1774 5436 ἐστιν

207 5479 416 5548 ἀδήλου
431 5478 663 5531 πλούτου
681 5478 925 5540 πλοῦτος·
945 5479 1099 5540 ἐλπίς
1119 5481 1264 5532 ἐστιν
1281 5477 1652 5540 άνενδοίαστος
1670 5478 1777 5547 πρὸ

209 5570 496 5642 θησαυροῦ
535 5570 839 5641 θησαυρός·
872 5572 1010 5642 αὓτη
1061 5573 1246 5626 κόπων
1273 5572 1596 5636 ἀνάπαυλαι,
1635 5571 1772 5642 αὕτη

213 5663 440 5732 ἀγάπης
459 5661 616 5732 θύρα,
634 5662 772 5735 αὕτη
796 5666 1012 5734 ἀναιρεῖ
1035 5663 1362 5731 ἀπόγνωσιν,
1381 5663 1518 5733 αὕτη
1547 5661 1652 5716 τῶν
1669 5663 1776 5714 άπ-

288 5839 334 5871 δ⁸
366 5838 509 5897 Psal.
550 5856 658 5907 xu,
697 5841 750 5898 5.

1922 2324 2085 2398 555
2118 2326 2252 2380 Cum
2285 2327 2503 2380 demum
2536 2335 2682 2380 totus
2737 2325 2899 2380 homo
2949 2325 3131 2381 divina
3167 2329 3434 2385 charitate

1857 2415 2152 2471 inundatos
2173 2427 2225 2470 et
2245 2418 2400 2482 quasi
2423 2416 2717 2484 permistus
2746 2426 2800 2470 et
2829 2416 3092 2472 confusus
3116 2417 3295 2481 fuerit,
3317 2429 3433 2476 tum

1855 2507 2003 2561 velut
2031 2521 2127 2577 per
2166 2506 2447 2576 Speculum
2495 2507 2694 2561 animae
2731 2505 2996 2577 fulgorem
3041 2510 3294 2564 ostendit.
3333 2508 3432 2567 Sic

1859 2597 1948 2651 ille
2003 2597 2097 2652 Dei
2157 2598 2556 2668 contemplator
2603 2606 2658 2652 et
2711 2607 2984 2667 spectator
3019 2598 3230 2671 Moyses
3259 2601 3434 2672 gloria

1859 2688 2226 2746 circumfusus
2264 2699 2367 2745 est.
2402 2689 2506 2757 Qui
2540 2691 2607 2745 ad
2643 2691 2790 2746 hunc
2819 2693 3121 2761 angelicum
3151 2693 3434 2750 charitalis

1858 2781 2086 2849 gradum
2134 2784 2518 2846 ascenderunt,
2563 2797 2705 2852 saepe
2754 2781 3134 2838 alimentorum
3189 2786 3434 2855 corporis

1858 2873 2011 2928 obliti
2044 2883 2191 2939 sunt,
2224 2873 2333 2929 imo
2359 2874 2680 2944 plerumque
2715 2889 2814 2929 nec
2848 2875 3195 2931 desiderant:
3221 2893 3319 2932 nec
3349 2887 3436 2933 est
3539 2865 3543 2874 ’

1861 2967 2007 3036 quod
2039 2967 2322 3033 miremur,
2365 2967 2587 3037 quando
2631 2968 2967 3022 contrarium
3021 2985 3164 3039 sazpe
3218 2971 3436 3025 deside-

1863 3064 2005 3116 rium
2062 3071 2118 3116 et
2170 3063 2444 3132 appetitus
2492 3062 2672 3117 cibum
2733 3063 3004 3134 repudiat,
3036 3073 3098 3118 ut
3127 3065 3434 3119 existimem

1863 3169 2065 3225 corpus
2113 3155 2554 3225 incorruptorum
2615 3156 2808 3210 horum
2867 3155 2936 3211 de
2990 3165 3186 3212 (cetera
3230 3159 3436 3213 morbis

1862 3261 1973 3299 non
2005 3245 2237 3314 amplius
2259 3246 2492 3312 tentari;
2523 3262 2645 3301 cum
2676 3255 2923 3302 sanctum
2946 3246 3060 3319 jam
3089 3248 3180 3314 sit,
3212 3257 3266 3302 et
3295 3264 3435 3318 quo-

1865 3339 2153 3392 dammodo
2199 3353 2295 3407 per
2349 3339 2616 3394 castitatis
2659 3337 2957 3406 ﬂammam,
3010 3356 3130 3412 quae
3188 3341 3436 3412 corporis

1865 3435 2136 3489 ﬂammam
2179 3433 2466 3498 exstinxit,
2502 3437 2878 3506 incorruptum
2907 3439 2978 3492 sit
3003 3437 3251 3494 effectura
3289 3456 3303 3493 :
3335 3452 3439 3492 nec

1869 3530 2104 3584 arbitror
2139 3527 2270 3581 illud
2297 3528 2536 3582 oblatum
2561 3530 2724 3583 etiam
2759 3530 2941 3585 cibum
2977 3546 3100 3585 cum
3136 3532 3246 3586 ulla
3277 3531 3435 3586 dein--

1866 3637 1993 3692 ceps
2044 3621 2320 3690 voluptate
2364 3621 2670 3677 admittere.
2713 3621 2868 3692 Aqua
2901 3624 3045 3678 enim
3083 3625 3433 3679 subterranea

1864 3718 2059 3786 planta:
2098 3715 2358 3781 radicem,
2403 3715 2596 3770 horum
2626 3732 2756 3772 vero
2786 3718 2998 3774 animas
3026 3718 3168 3788 ignis
3196 3719 3435 3773 caelestis

1865 3811 2008 3864 alere
2033 3809 2190 3863 solet.
2222 3806 2460 3864 Timoris
2480 3809 2648 3863 divini
2676 3809 3074 3865 incrementum
3106 3812 3434 3881 principium

1863 3911 1948 3957 est
1989 3901 2272 3956 charitatis
2300 3918 2314 3955 :
2347 3901 2471 3956 ﬁnis
2506 3915 2636 3956 vero
2675 3902 2965 3968 castitatis,
2994 3904 3277 3974 theologia:
3319 3905 3439 3958 fun-

1865 3995 2200 4049 damentum.
2230 3991 2400 4063 Cujus
2447 4008 2643 4048 sensus
2686 4010 2809 4048 cum
2863 3993 2974 4050 Deo
3029 3995 3266 4065 perfecte
3310 4007 3438 4053 sunt

1866 4088 2168 4158 conjuncti,
2203 4087 2291 4142 hic
2321 4086 2499 4142 verbis
2528 4086 2622 4142 Dei
2645 4087 2712 4141 ab
2744 4088 2863 4157 ipso
2893 4087 3004 4142 Deo
3038 4104 3241 4144 arcano
3275 4089 3438 4144 modo

1869 4179 2190 4235 instituitur.
2221 4177 2332 4234 Illis
2353 4178 2494 4233 enim
2525 4193 2634 4233 non
2661 4179 2928 4248 copulatis
2953 4177 3168 4234 ditiicile
3209 4180 3316 4234 erit
3370 4180 3440 4236 de

1870 4276 1979 4331 Deo
2026 4290 2330 4331 sermonem
2387 4275 2686 4331 instituere.
2725 4275 2963 4332 Verbum
2994 4278 3219 4333 insitum
3277 4279 3442 4334 casti-

1871 4378 2034 4426 tatem
2073 4368 2367 4440 perfectam
2396 4367 2577 4435 cﬂicit,
2613 4385 2821 4440 suaque
2865 4372 3155 4440 praesentia
3205 4383 3438 4427 mortem

1871 4469 2044 4539 ipsam
2096 4466 2260 4522 morti
2303 4464 2486 4522 infert.
2551 4465 2723 4522 Morte
2769 4476 2949 4523 autem
3005 4469 3271 4524 exstincta
3323 4468 3436 4540 jam

1871 4554 2155 4626 theologia:
2176 4562 2411 4610 sectator
2443 4555 2744 4611 illustratus
2769 4565 2871 4611 est.
2896 4556 3131 4612 Verbum
3167 4556 3376 4612 Domini
3406 4574 3438 4612 a

1872 4647 2104 4702 Domino
2131 4647 2335 4702 editum
2374 4659 2620 4703 sanctum
2645 4657 2750 4715 est,
2780 4657 2835 4704 et
2866 4659 3048 4704 manet
3072 4649 3126 4703 in
3151 4659 3434 4704 aeternum.

1875 4737 1979 4806 Qui
2002 4737 2172 4792 Deum
2212 4751 2320 4792 non
2348 4737 2518 4804 novit,
2547 4748 2758 4792 tantum
2808 4739 3156 4807 probabiliter
3183 4755 3277 4809 per
3303 4754 3437 4794 con-

1871 4832 2136 4903 jecturam
2180 4829 2246 4885 de
2278 4830 2445 4886 rebus
2474 4831 2673 4886 divinis
2704 4831 2963 4901 loquitur.
2986 4830 3319 4902 Discipulum
3349 4848 3441 4889 ve-

1804 4950 1856 5010 ι)
1880 4939 1998 4979 rum
2035 4923 2317 4993 theologia:
2339 4923 2562 4979 castitas
2591 4922 2773 4991 eﬂicit,
2801 4925 2875 4978 uti
2906 4939 3004 4995 per
3040 4941 3099 4979 se
3128 4925 3304 4995 ipsum
3325 4925 3438 4996 jam

1877 5016 2238 5071 sanctissimae
2261 5013 2544 5069 Trinitatis
2567 5016 2620 5070 in
2648 5017 2823 5071 tribus
2857 5018 3102 5086 personis
3135 5017 3438 5072 doctrinam

1875 5107 2318 5178 comprehendat.
2364 5105 2528 5179 456
2565 5107 2667 5174 Qui
2705 5108 2874 5164 Deum
2923 5119 3090 5175 amat,
3144 5111 3255 5179 jam
3314 5118 3440 5165 ante

1876 5203 2093 5258 fratrem
2118 5215 2306 5256 amore
2325 5215 2425 5256 suo
2445 5203 2760 5272 complexus
2780 5217 2883 5260 est.
2903 5205 3005 5259 Per
3029 5219 3267 5259 amcrem
3290 5205 3436 5259 enim

1873 5298 2170 5352 fraternum
2200 5305 2425 5351 testatur
2455 5311 2514 5351 se
2545 5297 2712 5351 Deum
2752 5313 2953 5352 amare.
2985 5297 3087 5364 Qui
3134 5307 3278 5353 amat
3305 5299 3436 5354 alte-

1880 5405 2023 5451 rum,
2061 5389 2209 5443 nullo
2253 5387 2412 5441 modo
2469 5385 2611 5442 ferre
2665 5397 2860 5457 potest,
2894 5398 2954 5442 ut
2981 5388 3054 5442 illi
3090 5389 3436 5450 obtrectetur,

1879 5483 1972 5540 sed
2001 5483 2069 5537 ab
2097 5481 2242 5538 omni
2271 5480 2602 5535 detractione
2630 5481 2795 5534 multo
2823 5481 2995 5549 magis
3024 5497 3185 5552 quam
3219 5482 3286 5536 ab
3317 5483 3440 5553 igne

1880 5577 2072 5648 refugit
2116 5586 2171 5632 et
2196 5575 2467 5630 abhorret.
2506 5573 2610 5638 Qui
2639 5573 2770 5627 dicit
2806 5587 2865 5628 se
2924 5572 3092 5628 Deum
3138 5588 3342 5638 amare,
3384 5583 3439 5628 et

1880 5668 2095 5723 interim
2149 5666 2298 5722 fratri
2353 5680 2456 5721 suo
2498 5665 2771 5731 irascitur,
2800 5667 3196 5736 comparandus
3219 5674 3300 5721 est
3337 5665 3435 5730 illi,

826 5841 1254 5908 "Psal.cxvm,
1313 5844 1436 5902 120.
1513 5845 1559 5878 '°
1617 5842 1770 5900 Cant.
1829 5857 1904 5908 tv,
1958 5842 2012 5896 9.
2086 5843 2131 5875 “
2187 5837 2334 5898 Psal.
2383 5837 2630 5905 xxvu,7.
