4222 6448
814 384 954 452 1159
2055 389 2118 448 S.
2145 387 2464 449 JOANNIS
2503 387 2809 449 CLIMACI
3925 376 4059 439 116(

811 505 906 576 qui
936 501 1172 558 somniat
1209 516 1267 556 se
1295 515 1536 558 currere.
1569 501 1665 557 Vis
1691 501 1871 557 omnis
1893 503 2177 560 charitatis
2210 504 2264 558 in
2292 519 2390 574 spe
2416 510 2463 565 Α

2416 510 2463 565 Α
2493 505 2663 558 όντων
2693 503 2858 561 εἰκών
2876 520 2893 536 ·
2924 503 3138 567 ἐλπίδος
3186 501 3441 573 ἔλλειψις,
3478 501 3700 573 ἀγάπης
3723 500 4063 569 ἀφανισμδς,

809 596 912 650 sita
937 605 1041 660 est,
1058 609 1152 664 per
1179 609 1342 664 quam
1370 593 1650 662 praemium
1681 594 1964 649 charitatis
1983 605 2385 664 exspectamus.

2488 593 2664 666 ταύτῃ
2685 594 2926 648 δέδενται
2957 595 3129 656 πόνοι,
3154 595 3330 665 ταύτῃ
3358 594 3664 665 κρέμανται
3695 591 3855 645 κόποι
3875 606 3892 621 ·
3927 589 4065 640 ταύ-

811 685 950 757 Spes
988 695 1204 742 estnon
1233 686 1608 756 apparentium
1637 685 1948 741 divitiarum
1976 686 2199 753 divitiae,
2226 688 2386 742 indu-

2485 699 2588 752 την
2635 683 2828 736 κυκλοῖ
2876 683 3046 748 ἕλεος.
3083 682 3319 748 Εὔελπις
3354 681 3611 753 μοναχδς,
3642 680 3875 749 ἀκηδξας
3923 679 4063 745 σφά-

811 778 1016 833 bitatus
1046 777 1337 832 thesaurus
1365 785 1490 830 ante
1536 786 1846 846 perceptum
1886 777 2226 832 thesaurum.
2263 775 2391 833 Haec

2487 791 2641 845 κτης,
2698 777 2757 829 έν
2820 776 3065 847 μαχαίρᾳ
3121 775 3350 846 ταύτης,
3403 775 3624 844 ἐκείνην
3661 769 4063 843 τροποὺμενος.

809 875 895 921 est
916 866 1165 921 laborum
1197 867 1437 935 requies,
1458 865 1623 934 janua
1665 865 1967 931 charitatis,
1997 867 2389 936 desperationis

2499 865 2720 920 Ἐλπίδα
2740 866 2916 922 τίκτει
2939 867 3130 938 δώρων
3154 866 3362 940 Κυρίου
3397 869 3568 937 πεῖρα
3588 881 3604 896 ο
3637 867 3667 919 ὁ
3688 863 3798 936 γὰρ
3828 864 4064 932 ἀπειρος

810 959 1124 1023 exstinctio,
1154 958 1460 1013 absentium
1494 960 1756 1012 bonorum
1794 959 1970 1028 imago
1997 968 2051 1012 et
2078 973 2382 1027 repraesen-

2486 959 2588 1013 οὐκ
2607 961 2929 1024 ἀδίστσκτος
2961 961 3134 1031 μένει.
3152 960 3372 1015 Ἐλπίδα
3403 957 3604 1033 [ἐλπίς]
3635 958 3752 1011 λύει
3781 956 3997 1025 θυμός’
4031 954 4062 1022 ἡ

813 1050 970 1104 latio.
1005 1048 1103 1103 Ubi
1137 1063 1262 1119 spes
1290 1049 1592 1113 decollavit,
1637 1049 1875 1103 charitas
1922 1049 2112 1118 periit;
2147 1051 2250 1104 hac
2302 1050 2384 1104 la-

2491 1049 2590 1119 μὲν
2616 1050 2727 1120 γὰρ
2765 1051 2826 1103 οὐ
2864 1051 3246 1122 καταισχύνει·
3275 1051 3417 1123 ἀνὴρ
3437 1051 3497 1104 δὲ
3522 1049 3778 1120 θυμώδης
3814 1049 3924 1099 οὐκ
3969 1044 4063 1096 εὖ·

816 1143 976 1197 hores
1004 1141 1177 1196 nostri
1221 1141 1623 1195 devinciuntur.
1657 1139 1738 1193 Ab
1767 1140 1870 1194 hac
1910 1150 2091 1194 nostra
2121 1141 2383 1207 sudorum
2489 1144 2736 1212 σχήμων.

814 1235 991 1290 studia
1025 1233 1375 1304 dependent;
1443 1232 1584 1286 hanc
1638 1231 2012 1286 misericordia
2071 1230 2255 1284 divina
2315 1233 2711 1289 circumvallat.
2747 1233 3056 1305 Religiosus
3105 1235 3220 1306 spei
3266 1235 3458 1306 plenus
3515 1235 3780 1292 desidiam
3818 1233 4059 1303 jugulat,

814 1325 1073 1395 illamque
1120 1339 1212 1392 per
1271 1323 1434 1391 hujus
1483 1321 1719 1392 gladium
1781 1320 2079 1390 triumphat
2123 1319 2204 1392 [in
2234 1319 2416 1392 fugam
2445 1325 2606 1378 vertit
2658 1341 2751 1379 seu
2777 1325 2971 1398 fugat].
3003 1326 3166 1397 Spem
3213 1327 3483 1382 donorum
3525 1328 3828 1382 caelestium
3865 1334 4063 1395 gustus

796 1418 982 1488 .parit,
1015 1431 1136 1486 quae
1165 1415 1260 1486 qui
1299 1429 1406 1468 non
1441 1416 1676 1484 gustavit
1731 1422 1826 1467 aut
1881 1422 2135 1482 expertus
2187 1423 2291 1478 est,
2325 1416 2393 1470 de
2443 1419 2751 1474 constantia
2805 1420 3164 1490 periclitatur.
3201 1420 3363 1490 Spem
3410 1421 3491 1476 ira
3534 1420 3736 1476 occidit
3770 1422 3871 1489 (α).
3936 1435 4061 1488 spes

814 1513 958 1566 enim
1006 1526 1112 1564 non
1145 1509 1432 1564 confundit
1473 1526 1487 1561 :
1532 1508 1825 1563 iracundus
1861 1521 1989 1561 vero
2021 1506 2408 1563 confunditur.

884 1604 1136 1659 Charitas
1158 1603 1267 1657 dux
1303 1610 1386 1657 est
1414 1601 1733 1671 pr0phetite,
1767 1602 2155 1657 miraculorum
2201 1603 2389 1659 conci-
2421 1617 2462 1670 Β

1358 1610 1386 1695 ιι
1414 1608 1733 1695 prophetiae,
1767 1608 2155 1695 miraculorum
2201 1608 2389 1659 conci-
2421 1617 2462 1670 Β
2567 1608 2790 1680 ’Δγάπη
2845 1610 3188 1682 προφητείας
3241 1611 3476 1682 χορηγός
3504 1628 3520 1644 ο
3573 1611 3762 1680 ἀγάπη
3815 1612 4062 1680 τεράτων

815 1698 998 1754 liatrix
1034 1716 1046 1750 :
1083 1695 1322 1750 charitas
1358 1693 1571 1750 divina:
1618 1693 1998 1748 illustrationis
2027 1695 2386 1750 inexhaustus

2492 1701 2826 1770 παρεκτικήο
2878 1703 3068 1772 ἀγάπη
3099 1732 3101 1734 -
3133 1700 3455 1769 ὲλλάμψεως
3508 1699 3764 1762 ἄϐυσσος.
3839 1702 4059 1772 Ἀγάπη

817 1792 943 1846 fons
976 1809 990 1844 :
1027 1791 1264 1844 charitas
1311 1799 1396 1844 est
1454 1787 1725 1856 scaturigo
1784 1786 1926 1858 ignis
1979 1787 2236 1852 caelestis,
2293 1788 2388 1856 qui

818 1895 1024 1953 quanto
1067 1882 1242 1952 magis
1272 1879 1561 1942 redundat,
1605 1886 1759 1933 tanto
1801 1878 1972 1948 magis
1993 1879 2266 1932 sitientem
2295 1878 2393 1932 ad--

817 1975 929 2030 urit
955 1983 1010 2030 et
1029 1973 1288 2028 absumit.
1318 1970 1569 2026 Charitas
1594 1979 1678 2026 est
1702 1977 1877 2025 status
1903 1971 2180 2040 angelicus
2213 1989 2227 2024 :
2255 1972 2386 2025 cha-

818 2069 952 2123 ritas
997 2066 1210 2136 prolicit
1252 2064 1320 2119 ad
1351 2073 1569 2119 aeterna.
1624 2062 1899 2116 Annuntia
1935 2063 2114 2125 nobis,
2163 2078 2197 2116 ο
2251 2078 2382 2132 ιιι-εο-

817 2161 988 2224 clara,
1025 2167 1081 2212 et
1134 2158 1395 2212 virtutum
1453 2155 1818 2226 pulcherrima
1859 2172 1873 2208 :
1925 2155 2014 2207 ubi
2057 2171 2244 2224 pascas
2276 2171 2389 2208 ores

817 2252 977 2306 tuas?
1005 2250 1094 2303 ubi
1117 2248 1266 2302 cubes
1311 2249 1366 2302 in
1409 2247 1626 2301 meridie
1660 2246 1746 2299 "?
1779 2245 2026 2300 lllutnina
2058 2263 2180 2308 nos.
2225 2247 2389 2316 irriga

819 2359 940 2407 nos,
966 2343 1072 2397 duc
1098 2351 1154 2395 et
1186 2338 1362 2395 deduc
1395 2355 1516 2404 nos,
1549 2339 1991 2409 quandoquidem
2021 2339 2086 2392 ad
2117 2347 2170 2392 te
2196 2353 2391 2392 ascen-

818 2435 948 2490 dere
977 2434 1246 2503 cupimus.
1272 2430 1434 2504 457
1481 2431 1562 2486 Tu
1605 2431 1750 2486 enim
1805 2430 2060 2485 omnibus
2115 2430 2389 2498 imperas;

821 2543 967 2582 nunc
987 2526 1277 2582 vulnerasti
1307 2541 1398 2579 cor
1423 2540 1620 2586 meum,
1653 2533 1707 2578 et
1728 2537 1836 2577 non
1860 2538 2084 2593 possum
2115 2523 2393 2578 continere

820 2617 1094 2673 ﬂammam
1117 2629 1287 2680 tuam,
1311 2612 1453 2668 unde
1471 2624 1521 2668 te
1537 2611 1795 2667 laudandi
1812 2611 2136 2682 principium
2156 2625 2391 2676 sumam,

819 2722 968 2768 totus
992 2712 1232 2780 ignesco.
1266 2707 1368 2762 Sed
1400 2717 1455 2760 tu
1479 2706 1773 2759 dominaris
1793 2706 2042 2775 potestati
2067 2705 2252 2767 maris,
2280 2720 2394 2757 mo-

828 2813 937 2855 tum
962 2809 1138 2854 autem
1171 2801 1428 2868 ﬂuctuum
1459 2798 1574 2866 ejus
1628 2809 1683 2850 tu
1716 2798 1928 2866 mitigas
1977 2807 2032 2850 ct
2086 2795 2390 2850 exanimas.

823 2895 904 2949 Tu
924 2893 1174 2946 humilius
1205 2893 1343 2946 sicut
1394 2890 1723 2944 uulneratum
1759 2887 2038 2955 superbum
2074 2887 2390 2956 cogitatum.

827 2986 890 3042 In
919 2985 1132 3040 brachio
1172 2984 1381 3038 virtutis
1418 2993 1520 3036 tua:
1551 2981 1844 3050 dispersisti
1893 2980 2132 3032 inimicos
2167 2989 2285 3030 tuos
2322 2977 2391 3042 ⁸⁸,
2422 2969 2466 3029 C

827 3080 1014 3150 tuique
1068 3087 1341 3132 amatores
1393 3073 1838 3144 inexpugnabiles
1879 3071 2082 3126 reddis.
2111 3069 2396 3136 Quomodo

824 3183 1005 3228 autem
1043 3181 1094 3227 te
1120 3168 1287 3225 Jacob
1316 3169 1477 3224 scala:
1506 3167 1745 3220 innixam
1776 3165 1990 3226 viderit.
2017 3164 2274 3233 percupio
2305 3177 2398 3216 co-

825 3280 1112 3336 gnoscere.
1154 3262 1287 3330 Quae
1325 3263 1501 3316 forma
1544 3259 1709 3329 hujus
1744 3273 2007 3314 ascensus
2045 3255 2210 3311 fuerit
2245 3253 2398 3311 avide

823 3358 1088 3428 quaerenti
1117 3370 1346 3425 expone.
1384 3353 1518 3420 Quis
1549 3353 1762 3414 modus,
1789 3354 1931 3420 quod
1964 3349 2158 3420 pignus
2180 3357 2235 3402 et
2261 3363 2398 3416 pra:-

823 3451 997 3505 mium
1030 3448 1190 3504 scala:
1219 3447 1365 3501 illius
1389 3461 1454 3500 ex
1495 3444 1753 3514 gradibus
1791 3442 2110 3511 compositae
2143 3455 2236 3510 per
2259 3454 2398 3509 quos

825 3542 1153 3596 ascensiones
1178 3540 1234 3591 in
1261 3541 1415 3592 corde
1461 3554 1555 3591 suo
1602 3546 1728 3590 tuus
1767 3546 1979 3588 amatur
2025 3532 2288 3600 disposuit
2327 3531 2396 3584 “.

824 3635 1064 3689 Avebam
1121 3640 1380 3702 praeterea
1435 3629 1578 3686 scire
1628 3629 1820 3682 harum
1869 3625 2251 3680 ascensionum
2294 3639 2400 3678 nu-

826 3741 1056 3791 merum,
1080 3733 1395 3795 quantoque
1418 3732 1659 3791 tempore
1678 3732 1875 3775 cursus
1908 3717 1998 3772 ille
2019 3731 2114 3770 seu
2137 3731 2400 3770 ascensus

826 3819 1182 3890 transigatur.
1231 3815 1491 3869 Ductores
1537 3812 1682 3866 enim
1749 3811 1841 3866 ille
1891 3809 2250 3874 denuntiavit,
2307 3808 2401 3877 qui

829 3922 978 3967 tuam
1013 3925 1141 3965 cum
1175 3907 1365 3977 angelo
1399 3907 1599 3961 luctam
1630 3915 1684 3959 et
1710 3905 1976 3959 visionem
2010 3902 2233 3956 didicit:
2264 3899 2401 3956 nihil

828 4006 973 4058 enim
1007 4001 1153 4057 aliud
1183 4001 1457 4055 declarare
1490 3998 1680 4062 voluit,
1712 3998 1820 4051 imo
1841 4009 1968 4050 vero
1997 3993 2065 4065 (si
2089 4002 2146 4049 ut
2165 4001 2399 4063 oportet,

828 4112 955 4151 vere
1009 4094 1334 4166 proprieque
1387 4091 1716 4162 loquendum
1757 4088 1848 4157 sit)
1895 4101 2004 4142 non
2060 4086 2256 4157 potuit.
2308 4085 2402 4140 llla

829 4205 959 4243 vero
981 4187 1140 4258 quasi
1164 4203 1194 4240 e
1213 4187 1350 4240 caelo
1375 4185 1507 4238 mihi
1536 4183 1674 4247 visa,
1704 4182 1914 4251 regina,
1934 4180 2181 4250 inquam,
2210 4180 2334 4242 ista,
2351 4187 2406 4232 et

2491 1792 2643 1863 πηγὴ
2682 1792 2853 1863 πυρός
2872 1808 2884 1821 ·
2917 1793 3043 1847 ὅσον
3071 1792 3382 1855 ἀναδλύσει,
3407 1791 3658 1845 τοσοῦτον
3691 1793 3783 1845 τὸν
3819 1792 4063 1860 διψὼνττι

2490 1884 2852 1951 καταφλέξεν
2886 1886 3079 1956 ἀγάπη
3122 1885 3368 1954 ἀγγέλων
3412 1884 3630 1948 στάσιςο
3679 1886 3870 1954 ἀγάπη
3923 1903 4062 1956 πριο-

2489 1978 2635 2047 κοπὴ
2690 1978 2799 2031 τῶν
2849 1978 3082 2033 αἰώνων.
3131 1978 3490 2047 ’Δπάγγειλον
3527 1979 3685 2048 ἡμῖν,
3727 1971 3774 2030 ὦ
3812 1979 3960 2047 καλὴ
4007 1981 4062 2030 ἐν

2491 2071 2738 2140 ἀρεταῖς,
2774 2071 2877 2125 ποῦ
2909 2072 3219 2143 ποιμαίνεις
3237 2072 3307 2125 τὰ
3328 2071 3578 2143 πρόϐατά
3604 2089 3721 2136 σου,
3755 2072 3861 2125 ποῦ
3895 2091 4062 2125 κατα-

2493 2165 2712 2232 σκηνοῖς
2767 2165 2827 2216 ὲν
2885 2163 3245 2235 μεσημϐρίας
3311 2165 3548 2234 edn-tow
3592 2167 3777 2234 ἡμᾶς,
3841 2165 4062 2217 πότιςον

2491 2258 2660 2326 ἡμᾶς,
2685 2256 2952 2326 όδήγησον
2987 2258 3156 2328 ἡμᾶς,
3193 2257 3613 2327 χειραγώγησον
3659 2259 3830 2328 ἡμᾶς,
3871 2257 4062 2326 ἐπειδὴ

2492 2348 2678 2402 λοιπὸν
2709 2348 3021 2402 ἀναϐαίνειν
3065 2349 3205 2420 πρὸς
3251 2350 3312 2402 σὲ
3362 2349 3687 2421 βουλόμεθα.
3716 2352 3790 2403 Σὺ
3835 2350 3949 2418 γάρ
3979 2350 4060 2402 δε-

2496 2441 2717 2505 σπόζεις
2749 2441 2990 2494 πάντων.
3009 2441 3124 2493 Νῦν
3145 2440 3202 2494 δέ
3237 2458 3337 2512 μου
3360 2440 3540 2512 ψυχὴν
3557 2443 3944 2512 κεκαρδίωκας
3968 2443 4061 2508 (9‘1,

2493 2537 2591 2588 κα)⁵
2619 2535 2681 2587 οὐ
2713 2534 2949 2606 δύναμαι
2981 2536 3234 2604 κατέχειν
3262 2552 3355 2590 σου
3387 2538 3487 2604 τὴν
3516 2535 3712 2603 φλόγα,
3739 2536 3862 2589 ὅθεν
3892 2536 4064 2604 ὑμνή-

2498 2645 2595 2690 σας
2619 2643 2682 2679 σε
2716 2627 3053 2698 πορεύομαιο
3095 2627 3180 2682 Σὺ
3209 2627 3278 2680 δὲ
3323 2627 3628 2694 δεσπόᾰις
3662 2628 3768 2681 τοῦ
3810 2627 4064 2695 κράτους

2494 2718 2606 2788 τῆς
2643 2719 2988 2788 θαλάσσης,
3011 2721 3121 2773 τὸν
3145 2720 3216 2773 δὲ
3249 2723 3450 2774 σάλον
3489 2721 3609 2774 τῶν
3646 2720 3929 2790 κυμάτων
3961 2724 4064 2775 αὑ-

2495 2812 2608 2879 τῆς
2639 2811 2722 2865 σὺ
2764 2813 3224 2879 καταπραΰνεις,
3289 2813 3393 2866 καὶ
3433 2813 3662 2881 νεκροῖς
3689 2829 3704 2843 ο
3747 2813 3831 2865 σὺ
3864 2830 4064 2866 ταπει-

2498 2903 2631 2971 νοῖς
2680 2904 2761 2968 ὡς
2803 2905 3172 2972 τραυματίαν
3218 2903 3611 2972 ὑπερήφανον
3655 2903 3954 2974 λογισμόν·
4000 2907 4067 2956 ἐν

2496 2995 2578 3062 τῷ
2623 2995 2909 3066 βραχίονι
2953 2995 3066 3064 τῆς
3110 2994 3424 3065 δυνάμεώς
3477 3011 3593 3049 σου
3635 2995 4067 3064 διεσκόρπισας

2494 3087 2638 3153 τοὺς
2665 3089 2922 3156 ἐχθρούς
2967 3105 3125 3150 σου,
3181 3090 3279 3142 καὶ
3324 3089 3707 3159 ἀπολεμήτους
3753 3092 3882 3153 τοὺς
3941 3090 4065 3152 σοὺς

2496 3180 2734 3249 ἐραστὰς
2763 3179 3077 3250 ἀπεργάζῃ.
3112 3179 3239 3242 Πῶς
3277 3180 3334 3233 δὲ
3385 3181 3414 3232 ὁ
3451 3180 3649 3234 Ίακὼδ
3681 3181 3777 3233 ἐπὶ
3820 3182 3921 3250 τήν
3955 3182 4066 3233 κλί-

2501 3273 2649 3344 μακά
2683 3289 2741 3325 σε
2775 3271 3183 3343 ἐστηριγμένην
3220 3270 3472 3325 τεθέαται
3513 3270 3708 3342 μαθεῖν
3749 3273 4063 3341 ἐπείγομαι.

2499 3366 2564 3420 Τί
2598 3366 2656 3418 δὲ
2705 3365 2812 3436 ἄρα
2852 3361 2913 3418 τὸ
2969 3361 3108 3427 εἶδος
3134 3365 3231 3434 τῆς
3279 3362 3535 3434 τοιαύτης
3572 3365 3763 3417 ἀνόδου
3807 3366 4066 3434 ἐρωμένῳ

2501 3460 2712 3532 φράσον
2734 3476 2748 3491 ο
2782 3458 2865 3522 τίς
2898 3457 2956 3511 δὲ
2985 3460 3014 3511 ὁ
3044 3457 3247 3528 τρόπος
3273 3457 3369 3510 καὶ
3397 3457 3428 3508 ὁ
3470 3455 3662 3526 ἔρανός
3685 3472 3781 3506 σου
3823 3457 3920 3524 τῆς
3959 3456 4065 3507 τῶν

2501 3551 2724 3623 βαθμῶν
2754 3551 2972 3620 ἐκείνης
3020 3548 3324 3612 συνθέσεως
3357 3545 3497 3619 (10),
3536 3546 3610 3612 ἂς
3643 3546 3976 3611 ἀναϐάσεις
4000 3548 4066 3598 ἐν

2498 3641 2573 3712 τῇ
2614 3640 2825 3709 καρδίᾳ
2855 3638 3044 3694 αὐτοῦ
3081 3637 3306 3692 διέθετο
3331 3639 3361 3691 6
3395 3637 3486 3701 σὸς
3521 3637 3756 3707 ἐραστής
3778 3653 3794 3668 ο
3827 3637 3911 3699 τίς
3949 3637 4004 3689 δὲ
4038 3636 4066 3687 ό

2499 3736 2732 3806 ἀριθμὸς
2782 3734 2988 3787 τούτων
3029 3732 3226 3801 ἐδίψων
3271 3729 3512 3800 γνῶναι·
3543 3731 3668 3792 ὅσος
3721 3729 3779 3781 δὲ
3829 3729 3939 3797 ἄρα
3977 3729 4066 3782 τοῦ

2500 3828 2703 3900 δρόμου
2733 3827 2943 3897 χρόνος.
2966 3825 3106 3888 Τοὺς
3134 3825 3243 3896 γὰρ
3271 3824 3644 3896 χειραγωγοὺς
3681 3824 4017 3894 ἀπήγγειλεν
4040 3824 4068 3876 ό

2507 3920 2694 3992 μαθὼν
2725 3936 2820 3972 σου
2843 3919 2940 3990 τὴν
2968 3918 3147 3989 πάλην
3173 3918 3270 3971 καὶ
3301 3917 3402 3987 τὴν
3426 3917 3618 3984 ὅρασιν
3645 3917 3691 3986 (.l.
3708 3917 3789 3984 l)°
3823 3917 3979 3970 οὐδὲν
4014 3916 4069 3970 δὲ

2503 4013 2690 4082 ἕτερον
2724 4011 2983 4078 φωτίζειν
3017 4009 3358 4080 βεσούληται,
3382 4007 3582 4079 μᾶλλον
3609 4008 3667 4060 δὲ
3690 4007 3993 4077 δεδύνηται,
4023 4010 4067 4058 εἰ

2502 4103 2612 4158 δέοι
2643 4119 2711 4173 με
2737 4103 2916 4171 λέγειν
2940 4101 3419 4172 οἰκειότερονμὲ).
3444 4101 3511 4154 Ἦ
3533 4101 3589 4153 δὲ
3617 4100 3810 4170 ὥσπερ
3831 4100 3895 4164 ἐξ
3923 4101 4070 4168 οὐρα-

2504 4196 2598 4250 νοῦ
2625 4213 2714 4267 μοι
2742 4198 2994 4266 φανεῖσα,
3030 4197 3065 4266 ἡ
3105 4194 3393 4265 βασίλισσα
3427 4193 3600 4263 αὕτη,
3635 4193 3731 4246 καὶ
3763 4193 3843 4256 ὡς
3878 4196 3934 4246 ὲν

831 4291 1093 4350 tanquam
1117 4279 1171 4332 in
1198 4293 1384 4334 aurem
1410 4277 1606 4331 animae
1640 4290 1772 4329 mea:
1799 4274 1899 4328 hoc
1927 4272 2200 4328 collocuta
2223 4271 2362 4325 dixit
2385 4284 2402 4324 :
2435 4309 2481 4365 Β

2435 4309 2481 4365 ι)
2513 4307 2616 4359 μου
2633 4288 2812 4358 ψυχῆς
2835 4286 2995 4341 τοῦτο
3022 4285 3432 4358 προσομιλοῦσα
3457 4285 3642 4353 ἔλεγεν
3658 4300 3671 4312 ·
3722 4283 3852 4337 Ἐὰν
3885 4288 3960 4356 μὴ
3981 4285 4070 4336 λυ·

830 4372 947 4427 Nisi
982 4373 1134 4442 prius
1165 4379 1220 4442 (ο
1254 4372 1482 4440 amator)
1524 4369 1592 4423 ab
1627 4368 1731 4422 ista
1774 4365 2021 4435 corporis
2057 4364 2406 4419 concretione
2438 4364 2442 4365 ⁷

2399 4383 2406 4416 ⁵
2438 4364 2442 4365 ν
2507 4381 2627 4452 θῇς,
2655 4375 2702 4434 ὧ
2730 4379 2958 4451 ὲραστά,
2980 4381 3082 4450 τῆς
3109 4379 3444 4449 παχύτητος,
3474 4380 3614 4448 ἐμὴν
3637 4377 3808 4447 ὤραν,
3835 4378 3913 4441 ὡς
3941 4377 4066 4438 ἐστι.

833 4465 1004 4523 fueris
1027 4465 1258 4528 solutus,
1290 4463 1611 4532 elegantiam
1645 4459 1834 4513 formae
1873 4473 2008 4512 mete
2051 4465 2317 4526 spectare,
2348 4463 2410 4509 ut

2402 4471 2410 4509 ³
2507 4473 2798 4546 μανθάνειν
2834 4473 2896 4524 οὐ
2921 4471 3170 4526 δύνασαι.
3208 4471 3274 4525 Ἦ
3293 4471 3351 4523 δὲ
3381 4470 3581 4540 κλίμαξ
3603 4469 3703 4540 τὴν
3731 4469 3842 4522 τῶν
3871 4477 4069 4540 ἀρετῶν

830 4567 938 4622 est,
971 4572 1079 4612 non
1112 4556 1334 4626 poteris.
1369 4552 1714 4624 Spiritualem
1761 4565 1890 4604 vero
1953 4549 2215 4604 virtutum
2257 4563 2409 4602 corn-

2401 4575 2409 4587 '
2506 4581 2567 4617 σε
2595 4564 2896 4618 διδασκέτω
2922 4561 3302 4633 πνευματικὴν
3347 4561 3596 4615 σύνθεσιν
3624 4562 3748 4629 (15³
3785 4563 3877 4614 ἐπ’
3910 4561 4068 4627 αὐτῆς

831 4650 1162 4722 positionem
1193 4655 1247 4702 et
1264 4647 1510 4701 ordinem
1539 4653 1590 4699 te
1611 4643 1758 4698 scala
1785 4642 1944 4712 cujus
1973 4640 2160 4696 vcrtici
2183 4650 2238 4694 et
2257 4638 2411 4694 lasti-

2399 4667 2411 4680 '
2504 4657 2890 4728 διεστήριγμαι
2937 4654 3050 4724 ὲγὼ
3087 4655 3189 4725 τῆς
3217 4654 3486 4724 κορυφῆς,
3525 4652 3670 4706 καθὰ
3701 4656 3734 4706 ὁ
3769 4655 3945 4723 μέγας
3971 4669 4066 4720 μου

833 4744 925 4814 gio
961 4742 1159 4796 innitor
1208 4749 1260 4795 te
1303 4741 1515 4801 doceat,
1544 4735 2002 4808 quemadmodum
2036 4747 2264 4803 magnus
2316 4730 2408 4786 ille

2398 4747 2408 4785 ι
2513 4751 2727 4822 μύστης
2783 4749 2976 4819 ἔφησε.
3028 4747 3161 4802 Νῦν
3203 4745 3275 4800 δὲ
3326 4746 3490 4810 μένει
3560 4745 3636 4798 τὰ
3694 4746 3830 4813 τρία
3871 4745 4065 4805 ταῦτα,

835 4843 1041 4905 mystes
1064 4842 1120 4888 et
1148 4846 1472 4886 arcanorum
1505 4830 1692 4884 doctor
1729 4836 1960 4884 testatus
1996 4835 2099 4881 est.
2131 4822 2287 4878 Nunc
2307 4839 2407 4876 au-

2401 4851 2407 4864 '
2510 4844 2737 4911 πίστις,
2770 4842 2970 4908 ἐλπίς,
3001 4841 3228 4910 ἀπαπη·
3250 4837 3465 4909 ιιείᾷαν
3489 4838 3559 4890 δὲ
3594 4836 3841 4891 πάντων
3863 4837 3901 4904 ἡ
3933 4837 4068 4904 ἁγά-

837 4937 938 4979 tem
962 4934 1168 4978 manent
1192 4925 1300 4976 Iure
1318 4923 1444 4986 tria,
1467 4921 1618 4990 fides,
1650 4937 1782 4990 spes,
1810 4919 2078 4982 charitas;
2107 4913 2278 4984 major
2301 4929 2404 4966 au-
2511 4951 2619 5004 πη.

839 5029 941 5073 tem
979 5013 1166 5072 Irarum
1193 5027 1270 5072 est
1301 5016 1532 5070 charitas
1556 5014 1628 5050 "-

843 5385 1009 5459 558
1065 5386 1242 5440 Brevis
1302 5383 1626 5459 adhortatio,
1665 5397 1768 5459 qua
1797 5378 2001 5459 Iomnia
2045 5391 2204 5445 supra
2251 5374 2408 5427 latius

2399 5388 2408 5423 ι
2516 5367 2826 5437 Προτροπὴ
2857 5367 3138 5436 ἐπίτομος
3161 5363 3261 5459 καί
3286 5362 3647 5459 ισοδόναμος
3668 5361 3788 5414 τῶν
3814 5359 3906 5413 διὰ
3924 5357 4066 5411 πλά-

1447 5433 1987 5521 -έοίιιριείιειιάιιηιιιη
2108 5433 2118 5445 ’
2561 5433 2578 5437 ⁷
2665 5433 2679 5436 ⁷
2813 5433 2824 5436 ”

1884 5459 1987 5500 tur.
2108 5433 2118 5445 ’
2561 5433 2578 5437 ⁷
2665 5433 2679 5436 -
2813 5433 2824 5436 “
3025 5433 3178 5500 ντους
3210 5433 3548 5502 είρημένων.

913 5549 1202 5606 Ascendite
1248 5547 1462 5612 fratres,
1505 5544 1778 5600 ascendite
1833 5541 2104 5603 aiacritcr,
2142 5547 2196 5592 et
2231 5551 2411 5591 ascen-

2403 5563 2411 5576 -
2601 5530 2973 5594 Ἀναϐαίνετε,
3021 5527 3377 5589 ἁναῦαίνετε,
3421 5525 3744 5594 ἀναϐάσεις
3792 5520 4070 5596 προθύμως

921 5710 966 5740 ⁸²
992 5709 1145 5763 Cant.
1172 5723 1212 5770 ι,
1257 5705 1310 5758 6.
1386 5703 1432 5736 ⁵³
1457 5702 1595 5757 Psal.
1629 5715 1894 5763 Lxxxvrtt,
1922 5697 2007 5762 ll),
2039 5696 2128 5749 ll.
2206 5695 2250 5727 “
2277 5692 2420 5751 Psal.
2449 5706 2588 5748 ειη

1708 5715 1894 5763 uvrn,
1922 5697 2007 5762 to,
2039 5696 2128 5749 ll.
2206 5695 2250 5727 “
2277 5692 2420 5751 Psal.
2449 5706 2684 5758 Lxxsnt,
2711 5689 2765 5745 6.
2841 5690 2887 5722 ³³
2915 5688 2934 5743 l
2971 5687 3098 5745 Cor.
3138 5702 3258 5753 sui,
3287 5686 3375 5742 1'3.

917 5846 996 5915 (α)
1030 5844 1212 5909 Ἐλπὶς
1235 5843 1350 5898 λύει
1387 5839 1577 5913 θυμόν,
1606 5855 1718 5909 spes
1751 5837 1886 5890 iram
1917 5832 2127 5888 occidit.
