4222 6448
1397 476 1645 530 Scholion
1676 476 1725 529 8.

845 566 1080 622 Verbum
1103 565 1346 637 spiritus,
1369 582 1589 621 sensum
1613 567 1810 621 mentis
1833 583 1927 637 spe
1952 577 2114 622 certa:
2137 569 2334 624 salutis

773 660 992 729 implet;
1029 658 1112 714 vis
1151 660 1296 713 enim
1340 659 1625 714 cliaritatis
1668 674 1734 712 ex
1792 658 1902 712 Deo
1950 659 2329 727 proﬁciscitur.

768 750 1108 821 Quapropter
1165 765 1316 805 mens
1376 761 1565 805 nostra
1622 749 1675 803 in
1725 750 2120 818 quaestionibus
2176 752 2333 806 theo-

771 841 963 909 logicis
990 855 1082 895 seu
1105 840 1534 894 «iubilationibus
1562 841 1781 894 immota
1815 853 2095 910 permanet
2119 857 2134 905 ;
2159 856 2334 910 neque

770 933 915 986 enim
964 933 1164 1002 patitur
1208 931 1371 985 ullam
1421 931 1655 994 inopiam
1704 947 1828 1001 quae
1873 947 2058 986 curam
2112 932 2186 985 illi
2236 947 2333 1001 pn-

770 1023 896 1088 riat,
943 1023 1164 1092 quando
1205 1037 1303 1092 per
1334 1023 1820 1092 contemplationes
1868 1033 2148 1092 tanmpere
2197 1022 2334 1076 dila-

769 1121 941 1179 tatur,
1007 1124 1341 1184 quantopere
1423 1113 1536 1168 vult
1591 1113 1674 1167 vis
1734 1112 2037 1168 cbaritatis.
2123 1112 2329 1168 Bonum

768 1213 1010 1276 estergo
1037 1221 1249 1276 semper
1285 1204 1339 1258 in
1383 1203 1486 1258 fide
1525 1219 1874 1275 perseverare
1907 1219 2031 1258 eum
2067 1204 2161 1275 qui
2202 1204 2333 1259 cha-

770 1297 931 1352 ritate
974 1297 1140 1352 fervet
1165 1307 1218 1352 et
1246 1297 1444 1367 agitur.
1469 1296 1615 1352 Nihil
1655 1297 1800 1352 enim
1828 1297 2120 1366 pauperius
2148 1297 2332 1351 animo

771 1389 860 1457 qui
887 1389 1000 1443 vult
1025 1389 1092 1443 de
1119 1389 1283 1444 rebus
1312 1389 1510 1443 divinis
1553 1388 1947 1459 philosomiari,
1993 1403 2118 1442 cum
2153 1399 2334 1445 careat

767 1477 884 1550 ipse
906 1480 1037 1536 Deo.

1374 1569 1635 1625 Diadoclti
1665 1569 1722 1626 9.

837 1663 954 1718 Alia
981 1672 1063 1717 est
1083 1661 1322 1716 cliaritas
1347 1657 1548 1717 anima:
1592 1661 1873 1724 naturalis,
1903 1671 1958 1716 et
1992 1662 2098 1716 alia
2121 1675 2242 1714 eum
2264 1674 2328 1714 ex

769 1750 970 1820 Spiritu
1001 1763 1190 1805 sancto
1221 1751 1294 1804 illi
1319 1752 1646 1805 insinuatur.
1679 1748 1771 1804 Illa
1798 1765 1920 1821 qua:
1948 1750 2002 1804 in
2033 1750 2190 1804 nobis
2219 1758 2324 1815 est,

1733 368 1789 424 Ξ.
1825 367 2028 424 ΞΟᾹΝ.
2077 367 2378 428 CLIMACI
2423 372 2646 433 SCALA
2685 377 3054 440 PABADISI.

3870 388 3999 456 1161

3038 492 3083 542 Σ
3087 492 3294 558 χόλων
3325 498 3396 559 η’.

2519 576 2576 628 '0
2606 580 2974 647 πνευματικὸς
3007 579 3164 648 λόγος
3212 582 3311 652 τὴν
3349 581 3542 654 νοεράν
3577 583 3831 655 αἴσθησιν
3858 585 3996 654 πλη-

2437 669 2690 736 ροφορεῖο
2732 668 2983 738 ἐνέργεια
3029 671 3137 740 γάρ
3189 673 3409 742 ἀγάπης
3463 673 3527 726 ἐκ
3552 674 3689 726 Θεοῦ
3737 675 3996 748 φέρεται·

2433 755 2622 826 διόπερ
2651 759 2744 811 καὶ
2773 760 3134 826 ἀϐασάνιστος
3158 764 3315 833 ἡμῶν
3339 767 3368 818 ὀ
3395 764 3520 830 νοῦς
3539 765 3780 836 διαμένει
3806 771 3865 822 ἐν
3886 772 4000 833 rei;

2434 848 2534 916 τῆς
2562 848 2838 919 θεολογίας
2859 855 3153 924 κινήμασιν
3173 870 3186 883 ·
3212 856 3273 908 ού
3297 858 3406 928 γάρ
3431 859 3630 928 πάσχει
3655 861 3774 913 τότε
3807 862 4001 916 πενίαν

2433 939 2532 1009 τὴν
2556 941 2827 1010 μέριμναν
2851 942 3127 1012 φέρουσαν
3148 961 3161 974 ο
3202 947 3385 1018 ἐπειδὴ
3431 949 3684 1003 τοσοῦτον
3713 953 3832 1013 ταῖς
3866 951 4000 1004 θεω-

2437 1031 2580 1100 ρίαις
2609 1031 2958 1097 πλατύνεται,
2980 1036 3106 1089 ὅσον
3130 1037 3229 1106 τῆς
3253 1037 3474 1110 ἀγάπης
3498 1040 3532 1110 ἡ
3563 1041 3810 1110 ἐνέργεια
3832 1040 3995 1096 θέλει.

2434 1120 2613 1175 Καλὸν
2643 1118 2738 1176 οὖν
2770 1125 2858 1178 ἀεὶ⁷
2892 1125 3074 1179 πίστει
3115 1129 3456 1200 παραμένειν
3478 1131 3545 1184 δι’
3586 1132 3806 1201 ἀγάπης
3847 1135 3999 1204 ἐνερ-

2433 1211 2697 1283 γούμενον
2719 1229 2731 1242 ·
2783 1215 2935 1270 οὐδὲν
2983 1216 3090 1288 γάρ
3141 1220 3481 1290 πτωχότερον
3543 1221 3784 1286 διανοίας
3838 1222 4000 1285 ἐκτὸς

2433 1303 2568 1357 Θεοῦ
2603 1305 2998 1379 φιλοσοφούσης
3035 1309 3103 1362 τά
3134 1310 3226 1363 τοῦ
3252 1310 3404 1364 Θεοῦ.

2874 1579 3132 1646 Σχόλιον
3160 1578 3449 1647 Διαδόχου
3485 1577 3550 1634 θ’.

2508 1667 2677 1738 ’Ἄλλη
2703 1669 2851 1721 ἐστὶν
2893 1669 3146 1740 ήάγάπη
3178 1672 3275 1741 τῆς
3322 1669 3502 1740 ψυχῆς
3552 1671 3586 1742 ἡ
3626 1670 3851 1742 φυσικὴ,
3900 1670 3999 1728 καὶ

2435 1756 2566 1824 άλλη
2596 1758 2629 1827 ἠ
2665 1759 2729 1810 ἐκ
2756 1757 2849 1810 τοῦ
2873 1757 3028 1825 ἁγίου
3051 1757 3366 1827 Πνεύματος
3396 1757 3530 1828 αὐτῇ
3556 1757 3961 1830 προσγινομένη
3978 1774 3993 1786 ·

764 1844 982 1914 quando
1005 1844 1274 1904 volumus.
1320 1843 1596 1898 moderate
1633 1852 1879 1898 movetur
1911 1858 2007 1914 pro
2057 1843 2330 1896 voluntate
2359 1829 2407 1890 Β

2359 1829 2407 1890 Β
2433 1850 2465 1918 ἡ
2500 1849 2598 1918 μὲν
2620 1848 2729 1919 γὰρ
2752 1850 2816 1901 ἐκ
2845 1848 2946 1917 τῆς
2967 1848 3258 1920 ἡμετέρας,
3281 1850 3370 1902 ὅτε
3395 1829 3641 1915 θέλομεν,
3667 1846 3999 1918 συμμέτρως

766 1947 974 2002 nostra,
1006 1951 1070 1989 ac
1095 1933 1320 2005 proinde
1342 1933 1507 2006 560
1539 1949 1646 1988 non
1671 1935 1957 1990 dilliculter
1979 1934 2135 1989 nobis
2158 1950 2186 1986 ιι
2215 1948 2328 1987 ma-

765 2027 926 2097 lignis
953 2025 1248 2097 spiritibus,
1283 2025 1390 2081 nisi
1415 2026 1465 2080 vi
1496 2041 1588 2095 per
1620 2041 1718 2081 nos
1762 2037 2100 2089 coercentur,
2133 2039 2163 2077 a
2202 2037 2328 2094 pro-

762 2124 940 2190 posito
1001 2134 1102 2173 suo
1151 2118 1308 2172 nobis
1363 2116 1706 2172 subducitur.
1756 2117 1945 2171 Divina
2004 2127 2181 2170 autem
2242 2114 2332 2169 illa

763 2211 901 2265 adeo
939 2208 1179 2264 incendit
1208 2209 1442 2261 animam
1472 2207 1540 2263 ad
1567 2207 1660 2261 Dei
1684 2208 2025 2271 charitatcm,
2055 2213 2113 2259 ut
2138 2219 2330 2258 omnes

764 2304 962 2357 anima:
982 2310 1161 2370 partes
1181 2308 1234 2354 et
1253 2298 1537 2354 facultates
1559 2300 1698 2354 inter
1721 2317 1779 2354 se
1799 2299 2038 2354 cmlestis
2067 2296 2325 2352 desiderii

765 2395 1003 2451 bonitate
1037 2408 1132 2463 per
1167 2391 1432 2446 intlnitam
1468 2393 1759 2463 quamdam
1803 2392 2026 2446 allectus
2068 2389 2329 2459 simplici--

766 2487 1091 2542 tatem-sive
1147 2485 1510 2540 sinceritatem
1560 2484 1830 2540 devinciat
1875 2494 1928 2539 et
1974 2481 2328 2552 conglutinet.

765 2579 914 2634 Mens
942 2579 1085 2634 enim
1117 2577 1272 2646 quasi
1302 2591 1336 2631 a
1368 2577 1570 2646 Spiritu
1604 2588 1792 2631 sancto
1821 2575 2028 2633 cmlesti
2060 2574 2231 2646 gratia
2276 2584 2330 2628 et

766 2673 961 2726 virtute
993 2668 1211 2739 gravida
1241 2668 1403 2735 laeta,
1435 2668 1634 2723 fontem
1654 2670 1940 2740 quemdam
1965 2665 2248 2724 charitatis
2275 2676 2330 2720 et

766 2763 948 2836 gaudii
973 2761 1274 2833 profundit.

1358 2853 1603 2908 Scholion
1635 2857 1721 2909 10.

833 2950 1040 3004 Eranos
1060 2947 1283 3002 collecta
1313 2957 1396 3001 est
1424 2961 1546 3016 quae
1567 2946 1812 3015 pecuniis
1837 2957 2051 3002 constat
2077 2964 2107 3002 a
2139 2948 2324 3003 multis

766 3043 993 3096 collatis.
1022 3043 1089 3108 ,Iu
1131 3039 1377 3108 praesenti
1409 3053 1540 3093 vero
1571 3039 1692 3092 loco
1731 3038 1999 3110 signiﬁcat
2043 3041 2324 3096 collectam

757 3154 827 3192 es
851 3137 1034 3192 multis
1069 3134 1358 3190 virtutibus
1379 3132 1668 3188 conflatam
1698 3142 1754 3188 et
1780 3143 2044 3189 coactam.

1354 3225 1604 3282 Scholion
1629 3225 1718 3280 ll.

840 3325 1068 3394 Angelos
1089 3319 1337 3390 intelligit
1364 3318 1418 3373 in
1455 3319 1604 3374 scala
1634 3327 1914 3376 versantes

1354 3411 1597 3467 Scholion
1649 3412 1734 3466 12.

837 3508 946 3562 lluc
979 3517 1063 3563 est
1090 3507 1250 3572 Deus,
1281 3505 1372 3575 qui
1408 3516 1491 3558 est
1517 3503 1774 3559 cliaritas.

1366 3596 1606 3649 Scholion
1634 3596 1716 3649 15.

837 3696 1092 3760 Qumstio.
1114 3691 1300 3758 Qualis
1327 3697 1414 3745 est
1444 3689 1702 3760 perfectio
1732 3692 2024 3747 multorum
2052 3693 2325 3750 fructuum

769 3789 1004 3860 Spiritus
1038 3785 1208 3841 sancti
1236 3784 1260 3837 ?
1292 3783 1446 3852 Resp.
1472 3781 1700 3848 Quando
1733 3783 1856 3852 quis
1883 3783 2134 3855 dignatus
2168 3787 2329 3844 fuerit

767 3880 1002 3954 perfecta
1029 3877 1121 3932 Dei
1151 3875 1434 3932 cbaritate.
1468 3873 1724 3939 Quaestio.
1753 3872 1908 3930 Unde
1925 3878 2049 3947 quis
2070 3878 2329 3950 intelligat

768 3991 825 4029 se
846 3975 911 4029 ad
930 3975 1076 4028 illam
1098 3970 1369 4040 aspirasse
1383 3967 1407 4021 Ἰ
1423 3966 1574 4036 Resp.
1593 3967 1820 4033 Quando
1838 3985 1990 4026 mens
2007 3973 2238 4027 excitata
2259 3973 2326 4028 ad

766 4066 1083 4124 memoriam
1109 4063 1220 4128 Dei,
1240 4061 1420 4118 statim
1443 4075 1537 4115 cor
1556 4061 1673 4130 ejus
1688 4063 1993 4117 concitatur
2008 4065 2074 4120 ad
2093 4066 2328 4121 citat-ita-

765 4169 872 4215 tem
899 4157 1013 4222 Dei,
1028 4164 1083 4211 et
1102 4153 1244 4210 oculi
1265 4154 1385 4223 ejus
1411 4151 1560 4222 largo
1576 4150 1723 4206 fonte
1745 4153 2106 4224 lacrymarum
2128 4158 2328 4212 redun-

766 4250 916 4305 dant.
943 4247 1039 4301 Est
1061 4246 1204 4301 enim
1231 4244 1345 4298 haec
1361 4252 1551 4296 natura
1573 4242 1874 4310 cbaritatis,
1891 4252 1950 4299 ut
1973 4259 2040 4299 et
2069 4249 2327 4304 memoria

765 4355 946 4396 rerum
975 4338 1290 4394 dilectarum
1317 4335 1506 4389 statim
1533 4335 1798 4405 lacrymas
1829 4340 2107 4394 accendat.
2135 4337 2204 4394 Et
2231 4340 2323 4410 qui

765 4431 833 4487 ad
865 4446 991 4486 eum
1014 4437 1212 4484 statum
1241 4426 1506 4496 pervenit,
1547 4440 1823 4495 nunquam
1856 4428 2109 4500 lacrymis
2158 4431 2325 4487 desti-

2430 1942 2662 1993 κινεῖται
2693 1939 2962 2010 θελήσεως
2987 1958 3001 1971 ο
3029 1939 3217 2010 διόπερ
3247 1940 3342 1992 καὶ
3371 1938 3608 2009 εὐχερῶς
3634 1938 3740 1992 ὑπὸ
3763 1939 3872 1990 τῶν
3901 1955 3999 1992 που

2431 2030 2613 2104 νηρῶν
2663 2029 3011 2101 πνευμάτων,
3057 2032 3221 2100 ήνίκα
3271 2029 3346 2101 μὴ
3403 2029 3494 2101 βίᾳ
3549 2027 3841 2100 κρατῶμεν
3896 2029 3998 2099 τῆς

2431 2123 2644 2178 ἑαυτῶν
2693 2123 3067 2195 προαιρέσεως
3111 2123 3503 2194 διαρπάζεταιο
3549 2125 3582 2192 η
3627 2123 3684 2176 δὲ
3741 2123 3996 2177 τοσοῦτον

2431 2215 2644 2269 ἐκκαίει
2683 2215 2781 2286 τὴν
2816 2214 2994 2286 ψυχὴν
3023 2214 3161 2285 πρὸς
3195 2215 3294 2285 τὴν
3337 2214 3557 2284 ἀγάπην
3598 2212 3692 2268 τοῦ
3723 2212 3884 2278 Θεοῦ,
3919 2214 3996 2276 ὡς

2429 2301 2607 2354 πάντα
2632 2301 2698 2356 τά
2731 2302 2827 2378 τῆς
2869 2303 3046 2372 ψυχῆς
3072 2304 3212 2373 μέρη
3238 2304 3308 2374 τῇ
3338 2305 3431 2356 τοῦ
3458 2303 3601 2356 θείου
3637 2303 3804 2357 πόθου
3835 2305 4000 2372 ἀλλή-

2428 2391 2537 2448 λων
2567 2393 2925 2462 ἐγκολλᾶσθαι
2966 2397 3316 2465 χρηστότητι,
3348 2397 3406 2448 ἐν
3436 2397 3650 2467 ἀπείρῳ
3695 2397 3802 2450 τινὶ
3833 2397 3998 2450 ἀπλύ-

2427 2503 2550 2552 τητι
2577 2485 2901 2550 διαθέσεως·
2934 2486 3190 2557 ἐγκύμων
3249 2487 3612 2560 [ὲγκυμονῶν]
3655 2490 3764 2562 γὰρ
3804 2489 3997 2560 ῶσπερ

2428 2578 2458 2629 ὁ
2485 2577 2610 2641 νοῦς
2640 2577 2760 2630 τότε
2794 2577 2897 2630 ὑπὸ
2925 2579 3020 2649 τῆς
3049 2579 3428 2649 πνευματικῆς
3456 2581 3738 2651 ἐνεργείας
3773 2581 3996 2652 γινόμε-

2430 2687 2539 2735 νος,
2576 2674 2759 2742 πηγήν
2784 2689 2906 2725 τινα
2935 2674 3157 2744 ἀγάπης
3184 2675 3470 2740 ἀναϐλύζει
3497 2676 3593 2729 καὶ
3618 2677 3813 2746 χαρᾶς.

3034 2855 3081 2905 Σ
3081 2854 3292 2921 χόλιον
3322 2859 3380 2907 ι’.

2481 2941 2735 3011 ,Ἕρανός
2777 2943 2894 2994 ἐστι
2934 2941 3001 2995 τά
3031 2943 3096 2994 ἐκ
3145 2943 3355 2996 πολλῶν
3399 2944 3733 3012 συναχθέντα
3771 2944 3990 3015 χρήμα-

2428 3049 2530 3085 τα·
2564 3031 2660 3086 νῦν
2691 3031 2746 3084 δὲ
2779 3034 2812 3102 ἡ
2859 3031 3112 3103 συλλογὴ,
3144 3034 3177 3102 ή
3231 3034 3296 3085 ἐκ
3346 3033 3555 3086 πολλῶν
3602 3034 3812 3102 ἀρετῶν
3864 3051 3988 3086 συν⁵

2429 3127 2676 3194 ἀχθεῖσα.

3019 3219 3063 3270 Σ
3065 3218 3277 3285 χόλων
3305 3215 3398 3272 ια’.

2499 3308 2638 3374 Τοὺς
2665 3309 2928 3379 ἀγγέλους
2965 3309 3114 3378 λέγει
3137 3311 3262 3373 τοὺς
3292 3309 3385 3361 ἐπὶ
3412 3309 3510 3380 τῆς
3539 3309 3828 3377 κλίμακος.

2781 3459 2783 3461 ,
3014 3403 3274 3470 Σχόλιον
3302 3400 3404 3464 ιβ’.

2497 3491 2654 3546 Τοῦτ’
2683 3491 2830 3547 ἐστιν
2857 3494 2886 3547 ὁ
2913 3491 3069 3556 Θεὸς,
3093 3493 3150 3554 ὃς
3181 3493 3328 3544 ἐστιν
3354 3491 3389 3560 η
3420 3489 3630 3559 ἀγάπη.

3019 3585 3066 3637 Σ
3069 3582 3280 3652 χόλιον
3302 3588 3394 3650 ιγ’.

2510 3676 2850 3747 Ἐρώτησις.
2891 3677 3026 3731 Ποία
3054 3679 3200 3732 ἐστὶν
3247 3679 3280 3746 ἡ
3324 3677 3596 3749 τελειότης
3636 3677 3744 3730 τῶν
3779 3676 3990 3729 πολλῶν

2428 3768 2657 3838 καρπῶν
2689 3769 2784 3822 τοῦ
2814 3769 3152 3837 πνεύματος;
3189 3769 3426 3838 Ἀπόκρ.
3460 3769 3629 3822 Ὅταν
3671 3787 3755 3833 τις
3781 3769 3989 3840 ἀξιωθῇ

2428 3858 2640 3920 τελείας
2680 3859 2900 3930 ἀγάπης
2926 3860 3020 3912 τοῦ
3059 3859 3216 3914 Θεοῦ.
3254 3860 3447 3927 Ἑρώτ.
3482 3861 3593 3913 Καὶ
3627 3860 3794 3912 πόθεν
3827 3859 3990 3928 γινώ-

2430 3969 2549 4007 σκει
2573 3970 2656 4016 τις
2706 3955 2788 4008 ὅτι
2833 3954 3068 4022 ἔφθασεν
3102 3958 3181 4018 εἰς
3226 3955 3468 4025 ταύτηνς
3525 3957 3765 4023 Ἀπόκρ.
3817 3956 3991 4009 Ὅταν

2429 4043 2624 4115 κινηθῇ
2652 4045 2686 4114 ἠ
2716 4045 2903 4115 μνήμη
2939 4044 3034 4098 τοῦ
3073 4043 3207 4098 Θεοῦ
3241 4046 3299 4098 ἐν
3331 4049 3397 4115 τῇ
3441 4045 3648 4116 διανοίᾳ
3683 4044 3870 4110 αὐτοῦ,
3901 4047 3992 4100 εύ-

2428 4139 2566 4202 θέως
2593 4139 2626 4209 ἡ
2651 4137 2848 4208 καρδία
2885 4136 3048 4190 αὑτοῦ
3099 4137 3327 4190 κινεῖται
3357 4138 3414 4189 ὲν
3463 4140 3528 4207 τῇ
3555 4137 3745 4207 ἀγάπῃ
3788 4137 3988 4190 αὑτοῦ·

2428 4231 2588 4284 καὶοὶ
2611 4228 2880 4299 ὀφθαλμοὶ
2903 4228 3069 4282 αὐτοῦ
3097 4228 3464 4297 καταφέρουσι
3485 4228 3696 4297 δάκρυα
3714 4227 3815 4296 δαψ
3825 4227 3956 4287 ιλῶς
3974 4243 3991 4261 ο

2429 4323 2548 4386 ἔθος
2575 4324 2686 4394 γὰρ
2709 4323 2823 4392 ἔχει
2848 4323 2882 4392 ἡ
2911 4322 3099 4392 ἀγάπη
3138 4321 3203 4373 ἐκ
3231 4320 3328 4390 τῆς
3367 4321 3585 4390 μνήμης
3622 4320 3732 4372 τῶν
3767 4321 3994 4391 ἀγαπη-

2427 4417 2537 4469 τῶν
2584 4415 2837 4481 ἐξάπτειν
2888 4415 3133 4484 δάκρυα·
3181 4415 3274 4467 καὶ
3321 4415 3560 4476 τοιοῦτος
3607 4413 3682 4465 ῶν
3733 4413 3994 4467 οὐδέποτε

764 4519 959 4584 luitur,
980 4517 1126 4587 quod
1149 4515 1371 4570 materia
1393 4524 1449 4568 et
1468 4528 1649 4569 cauete
1679 4529 1954 4585 nunquam
1973 4498 2180 4585 desint,
2205 4535 2326 4591 quae
2355 4507 2403 4567 Β
2428 4528 2431 4542 ‘

2355 4507 2403 4567 Ι)
2428 4510 2734 4578 ὐστερεῖται
2766 4510 2828 4560 ἐκ
2867 4498 2978 4559 τῶν
3015 4505 3300 4576 δακρύων·
3335 4505 3465 4557 διότι
3521 4505 3582 4556 ού
3622 4504 3798 4556 λείπει
3841 4506 3995 4575 αὐτῷ

766 4610 918 4664 illum
953 4607 1020 4662 ad
1064 4604 1157 4662 Dei
1188 4604 1505 4660 memoriam
1534 4603 1791 4669 excitent,
1821 4609 1957 4660 adeo
1998 4617 2057 4662 ut
2082 4609 2244 4664 etiam
2271 4611 2327 4666 in

767 4711 960 4752 somno
988 4710 1112 4751 cum
1162 4693 1274 4750 Deo
1317 4694 1662 4764 colloquatur
1697 4712 1712 4748 :
1745 4695 1882 4750 solet
1917 4695 2060 4750 enim
2091 4698 2329 4755 cliaritas

769 4789 894 4843 talia
929 4789 1168 4844 actitare.
1195 4788 1259 4842 Et
1283 4786 1385 4840 hoc
1411 4795 1493 4838 est
1523 4786 1829 4840 mortalium
1857 4789 1908 4840 in
1944 4788 2045 4842 hac
2079 4790 2183 4843 vita
2212 4806 2330 4860 per-

767 4878 950 4935 lectio.

2426 4601 2527 4671 ὕλη
2581 4601 2671 4653 ἀεὶ
2727 4600 2966 4668 φέρουσα
3010 4597 3174 4651 αὐτὸν
3235 4597 3316 4659 είς
3386 4597 3607 4666 μνήμην
3669 4594 3763 4647 τοῦ
3817 4595 3994 4648 Θεοῦ·

2427 4692 2570 4744 ὥστε
2610 4691 2704 4743 καὶ
2734 4691 2794 4741 ἐν
2843 4689 2995 4758 ὕπνῳ
3040 4685 3206 4742 αὑτοῦ
3240 4689 3514 4758 συνομιλεῖ
3552 4687 3632 4758 τῷ
3672 4687 3826 4757 Θεῷ·
3871 4687 3996 4750 ἔθος

2427 4783 2536 4852 γάρ
2560 4784 2626 4852 τῇ
2660 4781 2849 4850 ἀγάπῃ
2873 4782 3135 4850 πράσσειν
3167 4779 3236 4832 τά
3266 4778 3487 4833 τοιαῦτα
3505 4793 3520 4808 ⁸
3555 4779 3651 4833 καὶ
3677 4778 3820 4846 αὕτη
3844 4780 3996 4833 ἐστὶν

2431 4880 2464 4948 ἡ
2489 4875 2762 4946 τελειότης
2791 4874 2898 4927 τῶν
2923 4871 3224 4944 ἀνθρώπων
3243 4874 3301 4925 ἐν
3333 4873 3399 4942 τῇ
3428 4869 3542 4942 ζωῇ
3567 4871 3752 4924 αὐτῶν
