  <div class='ocr_page' id='page_1' title='image "/cluster/home/n/w/nwhite01/storage/ocr_20150623/88/nnc1.0046980237/592.png"; bbox 0 0 4222 6448; ppageno 0'>
   <div class='ocr_carea' id='block_1_1' title="bbox 257 336 1214 368">
    <p class='ocr_par' dir='ltr' id='par_1_1' title="bbox 257 336 1214 368">
     <span class='ocr_line' id='line_1_1' title="bbox 257 336 1214 368; baseline -0.001 0"><span class='ocrx_word' id='word_1_1' title='bbox 257 336 1214 368; x_wconf 53' lang='lat' dir='ltr'><em>W</em></span> 
     </span>
    </p>
   </div>
   <div class='ocr_carea' id='block_1_2' title="bbox 556 337 3445 382">
    <p class='ocr_par' dir='ltr' id='par_1_2' title="bbox 556 337 3445 382">
     <span class='ocr_line' id='line_1_2' title="bbox 556 337 3445 382; baseline 0.005 -15"><span class='ocrx_word' id='word_1_2' title='bbox 556 337 3445 382; x_wconf 50' lang='lat' dir='ltr'><strong>mm</strong></span> 
     </span>
    </p>
   </div>
   <div class='ocr_carea' id='block_1_3' title="bbox 863 498 2891 642">
    <p class='ocr_par' dir='ltr' id='par_1_3' title="bbox 863 498 2891 642">
     <span class='ocr_line' id='line_1_3' title="bbox 863 498 2891 642; baseline 0.004 -8"><span class='ocrx_word' id='word_1_3' title='bbox 863 498 1601 638; x_wconf 86' lang='grc' dir='ltr'><strong>ΙΩΑΝΝΟΥ</strong></span> <span class='ocrx_word' id='word_1_4' title='bbox 1678 500 2891 642; x_wconf 62' lang='grc' dir='ltr'><strong>ΣΧΟΛΑΣΤΠὶΟΥ</strong></span> 
     </span>
    </p>
   </div>
   <div class='ocr_carea' id='block_1_4' title="bbox 1072 768 2662 897">
    <p class='ocr_par' dir='ltr' id='par_1_4' title="bbox 1072 768 2662 897">
     <span class='ocr_line' id='line_1_4' title="bbox 1072 768 2662 897; baseline 0.004 -10"><span class='ocrx_word' id='word_1_5' title='bbox 1072 771 1480 889; x_wconf 88' lang='grc' dir='ltr'><strong>ΠΡΟΣ</strong></span> <span class='ocrx_word' id='word_1_6' title='bbox 1532 768 1849 886; x_wconf 90' lang='lat' dir='ltr'><strong>TON</strong></span> <span class='ocrx_word' id='word_1_7' title='bbox 1908 770 2662 897; x_wconf 89' lang='lat' dir='ltr'><strong>IIOIMENA.</strong></span> 
     </span>
    </p>
   </div>
   <div class='ocr_carea' id='block_1_5' title="bbox 1660 1022 2054 1113">
    <p class='ocr_par' dir='ltr' id='par_1_5' title="bbox 1660 1022 2054 1113">
     <span class='ocr_line' id='line_1_5' title="bbox 1660 1022 2054 1113; baseline -0.013 -2"><span class='ocrx_word' id='word_1_8' title='bbox 1660 1022 2054 1113; x_wconf 84' lang='grc' dir='ltr'><strong>ΛΟΓΟΣ.</strong></span> 
     </span>
    </p>
   </div>
   <div class='ocr_carea' id='block_1_6' title="bbox 792 1406 2936 1568">
    <p class='ocr_par' dir='ltr' id='par_1_6' title="bbox 792 1406 2936 1568">
     <span class='ocr_line' id='line_1_6' title="bbox 792 1406 2936 1568; baseline -0.002 -3"><span class='ocrx_word' id='word_1_9' title='bbox 792 1406 1601 1568; x_wconf 84' lang='lat' dir='ltr'><strong>JOANNIS</strong></span> <span class='ocrx_word' id='word_1_10' title='bbox 1698 1407 2936 1566; x_wconf 80' lang='lat' dir='ltr'><strong>SCHOLASTICI</strong></span> 
     </span>
    </p>
   </div>
   <div class='ocr_carea' id='block_1_7' title="bbox 1082 1699 2641 1820">
    <p class='ocr_par' dir='ltr' id='par_1_7' title="bbox 1082 1699 2641 1820">
     <span class='ocr_line' id='line_1_7' title="bbox 1082 1699 2641 1820; baseline -0.004 0"><span class='ocrx_word' id='word_1_11' title='bbox 1082 1703 1498 1820; x_wconf 81' lang='lat' dir='ltr'><strong>LIBER</strong></span> <span class='ocrx_word' id='word_1_12' title='bbox 1580 1699 1766 1816; x_wconf 88' lang='lat' dir='ltr'><strong>AD</strong></span> <span class='ocrx_word' id='word_1_13' title='bbox 1844 1699 2641 1818; x_wconf 82' lang='lat' dir='ltr'><strong>PASTOREM.</strong></span> 
     </span>
    </p>
   </div>
   <div class='ocr_carea' id='block_1_8' title="bbox 830 2108 2497 2183">
    <p class='ocr_par' dir='ltr' id='par_1_8' title="bbox 830 2108 2497 2181">
     <span class='ocr_line' id='line_1_8' title="bbox 830 2108 2497 2181; baseline 0.009 -15"><span class='ocrx_word' id='word_1_14' title='bbox 830 2113 1232 2173; x_wconf 75' lang='lat' dir='ltr'><strong>nrounmmv.</strong></span> <span class='ocrx_word' id='word_1_15' title='bbox 1837 2119 1884 2175; x_wconf 77' lang='grc' dir='ltr'><strong>Α</strong></span> <span class='ocrx_word' id='word_1_16' title='bbox 2298 2108 2497 2181; x_wconf 66' lang='grc' dir='ltr'>εει-ι</span> 
     </span>
    </p>
   </div>
   <div class='ocr_carea' id='block_1_9' title="bbox 1413 2108 3080 2183">
    <p class='ocr_par' dir='ltr' id='par_1_9' title="bbox 1837 2108 3080 2183">
     <span class='ocr_line' id='line_1_9' title="bbox 1837 2108 3080 2183; baseline 0.005 -19"><span class='ocrx_word' id='word_1_17' title='bbox 1837 2119 1884 2175; x_wconf 75' lang='grc' dir='ltr'><strong>Α</strong></span> <span class='ocrx_word' id='word_1_18' title='bbox 2298 2108 2649 2183; x_wconf 59' lang='lat'><strong>‘61-‘63</strong></span> <span class='ocrx_word' id='word_1_19' title='bbox 2695 2109 3080 2171; x_wconf 71' lang='lat' dir='ltr'><strong>PREFATIO.</strong></span> 
     </span>
    </p>
   </div>
   <div class='ocr_carea' id='block_1_10' title="bbox 328 2214 1995 2300">
    <p class='ocr_par' dir='ltr' id='par_1_10' title="bbox 328 2215 1995 2300">
     <span class='ocr_line' id='line_1_10' title="bbox 328 2215 1995 2300; baseline 0 -21"><span class='ocrx_word' id='word_1_20' title='bbox 328 2227 420 2280; x_wconf 78' lang='grc' dir='ltr'>Ἐν</span> <span class='ocrx_word' id='word_1_21' title='bbox 450 2229 516 2298; x_wconf 79' lang='grc' dir='ltr'>τῇ</span> <span class='ocrx_word' id='word_1_22' title='bbox 545 2226 645 2297; x_wconf 70' lang='grc' dir='ltr'>μὲν</span> <span class='ocrx_word' id='word_1_23' title='bbox 668 2225 820 2282; x_wconf 87' lang='grc' dir='ltr'>κάτω</span> <span class='ocrx_word' id='word_1_24' title='bbox 842 2226 1009 2300; x_wconf 80' lang='grc' dir='ltr'>βίϐλῳ</span> <span class='ocrx_word' id='word_1_25' title='bbox 1030 2228 1205 2300; x_wconf 76' lang='grc' dir='ltr'>εγωγέ</span> <span class='ocrx_word' id='word_1_26' title='bbox 1228 2246 1311 2294; x_wconf 84' lang='grc' dir='ltr'><strong>σε,</strong></span> <span class='ocrx_word' id='word_1_27' title='bbox 1333 2225 1585 2283; x_wconf 81' lang='grc' dir='ltr'><strong>θεσπέσιε</strong></span> <span class='ocrx_word' id='word_1_28' title='bbox 1608 2224 1811 2296; x_wconf 79' lang='grc' dir='ltr'>Πάτερ,</span> <span class='ocrx_word' id='word_1_29' title='bbox 1978 2215 1995 2269; x_wconf 76' lang='grc' dir='ltr'><strong>’Ῐ</strong></span> 
     </span>
    </p>
   </div>
   <div class='ocr_carea' id='block_1_11' title="bbox 1809 2214 3476 2300">
    <p class='ocr_par' dir='ltr' id='par_1_11' title="bbox 1809 2214 3476 2290">
     <span class='ocr_line' id='line_1_11' title="bbox 1809 2214 3476 2290; baseline 0.009 -21"><span class='ocrx_word' id='word_1_30' title='bbox 1809 2268 1811 2280; x_wconf 67' lang='lat'><strong>,</strong></span> <span class='ocrx_word' id='word_1_31' title='bbox 1978 2214 2094 2288; x_wconf 76' lang='lat' dir='ltr'><strong>Ego</strong></span> <span class='ocrx_word' id='word_1_32' title='bbox 2126 2227 2197 2282; x_wconf 91' lang='lat' dir='ltr'><strong>te,</strong></span> <span class='ocrx_word' id='word_1_33' title='bbox 2220 2217 2523 2275; x_wconf 88' lang='lat' dir='ltr'><strong>venerande</strong></span> <span class='ocrx_word' id='word_1_34' title='bbox 2546 2226 2723 2290; x_wconf 86' lang='lat' dir='ltr'><strong>pater,</strong></span> <span class='ocrx_word' id='word_1_35' title='bbox 2753 2220 2806 2275; x_wconf 92' lang='lat' dir='ltr'><strong>in</strong></span> <span class='ocrx_word' id='word_1_36' title='bbox 2832 2220 2935 2277; x_wconf 86' lang='lat' dir='ltr'><strong>hoc</strong></span> <span class='ocrx_word' id='word_1_37' title='bbox 2963 2222 3207 2280; x_wconf 78' lang='lat' dir='ltr'><strong>inferiori</strong></span> <span class='ocrx_word' id='word_1_38' title='bbox 3241 2241 3337 2283; x_wconf 86' lang='lat' dir='ltr'><strong>seu</strong></span> <span class='ocrx_word' id='word_1_39' title='bbox 3361 2238 3476 2284; x_wconf 80' lang='lat' dir='ltr'><strong>ter-</strong></span> 
     </span>
    </p>
   </div>
   <div class='ocr_carea' id='block_1_12' title="bbox 243 2310 1910 2392">
    <p class='ocr_par' dir='ltr' id='par_1_12' title="bbox 243 2317 1815 2392">
     <span class='ocr_line' id='line_1_12' title="bbox 243 2317 1815 2392; baseline -0.001 -20"><span class='ocrx_word' id='word_1_40' title='bbox 243 2319 465 2373; x_wconf 76' lang='grc' dir='ltr'>πάντων</span> <span class='ocrx_word' id='word_1_41' title='bbox 514 2317 735 2389; x_wconf 75' lang='grc' dir='ltr'>ἔσχατον</span> <span class='ocrx_word' id='word_1_42' title='bbox 779 2319 979 2391; x_wconf 83' lang='grc' dir='ltr'>τέταχα</span> <span class='ocrx_word' id='word_1_43' title='bbox 1002 2338 1017 2354; x_wconf 75' lang='grc' dir='ltr'><strong>ο</strong></span> <span class='ocrx_word' id='word_1_44' title='bbox 1040 2322 1100 2375; x_wconf 80' lang='grc' dir='ltr'>ὲν</span> <span class='ocrx_word' id='word_1_45' title='bbox 1146 2324 1209 2392; x_wconf 77' lang='grc' dir='ltr'>τῇ</span> <span class='ocrx_word' id='word_1_46' title='bbox 1239 2320 1297 2375; x_wconf 76' lang='grc' dir='ltr'><strong>δὲ</strong></span> <span class='ocrx_word' id='word_1_47' title='bbox 1334 2320 1467 2384; x_wconf 80' lang='grc' dir='ltr'>ἀνω,</span> <span class='ocrx_word' id='word_1_48' title='bbox 1520 2320 1585 2373; x_wconf 84' lang='grc' dir='ltr'>σὲ</span> <span class='ocrx_word' id='word_1_49' title='bbox 1619 2320 1815 2374; x_wconf 78' lang='grc' dir='ltr'>πέπει-</span> 
     </span>
    </p>
   </div>
   <div class='ocr_carea' id='block_1_13' title="bbox 1810 2310 3477 2392">
    <p class='ocr_par' dir='ltr' id='par_1_13' title="bbox 1810 2310 3477 2382">
     <span class='ocr_line' id='line_1_13' title="bbox 1810 2310 3477 2382; baseline 0.011 -25"><span class='ocrx_word' id='word_1_50' title='bbox 1810 2347 1815 2357; x_wconf 82' lang='lat'><strong>.</strong></span> <span class='ocrx_word' id='word_1_51' title='bbox 1910 2321 2047 2363; x_wconf 88' lang='lat' dir='ltr'><strong>reno</strong></span> <span class='ocrx_word' id='word_1_52' title='bbox 2076 2310 2282 2376; x_wconf 82' lang='lat' dir='ltr'><strong>codice,</strong></span> <span class='ocrx_word' id='word_1_53' title='bbox 2322 2319 2601 2379; x_wconf 85' lang='lat' dir='ltr'><strong>postremo</strong></span> <span class='ocrx_word' id='word_1_54' title='bbox 2651 2312 2913 2369; x_wconf 79' lang='lat' dir='ltr'><strong>collocavi</strong></span> <span class='ocrx_word' id='word_1_55' title='bbox 2961 2314 3098 2382; x_wconf 86' lang='lat' dir='ltr'><strong>loco,</strong></span> <span class='ocrx_word' id='word_1_56' title='bbox 3145 2315 3239 2372; x_wconf 88' lang='lat' dir='ltr'><strong>sed</strong></span> <span class='ocrx_word' id='word_1_57' title='bbox 3282 2318 3339 2372; x_wconf 88' lang='lat' dir='ltr'><strong>in</strong></span> <span class='ocrx_word' id='word_1_58' title='bbox 3384 2319 3477 2376; x_wconf 88' lang='lat' dir='ltr'><strong>illo</strong></span> 
     </span>
    </p>
   </div>
   <div class='ocr_carea' id='block_1_14' title="bbox 246 2401 1913 2488">
    <p class='ocr_par' dir='ltr' id='par_1_14' title="bbox 246 2413 1913 2488">
     <span class='ocr_line' id='line_1_14' title="bbox 246 2413 1913 2488; baseline 0 -23"><span class='ocrx_word' id='word_1_59' title='bbox 246 2430 389 2482; x_wconf 76' lang='grc' dir='ltr'>σμαι</span> <span class='ocrx_word' id='word_1_60' title='bbox 426 2414 642 2467; x_wconf 82' lang='grc' dir='ltr'>πάντων</span> <span class='ocrx_word' id='word_1_61' title='bbox 688 2413 846 2485; x_wconf 78' lang='grc' dir='ltr'>ἡμῶν</span> <span class='ocrx_word' id='word_1_62' title='bbox 873 2415 932 2467; x_wconf 77' lang='grc' dir='ltr'>ὲν</span> <span class='ocrx_word' id='word_1_63' title='bbox 958 2418 1026 2488; x_wconf 79' lang='grc' dir='ltr'>τῇ</span> <span class='ocrx_word' id='word_1_64' title='bbox 1076 2417 1368 2487; x_wconf 80' lang='grc' dir='ltr'><strong>ἀπογραφῇ</strong></span> <span class='ocrx_word' id='word_1_65' title='bbox 1403 2418 1472 2487; x_wconf 75' lang='grc' dir='ltr'>τῇ</span> <span class='ocrx_word' id='word_1_66' title='bbox 1528 2413 1650 2484; x_wconf 82' lang='grc' dir='ltr'>θείᾳ</span> <span class='ocrx_word' id='word_1_67' title='bbox 1687 2429 1817 2485; x_wconf 90' lang='grc' dir='ltr'>προ-</span> <span class='ocrx_word' id='word_1_68' title='bbox 1909 2423 1913 2444; x_wconf 80' lang='grc'><em>⁴</em></span> 
     </span>
    </p>
   </div>
   <div class='ocr_carea' id='block_1_15' title="bbox 1809 2401 3476 2488">
    <p class='ocr_par' dir='ltr' id='par_1_15' title="bbox 1809 2401 3476 2468">
     <span class='ocr_line' id='line_1_15' title="bbox 1809 2401 3476 2468; baseline 0.009 -15"><span class='ocrx_word' id='word_1_69' title='bbox 1809 2442 1817 2453; x_wconf 95' lang='grc'>.</span> <span class='ocrx_word' id='word_1_70' title='bbox 1909 2401 2116 2456; x_wconf 65' lang='lat' dir='ltr'><strong>caelesti</strong></span> <span class='ocrx_word' id='word_1_71' title='bbox 2149 2401 2424 2458; x_wconf 88' lang='lat' dir='ltr'><strong>volumine</strong></span> <span class='ocrx_word' id='word_1_72' title='bbox 2469 2410 2524 2458; x_wconf 91' lang='lat' dir='ltr'><strong>te</strong></span> <span class='ocrx_word' id='word_1_73' title='bbox 2573 2404 2733 2460; x_wconf 93' lang='lat' dir='ltr'><strong>nobis</strong></span> <span class='ocrx_word' id='word_1_74' title='bbox 2780 2405 3036 2463; x_wconf 89' lang='lat' dir='ltr'><strong>omnibus</strong></span> <span class='ocrx_word' id='word_1_75' title='bbox 3072 2408 3369 2467; x_wconf 75' lang='lat' dir='ltr'><strong>antelatum</strong></span> <span class='ocrx_word' id='word_1_76' title='bbox 3421 2413 3476 2468; x_wconf 94' lang='lat' dir='ltr'><strong>in</strong></span> 
     </span>
    </p>
   </div>
   <div class='ocr_carea' id='block_1_16' title="bbox 242 2489 1909 2578">
    <p class='ocr_par' dir='ltr' id='par_1_16' title="bbox 242 2503 1809 2578">
     <span class='ocr_line' id='line_1_16' title="bbox 242 2503 1809 2578; baseline 0.003 -24"><span class='ocrx_word' id='word_1_77' title='bbox 242 2503 494 2572; x_wconf 83' lang='grc' dir='ltr'>τερεύειν</span> <span class='ocrx_word' id='word_1_78' title='bbox 516 2520 533 2532; x_wconf 81' lang='grc'><strong>’</strong></span> <span class='ocrx_word' id='word_1_79' title='bbox 582 2504 743 2575; x_wconf 83' lang='grc' dir='ltr'>εἰπερ</span> <span class='ocrx_word' id='word_1_80' title='bbox 788 2505 937 2559; x_wconf 77' lang='grc' dir='ltr'>ἐστὶν</span> <span class='ocrx_word' id='word_1_81' title='bbox 962 2507 977 2537; x_wconf 78' lang='grc'>⁸</span> <span class='ocrx_word' id='word_1_82' title='bbox 1000 2508 1029 2561; x_wconf 91' lang='grc' dir='ltr'>ὁ</span> <span class='ocrx_word' id='word_1_83' title='bbox 1054 2504 1293 2578; x_wconf 79' lang='grc' dir='ltr'>εἰρηκὼς</span> <span class='ocrx_word' id='word_1_84' title='bbox 1333 2504 1562 2576; x_wconf 71' lang='grc' dir='ltr'>ἀληθὴς.</span> <span class='ocrx_word' id='word_1_85' title='bbox 1592 2503 1809 2558; x_wconf 78' lang='grc' dir='ltr'>ἔσονται</span> 
     </span>
    </p>
   </div>
   <div class='ocr_carea' id='block_1_17' title="bbox 1810 2489 3477 2578">
    <p class='ocr_par' dir='ltr' id='par_1_17' title="bbox 1909 2489 3477 2570">
     <span class='ocr_line' id='line_1_17' title="bbox 1909 2489 3477 2570; baseline 0.008 -27"><span class='ocrx_word' id='word_1_86' title='bbox 1909 2489 2091 2546; x_wconf 87' lang='lat' dir='ltr'><strong>divina</strong></span> <span class='ocrx_word' id='word_1_87' title='bbox 2120 2491 2483 2564; x_wconf 80' lang='lat' dir='ltr'><strong>descriptione</strong></span> <span class='ocrx_word' id='word_1_88' title='bbox 2511 2499 2566 2548; x_wconf 91' lang='lat' dir='ltr'><strong>et</strong></span> <span class='ocrx_word' id='word_1_89' title='bbox 2588 2508 2778 2559; x_wconf 86' lang='lat' dir='ltr'><strong>censu,</strong></span> <span class='ocrx_word' id='word_1_90' title='bbox 2798 2495 2981 2550; x_wconf 91' lang='lat' dir='ltr'><strong>nullus</strong></span> <span class='ocrx_word' id='word_1_91' title='bbox 3005 2495 3196 2552; x_wconf 91' lang='lat' dir='ltr'><strong>dubito</strong></span> <span class='ocrx_word' id='word_1_92' title='bbox 3222 2502 3477 2570; x_wconf 82' lang='lat' dir='ltr'><strong>:quando</strong></span> 
     </span>
    </p>
   </div>
   <div class='ocr_carea' id='block_1_18' title="bbox 241 2586 1908 2670">
    <p class='ocr_par' dir='ltr' id='par_1_18' title="bbox 241 2594 1645 2670">
     <span class='ocr_line' id='line_1_18' title="bbox 241 2594 1645 2670; baseline 0.002 -24"><span class='ocrx_word' id='word_1_93' title='bbox 241 2594 297 2646; x_wconf 83' lang='grc' dir='ltr'><strong>οἰ</strong></span> <span class='ocrx_word' id='word_1_94' title='bbox 322 2594 540 2666; x_wconf 78' lang='grc' dir='ltr'><strong>ἔσχατοι</strong></span> <span class='ocrx_word' id='word_1_95' title='bbox 560 2597 638 2669; x_wconf 82' lang='grc' dir='ltr'>τῷ</span> <span class='ocrx_word' id='word_1_96' title='bbox 662 2597 992 2670; x_wconf 74' lang='grc' dir='ltr'><strong>φρονήματι,</strong></span> <span class='ocrx_word' id='word_1_97' title='bbox 1019 2598 1228 2670; x_wconf 75' lang='grc' dir='ltr'>’πρῶτοι</span> <span class='ocrx_word' id='word_1_98' title='bbox 1253 2598 1330 2669; x_wconf 84' lang='grc' dir='ltr'><strong>τῷ</strong></span> <span class='ocrx_word' id='word_1_99' title='bbox 1355 2598 1645 2667; x_wconf 78' lang='grc' dir='ltr'>ἀξιώματι.</span> 
     </span>
    </p>
   </div>
   <div class='ocr_carea' id='block_1_19' title="bbox 1811 2586 3478 2670">
    <p class='ocr_par' dir='ltr' id='par_1_19' title="bbox 1910 2586 3478 2660">
     <span class='ocr_line' id='line_1_19' title="bbox 1910 2586 3478 2660; baseline 0.008 -22"><span class='ocrx_word' id='word_1_100' title='bbox 1910 2600 2073 2640; x_wconf 74' lang='lat' dir='ltr'><strong>verax</strong></span> <span class='ocrx_word' id='word_1_101' title='bbox 2118 2595 2204 2642; x_wconf 88' lang='lat' dir='ltr'><strong>est</strong></span> <span class='ocrx_word' id='word_1_102' title='bbox 2240 2588 2334 2658; x_wconf 89' lang='lat' dir='ltr'><strong>qui</strong></span> <span class='ocrx_word' id='word_1_103' title='bbox 2364 2587 2496 2643; x_wconf 88' lang='lat' dir='ltr'><strong>dicit</strong></span> <span class='ocrx_word' id='word_1_104' title='bbox 2531 2606 2545 2643; x_wconf 91' lang='lat'>:</span> <span class='ocrx_word' id='word_1_105' title='bbox 2578 2586 2679 2655; x_wconf 85' lang='lat' dir='ltr'><strong>Qui</strong></span> <span class='ocrx_word' id='word_1_106' title='bbox 2729 2604 2872 2644; x_wconf 86' lang='lat' dir='ltr'><strong>nunc</strong></span> <span class='ocrx_word' id='word_1_107' title='bbox 2906 2605 3005 2660; x_wconf 85' lang='lat' dir='ltr'><strong>per</strong></span> <span class='ocrx_word' id='word_1_108' title='bbox 3027 2590 3201 2647; x_wconf 84' lang='lat' dir='ltr'><strong>animi</strong></span> <span class='ocrx_word' id='word_1_109' title='bbox 3239 2592 3478 2651; x_wconf 78' lang='lat' dir='ltr'><strong>submis-</strong></span> 
     </span>
    </p>
   </div>
   <div class='ocr_carea' id='block_1_20' title="bbox 1913 2676 3477 2751">
    <p class='ocr_par' dir='ltr' id='par_1_20' title="bbox 1913 2676 3477 2751">
     <span class='ocr_line' id='line_1_20' title="bbox 1913 2676 3477 2751; baseline 0.008 -21"><span class='ocrx_word' id='word_1_110' title='bbox 1913 2676 2122 2730; x_wconf 79' lang='lat' dir='ltr'><strong>sionem</strong></span> <span class='ocrx_word' id='word_1_111' title='bbox 2156 2686 2285 2731; x_wconf 91' lang='lat' dir='ltr'><strong>sunt</strong></span> <span class='ocrx_word' id='word_1_112' title='bbox 2331 2679 2638 2741; x_wconf 84' lang='lat' dir='ltr'><strong>novissimi,</strong></span> <span class='ocrx_word' id='word_1_113' title='bbox 2664 2688 2827 2735; x_wconf 90' lang='lat' dir='ltr'><strong>erunt</strong></span> <span class='ocrx_word' id='word_1_114' title='bbox 2872 2688 3002 2735; x_wconf 89' lang='lat' dir='ltr'><strong>tunc</strong></span> <span class='ocrx_word' id='word_1_115' title='bbox 3048 2681 3211 2751; x_wconf 80' lang='lat' dir='ltr'><strong>primi</strong></span> <span class='ocrx_word' id='word_1_116' title='bbox 3254 2682 3477 2743; x_wconf 81' lang='lat' dir='ltr'><strong>honoris</strong></span> 
     </span>
    </p>
   </div>
   <div class='ocr_carea' id='block_1_21' title="bbox 1912 2775 2197 2846">
    <p class='ocr_par' dir='ltr' id='par_1_21' title="bbox 1912 2775 2197 2846">
     <span class='ocr_line' id='line_1_21' title="bbox 1912 2775 2197 2846; baseline 0.007 -17"><span class='ocrx_word' id='word_1_117' title='bbox 1912 2775 2197 2846; x_wconf 74' lang='lat' dir='ltr'><strong>dignitate.</strong></span> 
     </span>
    </p>
   </div>
   <div class='ocr_carea' id='block_1_22' title="bbox 608 2864 2275 2935">
    <p class='ocr_par' dir='ltr' id='par_1_22' title="bbox 608 2864 1439 2935">
     <span class='ocr_line' id='line_1_22' title="bbox 608 2864 1439 2935; baseline -0.001 -16"><span class='ocrx_word' id='word_1_118' title='bbox 608 2866 863 2935; x_wconf 76' lang='grc' dir='ltr'>Σχόλιον</span> <span class='ocrx_word' id='word_1_119' title='bbox 900 2864 1141 2932; x_wconf 77' lang='grc' dir='ltr'>Μάρκου</span> <span class='ocrx_word' id='word_1_120' title='bbox 1167 2865 1439 2933; x_wconf 79' lang='grc' dir='ltr'>μονακοῡ</span> 
     </span>
    </p>
   </div>
   <div class='ocr_carea' id='block_1_23' title="bbox 1386 2864 3053 2935">
    <p class='ocr_par' dir='ltr' id='par_1_23' title="bbox 1386 2865 3053 2925">
     <span class='ocr_line' id='line_1_23' title="bbox 1386 2865 3053 2925; baseline 0.005 -9"><span class='ocrx_word' id='word_1_121' title='bbox 1386 2865 1439 2918; x_wconf 84' lang='grc' dir='ltr'><strong>›ῦ</strong></span> <span class='ocrx_word' id='word_1_122' title='bbox 2325 2866 2573 2923; x_wconf 83' lang='lat' dir='ltr'><strong>Scholion</strong></span> <span class='ocrx_word' id='word_1_123' title='bbox 2603 2868 2662 2924; x_wconf 72' lang='grc' dir='ltr'><strong>ΙΙ</strong></span> <span class='ocrx_word' id='word_1_124' title='bbox 2663 2870 2774 2923; x_wconf 83' lang='lat' dir='ltr'><strong>arci</strong></span> <span class='ocrx_word' id='word_1_125' title='bbox 2794 2870 3053 2925; x_wconf 68' lang='lat' dir='ltr'><strong>monachi.</strong></span> 
     </span>
    </p>
   </div>
   <div class='ocr_carea' id='block_1_24' title="bbox 324 2952 1991 3032">
    <p class='ocr_par' dir='ltr' id='par_1_24' title="bbox 324 2953 1991 3030">
     <span class='ocr_line' id='line_1_24' title="bbox 324 2953 1991 3030; baseline -0.001 -22"><span class='ocrx_word' id='word_1_126' title='bbox 324 2953 489 3009; x_wconf 80' lang='grc' dir='ltr'>Ὅταν</span> <span class='ocrx_word' id='word_1_127' title='bbox 536 2956 798 3030; x_wconf 71' lang='grc' dir='ltr'>ἀκούσῃς,</span> <span class='ocrx_word' id='word_1_128' title='bbox 835 2959 917 3011; x_wconf 77' lang='grc' dir='ltr'>ὅτι</span> <span class='ocrx_word' id='word_1_129' title='bbox 966 2958 1247 3011; x_wconf 73' lang='grc' dir='ltr'>ἔσονταιοι</span> <span class='ocrx_word' id='word_1_130' title='bbox 1290 2957 1505 3028; x_wconf 72' lang='grc' dir='ltr'>ἔσχατοι</span> <span class='ocrx_word' id='word_1_131' title='bbox 1564 2956 1807 3025; x_wconf 78' lang='grc' dir='ltr'>πρῶτοι·</span> <span class='ocrx_word' id='word_1_132' title='bbox 1973 2955 1991 3019; x_wconf 71' lang='grc'><strong><em>4</em></strong></span> 
     </span>
    </p>
   </div>
   <div class='ocr_carea' id='block_1_25' title="bbox 1810 2952 3477 3032">
    <p class='ocr_par' dir='ltr' id='par_1_25' title="bbox 1973 2952 3477 3032">
     <span class='ocr_line' id='line_1_25' title="bbox 1973 2952 3477 3032; baseline 0.006 -23"><span class='ocrx_word' id='word_1_133' title='bbox 1973 2952 2207 3022; x_wconf 81' lang='lat' dir='ltr'><strong>Quando</strong></span> <span class='ocrx_word' id='word_1_134' title='bbox 2268 2960 2507 3014; x_wconf 83' lang='lat' dir='ltr'><strong>audieris</strong></span> <span class='ocrx_word' id='word_1_135' title='bbox 2567 2978 2581 3014; x_wconf 92' lang='lat'>:</span> <span class='ocrx_word' id='word_1_136' title='bbox 2635 2969 2797 3016; x_wconf 88' lang='lat' dir='ltr'><strong>erunt</strong></span> <span class='ocrx_word' id='word_1_137' title='bbox 2845 2960 3128 3017; x_wconf 74' lang='lat' dir='ltr'><strong>novissimi</strong></span> <span class='ocrx_word' id='word_1_138' title='bbox 3183 2962 3368 3032; x_wconf 85' lang='lat' dir='ltr'><strong>primi,</strong></span> <span class='ocrx_word' id='word_1_139' title='bbox 3420 2972 3477 3018; x_wconf 86' lang='lat' dir='ltr'><strong>et</strong></span> 
     </span>
    </p>
   </div>
   <div class='ocr_carea' id='block_1_26' title="bbox 242 3046 1909 3121">
    <p class='ocr_par' dir='ltr' id='par_1_26' title="bbox 242 3046 1909 3120">
     <span class='ocr_line' id='line_1_26' title="bbox 242 3046 1909 3120; baseline 0.001 -23"><span class='ocrx_word' id='word_1_140' title='bbox 242 3052 340 3098; x_wconf 76' lang='grc' dir='ltr'>καὶ</span> <span class='ocrx_word' id='word_1_141' title='bbox 374 3047 436 3100; x_wconf 79' lang='grc' dir='ltr'>τὸ</span> <span class='ocrx_word' id='word_1_142' title='bbox 457 3046 694 3118; x_wconf 77' lang='grc' dir='ltr'>ἔμπαλιν</span> <span class='ocrx_word' id='word_1_143' title='bbox 711 3091 727 3114; x_wconf 91' lang='grc'><strong>,</strong></span> <span class='ocrx_word' id='word_1_144' title='bbox 758 3049 1014 3119; x_wconf 79' lang='grc' dir='ltr'><strong>μετόχους</strong></span> <span class='ocrx_word' id='word_1_145' title='bbox 1039 3047 1248 3120; x_wconf 82' lang='grc' dir='ltr'><strong>ἀρετῶν</strong></span> <span class='ocrx_word' id='word_1_146' title='bbox 1272 3049 1364 3102; x_wconf 76' lang='grc' dir='ltr'>καὶ</span> <span class='ocrx_word' id='word_1_147' title='bbox 1397 3048 1654 3119; x_wconf 76' lang='grc' dir='ltr'><strong>μετόχους</strong></span> <span class='ocrx_word' id='word_1_148' title='bbox 1675 3046 1813 3115; x_wconf 91' lang='grc' dir='ltr'>ἀγά-</span> <span class='ocrx_word' id='word_1_149' title='bbox 1904 3072 1909 3090; x_wconf 61' lang='grc' dir='ltr'><em>λ</em></span> 
     </span>
    </p>
   </div>
   <div class='ocr_carea' id='block_1_27' title="bbox 1805 3046 3472 3121">
    <p class='ocr_par' dir='ltr' id='par_1_27' title="bbox 1805 3046 3472 3121">
     <span class='ocr_line' id='line_1_27' title="bbox 1805 3046 3472 3121; baseline 0.008 -23"><span class='ocrx_word' id='word_1_150' title='bbox 1805 3075 1813 3087; x_wconf 85' lang='lat'><strong><em>-</em></strong></span> <span class='ocrx_word' id='word_1_151' title='bbox 1904 3052 2095 3101; x_wconf 83' lang='lat' dir='ltr'><strong>contra</strong></span> <span class='ocrx_word' id='word_1_152' title='bbox 2124 3046 2286 3117; x_wconf 89' lang='lat' dir='ltr'><strong>primi</strong></span> <span class='ocrx_word' id='word_1_153' title='bbox 2329 3048 2613 3105; x_wconf 76' lang='lat' dir='ltr'><strong>novissimi</strong></span> <span class='ocrx_word' id='word_1_154' title='bbox 2654 3052 2732 3121; x_wconf 84' lang='lat' dir='ltr'><strong>(a)</strong></span> <span class='ocrx_word' id='word_1_155' title='bbox 2784 3050 3044 3108; x_wconf 83' lang='lat' dir='ltr'><strong>virtutum</strong></span> <span class='ocrx_word' id='word_1_156' title='bbox 3093 3061 3149 3107; x_wconf 88' lang='lat' dir='ltr'><strong>et</strong></span> <span class='ocrx_word' id='word_1_157' title='bbox 3192 3053 3472 3111; x_wconf 74' lang='lat' dir='ltr'><strong>cliaritatis</strong></span> 
     </span>
    </p>
   </div>
   <div class='ocr_carea' id='block_1_28' title="bbox 245 3140 1912 3215">
    <p class='ocr_par' dir='ltr' id='par_1_28' title="bbox 245 3140 1912 3212">
     <span class='ocr_line' id='line_1_28' title="bbox 245 3140 1912 3212; baseline 0 -20"><span class='ocrx_word' id='word_1_158' title='bbox 245 3157 359 3209; x_wconf 80' lang='grc' dir='ltr'>πης</span> <span class='ocrx_word' id='word_1_159' title='bbox 400 3141 540 3193; x_wconf 74' lang='grc' dir='ltr'>νόει*</span> <span class='ocrx_word' id='word_1_160' title='bbox 575 3142 762 3212; x_wconf 80' lang='grc' dir='ltr'><strong>ἀγάπη</strong></span> <span class='ocrx_word' id='word_1_161' title='bbox 789 3141 897 3212; x_wconf 83' lang='grc' dir='ltr'><strong>γὰρ</strong></span> <span class='ocrx_word' id='word_1_162' title='bbox 938 3143 1141 3212; x_wconf 80' lang='grc' dir='ltr'>ἐσχάτη</span> <span class='ocrx_word' id='word_1_163' title='bbox 1180 3140 1277 3210; x_wconf 80' lang='grc' dir='ltr'>μὲν</span> <span class='ocrx_word' id='word_1_164' title='bbox 1304 3141 1513 3212; x_wconf 78' lang='grc' dir='ltr'>ἀρετῶν</span> <span class='ocrx_word' id='word_1_165' title='bbox 1555 3142 1811 3210; x_wconf 73' lang='grc' dir='ltr'>τυγχάνει</span> <span class='ocrx_word' id='word_1_166' title='bbox 1907 3161 1912 3185; x_wconf 79' lang='grc'>‹</span> 
     </span>
    </p>
   </div>
   <div class='ocr_carea' id='block_1_29' title="bbox 1803 3140 3470 3215">
    <p class='ocr_par' dir='ltr' id='par_1_29' title="bbox 1803 3140 3470 3215">
     <span class='ocr_line' id='line_1_29' title="bbox 1803 3140 3470 3215; baseline 0.005 -23"><span class='ocrx_word' id='word_1_167' title='bbox 1803 3157 1811 3192; x_wconf 77' lang='grc' dir='ltr'><strong>ι</strong></span> <span class='ocrx_word' id='word_1_168' title='bbox 1907 3148 2190 3195; x_wconf 79' lang='lat' dir='ltr'><strong>consortes</strong></span> <span class='ocrx_word' id='word_1_169' title='bbox 2227 3140 2481 3212; x_wconf 75' lang='lat' dir='ltr'><strong>intelligo.</strong></span> <span class='ocrx_word' id='word_1_170' title='bbox 2508 3142 2761 3199; x_wconf 83' lang='lat' dir='ltr'><strong>Charitas</strong></span> <span class='ocrx_word' id='word_1_171' title='bbox 2796 3144 2939 3199; x_wconf 86' lang='lat' dir='ltr'><strong>enim</strong></span> <span class='ocrx_word' id='word_1_172' title='bbox 2966 3145 3227 3200; x_wconf 79' lang='lat' dir='ltr'><strong>virtutum</strong></span> <span class='ocrx_word' id='word_1_173' title='bbox 3255 3146 3470 3215; x_wconf 86' lang='lat' dir='ltr'><strong>quidem</strong></span> 
     </span>
    </p>
   </div>
   <div class='ocr_carea' id='block_1_30' title="bbox 243 3230 1910 3307">
    <p class='ocr_par' dir='ltr' id='par_1_30' title="bbox 243 3232 1811 3306">
     <span class='ocr_line' id='line_1_30' title="bbox 243 3232 1811 3306; baseline 0.001 -20"><span class='ocrx_word' id='word_1_174' title='bbox 243 3232 387 3286; x_wconf 82' lang='grc' dir='ltr'><strong>κατά</strong></span> <span class='ocrx_word' id='word_1_175' title='bbox 437 3234 649 3302; x_wconf 80' lang='grc' dir='ltr'>γένεσιν</span> <span class='ocrx_word' id='word_1_176' title='bbox 679 3250 695 3265; x_wconf 73' lang='grc' dir='ltr'><strong><em>ο</em></strong></span> <span class='ocrx_word' id='word_1_177' title='bbox 733 3233 924 3306; x_wconf 82' lang='grc' dir='ltr'><strong>πρώτη</strong></span> <span class='ocrx_word' id='word_1_178' title='bbox 969 3234 1026 3287; x_wconf 81' lang='grc' dir='ltr'><strong>δὲ</strong></span> <span class='ocrx_word' id='word_1_179' title='bbox 1070 3233 1379 3305; x_wconf 81' lang='grc' dir='ltr'>εὑρίσκεται</span> <span class='ocrx_word' id='word_1_180' title='bbox 1425 3233 1811 3298; x_wconf 73' lang='grc' dir='ltr'>πνευματικῶς</span> 
     </span>
    </p>
   </div>
   <div class='ocr_carea' id='block_1_31' title="bbox 1804 3230 3471 3307">
    <p class='ocr_par' dir='ltr' id='par_1_31' title="bbox 1804 3230 3471 3307">
     <span class='ocr_line' id='line_1_31' title="bbox 1804 3230 3471 3307; baseline 0.005 -24"><span class='ocrx_word' id='word_1_181' title='bbox 1804 3251 1811 3295; x_wconf 77' lang='lat'><strong>,-</strong></span> <span class='ocrx_word' id='word_1_182' title='bbox 1912 3230 2210 3288; x_wconf 77' lang='lat' dir='ltr'><strong>novissima</strong></span> <span class='ocrx_word' id='word_1_183' title='bbox 2232 3243 2335 3301; x_wconf 90' lang='lat' dir='ltr'><strong>est,</strong></span> <span class='ocrx_word' id='word_1_184' title='bbox 2361 3235 2405 3289; x_wconf 90' lang='lat' dir='ltr'><strong>si</strong></span> <span class='ocrx_word' id='word_1_185' title='bbox 2432 3246 2642 3304; x_wconf 87' lang='lat' dir='ltr'><strong>spectes</strong></span> <span class='ocrx_word' id='word_1_186' title='bbox 2659 3237 3063 3305; x_wconf 74' lang='lat' dir='ltr'><strong>generationem</strong></span> <span class='ocrx_word' id='word_1_187' title='bbox 3086 3237 3231 3294; x_wconf 88' lang='lat' dir='ltr'><strong>illius</strong></span> <span class='ocrx_word' id='word_1_188' title='bbox 3255 3254 3273 3304; x_wconf 85' lang='lat'><strong>;</strong></span> <span class='ocrx_word' id='word_1_189' title='bbox 3302 3239 3471 3307; x_wconf 87' lang='lat' dir='ltr'><strong>prima</strong></span> 
     </span>
    </p>
   </div>
   <div class='ocr_carea' id='block_1_32' title="bbox 244 3324 1911 3402">
    <p class='ocr_par' dir='ltr' id='par_1_32' title="bbox 244 3324 1911 3398">
     <span class='ocr_line' id='line_1_32' title="bbox 244 3324 1911 3398; baseline 0.002 -22"><span class='ocrx_word' id='word_1_190' title='bbox 244 3324 391 3377; x_wconf 84' lang='grc' dir='ltr'>κατὰ</span> <span class='ocrx_word' id='word_1_191' title='bbox 421 3326 521 3395; x_wconf 86' lang='grc' dir='ltr'>τὴν</span> <span class='ocrx_word' id='word_1_192' title='bbox 544 3324 720 3389; x_wconf 80' lang='grc' dir='ltr'>ἀξίαν,</span> <span class='ocrx_word' id='word_1_193' title='bbox 752 3326 850 3389; x_wconf 73' lang='grc' dir='ltr'>τὰς</span> <span class='ocrx_word' id='word_1_194' title='bbox 870 3326 1350 3398; x_wconf 72' lang='grc' dir='ltr'>προγεγενημένας</span> <span class='ocrx_word' id='word_1_195' title='bbox 1373 3326 1545 3394; x_wconf 77' lang='grc' dir='ltr'>αὐτῆς</span> <span class='ocrx_word' id='word_1_196' title='bbox 1576 3327 1810 3396; x_wconf 77' lang='grc' dir='ltr'>ἐσχάτας</span> <span class='ocrx_word' id='word_1_197' title='bbox 1902 3346 1911 3374; x_wconf 67' lang='grc'><em>;</em></span> 
     </span>
    </p>
   </div>
   <div class='ocr_carea' id='block_1_33' title="bbox 1804 3324 3471 3402">
    <p class='ocr_par' dir='ltr' id='par_1_33' title="bbox 1804 3326 3471 3402">
     <span class='ocr_line' id='line_1_33' title="bbox 1804 3326 3471 3402; baseline 0.005 -24"><span class='ocrx_word' id='word_1_198' title='bbox 1804 3343 1810 3384; x_wconf 72' lang='grc' dir='ltr'>ε</span> <span class='ocrx_word' id='word_1_199' title='bbox 1902 3332 2116 3388; x_wconf 87' lang='lat' dir='ltr'><strong>autem,</strong></span> <span class='ocrx_word' id='word_1_200' title='bbox 2144 3326 2191 3380; x_wconf 82' lang='lat' dir='ltr'><strong>si</strong></span> <span class='ocrx_word' id='word_1_201' title='bbox 2213 3327 2551 3398; x_wconf 86' lang='lat' dir='ltr'><strong>dignitatem,</strong></span> <span class='ocrx_word' id='word_1_202' title='bbox 2578 3343 2707 3400; x_wconf 88' lang='lat' dir='ltr'><strong>qua,</strong></span> <span class='ocrx_word' id='word_1_203' title='bbox 2735 3340 2862 3386; x_wconf 86' lang='lat' dir='ltr'><strong>ante</strong></span> <span class='ocrx_word' id='word_1_204' title='bbox 2890 3346 2951 3385; x_wconf 86' lang='lat' dir='ltr'><strong>se</strong></span> <span class='ocrx_word' id='word_1_205' title='bbox 2970 3338 3151 3395; x_wconf 85' lang='lat' dir='ltr'><strong>natas,</strong></span> <span class='ocrx_word' id='word_1_206' title='bbox 3172 3337 3471 3402; x_wconf 81' lang='lat' dir='ltr'><strong>postremas</strong></span> 
     </span>
    </p>
   </div>
   <div class='ocr_carea' id='block_1_34' title="bbox 239 3416 1906 3499">
    <p class='ocr_par' dir='ltr' id='par_1_34' title="bbox 239 3416 1883 3499">
     <span class='ocr_line' id='line_1_34' title="bbox 239 3416 1883 3499; baseline 0.003 -30"><span class='ocrx_word' id='word_1_207' title='bbox 239 3416 694 3472; x_wconf 74' lang='grc' dir='ltr'>ἀποδεικνύουσα.</span> <span class='ocrx_word' id='word_1_208' title='bbox 1838 3443 1883 3499; x_wconf 73' lang='grc' dir='ltr'><strong>Β</strong></span> 
     </span>
    </p>
   </div>
   <div class='ocr_carea' id='block_1_35' title="bbox 649 3416 2316 3499">
    <p class='ocr_par' dir='ltr' id='par_1_35' title="bbox 649 3418 2316 3499">
     <span class='ocr_line' id='line_1_35' title="bbox 649 3418 2316 3499; baseline 0.002 -28"><span class='ocrx_word' id='word_1_209' title='bbox 649 3432 694 3472; x_wconf 79' lang='grc' dir='ltr'>ι.</span> <span class='ocrx_word' id='word_1_210' title='bbox 1838 3443 1883 3499; x_wconf 73' lang='grc' dir='ltr'><strong>Β</strong></span> <span class='ocrx_word' id='word_1_211' title='bbox 1908 3429 2032 3472; x_wconf 79' lang='lat' dir='ltr'><strong>esse</strong></span> <span class='ocrx_word' id='word_1_212' title='bbox 2062 3418 2316 3475; x_wconf 76' lang='lat' dir='ltr'><strong>ostendit.</strong></span> 
     </span>
    </p>
   </div>
   <div class='ocr_carea' id='block_1_36' title="bbox 868 3790 2950 3868">
    <p class='ocr_par' dir='ltr' id='par_1_36' title="bbox 868 3790 2950 3868">
     <span class='ocr_line' id='line_1_36' title="bbox 868 3790 2950 3868; baseline -0 -21"><span class='ocrx_word' id='word_1_213' title='bbox 868 3793 1212 3850; x_wconf 58' lang='lat' dir='ltr'><strong>nomen</strong></span> <span class='ocrx_word' id='word_1_214' title='bbox 2445 3794 2608 3868; x_wconf 62' lang='lat'><strong>535</strong></span> <span class='ocrx_word' id='word_1_215' title='bbox 2634 3790 2868 3849; x_wconf 76' lang='lat' dir='ltr'><strong>CAPUT</strong></span> <span class='ocrx_word' id='word_1_216' title='bbox 2909 3791 2950 3846; x_wconf 91' lang='grc' dir='ltr'>ι.</span> 
     </span>
    </p>
   </div>
   <div class='ocr_carea' id='block_1_37' title="bbox 907 3902 2802 3977">
    <p class='ocr_par' dir='ltr' id='par_1_37' title="bbox 907 3902 2802 3977">
     <span class='ocr_line' id='line_1_37' title="bbox 907 3902 2802 3977; baseline -0.002 -17"><span class='ocrx_word' id='word_1_217' title='bbox 907 3905 1286 3961; x_wconf 71' lang='grc' dir='ltr'><strong>(Σωηοὺὶαιτὴα</strong></span> <span class='ocrx_word' id='word_1_218' title='bbox 1320 3905 1523 3977; x_wconf 77' lang='lat' dir='ltr'><strong>pastori</strong></span> <span class='ocrx_word' id='word_1_219' title='bbox 1544 3946 1558 3967; x_wconf 86' lang='lat'><strong><em>.</em></strong></span> <span class='ocrx_word' id='word_1_220' title='bbox 1589 3904 1873 3968; x_wconf 75' lang='lat' dir='ltr'><strong>navarclto,</strong></span> <span class='ocrx_word' id='word_1_221' title='bbox 1909 3903 2112 3957; x_wconf 73' lang='lat' dir='ltr'><strong>medica</strong></span> <span class='ocrx_word' id='word_1_222' title='bbox 2131 3902 2422 3961; x_wconf 66' lang='grc' dir='ltr'>ἥκει-αισινί</span> <span class='ocrx_word' id='word_1_223' title='bbox 2445 3913 2802 3974; x_wconf 72' lang='lat' dir='ltr'><strong>comparatur.</strong></span> 
     </span>
    </p>
   </div>
   <div class='ocr_carea' id='block_1_38' title="bbox 307 4018 1974 4097">
    <p class='ocr_par' dir='ltr' id='par_1_38' title="bbox 307 4018 1974 4095">
     <span class='ocr_line' id='line_1_38' title="bbox 307 4018 1974 4095; baseline -0.004 -16"><span class='ocrx_word' id='word_1_224' title='bbox 307 4023 519 4095; x_wconf 70' lang='grc' dir='ltr'>Ποιμὴν</span> <span class='ocrx_word' id='word_1_225' title='bbox 546 4021 752 4093; x_wconf 76' lang='grc' dir='ltr'>κυρίοις</span> <span class='ocrx_word' id='word_1_226' title='bbox 795 4020 965 4088; x_wconf 66' lang='grc' dir='ltr'>ἑστιν,</span> <span class='ocrx_word' id='word_1_227' title='bbox 986 4023 1017 4076; x_wconf 81' lang='grc' dir='ltr'>ὁ</span> <span class='ocrx_word' id='word_1_228' title='bbox 1040 4022 1110 4078; x_wconf 80' lang='grc' dir='ltr'><strong>τά</strong></span> <span class='ocrx_word' id='word_1_229' title='bbox 1156 4021 1472 4075; x_wconf 77' lang='grc' dir='ltr'>ἀπολωλότα</span> <span class='ocrx_word' id='word_1_230' title='bbox 1508 4019 1703 4088; x_wconf 85' lang='grc' dir='ltr'>λογικά</span> <span class='ocrx_word' id='word_1_231' title='bbox 1733 4018 1801 4073; x_wconf 82' lang='grc' dir='ltr'><strong>δι’</strong></span> <span class='ocrx_word' id='word_1_232' title='bbox 1971 4019 1974 4073; x_wconf 78' lang='grc' dir='ltr'>ἶ</span> 
     </span>
    </p>
   </div>
   <div class='ocr_carea' id='block_1_39' title="bbox 1800 4018 3467 4097">
    <p class='ocr_par' dir='ltr' id='par_1_39' title="bbox 1800 4018 3467 4097">
     <span class='ocr_line' id='line_1_39' title="bbox 1800 4018 3467 4097; baseline 0 -22"><span class='ocrx_word' id='word_1_233' title='bbox 1800 4028 1801 4033; x_wconf 82' lang='lat'>‘</span> <span class='ocrx_word' id='word_1_234' title='bbox 1971 4019 2167 4075; x_wconf 85' lang='lat' dir='ltr'><strong>Pastor</strong></span> <span class='ocrx_word' id='word_1_235' title='bbox 2189 4019 2265 4093; x_wconf 91' lang='lat' dir='ltr'><strong>(a)</strong></span> <span class='ocrx_word' id='word_1_236' title='bbox 2294 4018 2384 4075; x_wconf 92' lang='lat' dir='ltr'><strong>ille</strong></span> <span class='ocrx_word' id='word_1_237' title='bbox 2408 4034 2573 4075; x_wconf 85' lang='lat' dir='ltr'><strong>verus</strong></span> <span class='ocrx_word' id='word_1_238' title='bbox 2601 4028 2652 4074; x_wconf 87' lang='lat' dir='ltr'><strong>et</strong></span> <span class='ocrx_word' id='word_1_239' title='bbox 2687 4033 2977 4097; x_wconf 83' lang='lat' dir='ltr'><strong>germanus</strong></span> <span class='ocrx_word' id='word_1_240' title='bbox 3004 4028 3106 4084; x_wconf 86' lang='lat' dir='ltr'><strong>est,</strong></span> <span class='ocrx_word' id='word_1_241' title='bbox 3136 4019 3228 4089; x_wconf 89' lang='lat' dir='ltr'><strong>qui</strong></span> <span class='ocrx_word' id='word_1_242' title='bbox 3254 4033 3467 4091; x_wconf 87' lang='lat' dir='ltr'><strong>gregem</strong></span> 
     </span>
    </p>
   </div>
   <div class='ocr_carea' id='block_1_40' title="bbox 233 4108 1900 4185">
    <p class='ocr_par' dir='ltr' id='par_1_40' title="bbox 233 4111 1801 4185">
     <span class='ocr_line' id='line_1_40' title="bbox 233 4111 1801 4185; baseline -0.004 -13"><span class='ocrx_word' id='word_1_243' title='bbox 233 4116 492 4180; x_wconf 80' lang='grc' dir='ltr'>ἀκακίας,</span> <span class='ocrx_word' id='word_1_244' title='bbox 523 4114 592 4168; x_wconf 80' lang='grc' dir='ltr'>δι’</span> <span class='ocrx_word' id='word_1_245' title='bbox 622 4113 829 4174; x_wconf 78' lang='grc' dir='ltr'>οἰκείας</span> <span class='ocrx_word' id='word_1_246' title='bbox 858 4114 1093 4185; x_wconf 82' lang='grc' dir='ltr'>σπουδῆς</span> <span class='ocrx_word' id='word_1_247' title='bbox 1127 4115 1223 4168; x_wconf 74' lang='grc' dir='ltr'>καὶ</span> <span class='ocrx_word' id='word_1_248' title='bbox 1248 4113 1412 4184; x_wconf 77' lang='grc' dir='ltr'>εὐχῆς</span> <span class='ocrx_word' id='word_1_249' title='bbox 1437 4111 1801 4183; x_wconf 76' lang='grc' dir='ltr'><strong>ἀναζητῆσαι,</strong></span> 
     </span>
    </p>
   </div>
   <div class='ocr_carea' id='block_1_41' title="bbox 1798 4108 3465 4185">
    <p class='ocr_par' dir='ltr' id='par_1_41' title="bbox 1798 4108 3465 4180">
     <span class='ocr_line' id='line_1_41' title="bbox 1798 4108 3465 4180; baseline 0.002 -19"><span class='ocrx_word' id='word_1_250' title='bbox 1798 4156 1801 4170; x_wconf 73' lang='lat'><strong>,</strong></span> <span class='ocrx_word' id='word_1_251' title='bbox 1902 4109 2133 4165; x_wconf 86' lang='lat' dir='ltr'><strong>rationis</strong></span> <span class='ocrx_word' id='word_1_252' title='bbox 2156 4109 2375 4179; x_wconf 82' lang='lat' dir='ltr'><strong>quidem</strong></span> <span class='ocrx_word' id='word_1_253' title='bbox 2412 4125 2519 4163; x_wconf 94' lang='lat' dir='ltr'><strong>non</strong></span> <span class='ocrx_word' id='word_1_254' title='bbox 2550 4116 2849 4178; x_wconf 72' lang='lat' dir='ltr'><strong>espertem,</strong></span> <span class='ocrx_word' id='word_1_255' title='bbox 2887 4108 2982 4164; x_wconf 83' lang='lat' dir='ltr'><strong>sed</strong></span> <span class='ocrx_word' id='word_1_256' title='bbox 3012 4124 3113 4179; x_wconf 86' lang='lat' dir='ltr'><strong>per</strong></span> <span class='ocrx_word' id='word_1_257' title='bbox 3145 4109 3465 4180; x_wconf 82' lang='lat' dir='ltr'><strong>simplicita-</strong></span> 
     </span>
    </p>
   </div>
   <div class='ocr_carea' id='block_1_42' title="bbox 243 4201 1910 4277">
    <p class='ocr_par' dir='ltr' id='par_1_42' title="bbox 243 4203 1910 4277">
     <span class='ocr_line' id='line_1_42' title="bbox 243 4203 1910 4277; baseline -0.005 -16"><span class='ocrx_word' id='word_1_258' title='bbox 243 4209 342 4263; x_wconf 79' lang='grc' dir='ltr'>καὶ</span> <span class='ocrx_word' id='word_1_259' title='bbox 364 4205 670 4277; x_wconf 63' lang='grc' dir='ltr'>ἀνορθιῖηαι</span> <span class='ocrx_word' id='word_1_260' title='bbox 697 4204 1010 4275; x_wconf 85' lang='grc' dir='ltr'>δυνάμενος.</span> <span class='ocrx_word' id='word_1_261' title='bbox 1036 4204 1391 4275; x_wconf 72' lang='grc' dir='ltr'>κυϐερνήτης</span> <span class='ocrx_word' id='word_1_262' title='bbox 1423 4205 1572 4256; x_wconf 75' lang='grc' dir='ltr'>ἐστὶν</span> <span class='ocrx_word' id='word_1_263' title='bbox 1589 4205 1619 4256; x_wconf 82' lang='grc' dir='ltr'>ὁ</span> <span class='ocrx_word' id='word_1_264' title='bbox 1645 4203 1800 4272; x_wconf 85' lang='grc' dir='ltr'>ἰσχὺν</span> <span class='ocrx_word' id='word_1_265' title='bbox 1903 4210 1910 4253; x_wconf 95' lang='lat' dir='ltr'><strong>I</strong></span> 
     </span>
    </p>
   </div>
   <div class='ocr_carea' id='block_1_43' title="bbox 1794 4201 3461 4277">
    <p class='ocr_par' dir='ltr' id='par_1_43' title="bbox 1794 4201 3461 4273">
     <span class='ocr_line' id='line_1_43' title="bbox 1794 4201 3461 4273; baseline 0.002 -19"><span class='ocrx_word' id='word_1_266' title='bbox 1794 4219 1800 4246; x_wconf 72' lang='grc' dir='ltr'>ν</span> <span class='ocrx_word' id='word_1_267' title='bbox 1903 4210 2007 4255; x_wconf 88' lang='lat' dir='ltr'><strong>tem</strong></span> <span class='ocrx_word' id='word_1_268' title='bbox 2056 4201 2325 4271; x_wconf 88' lang='lat' dir='ltr'><strong>perditum</strong></span> <span class='ocrx_word' id='word_1_269' title='bbox 2358 4201 2631 4257; x_wconf 85' lang='lat' dir='ltr'><strong>industria</strong></span> <span class='ocrx_word' id='word_1_270' title='bbox 2663 4215 2759 4255; x_wconf 79' lang='lat' dir='ltr'><strong>sua</strong></span> <span class='ocrx_word' id='word_1_271' title='bbox 2794 4209 2850 4255; x_wconf 88' lang='lat' dir='ltr'><strong>et</strong></span> <span class='ocrx_word' id='word_1_272' title='bbox 2881 4201 3135 4271; x_wconf 79' lang='lat' dir='ltr'><strong>precibus</strong></span> <span class='ocrx_word' id='word_1_273' title='bbox 3174 4203 3461 4273; x_wconf 68' lang='lat' dir='ltr'><strong>quaesitum</strong></span> 
     </span>
    </p>
   </div>
   <div class='ocr_carea' id='block_1_44' title="bbox 233 4293 1900 4371">
    <p class='ocr_par' dir='ltr' id='par_1_44' title="bbox 233 4294 1806 4371">
     <span class='ocr_line' id='line_1_44' title="bbox 233 4294 1806 4371; baseline -0.005 -17"><span class='ocrx_word' id='word_1_274' title='bbox 233 4299 431 4371; x_wconf 70' lang='grc' dir='ltr'>νωράν</span> <span class='ocrx_word' id='word_1_275' title='bbox 450 4300 515 4352; x_wconf 80' lang='grc' dir='ltr'>ὲκ</span> <span class='ocrx_word' id='word_1_276' title='bbox 542 4296 680 4351; x_wconf 80' lang='grc' dir='ltr'>Θεοῦ</span> <span class='ocrx_word' id='word_1_277' title='bbox 707 4296 803 4351; x_wconf 77' lang='grc' dir='ltr'>καὶ</span> <span class='ocrx_word' id='word_1_278' title='bbox 824 4296 1042 4350; x_wconf 87' lang='grc' dir='ltr'>οἰκείων</span> <span class='ocrx_word' id='word_1_279' title='bbox 1070 4296 1287 4366; x_wconf 84' lang='grc' dir='ltr'>μόχθων</span> <span class='ocrx_word' id='word_1_280' title='bbox 1329 4294 1584 4365; x_wconf 80' lang='grc' dir='ltr'>εἰληφὼς,</span> <span class='ocrx_word' id='word_1_281' title='bbox 1610 4294 1673 4347; x_wconf 81' lang='grc' dir='ltr'>οὐ</span> <span class='ocrx_word' id='word_1_282' title='bbox 1710 4294 1806 4365; x_wconf 85' lang='grc' dir='ltr'>μό-</span> 
     </span>
    </p>
   </div>
   <div class='ocr_carea' id='block_1_45' title="bbox 1798 4293 3465 4371">
    <p class='ocr_par' dir='ltr' id='par_1_45' title="bbox 1798 4293 3465 4364">
     <span class='ocr_line' id='line_1_45' title="bbox 1798 4293 3465 4364; baseline 0.004 -20"><span class='ocrx_word' id='word_1_283' title='bbox 1798 4322 1806 4335; x_wconf 85' lang='lat'><strong><em>-</em></strong></span> <span class='ocrx_word' id='word_1_284' title='bbox 1903 4301 2293 4364; x_wconf 83' lang='lat' dir='ltr'><strong>repertumque</strong></span> <span class='ocrx_word' id='word_1_285' title='bbox 2332 4307 2527 4348; x_wconf 89' lang='lat' dir='ltr'><strong>curare</strong></span> <span class='ocrx_word' id='word_1_286' title='bbox 2572 4303 2750 4363; x_wconf 83' lang='lat' dir='ltr'><strong>potest</strong></span> <span class='ocrx_word' id='word_1_287' title='bbox 2795 4308 2861 4347; x_wconf 84' lang='lat' dir='ltr'><strong>ac</strong></span> <span class='ocrx_word' id='word_1_288' title='bbox 2910 4293 3216 4349; x_wconf 87' lang='lat' dir='ltr'><strong>restituere.</strong></span> <span class='ocrx_word' id='word_1_289' title='bbox 3256 4293 3465 4350; x_wconf 85' lang='lat' dir='ltr'><strong>Guber-</strong></span> 
     </span>
    </p>
   </div>
   <div class='ocr_carea' id='block_1_46' title="bbox 233 4380 1900 4461">
    <p class='ocr_par' dir='ltr' id='par_1_46' title="bbox 233 4384 1797 4461">
     <span class='ocr_line' id='line_1_46' title="bbox 233 4384 1797 4461; baseline -0.006 -15"><span class='ocrx_word' id='word_1_290' title='bbox 233 4409 329 4447; x_wconf 77' lang='grc' dir='ltr'><strong>νον</strong></span> <span class='ocrx_word' id='word_1_291' title='bbox 354 4392 421 4445; x_wconf 76' lang='grc' dir='ltr'>ὲκ</span> <span class='ocrx_word' id='word_1_292' title='bbox 461 4389 781 4461; x_wconf 77' lang='grc' dir='ltr'>τρικυμίας,</span> <span class='ocrx_word' id='word_1_293' title='bbox 813 4388 948 4443; x_wconf 86' lang='grc' dir='ltr'>ἀλλᾶ</span> <span class='ocrx_word' id='word_1_294' title='bbox 981 4388 1076 4441; x_wconf 76' lang='grc' dir='ltr'>καὶ</span> <span class='ocrx_word' id='word_1_295' title='bbox 1102 4388 1162 4454; x_wconf 79' lang='grc' dir='ltr'>ιξ</span> <span class='ocrx_word' id='word_1_296' title='bbox 1181 4385 1353 4456; x_wconf 77' lang='grc' dir='ltr'>αὐτῆς</span> <span class='ocrx_word' id='word_1_297' title='bbox 1383 4387 1485 4455; x_wconf 78' lang='grc' dir='ltr'>τῆς</span> <span class='ocrx_word' id='word_1_298' title='bbox 1537 4384 1797 4447; x_wconf 73' lang='grc' dir='ltr'>ἀϐύσσου,</span> 
     </span>
    </p>
   </div>
   <div class='ocr_carea' id='block_1_47' title="bbox 1797 4380 3464 4461">
    <p class='ocr_par' dir='ltr' id='par_1_47' title="bbox 1901 4380 3464 4454">
     <span class='ocr_line' id='line_1_47' title="bbox 1901 4380 3464 4454; baseline 0.004 -19"><span class='ocrx_word' id='word_1_299' title='bbox 1901 4390 2062 4435; x_wconf 88' lang='lat' dir='ltr'><strong>nator</strong></span> <span class='ocrx_word' id='word_1_300' title='bbox 2086 4380 2440 4454; x_wconf 74' lang='lat' dir='ltr'><strong>[navarchus]</strong></span> <span class='ocrx_word' id='word_1_301' title='bbox 2458 4392 2562 4449; x_wconf 85' lang='lat' dir='ltr'><strong>est,</strong></span> <span class='ocrx_word' id='word_1_302' title='bbox 2576 4384 2673 4454; x_wconf 91' lang='lat' dir='ltr'><strong>qui</strong></span> <span class='ocrx_word' id='word_1_303' title='bbox 2694 4382 3024 4453; x_wconf 77' lang='lat' dir='ltr'><strong>intelligendi</strong></span> <span class='ocrx_word' id='word_1_304' title='bbox 3056 4384 3107 4437; x_wconf 82' lang='lat' dir='ltr'><strong>vi</strong></span> <span class='ocrx_word' id='word_1_305' title='bbox 3122 4392 3178 4439; x_wconf 91' lang='lat' dir='ltr'><strong>et</strong></span> <span class='ocrx_word' id='word_1_306' title='bbox 3210 4382 3464 4442; x_wconf 78' lang='lat' dir='ltr'><strong>facultate</strong></span> 
     </span>
    </p>
   </div>
   <div class='ocr_carea' id='block_1_48' title="bbox 233 4471 1900 4551">
    <p class='ocr_par' dir='ltr' id='par_1_48' title="bbox 233 4472 1800 4551">
     <span class='ocr_line' id='line_1_48' title="bbox 233 4472 1800 4551; baseline -0.006 -16"><span class='ocrx_word' id='word_1_307' title='bbox 233 4484 335 4551; x_wconf 81' lang='grc' dir='ltr'>τὴν</span> <span class='ocrx_word' id='word_1_308' title='bbox 348 4481 480 4535; x_wconf 84' lang='grc' dir='ltr'>ναῦν</span> <span class='ocrx_word' id='word_1_309' title='bbox 490 4479 796 4534; x_wconf 80' lang='grc' dir='ltr'>ἀνασπάσαι</span> <span class='ocrx_word' id='word_1_310' title='bbox 808 4478 1121 4548; x_wconf 80' lang='grc' dir='ltr'>δυνάμενος.</span> <span class='ocrx_word' id='word_1_311' title='bbox 1136 4475 1340 4546; x_wconf 75' lang='grc' dir='ltr'>Ἰατρὸς</span> <span class='ocrx_word' id='word_1_312' title='bbox 1360 4475 1507 4529; x_wconf 66' lang='grc' dir='ltr'>ἐστιν</span> <span class='ocrx_word' id='word_1_313' title='bbox 1522 4476 1552 4527; x_wconf 84' lang='grc' dir='ltr'><strong>ὸ</strong></span> <span class='ocrx_word' id='word_1_314' title='bbox 1562 4473 1621 4526; x_wconf 86' lang='grc' dir='ltr'><strong>τὺ</strong></span> <span class='ocrx_word' id='word_1_315' title='bbox 1642 4472 1800 4544; x_wconf 83' lang='grc' dir='ltr'>σῶμα</span> 
     </span>
    </p>
   </div>
   <div class='ocr_carea' id='block_1_49' title="bbox 1797 4471 3464 4551">
    <p class='ocr_par' dir='ltr' id='par_1_49' title="bbox 1797 4471 3464 4546">
     <span class='ocr_line' id='line_1_49' title="bbox 1797 4471 3464 4546; baseline 0.006 -23"><span class='ocrx_word' id='word_1_316' title='bbox 1797 4512 1800 4523; x_wconf 89' lang='grc'><strong>,</strong></span> <span class='ocrx_word' id='word_1_317' title='bbox 1904 4472 2296 4541; x_wconf 80' lang='lat' dir='ltr'><strong>prudentiaque</strong></span> <span class='ocrx_word' id='word_1_318' title='bbox 2333 4487 2365 4527; x_wconf 82' lang='grc' dir='ltr'><strong>ιι</strong></span> <span class='ocrx_word' id='word_1_319' title='bbox 2401 4471 2513 4526; x_wconf 90' lang='lat' dir='ltr'><strong>Deo</strong></span> <span class='ocrx_word' id='word_1_320' title='bbox 2552 4483 2794 4543; x_wconf 91' lang='lat' dir='ltr'><strong>accepta,</strong></span> <span class='ocrx_word' id='word_1_321' title='bbox 2816 4482 2872 4529; x_wconf 88' lang='lat' dir='ltr'><strong>et</strong></span> <span class='ocrx_word' id='word_1_322' title='bbox 2903 4490 3006 4530; x_wconf 85' lang='lat' dir='ltr'><strong>usu</strong></span> <span class='ocrx_word' id='word_1_323' title='bbox 3038 4475 3323 4546; x_wconf 82' lang='lat' dir='ltr'><strong>studioque</strong></span> <span class='ocrx_word' id='word_1_324' title='bbox 3362 4493 3464 4533; x_wconf 89' lang='lat' dir='ltr'><strong>suo</strong></span> 
     </span>
    </p>
   </div>
   <div class='ocr_carea' id='block_1_50' title="bbox 243 4562 1910 4643">
    <p class='ocr_par' dir='ltr' id='par_1_50' title="bbox 243 4567 1910 4643">
     <span class='ocr_line' id='line_1_50' title="bbox 243 4567 1910 4643; baseline -0.007 -16"><span class='ocrx_word' id='word_1_325' title='bbox 243 4574 343 4627; x_wconf 78' lang='grc' dir='ltr'>καὶ</span> <span class='ocrx_word' id='word_1_326' title='bbox 361 4572 461 4643; x_wconf 81' lang='grc' dir='ltr'>τὴν</span> <span class='ocrx_word' id='word_1_327' title='bbox 483 4570 658 4642; x_wconf 73' lang='grc' dir='ltr'>ψυχὴν</span> <span class='ocrx_word' id='word_1_328' title='bbox 678 4570 1011 4641; x_wconf 55' lang='grc' dir='ltr'>κεκτημὺος</span> <span class='ocrx_word' id='word_1_329' title='bbox 1040 4571 1230 4625; x_wconf 84' lang='grc' dir='ltr'>ἀνοσον</span> <span class='ocrx_word' id='word_1_330' title='bbox 1255 4568 1355 4639; x_wconf 90' lang='lat' dir='ltr'><strong>(l).</strong></span> <span class='ocrx_word' id='word_1_331' title='bbox 1392 4567 1524 4637; x_wconf 74' lang='grc' dir='ltr'>μηδὲ</span> <span class='ocrx_word' id='word_1_332' title='bbox 1554 4568 1681 4636; x_wconf 80' lang='grc' dir='ltr'>μιᾶς</span> <span class='ocrx_word' id='word_1_333' title='bbox 1703 4567 1802 4635; x_wconf 70' lang='lat' dir='ltr'><strong>ip.-</strong></span> <span class='ocrx_word' id='word_1_334' title='bbox 1902 4580 1910 4612; x_wconf 70' lang='grc'><strong><em>4</em></strong></span> 
     </span>
    </p>
   </div>
   <div class='ocr_carea' id='block_1_51' title="bbox 1795 4562 3462 4643">
    <p class='ocr_par' dir='ltr' id='par_1_51' title="bbox 1795 4562 3462 4631">
     <span class='ocr_line' id='line_1_51' title="bbox 1795 4562 3462 4631; baseline 0.004 -16"><span class='ocrx_word' id='word_1_335' title='bbox 1795 4593 1802 4607; x_wconf 77' lang='grc' dir='ltr'><strong>ι</strong></span> <span class='ocrx_word' id='word_1_336' title='bbox 1902 4570 2212 4631; x_wconf 81' lang='lat' dir='ltr'><strong>comparata</strong></span> <span class='ocrx_word' id='word_1_337' title='bbox 2233 4576 2425 4616; x_wconf 84' lang='lat' dir='ltr'><strong>navem</strong></span> <span class='ocrx_word' id='word_1_338' title='bbox 2452 4576 2559 4616; x_wconf 88' lang='lat' dir='ltr'><strong>non</strong></span> <span class='ocrx_word' id='word_1_339' title='bbox 2585 4577 2616 4617; x_wconf 94' lang='lat' dir='ltr'><strong>e</strong></span> <span class='ocrx_word' id='word_1_340' title='bbox 2641 4562 2959 4619; x_wconf 87' lang='lat' dir='ltr'><strong>decumanis</strong></span> <span class='ocrx_word' id='word_1_341' title='bbox 2974 4562 3228 4622; x_wconf 82' lang='lat' dir='ltr'><strong>ﬂuctibus</strong></span> <span class='ocrx_word' id='word_1_342' title='bbox 3254 4575 3462 4623; x_wconf 82' lang='lat' dir='ltr'><strong>tantum</strong></span> 
     </span>
    </p>
   </div>
   <div class='ocr_carea' id='block_1_52' title="bbox 239 4654 1906 4734">
    <p class='ocr_par' dir='ltr' id='par_1_52' title="bbox 239 4655 1906 4734">
     <span class='ocr_line' id='line_1_52' title="bbox 239 4655 1906 4734; baseline -0.005 -19"><span class='ocrx_word' id='word_1_343' title='bbox 239 4664 512 4734; x_wconf 77' lang='grc' dir='ltr'>πλάστρου</span> <span class='ocrx_word' id='word_1_344' title='bbox 545 4662 675 4731; x_wconf 84' lang='grc' dir='ltr'>παρ’</span> <span class='ocrx_word' id='word_1_345' title='bbox 726 4661 903 4716; x_wconf 82' lang='grc' dir='ltr'>ἀλλων</span> <span class='ocrx_word' id='word_1_346' title='bbox 928 4662 991 4714; x_wconf 84' lang='grc' dir='ltr'><strong>τὺ</strong></span> <span class='ocrx_word' id='word_1_347' title='bbox 1021 4660 1279 4732; x_wconf 70' lang='grc' dir='ltr'><strong>⁴παράπαν</strong></span> <span class='ocrx_word' id='word_1_348' title='bbox 1330 4658 1599 4729; x_wconf 79' lang='grc' dir='ltr'>δεόμενος.</span> <span class='ocrx_word' id='word_1_349' title='bbox 1641 4655 1797 4709; x_wconf 83' lang='grc' dir='ltr'>Διδά-</span> <span class='ocrx_word' id='word_1_350' title='bbox 1902 4673 1906 4708; x_wconf 78' lang='grc' dir='ltr'><strong>ι</strong></span> 
     </span>
    </p>
   </div>
   <div class='ocr_carea' id='block_1_53' title="bbox 1766 4654 3433 4734">
    <p class='ocr_par' dir='ltr' id='par_1_53' title="bbox 1766 4654 3433 4729">
     <span class='ocr_line' id='line_1_53' title="bbox 1766 4654 3433 4729; baseline 0.007 -24"><span class='ocrx_word' id='word_1_351' title='bbox 1766 4683 1797 4705; x_wconf 72' lang='grc' dir='ltr'><strong>,ο</strong></span> <span class='ocrx_word' id='word_1_352' title='bbox 1902 4668 2142 4718; x_wconf 82' lang='lat' dir='ltr'><strong>servare,</strong></span> <span class='ocrx_word' id='word_1_353' title='bbox 2164 4655 2256 4708; x_wconf 89' lang='lat' dir='ltr'><strong>sed</strong></span> <span class='ocrx_word' id='word_1_354' title='bbox 2274 4668 2343 4710; x_wconf 76' lang='lat' dir='ltr'><strong>ex</strong></span> <span class='ocrx_word' id='word_1_355' title='bbox 2365 4654 2493 4710; x_wconf 92' lang='lat' dir='ltr'><strong>imis</strong></span> <span class='ocrx_word' id='word_1_356' title='bbox 2512 4671 2731 4724; x_wconf 86' lang='lat' dir='ltr'><strong>quoque</strong></span> <span class='ocrx_word' id='word_1_357' title='bbox 2752 4657 2976 4727; x_wconf 84' lang='lat' dir='ltr'><strong>gurgitis</strong></span> <span class='ocrx_word' id='word_1_358' title='bbox 2995 4658 3145 4713; x_wconf 87' lang='lat' dir='ltr'><strong>vadis</strong></span> <span class='ocrx_word' id='word_1_359' title='bbox 3164 4668 3342 4729; x_wconf 88' lang='lat' dir='ltr'><strong>potest</strong></span> <span class='ocrx_word' id='word_1_360' title='bbox 3356 4661 3433 4717; x_wconf 90' lang='lat' dir='ltr'><strong>eri</strong></span> 
     </span>
    </p>
   </div>
   <div class='ocr_carea' id='block_1_54' title="bbox 234 4746 1901 4825">
    <p class='ocr_par' dir='ltr' id='par_1_54' title="bbox 234 4748 1796 4825">
     <span class='ocr_line' id='line_1_54' title="bbox 234 4748 1796 4825; baseline -0.005 -17"><span class='ocrx_word' id='word_1_361' title='bbox 234 4753 433 4819; x_wconf 82' lang='grc' dir='ltr'>σκαλος</span> <span class='ocrx_word' id='word_1_362' title='bbox 455 4753 623 4816; x_wconf 73' lang='grc' dir='ltr'>ὅντως</span> <span class='ocrx_word' id='word_1_363' title='bbox 662 4753 809 4806; x_wconf 72' lang='grc' dir='ltr'>ἐστὶν</span> <span class='ocrx_word' id='word_1_364' title='bbox 839 4751 915 4825; x_wconf 76' lang='lat'><strong>(‘2)</strong></span> <span class='ocrx_word' id='word_1_365' title='bbox 935 4753 965 4804; x_wconf 80' lang='grc' dir='ltr'><strong>ὁ</strong></span> <span class='ocrx_word' id='word_1_366' title='bbox 982 4752 1174 4823; x_wconf 72' lang='grc' dir='ltr'>νωράν</span> <span class='ocrx_word' id='word_1_367' title='bbox 1187 4751 1367 4805; x_wconf 79' lang='grc' dir='ltr'>δέλτον</span> <span class='ocrx_word' id='word_1_368' title='bbox 1389 4748 1640 4818; x_wconf 76' lang='grc' dir='ltr'>γνώσεως</span> <span class='ocrx_word' id='word_1_369' title='bbox 1658 4748 1796 4801; x_wconf 83' lang='grc' dir='ltr'>Θεοῦ</span> 
     </span>
    </p>
   </div>
   <div class='ocr_carea' id='block_1_55' title="bbox 1796 4746 3463 4825">
    <p class='ocr_par' dir='ltr' id='par_1_55' title="bbox 1903 4746 3463 4822">
     <span class='ocr_line' id='line_1_55' title="bbox 1903 4746 3463 4822; baseline 0.008 -24"><span class='ocrx_word' id='word_1_370' title='bbox 1903 4760 2049 4814; x_wconf 86' lang='lat' dir='ltr'><strong>pere.</strong></span> <span class='ocrx_word' id='word_1_371' title='bbox 2073 4746 2307 4802; x_wconf 75' lang='lat' dir='ltr'><strong>Medicus</strong></span> <span class='ocrx_word' id='word_1_372' title='bbox 2336 4757 2441 4811; x_wconf 88' lang='lat' dir='ltr'><strong>est.</strong></span> <span class='ocrx_word' id='word_1_373' title='bbox 2483 4749 2575 4819; x_wconf 86' lang='lat' dir='ltr'><strong>qui</strong></span> <span class='ocrx_word' id='word_1_374' title='bbox 2608 4749 2678 4803; x_wconf 86' lang='lat' dir='ltr'><strong>ab</strong></span> <span class='ocrx_word' id='word_1_375' title='bbox 2709 4750 2894 4805; x_wconf 88' lang='lat' dir='ltr'><strong>animo</strong></span> <span class='ocrx_word' id='word_1_376' title='bbox 2934 4765 3269 4822; x_wconf 87' lang='lat' dir='ltr'><strong>corporeque</strong></span> <span class='ocrx_word' id='word_1_377' title='bbox 3295 4768 3463 4811; x_wconf 70' lang='lat' dir='ltr'><strong>sanus</strong></span> 
     </span>
    </p>
   </div>
   <div class='ocr_carea' id='block_1_56' title="bbox 230 4837 1897 4915">
    <p class='ocr_par' dir='ltr' id='par_1_56' title="bbox 230 4838 1873 4915">
     <span class='ocr_line' id='line_1_56' title="bbox 230 4838 1873 4915; baseline -0.005 -16"><span class='ocrx_word' id='word_1_378' title='bbox 230 4845 503 4915; x_wconf 83' lang='grc' dir='ltr'>δακτύλῳ,</span> <span class='ocrx_word' id='word_1_379' title='bbox 561 4846 727 4914; x_wconf 77' lang='grc' dir='ltr'>ἧγουν</span> <span class='ocrx_word' id='word_1_380' title='bbox 775 4842 1026 4915; x_wconf 71' lang='grc' dir='ltr'>ἐνεργείᾳ</span> <span class='ocrx_word' id='word_1_381' title='bbox 1084 4841 1402 4911; x_wconf 68' lang='grc' dir='ltr'>ἰλλάμψεως</span> <span class='ocrx_word' id='word_1_382' title='bbox 1444 4840 1504 4905; x_wconf 70' lang='grc' dir='ltr'><strong>ἐξ</strong></span> <span class='ocrx_word' id='word_1_383' title='bbox 1548 4838 1715 4894; x_wconf 78' lang='grc' dir='ltr'>αὑτοῦ</span> <span class='ocrx_word' id='word_1_384' title='bbox 1735 4839 1803 4892; x_wconf 80' lang='grc' dir='ltr'>δι’</span> <span class='ocrx_word' id='word_1_385' title='bbox 1830 4842 1873 4901; x_wconf 88' lang='lat' dir='ltr'><strong><em>C</em></strong></span> 
     </span>
    </p>
   </div>
   <div class='ocr_carea' id='block_1_57' title="bbox 1799 4837 3466 4915">
    <p class='ocr_par' dir='ltr' id='par_1_57' title="bbox 1799 4837 3466 4910">
     <span class='ocr_line' id='line_1_57' title="bbox 1799 4837 3466 4910; baseline 0.009 -22"><span class='ocrx_word' id='word_1_386' title='bbox 1799 4842 1873 4901; x_wconf 70' lang='grc' dir='ltr'><strong>ἀ</strong></span> <span class='ocrx_word' id='word_1_387' title='bbox 1903 4837 2218 4907; x_wconf 84' lang='lat' dir='ltr'><strong>valensque.</strong></span> <span class='ocrx_word' id='word_1_388' title='bbox 2246 4839 2395 4894; x_wconf 83' lang='lat' dir='ltr'><strong>nulla</strong></span> <span class='ocrx_word' id='word_1_389' title='bbox 2438 4855 2537 4910; x_wconf 84' lang='lat' dir='ltr'><strong>pro</strong></span> <span class='ocrx_word' id='word_1_390' title='bbox 2584 4855 2643 4895; x_wconf 84' lang='lat' dir='ltr'><strong>se</strong></span> <span class='ocrx_word' id='word_1_391' title='bbox 2687 4840 3022 4898; x_wconf 80' lang='lat' dir='ltr'><strong>medicabula</strong></span> <span class='ocrx_word' id='word_1_392' title='bbox 3063 4844 3281 4901; x_wconf 86' lang='lat' dir='ltr'><strong>aliunde</strong></span> <span class='ocrx_word' id='word_1_393' title='bbox 3324 4848 3466 4902; x_wconf 85' lang='lat' dir='ltr'><strong>desi-</strong></span> 
     </span>
    </p>
   </div>
   <div class='ocr_carea' id='block_1_58' title="bbox 232 4930 1899 5010">
    <p class='ocr_par' dir='ltr' id='par_1_58' title="bbox 232 4930 1899 5007">
     <span class='ocr_line' id='line_1_58' title="bbox 232 4930 1899 5007; baseline -0.006 -17"><span class='ocrx_word' id='word_1_394' title='bbox 232 4935 428 4991; x_wconf 80' lang='grc' dir='ltr'>ὲαυτοῦ</span> <span class='ocrx_word' id='word_1_395' title='bbox 460 4936 824 5007; x_wconf 78' lang='grc' dir='ltr'>κομισάμενος</span> <span class='ocrx_word' id='word_1_396' title='bbox 848 4975 864 4999; x_wconf 93' lang='grc'><strong>,</strong></span> <span class='ocrx_word' id='word_1_397' title='bbox 904 4934 997 4988; x_wconf 69' lang='grc' dir='ltr'><strong>καί⁸</strong></span> <span class='ocrx_word' id='word_1_398' title='bbox 1028 4932 1137 4986; x_wconf 81' lang='grc' dir='ltr'><strong>τῶν</strong></span> <span class='ocrx_word' id='word_1_399' title='bbox 1179 4930 1381 4985; x_wconf 74' lang='grc' dir='ltr'>λοιπῶν</span> <span class='ocrx_word' id='word_1_400' title='bbox 1408 4930 1604 5001; x_wconf 77' lang='grc' dir='ltr'>βίϐλων</span> <span class='ocrx_word' id='word_1_401' title='bbox 1648 4933 1803 4984; x_wconf 84' lang='grc' dir='ltr'>ἀνεν-</span> <span class='ocrx_word' id='word_1_402' title='bbox 1898 4966 1899 4969; x_wconf 61' lang='grc' dir='ltr'><strong>η</strong></span> 
     </span>
    </p>
   </div>
   <div class='ocr_carea' id='block_1_59' title="bbox 1797 4930 3464 5010">
    <p class='ocr_par' dir='ltr' id='par_1_59' title="bbox 1797 4931 3464 5010">
     <span class='ocr_line' id='line_1_59' title="bbox 1797 4931 3464 5010; baseline 0.007 -25"><span class='ocrx_word' id='word_1_403' title='bbox 1797 4958 1803 4968; x_wconf 71' lang='grc' dir='ltr'><strong>ι</strong></span> <span class='ocrx_word' id='word_1_404' title='bbox 1898 4931 2070 4986; x_wconf 86' lang='lat' dir='ltr'><strong>derat.</strong></span> <span class='ocrx_word' id='word_1_405' title='bbox 2100 4931 2302 4987; x_wconf 82' lang='lat' dir='ltr'><strong>Doctor</strong></span> <span class='ocrx_word' id='word_1_406' title='bbox 2336 4943 2423 4990; x_wconf 90' lang='lat' dir='ltr'><strong>est</strong></span> <span class='ocrx_word' id='word_1_407' title='bbox 2460 4936 2552 5004; x_wconf 90' lang='lat' dir='ltr'><strong>qui</strong></span> <span class='ocrx_word' id='word_1_408' title='bbox 2581 4938 2836 4993; x_wconf 85' lang='lat' dir='ltr'><strong>volumen</strong></span> <span class='ocrx_word' id='word_1_409' title='bbox 2879 4938 3244 5010; x_wconf 70' lang='lat' dir='ltr'><strong>intelligentiae</strong></span> <span class='ocrx_word' id='word_1_410' title='bbox 3273 4953 3327 4996; x_wconf 89' lang='lat' dir='ltr'><strong>et</strong></span> <span class='ocrx_word' id='word_1_411' title='bbox 3369 4957 3464 4997; x_wconf 90' lang='lat' dir='ltr'><strong>co-</strong></span> 
     </span>
    </p>
   </div>
   <div class='ocr_carea' id='block_1_60' title="bbox 232 5021 1899 5100">
    <p class='ocr_par' dir='ltr' id='par_1_60' title="bbox 232 5021 1801 5100">
     <span class='ocr_line' id='line_1_60' title="bbox 232 5021 1801 5100; baseline -0.007 -18"><span class='ocrx_word' id='word_1_412' title='bbox 232 5029 359 5100; x_wconf 74' lang='grc' dir='ltr'>ὂεὴς</span> <span class='ocrx_word' id='word_1_413' title='bbox 380 5027 700 5098; x_wconf 81' lang='grc' dir='ltr'>γενόμενος’</span> <span class='ocrx_word' id='word_1_414' title='bbox 726 5024 968 5097; x_wconf 73' lang='grc' dir='ltr'>ἀπρεπὲς</span> <span class='ocrx_word' id='word_1_415' title='bbox 990 5023 1347 5086; x_wconf 84' lang='grc' dir='ltr'>διδασκάλοις,</span> <span class='ocrx_word' id='word_1_416' title='bbox 1370 5021 1431 5087; x_wconf 68' lang='grc' dir='ltr'>ἐξ</span> <span class='ocrx_word' id='word_1_417' title='bbox 1454 5021 1801 5092; x_wconf 68' lang='grc' dir='ltr'>ἀντιγράφων</span> 
     </span>
    </p>
   </div>
   <div class='ocr_carea' id='block_1_61' title="bbox 1796 5021 3463 5100">
    <p class='ocr_par' dir='ltr' id='par_1_61' title="bbox 1796 5023 3463 5093">
     <span class='ocr_line' id='line_1_61' title="bbox 1796 5023 3463 5093; baseline 0.008 -19"><span class='ocrx_word' id='word_1_418' title='bbox 1796 5036 1801 5064; x_wconf 76' lang='grc' dir='ltr'><strong>ι</strong></span> <span class='ocrx_word' id='word_1_419' title='bbox 1902 5023 2161 5088; x_wconf 71' lang='lat' dir='ltr'><strong>gnitiouis</strong></span> <span class='ocrx_word' id='word_1_420' title='bbox 2204 5039 2236 5079; x_wconf 88' lang='lat' dir='ltr'><strong>a</strong></span> <span class='ocrx_word' id='word_1_421' title='bbox 2269 5023 2377 5080; x_wconf 86' lang='lat' dir='ltr'><strong>Deo</strong></span> <span class='ocrx_word' id='word_1_422' title='bbox 2405 5036 2708 5093; x_wconf 77' lang='lat' dir='ltr'><strong>exaratum,</strong></span> <span class='ocrx_word' id='word_1_423' title='bbox 2763 5028 2879 5083; x_wconf 83' lang='lat' dir='ltr'><strong>sive</strong></span> <span class='ocrx_word' id='word_1_424' title='bbox 2921 5029 3125 5085; x_wconf 68' lang='lat' dir='ltr'><strong>caelesti</strong></span> <span class='ocrx_word' id='word_1_425' title='bbox 3180 5031 3381 5086; x_wconf 87' lang='lat' dir='ltr'><strong>lumine</strong></span> <span class='ocrx_word' id='word_1_426' title='bbox 3409 5041 3463 5087; x_wconf 85' lang='lat' dir='ltr'><strong>et</strong></span> 
     </span>
    </p>
   </div>
   <div class='ocr_carea' id='block_1_62' title="bbox 231 5111 1898 5194">
    <p class='ocr_par' dir='ltr' id='par_1_62' title="bbox 231 5111 1800 5189">
     <span class='ocr_line' id='line_1_62' title="bbox 231 5111 1800 5189; baseline -0.005 -16"><span class='ocrx_word' id='word_1_427' title='bbox 231 5118 602 5180; x_wconf 66' lang='grc' dir='ltr'>ἐκωιὸεύειν,</span> <span class='ocrx_word' id='word_1_428' title='bbox 634 5118 729 5170; x_wconf 74' lang='grc' dir='ltr'>καὶ</span> <span class='ocrx_word' id='word_1_429' title='bbox 750 5116 1061 5189; x_wconf 71' lang='grc' dir='ltr'>ζωγράφοις</span> <span class='ocrx_word' id='word_1_430' title='bbox 1090 5117 1155 5170; x_wconf 71' lang='grc' dir='ltr'>ἐκ</span> <span class='ocrx_word' id='word_1_431' title='bbox 1183 5113 1493 5186; x_wconf 79' lang='grc' dir='ltr'>μεταϐόλων</span> <span class='ocrx_word' id='word_1_432' title='bbox 1543 5111 1800 5184; x_wconf 78' lang='grc' dir='ltr'>σημειοῦ-</span> 
     </span>
    </p>
   </div>
   <div class='ocr_carea' id='block_1_63' title="bbox 1796 5111 3463 5194">
    <p class='ocr_par' dir='ltr' id='par_1_63' title="bbox 1796 5116 3463 5194">
     <span class='ocr_line' id='line_1_63' title="bbox 1796 5116 3463 5194; baseline 0.007 -26"><span class='ocrx_word' id='word_1_433' title='bbox 1796 5142 1800 5153; x_wconf 77' lang='grc' dir='ltr'><strong>ι</strong></span> <span class='ocrx_word' id='word_1_434' title='bbox 1902 5116 2213 5184; x_wconf 78' lang='lat' dir='ltr'><strong>magisterio</strong></span> <span class='ocrx_word' id='word_1_435' title='bbox 2253 5116 2605 5186; x_wconf 83' lang='lat' dir='ltr'><strong>illustratum,</strong></span> <span class='ocrx_word' id='word_1_436' title='bbox 2634 5120 2705 5175; x_wconf 89' lang='lat' dir='ltr'><strong>ab</strong></span> <span class='ocrx_word' id='word_1_437' title='bbox 2741 5119 2930 5176; x_wconf 88' lang='lat' dir='ltr'><strong>eodem</strong></span> <span class='ocrx_word' id='word_1_438' title='bbox 2974 5121 3197 5177; x_wconf 84' lang='lat' dir='ltr'><strong>nurnine</strong></span> <span class='ocrx_word' id='word_1_439' title='bbox 3222 5124 3339 5193; x_wconf 88' lang='lat' dir='ltr'><strong>ipse</strong></span> <span class='ocrx_word' id='word_1_440' title='bbox 3366 5140 3463 5194; x_wconf 87' lang='lat' dir='ltr'><strong>per</strong></span> 
     </span>
    </p>
   </div>
   <div class='ocr_carea' id='block_1_64' title="bbox 233 5201 1900 5278">
    <p class='ocr_par' dir='ltr' id='par_1_64' title="bbox 233 5201 1803 5276">
     <span class='ocr_line' id='line_1_64' title="bbox 233 5201 1803 5276; baseline -0.005 -13"><span class='ocrx_word' id='word_1_441' title='bbox 233 5209 395 5263; x_wconf 89' lang='grc' dir='ltr'>σθαι·</span> <span class='ocrx_word' id='word_1_442' title='bbox 428 5209 603 5272; x_wconf 82' lang='grc' dir='ltr'>ὸτοὺς</span> <span class='ocrx_word' id='word_1_443' title='bbox 635 5208 785 5261; x_wconf 84' lang='grc' dir='ltr'>κάτω</span> <span class='ocrx_word' id='word_1_444' title='bbox 842 5207 1129 5276; x_wconf 68' lang='grc' dir='ltr'>παιδείων,</span> <span class='ocrx_word' id='word_1_445' title='bbox 1179 5205 1386 5261; x_wconf 86' lang='grc' dir='ltr'>ἀνωθεν</span> <span class='ocrx_word' id='word_1_446' title='bbox 1405 5207 1467 5258; x_wconf 80' lang='grc' dir='ltr'>ἐκ</span> <span class='ocrx_word' id='word_1_447' title='bbox 1496 5202 1589 5257; x_wconf 79' lang='grc' dir='ltr'>τοῦ</span> <span class='ocrx_word' id='word_1_448' title='bbox 1636 5201 1803 5274; x_wconf 78' lang='grc' dir='ltr'>ὕψους</span> 
     </span>
    </p>
   </div>
   <div class='ocr_carea' id='block_1_65' title="bbox 1795 5201 3462 5278">
    <p class='ocr_par' dir='ltr' id='par_1_65' title="bbox 1795 5206 3462 5278">
     <span class='ocr_line' id='line_1_65' title="bbox 1795 5206 3462 5278; baseline 0.006 -20"><span class='ocrx_word' id='word_1_449' title='bbox 1795 5221 1803 5266; x_wconf 84' lang='lat'><strong><em>;</em></strong></span> <span class='ocrx_word' id='word_1_450' title='bbox 1901 5220 1961 5259; x_wconf 82' lang='lat' dir='ltr'><strong>se</strong></span> <span class='ocrx_word' id='word_1_451' title='bbox 1987 5206 2214 5274; x_wconf 87' lang='lat' dir='ltr'><strong>accepit,</strong></span> <span class='ocrx_word' id='word_1_452' title='bbox 2254 5206 2540 5278; x_wconf 86' lang='lat' dir='ltr'><strong>alienaque</strong></span> <span class='ocrx_word' id='word_1_453' title='bbox 2567 5209 2872 5265; x_wconf 88' lang='lat' dir='ltr'><strong>eruditione</strong></span> <span class='ocrx_word' id='word_1_454' title='bbox 2898 5209 3014 5266; x_wconf 86' lang='lat' dir='ltr'><strong>sive</strong></span> <span class='ocrx_word' id='word_1_455' title='bbox 3044 5210 3199 5269; x_wconf 83' lang='lat' dir='ltr'><strong>libris</strong></span> <span class='ocrx_word' id='word_1_456' title='bbox 3230 5227 3340 5268; x_wconf 86' lang='lat' dir='ltr'><strong>non</strong></span> <span class='ocrx_word' id='word_1_457' title='bbox 3374 5214 3462 5268; x_wconf 80' lang='lat' dir='ltr'><strong>in-</strong></span> 
     </span>
    </p>
   </div>
   <div class='ocr_carea' id='block_1_66' title="bbox 227 5295 1894 5376">
    <p class='ocr_par' dir='ltr' id='par_1_66' title="bbox 227 5295 1797 5371">
     <span class='ocr_line' id='line_1_66' title="bbox 227 5295 1797 5371; baseline -0.004 -18"><span class='ocrx_word' id='word_1_458' title='bbox 227 5299 482 5354; x_wconf 83' lang='grc' dir='ltr'>διδάσκου</span> <span class='ocrx_word' id='word_1_459' title='bbox 505 5315 520 5330; x_wconf 86' lang='grc'><strong>·</strong></span> <span class='ocrx_word' id='word_1_460' title='bbox 545 5299 641 5353; x_wconf 75' lang='grc' dir='ltr'>καὶ</span> <span class='ocrx_word' id='word_1_461' title='bbox 671 5297 749 5369; x_wconf 86' lang='grc' dir='ltr'><strong>τῷ</strong></span> <span class='ocrx_word' id='word_1_462' title='bbox 806 5300 1041 5371; x_wconf 73' lang='grc' dir='ltr'>σχήματι</span> <span class='ocrx_word' id='word_1_463' title='bbox 1069 5297 1149 5368; x_wconf 83' lang='grc' dir='ltr'>τῷ</span> <span class='ocrx_word' id='word_1_464' title='bbox 1178 5295 1422 5367; x_wconf 76' lang='grc' dir='ltr'>αἰσθητῷ</span> <span class='ocrx_word' id='word_1_465' title='bbox 1466 5295 1555 5349; x_wconf 75' lang='grc' dir='ltr'><strong>τὸν</strong></span> <span class='ocrx_word' id='word_1_466' title='bbox 1607 5295 1797 5367; x_wconf 69' lang='grc' dir='ltr'>ἕτερον</span> 
     </span>
    </p>
   </div>
   <div class='ocr_carea' id='block_1_67' title="bbox 1795 5295 3462 5376">
    <p class='ocr_par' dir='ltr' id='par_1_67' title="bbox 1795 5295 3462 5376">
     <span class='ocr_line' id='line_1_67' title="bbox 1795 5295 3462 5376; baseline 0.007 -26"><span class='ocrx_word' id='word_1_467' title='bbox 1795 5314 1797 5330; x_wconf 68' lang='grc' dir='ltr'>ν</span> <span class='ocrx_word' id='word_1_468' title='bbox 1901 5295 2067 5367; x_wconf 80' lang='lat' dir='ltr'><strong>diget.</strong></span> <span class='ocrx_word' id='word_1_469' title='bbox 2100 5296 2281 5368; x_wconf 78' lang='lat' dir='ltr'><strong>Turpe</strong></span> <span class='ocrx_word' id='word_1_470' title='bbox 2318 5310 2403 5355; x_wconf 87' lang='lat' dir='ltr'><strong>est</strong></span> <span class='ocrx_word' id='word_1_471' title='bbox 2440 5300 2700 5373; x_wconf 86' lang='lat' dir='ltr'><strong>magistro</strong></span> <span class='ocrx_word' id='word_1_472' title='bbox 2752 5316 2815 5357; x_wconf 74' lang='lat' dir='ltr'><strong>es</strong></span> <span class='ocrx_word' id='word_1_473' title='bbox 2871 5304 3213 5375; x_wconf 86' lang='lat' dir='ltr'><strong>transcriptis</strong></span> <span class='ocrx_word' id='word_1_474' title='bbox 3253 5306 3462 5376; x_wconf 80' lang='lat' dir='ltr'><strong>paginis</strong></span> 
     </span>
    </p>
   </div>
   <div class='ocr_carea' id='block_1_68' title="bbox 238 5388 1905 5464">
    <p class='ocr_par' dir='ltr' id='par_1_68' title="bbox 238 5388 1905 5462">
     <span class='ocr_line' id='line_1_68' title="bbox 238 5388 1905 5462; baseline -0.002 -19"><span class='ocrx_word' id='word_1_475' title='bbox 238 5390 491 5445; x_wconf 77' lang='grc' dir='ltr'>παιδεύου</span> <span class='ocrx_word' id='word_1_476' title='bbox 520 5392 619 5462; x_wconf 66' lang='grc'><strong>(5)*</strong></span> <span class='ocrx_word' id='word_1_477' title='bbox 654 5390 730 5462; x_wconf 80' lang='grc' dir='ltr'>μὴ</span> <span class='ocrx_word' id='word_1_478' title='bbox 764 5390 1025 5444; x_wconf 74' lang='grc' dir='ltr'>ἐπιλάθου</span> <span class='ocrx_word' id='word_1_479' title='bbox 1054 5388 1149 5443; x_wconf 82' lang='grc' dir='ltr'><strong>τοῦ</strong></span> <span class='ocrx_word' id='word_1_480' title='bbox 1188 5389 1488 5458; x_wconf 77' lang='grc' dir='ltr'>φάσκοντος</span> <span class='ocrx_word' id='word_1_481' title='bbox 1514 5406 1527 5419; x_wconf 91' lang='grc'><strong>·</strong></span> <span class='ocrx_word' id='word_1_482' title='bbox 1553 5391 1674 5441; x_wconf 80' lang='grc' dir='ltr'><strong>Οὐκ</strong></span> <span class='ocrx_word' id='word_1_483' title='bbox 1692 5388 1794 5441; x_wconf 78' lang='grc' dir='ltr'><strong>ἀπ’</strong></span> <span class='ocrx_word' id='word_1_484' title='bbox 1904 5416 1905 5427; x_wconf 61' lang='grc' dir='ltr'><strong>ι</strong></span> 
     </span>
    </p>
   </div>
   <div class='ocr_carea' id='block_1_69' title="bbox 1794 5388 3461 5464">
    <p class='ocr_par' dir='ltr' id='par_1_69' title="bbox 1904 5388 3461 5464">
     <span class='ocr_line' id='line_1_69' title="bbox 1904 5388 3461 5464; baseline 0.006 -21"><span class='ocrx_word' id='word_1_485' title='bbox 1904 5388 2227 5445; x_wconf 83' lang='lat' dir='ltr'><strong>documenta</strong></span> <span class='ocrx_word' id='word_1_486' title='bbox 2258 5392 2491 5457; x_wconf 87' lang='lat' dir='ltr'><strong>tradere,</strong></span> <span class='ocrx_word' id='word_1_487' title='bbox 2522 5402 2677 5462; x_wconf 87' lang='lat' dir='ltr'><strong>turpe</strong></span> <span class='ocrx_word' id='word_1_488' title='bbox 2700 5393 2892 5464; x_wconf 89' lang='lat' dir='ltr'><strong>pictori</strong></span> <span class='ocrx_word' id='word_1_489' title='bbox 2934 5409 3000 5450; x_wconf 76' lang='lat' dir='ltr'><strong>ex</strong></span> <span class='ocrx_word' id='word_1_490' title='bbox 3042 5396 3235 5452; x_wconf 78' lang='lat' dir='ltr'><strong>alienis</strong></span> <span class='ocrx_word' id='word_1_491' title='bbox 3265 5398 3461 5453; x_wconf 80' lang='lat' dir='ltr'><strong>tabulis</strong></span> 
     </span>
    </p>
   </div>
   <div class='ocr_carea' id='block_1_70' title="bbox 232 5482 1899 5561">
    <p class='ocr_par' dir='ltr' id='par_1_70' title="bbox 232 5482 1796 5553">
     <span class='ocr_line' id='line_1_70' title="bbox 232 5482 1796 5553; baseline -0.002 -16"><span class='ocrx_word' id='word_1_492' title='bbox 232 5482 580 5551; x_wconf 74' lang='grc' dir='ltr'>ἀνθρώπων,</span> <span class='ocrx_word' id='word_1_493' title='bbox 618 5484 761 5538; x_wconf 79' lang='grc' dir='ltr'><strong>οὐδὲ</strong></span> <span class='ocrx_word' id='word_1_494' title='bbox 778 5483 878 5538; x_wconf 83' lang='grc' dir='ltr'>,δι’</span> <span class='ocrx_word' id='word_1_495' title='bbox 919 5482 1243 5551; x_wconf 78' lang='grc' dir='ltr'>ἀνθρώπων</span> <span class='ocrx_word' id='word_1_496' title='bbox 1292 5482 1392 5553; x_wconf 81' lang='grc' dir='ltr'>τὴν</span> <span class='ocrx_word' id='word_1_497' title='bbox 1448 5482 1796 5536; x_wconf 84' lang='grc' dir='ltr'>διδασκαλίαν</span> 
     </span>
    </p>
   </div>
   <div class='ocr_carea' id='block_1_71' title="bbox 1797 5482 3464 5561">
    <p class='ocr_par' dir='ltr' id='par_1_71' title="bbox 1904 5483 3464 5561">
     <span class='ocr_line' id='line_1_71' title="bbox 1904 5483 3464 5561; baseline 0.008 -26"><span class='ocrx_word' id='word_1_498' title='bbox 1904 5496 2032 5537; x_wconf 84' lang='lat' dir='ltr'><strong>suas</strong></span> <span class='ocrx_word' id='word_1_499' title='bbox 2062 5483 2388 5540; x_wconf 81' lang='lat' dir='ltr'><strong>describere.</strong></span> <span class='ocrx_word' id='word_1_500' title='bbox 2424 5484 2527 5551; x_wconf 75' lang='lat' dir='ltr'><strong>Qui</strong></span> <span class='ocrx_word' id='word_1_501' title='bbox 2571 5485 2855 5544; x_wconf 78' lang='lat' dir='ltr'><strong>inferiores</strong></span> <span class='ocrx_word' id='word_1_502' title='bbox 2895 5488 3079 5553; x_wconf 75' lang='lat' dir='ltr'><strong>doces,</strong></span> <span class='ocrx_word' id='word_1_503' title='bbox 3104 5504 3135 5544; x_wconf 75' lang='grc' dir='ltr'><strong>ιι</strong></span> <span class='ocrx_word' id='word_1_504' title='bbox 3171 5492 3464 5561; x_wconf 52' lang='lat' dir='ltr'><strong>superiori-</strong></span> 
     </span>
    </p>
   </div>
   <div class='ocr_carea' id='block_1_72' title="bbox 308 5663 836 5734">
    <p class='ocr_par' dir='ltr' id='par_1_72' title="bbox 308 5663 836 5734">
     <span class='ocr_line' id='line_1_72' title="bbox 308 5663 836 5734; baseline 0.013 -17"><span class='ocrx_word' id='word_1_505' title='bbox 308 5676 335 5703; x_wconf 76' lang='grc' dir='ltr'>ι</span> <span class='ocrx_word' id='word_1_506' title='bbox 369 5663 556 5722; x_wconf 76' lang='lat' dir='ltr'><strong>Matth.</strong></span> <span class='ocrx_word' id='word_1_507' title='bbox 602 5685 722 5734; x_wconf 75' lang='lat' dir='ltr'><strong>xu,</strong></span> <span class='ocrx_word' id='word_1_508' title='bbox 746 5668 836 5723; x_wconf 74' lang='lat'><strong>30.</strong></span> 
     </span>
    </p>
   </div>
   <div class='ocr_carea' id='block_1_73' title="bbox 303 5780 1970 5853">
    <p class='ocr_par' dir='ltr' id='par_1_73' title="bbox 303 5780 1970 5853">
     <span class='ocr_line' id='line_1_73' title="bbox 303 5780 1970 5853; baseline 0.003 -20"><span class='ocrx_word' id='word_1_509' title='bbox 303 5780 322 5812; x_wconf 79' lang='grc'>⁸</span> <span class='ocrx_word' id='word_1_510' title='bbox 356 5780 463 5837; x_wconf 71' lang='grc' dir='ltr'>Διίί</span> <span class='ocrx_word' id='word_1_511' title='bbox 491 5782 652 5840; x_wconf 82' lang='lat' dir='ltr'><strong>codd.</strong></span> <span class='ocrx_word' id='word_1_512' title='bbox 682 5801 764 5848; x_wconf 84' lang='grc' dir='ltr'><strong>τις</strong></span> <span class='ocrx_word' id='word_1_513' title='bbox 788 5783 925 5841; x_wconf 77' lang='grc' dir='ltr'>ἐστι.</span> <span class='ocrx_word' id='word_1_514' title='bbox 957 5783 1035 5853; x_wconf 86' lang='lat' dir='ltr'><strong>(a)</strong></span> <span class='ocrx_word' id='word_1_515' title='bbox 1063 5781 1198 5840; x_wconf 75' lang='lat' dir='ltr'><strong>Vide</strong></span> <span class='ocrx_word' id='word_1_516' title='bbox 1225 5782 1284 5838; x_wconf 91' lang='lat' dir='ltr'><strong>D.</strong></span> <span class='ocrx_word' id='word_1_517' title='bbox 1324 5784 1609 5851; x_wconf 77' lang='lat' dir='ltr'><strong>Augustin.</strong></span> <span class='ocrx_word' id='word_1_518' title='bbox 1646 5782 1739 5839; x_wconf 90' lang='lat' dir='ltr'><strong>lib.</strong></span> <span class='ocrx_word' id='word_1_519' title='bbox 1794 5800 1852 5840; x_wconf 88' lang='grc' dir='ltr'>ιι.</span> <span class='ocrx_word' id='word_1_520' title='bbox 1902 5783 1970 5838; x_wconf 76' lang='grc' dir='ltr'><strong>σε</strong></span> 
     </span>
    </p>
   </div>
   <div class='ocr_carea' id='block_1_74' title="bbox 937 5780 2604 5853">
    <p class='ocr_par' dir='ltr' id='par_1_74' title="bbox 957 5780 2604 5853">
     <span class='ocr_line' id='line_1_74' title="bbox 957 5780 2604 5853; baseline 0.001 -17"><span class='ocrx_word' id='word_1_521' title='bbox 957 5781 1198 5853; x_wconf 76' lang='lat' dir='ltr'><strong>(a)\v’ide</strong></span> <span class='ocrx_word' id='word_1_522' title='bbox 1225 5782 1284 5838; x_wconf 90' lang='lat' dir='ltr'><strong>D.</strong></span> <span class='ocrx_word' id='word_1_523' title='bbox 1324 5784 1609 5851; x_wconf 78' lang='lat' dir='ltr'><strong>Augustin.</strong></span> <span class='ocrx_word' id='word_1_524' title='bbox 1646 5782 1739 5839; x_wconf 93' lang='lat' dir='ltr'><strong>lib.</strong></span> <span class='ocrx_word' id='word_1_525' title='bbox 1794 5800 1852 5840; x_wconf 88' lang='grc' dir='ltr'>ιι.</span> <span class='ocrx_word' id='word_1_526' title='bbox 1902 5783 2030 5841; x_wconf 76' lang='lat' dir='ltr'><strong>Ceu.</strong></span> <span class='ocrx_word' id='word_1_527' title='bbox 2082 5786 2152 5841; x_wconf 82' lang='lat' dir='ltr'><strong>ad</strong></span> <span class='ocrx_word' id='word_1_528' title='bbox 2201 5780 2307 5851; x_wconf 62' lang='lat' dir='ltr'><strong>lit,</strong></span> <span class='ocrx_word' id='word_1_529' title='bbox 2360 5803 2472 5853; x_wconf 73' lang='lat' dir='ltr'><strong>mp.</strong></span> <span class='ocrx_word' id='word_1_530' title='bbox 2518 5783 2604 5838; x_wconf 65' lang='grc' dir='ltr'><strong>ιε.</strong></span> 
     </span>
    </p>
   </div>
  </div>
