4222 6448
800 351 936 415 ῙῙὸἿ

2055 347 2112 406 S.
2152 347 2467 408 JOANNIS
2501 350 2678 410 C'LIM
2687 352 2801 410 AC1

3894 363 4043 427 1168

804 462 907 514 bus
937 473 999 510 ex
1033 458 1142 509 alto
1177 455 1425 518 doceare,
1469 469 1567 504 nec
1601 467 1694 522 per
1723 468 1968 513 sensum.
1999 455 2092 508 sed
2114 455 2363 522 spiritum
2397 465 2440 519 Α

2397 465 2440 519 Α
2471 457 2759 511 παιδεύων.
2796 463 2868 512 Οὐ
2902 461 3008 532 γὰρ
3039 462 3246 532 πέφυκε
3277 463 3342 518 τὰ
3369 467 3536 532 κάτω,
3567 470 3635 519 τὰ
3660 477 3836 540 χαμαὶ
3868 472 4039 544 θερα-

803 545 1207 615 instituare(a).
1234 543 1350 597 Non
1378 554 1428 598 te
1461 544 1630 612 lugiat
1679 544 1808 598 illud
1849 542 2000 599 Pauli
2048 563 2062 597 :
2115 544 2238 598 Non
2292 547 2358 598 ab

801 641 1116 704 hominibus,
1147 653 1307 706 neque
1368 651 1458 703 per
1495 635 1754 690 hominem
1801 635 2100 690 doctrinam
2135 637 2358 690 docens.

789 731 968 786 'Tcrra
1001 745 1106 784 non
1133 728 1332 783 excolit
1357 726 1554 780 cmlum
1584 744 1598 781 :
1627 727 1958 797 gubernator
2001 729 2208 796 peritus
2243 742 2358 782 ser-

801 833 891 877 vat
935 821 1175 892 puppim,
1231 828 1415 888 pastor
1471 817 1645 874 bonus
1711 818 2090 888 intelligentem
2146 833 2360 888 gregem

803 923 1014 968 recreat
1053 921 1108 966 et
1150 918 1325 964 curat.
1356 908 1478 975 Quo
1511 918 1696 979 pastor
1723 909 2170 978 obsequentiores
2204 910 2362 965 habet

802 1022 953 1072 oves,
984 1005 1087 1059 hoc
1109 1003 1434 1056 severiorem
1495 1003 1560 1054 de
1603 999 1713 1056 illis
1755 1001 2130 1070 patrifamilias
2179 1002 2361 1056 reddet

801 1099 1088 1153 rationem.
1137 1093 1300 1166 565
1342 1092 1481 1146 Oves
1533 1102 1811 1147 cessantes
1872 1102 1927 1146 ct
1966 1093 2078 1146 otio
2126 1094 2363 1163 luxuque

801 1191 1103 1246 dililuentes
1153 1190 1434 1243 verborum
1466 1187 1700 1242 convitio
1733 1187 2028 1242 cverbcrct.
2076 1187 2172 1242 Est
2212 1190 2357 1242 enim

800 1296 854 1338 ct
876 1287 977 1339 hoc
998 1283 1108 1336 veri
1131 1279 1361 1350 pastoris
1377 1278 1706 1349 symbolum,
1733 1278 1779 1331 si
1811 1287 1947 1338 tum.
1970 1295 2092 1332 eum
2119 1287 2357 1333 armenta

788 1395 864 1448 ex
894 1376 1102 1430 ardoris
1122 1380 1279 1436 :estu,
1313 1386 1408 1426 seu
1440 1371 1616 1439 potius
1645 1371 1886 1440 corporis
1918 1372 2204 1434 incendiis,
2231 1387 2360 1441 cou-

804 1471 985 1523 uivere
1009 1466 1190 1520 animo
1218 1463 1503 1533 incipiunt,
1535 1463 1792 1516 attentius
1823 1479 1922 1532 pro
1961 1464 2064 1519 illis
2089 1472 2143 1519 et
2165 1463 2358 1518 arden-

803 1563 911 1616 tius
931 1561 984 1612 in
1011 1559 1209 1612 caelum
1241 1559 1480 1610 intentus
1513 1555 1714 1625 vigilet.
1761 1556 1951 1610 Solent
1994 1557 2140 1610 enim
2178 1557 2230 1610 in
2269 1557 2360 1610 illo

802 1655 1012 1709 fervore
1067 1665 1171 1704 non
1221 1661 1406 1717 pauca:
1437 1661 1566 1702 oves
1595 1663 1624 1700 a
1656 1647 1799 1718 lupis
1824 1648 2240 1717 (Acheronticis)
2277 1650 2361 1704 di-

803 1746 906 1815 ripi
935 1754 990 1798 et
1022 1741 1287 1797 devorari.
1325 1741 1389 1792 Et
1418 1754 1546 1794 vero
1575 1754 1699 1793 cum
1761 1739 1815 1793 iu
1875 1740 1967 1793 illo
2015 1740 2249 1795 incendii
2280 1742 2359 1795 la-

2467 547 2652 599 πεύειν
2684 552 2813 602 ποτέ
2848 567 2860 579 ·
2885 553 3084 619 ἀγαθὸς
3113 556 3454 628 κυϐερνήτης
3497 558 3753 613 διασώσει
3801 563 3993 618 πλοῖον

2468 639 2560 692 καὶ
2581 640 2746 704 καλὸς
2796 643 3000 714 ποιμὴν
3044 645 3368 716 ζωοποιήσει
3394 649 3492 702 καὶ
3544 650 3756 705 ίὰσεται
3782 654 3853 706 τὰ
3872 659 4043 725 νοερὰ

2467 729 2733 799 πρόϐατα.
2768 731 2904 785 Καθ’
2936 733 3058 786 ὅσον
3081 736 3149 787 τᾶ
3169 737 3416 806 πρόϐατα
3467 728 3687 810 ποιμένι
3732 744 4039 815 ἁπαραλεί-

2467 840 2613 885 mm;
2643 825 2993 894 προκόψαντα
3015 828 3390 898 ἀκολουθοῦσι,
3429 834 3570 886 κατὰ
3597 836 3849 891 τοσοῦτον
3891 840 4042 912 ὑπὲρ

2466 913 2642 966 αὐτῶν
2662 914 2739 985 τῷ
2771 917 3120 990 οἰκοδεσπότῃ
3148 920 3569 993 ἀπολογήσεται.
3629 926 3909 993 Λιθαζέτω
3956 933 4042 1001 τῷ

2467 1006 2652 1076 λόγῳό
2678 1009 2882 1079 ποιμὴν
2916 1010 3009 1063 καὶ
3029 1013 3099 1065 τὰ
3125 1015 3184 1080 ἐξ
3237 1015 3497 1086 ὀκνηρίας
3527 1019 3560 1089 ἢ
3589 1025 4039 1092 γαστριμαργίας

2465 1095 2804 1166 ἁπομένοντα
2852 1099 3101 1168 πρόϐατα
3131 1118 3146 1130 ·
3176 1103 3290 1156 ἔστι
3335 1106 3443 1176 γὰρ
3481 1109 3578 1160 καὶ
3627 1109 3788 1162 τοῦτο
3824 1107 4037 1179 ἁῨαθοῦ

2467 1186 2720 1256 ποιμένος
2801 1192 3119 1259 τεκμήριον,
3165 1195 3365 1246 ὁπόταν
3414 1195 3482 1248 τὰ
3535 1197 3781 1268 πρόϐατα
3839 1204 3906 1255 ὲκ
3936 1191 4038 1257 τού

2466 1278 2707 1348 φλογμοῦ
2737 1280 2830 1334 τοῦ
2855 1283 3154 1352 καύματος,
3194 1287 3392 1353 μᾶλλον
3421 1288 3478 1340 δὲ
3505 1290 3600 1342 τοῦ
3634 1293 3909 1362 σώματοζ,
3940 1314 4034 1346 νυ-

2467 1372 2681 1434 στάζειν
2715 1376 2779 1442 τῇ
2828 1373 2972 1445 ψυχῇ
3011 1375 3284 1446 ἄρξονται,
3317 1379 3438 1431 τότε
3485 1381 3856 1453 σφοδροτέρους
3892 1385 4038 1455 ὑπὲρ

2465 1463 2642 1516 αὐτῶν
2692 1465 2826 1535 πρὸς
2867 1466 2958 1519 τὸν
3003 1468 3227 1537 οὐρανὸν
3265 1470 3409 1539 ὁρῶν
3433 1471 3463 1522 ὁ
3494 1473 3696 1542 ποιμὴν
3753 1478 4033 1546 γρηγορή-

2466 1569 2628 1605 σειεν.
2677 1551 2912 1608 Εἱὼθασι
2949 1556 3059 1626 γὰρ
3101 1559 3246 1611 κατὰ
3267 1558 3359 1612 τὸν
3401 1562 3592 1632 καιρὸν
3633 1563 3724 1616 τοῦ
3753 1567 4034 1629 καύσωνος

2466 1643 2696 1707 ἐκείνου,
2753 1644 2922 1698 πολλὰ
2980 1646 3300 1717 λυκόϐρωτα
3357 1649 3629 1718 γίνεσθαι·
3661 1651 3802 1723 πλὴν
3843 1656 3893 1705 εί
3941 1660 4033 1707 καὶ

2467 1733 2601 1784 αὐτὰ
2624 1736 2759 1787 κατὰ
2781 1736 2873 1788 τὸν
2909 1736 3065 1798 me;
3079 1738 3137 1789 ἐν
3167 1741 3280 1802 τοῖς
3309 1739 3599 1809 προϐάτοις
3634 1744 3912 1814 ὁρώμενον
3942 1747 4031 1797 τύ-

803 1840 935 1892 hom
983 1832 1243 1907 [ardore],
1279 1832 1347 1886 ad
1376 1832 1595 1885 modqu
1637 1831 1728 1900 qui
1768 1833 2005 1885 exterius
2033 1843 2255 1902 apparet
2303 1835 2356 1888 in
2395 1835 2470 1891 B‘

2395 1835 2434 1891 Β
2463 1842 2581 1888 πον,
2615 1827 2714 1896 τὴν
2743 1829 2986 1898 κεφαλὴν
3014 1831 3110 1899 τῆς
3140 1831 3321 1900 ψυχῆς
3347 1836 3406 1888 ἐν
3439 1835 3516 1905 τῷ
3544 1837 3722 1906 καιρῷ
3773 1836 3870 1889 τοῦ
3899 1837 4023 1906 φλο-

801 1931 994 1984 ovibus
1016 1927 1190 1995 capita
1213 1927 1520 1978 animorum
1545 1924 1868 1993 proclinant,
1888 1932 2049 1991 atque
2073 1925 2125 1978 iu
2158 1935 2355 1980 terram
2456 1931 2468 1982 Ἰ

2324 1942 2355 1980 η
2456 1915 2596 1984 γμοῦ
2620 1918 2771 1970 κάτω
2801 1920 2879 1982 εἰς
2906 1921 3010 1989 γῆν
3041 1923 3308 1976 ιλίνουσιν
3325 1926 3424 1994 (4),
3446 1927 3638 1998 ἔχομεν
3657 1927 3750 1980 τὸν
3770 1929 3991 1981 εἰπόντα

802 2023 1142 2090 promittunt,
1169 2017 1431 2072 habemus
1455 2017 1546 2086 qui
1572 2032 1671 2070 nos
1695 2017 1918 2070 soletur.
1951 2016 2057 2071 Cor
2077 2019 2360 2073 conn-imm
2453 2011 2469 2061 1

2453 2008 2717 2076 Καρδίαν
2757 2017 3277 2085 συντετριμμένην
3324 2019 3425 2070 καὶ
3453 2019 3972 2087 τεταπεινωμένην
3998 2023 4030 2070 «ξ

798 2126 848 2169 et
875 2115 1212 2168 Immiliatnm
1261 2110 1397 2164 Deus
1444 2125 1546 2162 non
1575 2109 1817 2174 despiciet
1838 2109 1936 2178 (ε).
1968 2108 2198 2174 Quando
2230 2125 2360 2180 ergo
2456 2112 2465 2150 ⁴

2359 2141 2360 2151 η
2456 2102 2600 2167 Θεὸς
2643 2104 2753 2157 οὐκ
2780 2105 3172 2169 ἐξουδενώσει
3198 2125 3213 2139 ·
3246 2111 3464 2173 σκοτίας
3494 2112 3588 2164 καὶ
3619 2113 3811 2174 νυκτὸς
3842 2113 4024 2167 παθῶε,

799 2208 946 2276 gregi
995 2203 1464 2275 perturbationum
1513 2200 1681 2254 animi
1717 2209 1771 2253 et
1821 2208 2202 2270 tempestatum
2250 2216 2357 2256 nox
2454 2208 2466 2242 π

2454 2192 2864 2266 καταλαϐούσης
2885 2198 2982 2262 τὴν
3007 2200 3264 2271 ποίμνην,
3295 2203 3444 2274 δριζε
3469 2204 3740 2272 ἀκινήτως
3766 2205 3860 2256 τὸν
3894 2203 4027 2256 κύνει

801 2298 1019 2351 incubat
1050 2305 1189 2357 atra,
1222 2293 1532 2361 cmlumque
1561 2305 1722 2344 omne
1759 2292 2212 2356 contenebrescit,
2242 2300 2354 2346 tum
2461 2301 2468 2318 ‘

2461 2285 2598 2354 πρὸς
2630 2285 2782 2347 Θεὸν.
2819 2290 2902 2349 si:
2941 2289 3040 2358 τὴν
3089 2294 3408 2364 νυκτερινὴν
3462 2293 3708 2366 φυλακήν
3733 2313 3747 2327 ο
3776 2295 3932 2348 οὐδὲν
3969 2297 4026 2348 δὲ

797 2401 986 2441 canem
1016 2387 1135 2440 sine
1177 2382 1409 2438 tumultu
1454 2379 1660 2436 colloca
1710 2380 1764 2433 in
1820 2391 2141 2435 nocturnam
2175 2391 2356 2437 custo-
2462 2405 2464 2424 ι

2462 2379 2686 2440 ἀπεικὸς
2738 2379 2828 2431 τὸν
2883 2381 2975 2433 σὺν
3027 2381 3151 2436 νοῦν
3195 2386 3406 2452 νοήσεις
3449 2388 3539 2442 τὸν
3583 2389 3877 2458 ἁναιρέτην
3923 2388 4029 2439 τῶν

797 2479 965 2541 diam,
992 2476 1083 2546 qui
1111 2475 1327 2530 assidue
1355 2474 1552 2529 clamet
1587 2473 1652 2527 ad
1698 2473 1884 2529 Deum.
1919 2471 2027 2526 Nec
2052 2487 2181 2527 vero
2235 2487 2359 2541 pro-
2466 2471 2688 2543 θηρίων.

799 2570 886 2624 cul
940 2568 1244 2632 aberrabis,
1321 2566 1367 2622 si
1442 2565 1684 2621 animum
1742 2575 1894 2620 tuutn
1946 2565 2125 2637 (quasi
2182 2564 2411 2619 alterum
2450 2564 2762 2634 llerculem)
2809 2575 3178 2623 monstrorum
3239 2579 3293 2624 et
3364 2570 3604 2626 ferarum
3659 2576 4027 2628 coniectorem

799 2661 1160 2719 existimabis.

2982 2773 3088 2826 ΕΙΣ
3123 2773 3373 2828 ΚΕΦΑΔ.
3407 2774 3480 2828 Λ’.

1408 2889 1660 2943 Scholion
1696 2889 1748 2942 1.
3071 2923 3075 2934 ι

3071 2882 3330 2949 Σχόλιον
3351 2887 3426 2937 a'.

864 2985 1079 3057 Corpus
1103 2998 1294 3039 sanum
1326 2982 1417 3037 hic
1445 2997 1553 3036 non
1581 2981 1862 3051 intelligit,
1903 2980 2047 3050 quod
2091 2995 2158 3035 ex
2181 2987 2358 3034 muta-
2529 3013 2531 3021 ι

2529 2970 2694 3041 Σῶμα
2738 2971 2930 3025 ἄνοσον
2986 2971 3220 3026 ἐνταῦθά
3269 2990 3459 3044 φησιν,
3491 2974 3551 3027 ού
3581 2979 3642 3028 τὸ
3682 2981 3761 3047 μὴ
3820 2993 4033 3048 πασχον

799 3078 948 3134 tione
969 3085 1065 3132 aut
1095 3075 1488 3130 elementorum
1529 3071 1892 3127 redundantia
1925 3070 2104 3126 nullos
2141 3064 2363 3125 morbos
2459 3084 2466 3116 ι

2459 3063 2743 3119 ἀσθένειαν
2762 3067 2827 3117 ἐκ
2852 3069 3232 3138 παρατροπῆς,
3255 3067 3290 3138 ἢ
3314 3066 3657 3138 πλεονασμοῦ
3686 3068 3795 3122 τῶν
3825 3086 4030 3124 συστα-

797 3169 1120 3226 contrahere
1145 3166 1300 3231 solet,
1329 3165 1422 3220 sed
1439 3164 1584 3234 quod
1611 3178 1804 3220 omnes
1820 3177 2016 3234 pravas
2041 3163 2362 3232 cupiditates
2388 3177 2432 3236 ο
2462 3179 2464 3190 ι

2359 3181 2362 3212 ι
2388 3177 2432 3236 c
2462 3156 2632 3210 τικῶν
2679 3157 2955 3228 στοιχείων
2978 3173 2991 3186 ·
3031 3157 3167 3212 ἀλλὰ
3195 3159 3257 3211 τὸ
3283 3158 3648 3230 ἐκδυσάμενον
3694 3161 3795 3224 τὰς
3832 3163 4026 3215 ἐπιθυο

799 3272 856 3317 et
903 3260 1206 3330 voluptates
1251 3256 1555 3327 repudiavit
1605 3265 1660 3311 et
1723 3256 1918 3321 exuit,
1968 3268 2202 3324 quicque
2260 3253 2361 3308 has
2463 3277 2466 3317 ;

2463 3250 2594 3320 μίας
2611 3249 2710 3314 τὰς
2745 3250 3057 3321 ⁴ἡδυτιταθείς,
3083 3249 3180 3304 καὶ
3206 3250 3306 3322 τὴν
3324 3251 3389 3303 ἐκ
3429 3251 3636 3306 τούτων
3674 3253 3904 3324 φθοράν.
3939 3255 4029 3319 Ὧς

801 3353 1080 3424 sequitur,
1129 3351 1511 3420 corruptelam.
1559 3348 2029 3415 Quemadmodum
2087 3346 2251 3400 etiam
2304 3345 2360 3398 in
2462 3343 2468 3394 ἰ

2462 3341 2567 3413 ἔφη
2603 3343 2696 3395 καὶ
2721 3344 2779 3396 ἐν
2810 3343 2889 3413 τῷ
2913 3344 3050 3414 Περὶ
3091 3343 3389 3408 ἀπαθείας·
3412 3347 3496 3399 δτι
3548 3345 3764 3417 ἀπαθὴς
3823 3347 4032 3418 κυρίως

803 3445 972 3514 gradu
1022 3443 1092 3498 de
1134 3441 1523 3510 tranquillitate
1576 3439 1744 3494 animi
1793 3437 1998 3493 docuit.
2047 3435 2203 3492 illum
2243 3449 2364 3490 esse
2462 3436 2470 3486 ί

2358 3453 2364 3487 ι
2462 3434 2630 3500 ἐστὶν,
2647 3435 2676 3487 ὁ
2710 3435 2810 3505 τὴν
2833 3436 3012 3506 σάρκα
3042 3436 3142 3505 μὲν
3164 3436 3664 3509 ἀφθαρτοποιήσας,
3692 3439 3784 3492 τὸν
3811 3439 3869 3493 δὲ
3898 3439 4025 3494 νοῦν

803 3536 1016 3608 proprie
1044 3535 1300 3590 victorem
1329 3533 1683 3603 cupiditatum
1717 3531 1982 3596 omnium,
2017 3531 2111 3601 qui
2157 3545 2360 3600 corpus
2461 3543 2470 3560 '

1494 3533 1683 3588 italum
1717 3531 1982 3596 omnium,
2017 3531 2111 3601 qui
2157 3545 2360 3600 corpus
2461 3525 2560 3593 τῆς
2598 3525 2827 3590 κτίσεως
2849 3525 3158 3594 ἀνυψώσας.

1393 2773 1458 2828 ΙΝ
1513 2773 1664 2828 CAP.
1729 2775 1769 2829 l.

801 3632 870 3684 ad
894 3627 1356 3697 incorruptionem
1387 3624 1603 3680 reduxit
1630 3633 1686 3680 ct
1708 3623 1955 3678 animum
1996 3636 2164 3691 supra
2201 3632 2363 3677 natu-

799 3737 920 3777 ram
949 3729 1186 3776 creatam
1211 3719 1413 3775 evexit.

1416 3808 1666 3865 Scholion
1691 3810 1746 3864 2.

873 3903 978 3972 Qui
1007 3917 1114 3957 non
1143 3901 1372 3956 docetur
1396 3916 1425 3954 a
1449 3899 1582 3966 Deo,
1616 3900 1710 3954 sed
1751 3899 1934 3954 adhuc
1957 3907 2173 3954 terrena
2201 3895 2360 3966 sapit,

3021 3797 3273 3864 Σχόλιον
3303 3799 3383 3860 β’.

2543 3890 2603 3942 Ὀ
2661 3888 2736 3957 μὴ
2788 3887 2992 3940 ἄνωθεν
3031 3887 3416 3958 διδασκόμενος
3439 3930 3454 3953 ,
3485 3889 3622 3942 ἀλλὰ
3667 3889 3759 3941 καὶ
3787 3886 3860 3941 τὰ
3878 3893 4032 3944 κάτω

802 3996 1076 4067 quomodo
1118 3993 1222 4048 sibi
1261 3993 1466 4048 similes
1511 3991 1676 4063 466
1717 3993 1932 4046 curabit
1967 4012 1980 4045 :
2016 3989 2198 4044 δαείω
2223 3989 2365 4042 enim
2464 3984 2469 4030 Ι

2364 4029 2365 4033 η
2464 3982 2544 4034 ἔτι
2576 3980 2808 4052 φρονῶν,
2843 3980 2958 4042 πῶς
2989 3981 3112 4041 τοὺς
3131 3981 3350 4049 ὁμοίους
3373 3981 3581 4034 ἰάσεται
3605 3997 3617 4009 ’
3636 3982 3869 4048 Τυφλὸς
3893 3983 4031 4050 γὰρ,

800 4093 847 4145 si
888 4105 1024 4144 croco
1069 4091 1317 4141 ducatum
1367 4096 1616 4153 prwstct,
1669 4084 1912 4137 amboin
1973 4083 2172 4150 foveam
2232 4081 2364 4133 inci-

795 4183 919 4237 dent
937 4193 989 4236 ε.

1407 4267 1650 4326 Saltolion
1699 4270 1752 4325 5.

869 4363 1114 4418 Alterum
1167 4363 1282 4418 sive
1330 4360 1608 4432 spiritualc
1648 4377 1662 4416 :
1705 4359 2166 4430 quemadmodum
2213 4369 2360 4409 enim

2465 4071 2617 4140 φησι,
2647 4068 2878 4138 τυφλὸν
2903 4071 3011 4124 ἐὰν
3033 4068 3248 4138 ὁδηγῇ,
3283 4071 3600 4139 ἀμφότεροι
3626 4073 3710 4135 εἰς
3753 4073 4032 4133 ,βόθυνον

2465 4162 2885 4232 ἐμπεσοῦνται.

3043 4257 3302 4324 Σχόλιον
3325 4263 3394 4325 τ’.

2534 4349 2606 4402 Τὸ
2674 4348 2860 4418 ’ἕτερον
2885 4391 2899 4414 ,
2927 4351 3094 4420 ἤγουν
3133 4347 3195 4400 τὸ
3246 4351 3613 4419 πνευματικόν
3636 4366 3651 4381 ·
3680 4351 3756 4414 ὡς
3803 4351 3916 4423 γὰρ
3964 4354 4030 4405 σὺ

799 4465 857 4510 ιιι
887 4455 1184 4526 discipulos
1219 4454 1381 4510 doces
1437 4467 1531 4522 per
1577 4466 1822 4515 sensum,
1869 4451 1941 4506 ita
1970 4457 2045 4515 te,
2080 4448 2243 4515 Deus,
2269 4461 2364 4516 per
2401 4524 2414 4526 A
2465 4463 2466 4470 η

2362 4465 2364 4475 ι
2401 4524 2414 4526 4
2465 4444 2588 4505 τοὺς
2636 4440 2884 4526 μαθητᾲς
2925 4440 3200 4504 παιδεύεις
3245 4442 3542 4514 αίσθητῶς,
3599 4445 3770 4508 οὕτως
3825 4446 3924 4497 καὶ
3968 4447 4029 4499 σὲ

803 4555 1060 4603 mentem.

1411 4834 1635 4895 CAPUT
1683 4834 1749 4890 ll.

2395 4524 2439 4581 Ι)
2467 4531 2668 4604 νοητῶς
2688 4532 2717 4585 ὁ
2746 4521 2892 4596 Θεός.

3029 4825 3278 4879 ΚΕΦΑΛ.
3315 4825 3386 4880 B'.

1639 4924 1865 4994 Largius
1891 4926 2169 4993 exponitur
2197 4923 2385 4978 medici
2411 4931 2460 4976 et
2491 4917 2861 4973 emnobiarclia:
2886 4917 3193 4971 similitudo.

877 5019 1175 5090 Benignum
1209 5032 1342 5072 sane
1366 5032 1563 5072 numen
1599 5025 1654 5072 et
1686 5016 1788 5072 hoc
1817 5026 2026 5072 natura!
2051 5015 2266 5082 indidit,
2308 5025 2368 5070 ut

801 5125 963 5182 aeger,
1016 5109 1267 5180 quamvis
1304 5123 1336 5161 a
1386 5108 1596 5163 medico
1636 5107 1869 5162 tortasse
1915 5105 2052 5161 nihil
2102 5107 2223 5174 opis
2267 5119 2358 5158 ac-

2527 5012 2747 5075 Φύσεως
2805 5011 2998 5081 ἰδίωμα
3053 5011 3145 5064 καὶ
3184 5010 3340 5065 τοῦτο
3381 5012 3411 5063 ὁ
3464 5009 3664 5080 ἀγαθὸς
3715 5011 3876 5082 ἡμῶν
3933 5031 4026 5067 πε-

2465 5106 2658 5174 ποίηκε
2690 5102 2924 5172 Κύριος,
2951 5101 3032 5154 ἵνα
3065 5101 3155 5154 τὸν
3191 5103 3374 5173 ἰατρὸν
3403 5101 3590 5174 ὀρῶνὸ
3610 5101 3780 5156 νοσῶν
3797 5104 4026 5174 εὐφραί·

801 5211 1092 5272 cepturus,
1147 5207 1368 5270 aspectu
1415 5207 1594 5254 tamen
1635 5200 1755 5268 ipso
1792 5209 1846 5252 et
1889 5197 2171 5266 praesentia
2215 5195 2362 5251 illius
2463 5217 2468 5232 ε

2352 5212 2362 5250 ι
2463 5214 2620 5266 νηται
2645 5194 2750 5264 (tr
2788 5192 2937 5257 ἴσως,
2964 5193 3013 5244 εί
3041 5194 3136 5247 καὶ
3166 5193 3332 5263 μηδὲν
3363 5196 3488 5265 παρ’
3512 5193 3672 5249 αὑτοῦ
3703 5195 4019 5265 ὠφελεῖται·

804 5296 1104 5344 recreetur.
1144 5286 1211 5341 Et
1231 5296 1287 5341 tu
1311 5285 1391 5340 vir
1413 5285 1770 5343 admiratione
1793 5285 1986 5340 merito
2001 5283 2363 5354 suspiciende,

805 5374 891 5430 [ac
913 5384 974 5430 ut
1001 5384 1309 5442 comparata
1351 5374 1554 5428 habeas
1606 5373 2024 5428 medicaminum
2073 5369 2358 5424 amuleta:

799 5466 1361 5536 emplastraﬁnquam,
1376 5464 2094 5534 vulneraria,cataplasmata
2114 5471 2168 5518 et
2186 5462 2366 5532 pulve-

875 5643 1100 5699 bGaIat.
1131 5661 1167 5711 I,
1207 5646 1260 5700 5.
1338 5657 1359 5679 ⁴τ
1417 5642 1559 5699 Psal.
1616 5643 1782 5709 1.,19.
1857 5642 1884 5681 ιι
1913 5641 2099 5696 Matth.
2132 5659 2219 5706 xv,
2260 5644 2346 5698 lt.

2465 5283 2698 5350 κέκτησο
2743 5281 2838 5333 καὶ
2883 5282 2968 5345 σὺ,
2997 5273 3044 5334 ὦ
3081 5281 3372 5352 θαυμάσιε,
3421 5283 3777 5355 ἓμπλαστρα,
3838 5287 4021 5358 ξηρία,

2469 5372 2770 5441 κολλούρια,
2803 5370 2962 5439 ποτὰ,
3010 5373 3304 5442 σπόγγους,
3361 5377 3642 5444 ἁναυσίαν,
3689 5377 4018 5448 φλεδότομα,

2472 5459 2807 5531 καυστῆρας,
2835 5459 3168 5534 ἀλείμματα,
3187 5465 3522 5538 ύπνωτήρια,
3545 5469 3842 5540 μάχαιραν,
3869 5486 4020 5524 κατα-

871 5757 952 5823 (α)
1021 5755 1086 5810 Et
1141 5759 1195 5810 in
1237 5761 1404 5813 forma
1456 5756 1692 5813 sensibili
1753 5773 1808 5809 tu
1856 5772 1918 5812 co
1960 5756 2100 5827 quod
2152 5773 2258 5810 non
2310 5768 2387 5812 est
2440 5762 2690 5818 sensibile
2747 5765 3046 5819 instituere.
