4222 6448
206 392 344 457 1169

1391 400 1624 460 ΜΒΕῆ
1656 401 1755 463 AD
1791 403 2204 463 PASTOREM.

3294 403 3428 469 H70

201 499 452 576 εέσμους.
486 505 548 559 Εί
571 505 627 558 δὲ
655 505 860 558 τούτων
903 506 1234 576 ἀποροῦμεν,
1263 507 1389 570 πῶς
1405 508 1504 576 τὴν
1544 508 1764 579 ἐπιστή-

1801 515 1840 571 Α
1869 525 1976 576 res,
1997 508 2244 580 collyria,
2269 511 2634 580 purgationes,
2659 514 2933 584 spongias,
2955 512 3219 570 anausian
3239 525 3444 571 contra.

205 615 317 670 μην
370 598 769 668 ἐνδειξώμεθας
805 598 1069 667 Οὐδαμῶς
1091 614 1103 627 ο
1135 600 1198 652 οὺ
1251 598 1358 669 γὰρ
1404 598 1598 666 λόγων,
1646 599 1762 653 ἀλλ’

201 690 379 760 ἔργων
404 691 457 744 οἱ
484 691 665 762 μισθοὶ
687 691 915 745 δίδονται
937 690 1427 762 (9.).Ἔμπλαστρόν
1449 695 1595 745 ἔστιν
1623 692 1765 756 ἴασις

203 780 394 836 παθῶν
435 782 749 853 ὁρωμένων,
801 783 971 853 ἤγουν
1029 784 1374 854 σωματικῶν.
1415 786 1570 847 Δόσις
1618 785 1766 838 ἐστὶν

206 873 352 937 ίασις
387 873 571 927 παθῶν
596 874 701 926 τῶν
730 873 900 938 ιντὸς,
931 873 1023 927 καὶ
1047 873 1270 937 κένωσις
1318 873 1490 944 ῥύπου
1511 874 1764 944 ἀοράτου.

201 963 401 1035 Ξηρίον
424 964 544 1017 ἐστὶ
583 963 776 1030 ἀτιμία
800 965 1090 1028 δάκνουσα,
1121 965 1213 1018 καί⁵
1243 965 1472 1036 οἰήσεως
1499 964 1768 1034 σηπεδόνα

206 1055 598 1123 θεραπεύουσα.
632 1054 958 1126 Κολλούριόν
995 1056 1143 1108 ἐστιν
1177 1055 1255 1125 (5)
1286 1053 1563 1125 ὀφθαλμοῦ
1593 1056 1770 1126 ψυχῆς

204 1145 326 1208 νοὸς
353 1144 635 1215 κάθαρσις,
668 1145 733 1198 ἐκ
758 1145 1033 1208 θολώσεως
1054 1145 1224 1215 θυμοῦ
1243 1145 1624 1216 ταραχθέντος,
1666 1147 1770 1199 Ilo-

205 1235 300 1290 τόν
331 1236 446 1290 ἐστι
482 1235 758 1306 στύφουσα
777 1237 1087 1306 ἑπίπληξις,
1113 1239 1206 1292 καὶ
1241 1237 1358 1308 μετ’
1394 1238 1573 1306 ὀλίγον
1605 1237 1768 1307 θερα-

209 1328 470 1382 πεύουσα.
529 1327 859 1398 Φλεὸότομόν
901 1329 1018 1382 ἐστι
1054 1328 1316 1400 σύντομος
1363 1329 1589 1391 κένωσις
1635 1329 1771 1394 ὀζω-

209 1419 330 1484 δίας
353 1420 594 1490 ἀφανοῦς
621 1437 635 1452 ⁸
655 1420 984 1491 ιρλεὸότομόν
1005 1424 1122 1475 ἐστι
1142 1421 1346 1493 κυρίως
1373 1421 1660 1493 ὲπιτατικὴ
1676 1421 1770 1476 καὶ

207 1513 481 1586 ἀπότομος
538 1515 781 1580 ἑπένεξις
832 1517 912 1580 είς
963 1516 1232 1588 σωτηρίαν
1293 1516 1402 1570 τῶν
1452 1514 1766 1572 νοσούντων.

212 1603 460 1672 Σπόγγος
489 1605 639 1660 ἐστὶν
663 1607 698 1676 ἡ
735 1605 878 1674 μετά
919 1605 1018 1678 τὴν
1068 1606 1425 1678 φλεδοτομίαν
1445 1607 1480 1678 ἢ
1521 1623 1770 1679 χειρουρο

210 1693 358 1760 γίαν,
390 1693 479 1747 διὰ
499 1695 783 1767 προσηνῶν
816 1696 908 1749 καὶ
954 1695 1131 1764 ἠπίων
1187 1696 1360 1762 λόγων
1398 1695 1495 1749 καὶ
1547 1695 1769 1750 ἁπαλῶν

126 1787 131 1792 ’
210 1783 305 1835 τοῦ
342 1784 524 1855 ἰατροῦ
561 1786 619 1837 ὲν
653 1783 730 1855 τῷ
760 1785 999 1840 νοσοῦντι
1042 1786 1304 1857 θεραπεία
1323 1787 1418 1840 καὶ
1449 1787 1766 1857 κατάψυξις.

198 1874 438 1945 ,Καυτήρ
457 1877 478 1907 ¹
503 1877 647 1930 ἐστιν
667 1877 790 1948 ὄρος
817 1877 913 1930 καὶ
941 1877 1208 1948 ἐπιτίμιον
1231 1879 1310 1942 είς
1331 1878 1614 1948 μετάνοιαν
1634 1877 1769 1948 πρὸς

211 1965 402 2033 χρόνον
455 1964 727 2036 διδόμενον
769 1967 1194 2038 φιλανθρώπως·
1246 1968 1485 2038 ἄλειμμά
1538 1970 1706 2031 ἐστιν,
1734 1968 1768 2038 ἡ

219 2055 359 2124 μετά
377 2055 466 2110 τὸν
493 2059 796 2130 καυτῆραῆ
830 2059 918 2112 διὰ
944 2059 1123 2128 λόγου,
1155 2059 1296 2128 ἤδιά
1323 2061 1525 2130 μικρᾶς
1588 2073 1767 2130 παρα·

212 2146 456 2217 κλήσεως
488 2149 829 2222 ἐπιτιθεμένη
851 2149 928 2221 τῷ
947 2151 1188 2205 νοσοῦντι
1203 2150 1541 2222 παραμυθία.
1557 2151 1767 2204 ’Υπνω-

208 2239 362 2292 τικόν
423 2241 536 2294 ἐστι
581 2241 641 2296 τὸ
673 2242 889 2313 φορτίον
933 2243 1025 2295 τοῦ
1087 2242 1326 2314 ὑπηκόου
1379 2241 1767 2307 ἀναδέξασθαι,

211 2329 308 2383 καὶ
343 2329 434 2384 διὰ
470 2332 568 2401 τῆς
615 2332 895 2403 ὑποταγῆς
938 2334 1243 2389 ἀνάπαυσιν
1287 2333 1438 2404 αὐτῷ
1467 2333 1562 2387 καὶ⁵
1602 2333 1771 2386 ῦπνον

211 2420 436 2486 άῦπνον,
459 2423 553 2476 καὶ
578 2421 848 2493 τύφλωσιν
866 2424 1018 2477 ὁσίαν
1057 2422 1152 2477 τοῦ
1189 2424 1264 2493 μὴ
1303 2423 1522 2496 βλέπειν
1547 2423 1618 2478 τὰ
1643 2424 1768 2478 ἑαυη

210 2511 309 2564 τοῦ
342 2511 484 2566 καλὰ
515 2513 860 2585 χαρίσασθαι.
907 2514 1252 2586 Κατάδεσμοί
1279 2515 1407 2579 εἰσι.
1431 2515 1558 2578 τοὺς
1585 2517 1651 2585 τῇ
1680 2531 1771 2568 κε-

212 2605 421 2677 νοδοξία
446 2607 797 2678 ἐκλυομένους
819 2609 912 2663 καὶ
939 2608 1404 2680 κεχαυνωμένους,
1433 2608 1526 2663 καὶ
1556 2606 1623 2661 δι’
1646 2609 1772 2662 ὑπο·

215 2699 383 2767 μονῆς
409 2697 514 2762 ’ἑως
547 2698 773 2754 θανάτου
822 2699 1074 2770 στερεοῦν
1119 2700 1214 2753 καὶ
1241 2700 1608 2769 ἐπισφίγγειν.
1667 2698 1771 2752 Τὲο

215 2785 309 2850 λος
328 2787 384 2840 δὲ
411 2787 626 2841 πάντων
684 2789 930 2859 μάχαιρά
977 2791 1124 2843 ἐστιν
1180 2790 1305 2860 ὄρος
1349 2789 1445 2843 καὶ
1496 2788 1772 2858 ἀπόφασις

215 2878 311 2933 ἐπὶ
341 2880 546 2952 ἐκτομῇ
586 2879 944 2951 νεκρωθέντος
993 2883 1237 2953 ψυχικῶς
1297 2881 1487 2951 μέλους
1507 2882 1600 2935 καὶ
1621 2897 1772 2952 σεση·

214 2968 398 3036 πότος,
428 2969 515 3024 ἶνα
550 2971 624 3040 μὴ
659 2972 884 3035 καὶτοῖς
933 2973 1135 3036 λοιποῖς
1181 2976 1279 3043 τὴν
1326 2972 1530 3026 οἰκείαν
1582 2971 1774 3042 ψώραν

216 3059 536 3129 μεταδώσει.
581 3063 843 3132 Μακαρία
885 3063 1139 3127 ἀναυσία,
1203 3063 1262 3116 ἐν
1316 3063 1518 3133 ἰατροῖς
1565 3062 1661 3116 καλ⁸
1715 3064 1774 3114 ὲν

1866 609 2220 657 nauseantem
2249 603 2616 670 stomachum,
2654 604 3016 674 phlebotoma,
3042 605 3356 661 adustiones
3376 617 3431 663 et

1864 693 2124 760 cauteria,
2140 702 2439 764 unguenta,
2461 695 2750 766 Itypnotica
2771 693 2887 752 sive
2903 697 3198 768 soporifera
3214 697 3430 768 pocula,

1866 786 2070 841 ferrum
2088 785 2456 856 cbirurgieum
2476 797 2532 842 et
2551 789 2787 844 vincula.
2812 788 3024 856 Quibus
3049 790 3097 845 si
3119 804 3429 856 careamus,

1866 874 2236 945 poterimusne
2267 884 2506 931 nostram
2531 879 2831 933 inedicandi
2862 880 3146 934 scientiam
3180 887 3432 934 testatam

1867 965 2078 1022 facere?
2109 967 2331 1022 minime
2354 982 2481 1023 vero
2508 985 2523 1022 :
2552 986 2726 1042 neque
2739 971 2886 1026 enim
2911 974 3088 1028 verbis
3108 971 3433 1036 medici,sed

1868 1060 2024 1118 iactis
2066 1071 2124 1118 et
2155 1062 2531 1120 curationibus
2556 1077 2793 1121 sostrum
2833 1076 2890 1122 et
2915 1082 3132 1124 marces.
3159 1066 3433 1138 penditur.

1872 1153 2231 1224 Emplastrum
2256 1163 2342 1210 est
2361 1155 2575 1212 curatio
2607 1147 2744 1212 mali.
2764 1159 2816 1212 in
2850 1173 3076 1230 corpore
3095 1159 3434 1229 apparentia,

1871 1246 1973 1302 hoc
1999 1256 2079 1301 est
2100 1255 2408 1316 apertorum
2449 1248 2616 1303 animi
2645 1247 2916 1305 vitiorum.
2943 1250 3171 1305 Dosiset
3196 1248 3436 1305 aleetio-

1870 1355 2000 1394 num
2024 1337 2342 1395 interiorum
2368 1339 2638 1394 medicina
2657 1382 2674 1407 ,
2699 1341 2815 1397 sive
2841 1343 3082 1397 sordium
3111 1341 3434 1397 latentitium

1867 1441 1922 1486 et
1942 1432 2168 1489 seritinre
2201 1431 2518 1488 exinanitio.
2543 1433 2883 1502 Cataplasma
2907 1443 2992 1490 est
3019 1434 3276 1490 mordens
3315 1434 3436 1488 ani-

1870 1554 2017 1594 mum
2037 1538 2333 1595 eonvitium
2355 1547 2410 1593 et
2433 1537 2778 1602 contumelia,
2796 1539 2998 1609 quibus
3021 1538 3447 1594 existimationis.

1871 1629 2239 1687 insoleutioris
2255 1637 2417 1700 putor
2436 1637 2659 1686 curatur
2683 1644 2748 1684 ac
2769 1629 3114 1686 rescinditur.
3140 1630 3438 1702 Collyrium

1869 1733 1951 1780 cst
1972 1723 2322 1794 pharmacum
2353 1738 2460 1794 quo
2493 1722 2690 1780 mentis
2707 1722 2897 1780 oculus
2919 1738 2988 1780 ex
3019 1723 3114 1779 irae
3141 1723 3374 1781 turbinis
3387 1733 3442 1779 et

1801 1846 1844 1906 Β
1871 1816 2109 1888 pulveris
2151 1817 2294 1872 nube
2350 1817 2709 1873 conturbatus
2745 1826 3122 1887 perpurgatur.
3164 1815 3322 1872 Potio
3358 1827 3442 1872 est

1869 1932 2202 1986 amarulenta
2219 1932 2527 2001 objurgatio
2550 1932 2692 2000 (qua:
2707 1946 2770 1985 cx
2792 1947 3038 1986 amarore
3063 1931 3294 2000 primum
3319 1946 3440 2000 per-

1867 2024 2326 2091 cellitnaturam),
2372 2039 2535 2092 quam
2583 2023 2743 2093 paulo
2771 2033 2890 2094 post
2929 2025 3176 2095 sequitur
3206 2024 3443 2079 curatio.

1869 2113 2282 2171 Plilebotomum
2331 2112 2492 2186 467
2523 2123 2607 2170 est
2643 2115 2838 2169 occulti
2887 2115 3012 2170 mali
3060 2114 3440 2185 c0mpendiesa

1867 2208 2166 2264 evacuatio.
2184 2207 2585 2262 Pblebotomum
2610 2207 2824 2278 proprie
2842 2218 2924 2263 est
2940 2207 3170 2263 violenta
3185 2219 3240 2263 et
3261 2208 3440 2264 subita

1869 2301 1950 2356 vis
1970 2300 2037 2356 ad
2064 2315 2330 2371 aegrorum
2356 2299 2585 2356 salutem
2616 2299 2938 2370 excogitata.
2968 2300 3216 2373 Spongia
3241 2308 3326 2357 est
3352 2301 3441 2356 clii

1869 2393 2038 2464 rnrgi,
2054 2401 2178 2464 post
2192 2409 2342 2449 venae
2357 2393 2439 2450 vel
2455 2392 2682 2448 membri
2698 2392 2926 2464 alicujus
2941 2393 3256 2461 sectionem,
3274 2393 3411 2450 lenis
3422 2423 3441 2434 -

1868 2487 2063 2552 oratio,
2099 2495 2154 2542 et
2185 2485 2335 2542 mitis
2363 2486 2713 2556 humanaque
2749 2485 3112 2558 compellatio,
3144 2501 3249 2558 qua
3287 2486 3443 2543 dolor

1869 2577 2442 2650 regrozquodammodo
2466 2578 2815 2650 abstergitur.
2859 2580 3087 2635 Causter
3118 2589 3201 2635 est
3221 2580 3440 2635 decreta

1872 2672 1960 2741 (ab
1973 2671 2229 2741 Ecclesia)
2247 2688 2476 2728 censura
2492 2681 2546 2728 et
2559 2687 2717 2743 poena
2734 2673 2800 2727 ad
2821 2683 3028 2728 certum
3046 2682 3259 2744 tempus
3277 2673 3443 2727 tlellll‘

1871 2763 2058 2834 quenti
2095 2764 2163 2818 ad
2191 2764 2569 2835 paenitentiam
2603 2765 2896 2820 clementer
2931 2765 3190 2837 irrogata.
3241 2762 3439 2828 Unctio

1870 2866 1972 2924 est,
2025 2867 2149 2928 post
2181 2853 2311 2912 ferri
2355 2857 2636 2914 candentis
2680 2857 3106 2924 ustulationem,
3153 2856 3304 2912 verbi
3341 2871 3438 2912 seu

1875 2952 2052 3008 brevis
2085 2952 2154 3006 ad
2182 2967 2386 3022 aegrum
2407 2950 2805 3006 adhortationis
2823 2951 3146 3007 consolatio.
3179 2949 3442 3022 llypnoti-

1872 3063 1996 3102 cum
2013 3056 2096 3104 est
2121 3046 2417 3117 soporifera
2445 3047 2614 3118 potio,
2646 3065 2755 3121 qua
2783 3049 3032 3120 subjecto
3059 3064 3200 3105 onus
3233 3049 3442 3104 releva-

215 3152 558 3222 προεστῶσιν
599 3154 838 3208 ἀπάθεια
867 3170 881 3185 ο
913 3155 962 3208 ot
995 3154 1093 3224 μὲν
1124 3156 1231 3224 γὰρ
1259 3153 1334 3224 μὴ
1361 3153 1686 3216 ναυσιῶντες
1715 3155 1766 3206 ὲν

1801 3185 1843 3241 c
1876 3150 1984 3205 tur,
2023 3149 2077 3194 et
2105 3155 2200 3211 per
2221 3140 2576 3207 subiectionis
2595 3151 2650 3196 et
2666 3142 2783 3214 jugi
2805 3142 3190 3197 relaxationem
3215 3157 3444 3198 somnus

213 3244 367 3316 πάσῃ
397 3245 622 3310 ὀξωδίας
650 3245 913 3317 θεραπείᾳ
953 3247 1161 3308 ἀόκνως
1210 3247 1650 3316 ἐπιχειρήσουσιν
1675 3261 1690 3277 ·
1723 3245 1766 3298 o!

1808 3233 1843 3241 '
1874 3233 2162 3314 insomnis,
2189 3243 2248 3288 et.
2269 3233 2517 3303 religiosa
2551 3237 2789 3300 czecitas,
2813 3250 2880 3290 ne
2901 3235 3158 3306 praeclara
3179 3249 3276 3289 sua
3299 3233 3442 3289 facta

213 3335 271 3387 δὲ
300 3336 486 3390 πᾶσαν
531 3337 859 3406 τεθνηκυῖαν
894 3336 1072 3406 ψυχὴν
1097 3328 1398 3404 ἀναστῆσαι
1435 3336 1766 3407 δυνήσονται.

1873 3326 2093 3388 sentiat,
2136 3326 2460 3381 conciliatur
2504 3340 2570 3382 ac
2617 3334 2986 3398 comparatur.
3012 3323 3215 3382 Fascia:
3248 3324 3440 3399 [κατάσ-

215 3423 328 3476 Καὶ
354 3423 492 3496 αὕτη
523 3425 622 3496 μία
668 3425 771 3480 τῶν
814 3426 979 3482 αὐτοῦ
1028 3426 1348 3500 προσευχῶν
1375 3425 1470 3480 τοῦ
1506 3443 1766 3498 προεστη-

1873 3417 2093 3491 δεσμοι]
2116 3417 2331 3473 vincula
2363 3427 2507 3480 sunt,
2530 3417 2732 3489 quibus
2774 3432 2910 3472 vana
2952 3427 3229 3487 turgentes
3271 3416 3442 3489 gloria

215 3514 374 3579 κότος
403 3519 689 3588 γεγένηται
721 3518 766 3581 ⁸,
809 3519 871 3572 τὸ
927 3519 1064 3572 πᾶσι
1097 3519 1240 3572 κατά
1269 3518 1374 3588 τὴν
1391 3517 1596 3571 ἑαυτῶν
1622 3517 1766 3581 ἀξίαι

1881 3520 1936 3566 et
1960 3511 2256 3566 ambitione
2282 3510 2475 3565 stolida
2497 3510 2687 3576 intlati,
2725 3525 2819 3580 per
2854 3510 3163 3578 patientiam
3184 3510 3251 3565 ad
3295 3525 3442 3565 mor-

216 3608 592 3678 προσπάσχειν
632 3626 692 3662 τε
725 3609 820 3665 καὶ⁵
864 3609 1326 3664 συνδιατίθεσθαιο
1366 3611 1442 3679 μή
1487 3627 1603 3672 πως
1643 3609 1716 3673 ὡς
1753 3612 1766 3661 ί

1879 3614 1984 3658 tem
2016 3618 2188 3672 usque
2231 3601 2395 3656 veluti
2435 3602 2592 3671 cippo
2623 3602 2811 3672 aliquo
2845 3603 3068 3658 coerciti
3107 3602 3439 3658 detineantur.

230 3697 423 3752 Ἰακὼϐ
445 3699 540 3753 καὶ
567 3699 750 3764 αὐτὸς,
768 3700 864 3753 καὶ
889 3699 982 3752 τὸν
1002 3699 1360 3769 ἀγαπώμενον
1383 3699 1475 3751 καὶ
1499 3699 1627 3762 τοὺς
1647 3715 1766 3767 συμ

1882 3695 2120 3765 Denique
2147 3709 2272 3750 cum
2295 3693 2476 3748 omnis
2503 3694 2751 3750 medendi
2778 3709 2868 3750 ars
2891 3694 3171 3765 desperata
3199 3702 3302 3760 est,
3332 3692 3440 3748 fer-

217 3790 481 3860 φοιτητὰς
509 3790 842 3860 καταϐλάψοι
866 3793 886 3822 ’⁵
907 3807 922 3821 ’
950 3791 1106 3844 τοῦτο
1129 3791 1187 3845 δὲ
1206 3791 1432 3860 πάσχειν
1451 3787 1766 3857 πεφύκασιν

1883 3789 2000 3841 r'nm
2055 3797 2308 3857 superest
2356 3796 2410 3840 et
2459 3786 2674 3856 gladius
2727 3787 3130 3851 anathematis,
3177 3802 3288 3857 quo
3343 3801 3440 3857 per

222 3881 412 3952 ἐπειδὴ
439 3881 590 3935 οὔπω
605 3883 674 3936 τὰ
704 3882 805 3952 τῆς
845 3883 1020 3952 ψυχῆς
1053 3883 1381 3953 αἰσθητήρια
1435 3879 1655 3942 τελείως
1692 3897 1754 3946 γε

1878 3881 2156 3934 decretum
2186 3888 2240 3934 et
2266 3879 2586 3933 sententiam
2623 3889 2777 3947 putre
2810 3889 3194 3949 mortuumque
3217 3878 3439 3948 spiritus

223 3973 584 4044 γυμνασμένα
609 3974 899 4044 κέκτηνται
934 3973 1067 4044 πρὸς
1097 3974 1372 4028 διάκρισιν
1404 3970 1569 4027 καλοῦ
1599 3988 1657 4023 τε
1688 3974 1766 4026 κα¹

1881 3970 2183 4023 membrum
2213 4011 2229 4034 ,
2283 3983 2349 4021 ne
2398 3965 2665 4036 reliquam
2719 3967 2963 4036 corporis
3013 3977 3220 4035 partem
3259 3966 3441 4022 scabie

221 4065 390 4134 μέοου
424 4067 518 4119 καὶ
543 4067 715 4120 κακοῦ
740 4067 838 4136 (4).

1880 4073 2141 4134 pesteque
2182 4059 2403 4124 inliciat,
2437 4058 2717 4113 reciditur.
2751 4059 2924 4114 Porro
2953 4073 3074 4128 quat
3108 4059 3158 4113 in
3211 4058 3436 4113 medicis

218 4155 455 4210 estfclix
498 4157 592 4212 illa
640 4158 868 4213 anausia
926 4158 1069 4228 (qua:
1117 4173 1330 4212 omnem
1367 4159 1506 4214 tollit
1549 4160 1828 4215 horrorem
1883 4166 1937 4210 et
1968 4168 2226 4208 nauseam
2256 4167 2350 4207 seu
2383 4150 2682 4217 fastidiunt)
2737 4149 2825 4204 illa
2866 4151 2918 4205 in
2946 4151 3290 4206 curatoribus
3314 4151 3438 4205 ani-

218 4249 789 4302 morumestomnium
837 4249 1002 4303 animi
1042 4250 1507 4319 perturbationum
1543 4250 1840 4321 composita
1894 4247 2046 4316 quies
2087 4253 2142 4300 et
2191 4245 2421 4298 vacatio.
2470 4243 2684 4297 Etenim
2729 4253 2788 4298 ut
2837 4242 2873 4298 ii
2918 4243 3010 4313 qui
3066 4242 3440 4313 cujuscunque

218 4336 396 4396 morbi
431 4342 656 4396 curandi
714 4341 1076 4412 graveolentia
1109 4358 1214 4398 non
1250 4345 1614 4408 offenduntur,
1648 4345 1714 4398 ad
1743 4337 1973 4413 quodvis
2003 4340 2177 4395 morbi
2201 4353 2372 4410 genus
2411 4338 2712 4392 curandum
2741 4337 2967 4410 impigre
3009 4346 3334 4404 accurrunt;
3365 4338 3437 4392 ita

217 4433 526 4490 animorum
581 4435 816 4502 medici,
866 4436 1114 4505 quamvis
1143 4437 1380 4492 animam
1419 4439 1528 4492 vita
1573 4438 1777 4494 caelesti
1821 4446 1876 4492 et
1918 4432 2183 4504 spirituali
2237 4441 2508 4487 carentem
2568 4446 2632 4485 ac
2679 4441 2986 4496 mortuam,
3041 4442 3320 4503 poterunt,
3383 4433 3435 4486 in

217 4526 385 4580 vitam
430 4541 700 4583 revocare.
736 4526 801 4582 Et
847 4527 958 4583 base
1016 4530 1172 4583 unica
1205 4530 1414 4587 curatio
1463 4532 1524 4588 ﬁt
1553 4532 1804 4602 precibus
1845 4539 1899 4586 et
1925 4527 2060 4583 votis
2086 4527 2339 4597 pastoris,
2367 4527 2495 4580 dum
2529 4527 2755 4597 singulis
2772 4543 2868 4597 pro
2892 4543 2994 4583 suo
3037 4527 3203 4599 468
3242 4528 3438 4598 cuique

219 4627 365 4672 statu
413 4617 580 4672 animi
625 4621 931 4686 succurrit,
978 4632 1030 4674 et
1078 4635 1176 4690 per
1220 4623 1746 4679 commiserationem
1789 4630 2066 4693 paternam
2117 4619 2454 4689 singulorum
2506 4619 2660 4689 quasi
2708 4619 2926 4675 morbos
2969 4620 3081 4689 ipse
3143 4621 3336 4675 tolerat
3371 4636 3436 4675 ac

219 4708 444 4775 patitur,
477 4725 541 4764 ne
577 4711 712 4765 forte
741 4721 798 4764 ut
831 4709 1000 4767 Jacob
1033 4714 1132 4781 (α),
1160 4713 1416 4770 dilectum
1443 4727 1496 4770 et
1534 4716 1826 4771 familiares
1864 4715 1980 4785 ejus
2003 4713 2257 4777 oll'endat,
2291 4715 2434 4780 quod
2466 4725 2574 4767 tum
2605 4713 2742 4767 solet
2762 4729 2862 4768 usu
2887 4702 3088 4779 venire,
3114 4728 3237 4768 cum
3269 4714 3436 4768 animi

217 4813 381 4853 sensa
405 4808 458 4852 et
478 4797 787 4856 all‘ectioncs
834 4802 1074 4856 nondum
1105 4803 1304 4859 habent
1335 4821 1428 4874 per
1460 4823 1620 4862 usum
1647 4816 1699 4862 et
1721 4805 2160 4862 exercitationem
2191 4805 2242 4858 in
2277 4812 2559 4873 potestate,
2591 4803 2668 4858 uti
2698 4803 2837 4859 mala
2867 4818 2897 4859 a
2919 4803 3080 4860 bonis
3102 4803 3244 4859 etab
3273 4805 3436 4860 utris-

219 4906 328 4960 que
360 4892 537 4947 media
589 4894 655 4948 ad
709 4911 943 4965 unguem
989 4897 1198 4966 possint
1227 4914 1524 4956 secernere.

760 5011 870 5064 ΕΙΣ
913 5012 1144 5068 ΚΕΦΛΔ
1200 5014 1274 5070 B'.

823 5105 868 5157 Σ
870 5106 1082 5172 χόλιον
1111 5111 1180 5160 α’.

295 5189 467 5253 Νόσος
509 5191 627 5244 ἐστὶ
656 5191 834 5262 ψυχῆς
879 5194 913 5263 ή
951 5195 1052 5266 τῆς
1111 5199 1306 5262 κακίας
1353 5199 1502 5268 ἕξις·
1551 5201 1778 5266 Θάνατος

219 5282 306 5347 δὲ,
333 5285 365 5349 ἠ
394 5283 512 5335 κατ’
544 5283 823 5352 ἐνέργειαν
847 5286 1112 5358 ἁμαρτία.

847 5381 1100 5448 Σχόλιον
1125 5381 1188 5450 β’.

291 5463 479 5518 Ταῦτα
507 5466 684 5521 πάντα
723 5467 810 5522 διὰ
857 5468 1014 5536 λόγον
1055 5470 1259 5537 γίνεται
1289 5487 1302 5500 ·
1327 5474 1422 5526 καὶ¹
1445 5473 1558 5536 πῶς
1598 5471 1769 5540 εἶπεν,

1807 5011 1854 5070 D

2463 5013 2527 5069 IN
2577 5015 2728 5068 CAP.
2785 5015 2847 5067 ll.

2478 5106 2722 5162 Scholion
2774 5109 2823 5162 1.

1948 5198 2168 5254 Morbus
2203 5199 2367 5255 animi
2393 5207 2477 5255 est
2501 5198 2718 5256 habitus
2745 5201 2893 5266 vitii,
2908 5214 3056 5258 mors
3086 5209 3263 5256 autem
3279 5210 3435 5258 actus

1880 5295 1994 5362 ipse
2019 5292 2246 5362 peccati.

2489 5384 2736 5438 Scholion
2766 5385 2820 5438 2.

1948 5479 2071 5531 Haec
2086 5477 2269 5531 omnia
2305 5491 2553 5532 sermone
2592 5476 2993 5547 tunsiguntur;
3016 5477 3288 5549 quomodo
3305 5492 3435 5548 ergo

325 5640 381 5695 ελ
405 5641 572 5694 Amos
672 5642 922 5713 lntclligit
963 5655 1206 5713 posteros
1235 5645 1438 5710 Jacobi,
1476 5665 1568 5718 per
1614 5650 1907 5722 Josepltum
1931 5651 2227 5720 explicatos
2252 5672 2269 5706 ι
2298 5649 2387 5704 hic
2413 5651 2699 5717 subjectos.

356 5755 716 5828 2'.X0.U:Itﬂp.
795 5759 815 5792 ³
865 5759 1103 5830 γένηται.
1145 5761 1225 5815 Δί.
1272 5760 1532 5827 γενέσσω,

1611 5760 1630 5792 ³
1671 5763 1740 5817 al.
1766 5765 2138 5833 xa’csG‘Ié'lcn.
2173 5765 2260 5821 Al.
2303 5765 2687 5835 καταϐλάᾡειε.
