4222 6448
764 350 891 414 1171

2003 356 2058 413 S.
2088 357 2120 416 J
2125 357 2326 418 ΟΑΝΝ
2333 357 2404 417 IS
2433 358 2742 418 CLIMACI'

3856 352 3998 416 1172

757 462 915 525 dixit,
961 474 1070 516 non
1119 460 1462 516 sermonibus
1499 469 1591 516 aut
1624 461 1806 516 verbis
1841 461 1956 514 dari
1987 463 2328 518 mercedem?
2353 470 2400 523 Α

2382 464 2488 523 ιού
2519 463 2629 534 γὰρ
2667 463 2864 532 λόγων,
2915 464 2991 524 ὡς
3019 459 3193 531 οἶμαι.
3248 462 3407 516 τοῦτο
3428 463 3610 530 λέγει·
3651 463 3750 515 οὐκ
3784 463 3994 530 ονομα·
4046 453 4049 455 ’

759 553 894 616 lloc,
924 561 982 607 ut
1025 553 1236 622 cpinor,
1286 551 1420 608 dicit
1455 569 1469 603 :
1505 567 1614 607 non
1645 552 1713 607 iis
1743 552 2065 620 praesidibus
2095 557 2315 623 prcmia

756 642 978 710 dantur,
1003 645 1096 714 qui
1127 644 1289 699 verbo
1323 655 1583 714 praesunt,
1609 644 1703 698 sed
1742 644 1809 697 iis
1853 644 1946 714 qui
1984 643 2314 720 [eﬂicaciterl

757 734 922 808 longo
958 751 1060 790 usu
1089 735 1229 790 docti
1258 736 1421 790 verba
1446 737 1568 790 vitae
1592 736 1747 790 nobis
1777 737 2182 792 administrant.

1290 829 1541 886 Scholion
1593 832 1764 887 aliud.

825 918 1004 975 Mores
1030 931 1124 975 aut
1174 920 1340 976 verba
1382 922 1624 990 respice;
1669 923 1845 979 verbo
1861 925 2116 980 virtutem
2159 928 2311 984 doce.

757 1011 1002 1066 moribus
1027 1021 1080 1067 et
1101 1012 1210 1067 vita
1232 1013 1484 1068 virtutem
1503 1015 1735 1084 praedica
1761 1025 1816 1071 et
1841 1016 2122 1072 conllrma.

1305 1105 1557 1160 Scholion
1594 1107 1763 1163 aliud.

825 1193 1110 1251 Meliorem
1161 1197 1376 1268 quidem
1423 1208 1506 1253 est
1536 1198 1732 1254 docere
1759 1240 1774 1266 ,
1818 1200 1914 1258 scd
1972 1211 2028 1257 et
2078 1204 2318 1274 pericula

755 1287 965 1357 majora
987 1298 1133 1343 creat
1161 1307 1175 1343 :
1201 1289 1413 1346 discere
1437 1306 1565 1346 vero
1596 1302 1812 1361 quanto.
1833 1303 1916 1348 es:
1951 1294 2134 1361 vilius,
2171 1306 2319 1351 tanto

756 1391 841 1439 cst
861 1382 1126 1438 securius.

1145 1475 1306 1529 Aliud
1351 1475 1592 1548 Gregorii
1647 1477 1913 1551 Theologi.

826 1565 953 1622 Sine
983 1567 1211 1624 honesta
1240 1570 1350 1624 vita
1393 1585 1551 1625 nemo
1580 1588 1818 1642 unquam
1851 1574 1919 1628 ad
1958 1578 2155 1631 caelum
2189 1577 2319 1632 sub-

754 1671 940 1718 vectus
966 1670 1054 1718 est
1084 1682 1098 1716 :
1131 1663 1224 1718 sed
1269 1662 1389 1718 sine
1445 1665 1583 1720 belle
1622 1676 1991 1736 perstrepente
2031 1660 2315 1724 verborum

754 1759 936 1814 sonitu
971 1757 1123 1812 multi
1155 1776 1168 1812 :
1201 1773 1325 1812 nam
1375 1760 1550 1830 gratia
1600 1760 1691 1816 Dei
1735 1777 1842 1817 non
1878 1773 1962 1818 est
1990 1764 2314 1820 benedicen-

755 1851 914 1917 tium,
942 1851 1036 1907 sed
1058 1850 1196 1907 bene
1223 1851 1538 1907 viventium.

1347 1943 1592 2000 Scholion
1661 1948 1718 2002 3.

821 2037 1114 2108 Collyrium
1144 2045 1226 2093 est
1255 2037 1607 2108 pharmacum
1643 2055 1754 2111 quo
1783 2041 1983 2097 mentis
2015 2043 2209 2098 oculus
2246 2058 2319 2099 ex

749 2129 845 2184 ira:
882 2129 1116 2185 turbinis
1140 2131 1282 2185 nube
1327 2131 1679 2187 conturbatus
1729 2145 2103 2205 perpurgatur.
2161 2134 2315 2191 Potio

749 2223 1089 2278 amarulenta
1123 2223 1460 2293 objurgatio;
1493 2234 1545 2278 et
1580 2240 1700 2294 quae
1729 2237 2052 2296 sequuntur.

1277 2313 1394 2368 Divi
1414 2313 1788 2386 Chrysostomt.

819 2405 939 2463 Alia
969 2407 1187 2479 quidem
1221 2408 1387 2473 bona,
1425 2408 1530 2462 alia
1569 2408 1745 2462 media
1792 2425 1806 2462 :
1854 2408 2088 2479 exempli
2135 2409 2316 2480 gratia

749 2499 928 2556 anima
957 2510 1013 2555 et
1033 2517 1233 2572 corpus
1260 2516 1330 2556 ex
1366 2501 1558 2556 mediis
1600 2508 1747 2566 sunt,
1787 2500 1931 2570 quod
1961 2501 2063 2557 hoc
2101 2510 2154 2556 et
2183 2502 2313 2556 illud

749 2607 848 2648 sua
879 2592 1131 2650 facultate
1161 2594 1271 2648 ﬁeri
1300 2592 1780 2664 possint.Spiritus
1800 2602 1980 2648 autem
2001 2609 2215 2664 semper
2247 2609 2312 2648 ex

750 2683 907 2740 bonis
929 2695 1031 2749 est,
1060 2700 1156 2741 nec
1179 2701 1418 2756 unquam
1452 2692 1649 2739 statum
1685 2695 1982 2754 permutat;
2004 2683 2170 2759 469
2191 2701 2318 2740 sen-

749 2790 847 2830 sus
879 2774 1004 2829 item
1035 2776 1234 2841 carnis,
1271 2775 1372 2830 hoc
1390 2785 1494 2842 est,
1518 2774 1760 2842 improba
1790 2775 1931 2828 actio
1951 2773 2315 2843 scmperinter

751 2863 901 2917 mala.
927 2864 1049 2927 erit.
1082 2864 1183 2934 legi
1204 2866 1350 2919 enim
1380 2864 1472 2920 Dei
1502 2880 1608 2919 non
1629 2873 1802 2935 paret.
1830 2863 1886 2918 Si
1912 2880 2041 2936 ergo
2071 2866 2312 2919 animam

751 2955 964 3009 meliori
991 2956 1130 3025 parti
1158 2957 1432 3012 addixerls
1458 2968 1518 3011 ut
1545 2965 1599 3011 et
1623 2971 1856 3026 corpus;
1886 2971 1950 3010 ex
1975 2965 2127 3025 parte
2151 2958 2314 3012 sortis

748 3048 989 3103 melioris
1043 3047 1224 3104 factus
1271 3064 1332 3105 es
1364 3068 1379 3103 :
1414 3049 1460 3105 si
1513 3058 1694 3103 autem
1752 3048 2008 3103 deteriori
2069 3047 2265 3103 iterum
2293 3091 2309 3114 ,

2420 572 2524 607 των
2555 553 2897 625 ἡγουμένων,
2929 554 3042 607 ἀλλ’
3069 554 3406 624 ἐμπράκτως
3441 553 3598 623 ἡμῶν
3620 553 3996 622 ἐκπορευομέ-

2427 663 2522 698 ιων
2552 647 2621 700 τὰ
2650 647 2751 714 τῆς
2793 644 2939 716 ζωῆς
2973 648 3215 715 ῥήματα,
3247 649 3298 699 οί
3347 646 3529 716 μισθοὶ
3556 644 3815 700 δίδονται.

2952 849 3213 917 Σχόλιον
3256 849 3434 904 ἄλλο.

2487 939 2610 992 Βίον
2645 939 2677 1009 ἢ
2714 937 2872 1006 λόγον
2913 939 3107 1008 βλέπε⁸
3162 939 3305 1008 λόγῳ
3361 939 3460 1008 μὲν
3505 939 3608 1012 τὴν
3659 937 3865 1010 ἀρετὴν
3907 936 3991 990 δί-

2415 1031 2580 1086 δασκε
2609 1047 2624 1064 ο
2665 1030 2767 1104 βίῳ
2793 1033 2850 1086 δὲ
2879 1032 3048 1103 αὐτὴν
3071 1033 3338 1102 κήριντταε.

3086 1124 3292 1176 Ἀλλο.

2488 1212 2828 1284 Κρειττὸνων
2853 1213 2954 1282 μὲν
2996 1213 3057 1266 τὸ
3097 1213 3392 1276 διδάσκειν,
3423 1213 3560 1267 ἀλλὰ
3588 1214 3686 1266 καὶ
3704 1215 3833 1276 τοὺς
3866 1229 3992 1264 κιν-

2416 1302 2605 1366 δύνους
2643 1303 2862 1372 μείζους
2902 1305 3152 1374 ἐπιφέρει
3186 1321 3198 1333 ·
3223 1303 3284 1356 τὸ
3326 1304 3384 1357 δὲ
3414 1304 3706 1375 μανθάνειν
3736 1305 3847 1374 ὅσῳ
3874 1320 3984 1355 κα-

2416 1395 2786 1466 ταδεέστερον,
2815 1395 3060 1465 τοσούτῳ.
3101 1397 3196 1447 καὶ
3223 1395 3644 1464 ἀκινδυνότερον.

2683 1489 2871 1542 Ἀλλο
2901 1489 3230 1557 Γρητορίου
3268 1487 3377 1541 τοῦ
3405 1489 3715 1555 Θεολὸγου.

2492 1578 2617 1631 Βίου
2662 1579 2760 1648 μὲν
2802 1579 2979 1642 οὐδεὶς
3029 1579 3239 1632 πώποθ’
3287 1577 3481 1647 ὑψώθη
3536 1579 3658 1649 δίχα
3681 1597 3693 1608 ·
3722 1579 3884 1648 λόγου
3920 1579 3986 1632 δὲ

2418 1670 2604 1724 πολλοὶ
2644 1671 2739 1724 τοῦ
2791 1672 2972 1735 καλῶς
3019 1671 3390 1742 ψοφουμένουο
3417 1672 3478 1724 οὐ
3510 1671 3617 1741 γὰρ
3652 1671 3980 1729 λαλούντων.

2417 1759 2484 1817 εὖ.
2509 1761 2764 1832 βιούντων
2788 1763 2833 1815 δ’
2867 1765 2901 1833 ή
2925 1764 3102 1834 χάρις.

3016 1946 3271 2014 Σχόλιον
3294 1954 3363 2014 γ’.

2482 2037 2810 2110 Κολλούριόν
2838 2037 2986 2090 ἐστιν
3013 2037 3293 2107 ὀφθαλμοῦ
3316 2037 3498 2108 ψυχῆς
3529 2037 3648 2101 νοὸς
3683 2037 3976 2108 κάθαρσις,

2412 2129 2476 2181 ἐκ
2499 2128 2777 2194 οολώσεως
2814 2128 2986 2200 θυμοῦ
3006 2129 3366 2202 ταραχθέντος
3390 2145 3405 2160 ⁸
3434 2129 3708 2198 στύφουσα
3742 2130 3978 2201 ἐπιπληρ-

2415 2221 2497 2289 ξις
2518 2239 2530 2250 ⁸
2564 2223 2658 2275 καὶ
2685 2223 2746 2276 τὸ
2777 2223 2979 2276 λοιτών.

2907 2313 3018 2367 Τοῦ
3056 2315 3105 2366 Χ
3100 2315 3506 2384 ρυσοστόμου.

2483 2407 2562 2461 Τὰ
2597 2408 2696 2479 μέν
2750 2409 2897 2462 ἐστιν
2937 2407 3136 2476 ἀγαθὰ,
3183 2407 3253 2461 τὰ
3276 2409 3331 2462 δὲ
3383 2409 3552 2480 μέσαο
3584 2405 3858 2480 οἷονψυχὴ
3882 2411 3977 2463 καὶ

2418 2498 2554 2570 σὰρξ
2585 2499 2692 2554 τῶν
2717 2499 2896 2569 μέσων
2943 2499 3080 2563 ἐστὶ,
3113 2501 3207 2552 καὶ
3248 2499 3403 2554 τοῦτο
3443 2502 3664 2553 κακεῖνο
3711 2501 3973 2569 γενέσθαι

2413 2591 2640 2660 δυνάμει
2661 2609 2674 2622 ο
2709 2591 2772 2644 τὸ
2805 2590 2862 2644 δὲ
2903 2591 3120 2661 πνεῦμα
3149 2591 3258 2644 τῶν
3290 2591 3508 2660 ἀγαθῶν
3557 2592 3666 2657 ἀεὶ,
3702 2593 3800 2645 καὶ
3829 2593 3979 2645 οὐδέ-

2417 2700 2546 2736 ποτε
2574 2684 2760 2754 ἕτερον
2792 2684 3098 2754 γινόμενον.
3126 2684 3316 2746 Πάλιν,
3347 2684 3408 2736 τὸ
3438 2685 3690 2755 φρόνημα
3719 2689 3818 2756 τῆς
3843 2701 3976 2756 σαρ-

2413 2772 2527 2836 κὸς,
2555 2772 2700 2824 τοῦτ’
2727 2772 2872 2826 ἔστιν
2903 2775 2936 2844 ἡ
2963 2772 3178 2843 πονηρὰ
3229 2771 3448 2842 πρᾶξις,
3487 2773 3596 2824 τῶν
3623 2773 3709 2824 ἀεὶ
3745 2773 3933 2824 κακῶν
3956 2790 3972 2803 ·

2412 2861 2490 2932 τῷ
2517 2863 2624 2934 γὰρ
2655 2864 2802 2932 νόμῳ
2855 2863 2949 2916 τοῦ
2986 2863 3122 2916 Θεοῦ
3161 2863 3256 2932 οὐχ
3305 2863 3693 2916 ὑποτάσσεται.
3730 2864 3831 2914 Ἀν
3866 2862 3978 2914 τοί-

2413 2969 2507 3005 νυν
2536 2952 2617 3023 τῷ
2643 2952 2867 3021 βελτίονι
2901 2952 3005 3022 δῷς
3054 2953 3152 3024 τὴν
3207 2953 3384 3024 ψυχὴν
3417 2954 3512 3006 καὶ
3535 2952 3607 3006 τὸ.
3646 2953 3828 3022 σῶμα,
3852 2952 3975 3020 ἐγέ-

2413 3060 2505 3096 νου
2525 3043 2622 3112 τῆς
2651 3045 2857 3096 ἐκείνου
2893 3043 3108 3114 μερίδος
3133 3059 3148 3072 °
3193 3045 3260 3097 ἂν
3293 3044 3372 3114 τῷ
3409 3045 3635 3115 χείρονι,
3680 3045 3843 3098 πάλιν
3872 3045 3973 3114 τῆς

749 3149 865 3194 tum
902 3141 989 3194 hic
1016 3141 1165 3194 exitii
1218 3141 1399 3198 socius
1425 3151 1478 3196 et
1521 3141 1792 3212 particeps
1825 3139 2052 3195 ell‘cctus
2079 3155 2166 3206 es,
2201 3156 2306 3194 non
2337 3169 2384 3231 Ο

2337 3169 2384 3231 C
2415 3137 2647 3190 ἐνταῦθα
2694 3136 2965 3199 ἀπωλείας
2993 3135 3262 3206 κατέστης
3293 3137 3566 3201 κοινωνὸς,
3596 3137 3658 3189 οὑ
3697 3136 3854 3207 παρὰ
3873 3136 3975 3207 τὴν

747 3238 941 3300 praeter
980 3239 1228 3286 naturam
1278 3231 1472 3286 animze
1512 3241 1566 3285 et
1597 3231 1846 3298 corporis
1891 3238 2125 3282 mentem
2149 3267 2164 3292 ,
2189 3243 2312 3298 qua:
2346 3226 2382 3231 ⁷

2308 3226 2382 3277 ι’
2414 3229 2578 3298 φύσιν
2635 3228 2734 3298 τῆς
2782 3226 2960 3297 ψυχῆς
3021 3230 3118 3279 καὶ
3192 3230 3293 3298 τῆς
3349 3227 3570 3299 σαρκὸς,
3632 3226 3772 3282 ἀλλὰ
3820 3228 3975 3298 παρὰ

750 3334 808 3376 ut
831 3321 1054 3379 domina»
1085 3332 1313 3394 utraque
1343 3323 1459 3379 hzec
1487 3324 1688 3398 eligere
1710 3332 1906 3378 potest.

1437 3506 1622 3560 Aliud.

815 3597 921 3666 Qui
969 3599 1223 3655 connivet
1267 3608 1323 3654 et
1379 3614 1486 3653 non
1533 3600 1783 3668 obiurgat
1814 3605 2148 3668 peccantem,
2207 3597 2309 3647 im-

746 3691 895 3748 mitis
913 3699 1017 3753 est.
1046 3691 1190 3748 sicut
1209 3703 1260 3746 et
1287 3693 1376 3747 ille
1413 3692 1505 3762 qui
1546 3706 1812 3746 venenum
1861 3690 2059 3761 ingerit
2107 3688 2216 3741 icto
2239 3690 2307 3740 ab

747 3794 1018 3856 serpente.

1341 4091 1568 4149 CAPUT
1609 4088 1698 4146 111.

2407 3320 2505 3390 τὴν
2563 3318 2790 3389 γνώμην
2835 3319 2952 3386 τὴν
3021 3317 3215 3388 κυρίαν
3267 3317 3549 3388 ἀμφότερα
3614 3317 3787 3370 ταῦτα
3837 3317 3974 3368 ἑλέ-

2411 3411 2553 3464 σθαι.

3081 3505 3292 3558 Ἄλλο.

2495 3597 2551 3648 '0
2599 3596 2978 3666 ὲφησυχάζων,
3036 3598 3131 3650 καὶ
3180 3597 3255 3666 μὴ
3290 3597 3525 3666 ἐλέγχων
3553 3597 3654 3666 τὴν
3696 3597 3974 3668 ἁμαρτίαν

2410 3685 2502 3742 τοῦ
2554 3688 2780 3758 πλησίον
2820 3689 3006 3749 αὐτοῦ.
3055 3689 3394 3759 ἄσπλαγχνος
3425 3692 3569 3742 ἐστιν
3588 3705 3603 3719 ·
3625 3687 3817 3759 ὥσπερ
3834 3691 3864 3742 ὁ
3881 3689 3975 3742 ’σὺν

2413 3780 2488 3832 ἰὸν
2511 3779 2727 3847 ἐναφεὶς
2757 3779 2836 3849 τῷ
2861 3779 3108 3849 δηχθέντι
3138 3779 3242 3833 ὑπὸ
3263 3778 3358 3833 τοῦ
3389 3779 3615 3834 ἰοϐόλον.

3016 4094 3265 4151 ΚΕΦΑᾹ.
3304 4095 3373 4147 I".

1772 4183 2042 4238 Cmobita
2078 4186 2145 4238 sit
2172 4199 2290 4236 cum
2329 4182 2434 4236 Deo
2457 4183 2936 4252 coniunctissimus.

819 4271 1008 4347 Turpe
1028 4284 1113 4331 est
1137 4275 1396 4345 magistro
1425 4275 1712 4340 virtutum,
1734 4291 1855 4330 cum
1880 4289 1912 4327 a
1949 4274 2057 4328 Deo
2080 4284 2309 4328 conatur
2338 4274 2383 4328 D
2481 4273 2486 4324 1

2338 4274 2383 4328 D
2481 4272 2656 4344 Πολλὴ
2709 4274 2742 4342 ή
2792 4273 2885 4325 τοῦ
2915 4272 3254 4343 προεστῶτος
3283 4271 3511 4342 αἰσχύνη
3538 4277 3978 4346 προσευχομένου

750 4363 868 4418 suis
911 4364 1147 4418 alumnis
1188 4363 1443 4418 virtutem
1488 4365 1812 4433 impetrare,
1851 4376 1958 4433 qua
1985 4371 2131 4417 caret
2176 4361 2310 4431 ipse.

748 4454 1216 4522 Quemadmodum
1266 4454 1330 4507 ad
1391 4455 1537 4524 regis
1583 4454 1806 4509 admissi
1861 4463 2208 4523 conspectum
2261 4466 2316 4507 et

748 4546 890 4599 ἔνδει-
920 4543 1217 4600 familiares
1240 4544 1395 4600 asciti
1427 4543 1584 4598 facile
1603 4543 1857 4608 deinceps
1881 4556 1932 4599 et
1951 4559 2139 4598 servos
2156 4558 2310 4610 suos,

747 4639 801 4684 et
832 4632 1066 4700 ignotos,
1112 4639 1166 4686 et
1194 4632 1380 4686 hostes
1411 4631 1572 4685 etiam
1603 4647 1724 4684 cum
1758 4631 2002 4695 libuerit,
2033 4632 2098 4685 ad
2128 4645 2308 4701 regem

747 4722 1101 4791 spectandum
1125 4731 1178 4776 ct
1206 4722 1408 4793 regiam
1433 4721 1551 4792 ejus
1579 4721 1917 4790 majestatem
1950 4724 2312 4790 contemplan-

747 4815 874 4870 dam
929 4814 1420 4884 perfruendamque
1487 4821 1720 4881 possunt
1783 4813 2168 4879 introducere;
2233 4819 2306 4869 ita

747 4907 953 4976 pariter
996 4906 1051 4960 in
1095 4906 1258 4960 rebus
1296 4906 1386 4960 lict
1426 4905 1626 4961 divinis
1667 4905 1866 4974 cogita.
1911 4906 2136 4964 lntimos
2166 4909 2308 4978 regis

748 4997 956 5052 amicos
1007 4996 1170 5050 etiam
1221 4995 1312 5051 alii
1359 4996 1503 5066 regis
1562 4996 1728 5051 amici
1783 4997 2130 5052 veneratione
2180 5014 2304 5068 pro-

747 5096 1085 5156 sequuntur,
1124 5087 1342 5156 illisque
1371 5095 1582 5155 parent,
1604 5095 1660 5141 et
1686 5087 1767 5141 vel
1811 5086 1952 5141 ultro
1993 5087 2306 5144 nolentibus

746 5178 911 5234 etiam
950 5192 1010 5232 se
1048 5177 1300 5249 ingerunt
1339 5185 1396 5232 et
1443 5177 1813 5232 subserviunt.
1862 5177 2186 5233 Prasciarum
2223 5191 2308 5234 est

746 5271 1020 5340 sapientes
1065 5271 1118 5324 in
1166 5279 1418 5340 promptu
1463 5270 1662 5324 habere
1699 5271 1940 5337 amicos;
1975 5286 2135 5325 nemo
2162 5273 2308 5327 enim

745 5364 870 5432 plus
913 5365 1034 5432 opis
1065 5372 1118 5417 ct
1151 5365 1410 5417 momenti
1466 5363 1532 5416 ad
1578 5365 1834 5417 virtutem
1885 5367 2304 5434 comparandam

745 5455 939 5509 aliene
978 5465 1182 5524 potest.
1230 5452 1434 5508 Retulit
1466 5455 1602 5508 mth
1640 5455 1910 5524 quispiam
1935 5470 2001 5509 ex
2043 5457 2145 5509 hoc
2170 5458 2308 5510 ami-

745 5557 936 5595 corum
969 5543 1274 5596 divinorum
1314 5543 1460 5607 albo,
1492 5541 1582 5596 Dei
1617 5542 1850 5597 cultores
1875 5557 1996 5596 cum
2027 5543 2161 5597 alias
2182 5547 2304 5614 qui-

2411 4364 2546 4434 πρὸς
2567 4363 2628 4417 τὺ
2647 4362 2959 4435 δωρηθῆναί
2989 4381 3043 4417 τι
3070 4364 3149 4434 τῷ
3185 4365 3410 4436 ὑπηκόῳ
3454 4365 3590 4436 ὅπερ
3617 4365 3779 4430 αὐτὸς
3821 4367 3980 4424 οὔπω

2410 4455 2796 4526 προκέκτηται.
2829 4455 3039 4526 Ὠσπερ
3061 4457 3110 4508 οἱ
3148 4456 3437 4526 πρόσωπον
3487 4455 3748 4526 βασιλέως
3777 4457 3977 4514 θεασὰ-

2411 4563 2583 4614 μενοι,
2609 4547 2704 4599 καὶ⁹
2731 4546 2921 4600 τοῦτον
2953 4548 3163 4610 ἑαυτοῖς
3192 4547 3343 4616 φίλον
3373 4551 3833 4618 καταστήσαντες,
3885 4552 3978 4604 καὶ

2408 4640 2532 4701 τοὺς
2554 4638 2898 4708 λειτουργοὺς
2921 4637 3084 4692 αὐτοῦ
3120 4640 3364 4703 ἅπαντας
3385 4639 3633 4694 δύνανται
3660 4641 3848 4696 λοιπὸν
3882 4645 3977 4698 καὶ

2412 4730 2536 4792 τοὺς
2570 4729 2937 4801 ἀγνωρίστους
2959 4729 3105 4800 αὕτῷ
3129 4731 3162 4800 ἢ
3195 4729 3288 4786 καί⁵
3308 4730 3551 4801 ἐχθροὺς,
3596 4732 3754 4802 εἴπερ
3779 4732 3976 4804 βουλη-

2413 4817 2595 4882 θῶσιν,
2645 4821 2739 4873 xui.
2788 4821 2886 4892 τῆς
2929 4820 3090 4875 αὐτοῦ
3118 4821 3276 4892 δόξης
3321 4822 3641 4887 ἀπολαῦσαι,
3677 4823 3852 4888 οὕτως
3879 4825 3974 4878 καὶ

2411 4910 2504 4963 ἐπὶ
2531 4911 2641 4964 τῶν
2669 4912 2840 4980 ἁγίων
2861 4913 2996 4967 νόει·
3019 4915 3147 4978 τοὺς
3168 4916 3501 4986 ἀκροτάτους
3537 4915 3746 4985 φίλους,
3770 4918 3865 4970 καὶ
3887 4920 3972 4970 αἱ-

2408 5003 2624 5058 δοῦνται
2653 5008 2701 5058 οἱ
2732 5005 2872 5075 φίλοι
2902 5008 2996 5060 καὶ
3040 5007 3422 5062 ὑπακούουσιν.
3456 5009 3610 5072 Ἴσως
3637 5008 3694 5060 δὲ
3723 5008 3820 5062 καὶ
3852 5008 3975 5079 βιά-

2413 5095 2592 5159 ζονται
2645 5097 2735 5151 ὑπ’
2791 5098 3000 5151 αὐτῶνθ
3032 5099 3202 5152 κακὸν
3256 5098 3550 5170 κεκτῆσθαι
3595 5099 3806 5168 φίλους,
3849 5102 3974 5162 τοὺς

2412 5200 2496 5235 vos
2507 5185 2631 5251 ροὺς
2657 5185 2869 5254 φίλους·
2894 5186 3064 5250 οὐδεὶς
3082 5187 3191 5257 γὰρ
3215 5187 3384 5250 οὕτως
3411 5189 3663 5258 συνεργεῖ
3685 5189 3818 5258 ἡμῖν
3837 5187 3975 5258 πρὸς

2411 5277 2632 5346 ἀρετήν.
2686 5279 2992 5349 Διηγήσατό
3043 5280 3134 5349 μοί
3184 5296 3268 5343 τις
3318 5280 3428 5333 τῶν
3459 5278 3742 5349 Θεοφιλῶν,
3771 5279 3849 5343 ὡς
3891 5280 3973 5332 ἅττ

2410 5365 2636 5419 πάντοτε
2674 5368 2793 5437 μὲν,
2821 5369 3050 5439 μάλιστα
3069 5369 3126 5422 δὲ
3157 5370 3214 5422 ὲν
3241 5371 3361 5432 ταῖς
3389 5371 3622 5440 ἐτησίοις
3648 5369 3743 5423 καὶ
3765 5371 3969 5424 Asm-

2409 5460 2587 5521 τικαίς
2618 5460 2832 5529 ἑορταῖς
2857 5463 2884 5514 ὁ
2899 5459 3030 5524 Θεὸς
3051 5463 3176 5525 τοὺς
3197 5461 3360 5516 αὑτοῦ
3390 5462 3722 5534 θεράποντας
3748 5461 3972 5531 δωρεαῖς

2410 5552 2443 5600 ἁ
2451 5567 2515 5616 με
2525 5549 2714 5605 ίϐεται.

746 5635 868 5689 dem
918 5649 1149 5704 semper,
1199 5634 1290 5687 sed
1345 5644 1458 5686 tum
1510 5633 1742 5688 maxime
1795 5647 1917 5688 cum
1967 5633 2237 5691 solemnes
2285 5645 2338 5692 et
2395 5639 2746 5696 anniversarii
2808 5643 2921 5700 dies
2991 5643 3221 5701 Domino
3267 5642 3407 5700 sacri
3453 5653 3820 5714 paraguntur.
3855 5655 3970 5697 cm-

751 5727 974 5784 lestibus
1001 5726 1266 5784 cumulari
1295 5725 1451 5781 donis
