4222 6448
243 413 380 472 ῐ’1¹73’
1418 413 1636 471 Lill’ER
1676 414 1773 470 AD
1802 412 1910 469 PAE

1802 410 2209 469 PAS'I'OliESl.
3309 401 3436 466 117(
3452 435 3457 442 ·

835 527 1082 578 nscas.
1118 530 1190 578 an
1814 537 1865 588 Α
1913 517 1918 521 ’
2384 519 2502 590 47ς

1814 537 1865 588 Α
1913 517 1918 521 ’
2384 519 2543 590 47η
2579 517 2802 574 CAPUT
2851 518 2936 570 tv.

305 614 536 678 Taleae;
575 615 711 669 αὐτὰ
750 616 951 682 ὀφείλει
998 619 1064 667 τὰ
1106 615 1248 683 παθη
1276 617 1304 666 ὀ
1348 613 1524 682 ἰατρὸς
1563 612 1789 665 ἐκδῦσα·
1961 615 1972 659 1

1771 639 1789 651 -
1961 610 2183 678 Oportet
2230 617 2289 662 ut
2339 612 2585 664 medicus
2634 625 2821 664 oumes
2873 609 3038 662 animi
3109 594 3438 676 inquas-ut

239 706 384 770 σθαι,
418 707 504 759 ἵνα
522 707 580 757 ὲν
609 706 783 776 καιρῷ
807 723 916 759 τινι
940 706 1229 776 δυνήσηταί
1255 723 1398 766 τινα,
1430 706 1524 756 καὶ
1560 705 1790 772 μαλιστα
1891 717 1906 770 ι

1771 721 1790 755 ι
1891 700 2327 770 perturbationes
2361 702 2578 769 penitus
2625 709 2819 767 exuat,
2847 709 2907 754 ut
2942 699 2996 753 in
3030 709 3266 768 tempore
3301 716 3438 753 nunc

237 799 330 850 τὸν
349 798 541 867 θυμὸν,
573 797 982 868 ὑποκρίνασθαι.
1018 798 1078 850 Ei
1110 799 1182 866 μὴ
1208 797 1315 865 γὰρ
1349 797 1486 849 αὐτὰ
1522 799 1600 858 εἰς
1628 797 1792 867 ἄκρον
1893 795 1904 848 Ι

1770 813 1792 846 ν
1893 795 2013 855 hos.
2038 810 2181 849 nunc
2214 794 2354 856 illos,
2382 793 2618 846 maxime
2649 807 2776 846 vero
2801 793 2936 845 iram
2969 790 3226 844 simulare
3254 793 3437 858 pessit.

239 885 586 958 ἁπὼ[σαι]το,
617 891 678 940 οὐ
707 888 988 960 δυνήσεται
1017 887 1152 940 αὐτα
1183 887 1406 950 ἀπαθῶς
1447 887 1792 940 ὑποδύεσθαι.
1893 885 1906 939 1

1777 925 1792 939 .
1893 885 2101 939 Etenim
2149 886 2251 939 nisi
2297 891 2395 938 tios
2446 885 2612 938 animi
2657 883 2875 938 morbos
2921 881 3134 950 penitus
3161 883 3443 950 expulerit,

241 973 392 1028 Εἶδον
421 978 581 1028 ἵππον
610 979 689 1030 ἔτι
726 977 918 1048 μικρὸν
952 978 1312 1046 ἀγυμνάστως
1350 979 1708 1046 διακείμενον,
1737 977 1796 1038 ὃς
1894 992 1908 1030 1

1776 993 1796 1038 ς
1894 992 2002 1030 non
2049 978 2244 1045 pou-rit
2285 977 2392 1031 illis
2419 991 2546 1031 cum
2595 991 2682 1030 res
2728 976 2903 1044 exiget
2950 975 3068 1028 siue
3099 975 3229 1028 vitio
3275 975 3443 1026 abuti.

244 1068 355 1118 ὑπὸ
380 1067 596 1136 χαλινοῦ
623 1069 905 1138 ἀγόμενος,
931 1067 1024 1120 καὶ
1059 1068 1296 1138 ἡσυχίως
1338 1067 1584 1137 βαδίζων,
1608 1066 1795 1136 ἐξαίφο
1895 1077 1911 1123 l

1781 1096 1795 1109 -
1895 1069 2266 1124 Animadverti
2317 1070 2608 1142 equuleum
2647 1069 2825 1124 adhuc
2857 1079 3097 1123 tenerent
3133 1073 3187 1120 et
3213 1065 3448 1120 indomi-

243 1176 342 1224 νης
369 1158 446 1227 τῷ
472 1158 584 1229 ἰδίῳ
602 1159 773 1229 κυρίῳ
799 1157 1209 1222 ἐπεϐούλευςεν,
1236 1159 1428 1228 μικρὸν
1453 1157 1545 1210 τοῦ
1578 1141 1795 1227 χαλῖνοῦ
1899 1166 1910 1211 l

1782 1155 1795 1208 i
1899 1166 2033 1222 tmn,
2058 1155 2326 1210 frenatum
2362 1141 2561 1220 tamen,
2586 1157 2866 1212 commode
2898 1157 3142 1209 incedere
3174 1174 3187 1206 :
3223 1155 3449 1208 remisso

243 1247 407 1301 αὑτοῦ
446 1250 809 1318 χαυνωθέντος
835 1264 849 1277 ·
895 1250 986 1301 ἐπὶ
1016 1248 1133 1301 δυσὶ
1176 1250 1253 1318 (1)
1284 1249 1500 1318 δαίμοσι
1535 1249 1596 1300 τὸ
1624 1249 1799 1318 παρὸν
1896 1265 1910 1298 ι

1783 1265 1799 1298 ο
1896 1264 2024 1303 vero
2053 1249 2330 1315 paululum
2374 1247 2555 1313 l‘reno,
2597 1249 2795 1304 vectori
2839 1263 2938 1303 suo
2978 1257 3195 1316 repente
3226 1246 3450 1300 exitium

156 1344 159 1358 ⁵
244 1339 320 1402 ὡς
368 1342 566 1392 ἐπίπαν
615 1341 906 1411 πρόϐλημα
965 1341 1346 1394 ἐπακολουθεῖν
1406 1340 1678 1410 πέφυκεν·
1748 1340 1798 1392 οἱ

1784 1340 1798 1390 ἱ
1900 1336 2100 1389 moliri.
2152 1335 2430 1391 Geminos
2496 1338 2608 1390 haec
2655 1337 2886 1405 quaestio
2948 1335 3171 1404 spiritus
3224 1348 3451 1401 nequam

249 1431 554 1502 βουλόμενοι
579 1433 759 1502 ζητεῖν
793 1433 1127 1504 ςητείτωααν
1153 1431 1419 1503 ιμπόνως.
1619 1452 1625 1458 ·
1895 1443 1916 1482 a

1895 1428 2134 1497 attingit,
2165 1442 2304 1497 quos
2334 1428 2378 1482 si
2410 1417 2865 1496 volentquaa'rere,
2895 1428 3122 1482 sollicite
3153 1435 3413 1497 quanam.

749 1543 857 1596 ΕΙΣ
894 1541 1142 1595 ΚΕΦΑΛ.
1183 1545 1256 1595 Δ⁹.

1216 1548 1256 1595 ι’.
2455 1540 2548 1594 AD
2588 1533 2748 1596 'CAP.
2800 1539 2883 1594 IV.

839 1659 885 1709 Σ
889 1659 1095 1723 χόλιον
1138 1661 1208 1710 a'.
2503 1687 2506 1704 ι

1181 1661 1208 1710 ’.
2503 1651 2751 1707 Scholion
2797 1650 2823 1704 1
2835 1690 2848 1703 .

319 1747 397 1818 Τῇ
425 1747 697 1818 κενοδοξία
726 1749 818 1800 καὶ
847 1751 910 1817 τῇ
954 1746 1349 1818 ταστριμαργίᾳ
1379 1746 1412 1816 ἢ
1441 1746 1506 1816 τῇ
1545 1744 1768 1815 πορνείᾳ
1787 1757 1799 1770 ·
1981 1775 1986 1802 l

1790 1757 1799 1770 '
1981 1764 2196 1804 manem
2239 1747 2477 1809 laudem,
2502 1743 2685 1812 gulam
2714 1751 2809 1797 aut
2840 1742 3105 1796 luxuriam
3139 1761 3151 1796 :
3179 1742 3295 1795 haec
3316 1741 3457 1794 enim

249 1838 536 1910 αὗταιγὰρ
569 1840 727 1910 μέχρι
750 1838 935 1901 τέλους
953 1837 1044 1890 τὸν
1062 1837 1198 1910 πρὸς
1226 1837 1374 1910 ἡμᾶς
1396 1836 1458 1889 οὐ
1481 1834 1804 1889 καταλύουσι
1840 1858 1880 1913 Β
1906 1855 1916 1878 π

1796 1841 2033 1913 ιΒγίιὶα
2062 1841 2312 1911 persequi
2363 1853 2462 1891 nos
2512 1835 2578 1888 ad
2626 1842 2854 1887 mortem
2905 1850 3078 1904 usque
3120 1833 3312 1898 solent,
3365 1848 3463 1886 nec

252 1931 505 2000 πόλεμον.
1913 1950 1919 1984 l

1913 1933 2051 1991 ullas
2074 1935 2200 1990 belli
2233 1932 2479 1987 inducias
2505 1928 2731 1984 faciunt.

761 2081 770 2090 _
945 2021 1144 2074 Ἄλλο.
1449 2041 1457 2046 ι

1104 2036 1144 2073 9.
1449 2041 1457 2046 -
2594 2018 2771 2074 Aliud.

335 2111 395 2162 '0
419 2112 517 2182 τῆς
550 2111 825 2182 ὀξυχολίας
867 2105 1034 2171 οὗτοι..
1066 2110 1161 2166 καὶ
1194 2112 1223 2161 ὁ
1247 2110 1348 2178 τῆς
1381 2120 1664 2182 πορνείαςο
1719 2113 1814 2164 ἐὰν
1980 2115 2002 2169 1

1796 2130 1814 2163 ν
1980 2114 2045 2170 1Ιί
2080 2123 2224 2171 sunt
2253 2115 2476 2184 spiritus
2508 2108 2971 2168 excandescentia:
3014 2117 3066 2161 et
3114 2107 3342 2160 luxuria:
3373 2126 3385 2161 :
3423 2107 3463 2159 si

253 2205 362 2274 γάρ
405 2222 490 2266 τις
526 2205 718 2276 μικρὸν
758 2204 1039 2274 ἀμελήσει,
1084 2205 1287 2274 ταχέως
1312 2203 1692 2275 ὲξεγείρονται,
1719 2203 1814 2258 καὶ
1907 2228 1920 2260 ι

1802 2215 1814 2256 t
1907 2208 2032 2276 quis
2070 2206 2214 2260 enim
2249 2206 2331 2258 \el
2365 2204 2576 2258 modice
2617 2213 2813 2267 cesset,
2844 2201 3025 2256 statim
3049 2199 3384 2259 excitantur;
3417 2208 3469 2250 et

254 2295 505 2349 τοσοῦτον
533 2299 612 2350 ὅτι
641 2297 920 2367 καὶμέχρι
953 2296 1137 2358 τέλους
1172 2294 1677 2366 συμπαραμένουσι,
1719 2297 1811 2348 καὶ
1910 2319 1921 2351 ι

1805 2317 1811 2347 ι
1910 2297 2129 2368 quidem
2163 2307 2274 2351 tam
2306 2294 2493 2350 infesti
2523 2302 2672 2358 sunt,
2708 2302 2768 2348 ut
2805 2292 2872 2347 ad
2912 2302 3138 2348 mortem
3172 2305 3340 2359 usque
3377 2303 3472 2341 nos

253 2388 354 2459 τὴν
377 2388 537 2458 φύσιν
569 2386 1040 2454 καταδουλοῦνται,
1069 2384 1144 2450 ὡς
1178 2386 1403 2454 φυσικά.
1914 2410 1920 2440 ι

1914 2388 2269 2454 comitentur,
2307 2393 2668 2454 naturamque
2710 2392 2969 2452 tanquam
3014 2391 3067 2436 et
3113 2380 3214 2448 ipsi
3272 2390 3475 2433 natura:

1916 2481 2136 2552 cognati
2163 2481 2293 2545 sint,
2324 2478 2377 2533 in
2403 2479 2716 2535 servitutem
2747 2476 3023 2544 redigunt.

945 2563 1154 2616 Ἀλλο.
2610 2612 2612 2618 .

2610 2565 2789 2618 Aliud.
2939 2629 2942 2634 Ι

332 2655 394 2707 Et
438 2655 571 2706 διότι
599 2655 632 2721 ἡ
681 2653 1088 2722 γαστριμαργία
1117 2652 1211 2704 καὶ
1237 2651 1270 2719 ἡ
1322 2649 1548 2722 πορνεία
1575 2648 1817 2718 ἀλλήλων
1870 2653 1875 2658 ⁸
1993 2663 1999 2712 ε

1809 2667 1817 2695 ’
1870 2653 1875 2658 ’
1993 2660 2051 2714 Si
2091 2673 2221 2730 ergo
2246 2656 2372 2729 gula
2423 2667 2476 2712 et
2504 2656 2722 2710 luxuria
2751 2655 2890 2707 inter
2940 2667 2998 2706 se
3030 2666 3287 2705 connexa:
3333 2659 3476 2703 sunt.

257 2749 491 2816 ἔχονται,
525 2747 618 2799 καὶ
641 2746 730 2798 διὰ
771 2745 927 2798 τοῦτο
974 2745 1048 2808 ὡς
1081 2745 1139 2797 ἓν
1185 2743 1468 2814 ἀμφότερα
1507 2741 1811 2794 τάττονται.
1921 2768 1924 2795 ι

1921 2761 2214 2818 utrumque
2234 2748 2424 2803 vitium
2454 2756 2712 2816 tanquam
2741 2759 2842 2814 pro
2871 2758 2981 2797 uno
3012 2742 3250 2810 punitur.
3294 2735 3398 2794 Sed
3425 2744 3479 2793 tu

274 2839 432 2890 Ἀ).λᾶ
463 2839 527 2889 σὺ
554 2838 702 2906 ζήτει
731 2839 823 2889 καὶ
851 2837 910 2888 τὸ
939 2837 1124 2907 ἕτερον
1172 2835 1362 2897 πάθος,
1409 2834 1544 2902 ὅπερ
1588 2833 1734 2885 ἐστὶν
1780 2832 1814 2900 ἡ
1919 2861 1941 2912 ι]

1444 2849 1544 2902 περ
1588 2833 1734 2885 ἐστὶν
1780 2832 1814 2900 "l
1919 2858 2098 2913 quer
2119 2850 2177 2897 et
2201 2843 2450 2906 alterum,
2472 2840 2617 2910 quod
2646 2845 2730 2894 est
2758 2851 2894 2891 vana
2923 2835 3111 2906 gloria.

261 2929 554 2997 κενοδοξία.

1141 3243 1607 3304 οΒεειιγΑτιο
1631 3245 2138 3302 INTEBPRETIS
2175 3246 2272 3300 AD
2304 3244 2460 3302 CAP.
2492 3245 2604 3302 IV.

344 3359 547 3416 Vacare
571 3360 848 3417 Climacus
873 3349 994 3414 vult
1021 3358 1398 3430 religiosorum
1419 3361 1702 3432 praesidem
1733 3363 1885 3417 omni
1913 3362 2079 3415 animi
2097 3360 2493 3431 pertubatione,
2508 3367 2565 3416 et
2585 3359 2640 3414 in
2664 3373 2874 3415 summa
2906 3358 3074 3413 animi
3097 3358 3485 3427 tranquillitati-

267 3457 510 3512 alliciunt
541 3473 699 3512 suum
731 3444 1136 3522 administrare,
1167 3472 1329 3528 quam
1354 3457 1522 3512 animi
1564 3457 1914 3513 serenitatem
1938 3456 2098 3528 4³11
2136 3467 2190 3511 et
2214 3455 2664 3527 tranquillitatem
2702 3455 2757 3508 in
2792 3452 2963 3524 gradu
2997 3470 3125 3508 xxix
3162 3463 3318 3506 vocat
3343 3452 3484 3505 ἁπά-

269 3549 444 3613 θειαν,
479 3551 675 3605 caelum
699 3549 901 3616 cordis,
941 3549 1202 3619 palatium
1232 3551 1470 3621 supremi
1509 3551 1669 3620 regis,
1695 3552 1942 3621 corporis
1992 3551 2146 3621 quasi
2199 3551 2483 3606 mortalem
2523 3549 2816 3623 quamdam
2851 3549 3335 3604 immortalitatem.
3373 3545 3488 3598 Rc-

272 3645 598 3712 prehensum
625 3644 851 3699 veniunt
877 3643 1122 3698 nonnulli
1146 3642 1222 3714 (a)
1254 3644 1396 3698 hanc
1432 3643 1656 3698 Climaci
1703 3644 2048 3710 sententiam,
2089 3643 2380 3713 potiusque
2414 3643 2568 3698 illum
2609 3641 2851 3697 Stoicum
2902 3656 3065 3711 quam
3097 3640 3492 3701 Christianum,

275 3745 369 3790 aut
399 3737 694 3790 humanum
726 3743 1010 3793 autumant
1061 3735 1167 3790 Sed
1195 3735 1340 3790 haud
1362 3735 1479 3790 scio
1505 3735 1699 3806 jurene
1728 3751 1796 3789 an
1827 3735 2045 3804 injuria.
2077 3735 2302 3788 Planum
2345 3743 2428 3789 est
2457 3734 2765 3788 Stoicorum
2797 3735 3094 3795 decretum,
3125 3733 3238 3796 irae,
3264 3733 3476 3800 cupidi-

219 3861 250 3906 θ
277 3832 387 3894 nis,
407 3839 462 3882 et
485 3828 816 3898 reliquorum
845 3829 1006 3883 etiam
1029 3830 1193 3884 libras
1217 3829 1506 3884 allectuum
1533 3831 1826 3895 elidendas,
1860 3829 2152 3898 omniaque
2179 3827 2536 3883 vitiositatum
2560 3836 2615 3882 et
2642 3828 2893 3882 vitiorum
2914 3827 3177 3880 elementa
3197 3827 3491 3881 eradenda.

275 3920 394 3976 Non
430 3922 572 3990 legat
602 3919 825 3975 Latinus
850 3920 1203 3990 philosophus
1229 3923 1302 3990 (ὁ)
1331 3923 1476 3998 iram
1508 3925 1560 3976 in
1590 3923 1764 3978 solum
1805 3921 2074 3976 hominem
2103 3920 2318 3985 cadere,
2347 3930 2673 3998 essetamcn
2712 3929 2899 3975 contra
2953 3931 3200 3974 naturam
3235 3920 3482 3976 aliirtnat.

276 4011 593 4068 Aristoteles
621 4013 692 4082 (c)
722 4027 843 4067 cum
883 3995 1364 4080 Peripateticorum
1396 4012 1650 4080 concilio,
1677 4012 1830 4070 Plato
1859 4014 1939 4086 (ά)
1958 4028 2082 4068 cum
2124 4015 2450 4070 Academico
2480 3995 2696 4079 senatu,
2729 4013 2866 4068 iram
2899 4029 3005 4068 non
3032 4013 3254 4068 omnino
3282 4028 3348 4068 ex
3389 4015 3490 4068 liu-

277 4119 444 4158 utam)
467 4117 680 4174 pectore
707 4105 1093 4161 excludendam
1121 4106 1460 4175 decernunt:
1503 4122 1644 4178 saepe
1698 4108 1884 4163 utilem
1922 4123 2065 4162 esse.
2117 4107 2224 4174 Ira,
2287 4108 2465 4179 inquit
2521 4107 2862 4172 Aristoteles,
2905 4106 3222 4162 necessaria
3256 4092 3373 4172 est,
3399 4123 3496 4161 nec

278 4197 576 4268 quidquam
604 4200 724 4252 sine
744 4198 836 4252 illa
862 4200 1161 4268 expugnari
1194 4208 1392 4270 potest,
1453 4200 1554 4254 nisi
1614 4197 1704 4254 illa
1759 4201 1982 4269 impleat
2030 4201 2294 4265 animum,
2321 4210 2376 4254 et
2403 4199 2654 4270 spiritum
2689 4199 2970 4256 accendat.
3009 4196 3278 4253 Utendum
3311 4206 3493 4254 autem

279 4297 374 4352 illa
397 4303 480 4351 est
510 4310 614 4350 non
651 4305 709 4350 ut
743 4293 908 4362 duce,
926 4294 1020 4350 sed
1065 4304 1122 4349 ut
1151 4295 1341 4349 milite.
1393 4293 1588 4350 Noster
1623 4296 1899 4352 Climacus
1924 4306 2007 4352 est
2057 4297 2109 4349 in
2135 4310 2205 4348 ea
2237 4293 2532 4358 sententia,
2557 4302 2613 4348 et
2635 4292 2771 4346 iram
2800 4301 2854 4346 et
2879 4305 3071 4346 omnes
3099 4289 3268 4343 animi
3305 4290 3500 4346 noxios

279 4387 511 4444 allectus
537 4387 751 4457 penitus
772 4388 1077 4452 emendos,
1097 4390 1242 4459 quod
1279 4397 1334 4442 et
1363 4387 1571 4443 Seneca
1592 4389 1749 4444 docet
1765 4389 1858 4457 (ε),
1881 4397 1936 4442 et
1963 4401 2156 4442 ormics
2189 4385 2429 4456 religiosi
2452 4384 2574 4450 viri,
2605 4383 2700 4454 qui
2748 4382 2896 4436 illum
2941 4381 3322 4436 viuccndortttn
3371 4386 3499 4438 all'e-

281 4489 470 4537 ctuum
496 4489 774 4554 conatum,
795 4480 1080 4550 νέχρωσιν,
1099 4479 1272 4535 nostri
1295 4479 1552 4549 religiosa
1579 4494 1734 4546 voce,
1761 4479 2222 4549 mortiﬁcationem
2257 4480 2551 4551 appellant,
2581 4494 2650 4534 ex
2672 4492 2778 4547 qua
2816 4476 2912 4531 illa
2939 4476 3140 4534 mentis
3161 4487 3214 4532 et
3246 4481 3494 4549 corporis

283 4571 574 4640 tranquilla
595 4573 862 4624 serenitas
891 4570 1172 4636 redundat,
1201 4571 1281 4625 uti
1305 4571 1483 4626 victor
1506 4571 1592 4626 sui
1618 4571 1766 4627 velut
1784 4570 1842 4626 in
1873 4573 1987 4628 alta
2005 4572 2310 4628 collocatus
2329 4573 2571 4644 specula,
2607 4568 2866 4625 interiora
2888 4570 3079 4625 omnia
3114 4579 3500 4642 tempestatum

281 4662 464 4716 ventis
489 4663 710 4730 agitata,
744 4667 802 4713 et
832 4659 1106 4712 turbinum
1134 4659 1387 4730 procellis
1405 4674 1671 4716 concussa
1696 4677 1760 4716 ex
1794 4671 1912 4716 tuto
1944 4677 2171 4719 securus
2193 4665 2492 4733 despiciat:
2527 4659 2699 4731 possit
2727 4668 2935 4728 tamen,
2986 4663 3032 4718 si
3062 4662 3210 4724 velit,
3242 4663 3376 4716 iram
3411 4671 3501 4715 aut

283 4772 665 4833 quemcunque
692 4756 939 4810 allectum
970 4754 1036 4808 ad
1061 4765 1275 4826 tempus
1298 4770 1597 4820 assumere.
1621 4757 1703 4812 vel
1725 4757 1793 4827 (Ι)
1813 4757 2070 4814 simulare
2091 4759 2287 4830 potius.
2306 4757 2535 4812 Proinde
2557 4756 2741 4813 nescio
2758 4772 2829 4814 an
2851 4757 3113 4814 Joannem
3138 4757 3430 4813 Gersom-m
3453 4763 3501 4807 et

287 4856 603 4928 Dionysium
628 4851 1070 4913 Cartlmsianum.
1098 4859 1296 4905 caztera
1325 4860 1546 4907 sanctos
1571 4851 1740 4914 viros,
1761 4865 1867 4905 non
1881 4853 2144 4921 paenitere
2167 4853 2358 4908 debeat
2385 4851 2686 4915 sententiae,
2722 4867 2846 4908 cum
2873 4853 2960 4908 ille
2983 4854 3188 4909 notavit
3209 4850 3504 4906 Climacum

291 4969 360 5005 πε
369 4953 424 5022 pi,
443 4945 750 5022 μετανοίας,
774 4945 862 4998 Ιιίο
887 4943 1122 5014 καὶπερὶ
1144 4943 1434 5008 ἀπαθείας,
1453 4961 1574 4999 cum
1603 4946 1653 4999 in
1671 4946 1863 5016 quinto
1877 4963 1958 5015 gr:

1835 4947 2049 5015 ugradu
2074 4961 2178 5001 non
2210 4944 2277 5000 de
2299 4946 2635 5014 praseripto,
2661 4948 2752 5002 sed
2787 4947 3090 5002 voluntario
3116 4946 3294 5000 studio
3317 4960 3502 5015 poena-

290 5064 439 5108 rum,
470 5040 1051 5115 atquepwnitentium
1109 5049 1264 5108 agat,
1304 5055 1608 5110 quanquam
1671 5041 1823 5096 locus
1854 5053 2036 5097 certus
2055 5051 2111 5096 et
2139 5040 2350 5094 vivendi
2383 5041 2579 5095 modus
2613 5041 3004 5110 pandentibus
3034 5049 3182 5094 esset
3211 5042 3508 5107 generatim

291 5138 570 5201 deﬁnitus,
593 5134 834 5206 plerique
871 5141 1050 5186 tamen
1080 5146 1179 5186 sua
1211 5144 1400 5202 sponte
1430 5134 1605 5203 animi
1637 5135 1810 5188 tmdto
1834 5137 2175 5207 gravioribus
2209 5140 2268 5189 se
2294 5135 2678 5189 alllictionilms
2710 5135 3028 5197 multabant,
3063 5133 3325 5187 mirandis
3359 5147 3506 5192 certe

292 5233 344 5292 si
369 5247 477 5287 non
503 5227 781 5286 imitandis
799 5243 814 5292 ;
844 5224 937 5280 sed
949 5223 1018 5278 de
1031 5222 1200 5278 animi
1223 5225 1706 5295 tranquillitate,ct
1729 5231 1974 5284 omnium
1990 5225 2342 5298 cupiditatum
2360 5211 2771 5296 exstirpatione,
2797 5243 2864 5283 ex
2877 5240 2983 5296 qua
3001 5225 3247 5281 nascitur
3263 5227 3355 5284 illa
3368 5231 3507 5283 ἀπά-

293 5329 420 5387 θεια
467 5335 523 5380 et
571 5338 766 5381 secura
793 5316 1076 5396 serenitas,
1107 5319 1290 5374 minus
1325 5320 1588 5375 laudarim
1649 5320 1881 5378 aliorum
1911 5322 2305 5394 opinatioiiem,
2334 5323 2428 5393 qui
2463 5322 2613 5378 illam
2631 5324 2913 5383 damnant,
2940 5329 3035 5375 aut
3063 5321 3318 5390 quiddam
3351 5323 3503 5392 quasi

297 5421 558 5479 ἀδύνατον
579 5422 822 5477 censent,
857 5426 980 5469 cum
1008 5410 1068 5465 D.
1095 5409 1294 5469 Paulus
1321 5415 1374 5468 in
1400 5413 1616 5469 Litteris
1651 5414 1718 5469 ad
1754 5415 2070 5472 Corinthios
2119 5416 2303 5471 missis
2359 5417 2506 5470 illam
2556 5417 2727 5486 ipsam
2759 5414 3000 5468 videatur
3027 5413 3356 5484 depinxisse.
3387 5429 3509 5466 cum

369 5583 450 5646 (α)
486 5583 694 5638 Gerson
724 5623 739 5647 ,
771 5582 1064 5653 Dionysius
1104 5581 1520 5640 Carthusiauus.
1549 5552 1556 5560 ⁸
2030 5581 2099 5653 (ι’)
2133 5581 2194 5635 C.
2239 5584 2290 5638 9.
2325 5581 2419 5638 lib.
2453 5597 2470 5636 ι
2506 5583 2578 5638 Ile
2613 5585 2713 5637 ira.
2815 5652 2821 5653 γ
3153 5649 3163 5653 _
3343 5644 3370 5653 ν

369 5644 447 5722 (δ)
479 5644 785 5722 δευεςαφ
913 5644 931 5653 ⁷
1289 5685 1294 5690 ·
1974 5719 1991 5722 Α
2031 5644 2096 5717 (Π
2128 5653 2330 5710 Seneca
2359 5655 2522 5710 etiam
2560 5652 2915 5711 simulandam
2971 5654 3103 5707 it‘utlt
3135 5649 3288 5704 docet
3342 5644 3435 5700 lib.
3476 5658 3519 5700 tt-

372 5719 446 5786 (r)
475 5721 591 5779 Lib.
635 5739 688 5775 Ill
743 5721 908 5776 Ethic.
1960 5719 2034 5778 Dc
2069 5723 2168 5790 ira,
2200 5742 2248 5781 ς.
2294 5723 2374 5779 14.

374 5793 457 5865 (ά)
487 5792 563 5850 De
592 5794 715 5862 llcp.
756 5802 810 5849 et
838 5795 958 5850 aliis
990 5793 1127 5850 lucis
