4222 6448
773 370 905 432 l'liS
2015 364 2070 421 S.
2101 363 2129 422 J
2138 361 2338 420 (tANN
2347 361 2416 420 IS
2453 359 2753 419 CUMACI
3859 355 3998 418 1176

765 479 1047 534 charitatis
1071 487 1319 530 naturain
1349 486 1403 531 et
1428 475 1614 531 elTecta
1650 475 1890 545 dcpinvit
1921 493 1934 529 :
1960 474 2232 538 Charitas,
2268 473 2462 542 inquit,
2490 476 2696 540 patiens
2737 482 2837 535 est,
2871 473 3089 540 benigna
3121 479 3236 532 est;
3270 470 3506 525 clmritas
3528 486 3631 524 non
3681 468 3992 534 cumulatur,

763 587 864 623 non
889 571 996 639 agit
1033 585 1324 636 perperam,
1357 585 1458 621 non
1489 567 1737 634 inflatur,
1774 583 1878 620 non
1925 576 2002 620 est
2034 567 2338 625 ambitiosa,
2365 581 2466 619 non
2517 565 2703 634 quaerit
2755 580 2871 632 qua:
2914 580 3010 617 sua
3055 574 3197 624 sunt,
3223 579 3323 615 non
3356 563 3624 625 irritatur,
3654 577 3758 614 non
3787 562 3988 629 cogitat

760 665 980 723 malum,
1005 676 1106 712 non
1136 661 1324 726 gaudet
1353 675 1508 726 super
1544 660 1842 726 iniquitate,
1866 659 2158 726 congaudet
2184 668 2357 710 autem
2391 658 2598 710 veritati
2633 673 2652 710 :
2679 658 2856 709 onmia
2885 655 3107 722 suffert,
3137 656 3319 710 omnia
3354 654 3546 719 credit,
3572 655 3756 708 omnia
3785 663 3990 720 sperat.

761 755 937 808 omnia
961 755 1174 806 sustinet
1210 764 1254 805 ο.
1292 751 1408 806 Non
1449 753 1665 807 videtur
1693 752 1798 819 tibi
1835 752 1925 807 hic
1957 753 2011 807 in
2041 768 2260 807 sunnno
2291 753 2485 807 allecto
2516 750 2896 808 sine‘all‘ectu?
2924 765 3106 806 nonne
3128 761 3213 806 est
3239 765 3506 807 exsensus
3536 751 3630 822 qui
3663 749 3848 805 omnia
3878 746 3991 802 sul-

759 838 881 908 'crt,
903 848 1084 899 onmia
1113 845 1386 900 sustinet?
1412 845 1537 900 talis
1567 854 1652 899 est
1671 844 1913 900 ἀπάθεια
1943 844 2190 908 Climaci,
2222 844 2313 900 hic
2347 844 2426 897 ἀπ

2347 843 2594 913 ἀπαθής,
2626 844 2718 913 qui
2751 843 2993 899 sentiens
3093 860 3128 905 ss
3171 843 3361 908 sentit,
3388 841 3583 898 videns
3643 856 3752 897 non
3810 837 3985 909 videt,

755 947 915 1000 quem
944 951 1042 988 nec
1072 935 1246 988 aliena
1267 942 1484 1004 torquet
1512 933 1716 988 invidia
1753 947 1852 1004 per
1888 931 2312 997 aeinulationem,
2343 945 2446 986 nec
2475 931 2687 986 extollit
2708 931 2935 986 scientia
2951 947 3035 1002 per
3072 932 3409 1002 superbiam,
3459 945 3560 988 nec
3584 929 3733 986 ladit
3785 927 3990 998 injuria

753 1026 1188 1092 t'alututtiutot'is,
1227 1035 1283 1080 et
1312 1040 1437 1095 qua:
1461 1033 1590 1080 sunt
1626 1024 1711 1079 his
1743 1023 1982 1093 gemina,
2024 1022 2225 1094 quibus
2262 1022 2500 1080 humana
2531 1020 2746 1092 fatigari
2774 1021 2917 1078 solet
2955 1021 3239 1092 patientia.
3278 1019 3502 1077 Possem
3531 1033 3654 1092 ego.
3683 1017 3731 1074 si
3760 1017 3988 1073 institu-

753 1129 867 1174 tum
905 1120 1184 1187 haberem,
1228 1137 1294 1176 ex
1326 1120 1525 1176 litteris
1566 1133 1926 1191 paganorum,
1969 1126 2026 1172 et
2058 1111 2893 1173 Christianorummonumentis
2924 1115 3188 1188 syllabam
3223 1125 3407 1171 texere
3435 1121 3717 1186 pectorum
3761 1107 3988 1166 mitissi-

751 1230 988 1279 rsorum,
1019 1232 1141 1286 qua:
1171 1216 1257 1271 vel
1300 1230 1582 1284 nunquam
1625 1212 1979 1276 irriuua,vel
2020 1212 2168 1268 illico
2201 1221 2456 1268 revocata
2505 1227 2691 1268 necem
2731 1212 2824 1266 ira:
2859 1209 3112 1275 intulere,
3153 1210 3404 1280 quamvis
3430 1207 3497 1262 ad
3539 1203 3984 1262 inﬂammandam

752 1320 846 1359 ll‘tB
875 1306 1190 1361 incendium
1219 1319 1328 1360 non
1362 1307 1616 1361 deessent
1644 1305 1952 1359 ciuillones.

819 1397 885 1452 ιιι
924 1398 1173 1468 quamvis
1214 1398 1493 1454 Climacus
1531 1412 1727 1452 oumes
1769 1397 1935 1450 :niimi
1967 1394 2401 1466 perturbationes
2437 1395 2510 1449 ita
2551 1396 2738 1465 cupiat
2782 1385 3012 1460 deletas,
3039 1403 3100 1448 ut
3141 1393 3347 1448 nullum
3389 1393 3790 1464 quodammodo
3815 1395 3981 1449 vesti-

750 1489 895 1554 tiium
933 1489 985 1541 in
1032 1489 1189 1542 nobis
1235 1505 1424 1544 earum
1465 1488 1729 1552 resideat,
1775 1496 1954 1540 tatnen
1990 1486 2179 1540 ultima
2223 1485 2370 1538 illius
2411 1485 2680 1539 sententia
2727 1484 2777 1539 ei
2808 1483 3068 1548 decurrit,
3115 1493 3174 1538 ut
3216 1483 3423 1554 sopitas
3452 1485 3576 1538 velit
3609 1483 3787 1552 potius
3815 1499 3978 1553 quam

749 1582 969 1634 sumino
1001 1585 1333 1648 cxstinctas;
1371 1595 1428 1638 ut
1473 1599 1597 1636 cum
1650 1597 1782 1635 usus
1829 1591 1934 1643 est,
1974 1582 2183 1650 possint
2237 1580 2386 1634 velut
2427 1595 2589 1635 canes
2634 1580 2882 1645 excitari,
2920 1589 2976 1635 et
3020 1579 3088 1635 ad
3116 1579 3259 1637 feras
3291 1580 3538 1634 vitiorum
3582 1580 3980 1649 persequendas

748 1661 985 1729 adhiberi
1023 1691 1036 1727 :
1069 1678 1147 1732 sic
1177 1689 1380 1739 tamen,
1418 1687 1476 1732 ut
1501 1676 1744 1732 venatori
1793 1691 1903 1730 non
1946 1677 2168 1736 obsint;
2210 1689 2311 1730 nec
2339 1676 2602 1744 impetum
2642 1676 2698 1730 in
2728 1674 2879 1730 illum
2917 1684 3196 1739 exserant,
3220 1673 3315 1728 sed
3352 1672 3408 1728 in
3451 1685 3692 1729 monstra
3712 1674 3980 1752 duntaxat

746 1769 1022 1824 vitiorum.
1057 1767 1242 1838 itaque
1270 1769 1463 1838 ligatos
1501 1779 1556 1824 ct
1582 1769 1649 1824 ad
1687 1778 1878 1823 nutum
1909 1767 2118 1823 domini
2146 1769 2259 1822 vult
2301 1777 2541 1837 paratos,
2572 1783 2680 1822 non
2707 1783 2868 1823 secus
2900 1782 3064 1838 quam
3095 1767 3156 1832 ii,
3195 1766 3288 1836 qui
3325 1766 3665 1822 histrioniam
3699 1775 3978 1828 exercent,

743 1875 792 1916 et
830 1877 927 1920 aut
956 1867 1160 1935 regiam
1193 1865 1424 1921 induunt
1449 1882 1777 1935 personam;
1809 1873 1905 1919 aut
1929 1864 2084 1918 ducis
2111 1865 2418 1933 copiarum,
2462 1863 2528 1917 ad
2559 1879 2792 1933 quorum
2839 1862 3066 1933 imperia
3093 1862 3247 1917 miles
3277 1861 3362 1916 vel
3393 1862 3643 1931 expediat
3679 1875 3854 1926 arma,
3899 1868 3977 1918 vlt

743 1966 946 2024 ponat;
977 1967 1068 2010 aut
1097 1959 1376 2014 exercitati
1413 1957 1642 2029 Ulyssis,
1678 1958 1771 2028 qui
1799 1967 2085 2012 ventorum
2117 1958 2324 2011 rabiem
2367 1967 2486 2011 utre
2523 1957 2764 2011 clausam
2805 1967 3006 2018 teneat,
3043 1957 3294 2026 laxatque
3321 1970 3444 2010 cum
3472 1957 3857 2026 navigandum.
3887 1967 3978 2010 aut

741 2047 1054 2118 restringat.
1084 2064 1204 2102 cum
1240 2050 1656 2119 quiescendum.
1703 2049 1947 2121 Longius
1977 2050 2199 2118 quidam
2239 2065 2302 2102 ex
2336 2049 2533 2116 priscis
2565 2050 2618 2102 in
2646 2063 2708 2103 ea
2733 2063 2791 2103 re
2828 2047 3122 2119 progressi,
3149 2039 3423 2102 hominem
3452 2063 3613 2117 prupc
3634 2064 3700 2103 ex
3733 2048 3976 2111 homine,

739 2156 1041 2210 corpusque
1078 2157 1140 2194 cx
1175 2157 1402 2212 corpore
1428 2143 1710 2207 tollebant,
1749 2143 1825 2196 uti
1863 2151 2087 2198 sanctus
2116 2141 2481 2211 Hieronymus
2513 2141 2751 2211 disputat
2782 2145 2890 2208 ta);
2919 2151 2972 2194 et
3005 2139 3292 2208 Evagriunt
3319 2139 3599 2194 Ponticum
3649 2139 3978 2212 llyperbori-

739 2241 846 2284 tam
877 2234 996 2300 ejus
1025 2235 1289 2299 ἀπαθείας
1326 2245 1604 2291 auctorem
1638 2237 1783 2291 Velut
1821 2235 2188 2306 Origenistam
2223 2234 2490 2298 nominat,
2515 2249 2742 2304 cumque
2783 2234 3108 2287 sententiam
3147 2249 3178 2287 a
3208 2231 3514 2287 Stoicorum
3545 2235 3692 2288 fonte
3724 2249 3978 2288 manasse

738 2323 920 2377 tradit.
954 2324 1176 2380 Tractat
1214 2329 1278 2382 de
1307 2327 1411 2382 hac
1445 2329 1938 2397 iinperturhatione
1965 2342 2061 2382 seu
2087 2325 2524 2396 impossibilitate
2562 2329 2644 2396 (ut
2671 2333 2894 2380 sanctus
2925 2323 3286 2394 Hieronymus
3324 2324 3733 2394 interpretatur)
3765 2341 3861 2380 seu
3898 2326 3977 2378 in-

735 2417 994 2480 dolentia,
1029 2429 1085 2472 ut
1112 2419 1306 2474 Cicero
1347 2419 1608 2488 loquitur.
1642 2436 1738 2474 seu
1771 2419 1940 2476 animi
1967 2419 2381 2488 tranquillitate,
2415 2426 2470 2473 et
2510 2418 2752 2473 omnium
2795 2417 3263 2486 perturbationum
3296 2417 3580 2472 vacatione
3619 2415 3976 2474 doctissimus

733 2517 788 2560 et
837 2509 1278 2576 religiosissimus
1329 2523 1514 2567 noster
1563 2512 1874 2568 Uerum-dus
1905 2511 2275 2581 Rosiguolius,
2326 2512 2420 2566 lib.
2455 2527 2492 2565 ll
2529 2511 2601 2564 De
2631 2511 2914 2578 disciplina
2966 2509 3284 2566 Christiana:
3332 2510 3689 2579 perfectionis,
3730 2525 3852 2579 cap.
3883 2511 3973 2563 27v

735 2610 862 2660 toto,
898 2601 986 2656 ubi
1021 2613 1074 2656 et
1103 2603 1403 2659 Cliinacum
1444 2607 1527 2660 his
1568 2605 1749 2661 verbis
1785 2605 1949 2678 472
1978 2608 2164 2661 laudat.
2193 2626 2207 2660 ;
2236 2605 2470 2660 Joannes
2496 2603 2762 2660 Climacus
2801 2603 3087 2674 Evagrium
3120 2602 3399 2657 Ponticum
3427 2609 3523 2657 hoc
3552 2605 3764 2658 nomine
3799 2620 3974 2673 repre-

732 2695 930 2754 hendit,
976 2707 1166 2747 ttoltms
1194 2697 1307 2765 ejus
1337 2698 1607 2750 ἀπάθειαν
1636 2699 1846 2753 nomine
1877 2699 2176 2752 alacritatis
2208 2713 2429 2753 sensus:
2459 2700 2584 2769 quia
2623 2699 2868 2768 fortassis
2894 2697 2992 2750 hoc
3025 2713 3142 2752 eam
3172 2699 3281 2763 ipse
3321 2696 3527 2751 nomine
3561 2696 3887 2765 appellabat,
3914 2711 3975 2754 tu

730 2785 945 2853 facilius
973 2787 1299 2852 simplicibus
1331 2789 1573 2845 illuderet
1597 2809 1617 2845 :
1648 2795 1783 2846 unde
1810 2793 2052 2860 effectum
2077 2809 2282 2861 quoque
2309 2802 2406 2855 est,
2437 2801 2494 2844 ut
2521 2792 2738 2862 quidam
2767 2803 2984 2847 sanctus
3013 2792 3093 2846 vir
3121 2791 3217 2857 (ὁ),
3242 2791 3331 2860 qui
3364 2791 3657 2842 natationes
3684 2789 3739 2842 in
3771 2787 3974 2844 Clima-

729 2894 845 2929 cnm
871 2878 1058 2940 edidit,
1091 2883 1401 2934 sententiam
1427 2884 1541 2950 ejus
1569 2886 1782 2937 minime
1817 2895 2085 2938 assecutus
2120 2901 2332 2937 sensum
2365 2881 2583 2952 Evagrii
2611 2886 2752 2937 dicto
2779 2883 3003 2938 Climaci
3037 2883 3328 2952 pra-'ferret.
3369 2881 3492 2937 Non
3523 2883 3602 2935 ita
3636 2882 3973 2935 doctissimus

728 2981 879 3029 “litae
911 2967 1304 3022 illustrissimus
1346 2971 1636 3025 cardinalis
1667 2973 1849 3026 (ἰωνίαν
1888 2972 2150 3026 Baronius
2181 2988 2200 3026 :
2249 2973 2293 3026 is
2340 2972 2482 3026 enim
2513 2973 2795 3027 historiam
2820 2973 3087 3035 ἀπαθείας
3135 2990 3382 3036 narrans,
3412 2973 3567 3042 plane
3610 2989 3818 3026 sensum
3860 2971 3974 3027 Cli-

728 3064 864 3114 maci
893 3077 1164 3119 assecutus
1191 3083 1310 3119 eum
1353 3067 1702 3132 commendat,
1739 3077 1789 3121 et
1823 3066 2132 3138 Eeagrium,
2163 3078 2220 3120 nt
2250 3070 2438 3138 dignus
2476 3081 2577 3130 est,
2626 3073 2868 3126 damnat.
2921 3069 3047 3124 Haec
3092 3068 3458 3140 llosignolius.
3491 3067 3760 3124 Batonius
3788 3079 3970 3123 autem

721 3150 793 3207 ‘de
830 3155 1058 3226 Evagrio
1081 3159 1153 3225 (ε)
1185 3176 1198 3210 :
1227 3157 1328 3212 Sed
1351 3159 1441 3226 qui
1478 3158 1829 3212 indolentiam
1868 3159 2094 3214 stoicum
2131 3161 2186 3212 in
2216 3158 2511 3215 Ecclesium
2540 3161 2871 3216 introducere
2907 3168 3128 3214 conatus
3160 3168 3259 3219 est,
3288 3157 3644 3226 hominemque
3673 3157 3858 3210 statim
3901 3160 3974 3211 ad

721 3245 927 3299 rulrnen
965 3249 1302 3315 perfectionis
1334 3252 1473 3302 erebi
1505 3268 1538 3303 a
1577 3267 1631 3303 se
1660 3268 1812 3319 posse
1846 3254 2043 3306 iisdem
2075 3255 2287 3319 scriptis
2315 3253 2683 3319 pollicebatur,
2713 3270 2773 3308 eo
2801 3253 3008 3307 nomine
3045 3251 3111 3305 ab
3145 3251 3269 3305 aliis
3293 3252 3500 3305 derisus
3523 3261 3600 3304 est
3624 3265 3644 3303 :
3666 3265 3792 3302 nam
3833 3252 3973 3304 inter

722 3338 857 3392 alios
892 3343 1002 3394 lure
1035 3340 1249 3394 σιὶιιιια
1281 3343 1344 3394 de
1369 3359 1428 3396 co
1456 3357 1473 3394 :
1498 3343 1704 3410 putarit
1757 3341 2019 3414 Euagrius
2053 3346 2506 3412 sapientissimum
2533 3363 2588 3398 se
2625 3347 2858 3399 omnium
2894 3345 3178 3398 alacritate
3223 3358 3403 3397 sensus
3427 3343 3565 3409 fieri,
3607 3341 3696 3395 sed
3727 3341 3969 3409 fraudem

719 3449 908 3525 passus
943 3433 1043 3486 sibi
1081 3435 1326 3487 tttettlilus
1361 3446 1409 3488 et
1455 3437 1633 3501 miser,
1680 3438 2140 3506 insipientiumque
2169 3438 2634 3505 insipientissimns
2665 3454 2729 3492 ea:
2754 3439 2850 3491 hoc
2877 3439 2990 3505 ipso
3023 3447 3282 3491 ostensus.
3324 3433 3449 3489 Ilaec
3479 3433 3747 3490 Baronius
3779 3449 3846 3488 ex
3883 3435 3969 3488 in-

720 3536 954 3594 terprete
1004 3527 1230 3582 Climaci
1296 3545 1403 3582 non
1439 3531 1640 3598 ubique
1691 3531 1896 3599 optimo
1936 3533 2039 3601 (ιι).
2077 3529 2194 3586 Non
2230 3532 2557 3601 exprimitur
2593 3533 2768 3595 locus,
2805 3546 2902 3586 nec
2931 3529 3133 3601 gradus
3180 3545 3246 3584 ex
3279 3527 3522 3582 Climaco
3554 3543 3570 3580 :
3598 3538 3654 3582 et
3690 3527 3970 3582 Climacus

721 3622 855 3673 nihil
889 3624 1019 3692 περὶ
1045 3623 1314 3687 ἀπαθείας
1349 3640 1441 3678 seu
1486 3627 1785 3695 indolentia
1821 3627 1874 3680 in
1904 3627 1997 3681 illo
2032 3628 2201 3696 gradu
2251 3638 2468 3693 tractat,
2511 3629 2563 3682 in
2595 3643 2705 3698 quo
2737 3628 2852 3682 hzec
2889 3628 3052 3682 verba
3087 3626 3367 3695 leguntur;
3395 3623 3488 3677 sed
3515 3621 3580 3677 de
3607 3623 3733 3693 gula
3760 3630 3818 3676 et
3843 3621 3971 3674 abs-

717 3711 947 3769 tinentia
988 3729 1086 3769 seu
1120 3714 1350 3785 jejunio.
1383 3716 1558 3787 Caput
1610 3735 1708 3773 seu
1742 3720 1942 3789 gradus
1971 3730 2055 3775 cst
2085 3735 2184 3774 xm
2217 3738 2230 3771 :
2258 3721 2384 3790 περὶ

2304 3721 2388 3790 apt
2419 3721 2518 3789 τῆς
2541 3718 2820 3788 παμφίλου
2852 3720 2946 3772 καὶ
2978 3717 3262 3787 δεσποίνης
3303 3718 3543 3789 πονηρᾶς
3568 3714 3825 3784 γαστρός,
3853 3713 3970 3768 sive

718 3814 777 3858 ιιι
814 3814 899 3858 est
949 3805 1001 3858 in
1044 3809 1280 3874 generali
1333 3809 1511 3862 indice
1558 3812 1687 3880 περὶ
1732 3812 2007 3879 νηστείας,
2042 3812 2106 3865 de
2155 3822 2306 3881 grato
2332 3812 2574 3865 omnibus
2618 3820 2667 3864 et
2713 3810 2853 3864 mala
2880 3811 3191 3878 imperatore
3231 3820 3420 3869 rentre,
3466 3811 3581 3864 sive
3626 3808 3692 3862 de
3730 3807 3993 3884 jejunio”

715 3893 886 3950 Porro
919 3898 984 3950 de
1015 3899 1267 3964 Evagrio
1313 3902 1592 3956 Clitnarus
1628 3879 1680 3956 in
1717 3904 1822 3958 hoc
1867 3905 2063 3973 capite,
2094 3879 2171 3958 dei
2191 3904 2340 3973 gula,
2402 3903 2520 3959 hazc
2561 3919 2661 3959 sua
2715 3904 2914 3973 lingua,
2960 3901 3168 3968 Grates,
3205 3903 3450 3971 inquam,
3501 3901 3707 3956 tradit:
3749 3879 3984 3970 Ἐδὸκη-ί’

728 4006 822 4042 cev
850 3995 928 4059 (τι)
959 3992 988 4042 ὀ
1011 3992 1267 4060 θεήλατος
1304 3995 1570 4066 Εὐάγριος
1602 3996 1713 4048 τῶν
1757 3997 1938 4065 σοφῶν
1972 3997 2276 4069 σοφώτερος
2309 4001 2374 4069 τῇ
2421 4001 2669 4070 προφορᾷ
2709 4000 2808 4054 καὶ
2833 4001 2943 4062 τοῖς
2969 4003 3200 4069 νοήμασι
3227 3995 3498 4063 γενέσθαν
3525 3995 3638 4047 ἀλλ’
3669 3996 3906 4066 ἐψεύσθη
3936 3997 3968 4048 ὁ

711 4079 940 4145 δείλαιος
954 4084 1064 4136 τῶν
1095 4086 1346 4154 ἁςρρόνων
1375 4091 1562 4155 φανεὶς
1585 4089 1980 4160 appenso-rapo;
2026 4092 2085 4142 ἐν
2125 4092 2338 4152 πολλοῖς
2388 4093 2507 4160 μὲν,
2545 4091 2685 4161 πλὴν
2714 4093 2804 4145 καὶ
2824 4093 2883 4144 ἐν
2904 4090 3096 4164 τούτῳο
3125 4090 3259 4158 φηςι
3284 4090 3390 4158 γὰρ
3424 4088 3663 4162 ὁπηνίκα
3688 4091 3967 4160 διαφόρων

712 4175 1019 4242 βρωμάτων
1046 4177 1305 4246 ἐπιθυμεῖ
1335 4179 1490 4246 ἡμῶν
1520 4179 1690 4250 ψυχὴ.
1728 4184 1786 4233 ἐν
1807 4183 1960 4252 ἄρτῳ
1995 4184 2089 4236 καὶ
2118 4183 2270 4236 ὕδατι
2301 4183 2605 4236 στενούσθω
2628 4199 2640 4212 ’
2670 4185 2854 4252 ὅμοιον
2878 4169 3013 4236 δὲ’-ει
3050 4181 3351 4253 προσέταξε
3370 4182 3445 4251 τῷ
3471 4185 3676 4238 εἰπόντι
3694 4184 3777 4255 τῷ
3809 4184 3966 4240 παιδὶ

709 4270 769 4322 ὲν
800 4268 944 4338 (lego
970 4269 1072 4336 ἐνὶ)
1096 4269 1174 4340 τῷ
1198 4272 1403 4341 βήματι
1429 4274 1612 4326 πᾶσαν
1639 4274 1884 4328 ἀνελθεῖν
1920 4277 2018 4347 τὴν
2047 4275 2310 4346 κλίμακα.
2343 4277 2376 4330 lt

2297 4317 2310 4329 .
2343 4277 2667 4346 lnterpretor
2699 4276 2810 4331 iure
2841 4275 2976 4330 meis
3006 4275 3208 4338 verbis,
3239 4291 3365 4330 nam
3394 4278 3530 4332 alios
3562 4277 3719 4332 video
3771 4280 3962 4346 procul

711 4381 742 4419 a
783 4377 966 4419 tuente
996 4365 1223 4420 Cliinaci
1260 4369 1502 4434 abiisse;
1541 4368 1656 4422 nilti
1687 4371 1834 4424 enim
1869 4371 1958 4425 hic
1986 4372 2054 4426 de
2105 4390 2289 4426 sensus
2319 4373 2604 4427 alacritate
2632 4371 2946 4426 Clitnacus:
2991 4368 3141 4423 Visus
3179 4380 3257 4423 est
3293 4370 3394 4424 sibi
3431 4369 3687 4438 Euagrius
3720 4370 3776 4437 (τι
3820 4370 3963 4423 malo

715 4459 812 4513 Dei
839 4461 988 4528 genio
1009 4461 1263 4524 agitatus)
1287 4476 1405 4512 cum
1433 4461 1690 4530 loquendo
1719 4472 1832 4514 tum
1875 4466 2154 4533 cogitando
2196 4466 2522 4532 sapientibus
2555 4463 2718 4532 fuisse
2745 4462 3060 4530 sapientior;
3091 4463 3181 4516 sed
3210 4461 3378 4530 falsus
3419 4469 3495 4514 est
3536 4460 3703 4514 animi
3746 4462 3960 4530 infelix,

708 4552 924 4626 quando
956 4551 1133 4604 stultis
1166 4552 1406 4606 omnibus
1442 4555 1676 4621 stultior,
1715 4571 1835 4608 cum
1861 4555 1915 4607 in
1942 4557 2123 4610 multis
2156 4557 2299 4622 aliis,
2351 4568 2462 4610 tum
2490 4556 2545 4608 in
2567 4556 2661 4607 hoc
2683 4553 3031 4623 deprehensus
3058 4565 3158 4617 est,
3186 4568 3306 4607 cum
3341 4552 3418 4604 ait
3446 4568 3465 4605 .'
3497 4551 3722 4616 Quando
3747 4556 3961 4606 animus

708 4655 888 4701 noster
916 4645 1068 4699 uaria
1095 4644 1331 4698 ciborum
1355 4662 1545 4714 genera
1582 4648 1871 4711 desiderat,
1904 4663 2039 4716 pane
2059 4659 2110 4702 et
2141 4665 2281 4718 aqua
2319 4656 2636 4711 macerctur,
2668 4647 2881 4716 perinde
2920 4648 3183 4711 hortatus,
3214 4656 3272 4700 ut
3305 4643 3415 4708 ille,
3447 4645 3538 4714 qui
3571 4662 3668 4700 suo
3691 4647 3961 4714 discipulo

708 4744 980 4812 prtccepit,
1020 4753 1077 4796 ut
1114 4761 1216 4798 uno
1240 4747 1382 4796 saltu
1411 4760 1590 4798 omnes
1618 4745 1782 4798 simul
1809 4747 1971 4800 scala:
2011 4748 2206 4816 gradus
2234 4746 2635 4800 transmitteret.
2680 4745 2806 4799 [late
2846 4743 2914 4798 de
2947 4741 3179 4811 Evagrio
3212 4739 3506 4805 Climacus,
3543 4741 3633 4796 ubi
3680 4742 3815 4796 nihil
3859 4743 3959 4796 ad-

707 4837 934 4891 modum
968 4845 1050 4889 est
1084 4836 1215 4904 περὶ
1252 4833 1540 4897 ἀπαθείας,
1595 4835 1690 4889 sed
1733 4835 1800 4889 de
1835 4836 1996 4905 gulaz,
2031 4846 2090 4890 ut
2130 4834 2304 4900 vides,
2341 4833 2720 4891 irritamentis.
2756 4830 2876 4887 Non
2917 4841 3046 4887 sunt
3089 4830 3328 4886 assecuti
3368 4831 3687 4901 interpretes
3729 4831 3820 4886 illa
3846 4831 3958 4885 Cli-

707 4927 850 4984 tnaci
881 4931 948 4998 τῇ
981 4930 1238 4998 apo-sapa“:
1267 4930 1360 4982 καὶ
1382 4930 1640 5000 νοήμασι.
1667 4944 1789 4996 quae
1817 4929 2154 4984 alacritate»:
2182 4945 2364 4983 sensus
2392 4927 2827 4983 Camaldulensis
2854 4925 3132 4981 transtulit
3152 4926 3334 4991 ;.nihil
3357 4927 3424 4982 ad
3450 4926 3618 4992 ﬁdes;
3648 4926 3955 4995 antiquior,

710 5025 1092 5092 arrogantimn,
1134 5032 1308 5075 totum
1354 5021 1427 5086 id,
1477 5025 1544 5092 τῇ
1585 5023 1840 5092 προφορᾷ
1869 5024 1961 5075 καὶ
1997 5025 2252 5095 νοήμασι,
2298 5023 2377 5077 nis

2298 5023 2402 5077 nisi
2443 5022 2604 5076 etiam
2635 5022 2892 5092 θεήλατος
2938 5021 3157 5088 adjecit.
3205 5018 3391 5090 itaque
3433 5035 3501 5076 ex
3535 5021 3637 5075 hoc
3683 5019 3804 5074 loco
3853 5033 3958 5072 nec

707 5113 974 5186 Evagrius
999 5115 1068 5168 de
1093 5111 1332 5182 ἀπαθείᾳ
1355 5114 1698 5181 reprehendi,
1729 5129 1829 5170 nec
1848 5113 2124 5170 Climacus
2150 5113 2358 5168 laudari
2391 5112 2459 5167 ab
2477 5113 2663 5186 eadem
2684 5120 2882 5183 potest,
2907 5129 3029 5166 eum
3056 5112 3186 5166 nihil
3209 5115 3276 5168 ad
3303 5130 3414 5168 rem
3438 5112 3658 5168 faciant.
3679 5111 3950 5167 (heu-rum

705 5210 994 5280 Evagiimn
1035 5224 1065 5261 a
1101 5225 1224 5261 vera
1254 5207 1540 5262 catholica:
1577 5209 1843 5264 doctrina:
1885 5224 2076 5263 norma
2107 5209 2394 5265 deﬂexisse
2425 5185 2632 5262 cerium
2669 5219 2774 5271 est,
2813 5205 2970 5274 cujus
2995 5207 3158 5261 etiam
3193 5208 3248 5262 in
3277 5201 3572 5263 hlitudiue
3600 5205 3792 5260 cellam
3830 5222 3947 5260 ma-

705 5306 792 5363 los
817 5301 1120 5356 inferorum
1146 5302 1347 5370 ho'spes
1373 5305 1681 5371 occupavit,
1713 5314 1773 5358 ut
1795 5319 1955 5359 nemo
1981 5306 2280 5361 secundum
2308 5299 2601 5372 Evagrium
2629 5301 2793 5357 illam.
2810 5310 2960 5358 tutus
2986 5302 3266 5359 incoleret.
3294 5300 3389 5358 Sic
3411 5301 3556 5357 enim
3579 5297 3666 5356 Jo.
3690 5299 3948 5358 Moschus

779 5473 803 5500 ε
838 5461 965 5512 Col“.
1000 5473 1116 5520 xm,
1158 5460 1184 5512 vi
1214 5487 1238 5498 -
1271 5461 1322 5512 7.

773 5576 851 5633 lu)
892 5572 1097 5643 _Cortlm
1136 5567 1447 5638 l'rlugianos
1502 5572 1570 5625 ad
1617 5571 2018 5642 Ctesiphontem.
2451 5576 2526 5641 (d)
2555 5568 2800 5630 Ambros.
2832 5577 3070 5643 (Iamald.

775 5647 848 5704 {in
887 5641 1104 5721 Illonis.
1136 5643 1321 5721 (iit-tit.
1515 5715 1524 5721 Α
1584 5716 1588 5721 .
1726 5716 1749 5721 __
2455 5651 2525 5718 (ιι)
2559 5645 2634 5700 Ex
2675 5663 2776 5707 Ius,
2822 5641 3007 5705 Graeco
3043 5648 3288 5703 hihlioth.
3328 5661 3434 5701 ser.
3471 5645 3726 5704 Masitnil-

781 5720 846 5784 (cl
884 5714 1076 5772 Annal.
1107 5723 1123 5767 ι
1177 5711 1259 5775 Ἠ,
1290 5733 1431 5770 .iuuo
1468 5715 1665 5771 Littl‘all
1724 5716 1838 5770 232325,
2466 5711 2469 5713 ’
2507 5711 2516 5718 ⁷
3125 5749 3132 5758 .
