4222 6448
233 354 365 421 1177

1388 366 1616 432 LIBER
1634 370 1734 430 AD
1760 369 2179 439 PASTOREM.

3286 358 3428 444 1178-

233 472 288 528 in
325 485 427 528 suo
458 470 767 528 Limonario
815 474 891 545 (a)
922 474 1137 530 Dicebat
1175 474 1337 530 abbas
1369 475 1460 533 lo.
1500 477 1643 533 Cilix
1690 493 2131 560 cominorantious
2158 489 2303 541 nobis
2332 490 2388 542 in
2431 488 2585 544 Nono
2627 492 2994 552 Alexandriae;
3040 494 3173 546 venit
3200 496 3268 546 ad
3309 510 3402 547 nos

228 564 512 636 )Egyptius
536 568 817 622 monachus
843 571 1177 641 narravitque
1203 571 1353 625 nobis
1372 572 1561 640 :dicens
1580 589 1602 628 :
1626 574 1708 627 Ad
1734 579 2110 631 monasterium
2138 580 2444 635 cellularum
2467 583 2629 652 frater
2646 599 2711 637 ea:
2739 583 3024 653 longinqua
3059 588 3261 653 regione
3286 597 3388 650 per-

227 662 383 727 uenit,
411 661 582 716 volens
608 662 682 716 ibi
716 662 976 723 habitare.
1006 673 1400 735 prostrataque
1421 665 1719 737 presbytero
1741 668 1952 737 orabat,
1978 682 2038 724 ut
2075 677 2130 724 in
2164 672 2379 742 Evagrii
2408 675 2541 728 cella
2575 684 2886 730 moraretur.
2918 676 3197 745 Presbyter
3231 684 3408 728 autem

224 750 445 818 dicebat,
470 768 573 807 non
600 769 749 823 posse
775 770 894 809 eum
916 756 1029 810 illic
1059 756 1326 822 habitare,-
1352 758 1691 829 recedensque
1720 760 1989 831 presbyter
2014 768 2094 816 ait
2121 765 2319 831 fratri:
2352 764 2463 818 Fili
2490 767 2694 819 dremon
2725 766 3100 834 infestissimus
3123 766 3234 817 illic
3256 747 3409 818 habi-

225 858 323 917 tat,
348 849 451 912 Qui
480 850 618 904 enim
643 850 851 906 seduxit
880 851 1180 922 Euagrius»,
1212 863 1321 929 ειμι
1351 870 1471 909 cera
1495 856 1598 923 fide
1623 858 1858 923 removit,
1887 859 2206 929 immisitque
2241 860 2324 915 illi
2353 861 2609 916 scelerata
2636 861 2904 931 dogmata,
2935 862 3027 916 ille
3057 877 3158 915 non
3186 863 3405 929 permit-

225 939 285 994 tit
307 938 530 1009 aliquem
559 941 633 994 ibi
666 938 883 997 marari.
918 942 1043 998 llaec
1067 943 1354 1013 Moschus;
1377 945 1473 1016 qui
1503 946 1654 1002 addit
1684 963 1792 1002 non
1826 949 2072 1017 potuisse
2099 950 2443 1022 peregrinum
2473 952 2736 1009 deterreri
2766 935 2996 1007 consilio
3024 954 3278 1013 senioris,
3307 952 3398 1006 sed

223 1028 525 1097 ingressum
557 1032 737 1087 cubile
766 1030 1003 1103 Evagrii,
1032 1048 1098 1090 ac
1128 1044 1252 1105 post
1277 1037 1502 1092 alteram
1538 1036 1928 1094 hebdomadem
1958 1050 2228 1110 repertum
2266 1056 2390 1096 cum
2423 1040 2555 1097 [une
2584 1043 2723 1098 collo
2758 1043 2952 1112 injecto
2974 1041 3203 1111 gulaque
3232 1039 3398 1094 irai-ta

220 1119 540 1188 exspirasse.
568 1123 719 1178 Adeo
747 1124 1120 1181 hereticorum
1152 1127 1316 1203 etiam
1355 1127 1581 1197 vestigia
1604 1136 1809 1197 pestem
1838 1138 1963 1200 post
1986 1144 2047 1186 se
2077 1129 2400 1201 impressam
2422 1132 2759 1202 relinquunt.

289 1208 394 1265 Sed
432 1212 501 1267 ad
528 1213 752 1270 Climaci
783 1216 1069 1285 apatlieian
1111 1218 1416 1284 redeamus,
1449 1218 1545 1288 qui
1583 1219 1674 1273 illa
1704 1219 1853 1285 πάθη
1891 1229 1947 1276 et
1992 1228 2175 1277 motus
2203 1222 2367 1277 animi
2415 1237 2524 1278 non
2556 1222 2956 1294 vnlt'stirpitus
2988 1219 3162 1294 evelli,
3205 1218 3298 1273 sed
3337 1219 3412 1272 ita

220 1307 480 1372 coerceri,
511 1318 567 1363 ut
597 1324 665 1364 ne
706 1325 767 1366 se
807 1298 1181 1367 commoveant
1217 1312 1400 1368 animo
1437 1312 1643 1379 invito;
1675 1313 1743 1367 ad
1778 1313 2003 1384 imperia
2033 1324 2212 1370 tamen
2244 1315 2452 1370 evocati
2478 1315 2675 1379 adsint,
2702 1324 2757 1369 et
2795 1292 2896 1384 pro
2927 1327 3027 1369 usu
3048 1292 3107 1366 et
3140 1312 3413 1366 voluntate

219 1399 529 1469 imperantis
557 1403 934 1471 respondeant,
962 1406 1180 1475 vimque
1213 1405 1394 1460 animo
1421 1406 1639 1460 addant.
1673 1403 1959 1475 Elegantes
1986 1416 2112 1462 sunt
2132 1408 2275 1478 apud
2304 1407 2370 1462 A.
2396 1407 2626 1464 Gellium
2656 1406 2730 1477 (b)
2760 1405 3179 1461 narratiunculae
3203 1403 3270 1457 de
3294 1402 3411 1455 ine-

218 1496 325 1562 ptis
351 1494 566 1560 Stoicis,
603 1511 740 1566 quas
771 1498 955 1569 gratia:
994 1498 1111 1553 loco
1134 1512 1481 1567 apponerem,
1512 1497 1617 1552 nisi
1654 1508 1837 1553 essent
1870 1498 2247 1569 longiusculzc,
2288 1508 2507 1556 exstant
2547 1500 2643 1556 lib.
2674 1516 2713 1563 i,
2754 1513 2874 1568 cap.
2907 1498 2965 1562 Ξ,
2993 1507 3049 1552 et
3070 1496 3142 1550 26
3164 1494 3255 1550 lib.
3296 1509 3409 1561 xix,

216 1602 335 1658 cap.
374 1586 456 1644 12.

283 1679 560 1735 Conclndo
588 1692 712 1736 cum
746 1661 936 1736 salicto
972 1675 1317 1744 Hieronymo,
1349 1678 1440 1734 cui
1482 1676 1694 1747 ἀπαθὴς
1726 1687 1818 1729 aut
1851 1675 1991 1731 Deus
2025 1686 2332 1733 aut-saxum
2379 1686 2477 1741 est,
2519 1686 2663 1733 certe
2692 1677 2965 1732 Cliniacus
2992 1676 3168 1731 no.uit
3212 1691 3310 1731 nos
3353 1677 3407 1731 in

215 1790 407 1831 saxum
438 1778 687 1848 migrare.

809 2032 1054 2087 ΚΕΦΔΛ.
1096 2032 1170 2087 Ε’.

2271 2022 2280 2030 ·
2362 2025 2533 2109 ,473
2572 2026 2799 2084 CAPUT
2847 2027 2907 2083 v.

1271 2122 1511 2178 Pastoris
1538 2123 1805 2177 industria
1826 2121 1881 2173 in
1900 2134 2002 2189 quo
2027 2117 2349 2188 spectanda.-

276 2220 410 2275 Τότε
438 2220 535 2289 τὴν
564 2220 629 2273 ὲκ
655 2219 789 2273 Θεοῦ
819 2220 1105 2291 δεδομένην
1161 2219 1309 2289 αὐτῷ
1354 2221 1383 2273 ὁ
1431 2218 1609 2288 ἰατρὸς
1636 2218 1755 2270 ἐπιο
1784 2220 1830 2278 Α
1926 2212 1943 2267 '1

1749 2245 1755 2254 -
1784 2220 1830 2278 Α
1926 2212 2080 2267 Tune
2100 2193 2342 2265 medicus
2368 2211 2696 2275 animorum,
2719 2226 2747 2263 a
2786 2209 2891 2262 Deo
2927 2224 2986 2263 se
3008 2207 3265 2262 donatum
3323 2226 3416 2262 sa-

206 2310 473 2380 γνώσεται
500 2309 709 2378 σοφίαν,
728 2309 927 2363 ὁπόταν
949 2310 1016 2363 τὰ
1043 2312 1155 2372 τοῖς
1182 2309 1393 2373 πολλοῖς
1415 2308 1759 2378 ἀθεράπευτα

206 2399 356 2470 πάθη
397 2400 727 2470 θεραπεῦσαι
762 2400 1078 2472 δυνήσηται.
1132 2402 1207 2455 Οὐ
1247 2399 1579 2470 θαυμαστὸς,
1616 2398 1759 2452 διδά-

205 2494 403 2554 σκαλος
434 2494 462 2543 ὀ
492 2493 614 2553 τοὺς
647 2492 901 2559 εὐμαθεῖς
924 2494 1116 2554 παῖδας
1152 2496 1346 2563 σοφοὺς
1372 2492 1758 2562 ἀπεργασάμε-

203 2598 316 2645 νος,
342 2580 459 2634 ἀλλ’
502 2582 530 2632 ὀ
553 2580 677 2641 τοὺς
714 2580 945 2649 ἀμαθεῖς
996 2584 1089 2636 καὶ
1120 2583 1355 2651 ἀσόφους
1407 2582 1629 2651 σοφίσας
1662 2578 1757 2633 καὶ

199 2669 521 2745 ςεελειὼσαςο
552 2669 671 2721 τότε
714 2671 748 2740 ὴ
774 2669 880 2721 τῶν
903 2672 1259 2742 ἡνιοχούντων
1290 2672 1486 2739 εὐφυΐα
1521 2670 1756 2723 ἐπαινεῖ-

201 2778 293 2813 ται
322 2758 413 2811 καὶ
444 2758 820 2828 ἐμφανίζεται,
854 2759 982 2813 ὃταν
1011 2762 1069 2813 ἐν
1094 2761 1368 2831 ἀδοκίμοις
1396 2762 1580 2821 ἵπποις
1606 2760 1754 2826 νική-

201 2866 358 2912 σωσι,
387 2851 479 2904 καὶ
520 2852 645 2913 τοὺς
689 2850 887 2914 ἵππους
942 2851 1341 2906 διασώσωνται·
1395 2852 1491 2903 ἐὰν
1528 2852 1755 2919 saepe;

197 2943 425 3013 ὄμματα
470 2942 795 3012 προὸλὲπειν
834 2942 903 2998 τὰ
946 2944 1204 3014 κύματα,
1232 2945 1345 3005 τοῖς
1392 2945 1450 2996 ὲν
1484 2942 1562 3013 τῷ
1590 2943 1757 3013 πλοίῳ

200 3032 387 3101 σαφῶς
415 3032 679 3104 πρόλεγε·
729 3036 778 3088 εἰ
819 3034 878 3088 δὲ
921 3034 1020 3105 μὴ.
1072 3036 1136 3088 σὺ
1173 3033 1268 3088 τοῦ
1294 3033 1552 3100 ναυαγίου
1587 3034 1757 3096 αἴτιος

196 3123 522 3179 καθίστασαι
548 3126 593 3190 ⁸,
615 3123 692 3188 ὡς
732 3126 796 3178 σὺ
834 3125 986 3195 παρὰ
1018 3126 1233 3180 πάντων
1275 3124 1582 3199 πιστευθεὶς
1618 3125 1753 3192 ἀμε-

196 3215 405 3285 ρίμνως
444 3214 541 3285 τὴν
567 3214 911 3284 κυὸἑρνησιν.
942 3210 1092 3267 Εἶδον
1119 3215 1336 3285 ἰατροὺς
1374 3212 1452 3285 τῷ
1490 3214 1755 3285 ἀρρώστῳ

193 3305 295 3366 τὰς
322 3304 497 3367 αἰτίας
523 3303 598 3374 μὴ
624 3303 1075 3374 προμηνύσαντας
1097 3319 1111 3335 ·
1144 3303 1239 3357 καὶ
1272 3303 1292 3335 ⁶
1330 3303 1509 3373 μέντοι
1537 3304 1602 3355 ὲκ
1628 3302 1752 3355 τοὺ-

189 3415 290 3452 του
322 3399 547 3460 καὶτοῖς
589 3397 852 3463 νοσοῦσιν,
882 3399 974 3450 καὶ
1005 3398 1235 3463 ἑαυτοῖς,
1266 3397 1432 3451 πολὺν
1470 3396 1560 3451 τὸν
1588 3396 1752 3449 κόπον

189 3490 288 3543 καὶ
315 3493 414 3560 τὴν
447 3489 737 3560 συντριϋὴν
774 3489 1205 3561 προξενήσαντας
1235 3488 1283 3518 ⁷⁸
1312 3488 1539 3542 καθόσον
1566 3489 1595 3540 ὁ
1625 3503 1751 3557 προ-

1863 2308 2060 2378 pientia
2092 2307 2371 2375 intelligat,
2403 2321 2524 2361 cum
2557 2306 2672 2375 ipse
2705 2306 2924 2359 morbos
2952 2304 3134 2358 multis
3169 2304 3414 2358 immedi-

1857 2400 2061 2455 cabilcs
2090 2414 2281 2453 curare
2317 2398 2533 2467 poterit.
2565 2400 2622 2451 In
2657 2399 2800 2451 nulla
2833 2397 3187 2451 admiratione
3219 2414 3411 2466 [mumi-

1857 2492 1961 2547 dus
2012 2492 2205 2545 doctor
2242 2502 2323 2545 est
2385 2495 2450 2552 is,
2484 2493 2576 2560 qui
2621 2494 2869 2545 alumnos
2904 2491 3115 2560 ingenio
3141 2502 3414 2560 promptos

1855 2590 1908 2634 et
1937 2578 2155 2643 dociles,
2197 2579 2384 2633 doctos
2411 2580 2570 2631 cllicit
2594 2588 2647 2632 ct
2672 2578 2932 2638 eruditos,
2967 2578 3061 2632 sed
3089 2579 3178 2646 qui
3234 2579 3417 2632 tardos

1854 2680 1909 2726 et
1945 2671 2182 2739 hebetes,
2214 2672 2473 2725 litteratos
2499 2671 2671 2723 reddit
2692 2680 2744 2723 et
2772 2669 3018 2723 doctrina
3078 2679 3412 2738 pra-stantes.

1859 2762 2031 2818 Decus
2062 2763 2371 2832 aurigarum
2397 2772 2501 2829 est,
2527 2777 2649 2817 cum
2673 2760 2829 2831 equis
2856 2761 3080 2828 abjcctis
3133 2772 3185 2815 et
3246 2761 3413 2832 inglo-

1856 2856 1951 2909 riis
1999 2854 2244 2921 vincunt,
2303 2865 2359 2909 et
2410 2855 2556 2925 ipsos
2609 2870 2779 2926 equos
2831 2854 3127 2908 incolumes
3176 2863 3414 2919 servant,

1857 2958 1992 3013 tum,
2028 2947 2247 3017 inquam
2267 2987 2284 3012 ,
2304 2944 2565 3001 'omnium
2623 2963 2718 3001 ore
2748 2946 3109 3001 celebrantur
3139 2954 3192 2998 et
3223 2946 3415 3015 priedi-

1855 3048 2068 3094 cantur.
2113 3038 2266 3105 Quod
2324 3038 2371 3094 si
2435 3038 2529 3092 tibi
2577 3039 2785 3104 datum,
2837 3037 2912 3091 uti
2975 3036 3209 3091 futuram
3241 3037 3415 3105 possis

1856 3138 2231 3198 tempestatem
2265 3130 2567 3199 providere,
2601 3131 2858 3184 denuntia
2885 3129 3029 3182 illam
3063 3141 3246 3197 aperte
3275 3128 3414 3181 clas-

1852 3220 2081 3274 siariis:
2146 3221 2234 3276 sin
2280 3222 2459 3275 minus
2517 3220 2629 3289 jam
2689 3230 2745 3282 tu
2776 3219 3044 3288 naufragii
3077 3220 3412 3274 certissimus

1851 3322 1910 3361 es
1943 3319 2154 3374 auctor,
2191 3317 2251 3362 ut
2280 3310 2367 3364 cui
2398 3324 2503 3363 una
2533 3310 2779 3363 omnium
2813 3309 3081 3362 sententia
3144 3309 3410 3377 guberna-

1852 3400 2033 3456 culum
2082 3403 2285 3471 optiina
2344 3402 2446 3456 (ide
2499 3401 2572 3456 sit
2610 3401 2985 3456 commissum.
3028 3398 3142 3452 Vidi
3174 3402 3411 3454 medicos

1853 3495 1946 3564 qui
2016 3495 2320 3551 laborantes
2372 3497 2440 3551 de
2492 3497 2732 3566 periculo
2777 3496 2952 3551 serius
3013 3496 3407 3550 admonerent:

188 3581 365 3645 εστὼς
388 3582 488 3652 τήν
515 3598 573 3634 τε
608 3582 714 3633 τῶν
740 3582 1015 3651 ὑπηκόων,
1053 3583 1153 3650 τήν
1193 3597 1253 3633 τε
1283 3580 1393 3632 τῶν
1423 3578 1706 3651 πόρρωθεν
1728 3579 1751 3609 ³
1783 3568 1821 3623 Β
1852 3606 1855 3636 ι

1741 3579 1751 3609 ¹
1783 3568 1821 3623 Β
1852 3587 1993 3642 unde
2019 3587 2242 3654 factum,
2278 3598 2336 3641 ut
2364 3604 2502 3658 ωερε·
2526 3588 2680 3657 juxta
2709 3602 2773 3642 ac
2798 3589 3039 3643 medicus
3080 3589 3132 3642 in
3162 3588 3408 3642 ultimum

186 3674 375 3726 πίστιν
424 3673 559 3742 πρὸς
592 3675 751 3726 αὑτὸν
786 3673 983 3744 πολλὴν
1011 3673 1284 3735 θεάσεται,
1328 3671 1466 3725 κατὰ
1498 3670 1751 3724 τοσοῦτον
1844 3696 1853 3728 ι

1743 3688 1751 3719 ι
1844 3676 2133 3732 discrimen
2160 3678 2352 3733 salutis
2376 3679 2690 3761 inciderent.
2724 3678 2930 3733 Eadem
2980 3689 3065 3733 est
3121 3680 3259 3733 ratio
3315 3694 3410 3747 pa-

183 3766 373 3819 λοιπὸν
419 3766 609 3818 ἑαυτὸν
637 3766 785 3836 πάσῃ
817 3767 1031 3835 φυλακῇ
1070 3766 1359 3836 τηρήσοιεν
1391 3766 1433 3818 ⁸.
1467 3764 1555 3815 Ἐν
1586 3765 1750 3816 πᾶσιν
1844 3784 1850 3819 1

1741 3781 1750 3810 ν
1844 3769 2032 3831 storis,
2087 3769 2178 3836 qui
2206 3770 2250 3820 si
2294 3770 2375 3821 vel
2406 3769 2511 3823 sibi
2558 3771 2882 3836 parentium,
2914 3769 2994 3822 vel
3020 3769 3237 3822 aliunde
3262 3770 3325 3821 ad
3351 3785 3408 3822 se

182 3851 271 3919 οἷς
307 3873 368 3908 τε
396 3856 624 3927 πράττει
671 3857 764 3908 καὶ
790 3857 1109 3925 φθέγγεται,
1140 3854 1425 3923 γινώσκων
1449 3854 1524 3915 ὡς
1555 3854 1748 3915 πάντες
1845 3876 1849 3915 ι

1736 3870 1748 3915 ῖ
1845 3861 2081 3933 (salutis
2109 3877 2276 3916 causa
2305 3861 2323 3929 )
2360 3862 2734 3916 vcnlitantinm
2766 3863 2923 3916 (idem
2940 3877 3064 3931 erga
3114 3875 3174 3913 se
3217 3861 3403 3928 explo-

180 3948 267 4006 εἰς
293 3946 455 4000 αὑτὸν
488 3946 564 4010 ὡς
591 3948 669 4009 εἰς
696 3948 1002 4017 ἀρχέτυπον
1025 3946 1212 3999 εἰκόνα
1252 3946 1527 4016 βλέπουσι,
1562 3945 1655 3997 καὶ
1680 3944 1749 3997 τὰ
1844 3968 1847 4005 ]

1739 3962 1749 3997 ι
1844 3963 2017 4006 ratam
2041 3952 2316 4018 habuerit,
2340 3943 2489 4008 tanto
2510 3954 2769 4009 attentius
2799 3953 2981 4007 omnia
3003 3952 3138 4007 dicta
3163 3952 3406 4019 factaque

178 4039 318 4110 παρ’
362 4038 527 4093 αὐτοῦ
546 4042 627 4102 εἰς
658 4039 802 4110 ὅρον,
834 4040 927 4092 καὶ
956 4039 1119 4107 νόμον
1148 4036 1472 4105 λογίζονται.
1506 4037 1744 4107 Ποιμένα

176 4128 437 4202 ἀληθινὸν
460 4129 729 4196 ἀποδείξει
761 4130 951 4199 ἀγάπη
972 4145 986 4158 °
1005 4129 1071 4182 δι’
1099 4131 1318 4199 ἀγάπην
1346 4128 1454 4198 γὰρ
1481 4129 1509 4181 ὁ
1541 4129 1743 4200 ποιμὴν

172 4223 502 4295 ἐσταυρώθη
525 4225 589 4279 ¹⁰.

1850 4057 1949 4097 sua
1972 4043 2283 4099 observabit
2310 4064 2323 4100 :
2365 4055 2549 4101 certus
2576 4045 2821 4099 omnium
2850 4045 3039 4100 oculos
3088 4045 3407 4109 animosque

1848 4134 1902 4188 in
1929 4150 1987 4189 se
2022 4137 2171 4199 velut
2202 4138 2482 4208 exemplar
2508 4147 2563 4192 ct
2588 4138 2878 4208 imaginem
2910 4137 3122 4190 virtutis
3148 4137 3402 4194 intentos,

1848 4227 2121 4298 vitamque
2154 4244 2308 4284 suam
2339 4238 2393 4284 et
2413 4244 2612 4295 mores,
2636 4230 2706 4284 ab
2726 4230 2978 4283 omnibus
3018 4229 3069 4281 in
3099 4227 3400 4294 exemplum

172 4319 343 4377 trahi.
364 4328 418 4371 ct
446 4334 545 4388 pro
582 4319 704 4373 vita:
735 4333 922 4372 norma
957 4317 1179 4388 legeque
1207 4314 1390 4372 haberi
1419 4326 1474 4371 et
1499 4316 1730 4373 censeri.
1764 4315 2043 4377 Pastorem
2096 4339 2278 4378 verum
2338 4323 2579 4378 ostendit
2628 4324 2889 4389 cbaritas,
2940 4338 3061 4391 qua:
3105 4322 3400 4390 ρΓίΙΙρὶιιιιιη

167 4421 456 4481 pastorum
488 4411 543 4464 in
573 4425 789 4465 crucem
825 4410 955 4481 egit.

791 4676 1035 4734 uaeas.
1072 4682 1161 4747 q'.

2320 4677 2484 4750 474
2512 4674 2738 4732 CAPUT
2772 4675 2874 4731 \‘l.’

1316 4777 1559 4846 Officium
1582 4774 1807 4843 pastoris
1834 4792 1959 4845 ergo
1980 4777 2257 4845 subjectos.

238 4861 440 4930 Δόγοις
463 4862 570 4931 γὰρ
597 4862 803 4916 οἰκειοῦ
828 4863 897 4917 τά
916 4865 974 4916 ὲν
998 4866 1176 4931 ἄλλοις
1207 4867 1284 4937 (1)
1311 4884 1324 4897 ·
1357 4870 1450 4921 καὶ
1480 4869 1540 4920 οὐ
1572 4869 1737 4939 δεήσῃ
1764 4873 1807 4929 C

1727 4873 1807 4938 ιο
1910 4866 2161 4922 Oratione
2209 4865 2357 4920 molli
2422 4880 2550 4920 cura
2573 4866 2699 4920 alia.
2732 4866 2887 4921 Hand
2919 4872 3002 4920 cst
3025 4877 3244 4918 necesse
3280 4878 3394 4916 ma-

162 4952 378 5020 πολλῆς
407 4952 589 5015 αἰδοῦς
636 4952 1090 5009 πάντοτε.ιΛύπει
1138 4957 1395 5011 νοσοῦντα
1428 4958 1562 5027 πρὸς
1599 4958 1728 5028 χρό-
1828 5020 1829 5023 η

1726 4988 1728 4996 ι
1828 4959 2101 5029 gnam'hic
2129 4972 2341 5026 semper
2380 4959 2636 5014 adhibere
2665 4957 3048 5013 verecundiam
3095 4964 3189 5009 aut
3242 4972 3393 5011 reve-

158 5063 260 5100 νον
292 5044 395 5116 (9.),
428 5045 513 5097 ἵνα
545 5045 618 5115 μὴ
660 5048 1066 5119 μακροχρονίσῃ
1091 5087 1106 5111 ,
1133 5051 1165 5117 ἢ
1194 5050 1488 5121 τελευτήσῃ
1514 5051 1576 5101 ἐκ
1604 5067 1729 5103 σιω-

1725 5080 1729 5091 -
1834 5051 2083 5104 rentiam.
2153 5048 2336 5118 Alllige
2392 5066 2595 5125 mgrum
2651 5050 2717 5104 ad
2773 5060 3000 5116 tempus,
3056 5061 3125 5100 ne
3170 5048 3392 5105 morbus

158 5135 277 5205 πῆς
306 5134 602 5205 ἐπαράτου.
637 5132 827 5186 Πολλοὶ
861 5137 928 5204 τῇ
953 5141 1128 5208 σιωπῇ
1157 5137 1251 5191 τοῦ
1281 5140 1608 5208 κυϐερνήτου
1631 5158 1731 5193 κα-

1722 5172 1731 5183 -
1827 5142 2202 5203 inveterescat,
2266 5150 2362 5195 aut
2420 5158 2560 5213 aeger
2589 5157 2654 5196 cx
2687 5138 2984 5195 detestabili
3039 5139 3259 5193 silentio
3297 5152 3389 5194 tuo

159 5225 277 5288 λῶς
309 5225 495 5278 πλέειν
533 5224 933 5295 ὑπελάμϐανον,
985 5226 1089 5286 ἕως
1128 5222 1190 5282 οὗ
1217 5228 1294 5297 τῷ
1331 5228 1520 5299 βραχεί
1559 5248 1728 5301 προσο

1722 5262 1728 5271 -
1829 5246 2030 5305 pereat.
2094 5222 2244 5288 Multi
2299 5247 2517 5306 prOpter
2583 5233 2960 5306 gubernatoris
2983 5234 3297 5302 patientiam
3335 5244 3389 5288 et

161 5316 461 5386 ἔκρουσαν.
499 5317 711 5370 Παύλου
749 5315 841 5369 τοῦ
882 5317 1116 5385 μεγάλου
1167 5320 1243 5388 τῷ
1274 5320 1522 5389 Τιμοθέῳ
1569 5324 1731 5376 άκού-
1825 5347 1828 5377 :

1721 5354 1731 5364 -
1825 5325 2101 5379 silentium
2150 5328 2406 5381 secundis
2468 5342 2528 5383 se
2575 5324 2749 5379 ventis
2825 5326 3044 5390 provehi
3106 5333 3388 5395 putarunt,

160 5424 356 5478 σωμεν
377 5410 715 5478 γράφοντος·
756 5409 1022 5481 Est/pars
1058 5413 1097 5443 “
1137 5414 1367 5478 αὐτοῖς,
1405 5414 1607 5483 φησὶν,
1634 5421 1729 5471 ei)-

1717 5448 1729 5459 -
1829 5420 2002 5474 donec
2024 5418 2091 5473 ad
2119 5420 2370 5489 scopulos
2395 5420 2742 5483 oll‘cndercnt,
2762 5428 2816 5473 et
2849 5418 2903 5473 in
2958 5418 3139 5474 brevia
3187 5416 3384 5483 impin-

235 5570 259 5601 ⁵
285 5567 543 5644 ἐὑρίσκει
573 5571 856 5635 παραίτιος
928 5568 1193 5623 ⁸ἊῙ.ὅθεν.
1271 5571 1289 5601 ⁷
1327 5570 1705 5640 προεξένησαν.
1784 5575 1805 5600 ⁸
1833 5572 1902 5636 Ξξι

1784 5575 1805 5600 ⁸
1833 5572 2051 5636 ἔξωθεν.
2129 5580 2148 5601 ’¹
2180 5578 2363 5644 τηρεῖν
2384 5575 2603 5642 ορεέλει.
2687 5574 2728 5604 ν’
2761 5576 3114 5641 ἐσταύρωται.
3171 5570 3211 5603 ¹²
3253 5570 3376 5622 ἐπί-

164 5640 354 5707 στηοι.

238 5752 319 5821 (ιι)
351 5750 502 5807 Preti
534 5754 659 5818 spir.
681 5770 798 5822 cap.
843 5755 934 5809 ι’ῑῖ

759 5771 798 5822 μ.
843 5755 934 5809 ι’ῑῖ
1921 5768 1964 5795 ίτι
2004 5758 2091 5811 ξω.
2127 5777 2234 5815 axx.
2266 5778 2309 5812 υ.
2350 5763 2426 5811 ιυ.
