4222 6448
233 375 354 442 “81

1401 377 1626 436 LIBER
1648 376 1747 436 AD
1778 374 2192 437 PASTOREM.

3301 370 3436 437 1182

225 489 318 543 καὶ
362 485 658 551 σπουδαίως
698 486 832 558 πρὸς
867 485 1180 556 διόρθωσινο
1228 485 1276 539 εί
1298 485 1604 558 δὲρπιμήει
1637 487 1681 518 ¹⁶
1713 489 1778 557 τῇ
1810 496 1852 548 Α
1881 503 1892 556 ι

1769 489 1778 557 l
1810 496 1852 548 Δ
1881 497 2028 556 guat,
2068 497 2120 542 et
2139 485 2208 541 ad
2238 485 2667 540 emendationem
2694 483 2931 539 inducat.
2957 482 3116 551 Quod
3161 481 3211 537 si
3261 483 3436 539 incor-

225 575 388 647 κακίᾳ
429 576 506 648 μὴ
555 575 954 646 διορθούμενος,
1006 575 1194 629 τοῦτον
1241 574 1661 629 ὲκδιώκεινὰπδ
1681 578 1778 646 τῆς

226 669 600 739 ἀδελφότητος,
626 668 715 721 ἵνα
745 666 820 740 μὴ
840 668 935 721 καὶ
965 667 1092 730 τοὺς
1128 667 1348 730 λοιποὺς
1374 667 1745 738 καταστρέψῃ.

889 853 954 903 Ἀ
965 853 1104 903 λλο.

293 942 428 1011 Περὶ
463 941 699 1013 ἑκάστης
727 942 899 1012 ἀρχῆς
950 943 1151 1011 μικρᾶς
1205 958 1264 994 τε
1298 940 1396 995 καὶ
1423 941 1666 1011 μεγάλης
1690 939 1784 1007 γέ-

225 1049 491 1103 γραπται,
521 1034 608 1087 ἵνα
649 1035 762 1096 τοῖς
787 1033 1141 1101 τεταγμένοις
1170 1031 1658 1103 διαμαρτύρωνται.
1693 1029 1786 1082 καὶ

231 1124 305 1193 μὴ
355 1125 760 1192 παρασιωπῶσι
806 1125 878 1178 τὰ
907 1124 1111 1180 τούτων
1168 1124 1484 1194 πταίσματα
1532 1123 1701 1194 μικρά
1728 1139 1786 1174 τε

228 1218 326 1269 καί
353 1217 581 1287 μεγάλα.
612 1219 706 1270 κα)⁸
731 1219 760 1270 ὁ
790 1217 890 1286 μὲν
919 1217 1118 1288 ἰσχύων
1143 1216 1370 1286 ἐκκόψαι
1391 1216 1452 1269 τὸ
1477 1214 1666 1275 κακὸν,
1696 1213 1788 1265 καὶ

228 1307 329 1359 οὐκ
367 1307 610 1376 ἐκκόψει,
637 1308 702 1360 ἐκ
747 1307 842 1360 τοῦ
880 1305 1349 1379 διαμαρτύρασθαι
1391 1306 1452 1360 ού
1497 1304 1786 1376 λυτροῦται

232 1398 329 1464 τῆς
350 1397 726 1466 κατακρίσεως
748 1413 763 1427 ⁸
789 1399 819 1449 ὁ
843 1397 900 1450 δὲ
937 1397 1012 1468 μὴ
1047 1396 1245 1467 ἰσχύων
1266 1435 1281 1459 ,
1327 1395 1463 1449 ἀλλὰ
1491 1395 1789 1464 διαμαρτυ-

233 1486 485 1555 ράμενος,
516 1487 610 1539 καὶ
632 1488 705 1556 μὴ
733 1488 1156 1559 ύπακουόμενος,
1179 1483 1332 1553 οὗτος
1356 1488 1454 1558 μὲν
1471 1487 1571 1557 τὴν
1598 1485 1788 1539 ἑαυτοῦ

231 1577 407 1648 ψυχὴν
432 1579 549 1647 ῥύει
570 1595 582 1607 ·
614 1582 661 1632 oi
687 1580 744 1632 δὲ
771 1581 830 1632 τὸ
857 1581 1024 1634 κακὸν
1050 1581 1377 1651 πράττοντες
1406 1581 1464 1632 ἐν
1484 1576 1631 1648 αὐτῷ
1653 1580 1790 1629 ἁπο-

234 1669 515 1725 θανοῦνται
538 1687 554 1704 ·
587 1673 790 1744 ἑκάστη
818 1673 870 1726 δὲ
903 1675 1044 1744 ἁρχὴ
1085 1676 1394 1727 άπαιτεῖται
1419 1668 1789 1740 διαμαρτύρα-

239 1761 384 1823 σθαι,
437 1764 531 1815 καὶ
576 1766 689 1826 τοῖς
740 1764 914 1835 ὀρθῶς
969 1764 1353 1834 πορευομένοις
1406 1761 1480 1832 μὴ
1513 1763 1787 1822 ἐκπεσεῖν,

1881 589 2063 634 rectus
2109 580 2307 632 haareat
2362 579 2417 634 in
2465 579 2596 632 vitio
2614 588 2667 633 et
2687 577 2890 632 malitia
2924 592 3042 643 sua,
3074 576 3440 633 exterminan-

1879 669 1982 723 dus
2015 677 2160 725 este
2192 669 2550 725 contubernio
2577 668 2827 736 fratrum,
2875 683 2943 722 ne
2991 668 3228 736 reliquos
3278 668 3440 723 etiam

1880 767 2174 830 pervertat.

2567 849 2747 903 Aliud.

1959 939 2032 996 De
2061 941 2208 995 omni
2239 941 2554 1012 magistratu
2589 957 2684 998 seu
2718 955 2912 1010 magno
2941 955 3035 996 seu
3085 954 3252 1010 parvo
3301 939 3442 994 scri-

1883 1041 2034 1101 ptum
2090 1043 2194 1098 est,
2257 1041 2314 1087 ut
2374 1033 2630 1102 subjectis
2664 1033 2858 1088 delicta
2893 1048 2990 1087 sua
3037 1048 3131 1088 seu
3156 1047 3316 1101 parva
3347 1047 3443 1086 seu

1887 1140 2075 1194 magna
2101 1141 2221 1180 cum
2252 1125 2610 1181 obtestatione
2634 1127 2974 1190 denuntient,
2999 1135 3053 1179 et
3080 1125 3223 1178 nulla
3281 1124 3445 1178 silen-

1887 1218 1964 1271 tio
2003 1218 2395 1273 transmittant.
2444 1218 2546 1284 Qui
2595 1219 2739 1278 enim
2774 1219 2975 1273 malum
3005 1217 3320 1272 exscindere
3349 1231 3446 1286 po-

1887 1316 2014 1374 test,
2044 1320 2096 1364 et
2131 1325 2238 1363 non
2265 1310 2552 1378 exscindit,
2584 1325 2689 1364 non
2716 1311 2903 1366 evadet
2928 1309 3328 1364 damnationem
3375 1307 3447 1363 ob

1888 1402 2057 1457 solam
2087 1404 2526 1458 obtestationem.
2563 1404 2717 1470 Quod
2749 1403 2794 1459 si
2823 1403 3111 1458 emendare
3135 1418 3242 1456 non
3299 1409 3447 1472 pote-

1888 1493 1978 1558 rit,
2046 1502 2099 1548 et
2159 1505 2469 1564 peccantem
2519 1507 2696 1551 tamen
2737 1495 3055 1560 obtestetur,
3087 1503 3140 1549 et
3167 1510 3198 1549 a
3227 1502 3446 1564 peccato

1889 1585 2229 1653 dehortetur,
2266 1590 2356 1643 sed
2381 1590 2470 1644 ille
2500 1591 2696 1645 surdus
2736 1604 2843 1643 non
2883 1596 3086 1658 pareat,
3117 1588 3206 1642 hic
3267 1587 3448 1656 (pra:-

1891 1681 2028 1748 ses)
2088 1678 2323 1732 animam
2371 1695 2525 1734 suam
2591 1681 2801 1742 liberat,
2861 1679 2956 1734 sed
2988 1678 3362 1747 delinquentes
3390 1677 3444 1730 in

1891 1777 2111 1838 peccato
2167 1786 2269 1826 suo
2325 1772 2656 1838 morientur;
2689 1812 2702 1826 .
2759 1771 2840 1826 Ab
2889 1786 3218 1842 unoquoque
3267 1779 3446 1824 autem

234 1855 374 1915 ἰπεὶ,
406 1855 501 1907 ἐάν
525 1873 609 1920 τις
631 1857 694 1910 ὲκ
715 1857 824 1909 τῶν
851 1858 1300 1927 ὑποτεταγμένων
1323 1856 1544 1910 δικαίων
1565 1853 1790 1924 ἐκπέσῃ,
1823 1833 1864 1888 Β

1780 1893 1790 1916 ι
1823 1833 1864 1888 Β
1903 1861 2147 1931 principe
2168 1878 2263 1918 seu
2297 1866 2612 1934 magistratu
2637 1865 2889 1934 exigitur,
2929 1871 2987 1918 ut
3017 1871 3071 1917 et
3108 1872 3252 1917 recte
3281 1861 3332 1915 in
3364 1862 3447 1916 via

234 1948 296 1999 οὗ
331 1949 779 2020 προεμαρτύρατο
797 1950 854 2002 δὲ
886 1950 1052 2020 αὐτῷ,
1070 1954 1098 2004 ὁ
1125 1948 1404 2021 προτεύων
1427 1950 1600 2019 κρῖμα
1631 1945 1793 2016 λήψε-

235 2055 346 2093 ται.

1895 1953 2237 2009 ambulantes
2281 1955 2596 2010 adhortetur
2655 1965 2709 2009 et
2749 1957 3070 2020 obtestetur,
3103 1967 3172 2007 ne
3199 1952 3450 2008 deﬁciant

1894 2051 1991 2096 aut
2030 2041 2303 2098 excidant.
2365 2041 2464 2098 Ubi
2528 2053 2706 2097 autem
2772 2044 3038 2113 quispiam
3083 2057 3147 2096 ex
3188 2040 3450 2110 subjectis

234 2132 340 2200 piis
393 2142 448 2186 et
488 2131 653 2201 justis
693 2131 973 2198 exciderit,
1038 2145 1144 2185 non
1175 2130 1324 2201 prius
1382 2143 1416 2184 α
1468 2143 1570 2185 suo
1621 2126 1850 2198 praeside
1896 2131 1964 2187 de
2009 2134 2249 2202 periculo
2279 2134 2585 2189 admonitus
2616 2149 2816 2204 praeses
2847 2135 2961 2204 ipse
2981 2133 3242 2204 judicium
3288 2132 3452 2188 susti-

237 2224 409 2278 nebit.

879 2344 1154 2410 Σχόλιον.

320 2430 451 2484 Ἀπὸ
471 2431 770 2503 ἀρχιερέων
797 2433 890 2486 καὶ
922 2431 1181 2502 βασιλέων
1202 2430 1296 2486 καὶ
1327 2429 1436 2484 τῶν
1466 2430 1665 2484 λοιπῶν
1687 2431 1792 2494 ἓως

233 2521 494 2586 εὐτελοῦς
530 2526 780 2594 πένητος,
798 2516 873 2576 ὧν
895 2523 1194 2589 ἐξουσιάζει
1223 2525 1534 2578 άπαιτεϊται
1561 2523 1792 2594 διαμαρ-

234 2614 504 2686 τύρασθαι
531 2616 669 2667 κατὰ
697 2615 794 2686 τὴν
833 2613 1023 2668 ἑαυτοῦ
1060 2615 1286 2687 δύναμιν
1319 2615 1564 2682 ἕκαστος,
1595 2617 1655 2669 οὐ
1691 2616 1790 2686 μό-

235 2721 330 2757 νον
357 2706 467 2766 τοῖς
489 2705 766 2768 ἀτάκτοις,
796 2704 932 2759 ἀλλὰ
961 2707 1182 2768 καὶτοῖς
1213 2707 1504 2779 ἐναρέτοις,
1535 2708 1592 2760 οὗ
1631 2707 1789 2778 μόνον

235 2796 380 2864 ὑπὲρ
407 2796 651 2867 πράξεων
681 2797 956 2860 ἐναντίων,
1002 2797 1136 2852 ἀλλὰ
1182 2800 1276 2852 καὶ
1305 2799 1518 2869 φαύλων
1556 2800 1788 2871 ἐνθυμή-

235 2903 378 2939 σεων
411 2888 460 2939 οἱ
491 2889 749 2958 ἄρχοντες
771 2889 877 2942 τῶν
901 2889 1173 2960 ὑπηκόων,
1203 2891 1615 2962 ὐπερεύχεσθαι,
1648 2892 1786 2946 κατὰ

233 2977 333 3030 σὺν
372 2976 510 3043 Ἰὼϐ,
540 2978 864 3048 ὀφείλουσιν.

843 3461 1087 3516 ΚΕΦΑΛ.
1131 3461 1202 3515 Ζ’.

2557 2332 2824 2390 Scholion.

1966 2424 2048 2479 Ab
2073 2421 2339 2496 episcopis
2366 2435 2419 2481 et
2439 2429 2654 2499 regibus
2675 2446 2738 2485 ac
2766 2429 2974 2486 caeteris
2996 2443 3169 2500 usque
3187 2429 3254 2484 ad
3280 2437 3452 2484 extre-

1895 2530 2042 2570 mum
2099 2531 2388 2588 pauperem
2447 2521 2498 2573 in
2547 2537 2684 2589 quos
2752 2531 3068 2592 potestatem
3100 2522 3282 2585 habet,
3311 2522 3451 2576 ratio

1892 2607 2136 2676 exigetur
2159 2609 2227 2665 de
2253 2610 2358 2676 his,
2385 2620 2445 2665 ut
2469 2628 2566 2682 pro
2595 2630 2694 2668 sua
2739 2615 2969 2684 quisque
3021 2613 3274 2669 facultate
3321 2630 3452 2670 suos

1893 2698 2211 2756 adhortetur
2267 2712 2320 2757 et
2367 2705 2685 2769 obtestetur,
2722 2723 2826 2761 non
2860 2708 3134 2777 improbos
3161 2717 3370 2761 tantum
3397 2716 3453 2762 et

1890 2791 2119 2855 solutos,
2173 2795 2266 2847 sed
2313 2797 2511 2864 probos
2563 2798 2726 2852 etiam
2752 2814 2846 2853 seu
2871 2799 2961 2867 qui
2996 2815 3118 2854 cum
3146 2799 3343 2855 virtute
3370 2800 3452 2853 vi-

1891 2893 2040 2939 vunt.
2069 2884 2185 2943 Non
2217 2890 2391 2944 solum
2439 2892 2584 2946 enim
2615 2908 2680 2947 ex
2747 2895 3014 2948 sententia
3068 2894 3187 2949 Jobi
3247 2893 3449 2963 princi-

1892 2977 2049 3045 pibus
2078 2994 2172 3034 seu
2219 2984 2625 3053 magistratibus
2654 2987 2981 3054 precandum
3043 3002 3141 3057 pro
3191 2987 3452 3058 improbis

1894 3070 2171 3126 hominum
2225 3072 2402 3141 factis,
2455 3078 2548 3132 sed
2597 3079 3012 3150 cOgitationibus
3072 3081 3232 3136 etiam
3288 3081 3451 3137 malis

1815 3156 1858 3213 C
1891 3162 2259 3232 subiectorum
2282 3168 2674 3238 deprecandum
2720 3179 2820 3226 est.

2389 3475 2548 3548 (.77
2599 3477 2747 3533 esp.
2781 3476 2891 3532 vn.

1191 3569 1422 3640 Subjecti
1442 3589 1537 3642 pro
1561 3576 1885 3644 ingeniorum
1916 3584 2169 3637 vari-etate
2204 3588 2490 3640 tractandi.

309 3681 503 3738 Σκοπῶ
535 3683 594 3736 δὲ
623 3685 858 3748 κάκεῖνο,
886 3685 1020 3756 ὅπερ
1069 3687 1218 3757 παρὰ
1269 3687 1482 3752 πολλοῖς
1527 3689 1797 3760 εὐγνώμο-

236 3794 326 3831 σιν
381 3777 680 3848 ἀρρώστοις
719 3772 856 3829 εἶδον
901 3778 1176 3848 γινόμενον
1204 3797 1217 3811 ο
1264 3780 1360 3852 τὴν
1420 3784 1526 3853 γὰρ
1593 3782 1798 3836 ἑαυτῶν

234 3870 438 3924 δειλίαν
467 3871 560 3922 καὶ
589 3869 868 3922 ἀσθένειαν
902 3870 1268 3940 ἐπιστάμενοι,
1299 3874 1391 3925 καὶ
1415 3875 1488 3944 μὴ
1546 3874 1799 3944 βουλομέ-

235 3978 366 4024 νους
379 3962 502 4024 τοὺς
519 3962 700 4031 ίατροὺ
712 3979 730 4023 ;
743 3961 1006 4032 δεσμῆσαι
1020 3962 1233 4026 αὐτοὺς,
1257 3966 1348 4016 καὶ
1365 3967 1589 4037 ἑκουσίῳ
1614 3966 1800 4036 pingiu-

237 4051 466 4122 τρεῦσαι
493 4051 863 4123 ὲδυσώπησαν.
891 4052 983 4105 Διὸ
1017 4054 1078 4106 τὺ
1122 4055 1222 4124 μὲν
1254 4055 1466 4124 πνεῦμα
1497 4058 1796 4128 πρόθυμον,

233 4147 329 4198 διὰ
369 4146 468 4214 τὴν
498 4144 794 4214 μέλλουσαν
831 4145 1052 4198 ἑλπίδαο
1090 4147 1123 4216 ἡ
1155 4146 1212 4198 δὲ
1247 4146 1381 4217 σάρξ
1403 4147 1656 4214 ἀσθενὴς,
1714 4149 1800 4202 διὰ

234 4239 341 4300 τὰς
375 4236 744 4307 τερολαόούσας
778 4238 1082 4308 προλείψεις
1130 4239 1195 4294 ⁸⁷.
1251 4239 1390 4306 Ἐγὼ
1417 4240 1472 4293 δὲ
1521 4240 1798 4312 ἑωρακὼς,

236 4328 524 4382 πείθεσθαι
551 4328 674 4389 τοὺς
692 4327 904 4397 ἰατροὺτ
932 4330 1275 4400 ὲδυσὼπησα.
1295 4331 1426 4384 Οὐδὲ
1450 4333 1612 4386 πᾶσιν
1636 4333 1665 4384 ὁ
1711 4332 1800 4386 ὁδε

231 4421 376 4490 ηγὸς
400 4419 588 4489 στενὴν
620 4419 715 4471 καὶ
743 4418 1104 4492 τεθλιμμένην
1141 4422 1596 4494 προσερχομένοις
1627 4423 1803 4493 λέγειν

234 4511 474 4580 ὀφείλειο
528 4510 649 4563 οὐδὲ
713 4510 817 4579 μὴν
863 4511 1074 4581 ἑκάστῳ
1109 4513 1199 4566 τὸν
1230 4513 1392 4579 ζυγὸν
1439 4513 1673 4584 χρηστὸν
1700 4515 1794 4568 καὶ

235 4604 302 4655 τὸ
339 4600 556 4672 φορτίον
583 4600 834 4670 ἐλαφρόν.
891 4603 1117 4654 Σκοπεῖν
1144 4603 1200 4655 δὲ
1236 4605 1432 4673 μᾶλλον
1488 4608 1581 4658 καὶ
1634 4623 1800 4676 προσ-

238 4694 397 4760 φυῶς
426 4693 684 4762 ἁρμόζειν
711 4693 779 4745 τά
809 4694 1091 4762 φάρμακα.
1152 4696 1264 4757 rei;
1312 4697 1408 4764 μὲν
1453 4699 1515 4748 ἐκ
1554 4699 1801 4767 χαλεπῶν

237 4778 777 4848 καταςεὸαρυμὲνοις
800 4780 1229 4851 ἁμαρτημάτων,
1280 4785 1370 4835 καὶ
1409 4785 1642 4854 εὐχερῶς
1665 4785 1799 4855 πρὸς

235 4874 344 4940 τὴν
396 4869 702 4936 ἀπόγνωσιν
735 4870 934 4938 ἔχουσι,
964 4871 1024 4924 τὸ
1061 4872 1310 4942 δεύτερον
1333 4893 1346 4905 ο
1379 4878 1487 4938 τοῖς
1526 4877 1580 4927 δὲ
1638 4877 1800 4928 πάλιν

1968 3679 2098 3733 Illud
2151 3695 2365 3750 quoque
2418 3681 2678 3753 intelligo,
2720 3684 2915 3754 quoda
2941 3685 3265 3755 quibusdam
3295 3688 3458 3745 bona

1897 3771 2059 3823 menti
2081 3805 2113 3834 λ,
2140 3773 2231 3826 sed
2259 3771 2465 3827 all‘ecais
2488 3783 2542 3828 et
2573 3773 2802 3829 inﬁrmis
2841 3775 3105 3847 religiosis
3151 3778 3452 3834 factitatum

1900 3861 2025 3927 vidi,
2057 3863 2149 3930 qui
2199 3879 2310 3917 sua:
2335 3865 2438 3917 sibi
2465 3865 2848 3940 imbecillitatis
2875 3883 2940 3923 ac
2975 3869 3185 3925 timoris
3224 3871 3452 3937 cunscii,

1901 3955 2166 4010 medicum
2221 3957 2285 4009 ad
2343 3960 2563 4011 vulnera
2623 3960 2978 4028 trepidantem
3046 3963 3190 4016 ultro
3254 3963 3452 4018 borwi

1900 4049 2045 4108 sunt,
2073 4043 2149 4096 uti
2186 4043 2539 4110 vincirentur,
2576 4054 2629 4101 et
2654 4063 2746 4115 per
2774 4049 2882 4102 vim
2925 4060 3281 4104 curarentur:
3309 4051 3453 4122 quod

1899 4133 2148 4203 spiritum
2183 4137 2400 4205 quidem
2427 4138 2497 4192 ob
2521 4153 2668 4208 spem
2701 4139 2897 4194 futurae
2919 4142 3042 4194 vitae
3097 4153 3403 4212 promptum
3434 4161 3452 4208 ;

1900 4241 2116 4281 carnem
2181 4237 2356 4282 autem
2427 4238 2643 4300 propter
2685 4240 2932 4301 :-xpertas
2954 4243 3076 4287 ante
3103 4232 3453 4299 defectiones,

1903 4316 2170 4371 inllrmam
2227 4319 2479 4372 sentiant.
2532 4318 2644 4388 Ego
2674 4335 2800 4374 vero
2837 4336 2961 4376 cum
2988 4323 3090 4376 hoc
3111 4322 3454 4376 animadver-

1904 4421 2089 4474 terem,
2147 4411 2408 4478 medicos,
2459 4422 2519 4468 ut
2566 4413 2618 4467 id
2649 4414 2749 4468 sibi
2779 4414 3090 4484 persuaderi
3121 4414 3454 4484 paterentur,

1903 4502 2104 4556 induxi.
2137 4503 2455 4558 Animorum
2495 4505 2604 4559 dux
2635 4515 2686 4560 et
2711 4506 3019 4562 moderator
3046 4523 3147 4562 nec
3201 4507 3454 4562 omnibus

1904 4594 2202 4662 religiosam
2232 4599 2394 4647 viiam
2439 4597 2937 4665 complectentibus,
3011 4598 3152 4651 viam
3207 4614 3455 4664 asperam

1903 4697 1953 4740 ct
2007 4697 2289 4755 angustam
2345 4687 2666 4755 plcnan‘quc
2702 4688 3088 4743 acerbitatibus
3117 4704 3238 4744 esse
3267 4698 3452 4744 osten-

1902 4777 2028 4842 det;
2099 4793 2196 4832 nec
2245 4789 2434 4832 contra
2477 4777 2704 4848 singulis
2728 4779 2916 4847 jugum
2938 4779 3165 4832 Dc-mini
3185 4794 3372 4845 suave,
3400 4789 3457 4834 et

1902 4881 2041 4921 onus
2096 4866 2257 4930 leve;
2297 4867 2388 4920 sed
2450 4866 2726 4934 ingenium
2768 4867 3033 4936 cujusque
3062 4866 3370 4932 astimabit,
3400 4875 3454 4922 et

236 4962 385 5032 πρὸς
426 4960 703 5028 τὸύψηλὸν
736 4962 828 5013 καὶ
851 4962 1168 5030 οίηματικὸν
1197 4967 1448 5036 φρόνημα
1474 4966 1708 5020 κλίνουσι
1732 4967 1794 5033 ¹⁸,
1830 4957 1874 5013 θ
1902 4978 1903 5010 l

1783 5010 1794 5033 ,
1830 4957 1874 5013 D
1902 4957 2214 5012 medicinam
2235 4956 2298 5010 ad
2321 4968 2526 5011 naiura:
2558 4957 2839 5026 morbique
2865 4974 3032 5028 genus
3059 4957 3450 5028 attemperabit.

237 5051 308 5104 τὸ
334 5050 547 5122 πρῶτον
585 5050 839 5120 ἁρμόδιον
889 5050 1198 5120 φάρμακον.
1247 5053 1399 5117 Τινὲς
1421 5055 1534 5107 ὁδὸν
1600 5054 1798 5108 ὁδεύειν

240 5144 468 5213 μακρὰν
521 5143 733 5212 ἔχοντες
782 5143 846 5207 ³³,
905 5144 997 5195 καὶ
1022 5145 1392 5214 ἐρωτήσαντες
1457 5148 1578 5210 τοὺς
1636 5147 1798 5214 γινὼθ

239 5253 498 5299 σῖιοντας,
558 5236 772 5287 εὐθεῖαν
820 5235 1021 5304 ταύτην
1070 5236 1163 5288 καὶ
1222 5237 1388 5297 λείαν.
1444 5239 1537 5292 καὶ
1590 5239 1802 5292 ἀκίνου-

236 5345 336 5380 νον
365 5325 494 5396 παρ’
524 5325 701 5378 αὐτῶν
727 5319 864 5378 εἶναι
896 5325 1201 5392 ἀκηκόασι·
1227 5329 1318 5380 καὶ
1355 5328 1535 5396 μέντοι
1565 5331 1630 5399 τῇ
1663 5332 1798 5398 ἁκοῇ

236 5417 613 5487 χυνωίέντες
668 5416 798 5486 πρὸς
842 5416 938 5487 τὴν
981 5417 1288 5488 ὁδοιπορίαν
1355 5422 1481 5490 περὶ
1539 5419 1606 5474 τά
1660 5421 1801 5490 μέσα

319 5599 335 5646 i
396 5596 595 5661 Egiecb,
625 5611 707 5662 ιιι,
743 5595 828 5650 19.

319 5754 370 5791 ⁸⁸
407 5753 554 5817 Ζσως
580 5751 869 5823 ἐπιμειδιῇ,
897 5751 929 5819 ἦ
957 5748 1228 5819 Ξπιμεὶνῃ,
1257 5747 1574 5817 ἦέπιμένετ.

1674 5751 1689 5758 ’
1731 5749 2039 5817 ητροὶήιζιειῗ.
2122 5750 2398 5806 "mliﬁcus:

1902 5047 2108 5102 Etenim
2146 5057 2482 5102 aeccatorum
2519 5047 2815 5117 ingentium
2873 5048 3108 5117 pondere
3156 5049 3451 5118 depressis,

1904 5150 1958 5194 et
2021 5140 2086 5193 ad
2139 5138 2560 5208 desperationem
2615 5139 2958 5209 vergentibus
2990 5141 3444 5210 posterius(leni-

1903 5231 2044 5295 tatis,
2079 5233 2296 5300 inquam
2321 5271 2337 5296 ,
2369 5230 2721 5298 pharmacum
2754 5232 2771 5300 )
2832 5230 3127 5285 adhibebit.
3189 5231 3450 5286 Sublﬁznia

1901 5339 2028 5379 vero
2065 5323 2421 5394 cogitantibus
2451 5333 2503 5375 et
2540 5322 2704 5376 nimis
2747 5323 2852 5375 alta
2915 5323 3246 5379 sapientibus
3303 5323 3450 5392 prius

1903 5419 2196 5472 amuletum
2253 5412 2788 5468 accommodandum.
2829 5412 3082 5468 Nonnulli
3122 5415 3334 5484 longam
3369 5414 3450 5468 in-

2508 5755 2546 5781 ἠ
2576 5749 2873 5816 μέλλεντες,
