4222 6448
750 357 886 423 1133
1969 367 2027 424 S.
2062 365 2382 426 30ANNIS

2311 366 2382 425 IS
2435 367 2738 426 CLIMACi
3833 361 3970 426 118-1

747 490 985 544 gressurt
1013 490 1178 540 Viam,
1227 477 1526 543 percontati
1553 493 1694 548 quos
1723 479 1822 533 via:
1857 495 2060 549 gnaros
2123 480 2310 536 crede-
2341 490 2414 542 At

2309 514 2310 518 η
2341 490 2386 542 Α
2412 481 2636 552 ταύτης,
2669 481 2702 550 ἢ
2737 481 3138 547 ἐκινδύνευσαν,
3183 483 3218 552 ἢ
3240 487 3332 535 καὶ
3361 481 3726 553 ὑπέστρεψαν,
3752 481 3976 550 ἀπαρα-

747 567 898 630 bant,
928 582 1052 621 cum
1083 568 1150 621 ab
1183 567 1250 622 iis
1282 579 1485 623 rectam
1516 577 1837 641 planamquc
1856 581 1912 626 et
1957 573 2027 626 ab
2055 574 2312 628 omnibus

2414 576 2695 626 σκεύαστοι
2725 573 2862 643 πρὸς
2882 574 2984 633 τάς
3031 572 3238 643 θλίψεις
3284 574 3628 644 εὐρεθέντεςο
3653 573 3843 641 ὥσπερ
3874 571 3979 622 καὶ

748 665 920 709 tutam
974 657 1186 710 insidiis
1231 673 1351 712 esse
1411 659 1754 725 didicissent,
1805 676 1871 716 ea
1903 662 2313 718 denuntiatione
2408 683 2415 698 ι

2312 691 2313 708 ς
2408 664 2472 716 τδ
2495 663 2730 734 ἔμπαλιν
2750 664 2862 718 νόει
2885 681 2997 733 μοι,
3028 664 3163 717 ὅπου
3191 663 3332 735 ἔρως
3362 666 3501 727 θεῖος
3526 663 3704 734 ἥψατο
3723 662 3979 733 καρδίας,

747 746 1092 802 remissiores
1121 747 1270 810 lacti,
1307 749 1359 801 in
1387 749 1566 806 medio
1594 767 1733 820 saepe
1759 769 1920 808 cursu
1960 752 2118 808 fracti
2161 769 2312 809 sutu-
2409 775 2414 804 ι

2409 755 2529 807 ἐκεῖ
2577 754 2741 823 φόϐος
2788 755 3050 825 ῥημάτων
3081 755 3180 806 οὐκ
3225 754 3449 825 ἴσχυσε·
3489 756 3582 808 καὶ
3633 756 3768 808 ὅπου
3811 753 3980 821 «τξὸὅος

749 852 899 890 ιιιυω
962 839 1154 894 salutis
1202 841 1494 896 discrimen
1550 844 1752 910 adiere,
1800 856 1888 898 aut
1915 853 2061 899 certe
2082 846 2310 914 regressi
2410 864 2416 876 ε

2309 875 2310 896 ι
2410 845 2636 916 γεέννης
2692 846 2982 915 ἑπέφανεν,
3021 848 3136 899 ἐκεῖ
3160 845 3337 899 πόνων
3377 846 3647 899 παντοίων
3702 845 3976 913 ὑπομονή.

749 939 894 992 sunt,
941 931 1086 1000 quod
1145 930 1212 984 ad
1252 933 1570 988 alllictiones
1605 935 1911 990 tolerandas
1938 945 2120 991 essent
2146 935 2314 1007 478
2411 939 2416 954 ⁴

2411 939 2585 994 Ὅπου
2612 937 2672 990 δὲ
2707 937 2984 1006 βασιλείας
3011 937 3170 1000 ἐλπὶς
3191 938 3538 1008 γνωρίζεται,
3564 938 3682 990 ἐκεῖ
3707 935 3846 989 ὅλων
3865 936 3982 988 τῶν

748 1019 1022 1088 imparati.
1073 1020 1274 1078 Contra
1331 1040 1550 1080 rursum
1613 1027 1774 1080 velim
1840 1027 2112 1096 intelligas
2157 1044 2173 1080 :
2215 1027 2308 1082 ubi
2411 1047 2415 1081 :

2411 1029 2560 1082 κάτω
2603 1029 3022 1100 καταφρόνησις.
3054 1030 3146 1081 Δεῖ
3171 1028 3265 1082 τὸν
3293 1029 3454 1082 καλὸν
3503 1027 3826 1098 στρατηγὸν,
3871 1026 3981 1095 τὴν

747 1107 836 1165 [ax
864 1113 1068 1167 amoris
1108 1114 1277 1169 divini
1306 1116 1358 1168 in
1403 1126 1620 1185 pectore
1647 1117 1872 1183 exarsit,
1926 1117 1998 1172 ibi
2023 1117 2312 1172 verborum
2410 1143 2414 1168 t

2410 1117 2642 1173 ἑκάστου
2688 1118 2800 1172 τῶν
2829 1117 3149 1190 ἀρχομένων
3176 1119 3367 1173 στάσιν
3429 1121 3527 1174 καὶ
3572 1120 3725 1186 τάξιν
3787 1116 3981 1185 σαφῶς

746 1201 985 1256 tonitrua
1006 1204 1082 1258 nil
1109 1207 1389 1271 territant;
1421 1215 1498 1271 et,
1529 1208 1618 1262 ubi
1649 1217 1828 1262 metus
1849 1208 2120 1262 ultricium
2169 1207 2312 1277 apud
2411 1233 2413 1258 ι

2411 1209 2734 1264 ἐπίστασθαι
2765 1225 2780 1238 ⁶
2831 1210 2962 1274 ῐσως
3009 1210 3120 1279 γ’ὶρ
3159 1214 3299 1265 εἰσιν
3360 1213 3420 1264 ἐν
3463 1211 3542 1282 τῷ
3600 1208 3798 1280 πλήθει
3833 1207 3984 1269 τινὲς

746 1291 954 1352 inferos
1003 1297 1341 1352 ﬂammarum
1389 1299 1585 1363 illuxit,
1640 1300 1715 1354 ibi
1768 1300 2016 1354 laborum
2067 1301 2312 1354 omnium
2412 1333 2413 1342 ι

2412 1304 2511 1356 σὺν
2538 1301 2687 1369 αὐτῷ
2706 1301 2847 1371 ὑπὲρ
2875 1300 2986 1356 τῶν
3019 1303 3436 1372 συστρατιωτῶν
3455 1301 3729 1371 πρόμαχοι
3755 1298 3851 1353 καὶ
3879 1315 3985 1368 μο-

747 1404 964 1458 summa
1013 1392 1295 1460 patientia.
1345 1391 1446 1448 Ubi
1493 1393 1728 1461 denique
1754 1409 1881 1464 spes
1901 1393 2045 1462 regni
2076 1392 2314 1449 cmlestis
2410 1412 2414 1426 ε

2410 1394 2638 1465 νομάχοι
2678 1393 2984 1463 ὀφείλοντες
3009 1395 3071 1446 ὲν
3117 1393 3322 1465 ἠσυχίᾳ
3347 1393 3708 1447 καθίστασθαι
3730 1407 3745 1419 ·
3793 1390 3854 1442 αὖ
3888 1388 3985 1440 δύ-

746 1480 990 1552 aﬂ'ulget,
1051 1483 1126 1538 ibi
1178 1499 1305 1540 mox
1344 1485 1589 1540 omnium
1615 1501 1796 1540 rerum
1825 1487 2188 1540 humanarum
2225 1501 2314 1541 se-
2411 1505 2413 1511 ι

2411 1500 2567 1537 ναται
2633 1483 2793 1554 μόνος
2861 1482 3204 1552 κυϐερνήτης
3242 1481 3412 1552 χωρὶς
3462 1481 3558 1551 τῆς
3607 1482 3716 1533 των
3768 1476 3985 1532 ναυτῶν

747 1574 936 1640 quitur
995 1575 1346 1645 contemptio.
1402 1573 1532 1629 Duci
1585 1575 1756 1645 perito
1819 1575 2181 1645 sulvjcctorum
2234 1573 2311 1627 illi
2413 1609 2414 1616 η

2413 1574 2754 1644 συνεργείας,
2811 1574 2912 1642 τὴν
2974 1572 3109 1627 ναῦν
3155 1572 3524 1628 διασώσασθαι
3553 1589 3569 1602 ο
3639 1572 3757 1624 οὐδὲ
3797 1569 3985 1639 ἰατρὸς

748 1665 983 1720 militum
1033 1666 1200 1721 animi
1229 1677 1284 1721 et
1311 1667 1529 1722 ’ordines
1563 1668 1730 1738 probe
1757 1678 1884 1722 sunt
1906 1665 2260 1738 pernoscendi
2295 1683 2310 1719 :
2410 1687 2415 1701 ·

2410 1667 2503 1719 τὸν
2541 1664 2818 1734 κάμνοντα
2850 1662 3128 1726 ἰάσασθαι,
3158 1663 3208 1716 εί
3239 1662 3316 1734 μὴ
3345 1664 3609 1735 πρότερον
3647 1661 3778 1732 παρ’
3810 1657 3984 1712 αὐτοῦ

749 1761 982 1818 fortasse
1040 1763 1208 1817 latent
1252 1763 1308 1818 in
1367 1764 1524 1818 turba
1581 1763 1861 1818 fortissimi
1929 1778 2028 1832 pro
2069 1758 2311 1816 exercitu
2410 1778 2416 1794 ι

2410 1758 2507 1814 τοῦ
2557 1757 2648 1811 διὰ
2704 1755 3070 1826 δυσιιηιήσεως
3115 1756 3164 1789 ³⁸
3220 1756 3316 1810 καὶ
3361 1755 3462 1826 τῆς
3520 1754 3617 1808 τοῦ
3669 1752 3985 1824 τραύματος

749 1871 875 1910 cum
899 1857 1016 1926 ipso
1047 1866 1475 1927 propugnatores
1493 1865 1548 1912 et
1601 1855 1961 1925 antesignani,
1994 1863 2051 1910 et
2084 1854 2179 1924 qui
2218 1853 2316 1907 ho-
2348 1843 2416 1899 Bt

2348 1843 2391 1899 Β
2414 1847 2772 1920 φανερώσεως
2811 1850 3146 1918 προτραπεὶς
3197 1847 3516 1909 ὁλοπίστως.
3579 1847 3646 1899 Οί
3707 1843 3985 1898 αίδεσθὲν-

749 1958 888 2003 stem
929 1947 998 2003 ad
1047 1947 1324 2019 singulare
1371 1956 1643 2004 certamen
1707 1949 1945 2003 audeant
1994 1960 2309 2016 provocare,
2415 1968 2416 1978 π

2415 1960 2507 2006 τες
2551 1939 2789 2010 ἰατροὺς,
2835 1939 3131 2009 σηπεδόνας
3174 1941 3506 2010 πεποιήκασι
3528 1955 3544 1968 ο
3584 1937 3772 1992 πολλοὶ
3794 1936 3854 1989 δὲ
3888 1935 3989 1988 καὶ

751 2240 857 2295 nisi
910 2248 1151 2310 rogetur,
1187 2237 1345 2306 eique
1395 2236 1594 2289 vulnus
1635 2233 1927 2304 aperiatur,
1980 2240 2037 2286 ct
2088 2237 2200 2284 tota
2249 2219 2545 2280 curationis
2601 2218 2744 2272 ratio
2803 2215 2948 2310 illius
2992 2213 3292 2310 diligentiae
3345 2223 3399 2270 et
3429 2214 3550 2268 lidci
3607 2215 3976 2310 permittatur.

751 2334 857 2400 Qui
877 2349 943 2387 ex
975 2306 1296 2386 verecundia
1339 2312 1563 2383 vulnera
1591 2336 1793 2384 texere.
1839 2338 2049 2380 vermes
2091 2329 2148 2377 et
2213 2329 2434 2375 uutores
2500 2314 2704 2374 aluere,
2768 2325 2871 2365 nec
2916 2307 3044 2363 inde
3095 2306 3278 2378 pauci,
3315 2323 3416 2364 nec
3451 2322 3577 2362 raro
3629 2306 3861 2376 periere.

1349 2659 1576 2718 CAPUT
1612 2661 1741 2716 VIII.

1716 2661 1741 2716 ς,
3019 2635 3274 2694 ΚΕΦΔΔ.
3300 2634 3383 2690 Ην.

1481 2776 1723 2831 Pastoris
1753 2770 2052 2826 adhortatio
2073 2769 2290 2822 a..sidua
2316 2765 2488 2828 utilis,
2514 2761 2630 2830 ejus
2667 2759 2967 2823 snbmissio,
3013 2756 3206 2822 fastus.

820 2888 879 2946 In
919 2891 1186 2962 pascendo
1211 2905 1370 2962 grege
1411 2891 1668 2961 magister
1700 2891 1912 2960 pecoris
1955 2888 2133 2944 tistnla
2193 2901 2312 2940 scr-
2482 2882 2487 2934 ἶ

2482 2877 2815 2951 Νεμομένων
2842 2875 2954 2928 τῶν
2983 2872 3296 2946 προϐάτων,
3330 2873 3398 2942 τῇ
3432 2872 3654 2942 σύριγγι
3690 2870 3788 2924 τοῦ
3831 2869 3997 2938 λόγου

749 2961 932 3039 monis
988 2961 1456 3047 assidueiutatur,
1515 2983 2056 3052 pnesertimqnando
2083 2994 2213 3034 oves
2243 2978 2312 3032 ad
2411 2996 2416 3022 ε

2411 2975 2441 3026 ὁ
2474 2970 2675 3041 ποιμὴν
2710 2965 3045 3038 κεχρημένος
3103 2962 3180 3034 μὴ
3225 2962 3548 3032 παύσηται·
3602 2963 3699 3014 καὶ
3754 2961 3995 3031 μάλιστα

749 3075 987 3145 quietem
1041 3075 1460 3144 proﬁciscuntur
1495 3094 1508 3129 :
1564 3075 1696 3129 nihil
1747 3076 1892 3128 enim
1921 3084 2027 3128 tam
2061 3073 2314 3127 formidat

2420 3061 2722 3133 μελλόντων
2755 3058 2959 3111 τούτων
2988 3057 3069 3118 εις
3125 3052 3292 3107 ὕπνον
3335 3052 3627 3122 ἔρχεσθαιο
3673 3053 3832 3106 οὐδὲν
3882 3055 3996 3121 γὰρ

752 3169 932 3238 lupus,
968 3184 1128 3237 quam
1163 3169 1447 3237 pastoralis
1489 3185 1678 3223 canna:
1703 3184 1895 3222 sonum
1929 3186 1941 3220 :
1971 3182 2146 3236 neque
2177 3167 2195 3234 (
2227 3180 2314 3220 re-
2417 3181 2419 3198 ι

2417 3155 2590 3218 οὕτως
2657 3152 2862 3206 δέδοικε
2916 3149 3101 3212 λύκος,
3128 3149 3206 3212 ὡς
3300 3145 3560 3218 σύριγγος
3628 3147 3997 3215 ποιμαντικῆς

752 3270 872 3314 ctor
942 3259 1293 3330 animarum)
1352 3276 1589 3330 unquam
1643 3276 1702 3314 se
1725 3260 1886 3316 nimis
1923 3271 1973 3312 ct
2004 3271 2193 3328 praeter
2225 3273 2314 3311 ra-
2343 3269 2386 3326 ε

2343 3269 2386 3326 C
2421 3247 2693 3317 ἀπήχημα
2718 3261 2733 3272 ·
2788 3244 2908 3296 οὐδὲ
2957 3241 3188 3296 πάντοτε
3239 3241 3528 3294 ταπεινοῦν
3584 3237 3816 3305 ἀλὸγως,
3877 3237 3998 3289 οὐδὲ

759 3352 965 3406 tionem
1019 3328 1330 3408 submittat:
1390 3328 1490 3407 nec
1541 3369 1780 3422 unquam
1841 3367 1900 3407 se
1923 3351 2088 3422 479
2127 3351 2320 3406 stolide
2419 3358 2426 3372 ‘

2419 3338 2648 3391 πάντοτε
2680 3334 2850 3404 ὑψοῦν
2885 3332 3146 3404 ἀφρόνως
3205 3330 3398 3385 ἑαυτὸν
3451 3331 3482 3382 ὁ
3513 3328 3794 3400 προεστὼς
3843 3328 3993 3396 ὀφεί-

751 3445 994 3510 extollat,
1047 3445 1141 3498 sed
1189 3445 1242 3499 in
1301 3457 1530 3515 utroque
1560 3443 1788 3500 Paulum
1819 3445 2010 3499 ducem
2042 3452 2314 3513 sequatur.

2419 3432 2520 3494 λει,
2553 3429 2696 3501 ὁρῶν
2733 3427 2942 3482 Παῦλον
2965 3429 3024 3480 ὲν
3050 3425 3389 3496 ἀμφοτέροις
3438 3423 3692 3476 ὁδεύοντα
3711 3438 3728 3452 ο
3791 3422 3998 3491 Κύριος

755 3535 900 3592 Deus
949 3539 1259 3607 lrcquentcr
1319 3539 1508 3593 oculos
1558 3539 1926 3606 subiectorum
1958 3537 2115 3606 quasi
2157 3535 2320 3590 fasci-

2422 3521 2686 3584 πολλάκις
2703 3518 3047 3588 συνεκάλυψε
3096 3517 3228 3578 τοὺς
3252 3514 3563 3584 ὀφθαλμοὺς
3613 3513 3724 3567 τῶν
3760 3512 4001 3582 ἀρχομέ-

754 3640 871 3694 ttat,
931 3646 998 3684 ne
1023 3631 1288 3699 majorum
1323 3645 1545 3684 suorum
1578 3631 1706 3684 vitia
1739 3630 2160 3698 deprehendant,
2202 3643 2323 3698 qua:

2421 3632 2526 3665 νων
2557 3613 2614 3664 ἒν
2667 3629 2776 3664 τισι
2822 3611 2918 3663 τοῦ
2981 3609 3336 3678 προεστῶτος
3375 3605 3770 3675 ἐλλείμμασιν·
3835 3606 3999 3666 αὐτὸς

756 3723 803 3778 si
837 3731 1021 3790 pastor
1047 3723 1150 3777 illis
1172 3724 1398 3790 aperiat,
1435 3723 1682 3777 ﬁduciam
1716 3723 1931 3776 illorum
1963 3739 2086 3792 erga
2146 3723 2321 3790 ipsum
2420 3733 2423 3746 ‘

2420 3706 2476 3758 δὲ
2509 3704 2679 3757 ταῦτα
2713 3701 3030 3772 φανερώσας
3055 3700 3314 3752 ἀπιστίαν
3329 3698 3636 3768 ἐγέννησεν.
3684 3694 3838 3749 Εἶδον
3868 3713 4002 3766 προο

758 3815 914 3871 tollit.
979 3813 1096 3868 Vidi
1147 3833 1248 3886 ego
1299 3815 1582 3885 prmsidcm
1637 3817 2036 3883 religiosomm,
2080 3815 2172 3884 qui
2207 3815 2322 3868 suis

2427 3796 2638 3847 εστὼτα
2665 3795 2723 3858 ἐξ
2754 3795 2930 3863 ἄκρας
2983 3790 3371 3852 ταπεινώσεως
3397 3792 3513 3850 τοῖς
3555 3789 3766 3850 τέκνοις
3799 3787 3858 3838 ἐν
3887 3803 4003 3839 τισι

759 3908 937 3962 liliolis
997 3909 1050 3961 in
1101 3908 1427 3977 quibusdam
1484 3911 1643 3961 rebus
1700 3923 1791 3975 per
1845 3923 2114 3960 summam
2158 3906 2323 3960 animi
2425 3914 2426 3918 ‘

2425 3883 2924 3954 συμϐουλευόμενοι)
2953 3899 2968 3914 ο
3007 3883 3101 3935 καὶ
3130 3876 3268 3933 εἶδον
3296 3879 3484 3949 ἕτερον
3516 3880 3615 3948 τὴν
3648 3878 4005 3944 ίδέανισοφίαν

759 3999 1143 4055 demissionem
1187 4000 1388 4069 optime
1443 3999 1736 4053 consuluit.
1792 3996 1980 4052 Notavi
2032 3999 2197 4052 alium
2231 3998 2324 4067 qui

2426 3977 2628 4044 ἄσοφον
2656 3976 2716 4042 ἐξ
2767 3977 2995 4046 οἰήσεως
3024 3975 3208 4036 αὐτοῖς
3267 3972 3587 4042 ἐμφανίζειν
3643 3969 4001 4040 βουλύμενον⁹

760 4092 981 4147 stultam
1038 4107 1191 4146 suam
1259 4093 1579 4161 sapientiam
1631 4093 1696 4145 ad
1760 4089 2156 4146 conciliandam
2221 4090 2325 4147 sibi
2425 4091 2427 4097 ’

2425 4070 2520 4123 καὶ
2545 4068 2846 4139 εἰρωνικῶς
2877 4067 3247 4136 διατιθέμενον
3285 4064 3424 4133 πρὸς
3476 4064 3693 4126 αὐτοὺς,
3761 4063 4006 4124 σπανίως

2474 4160 2486 4169 ι
2584 4161 2607 4169 ..
2888 4158 2900 4169 ι
3185 4157 3197 4169 ι
3447 4149 3498 4169 Os
3584 4155 3596 4166 ε
3735 4153 3761 4169 Λ
3798 4155 3820 4168 ν
3879 4155 3891 4166 ο

760 4184 1215 4238 existimationem
1242 4184 1476 4254 aperuit,
1508 4197 1607 4238 nec
1634 4182 1846 4238 sincere
1876 4197 2002 4253 erga
2052 4182 2327 4252 subjectos

2429 4160 2548 4230 μὲν,
2581 4161 2731 4229 ὅμως
2771 4158 2911 4212 κατά
2933 4175 3051 4210 τινα
3073 4157 3388 4227 περίστασιν
3420 4153 3560 4207 εἶδον
3581 4153 3849 4222 ἐμπαθεῖς
3867 4155 4008 4205 άπα-

761 4267 1036 4322 alI‘cctum.
1093 4266 1237 4321 Raro
1277 4242 1530 4337 .qnidem,
1590 4267 1684 4322 sed
1729 4275 1906 4321 tamen
1941 4282 2006 4320 ex
2033 4282 2198 4322 causa
2224 4266 2328 4321 ali-
2427 4266 2428 4278 ‘

2427 4249 2535 4302 θῶν
2551 4249 2839 4321 ἄρξαντας,
2854 4247 2950 4302 καὶ
2979 4248 3118 4301 κατὰ
3133 4247 3326 4318 μικρὸν
3337 4246 3462 4306 τοὺς
3481 4244 3815 4316 ἀρχομένους
3861 4242 4008 4296 αἰδε-

761 4366 888 4421 qna,
937 4350 1222 4405 observavi
1271 4334 1562 4406 nonnullos
1610 4349 2001 4405 vitiositatibus
2059 4348 2226 4404 animi
2275 4359 2331 4404 et

2433 4341 2684 4405 σθέντας,
2725 4343 2822 4394 καὶ
2849 4340 2917 4394 τὰ
2950 4339 3060 4394 ι’δια
3093 4339 3242 4408 πάθη
3273 4337 3708 4408 περικόψαντας·
3734 4335 3895 4388 τοῦτο
3952 4334 4011 4387 δὲ

765 4432 1263 4502 perturbationibus
1291 4434 1557 4488 obnoxios
1583 4447 1816 4502 praeesse
1847 4430 2101 4502 perfectis
2123 4439 2178 4486 et
2217 4446 2330 4486 om-
2429 4455 2432 4475 ι

2429 4428 2606 4502 οἶμαι,
2633 4432 2664 4485 ὁ
2692 4431 2883 4504 μισθὸς
2907 4431 3017 4486 τῶν
3045 4429 3366 4499 σωζομένων
3400 4429 3460 4481 ἐν
3488 4428 3672 4490 αὐτοῖς
3697 4427 4002 4497 ἐνήργησε.

765 4514 929 4569 nibus
982 4515 1340 4584 cupiditatum
1397 4516 1606 4571 morbis
1631 4515 1916 4585 expeditis,
1942 4517 2035 4585 qui
2068 4515 2327 4585 paulatim
2431 4541 2432 4549 ι

2431 4521 2526 4574 καὶ
2587 4520 2808 4589 γέγονεν
2842 4521 3026 4584 αὐτοῖς
3069 4522 3105 4591 η
3167 4519 3422 4590 ἐμπαθὴς
3467 4516 3802 4589 ἐγχείρησις,
3861 4518 4009 4570 ἀπα-

765 4617 834 4658 ex
884 4603 1256 4674 subiectorum
1310 4620 1535 4661 suorum
1592 4605 1792 4660 virtute
1826 4605 2197 4670 vcrecundati,
2235 4621 2332 4661 sua
2365 4602 2410 4656 D

1226 4621 1256 4660 ιι
1310 4620 1535 4661 suorum
1592 4605 1792 4660 virtute
1826 4605 2197 4670 vcrecundati,
2235 4621 2332 4661 sua
2365 4602 2410 4656 D
2439 4609 2590 4673 θείας
2621 4611 2893 4674 ὑπόθεσις.

768 4695 1012 4768 ipsorum
1058 4700 1186 4753 vitia
1241 4715 1458 4769 quoque
1482 4698 1864 4763 cmendarunt,
1919 4699 2064 4768 quod
2133 4698 2503 4767 subiectorum
2535 4703 2728 4772 opinor
2763 4703 2829 4758 ad
2889 4701 3088 4759 caelum
3139 4699 3733 4757 dcstinatorumvirtns
3785 4707 3842 4750 ct
3883 4712 4013 4766 pro-

767 4792 961 4847 merita
1039 4793 1094 4848 in
1142 4792 1274 4862 ipsis
1324 4793 1556 4848 clliccrc.
1587 4789 1921 4860 Factumque
1978 4800 2065 4846 cst
2103 4800 2164 4845 ut
2217 4791 2634 4849 administrandi
2693 4809 2894 4851 munus
2921 4794 3119 4850 vitioso
3170 4793 3435 4863 pratbcret
3474 4791 3823 4847 occasionem
3887 4805 3987 4858 per

768 4881 1042 4943 lectionis.

1402 5194 1628 5253 CAPUT
1666 5197 1758 5253 ιχ.
3040 5192 3069 5247 ιε

1728 5197 1758 5253 L.
3040 5190 3289 5247 ΚΕΦΔΛ.
3338 5190 3395 5244 Θ⁹

1932 5310 2120 5364 Pastor
2147 5313 2285 5366 sitio
2313 5310 2542 5364 adversis
2577 5323 2842 5362 constans.

855 5425 1169 5482 Cavendum
1198 5441 1265 5480 ne
1291 5436 1601 5494 comparata
1631 5425 1684 5478 in
1724 5435 1905 5495 portu,
1934 5426 2262 5495 dissipemus
2290 5441 2343 5480 tn

2526 5423 2860 5493 Προσεκτέον
2923 5428 2996 5490 μή
3053 5435 3170 5480 πως
3201 5417 3271 5470 τὰ
3301 5433 3394 5469 του
3423 5415 3640 5485 λιμένος
3700 5417 3760 5468 ἒν
3792 5413 3873 5483 τῷ
3912 5429 4010 5465 πε-

781 5520 989 5590 pelago.
1028 5518 1333 5580 Intelligunt
1364 5517 1608 5589 [norunt]
1646 5519 1774 5586 quid
1828 5519 1930 5572 hoc
1958 5519 2087 5572 dit-li
2122 5520 2221 5572 sibi
2255 5535 2345 5573 ve-

2344 5550 2345 5556 η
2453 5519 2606 5584 λὰγει
2638 5515 3034 5584 σκορπίσωμεν
3060 5529 3075 5542 ·
3103 5511 3276 5564 οἴδασι
3309 5510 3371 5562 τὸ
3418 5507 3706 5578 εἰρημένον
3763 5505 3813 5559 oi
3873 5507 4011 5574 πρῦε

787 5611 867 5674 iit,
897 5609 989 5680 qui
1031 5609 1096 5662 ad
1137 5608 1326 5663 turbas
1370 5625 1424 5662 (ξι
1457 5609 1722 5663 tumultus
1774 5624 1956 5662 rerum
1999 5617 2344 5664 externarum
2452 5636 2454 5642 ·

2452 5611 2577 5673 τοὺς
2620 5607 2876 5678 θορύϐους
2923 5606 3050 5668 τοὺς
3101 5603 3255 5667 ἐκτὸς
3299 5601 3377 5656 ἔτι
3429 5599 3760 5670 ἀγύμναστοι
3809 5598 4012 5665 τυγχᾶ-

859 5792 902 5821 ²⁰
934 5787 1278 5853 ὃυσωπηθείς.
