4222 6448
218 374 342 438 1185

1413 370 1640 428 LIBER
1701 368 1799 426 [ΞΠ
1833 365 1923 426 ΡΛ
1931 363 2251 429 STOREM.

3309 363 3444 429 1186

214 497 416 544 νοντες·
451 479 592 549 μέγα
627 479 727 549 μὲν
756 481 830 541 ὼς
862 479 1075 550 ἀληθῶς
1130 480 1189 530 τὸ
1234 477 1480 549 φύζύχως
1536 479 1630 531 καὶ
1677 481 1770 532 ὰν-
1802 487 1844 540 Α
1875 475 1881 527 i

1802 487 1844 540 Α
1875 475 2208 530 inexercitati
2236 478 2522 546 prodeunt.
2556 478 2879 534 I’rmclarum
2922 479 3140 547 quidem
3177 489 3259 532 est
3287 478 3441 533 forti-

212 571 394 642 δρείως
421 570 712 640 ὑπομένειν
745 571 837 622 τὸν
863 569 964 640 τῆς
991 571 1221 638 ἡσυχίας
1259 569 1532 629 καύσωνα,
1558 567 1653 621 καὶ
1677 570 1775 636 τὴν

212 660 463 729 γαλήνην,
497 657 592 711 καὶ
614 657 714 728 τὴν
742 657 1060 728 ὀλιγωρίαν,
1087 659 1180 710 καί
1212 657 1288 728 μὴ
1343 656 1621 726 ἐπιζητεῖν
1678 657 1775 717 τὰς

213 749 313 802 τῶν
346 746 450 812 ἔξω
477 747 571 800 τοῦ
601 745 784 800 πλοίου
810 746 908 815 τῆς
936 745 1132 816 κέλλης
1164 745 1518 815 μετεωρίσεις
1549 745 1644 798 καὶ
1670 762 1774 796 πα-

214 839 518 910 ρακλήσεις,
539 837 726 908 ὥσπερ
741 839 791 892 οἱ
820 837 1071 908 ὀλίγωροι
1094 838 1201 891 τῶν
1223 837 1488 892 ναυτικῶν
1513 838 1571 889 ὲν
1599 838 1775 909 καιρῴ

212 929 526 1000 ἀκρασίιις¹¹
569 930 668 999 τὴν
692 931 751 984 ἐν
771 933 882 994 τοῖς
927 930 1082 984 ὖδασι
1106 930 1289 998 πῆξιν·
1313 930 1380 961 ’ν
1405 929 1586 998 μεῖζον
1606 931 1662 983 δὲ
1681 929 1774 984 καὶ

210 1024 553 1095 ἀσύγκριτον,
593 1026 648 1076 τὸ
701 1025 777 1096 μὴ
825 1025 951 1088 τοὺς
1007 1024 1266 1096 θορύϐους
1335 1022 1584 1086 δεδιέναι,
1634 1023 1767 1076 ἀλλὰ

213 1112 391 1183 μένειν
439 1113 532 1168 ἐπὶ
581 1117 693 1178 τοῖς
721 1113 925 1168 τούτων
969 1115 1196 1178 κτύποις
1239 1115 1304 1186 τῇ
1331 1112 1527 1184 καρδίᾳ
1567 1113 1774 1185 ἅπτόη-

210 1219 333 1269 τον,
364 1203 459 1256 καὶ
520 1203 794 1273 ἀκίνητον,
856 1203 995 1273 μετὰ
1048 1204 1348 1274 ἀνθρώπων
1415 1204 1514 1272 μὲν
1566 1203 1724 1266 ἐκτὸς
1753 1243 1772 1273 ,

213 1292 347 1363 μετὰ
399 1292 534 1346 Θεοῦ
564 1293 624 1346 δὲ
679 1293 831 1358 ἐντὸς
857 1294 1242 1363 διατρίϐοντες.

810 1804 1032 1858 ΚΕΦΛΛ
1045 1843 1060 1854 .
1124 1803 1182 1856 1’.

1793 1681 1858 1692 .-

1879 571 1959 618 ter
2007 576 2062 617 et
2117 580 2374 634 generose
2416 568 2644 623 tolerare
2693 584 2817 624 cum
2890 569 3089 623 silentii
3143 578 3199 624 et
3248 569 3446 637 quietis

1875 661 2089 720 iustum,
2111 665 2223 708 tum
2253 658 2691 728 tranquillitatem
2719 669 2773 714 et
2796 669 3184 728 contemptum,
3204 675 3303 714 nec
3327 677 3446 730 qua:

1880 756 2034 798 extra
2073 762 2286 809 navem,
2323 759 2371 803 et
2411 751 2598 805 etllam
2635 762 2762 806 sunt
2793 752 3047 806 sublimia
3078 753 3352 820 affectare,
3394 763 3448 824 et

1878 837 2122 892 solatiola
2171 839 2336 911 430
2391 844 2635 898 venerari
2663 885 2678 909 ,
2723 845 3180 914 quemadmodum
3227 842 3445 903 n'autica

1880 931 2063 994 turba,
2109 947 2232 985 eum
2265 946 2344 986 est
2377 937 2601 990 malacia
2638 936 2688 990 in
2724 953 2938 992 onmem
2970 954 3028 993 se
3058 941 3244 992 luxum
3275 939 3447 994 effun—

1876 1013 2034 1082 dunt,
2073 1028 2130 1072 et
2166 1021 2404 1074 natando
2437 1024 2592 1092 aquis
2626 1023 2879 1079 illudunt.
2919 1025 3023 1080 Sed
3075 1028 3248 1080 multo
3298 1043 3432 1096 pra:-

1876 1107 2080 1164 elarius
2107 1121 2192 1165 est
2221 1121 2278 1166 et
2304 1128 2467 1182 supra
2504 1117 2988 1184 comparationem,
3021 1119 3284 1172 tumultus
3328 1118 3442 1171 nul-

1877 1199 1963 1254 los
1991 1211 2142 1256 extra
2169 1218 2270 1259 nos
2297 1205 2508 1275 positos
2533 1208 2934 1276 pertimescere,
2965 1214 3059 1266 sed
3089 1213 3142 1265 in
3170 1211 3447 1280 hujusmo—

1876 1298 1930 1353 di
1963 1301 2133 1357 turbis
2157 1313 2210 1358 et
2236 1306 2465 1375 strepitu:
2522 1307 2830 1364 interritum
2883 1310 3281 1380 immotumque
3321 1327 3444 1365 cum

1880 1385 2020 1442 inter
2054 1390 2333 1446 hominum
2366 1404 2544 1450 ecetus
2577 1397 2839 1463 exn-rius,
2867 1408 2975 1452 tum
3019 1400 3074 1453 in
3108 1401 3292 1454 animo
3321 1415 3444 1454 cum

1882 1478 1990 1536 Deo
2027 1484 2256 1540 interius
2283 1489 2580 1544 consistere
2617 1501 2671 1544 et
2704 1491 2930 1547 versari.

2505 1818 2733 1876 CAPUT
2770 1818 2837 1876 X.

1451 1921 1529 1978 Dc
1566 1922 1876 1994 recipiendis
1920 1927 2180 1984 tironibus

279 2037 460 2115 Ἔστω
497 2055 602 2103 σοι,
630 2031 675 2093 ὣ
702 2036 992 2107 θαυμάσιε,
1052 2038 1086 2108 ἡ
1106 2037 1214 2092 τῶν
1248 2039 1402 2104 ἐκτὸς
1427 2044 1765 2106 κατάστασις
1807 2024 1850 2080 Β

1807 2024 1850 2080 Β
1955 2043 2038 2100 Sit
2065 2046 2180 2109 tibi,
2212 2047 2444 2102 verende
2468 2047 2569 2108 vir,
2606 2056 2780 2102 status
2813 2063 3000 2104 eorum
3037 2052 3131 2122 qui
3165 2053 3218 2108 in
3246 2056 3445 2112 mundo

208 2131 316 2185 τῶν
378 2131 659 2202 ἡμετέρων
710 2130 985 2193 ὑπόθεσις.
1019 2130 1116 2194 Ti;
1164 2132 1263 2200 μὲν
1291 2135 1585 2200 κατάδικος
1614 2137 1672 2188 ἐν
1696 2135 1774 2208 τῷ

208 2222 424 2293 φοϐερῷ
489 2222 646 2292 ἡμῶν
725 2221 821 2275 καὶ
871 2221 1085 2292 ἀληθῶς
1145 2222 1479 2298 δικαστηρίῳ
1542 2231 1778 2300 παραγί-

207 2333 379 2378 νεται,
404 2315 489 2378 τὶς
512 2316 567 2368 δὲ
597 2313 886 2378 ἀνεύθυνος
920 2315 1057 2387 πρὸς
1086 2317 1349 2388 ἐργασίαν
1375 2319 1508 2374 Θεοῦ
1541 2323 1634 2375 καὶ
1658 2323 1778 2376 δου-

209 2407 358 2460 λείαν
386 2407 738 2476 ἐπειγόμενος
760 2423 774 2438 ο
807 2407 1047 2460 ἐναντίαι
1071 2407 1181 2478 γάρ
1232 2409 1448 2463 πάντων
1502 2411 1778 2484 ἑκατέρων

209 2497 268 2550 αἱ
303 2497 514 2566 ἀφίξεις
543 2497 611 2562 ’³,
658 2495 751 2549 καὶ
796 2498 1012 2550 οἰκείων
1057 2500 1444 2554 καταστάσεων
1504 2501 1774 2574 δεόμεναι.

223 2590 620 2660 Ἐπερωτάσθω
647 2588 752 2660 πρὸ
795 2590 1015 2643 πάντων
1037 2590 1066 2642 ὁ
1107 2590 1428 2657 ὑπεύθυνος,
1465 2593 1570 2666 ἰδίᾳ
1595 2595 1778 2664 μέντοι

207 2682 354 2745 τίνες
394 2682 450 2735 αἱ
504 2681 666 2735 αὖ·τοῦ
704 2679 930 2752 πράξεις
992 2683 1114 2737 κατ’
1181 2679 1319 2747 εἶδος
1377 2685 1775 2756 καθεστήκασι.

208 2775 366 2827 Δυοῖν
395 2773 609 2844 τρόπων
650 2773 843 2827 ἕνεκα·
874 2773 1023 2838 ὅπως
1057 2791 1116 2827 τε
1152 2777 1219 2846 τῇ
1284 2775 1635 2846 ἐξαγορεύσει
1688 2778 1778 2832 διὰ

208 2863 413 2927 παντὸς
459 2864 614 2917 νυττ(
641 2881 802 2927 ιενος,
835 2863 1279 2934 ἀπαρρησίαστος
1319 2864 1476 2936 μείνῃ
1501 2880 1516 2896 ⁶
1569 2867 1663 2921 καὶ
1693 2869 1778 2923 ἵνα

205 2952 326 3024 γνῷ
378 2955 546 3008 ποίων
573 2955 902 3025 τραυμάτων
941 2955 1190 3026 ἀνάδοχοι
1223 2955 1550 3026 γεγόναμεν,
1585 2961 1779 3023 καὶείς

206 3045 432 3117 ἀγάπην
459 3045 612 3117 ἡμῶν
640 3046 971 3117 διεγείρηται
996 3061 1012 3078 ο
1081 3045 1219 3118 μηδὲ
1282 3044 1440 3100 τοῦτό
1470 3064 1531 3100 σε
1579 3049 1778 3102 λανθα-

207 3138 372 3204 νέτω,
412 3131 458 3191 ὦ
481 3139 649 3208 τίμιε,
694 3139 881 3209 ὥσπερ
912 3137 1036 3192 οὐδὲ
1071 3141 1368 3208 ἀγνοεῖται,
1443 3140 1519 3210 μὴ
1548 3141 1777 3210 γένοιτοο

204 3229 356 3299 λέγω
407 3228 491 3301 δὴ,
524 3229 586 3283 τὸ
620 3230 1008 3302 συγκρίνεσθαι
1048 3232 1199 3300 παρὰ
1229 3230 1363 3284 Θεοῦ
1397 3232 1640 3295 καὶτοὺς
1691 3233 1781 3287 τό-

205 3338 369 3385 πους,
415 3321 506 3374 καὶ
541 3322 640 3381 τὰς
666 3319 1010 3386 ἀναϐιώσεις,
1038 3321 1134 3376 καὶ
1159 3321 1258 3387 τὰς
1286 3322 1426 3388 ἕξεις
1453 3323 1562 3377 τῶν
1608 3324 1778 3378 ὑπευ-

205 3415 389 3468 θύνων
411 3430 426 3444 ·
466 3415 602 3470 πολὺ
627 3415 735 3488 γὰρ
755 3414 816 3469 τὺ
869 3415 1112 3471 ποικίλον
1138 3416 1231 3470 καὶ
1256 3416 1510 3488 διάφορον
1539 3416 1776 3490 κέκτην-

205 3526 322 3562 ται.
362 3509 625 3572 Πολλάκις
669 3510 699 3562 ὁ
739 3507 1126 3582 ἀσθενέστερος
1153 3508 1250 3562 καὶ
1273 3508 1662 3580 ταπεινότερος
1707 3512 1776 3583 τῇ

205 3600 411 3670 καρδία
456 3600 809 3669 εὑρίσκεται·
837 3599 1028 3672 διόπερ
1060 3601 1156 3654 καὶ
1199 3601 1543 3672 κουφοτέρως
1603 3619 1778 3674 τιμω-

207 3691 426 3761 ρείσθαι
459 3691 610 3762 παρὰ
643 3691 752 3745 τῶν
785 3691 1170 3762 πνευματικῶν
1233 3691 1505 3746 δικαστῶν
1550 3691 1777 3763 ὀφείλει.

205 3783 287 3836 Τὸ
334 3783 392 3836 δὲ
419 3783 658 3836 ἐναντίον
686 3783 970 3855 πρόδηλον.

1878 2136 2111 2205 degunt,
2163 2137 2550 2192 documentum
2604 2154 2785 2192 rerum
2837 2150 3174 2197 nostrarum.
3216 2141 3311 2199 Est
3352 2145 3445 2215 qui

1880 2227 2005 2280 inde
2030 2227 2095 2281 ad
2124 2236 2370 2282 nostrum
2404 2243 2464 2283 se
2498 2227 2734 2282 tribunal
2777 2245 2905 2285 vere
2934 2230 3279 2288 formidabile
3304 2233 3446 2289 sistit

1878 2333 2005 2372 reus
2037 2326 2092 2373 et
2142 2319 2338 2374 noxius
2372 2337 2387 2375 :
2423 2329 2508 2376 est
2557 2319 2652 2390 qui
2687 2320 2948 2378 innocens
2986 2323 3052 2378 ad
3096 2322 3191 2378 Dei
3238 2325 3444 2380 cultum

1877 2413 1932 2460 et
1977 2405 2300 2476 obsequium
2334 2408 2545 2463 accedit
2570 2426 2585 2464 :
2610 2425 2841 2480 quorum
2894 2427 3026 2467 sane
3065 2411 3345 2483 ingressus
3377 2414 3446 2469 ad

1877 2499 2191 2571 religionem
2225 2509 2335 2555 tota
2374 2501 2458 2555 via
2497 2501 2776 2580 diﬂ‘erunt,
2831 2503 3139 2576 singulique
3186 2506 3446 2578 singulari

1878 2605 2104 2662 prorsus
2142 2592 2306 2648 modo
2343 2602 2472 2648 sunt
2523 2594 2859 2650 instituendi.
2924 2596 3165 2668 [legetur
3209 2599 3443 2668 primum

1878 2683 2121 2738 omnium
2156 2683 2248 2740 ille
2304 2685 2539 2754 peeeatis
2599 2686 2809 2742 obsitus
2867 2697 2938 2742 et.
2987 2688 3321 2758 inquinatus,
3350 2689 3442 2746 sed

1879 2790 2124 2830 scorsmn
2147 2775 2219 2829 ab
2243 2775 2365 2830 aliis
2386 2785 2439 2830 et
2463 2777 2736 2846 privatim,
2761 2777 2888 2847 quid
2913 2779 3191 2847 speciatim
3214 2779 3449 2850 delique-

1881 2863 1971 2927 rit,
2003 2873 2052 2918 et
2094 2863 2197 2918 hoc
2229 2864 2504 2933 geminam
2533 2865 2603 2918 ob
2629 2880 2873 2929 causam,
2906 2866 3142 2934 primum
3175 2877 3232 2920 ut
3253 2882 3319 2922 ex
3357 2877 3445 2922 to-

1878 2949 1986 3006 tius
2029 2951 2152 3005 vita:
2200 2951 2410 3005 ratione
2456 2959 2512 3006 et
2550 2950 2872 3021 ﬂagitiorum
2911 2953 3255 3008 confessione
3297 2969 3447 3009 vere-

1877 3042 2187 3110 cundatus,
2231 3053 2389 3098 exuta
2435 3059 2662 3114 prorsus
2711 3045 3050 3100 contumacia
3098 3056 3153 3101 et
3189 3046 3446 3115 loquendi

1877 3137 2038 3210 48],
2082 3137 2449 3208 procacitate,
2499 3151 2716 3207 semper
2753 3138 3022 3192 custodiat
3072 3138 3443 3194 modestiam:

1877 3229 2071 3283 deinde
2109 3238 2166 3282 ut
2195 3227 2457 3297 intelligat
2481 3225 2700 3296 quantis
2748 3229 2996 3282 saucium
3024 3228 3442 3301 confectumque

1876 3321 2196 3377 vulneribus
2245 3321 2634 3390 receperimus,
2667 3336 2776 3391 quo
2803 3322 2869 3376 ad
2897 3321 3212 3378 cliaritatem
3238 3321 3450 3378 inﬂam-

1881 3420 2078 3464 metnr.
2127 3406 2313 3476 Neque
2347 3407 2449 3463 hoc
2482 3417 2535 3462 te
2576 3407 2766 3478 fugiat,
2807 3409 3109 3464 venerande
3140 3419 3327 3480 pater,
3368 3409 3450 3467 uti

1882 3518 1988 3557 non
2015 3501 2149 3572 fugit
2173 3500 2336 3572 (absit
2359 3501 2503 3554 enim
2529 3509 2589 3555 ut
2621 3516 2867 3571 Ignorare
2892 3511 2942 3557 te
2968 3502 3071 3558 hoc
3096 3503 3448 3576 existimem),

1885 3594 2090 3650 attendi
2126 3609 2158 3649 a
2192 3593 2302 3648 Deo
2334 3603 2682 3663 peccatorum
2718 3594 2809 3664 (ad
2845 3596 3218 3665 paenitentiam
3252 3612 3450 3667 prope-

1881 3688 2143 3758 rantium)
2175 3687 2356 3741 locum
2389 3685 2617 3757 quoque’
2637 3690 2832 3741 etvitze
2863 3705 3013 3742 novae
3044 3690 3334 3757 rationem,
3356 3706 3453 3746 nec

1883 3797 1995 3838 non
2033 3781 2202 3836 animi
2232 3781 2560 3835 habitum-et
2593 3779 2866 3835 affectum.
2911 3781 3098 3853 Magna
3131 3783 3276 3837 enim
3319 3791 3453 3839 sunt

205 3877 411 3930 horum
457 3875 794 3931 discrimina.
839 3875 963 3929 Non
1020 3873 1394 3944 infrequenter
1442 3877 1679 3945 accidit,
1733 3886 1793 3933 ut
1830 3893 1938 3949 quo
1968 3874 2075 3928 tiro
2132 3872 2471 3944 gravioribus
2515 3873 2682 3927 animi
2751 3873 2958 3929 morbis
3003 3884 3086 3930 est
3132 3889 3450 3945 oppressus,

208 3971 329 4025 hoc
354 3970 538 4022 animo
565 3969 639 4024 sit
663 3967 990 4022 submissior
1020 3982 1118 4022 seu
1151 3966 1438 4036 abiectior,
1491 3977 1549 4023 ut
1589 3969 1816 4039 proinde
1848 3966 2168 4023 clementius
2192 3981 2222 4020 a
2257 3965 2440 4036 judice
2478 3966 2734 4036 religioso
2772 3967 2846 4024 sit
2905 3971 3222 4025 tractandus
3261 3969 3447 4040 (quam

207 4063 374 4133 culpa
400 4061 619 4131 exigere
652 4059 940 4129 videatur.)
974 4056 1085 4114 Nec
1108 4059 1401 4115 obscurum
1427 4061 1558 4132 quid
1594 4076 1626 4116 ιε
1667 4071 1856 4118 contra
1894 4061 1948 4116 in
1982 4059 2298 4131 pmsidente
2335 4057 2408 4112 sit
2431 4056 2756 4113 faciendum.

777 4151 885 4203 ΕΙΣ
919 4149 1168 4205 ΚΕΦΔΛ.
1202 4151 1262 4204 1⁸.

848 4244 1130 4312 Σχόλιον.

297 4339 360 4392 σο
387 4338 523 4407 πρὸς
555 4336 743 4405 ὑγείαν
770 4334 1096 4407 προσφέρων
1146 4334 1246 4407 τὴν
1269 4335 1536 4402 παιδείαν,
1603 4338 1662 4392 ἐν
1715 4339 1783 4408 τῇ

2485 4149 2572 4204 AD
2607 4149 2759 4205 CAP.
2785 4149 2855 4205 X.

2547 4239 2816 4297 Scholion.

1958 4333 2062 4401 Qui
2100 4333 2324 4390 adhibet
2349 4332 2692 4404 disciplinam
2746 4335 2811 4390 ad
2859 4335 3146 4390 sanitatem
3175 4350 3271 4390 seu
3307 4337 3455 4392 salu-

207 4432 410 4504 ἀγάπῃ
439 4428 682 4482 παιδεύει
711 4444 726 4457 ο
771 4429 801 4482 ὁ
843 4426 901 4481 δὲ
930 4427 1173 4498 ἐκζητῶν
1205 4428 1306 4500 τὴν
1348 4428 1647 4502 ἐκδίκησιν,
1693 4445 1785 4483 κε-

1891 4437 1996 4483 tem
2029 4429 2273 4493 alterius,
2317 4427 2409 4485 hic
2456 4428 2511 4484 in
2551 4428 2816 4484 eliaritate
2848 4428 3076 4498 castigat
3106 4446 3122 4483 :
3155 4429 3248 4500 qui
3273 4439 3453 4485 autem

207 4524 309 4587 νός
355 4523 502 4576 ἐστιν
529 4523 593 4575 ὲκ
628 4520 728 4591 τῆς
757 4521 998 4592 ἀγάπης.
1045 4519 1104 4574 '0
1147 4519 1280 4582 Θεὸς
1317 4520 1563 4576 παιδεύει
1608 4524 1668 4576 ὲν
1717 4523 1786 4594 τῇ
1819 4573 1863 4595 λ

1784 4573 1863 4595 In
1893 4522 2152 4577 ultionem
2198 4521 2432 4595 quaerit,
2487 4519 2641 4576 omni
2695 4519 2963 4576 cbaritate
3013 4519 3307 4577 destitutus
3350 4532 3451 4576 est.

206 4615 432 4688 ἀγάπῃ.
470 4613 570 4667 οὐκ
593 4611 952 4682 ἀμυνάμενος.
986 4611 1062 4684 μὴ
1102 4612 1345 4681 γένοιτο·
1386 4611 1500 4666 ἀλλ’
1546 4612 1636 4666 ἵνα
1665 4611 1788 4684 ἰαθῇ
1822 4611 1860 4630 ν

1785 4642 1788 4681 ι
1822 4611 1860 4630 ’³
1892 4613 2034 4670 Deus
2053 4614 2284 4684 castigat
2305 4614 2359 4668 in
2391 4612 2655 4668 eliaritate
2679 4654 2696 4678 ,
2727 4627 2835 4668 non
2861 4613 2913 4667 in
2940 4611 3257 4680 vindictam,
3277 4613 3452 4669 absit!

206 4708 248 4778 ἠ
307 4703 473 4758 εἰκὼν
514 4701 680 4758 αὑτοῦ
707 4703 880 4774 ζητεῖ,
935 4704 1031 4757 καὶ
1053 4703 1116 4757 οὐ
1166 4701 1434 4772 φυλάσσει
1484 4703 1566 4768 εἰς
1597 4703 1789 4774 καιρὸν

1788 4727 1789 4732 π
1888 4703 1982 4759 sed
2043 4712 2105 4758 ut
2155 4712 2376 4759 sanetur
2428 4703 2607 4771 imago
2653 4702 2774 4772 ejus
2825 4702 3024 4758 studet.
3075 4699 3260 4772 Neque
3318 4703 3455 4759 iram

205 4798 322 4869 τὴν
369 4795 562 4868 ὀργήν.
593 4787 760 4859 Οὗτος
809 4793 869 4848 δὲ
916 4795 946 4848 ὁ
992 4794 1194 4867 τρόπος
1224 4794 1325 4865 τῆς
1351 4794 1572 4867 ἀγάπης
1602 4797 1668 4849 ὲκ
1690 4798 1789 4866 τῆς

1889 4809 2041 4850 suam
2076 4794 2132 4849 in
2172 4804 2388 4864 tempus
2424 4794 2674 4850 vindicta
2718 4803 2974 4850 reservat.
3017 4791 3115 4848 Hic
3154 4793 3349 4850 modus
3374 4803 3457 4850 est

210 4884 519 4955 εὐθύτητός
553 4885 691 4952 ἐστι,
723 4883 820 4939 καὶ
853 4882 1118 4954 Ξμπαθῶς
1143 4885 1223 4949 εἰς
1276 4885 1488 4955 ἄμυναν
1541 4885 1642 4939 οὐκ
1693 4885 1785 4940 ὲκ·

1888 4885 2191 4954 ebaritatis,
2206 4902 2272 4942 ex
2305 4896 2450 4943 recta
2476 4897 2675 4954 mente,
2693 4903 2814 4959 qua:
2834 4903 2901 4944 ex
2928 4901 3097 4957 pravo
3131 4886 3324 4944 aﬂ'ectu
3347 4903 3457 4946 non

213 4977 418 5034 κλίνει.

1889 4977 2124 5036 declinat
2152 4979 2207 5036 in
2231 4979 2545 5038 vindictam.
2608 4972 2614 4978 ’

819 5293 1068 5350 ΚΕΦᾹΔ.
1099 5293 1202 5346 ιΑν.

1165 5297 1202 5345 .⁹.
2500 5292 2726 5350 CAPUT
2766 5292 2832 5347 Xi

1164 5403 1517 5460 Mansuetudo
1554 5414 1606 5459 et
1647 5406 1816 5476 pictas
1859 5410 2065 5478 pastori
2100 5409 2516 5464 commendatur.

289 5528 412 5582 οὐκ
441 5527 596 5591 sese;
626 5525 818 5580 λέοντα
865 5522 1113 5595 πρόϐατα
1160 5517 1344 5592 νέμειν
1398 5520 1500 5590 (Ι).
1544 5520 1640 5574 καὶ
1693 5522 1794 5576 οὐκ

1790 5539 1794 5574 ;
1861 5477 1867 5478 ί
1968 5504 2086 5562 Νοη
2122 5515 2204 5562 est
2233 5521 2332 5576 par
2373 5513 2436 5561 ut
2479 5504 2563 5559 leo
2587 5511 2775 5575 pascat
2815 5516 2969 5568 oves,
2995 5509 3050 5556 et
3090 5498 3321 5554 vitiosus
3351 5494 3457 5549 im-

223 5618 467 5689 εισφαλὲς
496 5617 716 5688 ἐμπαθῆ
739 5615 842 5681 ἔτι,
872 5591 1134 5685 ἑέιπαθῶν
1150 5591 1341 5684 ἄρχειν
1367 5630 1381 5641 ·
1411 5611 1645 5681 ἄσεμνος
1668 5611 1794 5665 θεω-

1790 5640 1794 5652 .
1899 5612 2049 5672 pcret
2081 5599 2295 5658 vitiosis
2326 5616 2342 5654 :
2371 5596 2738 5668 spectaculum
2778 5594 3047 5666 ingratum
3085 5591 3300 5662 vulpem
3331 5601 3457 5658 spe-

295 5801 341 5833 ²¹
407 5799 684 5868 νηνεμίας.
749 5794 1016 5864 ²¹·νῆΞιν.
1097 5791 1569 5865 πεπροσελεύσεις.
