4222 6448
239 365 352 432 1189

803 482 1022 536 ΚΕΦᾹΛ
1035 520 1047 534 .
1095 478 1194 534 ιῐῗ.

1435 357 1660 418 LIBER
1699 359 1796 418 AD
1833 355 2242 417 PASTOREIS.

3308 356 3445 423 1190

2485 470 2710 529 CAPUT
2745 471 2862 527 XII.

1474 566 1544 620 De
1591 564 1870 634 disciplina
1914 563 2285 632 subjectorum.

293 689 407 749 Τοῖς
438 685 534 752 μὲν
562 684 638 754 τῷ
670 682 856 753 δρόμῳ
885 679 1334 747 νεανιευομένοις,
1392 674 1450 732 εὖ
1489 678 1628 746 μάλα
1660 678 1781 748 ἀρί-
1815 661 1862 716 Α

1777 661 1862 718 ιΑ
1960 674 2207 728 Stadium
2256 675 2379 728 vitae
2425 673 2693 740 religiosa:
2734 671 2990 727 alacriter
3037 672 3444 729 decurrentibus

234 795 356 841 στως
407 775 478 829 τὰ
521 773 735 846 ἀμείνω
794 773 888 826 καὶ
950 772 1227 842 ὑπέρτερα
1289 770 1600 840 παράϐαλλε
1640 771 1778 835 ηδτ,

229 871 328 932 τοῖς
371 867 430 921 δὲ
480 865 709 921 κατόπιν
737 864 770 934 ἢ
802 863 1013 934 γνώμῃ,
1063 863 1348 934 ἣτρὸποις
1399 862 1778 932 διακειμένοις,

231 960 356 1028 γάλα
383 959 457 1020 ὡς
501 957 822 1026 νηπιάζουσι
842 971 856 987 ·
882 954 1178 1025 καιρὸςγάρ
1210 954 1385 1023 πάσης
1431 953 1684 1023 βρώσεως
1713 952 1779 1005 ³⁸.

229 1053 296 1104 Τὸ
341 1049 475 1104 αὐτό
517 1064 628 1102 τισι
677 1047 772 1102 καὶ
802 1046 1130 1117 προθυμίας,
1173 1046 1268 1099 καὶ
1305 1044 1538 1114 ἀθυμίας
1578 1045 1783 1114 ἑτέροις

228 1142 472 1204 πολλάκις
533 1139 788 1208 ἐποίησεν
837 1136 1094 1204 ἐδώδιμον
1142 1137 1220 1168 ’⁸ο
1281 1137 1606 1208 προσεκτέον
1671 1137 1782 1197 τοῖς

227 1233 449 1304 παροῦσι
493 1233 570 1302 (l)
593 1271 609 1295 ,
641 1229 776 1300 πρὸς
809 1230 908 1299 τὴν
933 1227 1026 1282 τοῦ
1074 1229 1385 1299 σπέρματος
1411 1226 1712 1298 καταϐολὴν
1735 1226 1781 1258 ⁸⁸

227 1329 281 1378 ὲν
320 1325 494 1396 καιρῷ
525 1325 620 1378 καὶ
649 1320 948 1394 προσώπῳ,
985 1323 1080 1374 κα)⁸
1109 1321 1364 1390 ποσότητι
1391 1319 1485 1374 καὶ
1516 1319 1780 1388 ποιότητι.

227 1396 372 1481 Τινὲς
404 1415 465 1470 τδ
509 1417 608 1487 τῆς
649 1413 915 1484 ἀναδοχῆς
957 1415 1132 1484 κρῖμα
1176 1413 1256 1475 εἰς
1302 1411 1452 1465 οὐδὲν
1487 1410 1782 1480 λογισάμε-

226 1527 321 1574 νοι,
365 1508 544 1578 ψυχὰς
603 1506 813 1574 ἀλόγως
873 1505 1180 1575 ποιμαίνειν
1225 1505 1627 1574 ἐπεχείρησαν·
1691 1501 1784 1555 καὶ

230 1603 401 1674 μέντοι
439 1599 605 1654 πολὺν
647 1597 874 1652 πλοῦτον
899 1597 1259 1668 προσέχοντες
1289 1595 1339 1627 ³⁸
1369 1597 1552 1657 κεναῖς
1597 1595 1785 1664 χερσὶν

227 1691 464 1746 ἐντεῦθεν
514 1689 894 1760 ἀπεδήμησαν,
938 1688 1146 1758 ἑτέροις
1189 1685 1376 1740 τοῦτον
1404 1686 1468 1738 ἐκ
1512 1687 1609 1755 τῆς
1657 1687 1786 1737 ἁνα-

226 1784 377 1854 δοχῆς
422 1783 814 1851 διανείμαντες.
843 1781 1052 1850 Ὠσπερ
1086 1777 1191 1832 εἰσὶ
1250 1777 1414 1846 κύρια
1459 1779 1551 1831 καὶ
1586 1771 1794 1846 γνήσια

225 1876 403 1939 τέκνα,
426 1875 520 1928 καὶ
541 1874 680 1927 εἰσὶν
700 1875 766 1926 ὲκ
793 1873 1078 1941 διγαμίας·
1101 1872 1194 1924 καὶ
1224 1870 1385 1941 ἔτερα
1421 1870 1782 1940 χαμαιρρίιφῆ,

226 1973 316 2025 καὶ
330 1970 464 2025 ἄλλα
495 1971 560 2024 ὲκ
593 1968 922 2022 παιδισκῶν·
957 1965 1102 2020 οὓτω
1131 1965 1226 2018 καὶ
1253 1963 1524 2034 ἀναδόχων
1561 1962 1784 2016 πλεῖστα

224 2064 290 2118 τὰ
338 2064 599 2131 σύμφωνα
650 2058 1035 2130 γνωρίζονταιο
1089 2058 1233 2110 ἐστιν
1274 2056 1505 2126 ἀναδοχὴ
1559 2056 1781 2124 κυρίως,

224 2155 392 2226 ψυχῆς
415 2154 560 2215 δόσις
583 2153 719 2223 ὑπὲρ
745 2153 924 2222 ψυχῆς
939 2149 1032 2204 τοῦ
1065 2150 1286 2220 πλησίον
1316 2151 1443 2219 περὶ
1466 2149 1670 2200 πάνταο
1691 2149 1785 2201 καὶ

225 2248 336 2300 ἔστι
384 2244 492 2298 τῶν
540 2242 943 2313 προγεγονότων
989 2241 1397 2312 ἁμαρτημάτων
1448 2240 1537 2291 καὶ
1589 2238 1780 2309 μόνον’

224 2339 314 2391 καὶ
349 2335 462 2389 ἔστι
487 2335 594 2388 τῶν
635 2332 1067 2404 μεταγινομένων
1094 2333 1187 2385 καὶ
1228 2331 1388 2401 μόνον
1411 2331 1486 2400 (2)
1504 2347 1519 2361 ·
1547 2329 1645 2383 καὶ
1668 2332 1783 2383 ἐστι

223 2429 329 2482 τῶν
360 2425 794 2499 προσταγμάτων
831 2424 936 2477 τῶν
965 2421 1180 2475 οἰκείων
1205 2422 1266 2474 τὸ
1296 2419 1459 2490 βάρος
1498 2419 1787 2488 καταδέχε-

226 2522 367 2585 σθαι,
393 2519 462 2573 δι’
495 2519 700 2571 ἔνδειαν
743 2515 1119 2586 πνευματικῆς
1159 2513 1462 2584 δυνάμεως,
1513 2513 1606 2564 καὶ
1641 2512 1786 2565 ἀπα-

225 2614 373 2676 θείας
434 2612 696 2680 ἀπορίαν·
748 2610 841 2662 καὶ
899 2608 958 2658 ὲν
1008 2605 1144 2676 αὐτῇ
1201 2607 1267 2675 τῇ
1315 2603 1498 2674 τελείᾳ
1550 2601 1782 2672 ἀναδοχῇ

225 2702 366 2756 κατά
398 2702 492 2771 τὴν
519 2698 758 2767 ἐκκοπὴν
787 2695 878 2748 τοῦ
914 2694 1040 2764 Θελή
1050 2710 1215 2764 ματος
1241 2693 1336 2746 καὶ
1363 2694 1426 2746 τὸ
1451 2696 1622 2762 κρῖμα
1652 2690 1785 2761 βασ-

223 2794 479 2864 τάζομεν.
533 2791 572 2842 Γ
575 2791 757 2860 νήσιος
817 2789 929 2851 υίὸς
958 2788 1016 2840 ἑν
1059 2784 1348 2847 ἀπουσίαις
1410 2784 1612 2854 πατρὸς
1654 2799 1790 2852 γνω-

227 2887 453 2956 ρίζεται.
483 2880 758 2935 Σκοπείτω
787 2880 815 2931 ὁ
854 2877 1129 2949 προεστὼς
1157 2879 1250 2930 καί
1280 2875 1420 2929 πάνυ
1450 2874 1789 2945 σημειούσθω

221 2980 351 3040 τοὺς
376 2976 794 3034 ἀντιπίπτοντας
830 2970 1002 3040 αὐτῷ,
1044 2972 1138 3022 ὲπί
1165 2985 1326 3022 τινων
1364 2969 1459 3020 καὶ
1492 2966 1792 3036 ἀντιλέγονσ

219 3086 342 3133 τας,
375 3067 469 3122 καὶ
501 3065 593 3119 ὲπί
638 3082 800 3118 τινων
846 3060 1180 3135 μεγιστάνων
1203 3059 1398 3121 αὐτοὺς
1429 3059 1470 3091 ³⁸
1495 3058 1792 3128 ἐπιτιμίοις

223 3161 548 3233 βαρυτάτοις
596 3156 924 3227 ὲπιτιμάτω,
960 3153 1122 3223 φόϐον
1168 3153 1260 3205 καὶ
1306 3153 1417 3215 τοῖς
1469 3153 1674 3222 ἑτέροις
1721 3149 1790 3204 δι’

222 3253 448 3310 ἐκείνων
496 3249 756 3321 ἐμποιῶν,
805 3249 912 3301 κᾶν
954 3245 1161 3318 βαρέως
1204 3246 1298 3297 επὶ
1339 3247 1455 3308 ταῖς
1489 3243 1790 3314 ὲπιτιμίαις

1882 767 2139 822 solutiora
2176 770 2350 837 praebe
2388 767 2645 821 alimenta
2693 775 2748 821 et
2777 765 3042 820 ﬁrmiora.
3092 764 3444 821 Tardioribus

1880 871 1935 916 et
1964 862 2148 915 animo
2197 876 2290 914 seu
2338 859 2583 913 moribus
2629 873 2660 912 a
2693 867 2843 928 tergo
2889 858 3238 926 sequentibus
3266 859 3349 912 lac
3390 866 3449 910 ut

1882 954 2181 1009 infantibus
2215 954 2449 1024 porrige.
2486 951 2692 1005 Habent
2717 953 2860 1006 enim
2895 959 2950 1005 et
2971 951 3215 1006 ciborum
3251 967 3446 1019 genera

1882 1051 2070 1097 aetates
2100 1057 2250 1097 suas.
2291 1041 2433 1094 Idem
2467 1039 2641 1092 victus
2669 1039 2806 1093 alios
2839 1038 3036 1099 ﬁrmat,
3064 1039 3199 1092 alios
3229 1037 3444 1108 frangit.

1881 1133 2250 1203 Maximopere
2289 1131 2595 1187 curandum
2645 1130 2714 1186 iis
2742 1131 2835 1200 qui
2880 1141 3139 1199 praesunt,
3187 1139 3244 1184 ut
3277 1130 3332 1184 in
3363 1146 3450 1186 se-

1882 1234 2062 1281 mente
2085 1223 2330 1280 lacienda
2364 1224 2632 1278 rationem
2675 1221 2912 1276 habeant
2953 1221 3238 1291 temporis,
3265 1236 3451 1290 perso-

1883 1334 1984 1380 nae,
2020 1319 2192 1383 copiae
2239 1327 2293 1371 et
2339 1317 2505 1370 modi.
2553 1314 2693 1370 Sunt
2720 1315 2814 1385 qui
2840 1314 3046 1386 judicio
3078 1330 3174 1369 seu
3210 1313 3452 1384 periculo

1882 1411 1954 1466 ob
1997 1419 2278 1479 susceptos
2331 1419 2681 1478 contempto,
2733 1417 2937 1462 temere
2987 1416 3040 1460 et
3081 1406 3199 1462 sine
3244 1406 3451 1462 ratione

1883 1502 2188 1558 animarum
2226 1515 2416 1555 curam
2458 1499 2511 1554 in
2562 1515 2621 1554 se
2664 1499 2962 1567 recipiunt;
3006 1496 3099 1566 qui
3145 1513 3277 1552 sane
3323 1513 3446 1552 cum

1884 1601 2011 1648 ante
2033 1601 2304 1661 receptam
2333 1592 2473 1646 hanc
2509 1590 2840 1660 provinciam
2877 1589 3086 1658 magnis
3128 1603 3308 1642 rerum
3337 1604 3450 1645 cte-

1885 1685 2100 1740 lestium
2142 1684 2412 1739 thesauris
2456 1684 2918 1744 circumfluerent,
2961 1683 3148 1738 vacuis
3176 1682 3342 1756 484
3368 1693 3451 1740 ta-

1884 1797 2009 1836 men
2040 1791 2227 1852 postea
2261 1778 2430 1848 (quod
2479 1777 2655 1847 aiunt)
2686 1777 2938 1830 manibus
2980 1776 3106 1831 hinc
3148 1792 3179 1832 e
3211 1778 3321 1833 vita
3355 1779 3451 1834 de-

1885 1884 2200 1938 cesserunt,
2247 1885 2486 1942 opesque
2521 1885 2660 1940 quas
2703 1885 2766 1925 ex
2812 1871 3161 1941 susceptione
3199 1872 3452 1943 colligere

1883 1975 2153 2040 poterant,
2185 1965 2307 2020 aliis
2350 1964 2706 2035 reliquerunt.
2748 1961 3215 2028 Quemadmodum
3255 1965 3453 2022 libero-

1886 2078 2006 2116 rutn
2037 2061 2126 2114 alii
2161 2067 2286 2113 sunt
2313 2056 2554 2128 germani
2580 2066 2633 2110 et
2661 2055 2903 2126 genuini,
2935 2055 3021 2108 alii
3046 2056 3276 2126 privigni
3300 2065 3394 2112 aut
3419 2072 3454 2112 θ

1884 2149 2125 2206 secundo
2157 2147 2436 2218 conjugio,
2479 2145 2571 2200 alii
2617 2161 2680 2199 ex
2715 2145 2932 2209 ancilla,
2965 2145 3055 2198 alii
3083 2161 3146 2199 ex
3187 2145 3453 2202 adulterio

1885 2260 1981 2301 seu
2014 2249 2196 2298 scorto
2244 2241 2380 2304 nati,
2426 2239 2496 2294 ita
2539 2237 2832 2308 plurimum
2878 2253 2938 2292 se.
2966 2237 3130 2293 habet
3171 2251 3453 2310 suscepto-

1885 2353 2004 2392 rum
2032 2337 2193 2390 ratio.
2228 2333 2425 2388 Munus
2459 2329 2790 2400 suscipiendi
2819 2331 3050 2401 requirit
3073 2347 3197 2387 eum
3236 2335 3329 2402 qui
3359 2349 3454 2404 pa-

1885 2439 2037 2484 ratus
2071 2429 2142 2483 sit
2172 2428 2225 2482 in
2252 2425 2509 2480 omnibus
2539 2425 2775 2478 animam
2800 2437 2899 2493 pro
2939 2425 3121 2479 anima
3156 2441 3450 2496 exponere.

1886 2519 1983 2574 Est
2024 2519 2117 2589 qui
2165 2527 2372 2571 tantum
2434 2515 2698 2569 rationem
2751 2512 2913 2567 habet
2961 2514 3282 2571 delictorum
3329 2527 3456 2572 ante

1885 2611 2270 2666 admissloueiu
2323 2623 2352 2661 a
2394 2605 2660 2675 susceptis
2707 2607 3145 2660 commissorum.
3201 2607 3292 2662 Est
3349 2611 3446 2679 qui

1886 2717 2100 2766 eorum,
2127 2715 2247 2770 quae.
2291 2707 2414 2768 post
2459 2695 2846 2751 admissionem
2877 2697 3195 2766 designant;
3246 2707 3332 2754 est
3359 2699 3452 2770 qui

1888 2795 1944 2850 id
1963 2803 2172 2849 tantum
2202 2801 2378 2856 curat,
2413 2789 2556 2861 quod
2587 2789 2701 2859 ipse
2730 2786 2982 2857 imperat,
3010 2803 3111 2843 nec
3139 2788 3285 2844 aliud
3314 2805 3456 2850 onus

1889 2885 2136 2956 suscipit,
2160 2891 2380 2956 propter
2424 2879 2649 2950 spiritus
2701 2892 2898 2947 nempe
2948 2878 3208 2950 inepiam,
3243 2890 3298 2936 et
3331 2884 3455 2940 ani-

1887 2993 2038 3036 mum
2063 2979 2134 3032 ab
2160 2971 2535 3043 incompositis
2562 2969 3065 3040 perturbationibus
3098 2980 3154 3026 et
3173 2971 3456 3030 afl‘ectibus

1888 3071 2130 3128 nondum
2157 3069 2406 3123 liberum.
2440 3062 2584 3131 Quin
2631 3069 2684 3115 et
2718 3061 2772 3114 in
2823 3061 2938 3130 ipsa
2969 3063 3205 3132 perfecta
3236 3081 3457 3137 quoque

1888 3162 2236 3234 susceptione
2291 3160 2440 3215 circa
2497 3151 2793 3210 voluntatis
2849 3155 3080 3223 propriae
3125 3157 3455 3214 excisionem

1885 3253 2151 3328 judicium
2208 3268 2302 3308 seu
2353 3250 2659 3322 periculum
2691 3248 3164 3306 condemnationis
3219 3251 3456 3307 sustine-

219 3347 558 3400 δάκνωνταιο
601 3344 824 3413 ἄμεινον
866 3340 974 3412 γὰρ
1021 3340 1118 3410 τῆς
1165 3337 1260 3391 τοῦ
1305 3339 1423 3400 ἐνὸς
1481 3336 1702 3409 βλάϐης,
1759 3338 1789 3390 ό
1811 3378 1856 3439 c

1788 3371 1856 3439 κο
1892 3363 2034 3402 mus.
2062 3346 2235 3401 Filius
2271 3346 2539 3415 genuinus
2575 3363 2641 3401 ex
2682 3347 2852 3418 patris
2879 3344 3124 3400 absentia
3168 3345 3455 3412 cognosci—

219 3436 337 3493 τῶν
379 3433 588 3488 πολλῶν
633 3432 1007 3504 σωφρονισμός
1049 3432 1118 3486 ³³.
1169 3431 1289 3484 Εἰσί
1336 3447 1478 3493 τινες
1527 3430 1664 3502 ὑπὲρ
1689 3429 1788 3500 τὴν
1818 3429 1856 3439 “

1818 3429 1856 3439 *
1892 3448 1999 3494 tur.
2032 3437 2439 3493 Auimadvertat
2479 3439 2904 3494 arcbiinandrita
2933 3445 2989 3491 et
3012 3436 3226 3490 curiose
3269 3435 3455 3490 obser-

226 3527 444 3581 έαυτῶν
471 3525 698 3595 δύναμιν
731 3525 790 3590 ἐξ
822 3524 1042 3593 ἀγάπης
1069 3523 1445 3594 πνευματικῆς
1485 3521 1791 3593 κινούμενοι

222 3618 427 3687 φορτία
471 3618 670 3687 ἑτέρων
719 3615 1158 3685 καταδεξάμενοι,
1211 3615 1303 3668 τοῦ
1343 3613 1622 3686 εἰρηκότος
1655 3629 1792 3683 μνη-

226 3709 547 3778 μονεύοντες
568 3726 580 3738 ·
615 3709 867 3770 Μείζονα
905 3711 1125 3776 ταύτης
1150 3709 1390 3778 ἀγάπην
1423 3707 1620 3774 οὐδεὶς
1642 3711 1789 3779 ἔχει,

218 3803 329 3854 καὶ
371 3803 440 3855 τὰ
467 3801 614 3871 ἑξῆς.
664 3802 774 3856 Καὶ
815 3801 954 3855 εἰσὶν
998 3800 1173 3872 ἕτεροι
1205 3803 1253 3854 οί
1315 3803 1407 3855 καί
1438 3801 1535 3872 τὴν
1565 3801 1793 3872 δύναμιν

219 3892 331 3961 τῆς
368 3891 570 3960 ἑτέρων
601 3889 864 3961 ἀναδοχῆς
910 3889 984 3960 (5)
1032 3890 1162 3954 ἴσως
1195 3894 1260 3944 ἐκ
1310 3890 1444 3944 Θεοῦ
1491 3890 1791 3962 εἰληφότες,

220 3983 329 4035 καὶ
380 3983 478 4051 οὐχ
539 3981 712 4052 ἡδέως
756 3983 915 4053 χάριν
951 3980 1053 4053 τῆς
1105 3979 1199 4034 τοῦ
1242 3981 1470 4049 ἀδελφοῦ
1520 3983 1793 4054 σωτηρίας

221 4073 457 4137 ἑαυτοὺς
473 4072 860 4136 ὑποϐάλλοντες
875 4073 1118 4145 βάρεσιν·
1141 4072 1232 4126 καί
1254 4090 1317 4141 γε
1335 4074 1506 4142 ἔγωγε
1531 4076 1724 4140 αὐτοὺς
1746 4075 1793 4108 ³³

213 4167 304 4229 ὡς
340 4164 415 4238 μὴ
446 4165 817 4236 κτησαμένους
844 4166 1063 4238 ἀγάπην
1086 4167 1407 4221 τεταλάνικα
1433 4166 1501 4198 ³”⁸··
1533 4168 1658 4236 περὶ
1685 4167 1794 4223 τῶν

219 4259 516 4329 προτέρων
579 4256 885 4328 εἰρημένων
954 4275 1056 4311 που
1119 4257 1326 4329 εὕρηκα
1376 4275 1386 4290 ·
1454 4259 1506 4312 Ὀ
1563 4259 1794 4330 ἐξάγων

217 4352 410 4415 ἀξιον
437 4348 480 4380 ³⁸
519 4348 586 4412 ἐξ
627 4347 899 4413 ἀναξίου,
940 4348 1020 4416 ὡς
1047 4352 1240 4419 στόμα
1279 4368 1397 4419 μου
1441 4351 1631 4406 ἔσται.
1659 4352 1791 4416 Καὶ,

228 4443 358 4493 “Or
389 4439 610 4506 τρόπον
657 4439 968 4506 ἐποίησας,
998 4439 1154 4492 ἔστιν
1199 4456 1295 4492 σοι
1336 4440 1404 4494 ³⁸.
1444 4441 1641 4495 Σκόπει
1692 4443 1796 4496 κὰ-

215 4535 405 4596 κεῖνο,
456 4529 612 4592 αἰτῶ,
658 4531 739 4582 ὅτι
786 4529 1043 4593 πολλάκις
1074 4533 1109 4600 ἠ
1154 4531 1272 4585 κατ’
1301 4531 1506 4586 ἔννοιαν
1551 4532 1794 4605 ἁμαρτία

215 4624 329 4678 τοῦ
388 4621 765 4694 προεστῶτος,
814 4621 1011 4693 χείρων
1069 4622 1168 4694 τῆς
1217 4623 1335 4677 κατ’
1376 4623 1656 4695 ἐνέργειαν
1697 4625 1791 4680 τοῦ

1888 3540 1978 3585 vet
2006 3529 2362 3586 refractarios
2389 3530 2444 3584 in
2469 3530 2822 3600 quibusdam,
2863 3538 2919 3584 et
2940 3528 3301 3598 obloquentes
3329 3541 3454 3582 eose-

1892 3637 1999 3693 que
2035 3621 2396 3692 presentibus
2437 3623 2767 3693 quandoque
2811 3623 2944 3677 viris
2979 3620 3254 3690 primariis
3299 3634 3457 3674 acer-

1891 3716 2029 3770 rime
2055 3715 2326 3784 obiurget,
2368 3725 2426 3770 ut
2450 3725 2504 3770 et
2535 3716 2716 3770 caeteri
2739 3727 2960 3786 propter
2997 3715 3456 3782 illosperceilan-

1893 3815 2001 3866 tur.
2032 3807 2284 3874 quamvis
2318 3806 2796 3874 reprehensioaein
2827 3806 2972 3859 illam
3011 3804 3235 3858 moleste
3257 3803 3454 3868 ferant,

1889 3907 1946 3955 et
1992 3898 2366 3952 vulnerentur.
2423 3895 2652 3952 Praestat
2701 3897 2849 3951 enim
2895 3912 2961 3950 ex
3017 3897 3182 3951 unius
3234 3896 3458 3951 vulnere

1890 3990 2076 4061 plures
2136 3989 2319 4042 sanari
2375 3997 2430 4042 et
2463 4003 2678 4058 sapere.
2727 3985 2867 4042 Sunt
2895 3989 2986 4056 qui
3027 3987 3240 4043 facibus
3288 3987 3454 4044 divini

1889 4083 2092 4138 amoris
2120 4081 2324 4136 incensi
2355 4091 2623 4136 conantur
2652 4081 2813 4133 etiam
2845 4095 3005 4147 supra
3037 4079 3177 4133 vires
3207 4080 3454 4134 aliorum

1889 4186 2056 4228 onera
2085 4171 2288 4236 subire,
2337 4170 2470 4226 illud
2506 4169 2709 4224 Christi
2752 4169 2937 4224 animo
2976 4177 3305 4225 tractantes:
3334 4169 3456 4223 Μα-

1880 4263 2054 4334 jarem
2088 4261 2186 4315 hac
2222 4260 2550 4314 dilectionem
2583 4275 2734 4314 nemo
2756 4259 2931 4325 habet,
2973 4269 3029 4313 et
3058 4275 3180 4328 qua;
3212 4275 3455 4330 sequun-

1894 4365 1980 4410 tur
2003 4363 2052 4408 ιι.
2085 4353 2225 4407 Sunt
2253 4351 2345 4406 alii
2375 4351 2467 4421 qui
2500 4350 2731 4405 fortasse
2761 4350 3109 4419 prudentiam
3145 4350 3289 4405 illam
3319 4352 3456 4406 alio-

1889 4461 2014 4500 rum
2058 4445 2123 4498 ad
2170 4444 2338 4497 vitam
2383 4440 2690 4510 religiosam
2733 4439 3187 4495 instituendorum
3219 4439 3383 4512 ‘85
3421 4456 3451 4495 a

1891 4537 2002 4591 Deo
2045 4542 2390 4604 acceperunt,
2446 4532 2540 4588 sed
2589 4532 2784 4595 inviti,
2831 4532 3080 4601 quamvis
3126 4531 3252 4586 inde
3303 4533 3452 4589 salus

1894 4627 2078 4684 fratris
2113 4628 2362 4697 pendeat,
2394 4640 2534 4680 onus
2569 4625 2697 4678 illud
2728 4625 2984 4688 subeunt,
3014 4637 3152 4693 quos
3183 4638 3284 4694 ego
3309 4625 3454 4681 velut

217 4715 480 4783 ὑπηκόου
514 4713 785 4782 κρίνεται·
817 4711 977 4780 εἰπερ
1010 4714 1105 4766 καὶ
1137 4713 1434 4785 κουφοτέρα
1463 4716 1792 4786 στρατιώτου
1825 4720 1868 4776 D

1786 4735 1792 4766 ι
1825 4720 1868 4776 D
1897 4714 2256 4774 miserabiles.
2289 4721 2344 4767 et
2368 4713 2516 4768 omni
2555 4711 2846 4767 destitutos
2879 4713 3145 4766 charitate
3171 4712 3453 4782 deplorare

210 4807 507 4877 ἁμαρτία,
567 4805 703 4874 ὑπὲρ
763 4803 860 4874 τὴν
911 4803 1008 4857 τοῦ
1061 4807 1363 4876 στρατηγοῦ
1420 4807 1794 4864 κακοϐουλίαν.

216 4895 498 4948 Νουυέτει
543 4898 667 4958 τοὺς
703 4894 973 4963 ὑπηκόους
1013 4895 1116 4964 (4),
1145 4898 1211 4948 τὰ
1247 4898 1343 4964 μὲν
1386 4899 1670 4965 σωματικὰ
1704 4899 1800 4952 καὶ

213 4987 412 5053 λάγνα
449 4985 521 5054 μὴ
549 4986 668 5037 κατ’
693 4979 827 5047 εἶδος
852 4985 1194 5055 ἐξαγορεύειν
1213 5003 1227 5017 ·
1263 4987 1330 5038 τὰ
1351 4986 1407 5040 δὲ
1435 4987 1593 5041 λοιπά
1623 4990 1799 5043 πάντα

215 5076 361 5127 κατ’
407 5067 544 5136 εἶδος
594 5074 806 5144 νύκτωρ
841 5089 900 5126 τε
931 5074 1028 5126 καὶ
1073 5073 1191 5142 μεθ’
1216 5076 1427 5146 ἡμέραν
1481 5077 1796 5150 ἀναμνημο-

214 5168 419 5220 νεύειν
460 5165 943 5236 πλημμελημάτων
965 5182 980 5195 “
1010 5165 1298 5236 ἀκεραίους
1337 5167 1435 5237 μὲν
1458 5169 1632 5238 πάντη
1660 5172 1796 5240 πρὸς

215 5258 505 5327 ἀλλήλους
543 5255 680 5311 εἰναι
729 5257 992 5326 γύμναζε,
1043 5257 1231 5312 ἑαυτὸν
1280 5260 1441 5313 τόπον
1495 5260 1794 5328 προϐαλλό-

217 5367 423 5422 μενος,
457 5349 751 5420 φρονίμους
793 5348 850 5402 δὲ
895 5347 1016 5404 λίαν
1049 5350 1179 5418 πρὸς
1219 5350 1493 5418 δαίμονας.
1535 5351 1625 5420 Μὴ
1672 5352 1786 5405 λαν-

1893 4808 2068 4865 soleo.
2081 4804 2157 4861 De
2177 4804 2368 4876 primis
2389 4804 2587 4860 alicubi
2617 4804 2883 4872 scriptum
2909 4804 3110 4858 inveni.
3138 4805 3242 4870 Qui
3258 4805 3453 4860 eduxe-

1893 4896 1961 4949 rit
1985 4896 2268 4964 pretiosum
2295 4910 2329 4946 a
2356 4894 2448 4946 uili
2475 4902 2525 4946 et
2550 4893 2783 4962 indigno,
2814 4893 2966 4962 quasi
2992 4909 3050 4948 os
3081 4909 3252 4947 meum
3279 4895 3377 4949 erit
3400 4902 3449 4948 ο.

1893 4985 2000 5039 Et:
2033 4982 2182 5039 Sicut
2213 4983 2406 5052 fecisti,
2437 4984 2538 5037 erit
2579 4983 2674 5036 tibi
2698 4992 2750 5036 ιι.
2795 4981 2865 5037 Ει
2895 4983 3030 5038 illud
3067 4985 3228 5039 velim
3259 4985 3453 5041 adver-

1893 5086 1977 5132 tas
2012 5085 2292 5145 peccatum
2344 5089 2372 5127 a
2417 5075 2667 5144 praesule,
2710 5074 2824 5129 sola
2872 5073 3136 5130 duntaxat
3175 5076 3454 5134 volt'ntate

1899 5180 1953 5225 et
1987 5170 2171 5224 animo
2208 5177 2526 5237 conceptum
2564 5183 2628 5222 ac
2654 5169 3027 5231 commissum,
3061 5167 3300 5225 deter'ns
3332 5185 3452 5226 esse

1897 5261 2092 5317 erratis
2148 5260 2465 5315 inferiorum
2513 5260 2716 5330 apertis
2764 5271 2819 5314 et
2870 5260 3200 5317 manifestis.
3256 5261 3454 5317 Levius

1899 5362 2088 5423 peccat
2109 5353 2278 5417 miles,
2302 5367 2464 5422 quam
2496 5351 2920 5422 imperatorhqui
2943 5366 3198 5422 perverso
3225 5355 3454 5410 consilio

306 5542 336 5568 ’³
374 5533 533 5588 Joan.
577 5545 664 5594 xv,
701 5526 787 5582 l3.
859 5533 887 5563 ⁸
933 5524 1133 5583 Jerem.
1192 5547 1278 5595 xv,
1332 5533 1416 5587 19.
1495 5543 1519 5582 ι’
1547 5531 1741 5587 Ειεοιι.
1779 5548 1874 5600 vlt,
1903 5533 1992 5588 27.

311 5627 437 5659 ea.”
488 5617 869 5693 παρασκεύαζε
966 5619 1245 5693 βρώματα.

220 5701 276 5732 ss
312 5697 384 5751 τδ
425 5690 804 5755 τοῦςττολλοὺς
852 5691 1294 5758 σωφρονίζεσθαι.

218 5786 396 5838 ησεν,
438 5764 608 5825 οὕτως
658 5761 808 5813 ἔσται
870 5759 1034 5829 αὐτῷ.

1335 5627 1378 5657 ²⁸
1447 5626 1858 5680 παρακλήσεως.

1373 5644 1378 5654 ’
1447 5644 1878 5696 παρακλησεως.
1983 5644 2026 5659 ι’
2088 5646 2196 5681 των
2239 5644 2567 5701 σπερμάτων
2641 5644 2786 5686 (mw

1373 5699 1417 5726 ³³
1443 5697 1555 5749 ἀλλ’
1583 5696 1693 5763 ἐγὼ
1725 5697 1969 5762 τούτους.
2045 5699 2090 5729 υ
2121 5697 2430 5756 ὲταλάνισα.
2510 5703 2553 5734 ³⁸
2583 5702 2786 5774 τίμιον.

1982 5627 2026 5659 ”
2048 5627 2196 5701 ’τῶν
2221 5643 2338 5701 ⁸σῄιτε
2349 5631 2567 5701 ρμάτων
2641 5633 2922 5701 ὑποδοχήν.

3020 5628 3062 5659 ³⁸
3115 5633 3448 5697 προέχοντες.

2867 5697 2905 5732 ³¹
2953 5697 3152 5761 αὐτοῖς.
3229 5702 3237 5728 ί

3229 5702 3272 5728 δ’
3298 5698 3449 5751 ἑποί-
