4222 6448
207 373 342 441 1193

1424 385 1655 448 LIBER
1683 379 1782 446 AD
1805 382 2224 450 PASTOREM.

3313 401 3332 464 l
3347 399 3443 465 194

196 484 244 543 ὦ
267 490 475 562 μάκαρ,
500 488 662 556 ποίας
689 489 800 544 τῶν
829 489 1039 563 ἀρετῶν
1069 492 1238 564 χωρὶς
1261 493 1435 557 οὐδεὶς
1456 496 1646 566 ὀψεται
1675 495 1750 549 τδγ

1833 491 2039 564 ιωῚ
2073 492 2286 564 Cogita,
2320 494 2496 562 beate,
2547 497 2666 555 sine
2716 517 2818 572 qua
2867 503 3210 574 potissimum
3249 510 3446 568 virtute

201 581 427 652 Κύριον,
457 582 722 653 κάκείνην
753 581 860 653 πρὸ
888 582 1107 637 πάντων
1141 582 1426 655 περιποιοῦ
1459 588 1572 650 τοῖς
1609 589 1770 656 ἐγγό-

198 688 330 735 νοιςο
379 671 528 736 λείας
562 691 622 726 τε
663 673 756 726 καὶ
791 673 1168 744 θηλυκοειδοῦς
1192 675 1366 744 δψεως
1390 677 1472 739 εἰς
1502 673 1646 731 ἅπαν
1672 678 1770 730 λυ-

194 764 492 836 τρούμενος
511 765 612 834 (I).
641 764 924 820 Ἔστωσαν
947 767 1080 820 πᾶσι
1097 767 1209 830 τοῖς
1226 766 1317 835 ὑφ’
1333 767 1480 838 ἡμᾶς
1502 767 1560 820 tv
1581 767 1771 838 Κυρίῳ

1873 599 2032 640 nemo
2068 585 2137 640 ad
2167 584 2262 641 Dei
2292 599 2646 660 conspectum
2679 593 3027 663 admittatur;
3067 613 3300 670 eamque
3334 620 3443 672 qua

1870 669 2028 742 potes
2070 685 2192 730 arte
2221 675 2459 734 alumnis
2506 680 2615 736 tuis
2640 680 2862 752 instilla,
2906 685 3114 745 formas
3148 669 3441 761 corporum

1866 765 2276 822 emendatiores
2307 777 2360 822 et
2385 770 2680 829 muliebres
2710 774 2780 830 ab
2807 790 2995 833 eorum
3028 793 3251 850 aspectu
3291 786 3445 853 petii-

197 857 334 926 πρὸς
359 857 456 920 τὰς
484 857 800 927 σωματικὰς
824 857 1043 927 ἡλικίας
1064 859 1119 912 ai
1139 859 1501 923 καταστάσεις
1530 860 1623 914 καὶ
1645 877 1750 914 κατ

1869 863 1959 911 tus
1998 871 2238 912 remove.
2283 857 2409 914 Sint
2435 864 2712 930 omnibus,
2746 867 2842 936 qui
2888 868 2994 925 sub
3040 872 3209 943 signis
3235 873 3442 932 Christi

190 950 434 1020 οικήσεις
489 950 752 1022 διάφοροι.
788 951 863 1004 Οὐ
900 951 1020 1004 δέον
1064 950 1173 1021 γάρ
1216 968 1336 1005 τινα
1379 952 1489 1006 τῶν
1535 951 1769 1022 λιμένων

189 1042 640 1113 ἀποπέμπεσθαι,
671 1042 778 1113 πρὸ
805 1043 1122 1114 φρονήσεως
1153 1043 1252 1114 τῆς
1280 1043 1422 1097 κατά
1447 1043 1652 1113 κόσμον
1678 1045 1767 1098 ὲν-

190 1133 382 1201 νόμου.
409 1135 612 1202 Χεῖρας
641 1135 716 1206 μὴ
740 1135 945 1205 ταχέως
971 1136 1077 1191 τινὶ
1103 1137 1457 1209 ἐπιθήσομεν,
1483 1138 1678 1210 μήπως
1709 1141 1767 1194 ὲν

191 1222 387 1293 ἀγνοίᾳ
419 1226 806 1296 προσαγόμενά
834 1244 955 1280 τινα
991 1228 1098 1281 τῶν
1138 1227 1445 1300 προϐάτων,
1481 1234 1541 1285 ὲν
1567 1229 1767 1300 γνώσει

189 1314 377 1370 λοιπὸν
421 1318 682 1387 γινόμενα
706 1318 800 1371 καὶ
840 1319 902 1372 τὺ
928 1321 1112 1391 βάρος,
1149 1321 1360 1376 καὶτὸν
1399 1321 1655 1378 καύσωνα
1686 1326 1763 1398 μὴ

187 1409 550 1478 ὖπομένοντα,
579 1411 674 1464 ἐπὶ
721 1411 813 1464 τὸν
861 1413 1064 1484 κόσμον
1108 1414 1570 1486 αὐτομολήσωσινο
1627 1417 1764 1488 ὅπερ

182 1503 302 1564 τοῖς
323 1503 929 1574 προκεχειροτονηκόσιν
952 1505 1054 1559 οὐκ
1071 1505 1352 1560 ἀκίνδυνον
1375 1509 1527 1579 παρά
1549 1507 1627 1580 τῷ
1645 1509 1764 1581 Θεῷ

184 1594 545 1667 καθέστηκεν.
579 1595 675 1659 Τίς
709 1596 817 1666 άρα
853 1596 1091 1662 τοιοῦτος
1139 1599 1474 1671 καθέστηκεν
1516 1603 1581 1656 ὲκ
1626 1602 1762 1656 Θεοῦ

183 1689 486 1756 οἰκονόμος,
511 1686 571 1751 ὃς
594 1687 703 1741 τῶν
723 1689 915 1742 ἑαυτοῦ
939 1689 1127 1759 πηγῶν
1149 1691 1244 1745 καὶ
1265 1693 1484 1763 μόχθων
1511 1693 1763 1764 ἀνενδεὴς

181 1777 545 1848 καθέστηκεν,
576 1778 670 1832 καὶ
714 1779 852 1852 πρὸς
876 1780 977 1853 τὴν
1010 1781 1212 1853 ἑτέρων
1235 1783 1505 1855 κάθαρσιν
1537 1784 1762 1850 ταύταις

185 1869 328 1938 πρὸς
374 1868 507 1922 Θεὸν
557 1869 792 1939 ἀφειδῶς
838 1871 1124 1942 κέχρηται,
1161 1873 1361 1944 ψυχὰς,
1397 1875 1491 1928 καὶ
1535 1875 1762 1946 σώματα

183 1959 426 2028 μάλιστα
489 1959 852 2031 ὲρῤυπωμένα
917 1962 1254 2032 ἀποσμήχων
1304 1963 1380 2034 μή
1439 1980 1570 2017 ποτε
1622 1963 1762 2018 παῦ-

183 2067 256 2120 σῃ
288 2049 388 2119 (2),
438 2051 526 2104 ἵνα
574 2051 648 2123 μὴ
703 2051 862 2122 μόνον
895 2053 1129 2116 οἰκείων,
1170 2053 1306 2108 ἀλλά
1342 2057 1435 2110 καὶ
1467 2055 1762 2128 ἀλλοτρίων

175 2143 373 2212 ψυχῶν
403 2144 697 2212 στεφάνους
725 2144 876 2215 παρὰ
914 2145 1009 2199 τοῦ
1041 2145 1204 2200 καλοῦ
1245 2147 1582 2216 ἀγωνοθέτου
1617 2153 1761 2222 παῤ-

182 2234 355 2305 ρησίᾳ⁵
392 2235 745 2306 ὲκζητήσειςς
777 2234 928 2291 Εἶδον
962 2236 1165 2308 ἀσθενῆ
1193 2238 1474 2295 ἀσθένειαν
1501 2241 1762 2306 ἀσθενοῦς

179 2328 250 2380 ἐκ
295 2326 531 2392 πίστεως
581 2329 896 2400 καθάραντα
935 2331 1179 2404 ἀναιδείᾳ
1215 2333 1578 2406 ἐπαινουμένη
1623 2334 1761 2405 πρὸς

178 2419 320 2474 Θεὸν
347 2420 490 2491 ὑπὲρ
513 2421 722 2475 ἐκείνου
753 2421 1118 2492 χρησάμενον,
1156 2423 1250 2476 καὶ
1278 2423 1378 2494 τὴν
1411 2423 1588 2494 ψυχὴν
1619 2424 1760 2493 ὑπὲρ

175 2509 364 2580 ψυχῆς
413 2509 595 2573 θέντα,
633 2513 692 2564 ὲν
727 2509 1054 2564 ταπεινώσει
1101 2510 1284 2581 μέντοι
1324 2515 1390 2566 ἐκ
1420 2513 1518 2583 τῆς
1551 2513 1757 2566 ἐκείνου

181 2603 406 2667 ίάσεως,
436 2603 533 2656 καὶ
575 2603 765 2658 ἑαυτὸν
808 2603 992 2657 λοιπὸν
1042 2605 1354 2676 ἰασάμενον·
1383 2606 1477 2659 καὶ
1522 2601 1664 2659 εἶδον
1698 2606 1759 2672 ἐξ

175 2695 415 2766 οἰήσεως
459 2694 660 2766 ὁμοίως
692 2697 1044 2768 πεποιηκότα,
1073 2698 1188 2763 καὶ,
1241 2698 1441 2766 Ἰατρέ,
1472 2697 1757 2767 θεράπευ-

1867 947 2013 1016 apud
2043 963 2146 1005 nos
2172 951 2432 1015 militant,
2468 969 2582 1010 suae
2610 972 2708 1026 pro
2729 960 2907 1015 aetatis
2937 963 3149 1018 ratione
3177 966 3442 1024 stationes

1868 1038 2131 1111 (ordines)
2176 1050 2233 1097 et
2269 1043 2568 1101 domicilia.
2606 1045 2802 1106 Nullus
2834 1052 2980 1106 enim
3026 1055 3186 1110 nobis
3219 1071 3249 1111 a
3281 1069 3442 1129 portu

1868 1129 2150 1200 religionis
2177 1145 2304 1190 ante
2332 1137 2631 1192 adhibitam
2666 1143 2829 1196 etiam
2860 1145 3068 1201 mundo
3103 1147 3442 1216 probandam

1867 1221 2213 1290 prudentiam
2257 1226 2590 1295 rejiciendus
2634 1241 2739 1286 est.
2795 1231 3010 1290 Nemini
3060 1237 3170 1293 cito
3221 1239 3329 1297 nisi
3373 1243 3443 1300 de

1866 1327 2021 1368 more
2036 1316 2290 1385 probato,
2307 1334 2505 1376 manus
2529 1321 2878 1392 imponemus
2895 1326 3437 1406 (tondebimusque);

1865 1419 1934 1460 ne
1959 1420 2067 1476 qua
2103 1411 2292 1462 ovium
2342 1425 2437 1479 per
2484 1413 2872 1483 ignorantiam,
2914 1419 3258 1489 disciplinam
3316 1427 3441 1482 reli-

1863 1495 2074 1577 giosam
2129 1501 2428 1570 complexa,
2479 1505 2703 1576 cognito
2744 1519 2933 1578 postea
2981 1527 3164 1568 rerum
3203 1525 3348 1571 statu
3386 1529 3441 1575 et

1861 1575 2178 1644 dilﬁcultate
2207 1592 2273 1647 ad
2304 1608 2447 1650 onus
2489 1575 2764 1653 etiaestum
2811 1601 3092 1671 religionis
3121 1606 3436 1674 impatiens.

1862 1690 2008 1737 retro
2033 1696 2140 1751 qua
2167 1695 2386 1740 venerat
2419 1686 2486 1741 ad
2514 1689 2772 1745 saeculum
2803 1702 3129 1763 revertatur,
3147 1700 3294 1768 quod
3327 1716 3437 1756 non

1861 1786 2089 1841 parvum
2142 1775 2422 1844 magistris
2467 1779 2724 1846 illorum,
2773 1791 2826 1838 et
2867 1785 3241 1845 initiatoribus
3297 1795 3439 1862 apud

1817 1835 2040 1918 ‘beum
2071 1835 2377 1934 periculum
2418 1872 2648 1926 creabit.
2693 1835 2830 1940 (luis
2873 1891 3037 1946 porro
3065 1880 3172 1935 erit
3219 1835 3439 1939 diviinus

1862 1954 1952 2010 ille
1995 1970 2340 2025 ceconomus,
2388 1962 2482 2032 qui
2527 1963 2757 2021 fontium
2810 1983 3040 2024 suorum
3087 1981 3145 2028 et
3189 1973 3438 2032 laborum

1863 2047 2008 2102 haud
2033 2048 2270 2120 indigus,
2303 2053 2469 2110 etiam
2497 2056 2564 2111 ad
2587 2058 2819 2114 aliorum
2855 2065 3167 2134 purgandos
3195 2083 3225 2122 a
3256 2071 3436 2126 sordi-

1820 2160 1822 2162 ν
1860 2138 1963 2195 bus
1995 2141 2230 2208 animos,
2271 2145 2511 2216 copiosis
2541 2164 2573 2203 a
2614 2149 2726 2207 Deo
2756 2152 3124 2225 Iacrymarum
3171 2159 3437 2220 imbribus

1860 2231 2121 2303 irrigatus
2151 2235 2416 2304 abundat,
2461 2248 2518 2295 et
2556 2241 2656 2298 bas
2687 2244 2756 2298 ad
2785 2245 3019 2302 aliorum
3057 2249 3436 2310 lustrationem

1859 2337 1953 2378 seu
1984 2325 2418 2394 puriﬁcationem
2447 2330 2776 2405 laudemque
2805 2337 2901 2393 Dei
2941 2340 3241 2400 liberaliter
3277 2346 3438 2402 adhi-

1859 2414 1968 2471 bet.
2019 2416 2228 2477 Mentes
2261 2429 2317 2477 et
2343 2436 2577 2494 corpora
2618 2438 2969 2496 peccatorum
3005 2433 3437 2505 inquinamentis

1856 2505 2059 2562 Imdata
2088 2509 2368 2584 detergere
2392 2530 2462 2570 ne
2493 2530 2670 2584 cessa,
2701 2519 2784 2574 uti
2808 2536 2915 2576 non
2952 2531 3170 2582 tuarum
3199 2536 3434 2597 tantum,

1861 2599 1956 2654 sed
1987 2600 2292 2659 alienarum
2320 2621 2543 2678 quoque
2574 2612 2886 2669 animarum
2930 2616 3209 2676 Iaureolas
3233 2637 3264 2677 a
3302 2623 3437 2678 Iibe-

1862 2694 1964 2748 rali
1992 2699 2307 2756 munerario
2338 2711 2393 2756 et
2432 2707 2762 2773 agonotheta
2795 2725 2991 2781 magna
3027 2728 3124 2785 spe
3151 2725 3205 2771 ct
3234 2717 3434 2776 llducia

174 2801 302 2840 σον
350 2787 635 2852 σεαυτὸν,
679 2790 797 2858 μετ’
826 2788 1199 2858 ἐπιτιμήσεως
1240 2789 1567 2844 ἀκούσαντα.
1599 2791 1756 2844 Ἐστι
1857 2796 2077 2880 μίξεως.
2125 2785 2248 2880 Vidi
2294 2805 2398 2861 ego
2427 2795 2682 2850 morbum
2721 2799 2851 2870 aegri
2901 2802 2970 2858 ab
3015 2805 3128 2859 alio
3155 2823 3323 2876 aegro.
3341 2826 3438 2880 per

177 2878 627 2950 παραιτήσασθαι
669 2879 892 2947 ἀγαθὸν,
919 2880 1008 2934 διὰ
1039 2880 1224 2951 μεῖζον
1251 2881 1472 2950 ἀγαθὸν,
1508 2882 1584 2945 ὡς
1623 2885 1652 2936 ὁ
1695 2883 1750 2936 τὸ

1859 2874 2020 2928 tidem
2053 2878 2234 2934 curari
2263 2881 2532 2940 laudanda
2565 2901 2698 2943 sane
2723 2889 3058 2961 impudentia
3088 2874 3230 2968 apud
3266 2874 3433 2958 Deum

175 2971 486 3041 μαρτύριον
511 2971 613 3025 οὐκ
644 2973 706 3025 ὲκ
732 2972 934 3036 δειλίας
958 2971 1232 3042 διαφυγὼν
1257 2973 1356 3044 (4),
1384 2973 1519 3027 ἀλλά
1547 2973 1633 3026 διά
1657 2972 1750 3064 τὴν

1858 2979 1959 3034 pro
1991 2967 2105 3030 illo.
2139 2985 2260 3038 uso,
2309 2975 2663 3048 animamque
2691 2995 2791 3051 pro
2838 2983 3020 3040 anima
3051 3002 3310 3059 ponente,
3341 2999 3434 3064 qni

171 3063 286 3117 τῶν
325 3064 419 3117 ὑπ’
446 3064 612 3118 αὑτοῦ
658 3063 979 3135 σωζομένων
1037 3066 1132 3118 καὶ
1187 3065 1573 3136 φωτιζομένων
1612 3063 1750 3134 ὠφέ-

1856 3073 1922 3112 ex
1963 3059 2074 3115 alta
2107 3063 2308 3120 mentis
2336 3065 2677 3127 demissione
2717 3085 2943 3146 propter
2975 3079 3203 3137 alterius
3231 3059 3434 3154 procn—

170 3153 351 3206 λειαν·
386 3152 532 3206 ἔστιν
577 3153 608 3207 ό
648 3153 841 3207 ἑαυτὸν
882 3153 1074 3226 ἀτιμία
1102 3155 1191 3209 διά
1221 3154 1320 3225 τὴν
1358 3156 1560 3226 ἑτέρων
1588 3155 1750 3228 τιμὴν

1857 3161 2029 3209 ratam
2083 3158 2398 3228 sanitatem,
2445 3161 2563 3232 ipse
2598 3165 2766 3239 488
2801 3184 3021 3243 quoque
3063 3152 3295 3234 salutem
3352 3193 3438 3237 est

170 3243 514 3308 ἐκδεδωκὼς,
551 3247 645 3299 καὶ
684 3244 837 3316 παρά
872 3244 1088 3309 πολλοῖς
1121 3247 1198 3309 ὡς
1231 3246 1509 3318 φιλήδονος
1539 3247 1751 3316 λογιζό-

171 3352 364 3404 μενος,
421 3336 572 3406 ὂμως
619 3336 695 3400 ὡς
730 3337 929 3401 πλάνος
957 3338 1052 3391 καὶ
1079 3336 1288 3410 ἀληθὴς
1332 3339 1606 3409 τυγχάνει·
1644 3340 1692 3392 εί
1723 3340 1754 3393 δ

167 3426 334 3495 λόγον
363 3427 632 3496 ὡφελείας
663 3429 910 3498 κατέχων
933 3428 1034 3498 (5),
1058 3429 1154 3482 καὶ
1182 3429 1260 3502 μὴ
1288 3428 1476 3483 τοῦτον
1505 3428 1753 3498 ἀφθόνως

169 3517 516 3588 μεταδιδοὺς,
563 3519 663 3572 οὐκ
706 3519 1052 3590 ἀτιμώρητος
1099 3519 1272 3586 ἔσται,
1330 3521 1514 3587 πόσος,
1554 3523 1679 3589 οἴει,

166 3608 323 3676 φίλε,
349 3609 606 3679 τυγχάνει
635 3610 665 3662 6
683 3611 924 3674 κίνδυνος
947 3611 992 3644 ³⁸
1020 3613 1127 3664 τῶν
1150 3612 1464 3684 δυναμένων
1492 3615 1536 3646 δ’
1565 3616 1659 3668 καὶ
1682 3615 1752 3669 δι’

168 3699 377 3768 ἑαυτῆς
403 3699 511 3753 τῶν
541 3699 718 3770 ἔργων
765 3702 1052 3772 συνεργίας
1089 3704 1202 3767 τοῖς
1228 3703 1586 3774 κακουμένοις
1619 3722 1752 3774 συγο

165 3791 428 3860 κάμνειν,
478 3793 570 3845 καὶ
617 3793 692 3863 μὴ
733 3794 1211 3865 συγκοπουμένοιςο
1261 3794 1424 3866 ῥῦσαι
1454 3798 1482 3850 ὀ
1514 3799 1578 3850 ὲκ
1614 3796 1750 3851 Θεοῦ

169 3884 420 3955 ρυσθεὶς,
455 3885 548 3937 καὶ
581 3883 752 3938 σῶσον
779 3884 808 3936 ὁ
830 3883 1040 3950 σωθεὶς,
1072 3885 1372 3955 ἀγομένους
1393 3887 1472 3951 εἰς
1498 3886 1748 3949 θάνατον,

1855 3258 2209 3307 consecutus.
2242 3250 2363 3309 Vidi
2396 3257 2488 3327 qui
2518 3258 2661 3315 idem
2692 3277 2760 3317 ex
2793 3266 2964 3321 animi
2985 3267 3224 3327 elatione
3257 3283 3436 3332 tenta-

1854 3347 1958 3404 ret,
2003 3341 2098 3411 qui
2136 3345 2335 3401 merito
2360 3350 2730 3418 reprehensus
2776 3357 2956 3413 audiit
2991 3377 3006 3414 :
3041 3359 3270 3430 Medica,
3299 3382 3435 3423 cura

1851 3430 2077 3501 teipsum
2099 3435 2142 3487 ’.
2171 3432 2333 3491 Juvat
2349 3453 2744 3514 nonnunquam
2769 3447 2970 3508 bonum
2995 3450 3244 3524 (majoris
3267 3473 3432 3516 causa

1852 3520 2002 3594 boni)
2043 3523 2345 3615 declinare,
2378 3531 2564 3600 decus,
2597 3535 2844 3606 inquam,
2886 3520 3165 3615 martyrii,
3210 3564 3320 3605 non
3367 3567 3431 3608 ex

1852 3612 2022 3668 animi
2049 3613 2424 3677 imbecillitate
2448 3638 2546 3678 seu
2578 3624 2795 3695 timore,
2831 3633 2923 3686 sed
2957 3612 3178 3705 propter
3197 3639 3431 3697 aliorum

1852 3704 2143 3763 utilitatem
2172 3707 2278 3766 ﬁde
2303 3712 2704 3773 illustratorum
2747 3721 2864 3778 sive
2886 3704 3226 3784 credentium
3259 3742 3315 3788 et
3341 3750 3434 3790 sa-

1851 3795 2020 3853 lutem
2049 3800 2149 3870 (a).
2184 3799 2282 3857 Est
2311 3807 2406 3876 qui
2430 3808 2674 3879 seipsum
2710 3813 2781 3868 ob
2803 3815 3033 3874 alterius
3061 3821 3296 3879 salutem
3330 3842 3430 3882 ex-

1849 3889 2004 3958 ponit
2031 3891 2364 3962 ignominiae,
2393 3908 2446 3953 et
2469 3914 2500 3954 a
2531 3904 2720 3959 multis
2747 3921 2845 3976 pro
2877 3908 3100 3968 homine
3127 3915 3433 3986 voluptario

166 3976 272 4029 καὶ
315 3976 681 4045 ὲκπριάμενος
724 3976 790 4007 ⁴⁰⁶
826 3977 1203 4048 κτεινομένους
1226 3977 1330 4031 ὑπὸ
1360 3978 1630 4077 δαιμόνων
1658 3978 1750 4077 -μὴ

1845 3980 2123 4051 iudicatur
2154 3995 2210 4039 et
2252 3987 2566 4060 damnatur,
2613 4005 2806 4066 estque
2852 4003 3007 4070 quasi
3065 3976 3331 4077 seductor,
3379 4023 3430 4067 et

165 4067 360 4137 φείσῃ.
391 4065 562 4120 Τοῦτο
588 4067 697 4138 γάρ
729 4067 909 4140 πάσης
955 4070 1116 4140 -τνοῆς
1147 4069 1452 4142 δυναμένης
1477 4070 1557 4167 ab
1606 4071 1750 4167 μέγα

1850 4081 2027 4127 tamen
2058 4091 2239 4134 verax.
2268 4079 2325 4136 Si
2355 4084 2450 4153 qui
2479 4086 2603 4144 aliis
2638 4065 2925 4160 profutura
2959 4099 3130 4167 novit,
3155 4111 3211 4157 et
3236 4103 3434 4163 docere

162 4157 412 4211 ἔπαθλον
439 4159 590 4230 παρὰ
617 4159 733 4225 Θειῗι
754 4160 894 4232 ὑπὲρ
917 4163 1096 4216 πᾶσαν
1117 4161 1378 4234 ἐργασίαν
1405 4163 1498 4218 καὶ⁵
1519 4162 1749 4234 θεωρίαν

1848 4177 1974 4218 cum
1999 4169 2195 4236 possit,
2221 4183 2467 4243 recusat,
2499 4177 2552 4234 id
2575 4157 2718 4237 haud
2742 4184 2966 4256 impune
2990 4157 3157 4258 feret;
3180 4194 3232 4249 in
3257 4157 3432 4265 quan:

167 4251 387 4322 βροτῶν
425 4253 519 4306 καὶ
546 4253 813 4325 ἀϐρότων,
852 4256 1116 4324 συνεργὸν
1158 4255 1348 4328 ῶσπερ
1375 4257 1485 4311 τῶν
1524 4257 1749 4357 ἀσωμάί

1849 4261 1986 4320 tum,
2018 4267 2200 4328 putas,
2233 4265 2427 4334 amice,
2461 4283 2522 4325 se
2549 4251 2851 4341 periculum
2879 4279 3097 4348 animae,
3127 4251 3434 4357 conjiciunt

161 4357 284 4394 των
328 4342 422 4394 καὶ
458 4342 661 4414 νοερῶν
699 4343 980 4416 δυνάμεων
1015 4346 1208 4400 ἑαυτὸν
1235 4347 1585 4402 ἀποδείκνυσι
1621 4351 1650 4402 ό
1677 4350 1746 4420 τῇ

1850 4345 1913 4412 ii,
1946 4350 2043 4420 qui
2078 4365 2247 4422 opera
2285 4372 2382 4412 sua
2415 4368 2470 4416 et
2502 4363 2724 4423 virtutis
2767 4368 3039 4428 industria
3077 4377 3217 4434 alios
3233 4342 3430 4439 'levare

163 4434 237 4486 ἐκ
271 4432 409 4487 Θεοῦ
457 4433 672 4506 δοθείσῃ
702 4435 850 4505 αὑτῷ
878 4435 1229 4508 καθαρότητι,
1265 4438 1356 4491 τὸν
1393 4439 1502 4493 τῶν
1543 4440 1747 4540 ἐτέρων

1847 4439 2117 4540 etjnvare
2141 4458 2389 4516 possunt,
2424 4460 2480 4508 et
2506 4457 2770 4515 auxilium
2800 4469 2978 4520 tamen
3004 4432 3222 4540 negant.
3252 4432 3431 4531 gena

163 4524 348 4596 ῥύπον
371 4525 729 4597 ἀποσμήχων,
766 4527 858 4580 καὶ
883 4525 942 4592 ἐξ
969 4526 1270 4600 ὲπιμὼμων
1297 4529 1502 4601 ἄμωμα
1525 4531 1602 4602 τῷ
1629 4531 1748 4603 Θεῷ

1851 4526 1990 4583 alios
2019 4538 2076 4585 et
2105 4531 2225 4602 ipse
2253 4549 2284 4590 a
2315 4534 2428 4593 Deo
2450 4554 2722 4611 servatus,
2757 4549 2908 4620 eripe
2935 4517 3128 4630 ductos
3150 4558 3218 4613 ad
3242 4577 3428 4629 necem

160 4615 322 4688 δῶρα
350 4618 698 4689 προσφέρων.
735 4619 904 4673 Τοῦτο
933 4619 1041 4691 γὰρ
1070 4622 1164 4674 καὶ
1192 4622 1352 4692 μόνον
1380 4623 1466 4676 ἀεὶ
1496 4623 1560 4677 τὸ
1585 4624 1747 4696 ἔργον

161 4706 284 4758 τῶν
322 4703 483 4758 θείων
511 4705 861 4778 λειτουργῶν.
901 4709 1132 4776 Πάντες
1166 4713 1276 4781 γὰρ
1313 4715 1366 4766 οι
1393 4715 1600 4780 κύκλῳ
1639 4718 1746 4770 αὑ-

161 4813 260 4850 τοτ
322 4796 568 4851 οἴσουσι
605 4797 788 4867 δῶρα,
831 4801 1037 4870 ψυχάς
1088 4803 1254 4857 Οὐδὲν
1294 4805 1436 4858 οὕτω
1462 4806 1563 4876 τὴν
1593 4807 1748 4880 ’πρὸς

161 4885 322 4955 ἡμᾶς
349 4885 445 4938 τοῦ
475 4886 779 4952 πλάσαντος
818 4891 968 4961 ἡμᾶς
1007 4893 1304 4948 ὲνδείκνυσι
1333 4894 1746 4966 φιλανθρωπίαν

161 4978 266 5032 καὶ
295 4976 630 5050 ἀγαθότητα,
655 4980 731 5044 ὡς
755 4983 815 5034 τὸ
847 4983 1164 5038 καταλιπεῖν
1189 4986 1258 5040 τὰ
1283 4989 1635 5060 ἐννενήκοντα
1661 4993 1746 5045 ὲν-

161 5065 270 5120 νέα
300 5066 574 5142 πρόϐατα.
607 5069 700 5120 καὶ
723 5069 782 5122 τὸ
811 5071 1232 5143 πεπλανημένον
1282 5074 1536 5148 ζητῆσαι.
1571 5080 1747 5150 Πρόσ-

162 5173 264 5227 εχε
305 5140 500 5222 -οίνυν,
540 5152 586 5212 ὦ
617 5159 806 5213 πίσυνε
828 5161 894 5226 δι,
927 5165 1022 5216 καὶ
1054 5166 1235 5219 πᾶσάν
1263 5185 1359 5221 σου
1384 5169 1483 5240 τὴν
1510 5171 1747 5243 σπουδὴν

162 5248 267 5300 καὶ
317 5247 421 5316 τὴν
457 5249 701 5319 ἀγάπην,
746 5250 846 5322 τὴν
879 5251 1108 5323 θέρμην,
1137 5256 1239 5326 τὴν
1274 5259 1613 5329 ἐπιμέλειαν,
1649 5264 1749 5334 τὴν

161 5341 315 5411 πρὸς
343 5339 474 5394 Θεὸν
510 5341 717 5397 ίκεσίαν
750 5344 845 5398 επὶ
880 5345 987 5400 τῶν
1010 5347 1128 5402 λίαν
1175 5352 1610 5424 πεπλανημένων
1653 5357 1750 5412 καὶ

164 5435 655 5505 συντετριμμένων
678 5435 928 5503 ἔνδειξαι.
958 5440 1133 5495 Ὅπου
1170 5443 1280 5515 γὰρ
1314 5445 1548 5516 μεγάλαι
1576 5449 1633 5502 αι
1663 5449 1748 5503 νό-

243 5620 272 5660 ς
299 5608 435 5665 Luc.
461 5626 534 5678 tv,
568 5612 659 5668 25.

245 5704 293 5737 ³⁸
331 5703 496 5757 πόσον
561 5706 638 5759 ἔτι
692 5709 954 5765 κίνδυνον.

1057 5714 1101 5747 ⁸⁸
1155 5717 1554 5788 ὑποστ’,σονται
1584 5725 1634 5777 οἱ
1673 5727 1987 5794 δυνάμενοι.
2065 5736 2131 5769 ⁵⁸⁸
2161 5740 2514 5813 ἐκπρίασθαι.

1847 4627 1903 4674 et
1949 4620 2020 4676 ab
2047 4623 2300 4683 hostibus
2344 4628 2537 4690 inferis
2579 4640 2877 4709 necandos,
2923 4652 2979 4700 et
3015 4620 3132 4717 ipse
3162 4626 3430 4710 aChristn

1847 4725 2091 4785 ereptus.
2119 4717 2232 4778 [Ioc
2263 4722 2396 4780 illud
2419 4727 2612 4819 ingens
2638 4743 2723 4790 est
2745 4751 2948 4796 munus
2975 4756 3006 4797 a
3034 4740 3145 4798 Deo
3172 4751 3418 4819 proposi-

1849 4817 1963 4862 tum
2005 4812 2264 4906 omnibus
2303 4817 2559 4887 spiritum
2607 4823 2938 4889 habentibus
2974 4848 3140 4906 supra
3172 4812 3427 4898 omnium

1848 4901 2162 4958 mortalium
2193 4915 2248 4960 et
2271 4907 2662 4971 immortalium
2693 4917 2837 4977 facta
2861 4932 2916 4978 et
2939 4901 3128 4996 opera,
3153 4945 3278 4986 cum
3303 4936 3426 5003 quis

1847 4995 2088 5064 seipsum
2120 4998 2362 5056 coalitum
2393 5013 2449 5060 et
2490 5011 2758 5068 mentium
2790 5015 2859 5075 ab
2899 4995 3048 5076 omni
3079 5026 3427 5082 concretione

1848 5102 2137 5158 corporum
2186 5093 2478 5153 liberarum
2522 5115 2620 5171 per
2668 5117 2946 5178 acceptam
3003 5127 3036 5167 a
3085 5113 3198 5170 Deo
3249 5119 3417 5174 animi

1849 5182 2208 5256 corporisque
2269 5191 2556 5259 puritatem
2602 5197 2813 5254 socium
2867 5200 3113 5262 laborum
3151 5211 3422 5276 ostendit,

1848 5269 1998 5329 Iabes
2038 5276 2272 5334 aliorum
2315 5285 2622 5353 emaculat;
2671 5299 2726 5344 et
2753 5305 2819 5346 ex
2853 5292 3086 5364 impuris
3132 5315 3268 5370 pura

1851 5379 2080 5423 munera
2123 5369 2277 5427 libat.
2319 5372 2436 5431 Hoc
2483 5377 2631 5434 enim
2675 5391 2762 5438 est
2805 5394 3072 5445 aeternum
3113 5369 3420 5450 divinorum

1855 5469 2154 5530 mystarum
2177 5465 2449 5526 ollicium:
2480 5470 2674 5530 Omne:
2704 5477 2759 5531 in
2782 5480 3014 5539 circuitu
3036 5485 3150 5556 ejus
3181 5504 3422 5555 munera,

2595 5749 2636 5814 'f‘
2672 5749 2968 5824 θαυμάσιε.

241 5818 326 5891 (a)
383 5820 494 5874 lloc
535 5821 831 5893 Gregorius
880 5827 1321 5901 'I‘haumaturgus
1351 5838 1494 5908 lccit,
1529 5841 1656 5898 fecit
1695 5854 1748 5900 ct
1780 5847 2133 5918 Athanasius,
2177 5866 2228 5912 et
2254 5874 2359 5914 non
2404 5864 2560 5930 pauri
2589 5866 2701 5920 alii.

469 5916 732 5982 Ρλτιιοι.
768 5920 884 5983 Gn.
911 5923 1317 5991 LXXXVIII.

3110 5958 3186 6020 38
