4222 6448
215 397 338 465 1197

1416 384 1644 447 LIBER
1688 381 1785 441 AD
1809 378 2228 448 PASTQREM.

3292 369 3424 434 1198

209 516 317 581 dis;
348 525 524 580 neque
551 510 696 564 enim
718 506 901 562 omnis
943 500 1219 559 recusatio
1246 507 1302 554 et
1331 497 1549 567 repulsa
1601 508 1643 546 .a
1682 491 1916 545 Numine
1946 496 2031 544 est
2082 486 2386 542 interdicta.
2432 485 2671 541 ltlmlicus
2727 485 2982 556 religiosa
3031 481 3196 535 animi
3247 486 3429 552 quiete

210 609 509 671 abundans,
566 605 633 659 ad
686 601 959 658 curandos
1013 612 1188 668 aegros
1236 594 1380 649 haud
1436 603 1768 660 magnopere
1823 586 2086 657 indigebit
2143 585 2323 654 quiete
2348 585 2618 654 corporis.
2652 585 2709 638 Si
2739 585 2826 637 illa
2879 581 3139 646 caruerit,
3180 581 3264 634 his
3310 590 3428 635 ute-

211 716 310 761 tur.
344 701 558 757 Nullum
587 699 698 754 Deo
726 708 981 752 munusa
1017 693 1176 746 nobis
1213 688 1422 760 gratius
1465 683 1651 740 οσοπί
1711 689 1911 752 potest,
1963 690 2127 750 atque
2169 682 2294 734 eum
2363 679 2575 733 animas
2626 677 2703 731 illi
2761 676 2826 730 ad
2868 674 3026 746 591
3058 674 3428 745 pmnitcntiam

209 796 458 850 deductas
483 802 892 848 consecramus.
923 784 1040 840 Non
1061 792 1147 839 est
1169 781 1306 838 tanti
1359 787 1508 834 totus
1559 774 1820 838 mundus,
1854 787 2016 842 quam
2058 770 2292 842 pretium
2333 769 2496 826 unius
2547 769 2742 823 anima:
2775 767 2903 822 :ille
2929 767 3144 830 transit,
3184 765 3302 820 haec
3329 764 3432 818 im-

210 886 448 943 mortalis
473 891 558 941 est
585 893 640 939 et
659 891 882 938 aeterna.

725 998 836 1056 ΕΙΣ
871 995 1120 1050 ΚΕΦΑΛ.
1145 993 1246 1047 11"-

797 1088 1054 1156 Σχόλιον
1091 1091 1160 1139 α’.

273 1181 584 1252 Σημείωσαι
631 1179 713 1232 ὅτι
763 1179 846 1231 δεῖ
905 1179 1031 1238 τοὺς
1087 1172 1366 1241 ἀγενείους
1433 1172 1569 1234 ἰδίας
1624 1171 1769 1240 ἔχειν

206 1273 432 1338 διαίτας,
480 1273 572 1326 καὶ
617 1271 880 1340 οἰκήσεις,
924 1267 1002 1330 ὥς
1057 1281 1222 1334 φησιν
1284 1265 1314 1317 ὁ
1380 1263 1554 1332 μέγας
1610 1259 1770 1314 Βασί-

207 1364 260 1416 λε
269 1382 362 1429 ιος.

848 1450 1124 1517 Σχόλίον.

274 1543 410 1614 Περὶ
469 1542 674 1595 παίδων
735 1539 886 1607 λέγει
943 1538 1169 1607 ἀγωγῆς
1225 1533 1322 1589 καὶ
1381 1533 1670 1603 ὑποδοχῆς,
1733 1531 1767 1602 ἢ

207 1635 301 1689 καὶ
327 1633 498 1687 ἄλλων
530 1630 812 1702 ἀγενείων,
843 1629 930 1683 ἵνα
970 1624 1072 1683 ὦσι
1101 1623 1496 1697 κεχωρισμένοι
1532 1623 1644 1686 τοῖς
1683 1619 1770 1674 τό·

209 1745 346 1789 ποις.

810 1814 1069 1883 Σχτςλιον
1099 1809 1165 1881 β’.

276 1907 357 1960 Τὰ
383 1907 669 1976 σωματικά
693 1903 841 1971 πάθη
866 1901 1036 1969 λέγει·
1062 1901 1251 1970 ὥσπερ
1275 1896 1383 1967 γάρ
1413 1896 1442 1949 ὁ
1463 1895 1544 1959 είς
1569 1893 1772 1964 ἀρετὴν

206 2001 419 2066 ἀνάγων
446 1996 824 2067 στεφανοῦται,
853 1995 957 2048 κᾶν
985 1993 1058 2063 μὴ
1088 1990 1332 2061 διανύσῃ,
1360 1988 1421 2041 τὺ
1442 1988 1552 2056 γὰρ
1579 1983 1769 2038 ἑαυτοῦ

206 2089 586 2158 πεπλήρωκενο
621 2087 764 2140 οὕτω
795 2085 890 2140 καὶ
930 2084 959 2136 ὁ
989 2086 1066 2146 εἰς
1097 2081 1294 2136 κακίαν
1308 2079 1579 2146 ἀλείφων,
1610 2077 1769 2130 κολά-

206 2177 379 2240 ζεται,
414 2176 516 2230 κᾶν
546 2175 708 2248 μηδὲν
749 2175 940 2246 ἰσχύσῃ
963 2191 976 2204 ·
1012 2172 1072 2226 τὸ
1099 2171 1207 2242 γὰρ
1247 2167 1442 2224 ἑαυτοῦ
1492 2169 1581 2222 καὶ
1613 2160 1768 2230 οὗτος

207 2267 483 2339 ἐποίησεν.

801 2449 1059 2517 Σχόλιον
1103 2452 1172 2514 γ’.

276 2543 398 2595 Τῶν
429 2541 701 2615 δακρύων,
733 2543 827 2596 καὶ
863 2541 972 2594 τῶν
1010 2537 1349 2608 στεναγμῶν·
1387 2535 1682 2590 αἰνίττεται
1718 2533 1773 2588 δὲ

206 2638 302 2688 καὶ
322 2636 383 2688 τὸ
411 2634 641 2704 ἄφθονον
673 2635 768 2688 καὶ¹
794 2632 1010 2703 δαψιλὲς
1040 2633 1134 2686 καὶ
1166 2631 1474 2702 ἀείρρυτον.

823 2729 870 2780 Σ
872 2728 1082 2795 χόλιον
1101 2724 1163 2778 δ’.

280 2821 322 2872 Γ
327 2820 578 2890 ρηγὸριον
619 2819 767 2888 λέγει
813 2818 904 2871 τὸν
957 2815 1368 2886 θαυματουργδν
1415 2813 1640 2884 ἡσυχίαν
1690 2811 1778 2866 διὰ

208 2912 546 2982 προστασίαν
577 2909 852 2964 Οεόσδοτον
878 2909 1314 2980 προτιμήσαντα.

669 3093 927 3161 Σχόλιον
959 3089 1236 3159 Μαξίμου
1262 3093 1326 3144 ε’.

277 3181 381 3240 ’Ὧν
440 3185 665 3256 μετέσχε
714 3200 798 3247 τις
844 3185 994 3254 παρὰ
1027 3179 1160 3234 Θεοῦ
1195 3180 1436 3250 ἀγαθῶν,
1477 3181 1569 3236 καὶ
1601 3179 1779 3245 ἄλλοις

205 3277 535 3348 μεταδοῦναι
564 3275 843 3347 χρεώστης
866 3274 1004 3328 ἐστί·
1033 3277 1264 3343 Λωρεαν
1299 3275 1431 3346 γάρ,
1461 3277 1614 3345 φησι,
1639 3275 1780 3328 ἐλά·

205 3370 363 3431 ϐετε,
409 3367 637 3436 δωρεὰν
663 3367 818 3421 δότε.
862 3367 923 3420 '0
963 3367 1072 3436 γὰρ
1114 3368 1217 3421 ὑπὸ
1246 3368 1350 3436 γῆν
1388 3365 1646 3439 κρύπτων
1686 3366 1782 3437 τὴν

206 3461 440 3532 δωρεὰν,
465 3461 540 3523 ὡς
567 3459 800 3532 σκληρὸν
827 3459 1100 3513 διαόάλλει
1128 3460 1218 3512 τὸν
1248 3458 1453 3531 κύριον·
1487 3458 1658 3528 φειδοῖ
1684 3457 1784 3527 τῆς

1793 966 1840 1022 Α

2419 977 2512 1033 AD
2548 977 2702 1036 CAP.
2733 977 2869 1034 XIII.

2476 1071 2733 1126 Scholion
2758 1072 2809 1124 l.

1937 1159 2179 1216 Observa
2212 1162 2482 1218 imberbes
2514 1165 2730 1232 propria
2762 1163 2960 1218 debere
2987 1173 3042 1218 et
3073 1165 3353 1219 emnacula
3384 1179 3435 1221 ιιι

1867 1253 2140 1308 domicilia
2205 1254 2426 1319 habere,
2489 1255 2944 1323 quemadmodum
2997 1255 3156 1311 docet
3210 1273 3437 1328 magnus

2563 1435 2746 1491 Aliud.

1942 1523 2018 1578 De
2046 1538 2338 1593 puerorum
2379 1524 2704 1582 educatione
2726 1535 2782 1581 et
2805 1525 3150 1596 susceptione
3178 1526 3436 1597 loquitur.

1873 1623 1969 1668 aut
1999 1623 2052 1669 et
2080 1614 2147 1669 de
2179 1614 2246 1670 iis
2283 1616 2376 1685 qui
2406 1615 2524 1670 lazvi
2563 1629 2660 1670 ore
2695 1626 2750 1672 et
2794 1617 3067 1673 imberbes
3097 1627 3250 1685 sunt,
3293 1621 3439 1688 quod

1872 1705 1995 1762 loco
2017 1704 2127 1762 sint
2147 1707 2457 1777 separandi.

2488 1796 2735 1854 Scholion
2762 1798 2815 1852 2.

1943 1889 2018 1947 De
2057 1891 2243 1961 pravis
2278 1891 2527 1961 corporis
2565 1891 2955 1961 cupiditatibus
2999 1892 3128 1963 agit.
3172 1892 3443 1959 Quemad-

1872 1983 2095 2038 modum
2143 1983 2292 2039 enim
2333 1983 2427 2053 qui
2473 1982 2542 2038 ad
2591 1983 2848 2038 virtutem
2895 1983 3029 2038 alios
3085 1985 3442 2050 adhortatur.

1872 2072 2124 2140 quamvis
2157 2072 2210 2127 id
2239 2073 2385 2143 quod
2421 2073 2537 2128 vult
2560 2071 2668 2128 non
2702 2081 3046 2142 assequatur,
3070 2085 3253 2128 tamen
3285 2090 3441 2131 coro-

1875 2178 2001 2217 nam
2036 2164 2290 2234 accipiet,
2341 2163 2472 2220 fecit
2506 2164 2653 2221 enim
2702 2164 2846 2234 quod
2883 2165 3056 2234 potuit
3092 2184 3104 2219 :
3154 2165 3224 2220 ita
3253 2168 3342 2238 qni
3376 2168 3444 2222 ad

1875 2253 2140 2324 ﬂagitium
2175 2256 2387 2322 incitat,
2419 2255 2695 2326 punietur,
2719 2257 2969 2327 quamvis
3002 2257 3275 2314 incitando
3312 2262 3445 2316 nihil

1874 2346 2144 2417 proﬁciat,
2173 2347 2302 2404 fecit
2333 2348 2477 2405 enim
2505 2357 2562 2404 et
2602 2348 2718 2418 ipse
2746 2349 2892 2418 quod
2918 2349 3108 2404 voluit.

2499 2439 2747 2496 Scholion
2773 2441 2828 2496 3.

1948 2530 2343 2603 Lacrymarum
2373 2540 2430 2589 et
2464 2532 2788 2604 gemituum,
2817 2533 3125 2591 subindicat
3153 2543 3335 2592 autem
3361 2552 3449 2592 eo-

1877 2623 2022 2692 piam
2053 2633 2107 2678 et
2135 2623 2357 2680 delicias
2391 2633 2446 2680 et
2475 2623 2680 2680 fontem
2706 2639 2922 2696 semper
2954 2627 3264 2684 salientem.

2507 2715 2753 2770 Scholion
2773 2717 2828 2771 4.

1949 2804 2268 2874 Gregorium
2313 2807 2760 2880 tliaumaturgum
2812 2823 2911 2865 seu
2946 2809 3336 2868 miraculorum
3367 2813 3444 2870 ef-

1880 2897 2139 2954 lectorem
2190 2899 2458 2970 intelligit,
2490 2901 2583 2968 qui
2620 2913 2840 2972 propter
2867 2917 3052 2960 cui-am
3086 2905 3448 2980 episcopalem

1879 3006 1910 3044 ιι
1943 2989 2050 3046 Deo
2071 2991 2252 3046 datam
2284 2993 2634 3050 solitudinem
2677 2998 2937 3067 martyrio
2971 2999 3226 3066 praetulit.

2375 3084 2626 3140 Scholion
2657 3085 2885 3142 Maximi
2911 3089 2960 3144 5.

1953 3172 2056 3240 Qui
2109 3190 2138 3230 a
2180 3175 2288 3231 Deo
2330 3178 2600 3232 bonorum
2651 3179 2922 3250 particeps
2965 3191 3050 3237 est
3098 3181 3295 3250 factus,
3330 3186 3453 3253 juie

1882 3265 2039 3321 debet
2066 3268 2254 3322 eadem
2295 3268 2416 3324 aliis
2465 3271 2772 3340 impertiri:
2817 3271 3023 3340 Gratis,
3069 3273 3266 3344 inquit,
3302 3293 3453 3332 acce-

1881 3359 2051 3425 pistis,
2086 3361 2254 3430 gratis
2283 3361 2407 3416 date
2445 3364 2486 3415 ι.
2508 3360 2611 3429 Qui
2637 3365 2781 3420 enim
2811 3367 3070 3424 talentum
3107 3384 3266 3426 suum
3303 3372 3454 3428 humi

1881 3447 2112 3515 defodit,
2137 3452 2418 3508 dominum
2445 3469 2606 3510 suum
2638 3466 2698 3511 ut
2721 3456 2920 3515 durum
2949 3467 3004 3515 et
3034 3470 3312 3518 austerum
3344 3466 3454 3519 (ϊί-

206 3553 416 3624 σαρκὸς
460 3554 559 3624 τὴν
610 3553 810 3623 ἀρετὴν
857 3553 1242 3622 έξομνὺμενοςο
1292 3552 1322 3605 ὁ
1361 3551 1418 3605 δὲ
1456 3550 1783 3620 πιπράσκων

1884 3541 2146 3597 minatur.
2190 3543 2295 3610 Qui
2346 3545 2602 3602 virtutem
2637 3548 2902 3618 ejuravit,
2963 3553 3116 3607 carni
3161 3554 3455 3611 blanditur.

204 3643 430 3716 ἐχθροῖς
459 3644 560 3714 τὴν
595 3643 874 3714 ἀλήθειαν,
910 3641 1136 3713 ὕστερον
1177 3641 1338 3706 ἁλοὺς
1367 3642 1445 3706 ὡς
1487 3640 1780 3711 φιλόδοξος,
1811 3639 1853 3699 C

1811 3639 1853 3699 ο
1885 3631 1988 3699 Qui
2019 3635 2267 3694 hostibus
2287 3639 2570 3695 veritatem
2599 3640 2802 3706 vendit,
2839 3653 3026 3714 postea
3067 3655 3124 3701 ut
3152 3663 3304 3703 vana:
3338 3649 3456 3703 lau-

210 3737 294 3808 μὴ
327 3735 509 3808 φέρων
535 3734 634 3807 τὴν
661 3735 923 3806 αἰσχύνην
950 3732 1274 3804 ἀπάγχεται.

1885 3724 1970 3780 dis
1997 3742 2125 3782 reus
2159 3738 2354 3800 captus
2375 3740 2479 3796 est,
2523 3740 2577 3786 et
2610 3731 2740 3788 dum
2778 3733 3132 3806 ignominiam
3185 3738 3457 3796 sustinete

1888 3833 1996 3872 non
2022 3829 2214 3889 potest,
2243 3823 2526 3892 suspendit
2548 3838 2627 3878 sc.

800 4067 1051 4122 ΚΕΦΛΛ.
1093 4068 1191 4122 lA'.
2421 4069 2467 4142 4

2421 4069 2583 4142 492
2608 4071 2762 4127 CAP.
2790 4071 2927 4128 xw.

1289 4182 1498 4248 Quanta
1532 4199 1661 4238 cura
1685 4183 1891 4253 fovendi
1922 4184 2141 4252 subjecti
2165 4195 2214 4238 et
2255 4185 2382 4240 alia.

286 4280 496 4336 Οὐκοῦν
554 4278 630 4350 μὴ
685 4277 954 4350 μακάριζε
996 4278 1120 4342 τοὺς
1177 4279 1461 4349 χρήματα,
1525 4278 1786 4351 μακάριε,

206 4372 358 4428 ἀλλά
400 4373 524 4434 τοὺς
571 4368 820 4440 πρόϐατα
864 4367 1057 4436 λογικά
1096 4367 1315 4440 Χριστῷ
1359 4369 1786 4440 προσφέροντας.

213 4467 284 4517 Ἀ
297 4479 490 4534 μωμον
533 4461 594 4515 τὸ
621 4459 980 4531 ὁλοκαύτωμα
1017 4459 1181 4524 ποίει,
1213 4459 1334 4513 ἐπεὶ
1365 4459 1518 4512 οὐδὲν
1564 4459 1790 4514 σεαυτὸν

205 4555 459 4625 ὤνησας.
493 4554 704 4623 Ὥσπερ
764 4555 904 4605 νοεῖν
953 4552 1056 4622 χρὴ
1103 4553 1182 4605 ὅτι
1235 4551 1335 4621 μὲν
1375 4550 1790 4620 Παραδοθῆναι

208 4647 345 4700 ἔδει
372 4645 479 4700 τὸν
505 4645 640 4698 Υὶὸν
667 4642 774 4696 τοῦ
798 4643 1130 4710 ἀνθρώπου,
1158 4643 1296 4697 οὐαί
1317 4642 1385 4695 δὲ
1405 4642 1479 4696 δι’
1507 4639 1580 4699 οὗ
1595 4656 1785 4711 παρα-

208 4737 474 4790 δέδοται·
497 4735 642 4789 οὕτω
677 4751 766 4805 μοι
795 4734 904 4788 νόει
931 4733 1024 4787 καὶ
1055 4734 1116 4786 τὸ
1145 4732 1402 4802 ἐμπάλιν,
1436 4733 1519 4786 ὅτι
1555 4734 1654 4802 μὲν
1678 4750 1783 4787 σω-

209 4827 384 4896 θῆναι
415 4825 640 4890 πολλοὺς
658 4825 782 4889 τοὺς
814 4824 1276 4896 προαιρουμένους
1299 4823 1427 4888 εδει,
1452 4824 1481 4876 ὁ
1507 4823 1563 4877 δὲ
1597 4823 1789 4896 μισθὸς

1957 4277 2034 4333 Ne
2087 4286 2142 4334 tu
2181 4279 2336 4348 mihi,
2391 4281 2568 4346 beate,
2615 4283 2888 4343 beatiores
2936 4289 3316 4358 praedicaveris
3365 4300 3457 4366 qui

1888 4368 1996 4424 Deo
2024 4385 2219 4425 aurum
2251 4372 2453 4439 potius,
2481 4389 2647 4445 quam
2688 4377 2902 4433 ratione
2935 4379 3261 4440 informatas
3305 4385 3463 4443 litant

1891 4464 2124 4518 animas.
2167 4462 2554 4521 llolocaustum
2602 4467 2873 4538 integrum
2916 4480 2972 4526 et
3011 4472 3275 4529 illibatum
3316 4477 3458 4544 diea,

1888 4554 2330 4624 quandoquidem
2362 4557 2500 4612 nihil
2526 4558 2620 4612 tibi
2647 4560 2950 4627 prodesses.
2988 4561 3459 4628 Quemadmodum

1887 4654 1942 4700 et
1966 4646 2098 4700 illud
2127 4649 2584 4704 eonsideramlum
2606 4659 2690 4706 est
2721 4667 2733 4703 :
2763 4651 3048 4722 Oportebat
3087 4658 3230 4712 tradi
3257 4657 3460 4716 Filium

1889 4732 2152 4798 hominis;
2177 4750 2254 4789 ua:
2286 4744 2464 4790 autem
2487 4736 2570 4790 illi
2607 4753 2700 4807 per
2727 4753 2878 4808 quem
2924 4742 3154 4797 traditus
3208 4757 3286 4800 est
3332 4763 3351 4801 :
3389 4751 3461 4804 ita

1889 4823 2130 4880 vicissim
2162 4825 2360 4895 cogita,
2387 4826 2583 4883 multos
2612 4830 2832 4900 quidem
2858 4833 2924 4887 ad
2947 4834 3174 4892 salutem
3204 4847 3461 4896 aeternam

209 4918 452 4980 ἐκείνοις
493 4917 797 4987 δοθήσεται,
851 4916 917 4968 ar
949 4909 1024 4970 ὧν
1072 4917 1106 4986 ἡ
1148 4914 1389 4986 σωτηρία
1428 4915 1619 4984 γέγονε
1652 4914 1792 4988 μετά

1892 4913 2220 4982 destinatos,
2255 4918 2352 4974 sed
2377 4920 2662 4988 praemium
2685 4938 2853 4993 penes
2887 4925 3011 4981 illos
3037 4925 3154 4983 lore
3183 4930 3276 5000 qui
3307 4933 3463 4988 alteri

209 5009 447 5080 Κύριον.
474 5010 764 5079 Δυνάμεως
792 5010 922 5077 ἡμῖν
956 5007 1062 5077 πρὸ
1094 5009 1334 5072 πάντων,
1360 5000 1406 5060 ὦ
1432 5008 1600 5079 τίμιε,
1630 5007 1790 5078 χρεία
1823 5070 1859 5080 _

1823 5070 1859 5080 _
1895 5015 2020 5074 post
2068 5005 2346 5065 Christum
2382 5009 2576 5068 salutis
2620 5023 2873 5071 auctores
2908 5015 3075 5072 luere.
3112 5017 3324 5078 Virtute
3353 5038 3465 5079 cce-

206 5070 755 5171 πνέυματικῆςξῖνα,
773 5070 866 5162 ob;
881 5101 959 5162 είς
980 5070 1050 5152 τὰ
1085 5099 1249 5166 Ἅγια
1277 5070 1383 5153 τῶν
1411 5070 1578 5167 ἁγίων
1607 5070 1793 5169 εῖσφέ-
1823 5070 1867 5125 D

1823 5070 1867 5125 θ
1898 5070 2037 5163 lesti,
2069 5101 2376 5156 venerande
2417 5109 2592 5171 pater,
2628 5112 2754 5160 ante
2783 5107 2967 5164 omnia
3004 5110 3161 5167 nobis
3193 5126 3332 5184 opus
3358 5125 3462 5182 est,

211 5211 342 5266 ρειν
366 5193 799 5264 ἐπεχειρήσαμεν
832 5190 903 5254 ⁸⁸,
934 5191 1025 5244 καὶ
1065 5190 1154 5243 τὸν
1193 5190 1426 5262 Χριστὸν
1467 5191 1654 5256 αὐτοῖς
1697 5191 1792 5244 ἐπὶ

1898 5188 1974 5242 uti
2006 5203 2143 5258 quos
2174 5191 2226 5246 in
2255 5190 2451 5247 Sancta
2474 5204 2786 5251 sanctorum
2813 5198 3153 5257 introducere
3173 5207 3462 5276 cmpimus,

203 5286 322 5355 τῆς
347 5285 611 5355 μυστικῆς
639 5283 816 5338 αὐτῶν
839 5282 931 5334 καὶ
953 5282 1197 5353 κρυπτῆς
1223 5283 1498 5353 τραπέζης
1519 5283 1792 5336 ἀναπαυό-

1896 5285 1949 5332 et
1974 5279 2249 5336 Christum
2281 5283 2386 5337 illis
2421 5284 2473 5336 in
2504 5287 2729 5356 mystica
2760 5289 3068 5358 appositum
3116 5308 3272 5350 omna
3309 5301 3465 5366 quie-

208 5391 390 5445 μενον
430 5372 690 5425 δεικνύειν
725 5372 1126 5440 ἐδοκιμάσαμεν
1157 5371 1222 5434 ⁷⁵⁸,
1255 5372 1358 5434 ἓως
1390 5363 1450 5424 οὗ
1488 5372 1545 5424 ἐν
1584 5371 1787 5442 προθύ-

207 5481 341 5534 ροις
362 5463 460 5532 τῆς
493 5463 698 5516 εἰσόδου
728 5462 962 5531 μάλιστα
999 5461 1358 5531 τυγχάνωσιν,
1402 5462 1539 5515 ἐπὰν
1589 5463 1786 5534 ἴδωμεν

300 5645 319 5675 ι
369 5639 559 5695 Matth.
608 5658 662 5706 ι,
709 5641 765 5694 8.
849 5649 876 5675 ιι
908 5635 1095 5692 Matth.
1141 5652 1288 5701 xxw,
1348 5640 1436 5694 24.

287 5804 344 5836 δι’
385 5799 804 5871 ἐὼκιμὰσαμεν.
879 5799 923 5832 ‘9
951 5802 1403 5870 ἐπεχειρήσαμεν.

1896 5379 2244 5443 sceutemque
2263 5376 2314 5428 in
2340 5390 2537 5431 arcana
2559 5378 2647 5432 illa
2667 5380 3018 5437 accubatione
3035 5386 3322 5440 ostendere
3350 5400 3466 5444 stu-

1894 5463 2135 5532 duimus,
2175 5483 2336 5523 manu
2373 5469 2519 5524 velut
2561 5469 2795 5527 infantes
2843 5487 3071 5542 prensos
3115 5491 3145 5532 a
3180 5481 3465 5549 cogitatio-
