4222 6448
243 414 367 477 ιεοι

1472 418 1701 478 LIBER
1745 420 1839 479 AD
1862 418 2277 482 PASTOREM.

3331 412 3465 477 120?.

236 519 478 585 δυνατὸν,
505 522 597 575 καὶ
626 524 750 588 τοὺς
772 525 1046 586 ποικίλους
1070 522 1149 583 είς
1170 521 1444 592 ἁπλότητα
1477 522 1797 591 μετάὗαλλε,
1829 531 1874 587 Α

1791 565 1797 589 ,
1829 531 1874 587 Α
1904 524 1967 579 Et
1988 527 2130 593 quod
2165 526 2348 579 mirari
2377 526 2572 595 possis,
2604 526 2866 595 imperata
2890 524 2957 577 ab
2979 523 3230 577 omnibus
3258 524 3458 591 abSQUe

234 611 371 679 ὅπερ
403 613 720 680 παρὰὼξον.
759 615 817 668 '0
856 616 937 678 είς
965 613 1133 685 ἀκρον
1168 612 1572 681 κεκαθαρμένος
1606 615 1668 664 ὲκ
1695 613 1793 681 τῆς

235 700 409 769 ἄκρας
436 701 721 769 ἀπαθείας,
746 704 822 768 ὡς
843 705 874 758 ὀ
899 704 1042 766 θεῖος
1066 701 1259 773 κριτὴς
1280 702 1374 754 καὶ
1392 705 1458 773 τῇ
1480 702 1733 773 ἀκριϐείᾳ
1748 704 1793 734 ⁵⁸

234 790 536 859 χρήσεται’
589 792 824 863 ἔλλειψις
849 795 958 865 γὰρ
1001 792 1269 857 ἀπαθείας
1308 793 1497 846 τύπτει
1544 794 1794 848 δικαστοῦ

238 880 487 948 καρδίαν,
519 882 613 934 καὶ
660 884 723 937 οὐ
754 885 1044 954 συγχωρεῖ,
1095 883 1171 944 ώς
1207 882 1346 945 δέον,
1386 883 1653 948 κολάζειν,
1703 884 1796 937 καὶ

233 965 595 1035 ἀποσμήχειν.
637 969 879 1033 Πίστεως
909 969 1150 1032 ἀπαθοῦς
1190 970 1284 1023 καὶ⁵
1313 970 1599 1040 δογμάτων
1638 972 1794 1024 εὐσε-

234 1054 346 1106 ϐῶν
370 1056 474 1125 πρὸ
498 1058 715 1112 πάντων
738 1060 1098 1131 κληρονομίαν
1122 1063 1235 1124 τοῖς
1258 1062 1391 1125 υἱοῐς
1418 1063 1795 1134 καταλίμπανε

235 1143 325 1196 [να
354 1144 429 1215 μὴ
462 1148 619 1214 μόνον
643 1149 769 1213 τοὺς
816 1152 985 1213 υἱοὺς,
1034 1151 1171 1204 ἀλλά
1218 1154 1311 1205 καὶ
1357 1152 1427 1205 τὰ
1466 1153 1663 1221 ἔγγονα
1700 1170 1794 1207 σου

234 1233 426 1303 Κυρίῳ
444 1234 510 1287 δι’
529 1237 649 1291 ὀδοῦ
676 1237 1005 1309 ὁρθοδοξίας,
1039 1243 1415 1313 προσαγάγῃς.
1445 1244 1795 1311 Σφριγῶντας

233 1322 332 1375 καὶ
371 1325 523 1389 νέους
553 1331 981 1400 καταμαραίνειν
1009 1332 1102 1386 καὶ
1144 1332 1402 1402 δαμάζειν
1429 1334 1504 1404 μὴ
1543 1334 1795 1405 ἐλεήσῃς,

236 1410 325 1465 ἵνα
350 1413 414 1466 ὲν
434 1417 613 1488 καιρῷ
642 1417 821 1483 ἐξόδου
849 1421 1233 1492 ἀνυμνησωσίν
1260 1440 1319 1475 σε
1339 1439 1354 1454 ·
1394 1423 1559 1488 τύπος
1590 1441 1670 1477 σοι
1700 1426 1795 1477 καὶ

232 1503 296 1554 ἐν
323 1504 496 1575 τούτῳ
541 1509 741 1577 Μωσῆς
767 1510 797 1563 ὁ
838 1508 1010 1579 μέγας
1042 1511 1203 1573 ἔστω,
1251 1514 1491 1581 πάνσοφε
1516 1530 1531 1544 ⁹
1588 1514 1649 1565 οὗ
1686 1514 1796 1581 γὰρ

231 1591 513 1663 δεδύνηται
537 1597 660 1658 τοὺς
682 1597 975 1667 ὑπηκόους,
1002 1599 1200 1670 καίπερ
1227 1603 1452 1672 εὐηνίως
1479 1604 1794 1673 ἑπομένους,

232 1682 329 1735 τοῦ
354 1686 554 1753 Φαραῶ
598 1688 977 1759 ἐλευθερῶσαι,
1020 1690 1178 1761 ἄχρις
1217 1686 1278 1744 οὗ
1324 1694 1386 1745 τὸ
1412 1693 1618 1763 ἄζυμον
1660 1695 1797 1764 μετά

232 1773 497 1843 πικρίδων
526 1776 747 1845 ἔφαγον.
776 1779 1016 1849 Ἀζυμον
1061 1780 1118 1833 δέ
1158 1784 1273 1835 ἔστι
1302 1782 1446 1854 ψυχὴ
1498 1785 1572 1854 μὴ
1603 1785 1798 1855 ἔχουσα

1900 619 2008 670 ulla
2043 618 2388 672 oblocutione
2426 628 2683 686 tanquam
2725 626 2778 669 et
2815 616 2954 670 coelo
2999 616 3123 668 data
3172 615 3459 669 exhaurie-

1901 707 2116 762 bantur.
2141 707 2268 761 Erat
2295 708 2436 762 idem
2460 709 2726 762 laudando
2756 709 2892 768 viro.
2922 716 2977 761 et
3009 707 3159 759 laura
3194 706 3457 772 subjecta,

1902 800 1954 853 in
1985 816 2090 871 qua
2131 816 2197 856 ex
2230 803 2557 857 monasterio
2593 803 2790 872 przesul
2824 802 2911 855 ille
2938 801 3191 853 omnibus
3224 798 3461 852 numeris

1900 892 2184 948 absolutus
2210 893 2277 947 ad
2308 894 2617 948 solitudinis
2655 894 2886 961 quietem
2918 890 3261 960 perfectiores
3290 888 3461 940 deduv

1900 985 2075 1041 cebat'.
2119 984 2261 1039 Cave
2305 1002 2371 1039 ne
2416 987 2776 1054 simpliciores
2815 985 3026 1038 animos
3066 981 3130 1035 ad
3168 980 3458 1032 versutiam

1900 1084 1955 1129 et
1984 1077 2332 1130 calliditatem
2366 1077 2664 1132 transferas
2686 1118 2700 1137 .
2729 1078 2859 1146 quin
2897 1076 3111 1143 potius,
3146 1073 3189 1126 si
3224 1071 3327 1125 ulla
3375 1086 3462 1122 ra-

1900 1165 2047 1221 tione
2081 1164 2192 1218 fieri
2223 1166 2453 1234 poterit,
2477 1168 2710 1235 pellaces
2731 1207 2746 1230 ,
2771 1175 2830 1227 ,et
2858 1164 3081 1218 callidos
3107 1200 3122 1221 ,
3161 1176 3253 1214 seu
3285 1159 3462 1211 vafros

1900 1257 1965 1311 ad
2019 1258 2418 1326 simplicitatem
2467 1259 2758 1327 quamdam
2816 1258 3121 1324 religiosam
3169 1252 3460 1309 traducas.

1901 1349 2151 1416 quamvis
2184 1348 2284 1403 hoc
2318 1350 2428 1403 illis
2462 1350 2757 1403 absurdum
2786 1348 3052 1401 videatur.
3085 1343 3187 1409 Qui
3220 1359 3283 1395 ex
3310 1342 3461 1407 cupi-

1901 1439 2129 1492 ditatum
2153 1440 2395 1492 omnium
2432 1441 2665 1509 perfecta
2700 1440 2919 1493 victoria
2949 1438 3013 1491 ad
3046 1450 3310 1491 summam
3349 1432 3463 1488 ani-

1903 1528 2010 1591 mi,
2043 1530 2398 1599 corporisque
2443 1531 2729 1597 puritatem
2760 1529 3039 1598 pervenit,
3082 1528 3129 1579 is
3156 1525 3318 1579 veluti
3351 1538 3462 1579 caa-

1904 1619 2053 1673 lestis
2083 1619 2302 1689 quidam
2338 1622 2542 1675 arbiter
2571 1630 2821 1675 accurata
2861 1620 3065 1671 ratione
3103 1625 3157 1669 et
3188 1615 3462 1683 diligentia

1904 1712 1986 1779 (in
2021 1713 2305 1781 puniendis
2337 1714 2701 1782 subjectorum
2737 1712 2925 1775 noxis)
2960 1719 3155 1761 utetur.
3186 1704 3462 1760 Obnoxi'us

1904 1818 2030 1855 vero
2050 1803 2237 1869 animi,
2261 1818 2631 1872 sensuumque
2654 1800 3149 1872 perturlmtionilms
3183 1795 3464 1849 conscien-

231 1864 570 1963 Ry‘oolqppa
598 1868 691 1919 τοῦ
715 1870 911 1939 ἑαυτῆς
929 1870 1245 1942 θελήματος.
1270 1872 1438 1926 Τοῦτο
1464 1876 1571 1943 γὰρ
1599 1877 1798 1943 τυφοῦν
1829 1873 1868 1926 li

1793 1895 1798 1920 '
1829 1873 1868 1926 Β
1899 1895 1969 1947 tia
2003 1894 2323 1957 retunditur,
2352 1896 2645 1963 quominus
2675 1895 2727 1946 in
2756 1892 2983 1945 aliorum
3016 1903 3186 1942 noxas
3213 1886 3460 1937 animad-

231 1950 324 1999 καὶ
354 1950 601 2021 ἐπαίρειν
630 1954 798 2024 αὐτὴν
820 1954 1039 2009 δύναται
1061 1973 1078 1989 ο
1116 1957 1177 2010 τδ
1202 1958 1259 2010 δὲ
1289 1958 1494 2027 ἄζυμον
1520 1960 1606 2013 ἀεὶ
1634 1978 1794 2013 τετα-

232 2037 517 2093 πείνωται.
566 2042 826 2113 Πικρίδας
858 2045 917 2098 δὲ
957 2048 1261 2117 νοήσωμεν,
1303 2049 1432 2101 ποτὲ
1480 2051 1578 2118 μὲν
1605 2050 1704 2119 τὴν
1728 2053 1793 2104 ἐκ

230 2126 333 2195 τῆς
360 2130 627 2200 ἐπιταγῆς
659 2136 1047 2206 παρεπομένην
1074 2138 1281 2209 τούτοις
1306 2139 1629 2209 δριμύτητα,
1663 2143 1793 2196 ποτε

226 2216 285 2269 δὲ
306 2219 405 2288 τὴν
424 2220 510 2273 διὰ
536 2225 634 2293 τῆς
656 2226 983 2295 πικρότητος
1006 2228 1106 2297 τῆς
1131 2230 1381 2299 νηστείας
1413 2231 1789 2302 στενοχωρίαν.

242 2306 385 2375 Ἐγὼ
413 2308 492 2373 δὲ,
518 2305 565 2364 ὧ
592 2314 850 2384 Πατὲρων
877 2318 1071 2388 πάτερ,
1096 2320 1269 2374 ταῦτα
1296 2320 1431 2390 πρὸς
1458 2323 1516 2374 σε
1543 2324 1793 2376 ἐπιστέλ-

227 2408 356 2475 λων,
387 2412 597 2468 δέδοικα
624 2417 836 2472 ἀκούων
852 2419 897 2450 "
922 2421 1017 2474 τοῦ
1039 2423 1336 2489 φάσκοντος
1356 2441 1372 2458 ο
1412 2426 1476 2478 '0
1494 2425 1794 2479 διδάσκων

225 2501 452 2572 ἕτερον,
494 2510 757 2564 σεαυτὸν
796 2513 870 2566 οὐ
910 2512 1216 2580 διδάσκεις
1237 2516 1326 2581 ⁶⁶;
1381 2517 1495 2569 Νῦν
1536 2516 1592 2569 δὲ
1635 2518 1791 2572 τοῦτο

228 2606 391 2673 μόνον
414 2590 601 2677 εἰπὼν,
642 2614 976 2669 καταπαύσω
1004 2617 1095 2669 τοῦ
1131 2616 1288 2686 λόγου
1311 2620 1401 2672 τὸν
1425 2621 1640 2691 δρόμον.

1894 1994 2093 2049 vertat,
2124 2000 2323 2054 easque
2350 2001 2445 2054 pro
2487 2002 2586 2039 suo
2623 1984 2885 2038 arbitratu
2918 1982 3117 2049 cvpiet.
3152 1975 3461 2048 $951)":

1892 2078 2104 2131 cunctis
2153 2078 2396 2146 relinque
2444 2077 2679 2131 alumnis
2721 2075 2827 2129 tuis
2867 2074 3091 2127 siueet:e
3136 2071 3371 2140 pictatis,
3410 2078 3462 2120 et

1895 2169 2158 2224 doctrina:
2206 2169 2532 2239 incorrupta:
2579 2166 2959 2237 patrimonium
2988 2206 3002 2227 ,
3046 2164 3120 2217 uti
3171 2177 3275 2215 non
3327 2161 3463 2212 lilios

1894 2270 2138 2325 tantum,
2187 2263 2279 2317 sed
2325 2271 2379 2316 et
2426 2270 2650 2329 nepotes
2693 2276 2785 2329 per
2829 2258 3144 2311 orthodoxa:
3185 2252 3463 2318 religionis

1893 2353 2121 2423 vestigia
2158 2354 2225 2407 ad
2260 2352 2546 2406 Dominum
2592 2352 2876 2422 perducas.
2909 2349 3142 2403 Juve’nes
3176 2345 3462 2398 lascivien-

1891 2452 1972 2498 tes
1997 2460 2241 2513 premere
2270 2453 2325 2499 et
2348 2444 2615 2498 cmaciare
2640 2460 2747 2496 non
2776 2457 3014 2504 vereare,
3044 2440 3116 2492 uti
3147 2437 3247 2490 sub
3272 2450 3462 2488 exces-

1889 2550 2010 2588 sum
2048 2536 2168 2590 vittn
2199 2536 2294 2589 tibi
2329 2550 2454 2589 cum
2485 2534 2783 2602 gratiarqu
2819 2534 3034 2586 actione
3067 2532 3200 2584 bene
3238 2540 3465 2596 precen—

1882 2635 1987 2679 tur.
2014 2625 2078 2679 Et
2115 2628 2167 2681 in
2201 2628 2303 2681 hoc
2332 2640 2546 2695 quoque
2579 2625 2806 2678 formam
2840 2626 2965 2688 tibi,
3028 2618 3423 2688 sapientissime
3448 2639 3461 2663 ι

228 2711 459 2765 magnus
506 2702 595 2756 ille
635 2704 808 2759 Moses
847 2708 1095 2775 exemplo
1128 2724 1228 2761 suo
1268 2712 1632 2779 praescripsit,
1666 2727 1786 2765 cum
1828 2716 2128 2784 subjectum
2197 2718 2299 2771 sibi
2372 2718 2664 2786 populum,
2694 2716 2942 2783 quamvis
2973 2722 3161 2782 sponte
3192 2721 3467 2779 ιηύιυνῖε·

229 2800 338 2854 «ιυε
370 2790 811 2859 δυιιεθίιυοηωιν,
850 2811 955 2850 ηοη
994 2799 1171 2866 ροιυίι
1199 2815 1263 2853 ex
1330 2799 1628 2858 Pharaonis
1694 2808 1976 2874 tyrannide
2020 2810 2244 2877 eripere
2270 2851 2285 2874 ,
2328 2808 2430 2861 nisi
2464 2808 2691 2877 gustatis
2724 2809 2871 2876 prius
2904 2805 3107 2875 azymis
3135 2812 3187 2854 et
3240 2798 3464 2868 agreSti-

230 2876 332 2931 bus
367 2879 610 2934 lactucis.
657 2884 918 2953 Azymum
960 2897 1043 2941 est
1073 2904 1226 2944 mens
1254 2906 1374 2959 qum
1400 2893 1623 2948 arbitria
1652 2895 1945 2950 voluntatis
1978 2915 2090 2953 sua:
2153 2916 2255 2952 non
2327 2876 2587 2963 defendit,
2625 2908 2677 2951 et
2705 2898 2907 2967 judicia
2940 2908 3181 2963 repressa
3218 2892 3268 2943 in
3294 2890 3467 2943 olliCiO

228 2972 507 3035 continet,
541 2975 790 3031 voluntas
817 2980 960 3032 enim
994 2984 1207 3052 propria
1245 2984 1429 3040 inflare
1491 2995 1545 3040 et
1606 2990 1867 3043 extollere
1905 2994 2044 3045 solet
2091 2994 2330 3046 animum
2367 3011 2378 3044 :
2433 3007 2682 3062 azymqu
2734 2999 2909 3043 autem
2965 2988 3156 3041 sessile
3215 2991 3331 3046 est,
3372 2997 3469 3037 nec

231 3071 427 3130 turget,
456 3066 546 3119 sed
579 3067 822 3121 subsidet
851 3086 1083 3140 semper.
1114 3074 1361 3129 Laclttca!
1416 3087 1659 3146 agrestes
1713 3096 1856 3135 nunc
1896 3093 2162 3152 prmeepta
2195 3086 2455 3151 subjectis
2481 3081 2754 3151 asperiora
2786 3081 3076 3141 denotant,
3120 3091 3265 3128 num:
3297 3076 3466 3127 absti-

230 3155 431 3209 nentia:
456 3167 509 3211 et
536 3158 933 3228 jejunationum
964 3166 1297 3222 alllietiones.
1340 3169 1628 3226 Enimvero
1656 3173 1782 3226 dum
1826 3177 1937 3229 luec
1968 3178 2034 3230 ad
2076 3186 2145 3238 te,
2207 3179 2440 3231 maxime
2481 3177 2724 3238 Patrum.
2757 3176 3053 3242 perSt-rilm.
3082 3173 3171 3224 illo
3199 3170 3467 3223 mouentis

228 3243 379 3389 ((llicto
409 3250 713 3314 percellor:
758 3253 865 3318 Qui
895 3256 1044 3311 doces
1091 3258 1293 3325 alium,
1336 3264 1557 3333 teipsum
1628 3282 1730 3320 non
1766 3268 1917 3321 dure:
1961 3277 2010 3322 ι.
2059 3267 2213 3324 Nune
2252 3286 2380 3325 vero
2461 3269 2551 3323 ubi
2625 3268 2846 3322 verbum
2888 3266 3175 3328 addidero,
3249 3262 3464 3316 modum

274 3337 450 3389 iet'mli
486 3339 700 3389 faciam-

274 3337 450 3392 ιρι-ιιιΙὶ
486 3339 701 3400 faciam.

821 3546 1071 3601 ΚΕΦΛΛ.
1112 3549 1236 3603 ιε’..
1825 3577 1867 3633 C
2486 3581 2488 3600 ι

1204 3588 1236 3603 μ
1825 3577 1867 3633 ο
2486 3559 2715 3617 CAPUT
2755 3557 2871 3615 xv.

870 3657 1013 3714 Laus
1040 3663 1418 3721 crenobiarclue
1446 3666 1719 3738 Raythuni
1743 3676 1831 3742 qui
1861 3677 2125 3745 eleganter
2146 3691 2265 3728 cum
2298 3675 2443 3730 Μοεε
2480 3673 2829 3742 componitur.

303 3757 465 3850 τυχὴ
488 3760 576 3814 διὰ
599 3762 966 3835 καθαρότητος
991 3770 1252 3825 ἑνωθείσα
1280 3774 1399 3843 Θεῷ
1423 3774 1483 3826 λό
1498 3793 1581 3842 του
1608 3778 1796 3850 ἑτέρου

230 3849 372 3918 πρὸς
392 3849 613 3942 διδαχὴν
633 3854 694 3942 οὐ
716 3854 1035 3925 δεηθήσεται
1059 3862 1165 3929 (1)·
1199 3864 1290 3916 τὸν
1316 3866 1483 3920 ἀΐδιον
1512 3868 1668 3937 λόγον
1694 3849 1798 3942 μυ·

232 3939 539 4031 σταγωγὸν,
587 3941 682 3994 καὶ
727 3943 920 4012 ὁδηγὸν
948 3949 1044 4001 καὶ
1080 3954 1358 4021 φωτισμὸν
1390 3958 1448 4008 ὲν
1496 3958 1661 4031 ἑαυτῇ
1697 3939 1797 4030 ἔρι-

233 4044 410 4120 ρουσα
433 4030 466 4096 ἠ
502 4031 763 4100 μακαρία,
794 4034 912 4087 οἷαν
944 4053 1047 4089 που
1081 4039 1173 4091 καὶ
1215 4042 1312 4110 τὴν
1344 4043 1442 4113 σὴν
1472 4046 1794 4120 ἱερωτάτην,

233 4118 333 4170 καὶ
363 4120 596 4189 παμφαῆ
630 4126 872 4194 κορυφὴν
900 4125 1166 4197 ὑπάρχειν
1196 4130 1476 4201 μέμνημαι
1498 4152 1521 4171 κ
1561 4137 1622 4189 οὐ
1655 4118 1798 4207 λόγῳ

236 4207 424 4297 ἁπλῶς
465 4208 625 4280 ψιλῷ,
677 4212 790 4266 ἀλλ’
824 4215 1074 4288 ἐνεργείᾳ
1126 4220 1221 4273 καὶ⁸
1272 4223 1437 4293 πείρα
1483 4225 1579 4297 τὴν
1626 4228 1797 4296 αὐτῆς

234 4296 463 4367 γνώμην
511 4301 783 4369 πάναγνον
831 4305 1211 4375 ἐπιστάμενος,
1258 4296 1797 4384 πραότητιμάλιστα

235 4386 567 4459 θηρωλέθρῳ
604 4392 698 4443 καὶ
735 4394 1082 4465 ταπεινότητι
1128 4397 1624 4468 ἔξαστράπτουσαν,
1660 4408 1799 4459 κατὰ

232 4478 330 4530 τὸν
354 4472 529 4548 μέγαν
562 4483 768 4535 ἐκεῖνον
798 4486 1109 4555 νομοθέτην,
1141 4482 1186 4555 ᾧ
1215 4490 1309 4543 καὶ
1340 4491 1506 4555 ὅντως
1533 4496 1674 4549 κατά
1705 4498 1800 4547 πό-

231 4568 637 4638 δαςὲπόμενος,
681 4573 1164 4643 τληπαθέστατεἭ
1220 4581 1314 4632 καὶ
1361 4582 1669 4650 προϐαίνων
1720 4588 1799 4650 είς

234 4658 373 4727 ὕψος
400 4658 487 4712 ἀεὶ
518 4661 715 4731 μικροῦ
741 4663 853 4716 δεῖν
888 4666 1139 4721 κάκεῖνον
1177 4671 1620 4745 ὲπλεονὲκτησας,
1658 4680 1799 4731 κατὰ

233 4749 300 4840 to
324 4751 426 4819 τῆς
455 4751 696 4820 ἁγνείας,
724 4753 886 4840 λέγω,
926 4758 1217 4830 ἐγκώμιον,
1248 4764 1344 4818 καὶ
1371 4765 1432 4818 τὸ
1458 4767 1559 4836 τῆς
1589 4784 1800 4840 σωφρο-

238 4838 406 4910 σύνης
433 4841 683 4911 ἔπαθλον,
713 4844 782 4899 δι’
807 4838 883 4901 ὧν
909 4850 1004 4903 καὶ
1030 4851 1282 4921 μάλιστα,
1312 4855 1387 4919 ώς
1411 4857 1473 4909 οὐ
1503 4858 1571 4911 δι’
1598 4838 1798 4929 ἑτέρων

234 4930 359 5001 θεῷ
381 4931 696 5002 πλησιάζειν
720 4936 1014 5008 δυνάμεθα,
1042 4942 1120 5009 τῷ
1146 4945 1401 5012 πανάγνῳ
1430 4963 1487 4998 τε
1508 4949 1601 5001 καὶ
1621 4950 1799 5019 πάσης

1971 3762 2119 3818 Mens
2154 3762 2262 3816 Deo
2299 3778 2392 3832 per
2421 3762 2710 3831 puritatem
2739 3760 3033 3829 conjuncta
3068 3756 3270 3813 nullius
3308 3758 3465 3814 insti-

1898 3855 2160 3906 tutionem
2199 3854 2511 3917 desiderat,
2548 3869 2672 3907 cum
2717 3851 3019 3905 immortale
3060 3848 3294 3905 Verbum
3363 3847 3465 3902 Pa-

1899 3926 1997 3997 tris
2029 3944 2303 3997 cmlestem
2337 3944 2613 3998 doctorem
2645 3951 2699 3995 et
2732 3940 3052 4011 magistrum
3085 3956 3115 3993 ιι
3146 3955 3255 4007 quo
3282 3939 3467 4011 erudi-

1899 4038 1987 4083 tur
2038 4040 2089 4084 et
2148 4032 2496 4095 illustratur,
2535 4032 2591 4084 in
2639 4045 2699 4084 se
2744 4031 2899 4083 beata
2950 4028 3043 4082 illa
3086 4027 3465 4091 circumferat,

1895 4119 2108 4185 qualem
2150 4120 2317 4190 496
2342 4130 2573 4173 mentem
2598 4160 2613 4184 ,
2653 4127 2889 4173 mentem
2917 4158 2933 4182 ,
2958 4119 3201 4187 inquam,
3237 4118 3466 4184 purissi-

1897 4219 2041 4259 mam
2078 4206 2251 4260 inesse
2277 4215 2638 4263 sacrosancta:
2661 4218 2716 4262 et
2742 4207 2936 4262 illustri
2962 4207 3208 4277 dignitati
3229 4218 3334 4262 tuae
3358 4223 3466 4261 non

1895 4309 1960 4348 ex
1999 4297 2158 4350 nudis
2185 4306 2393 4352 tantum
2432 4299 2614 4353 verbis
2641 4337 2656 4362 ,
2690 4300 2783 4353 sed
2814 4299 2972 4354 factis
2995 4299 3102 4354 tuis
3133 4309 3186 4354 et
3216 4315 3316 4354 usu
3370 4316 3466 4353 ex-

1896 4384 2264 4455 perientiaque
2285 4388 2469 4454 didici,
2493 4403 2615 4458 qua:
2639 4403 2704 4443 ex
2736 4388 3466 4457 mansuetudine,.singulari

1897 4483 2267 4530 monstrorum
2306 4478 2636 4533 confectricc
2667 4516 2683 4542 ,
2733 4486 2787 4532 et
2820 4478 3085 4531 modestia
3121 4486 3209 4532 tua
3236 4479 3468 4532 maxime

1896 4564 2104 4630 elucet,
2135 4584 2259 4636 quze
2284 4570 2439 4637 quasi
2465 4584 2559 4639 per
2581 4569 2762 4624 radios
2793 4569 3082 4637 quosdam,
3120 4576 3179 4621 ut
3208 4582 3239 4621 e
3270 4582 3466 4634 magno

1859 4676 1864 4680 δ
1899 4657 1991 4711 illo
2017 4658 2195 4728 legum
2221 4660 2502 4714 conditore
2528 4658 2722 4730 (Mose)
2746 4660 2905 4729 cujus
2928 4670 2985 4714 tu
3016 4658 3238 4726 vestigia
3263 4657 3468 4725 ρειιίοιιη

1899 4746 2106 4802 tissime
2133 4750 2358 4818 premis,
2388 4748 2587 4805 emicat
2612 4766 2627 4804 :
2660 4765 2762 4805 nec
2794 4751 2863 4804 ab
2892 4750 3039 4803 illius
3062 4748 3220 4801 laude
3250 4754 3305 4801 et
3323 4761 3468 4814 pra:-

1899 4838 2008 4893 mio
2043 4853 2140 4908 per
2183 4839 2508 4897 innocentia:
2548 4840 3027 4912 temperantiaeque
3063 4838 3466 4894 contentionem

1900 4934 2090 5001 procul
2127 4936 2289 4999 abes,
2332 4937 2441 4989 imo
2469 4934 2858 5003 propemodum
2895 4944 3161 5001 superas;
3205 4946 3303 5000 per
3329 4949 3468 5002 quas

235 5023 503 5086 ἀπαθείας
529 5025 715 5095 δοτῆρι
742 5028 838 5080 καὶ
857 5030 1060 5099 ἀρωτῷ
1086 5034 1182 5085 καὶ
1212 5033 1533 5101 μεθιστῶντι
1560 5033 1649 5090 διά
1670 5012 1797 5109 ταύ-
1831 5012 1873 5065 υ

1831 5012 1873 5065 ι)
1902 5026 2127 5078 virtutes
2152 5026 2493 5093 potissimum
2517 5025 2799 5080 adeundus
2822 5024 2981 5080 nobis
3003 5032 3086 5079 est
3108 5024 3250 5080 Deus
3268 5063 3284 5089 ,
3327 5025 3466 5080 Deus

233 5127 339 5181 της
378 5113 486 5166 ἀπὸ
516 5114 618 5183 γῆς
650 5117 730 5178 είς
766 5116 1011 5186 οὐρανὸν,
1060 5121 1185 5183 τοὺς
1225 5123 1317 5174 ἐπὶ
1352 5126 1456 5192 γῆς
1489 5125 1569 5177 ἔτι
1613 5127 1800 5180 πέλον-

234 5218 341 5264 τας
355 5203 401 5233 ⁶¹
424 5219 442 5234 ο
491 5198 573 5267 οἷς
608 5203 795 5276 ὥσπερ
824 5207 931 5259 τινὶ
964 5208 1133 5277 πυρὸς
1169 5211 1398 5280 ἅρματι,
1442 5216 1562 5266 κατ’
1592 5217 1796 5268 ἐκεῖνον

234 5290 333 5343 τὸν
361 5292 617 5362 φίλαγνον
639 5295 790 5365 ἡλίου
819 5297 878 5350 ιν
906 5298 1065 5351 ποσὶν
1096 5300 1317 5364 ἀοκνίας
1346 5302 1709 5373 ἐπιϐεϐηκὼς,
1734 5306 1797 5358 οὐ

238 5379 405 5464 μονον
431 5383 521 5438 τὸν
548 5386 843 5454 Αίγύπτιον
879 5388 1064 5442 τοῦτον
1107 5391 1440 5458 πεφόνευκας
1477 5394 1577 5464 (9.),
1616 5397 1708 5448 καὶ
1740 5399 1799 5448 ἐν

234 5462 452 5533 ψάμμῳ
475 5470 848 5535 ταπεινώσεως
874 5474 936 5527 τὸ
963 5474 1193 5531 ἔπαθλον
1214 5478 1490 5549 κέκρυφας
1514 5462 1543 5509 ’⁷
1568 5482 1705 5536 ἀλλὰ
1732 5501 1796 5551 γε

238 5552 341 5605 καὶ
368 5554 462 5606 επὶ
484 5555 545 5608 τδ
565 5558 689 5628 ὅρος
723 5563 1043 5636 ἀνέδραμες,
1082 5566 1174 5621 καὶ
1195 5567 1326 5622 Θεὸν
1351 5570 1417 5623 δι’
1443 5572 1786 5638 ἀκανθώδους

316 5673 349 5704 ι
377 5659 536 5716 Rom.
565 5680 625 5732 ιι,
662 5670 752 5725 2|.

1901 5116 2226 5183 purissimus
2272 5127 2327 5171 et
2360 5118 2541 5173 omnis
2571 5118 2922 5187 perfectionis
2951 5127 3144 5174 auctor
3167 5159 3183 5183 ,
3227 5130 3283 5174 et
3315 5130 3465 5173 actor

1899 5205 2027 5273 (qui
2059 5221 2158 5262 nos
2181 5208 2357 5263 adhuc
2394 5209 2448 5262 in
2489 5208 2648 5264 terris
2702 5219 2923 5280 agentes
2952 5226 3049 5281 per
3080 5213 3220 5267 banc
3252 5226 3283 5266 e
3308 5211 3464 5264 terris

1898 5295 1953 5350 in
1995 5297 2191 5352 malum
2227 5300 2522 5373 transfert)
2548 5303 2750 5372 quibus
2784 5312 2839 5357 tu
2875 5306 3022 5359 velut
3056 5305 3197 5357 alter
3219 5302 3465 5371 puritatis

1899 5390 2078 5443 cultor
2118 5388 2264 5445 Elias
2294 5392 2660 5448 flammantem
2692 5409 2917 5447 currum
2949 5394 3176 5463 impigre
3204 5405 3463 5445 conscen-

1902 5482 2051 5538 disti.
2076 5482 2183 5540 Nec
2208 5487 2263 5540 in
2300 5487 2403 5544 boc
2428 5494 2517 5542 tua
2549 5488 2722 5543 virtus
2741 5487 2941 5543 defecit
2973 5504 2988 5540 :
3020 5486 3113 5541 sed
3146 5482 3460 5554 Egyptian.

1901 5572 2074 5642 illum,
2104 5592 2264 5632 manu
2299 5587 2389 5634 tua
2417 5578 2721 5647 confecisti,
2756 5588 2810 5638 et
2838 5577 2894 5633 in
2923 5576 3113 5634 sabulo
3140 5575 3464 5632 submissio-

319 5752 370 5786 ³³
393 5752 683 5828 amna?»
720 5763 766 5795 ³⁸
793 5763 933 5818 δοκῶ
958 5767 1191 5826 ἀκούων.
1263 5771 1309 5803 ⁶⁰
1340 5770 1402 5825 οὐ
1449 5773 1573 5847 γίνῃ
1615 5775 1929 5844 διδάσκαλος
2010 5784 2048 5815 ⁸⁸
2093 5785 2565 5857 καρτερικώτατεέ
2626 5787 2669 5819 ⁶²
2695 5782 3106 5852 περιπολοῦντα.
