4222 6448
196 379 337 440 1205

1415 379 1490 438 LI
1497 380 1644 440 BER
1690 381 1786 440 ΑΙ)
1815 382 2230 444 PASTOREM.

3295 381 3430 448 1206

199 489 391 552 Λίύους
421 504 480 541 τε
520 486 704 542 λοιπὸν
728 486 919 558 φέρειν
953 485 1274 540 δυοκαίδεκα
1304 486 1636 552 διακελεύεις
1657 504 1672 516 ’
1722 489 1757 558 ἢ
1791 537 1796 549 λ

1821 512 1832 548 ι
1863 492 2031 544 secuti
2066 506 2160 559 per
2181 491 2383 560 lignum
2412 490 2611 555 crucis,
2642 491 2909 562 corporis,
2938 491 3181 560 inquam,
3214 491 3434 549 amictan

193 582 290 632 τὸν
311 579 668 634 ἀποστολικὺν
697 579 905 650 βαθμὸν
933 581 992 632 ὲν
1023 580 1208 642 αὐτοῖς
1240 563 1692 649 ἀνῳκοδομηκὼς,
1723 580 1758 650 ἢ

194 672 309 724 τῶν
327 670 472 724 ὀκτώ
500 687 604 724 που
635 670 803 725 ἐθνῶν
839 672 948 723 τῶν
984 670 1080 722 καὶ
1118 669 1306 723 παθῶν
1343 669 1502 722 νίκην
1526 670 1624 738 (9).
1666 673 1762 724 καὶ

195 757 354 825 αὖθις
375 762 481 816 τῶν
507 763 788 831 τεσσάρων
816 760 1194 829 γενικωτάτων
1227 758 1458 830 ἀρετῶν,
1493 759 1764 831 πρόληψιν

193 854 587 922 αἰνιττόμενος,
616 852 714 922 τὴν
742 851 961 923 Νεκράν
992 851 1180 906 λοιπὸν
1219 851 1316 904 καὶ
1346 850 1538 919 άγονον
1570 851 1766 905 θάλατ-

194 961 300 996 ταν
330 944 505 1012 πάντη
545 943 770 995 κατόπιν
801 942 1104 1011 πεποίηκας
1127 957 1143 972 ο
1191 941 1284 995 ἐπὶ
1333 941 1433 1012 τὴν
1476 940 1630 994 πόλιν
1669 939 1764 993 τοῦ

197 1034 396 1103 ἐχθροῦ
421 1034 585 1104 ἔρχῃ·
627 1033 904 1098 σαλπίζεις
935 1035 993 1088 ὲν
1041 1035 1316 1104 προσευχῇ
1352 1031 1441 1084 διὰ
1481 1030 1576 1083 τοῦ
1621 1031 1768 1084 ἑϐδό-

201 1143 308 1193 μου
365 1123 554 1178 τούτου
599 1125 645 1156 "
691 1125 910 1178 αἰωνίου
970 1123 1194 1188 κύκλου,
1257 1121 1528 1187 κατέαξας
1563 1120 1768 1190 ταύτην

197 1213 510 1283 νενίκηκας,
539 1213 616 1277 ὡς
643 1215 738 1268 καὶ
774 1214 837 1267 σὲ
863 1211 1050 1267 λοιπὸν
1077 1211 1213 1284 πρὸς
1239 1211 1334 1265 τὸν
1360 1211 1650 1282 σύμμαχον
1677 1210 1769 1264 τὸν

199 1306 364 1358 ἆῦλον
400 1303 548 1376 ᾄδειν
570 1320 586 1336 ·
635 1305 747 1360 Τοῦ
782 1304 1001 1374 ἐχθροῦ
1032 1321 1153 1373 μου
1203 1302 1490 1367 ἐξέλιπον
1521 1305 1581 1357 al
1620 1302 1769 1369 ῥομ-

197 1396 368 1464 ραῖαι
389 1398 479 1462 εἰς
505 1396 677 1462 τέλος
707 1412 720 1426 °
751 1397 846 1450 καὶ
887 1395 1070 1456 πόλεις
1108 1395 1296 1448 παθῶν
1339 1410 1440 1463 μου
1501 1391 1769 1454 καθεῖλες.

201 1489 272 1540 Εἴ
302 1505 388 1541 πω
423 1488 624 1558 βούλει,
660 1488 722 1541 τὸ
755 1487 974 1542 πάντων
1016 1486 1346 1555 κυριώτερον
1386 1485 1480 1538 καί⁹
1514 1483 1774 1554 κραταιό-

199 1596 380 1649 τερον,
415 1581 508 1632 ἐπὶ
533 1580 630 1650 τὴν
668 1579 1016 1649 Ἰερουσαλὴμ
1055 1578 1428 1646 ἀναϐέϐηκας,
1457 1575 1557 1647 τὴν
1585 1577 1773 1646 ὅρασιν

201 1671 306 1734 τῆς
330 1669 542 1731 τελείας
578 1669 798 1739 εἰρήνης
827 1667 1025 1738 ψυχῆς,
1064 1667 1310 1736 Χριστὸν
1338 1667 1471 1737 ὁρᾷς
1509 1666 1600 1719 τὸν
1640 1666 1796 1720 Θεὸν·

202 1762 307 1830 τῆς
328 1762 554 1831 εἰρήνης
580 1777 595 1792 ·
634 1759 1072 1828 συγκακοπαθεῖς
1097 1758 1172 1822 ὡς
1201 1759 1363 1821 καλὸς
1391 1758 1732 1828 στρατιώτης
1756 1773 1770 1788 ⁸

208 1850 611 1920 συσταυροῦσαι
657 1849 704 1882 ⁸⁸
749 1850 846 1902 σὺν
888 1852 955 1919 τῇ
983 1851 1165 1916 σαρκὶ,
1197 1850 1292 1901 καὶ
1319 1851 1432 1910 τοῖς
1463 1848 1773 1919 παθήμασι,

207 1941 305 1990 καὶ
331 1942 452 2002 ταῖς
474 1939 789 2008 ἐπιθυμίαις
807 1954 822 1968 ·
855 1937 950 1990 καὶ
976 1936 1218 1997 εἰκότως,
1239 1937 1314 1998 ὼς
1335 1937 1429 1990 καὶ
1460 1937 1623 2000 αὐτὸς
1644 1937 1776 2001 Θεὸς

206 2029 410 2100 Φαραὼ
456 2031 764 2099 γενόμενος,
825 2028 919 2082 καὶ
957 2027 1138 2096 πάσης
1183 2025 1349 2080 αὐτοῦ
1394 2027 1778 2098 ἀντικειμένης

207 2122 488 2192 δυνάμεως
517 2159 533 2186 ,
593 2122 868 2191 συνθάπτῃ
913 2120 1097 2174 λοιπὸν
1156 2119 1251 2174 καὶ
1303 2115 1650 2190 συγκατέργῃ
1700 2122 1778 2183 εἰς

209 2214 346 2284 ᾅδην
374 2213 486 2282 (10)
519 2212 793 2281 θεολογίας
831 2213 995 2281 λέγω,
1043 2211 1138 2266 καὶ
1164 2212 1422 2283 ἀρρήτων
1462 2211 1777 2282 μυστηρίων

212 2305 416 2378 μυρίζῃ
447 2306 540 2358 καὶ
577 2304 846 2378 εύωδιάζῃ
882 2304 987 2358 ὑπὸ
1023 2303 1134 2358 τῶν
1171 2302 1443 2373 συγγενῶν
1476 2305 1570 2358 καὶ
1609 2303 1777 2372 φίλων

209 2396 483 2464 γυναικῶν
520 2397 553 2467 ἢ
590 2395 821 2466 ἀρετῶν.
861 2397 926 2448 Τί
958 2395 1066 2466 γάρ
1093 2412 1163 2466 με
1183 2394 1245 2448 τὸ
1270 2394 1475 2448 κωλύον
1498 2397 1619 2448 κατ’
1646 2395 1776 2459 ἔπος

209 2488 391 2555 λέγειν
417 2489 509 2540 καὶ
534 2488 794 2558 φράζεινς
827 2487 1003 2540 Ὅπου
1035 2502 1099 2554 γε
1129 2487 1222 2539 καὶ
1250 2487 1307 2540 ιν
1337 2486 1551 2557 οὐρανῷ
1600 2488 1659 2540 ὲν
1688 2486 1778 2540 δε-

211 2576 303 2644 ξιᾷ
329 2574 592 2645 ὑπάρχεις
623 2574 930 2646 καθήμενος
959 2575 1071 2647 (11)
1098 2574 1166 2646 (ὦ
1197 2575 1296 2646 τῆς
1317 2577 1361 2609 ⁸⁸
1386 2577 1667 2648 κλοπῆςί),
1687 2579 1780 2631 άν-

212 2665 429 2719 ίστασαι
462 2666 556 2720 καὶ
586 2666 747 2730 αὐτὸς
765 2667 1062 2738 τριήμερός
1103 2668 1240 2738 μετά
1275 2667 1434 2738 νίκην
1483 2669 1662 2739 τριῶν
1685 2687 1780 2723 τυ-

212 2757 423 2825 ράννων
449 2773 462 2787 '
489 2757 628 2828 τάχα
650 2758 981 2828 οἰκειότερον
1003 2759 1166 2826 εἴπω,
1201 2759 1290 2812 ἵνα
1317 2758 1460 2828 μετά
1484 2759 1640 2830 νίκην
1673 2760 1782 2813 σώ-

212 2864 385 2917 ματος
408 2849 510 2901 καὶ
525 2847 702 2919 ψυχῆς
723 2849 820 2903 καὶ
847 2849 1180 2920 πνεύματος,
1212 2850 1246 2920 ἢ
1273 2850 1369 2904 καὶ⁵
1403 2849 1542 2919 μετά
1566 2850 1779 2920 κάθαρ-

208 2961 305 2997 σιν
341 2944 505 2998 οίονεὶ
545 2945 841 3017 τριημέρου
900 2945 1081 3016 ψυχῆς
1104 2986 1120 3012 ,
1171 2945 1376 3009 πάθους
1449 2945 1608 3014 λέγω.
1687 2948 1784 3000 καὶ

209 3034 412 3103 θυμοῦ,
447 3035 541 3088 καί⁹
582 3034 801 3102 λογικοῦ
833 3035 968 3107 (12),
1001 3036 1094 3089 ἐπὶ
1136 3035 1196 3089 τὸ
1241 3035 1366 3105 ὅρος
1398 3035 1506 3089 τῶν
1556 3035 1782 3091 Ἐλαιῶν

1863 582 2064 634 tionem
2091 624 2098 645 τ
2140 597 2184 634 οι
2221 582 2398 636 carnis
2422 596 2544 636 cum
2575 581 2720 637 vitiis
2762 584 2878 637 suis
2900 593 2952 636 ct
2979 582 3435 652 concupiscentiis

1864 671 2298 736 ct'ucillxionem,
2329 672 2531 729 fontem
2557 673 2915 743 la-crytuarum
2947 674 3278 743 produxisti.
3299 676 3437 729 Ilur-

1864 778 1986 818 sum
2021 764 2152 818 dein
2176 763 2387 832 objecta
2421 763 2697 818 nationum
2734 778 2884 817 arma
2920 756 3187 828 rotundis,
3218 773 3438 834 gentes-

1863 868 1969 921 que
1995 853 2310 910 cmlestibus
2346 853 2629 923 populatas
2653 853 2886 909 flammis
2924 853 2978 908 in
3026 854 3262 910 cinerem
3291 855 3437 910 redi-

1865 944 1981 1012 gis,
2033 953 2089 1000 et
2133 944 2200 998 ad
2239 942 2529 1000 Iordanem
2573 958 2748 1014 usque
2789 953 3042 1015 penetras
3077 943 3249 1014 (quid
3291 945 3437 999 enim

1868 1034 2111 1104 prohibet
2133 1035 2405 1105 paulisper
2423 1036 2476 1090 in
2500 1035 2724 1091 historia
2742 1036 2990 1106 progredi
3017 1049 3250 1104 eamque
3272 1049 3439 1090 excu-

1868 1125 2047 1195 tere?)
2073 1125 2380 1196 populoque
2408 1127 2554 1182 velut
2593 1127 2730 1182 alter
2763 1124 2928 1181 Josue
2957 1135 2978 1163 ι
2999 1166 3015 1191 ,
3058 1125 3276 1196 partiris
3321 1141 3441 1179 vcr-

1867 1215 1957 1280 bo,
1971 1225 2025 1270 et
2047 1229 2214 1285 aquas
2232 1215 2446 1286 quidem
2467 1215 2745 1270 inferiores
2759 1216 2952 1272 mortis
2968 1217 3188 1286 inquam
3205 1223 3257 1270 et
3276 1215 3444 1270 salsu-

1868 1307 2009 1376 ginis
2023 1347 2040 1373 ,
2071 1307 2125 1362 in
2147 1321 2296 1362 mare
2319 1305 2532 1361 Salsum
2550 1307 2662 1361 sive
2678 1306 2949 1363 Mortuum
2966 1307 3254 1364 decurrere
3263 1309 3442 1380 jubcs,

1869 1398 2178 1468 superiores
2197 1407 2375 1452 autem
2403 1397 2686 1453 charitatis
2705 1398 2902 1467 undas,
2927 1400 2981 1454 in
2998 1411 3292 1472 conspectu
3322 1411 3444 1458 tuo-

1871 1504 1992 1544 rum
2013 1489 2278 1558 sapientia
2300 1488 2606 1543 ﬂorentium
2633 1487 2997 1545 lsraelitarum
3021 1491 3074 1546 in
3104 1503 3344 1549 montem
3358 1510 3447 1549 cu-

1873 1583 2067 1636 mulas.
2101 1580 2266 1653 (.99
2284 1580 2510 1650 Lapides
2538 1591 2798 1652 praeterea
2819 1597 2884 1637 ex
2911 1581 3150 1639 Jordane
3164 1584 3446 1641 duodenos

1875 1674 1975 1741 legi
2025 1673 2342 1742 imperasti,
2372 1687 2438 1728 ex
2464 1673 2662 1743 quibus
2706 1683 2800 1728 aut
2840 1676 3198 1744 apostolicum
3231 1677 3444 1731 culmen

1873 1761 2193 1829 :edificares,
2215 1771 2309 1816 aut
2341 1773 2668 1832 reportatam
2703 1764 2768 1819 de
2800 1773 2923 1819 octo
2953 1767 3186 1835 populis,
3215 1766 3320 1822 huc
3342 1776 3444 1832 est,

1877 1854 2021 1909 vitiis
2052 1854 2366 1919 victoriam,
2399 1863 2453 1908 et
2477 1855 2703 1910 virtutes
2737 1865 2974 1924 quatuor
3020 1857 3293 1928 principes
3332 1858 3445 1928 iam

1877 1954 2058 2014 partas
2105 1944 2462 2015 significares,
2496 1947 2630 1999 mari
2662 1947 2917 2016 deinceps
2945 1947 3161 2002 Mortuo
3189 1955 3243 2003 et
3289 1949 3447 2004 effeto

1876 2051 1970 2091 seu
2004 2036 2176 2092 sterili
2211 2051 2240 2091 a
2279 2047 2431 2107 tergo
2473 2037 2663 2092 relicto
2695 2035 3054 2108 (Jerichunta)
3088 2040 3155 2095 ad
3193 2039 3445 2095 hostilem

1876 2130 2063 2184 urbem
2092 2128 2328 2195 accedis,
2350 2140 2403 2184 et
2441 2128 2585 2184 tubis
2623 2131 2995 2198 prccationum
3029 2131 3094 2185 ad
3129 2133 3448 2189 aeternitatis

1877 2221 2111 2275 orbitam
2143 2220 2527 2277 declarandam
2576 2221 2776 2289 septies
2815 2221 3042 2292 clangis,
3071 2223 3354 2296 vineisque
3397 2236 3449 2280 et

1875 2311 2108 2374 evertis,
2150 2320 2207 2366 ut
2243 2311 2509 2381 deinceps
2559 2312 2949 2381 propugnatori
3001 2322 3094 2366 tuo
3124 2315 3301 2370 omnis
3329 2331 3448 2369 ma-

1880 2405 2027 2459 teriae
2053 2404 2258 2474 experti
2289 2413 2451 2473 atque
2477 2404 2846 2473 inaspectabili
2887 2404 2997 2458 Deo
3019 2406 3301 2461 victoriam
3327 2408 3450 2478 graJ

1880 2497 2082 2552 tulatus
2109 2510 2307 2551 canere
2351 2495 2569 2566 possis:
2612 2494 2835 2550 Inimici
2861 2498 2960 2551 mei
2995 2497 3212 2566 frameae
3246 2498 3449 2566 defece-

1879 2598 2002 2642 runt
2025 2589 2077 2641 in
2101 2589 2257 2656 ﬁnem
2276 2600 2332 2644 ιε
2361 2588 2620 2643 eturbem
2647 2589 2899 2643 vitiorum
2931 2605 3175 2645 meorum
3207 2589 3451 2647 funditus

1879 2683 2088 2736 delesti.
2128 2680 2248 2736 Vin’
2276 2682 2454 2736 dicam
2479 2681 2622 2752 quod
2654 2690 2820 2752 caput
2851 2683 2930 2736 rei
2974 2693 3086 2749 est,
3127 2683 3450 2755 facinusque

1879 2774 2124 2826 omnium
2154 2772 2450 2826 maximum
2477 2781 2530 2827 et
2563 2771 2920 2827 fortissimum
2953 2792 2965 2828 :
3017 2773 3448 2847 Hierosolymam

1881 2859 2177 2928 occupasti,
2208 2857 2458 2928 perfectae
2485 2859 2634 2928 pacis
2658 2859 2854 2913 anima:
2870 2860 3152 2916 visionem.
3173 2861 3450 2917 Christum

1884 2951 2030 3019 pacis
2075 2951 2371 3020 principem
2411 2951 2582 3013 vides,
2624 2951 2810 3005 socius
2866 2951 3112 3005 laborum
3163 2955 3329 3018 illius,
3375 2955 3450 3008 uti

1883 3047 2164 3091 strenuum
2193 3037 2352 3091 docet
2382 3037 2608 3091 militem
2639 3036 2884 3100 effectus,
2919 3039 3169 3093 sensibus
3198 3040 3453 3095 omnibus

209 3126 348 3198 ἔρχῃ
371 3127 470 3194 (δεῖ
497 3125 606 3198 γάρ
624 3127 934 3197 ὲπιτέμνειν
959 3128 1052 3182 καὶ
1091 3127 1166 3198 μὴ
1200 3127 1435 3197 περισσά
1469 3127 1780 3195 σοφίζεσθαι

1821 3148 1850 3204 Β
1883 3138 1935 3180 et
1964 3127 2349 3196 cupiditatibus
2371 3142 2494 3181 cum
2518 3127 2666 3180 vitiis
2695 3139 2748 3180 et
2776 3130 3232 3196 concupiscentiis
3260 3131 3373 3186 suis
3399 3133 3452 3186 in

208 3219 350 3287 πρὸς
393 3217 581 3284 σοφίας
618 3217 918 3279 ἀνάπλεων,
957 3217 1188 3288 μάλιστα
1239 3217 1639 3283 έπιστέλλοντα,
1685 3217 1780 3272 καὶ

209 3310 432 3361 πάντων
453 3306 560 3362 τῶν
589 3307 728 3378 ὑπὲρ
757 3309 904 3378 ἡμᾶς
937 3308 996 3360 έν
1034 3306 1233 3376 γνώσει
1269 3306 1616 3378 προύχοντα),
1652 3307 1781 3379 περί

208 3392 296 3464 οὗ,
345 3393 499 3469 οἶμαί
550 3415 674 3463 που,
733 3399 893 3468 ὅρους
937 3397 1291 3469 καλλίδρομός
1342 3415 1427 3461 τις
1475 3397 1781 3452 ἀναϐαίνων

211 3492 398 3558 ἔλεγεν
424 3507 438 3521 ·
474 3492 620 3558 Ὀρη
644 3490 717 3545 τὰ
749 3489 964 3565 ὑψηλὰ
990 3489 1120 3554 ταῖς
1145 3489 1412 3558 ἐλάφοις,
1441 3489 1637 3560 ψυχαῖς
1662 3491 1781 3553 ταῖς

211 3583 341 3644 τοὺς
372 3581 544 3650 θῆρας
569 3581 1001 3644 ἀναλισκούσαις.
1043 3579 1229 3650 Τούτῳ
1247 3580 1448 3645 τοίνυν,
1483 3580 1656 3650 τούτῳ
1687 3580 1782 3633 καὶ

211 3672 375 3735 αὐτὸς
398 3671 798 3743 συμπαραθέων
824 3673 918 3726 καὶ
960 3672 1462 3744 συμπαρομαρτῶν,
1499 3675 1634 3744 πρὸς
1683 3674 1782 3741 τὴν

212 3765 404 3817 τούτου
456 3764 613 3833 βάσιν
656 3763 942 3835 ἐλήλυθας,
993 3765 1301 3835 ἀναϐλέψας
1345 3768 1427 3829 είς
1480 3766 1779 3836 οὐρανούς·

213 3855 380 3908 πάλιν
405 3855 512 3926 γάρ
529 3854 622 3908 τὸν
658 3854 753 3909 τοῦ
781 3855 940 3924 λόγου
965 3856 1134 3910 τύπον
1154 3856 1248 3909 ἐπὶ
1272 3857 1363 3909 τὸν
1391 3857 1546 3924 λόγον
1573 3857 1782 3926 ἀνάγω.

214 3945 532 4015 Εύλόγησας
559 3947 685 4008 τοὺς
709 3946 954 4016 μαθητάς
982 3948 1149 4017 ἡμᾶς,
1181 3947 1433 4016 ἑώρακας
1459 3947 1556 4018 τὴν
1584 3950 1782 4018 προϐε-

214 4033 494 4103 ϐλημένην
531 4032 629 4086 καὶ
671 4033 1073 4104 ἐστηριγμένην
1110 4034 1218 4088 τῶν
1261 4033 1471 4104 ἀρετῶν
1510 4034 1781 4106 κλίμακαο

212 4121 408 4195 ἧσπερ
427 4124 568 4178 κατά
587 4123 685 4194 τὴν
706 4125 867 4194 χάριν
893 4123 986 4177 τοῦ
1011 4124 1147 4178 Θεοῦ
1177 4124 1274 4194 τὴν
1296 4124 1544 4178 δοθεῖσάν
1567 4143 1685 4190 σοι,
1708 4126 1783 4192 ὡς

217 4215 384 4282 σοφός
410 4213 746 4284 ἀρχιτέκτων
778 4213 1026 4282 θεμέλιον
1047 4212 1298 4276 τέθεικας
1320 4229 1336 4244 ·
1369 4213 1569 4284 μᾶλλον
1597 4214 1655 4268 δὲ
1689 4217 1786 4270 καὶ

215 4304 494 4374 πλήρωμα
516 4318 529 4332 ·
553 4304 603 4356 εἰ
634 4303 729 4356 καὶ
749 4304 896 4373 ἡμᾶς
923 4305 1050 4367 τοὺς
1073 4303 1289 4374 εὐήθεις
1327 4305 1406 4358 ὲκ
1425 4321 1786 4378 ταπεινοφρο-

217 4395 387 4464 σύνης
415 4395 741 4464 βαλλόμενος
770 4395 832 4447 τὸ
861 4394 1033 4464 στόμα
1069 4392 1224 4466 ἡμῶν
1251 4394 1314 4448 τὸ
1340 4395 1661 4468 ρυιιταρῶδές
1700 4412 1784 4449 σοι

216 4486 358 4557 πρὸς
381 4485 473 4538 τὸν
502 4485 594 4538 σὺν
621 4483 749 4538 λαὸν
774 4484 970 4556 κιχρᾷν
989 4485 1412 4555 τετυράννηκας.
1436 4487 1546 4540 Καὶ
1577 4487 1638 4540 ού
1659 4486 1788 4539 θαῦ-

219 4592 304 4646 μα
323 4591 337 4604 ·
374 4574 606 4627 εἰθισται
641 4574 750 4644 γάρ
779 4576 873 4627 καὶ
895 4575 1098 4645 Μωυσῇ
1132 4574 1272 4628 κατὰ
1301 4576 1394 4629 τὸν
1423 4576 1524 4646 τῆς
1550 4577 1792 4648 ἰστορίας

215 4667 411 4732 τύπον,
450 4667 774 4736 ἰσχνόφωνον
795 4667 984 4721 ἑαυτὸν
1007 4667 1302 4723 ἀποκαλεῖν
1327 4671 1422 4724 καὶ
1447 4672 1791 4742 βραδύγλωσ-

219 4771 350 4810 σονο
387 4757 502 4810 ἀλλ’
539 4759 746 4820 ἐκεῖνος
779 4757 877 4826 μὲν
916 4758 1125 4829 ’Δαρὼν
1164 4760 1390 4831 ἀρίστου
1425 4763 1655 4830 ἐπέτυχε
1695 4766 1790 4816 καὶ

217 4848 503 4916 λογοδότου
527 4848 620 4900 καὶ
648 4846 987 4919 λεξιδρόμου.
1021 4849 1092 4901 Σὺ
1125 4851 1204 4916 δὲ,
1241 4844 1287 4904 ὦ
1322 4851 1520 4922 μύστα,
1551 4853 1651 4906 οὐκ
1692 4851 1790 4906 οἷδ’

219 4941 416 4994 ὁπόθεν
439 4941 538 5010 τὴν
566 4937 750 5007 ἄφιξιν
773 4940 867 4992 ἐπὶ
893 4940 1052 4993 τοῦτο
1081 4942 1389 5012 πεποίηκας
1423 4943 1560 5013 πρὸς
1603 4941 1790 5015 πηγὴν

220 5032 452 5102 ἄνυδρον
472 5030 568 5084 καὶ
587 5029 714 5100 ὅλην
738 5031 1050 5098 Αἰγυπτίων
1069 5030 1375 5102 βατράχων,
1405 5031 1602 5102 μᾶλλον
1624 5033 1680 5086 δὲ
1696 5034 1791 5086 άν-

220 5125 445 5194 θράκων
467 5122 545 5191 (a)
569 5121 1025 5193 πεπληρωμένην.
1062 5123 1213 5176 Ἐπεὶ
1249 5123 1307 5175 δὲ
1341 5124 1403 5176 ού
1428 5125 1509 5177 δεῖ
1545 5123 1622 5195 μὴ
1657 5141 1792 5178 κατ-

219 5217 557 5285 ειλημμένον
587 5231 656 5284 με
692 5215 782 5267 τὸν
815 5212 1003 5284 μῦθον,
1042 5207 1088 5267 ὦ
1133 5214 1518 5285 ούρανοδρόμε,
1565 5214 1657 5268 τὸν
1695 5214 1789 5268 τοῦ

223 5309 323 5363 σού
344 5307 542 5378 δρόμου
568 5307 626 5358 ὲν
647 5304 724 5375 τῷ
759 5306 908 5375 μέσῳ
925 5305 1292 5358 καταλιπόντα
1322 5307 1585 5375 οἴχεσθαι,
1629 5306 1790 5360 πάλιν

302 5479 520 5535 z.Josue
567 5497 647 5547 nt,
687 5482 704 5535 Ι
739 5496 890 5550 seqq.

297 5637 342 5668 ⁸⁷
371 5636 472 5704 τῆς
521 5634 867 5704 ἀνθρωπίνης
904 5634 1069 5703 ζωῆς.

335 5771 412 5837 (ιι)
438 5771 690 5843 Ἀνθραξ,
728 5785 874 5831 raro,
911 5781 961 5824 ct
983 5769 1343 5824 carbunculus
1409 5769 1626 5825 morbus

965 5493 989 5520 ιι
1023 5478 1162 5534 l’sal.
1203 5497 1278 5543 ιιι,
1328 5480 1379 5534 ’1'.
1458 5481 1484 5519 ι)
1515 5479 1688 5535 Galat.
1728 5481 1888 5545 v,24.

1882 3231 2043 3269 cruce
2062 3215 2328 3286 suﬂigeris
2352 3214 2403 3269 ιθ.
2443 3214 2508 3268 Ει
2539 3215 2734 3269 merito
2762 3231 2913 3281 sane,
2943 3232 3067 3270 cum
3093 3227 3147 3272 ct
3177 3219 3289 3286 ipse
3310 3219 3456 3275 velut

1881 3305 2026 3362 Deus
2066 3317 2255 3362 contra
2298 3305 2636 3360 Pharaonem
2670 3306 2966 3378 copiasque
3007 3307 3126 3378 ejus
3162 3317 3218 3363 et
3270 3309 3455 3365 hostes

1882 3401 2163 3464 universos
2177 3399 2506 3455 constitutus
2518 3414 2577 3452 es
2590 3409 2612 3437 α
2624 3397 2693 3452 οά.
2710 3399 2776 3452 Ει
2793 3414 2921 3453 vero
2937 3401 3179 3468 sepultus
3194 3403 3456 3470 quodam-

1882 3490 2044 3545 modo
2081 3506 2206 3546 cum
2243 3490 2462 3545 Christo
2507 3488 2579 3543 ad
2627 3488 2833 3544 inferos
2864 3490 2917 3543 itt
2973 3505 3175 3555 rerum,
3207 3493 3452 3562 inquam,

1881 3581 2181 3635 cmiestium
2204 3588 2258 3634 et
2282 3593 2608 3634 arcanorum
2631 3580 3016 3648 mysteriorum
3044 3581 3452 3636 meditationem

1880 3680 1935 3723 et
1975 3668 2340 3738 cognitionem
2371 3667 2677 3732 descendis,
2723 3670 3018 3738 unguentis
3065 3685 3283 3740 quoque
3322 3671 3457 3725 doli-

1882 3761 2045 3816 butus
2073 3771 2128 3815 et
2163 3775 2192 3813 a
2224 3759 2468 3829 cognatis
2493 3756 2778 3823 matronis,
2812 3759 3102 3816 virtutibus
3150 3762 3269 3827 aio,
3311 3762 3457 3817 velut

1882 3862 2183 3906 aromatum
2254 3851 2466 3921 liquore
2536 3850 2790 3919 perfusus
2847 3852 3042 3905 odores
3094 3853 3350 3918 redoles,
3403 3863 3457 3906 et

1883 3942 2058 4010 spiras
2115 3941 2268 4010 (quid
2316 3939 2461 3995 enim
2493 3941 2668 3995 obstet
2713 3941 3010 4010 quominus
3055 3942 3290 3996 strictim
3340 3941 3457 3997 haec

1883 4045 2302 4088 commemorem
2363 4039 2418 4085 et
2474 4029 2772 4101 exponam)
2805 4048 2818 4083 :
2850 4031 2938 4084 ubi
2979 4039 3032 4085 et
3081 4032 3136 4084 in
3193 4033 3330 4086 coelo
3388 4033 3455 4086 ad

1884 4125 2157 4178 dexteram
2185 4122 2339 4177 sedes
2364 4121 2418 4191 (ο
2447 4122 2757 4190 prae'claram
2791 4121 3025 4190 prredam
3043 4123 3056 4175 !
3076 4120 3117 4192 ),
3145 4123 3383 4192 resurgis
3404 4131 3459 4175 ct

1886 4215 1999 4284 ipse
2034 4225 2160 4284 post
2199 4213 2478 4278 triduum,
2531 4212 2635 4266 hoc
2662 4221 2747 4268 est
2769 4253 2784 4279 ,
2819 4213 2991 4267 tribus
3028 4213 3253 4268 devictis
3299 4212 3460 4284 500

1888 4307 2172 4378 tyrannis;
2215 4304 2298 4359 vel
2330 4312 2390 4359 ut
2433 4303 2664 4359 fortasse
2694 4304 2898 4358 rectius
2925 4304 3135 4373 loquar,
3182 4312 3305 4374 post
3336 4319 3458 4358 cor-

1889 4397 2038 4468 poris
2071 4403 2131 4452 et
2151 4396 2319 4450 animi
2353 4382 2796 4464 concttpiscendi,
2830 4395 3074 4462 inquam,
3107 4395 3372 4450 irascendi
3403 4409 3459 4451 et

1821 4470 2247 4545 l)'rati'ocinaudi
2275 4502 2468 4557 nempe
2496 4486 2766 4541 facultatis
2790 4486 3176 4554 expiationem,
3204 4485 3268 4540 ad
3297 4501 3457 4540 mon-

1891 4591 1996 4635 tem
2041 4577 2235 4633 Oliveti
2279 4575 2430 4630 venis
2483 4577 2590 4644 (est
2634 4573 2777 4627 enim
2835 4571 3204 4639 abrutnpenda
3254 4571 3455 4628 oratiu.

1891 4668 2190 4740 prmsertim
2231 4664 2514 4736 epistolam
2543 4661 2787 4718 exaranti
2810 4701 2826 4725 ,
2859 4675 2966 4715 non
2997 4661 3250 4714 volumen
3289 4660 3458 4713 medi-

1891 4761 2042 4824 tanti,
2076 4774 2176 4813 nec
2204 4756 2346 4826 apud
2371 4754 2649 4825 sapientiae
2675 4752 2993 4822 magistrum
3025 4749 3182 4804 nobis
3205 4749 3458 4802 omnibus

1893 4855 1948 4908 in
1985 4865 2168 4905 rerum
2200 4848 2500 4904 divinarum
2532 4844 2757 4901 scientia
2803 4841 3230 4910 praestantiorem
3260 4839 3454 4892 verbo-

1891 4947 2005 5000 sius
2034 4937 2681 5012 disputandum),de*quo
2709 4941 2891 4987 monte
2918 4931 3136 5000 quidam
3168 4929 3458 4999 praeclarus

1893 5050 2102 5100 cursor,
2142 5047 2266 5088 cum
2308 5031 2362 5085 in
2386 5044 2512 5084 eum
2565 5034 2883 5098 pr0peraret
2927 5025 3196 5080 cauchat:
3249 5022 3456 5077 Montes

1891 5125 2081 5182 excelsi
2120 5124 2281 5177 cervis
2308 5132 2355 5186 θ,
2409 5121 2512 5176 hoc
2539 5127 2622 5173 est
2667 5117 2936 5172 mentibus
2969 5117 3109 5170 feras
3141 5115 3457 5169 insectanti-

1896 5218 2017 5278 bus,
2050 5229 2170 5268 cum
2210 5213 2314 5266 hoc
2363 5219 2416 5265 tu
2460 5223 2623 5278 prope
2656 5223 2819 5260 cursu
2850 5207 3152 5268 cootcudis,
3186 5207 3333 5258 hunc
3361 5218 3456 5258 co-

1899 5307 2120 5361 mitatus
2160 5303 2358 5358 cmlum
2403 5299 2647 5362 aﬂ'cctas,
2699 5298 2922 5366 ejusque
2965 5295 3187 5364 vestigia
3236 5295 3453 5364 premis.

1967 5480 2046 5518 εοά
2082 5479 2247 5534 Exod.
2275 5494 2369 5540 vlt,
2403 5480 2419 5531 i
2458 5493 2608 5547 seqq.
2691 5488 2711 5510 ί*
2757 5474 2893 5529 Psal.
2922 5489 3034 5533 cm,
3064 5471 3154 5525 18-

1148 5634 1195 5666 ⁸⁸
1253 5635 1654 5704 συσταυρῶσαι.
1733 5637 1776 5668 ⁸ο
1831 5633 2228 5706 φημιζομένης.
