4222 6448
755 381 882 440 Ῑλῗνέ
1998 376 2056 432 3.
2087 373 2396 433 .{OANNIS
2436 369 2732 432 ZLIMACI
3853 360 4002 427 12ΐὸ

900 491 1182 562 ﬁguratam
1214 488 1428 546 dicendi
1459 487 1723 544 “stionem
1760 489 1824 542 ad
1861 503 2202 542 communem
2234 488 2315 542 lo-
2342 492 2387 548 Α
2413 507 2416 520 ί

2342 492 2387 548 Α
2413 486 2508 540 τὸν
2545 483 2646 539 τοῦ
2684 480 2915 544 κάλλους
2959 494 3053 533 σου
3087 476 3280 550 ἔρανον
3319 474 3699 562 ἐξυφαίνοντες
3731 474 4003 562 ελέγωμεν

747 553 1134 651 ιιυοιιᾶῖιιωω
1167 593 1386 636 revoco.
1439 577 1584 632 Bene
1607 585 1861 648 precatus
1890 576 2049 631 nobis
2079 575 2314 631 alumnis
2407 595 2414 625 ι

2407 567 2510 628 ὦδε
2531 589 2546 604 ο
2573 574 2656 626 ὅτι
2686 571 2778 626 καὶ
2817 566 3281 640 προσπεπὲλακας
3310 564 3390 636 τῷ
3415 553 3534 635 δραι
3570 562 3652 634 τῷ
3680 563 3849 634 ἀγίῳ,
3899 561 4003 615 καὶ

744 683 796 727 ct
827 671 1105 742 d'scipulis
1133 669 1265 736 tuis,
1291 669 1472 726 vidisti
1494 668 1804 740 propositos
1832 667 1953 724 illos
1977 681 2030 723 et
2071 669 2316 724 ﬁrmatos
2409 691 2411 702 ι

2409 667 2470 720 τι
2495 665 2656 736 δμμα
2701 665 2784 728 εἰς
2815 659 3046 734 οὐρανὸν
3074 659 3376 724 ἀνιίτεινας,
3420 657 3520 712 καὶ
3549 657 3654 725 ζεπὶ
3687 656 3791 726 τὴν
3836 652 4006 724 βάσιν

744 760 1008 813 γίτιιιίιιιιι
1036 757 1242 828 gradus
1266 769 1332 810 ac
1356 755 1582 820 scalam,
1613 755 1772 826 cujus
1798 763 1855 808 tu
1886 768 1988 825 pro
2013 754 2187 824 gratia
2217 753 2313 809 tibi
2409 783 2411 792 ι

2409 759 2504 813 τὸν
2541 758 2682 812 πόδα
2710 755 3073 826 ἐπιδεδηκας,
3105 753 3203 809 καὶ
3230 753 3491 826 ἔδραμες,
3537 750 3634 805 καί
3660 749 4001 820 ἀνέδραμε,

743 864 773 900 a
802 846 911 902 Deo
937 847 1232 917 impertire,
1259 845 1338 902 uti
1366 845 1804 916 sapientissimus
1830 844 2164 901 architectus
2191 843 2317 898 lun-

2413 850 2508 904 καὶ
2529 848 2773 920 ὑψώθης,
2803 846 2902 902 καὶ
2929 845 3138 918 ἐπέϐης
3178 845 3274 899 ἐπὶ
3299 843 3585 914 Χερουϐὶμ
3627 839 3871 912 ἀρετῶν,
3898 839 4006 893 καὶ

742 941 810 994 ita
825 947 998 994 ,nenta
1021 939 1234 1003 locasti,
1262 939 1374 993 imo
1393 939 1640 994 ultimam
1669 952 1890 1008 quoque
1912 951 2135 992 manum
2161 936 2312 1007 operi

2416 940 2746 1012 ὲπετάσθης,
2773 939 2868 994 καὶ
2895 938 3094 1009 ἀνέσης
3115 939 3175 992 ἰν
3201 935 3505 1006 ἀλαλαγμῷ
3527 934 3620 989 τὸν
3642 932 3841 1004 ἐχθρὸν
3873 947 4006 1002 τρο-

743 1028 1085 1099 imposuisti,
1116 1027 1335 1098 quando
1361 1042 1447 1082 me
1485 1028 1979 1098 postremissimum
2014 1025 2314 1096 simplicem

2417 1033 2738 1102 ταυσάμενος
2768 1047 2784 1063 ·
2836 1030 2933 1084 καὶ
2980 1029 3430 1102 προωδοποίησας
3508 1025 3605 1081 καὶ
3662 1024 3968 1095 προηγήσῃ
3984 1037 4004 1053 ⁸

745 1126 808 1164 ac
835 1109 1043 1165 fatuum
1067 1126 1131 1164 ex
1159 1109 1478 1164 humilimis
1499 1124 1659 1163 cavea
1680 1117 1984 1164 extractum
2005 1110 2315 1164 sordentem

2424 1123 2624 1192 μᾶλλον
2651 1123 2712 1178 δὲ
2744 1121 2841 1176 καὶ
2866 1123 2949 1185 εἰς
2977 1121 3058 1174 ἔτι
3085 1119 3180 1174 νῦν
3213 1120 3320 1190 ἡγῇ
3345 1134 3360 1149 θ
3389 1117 3486 1171 καὶ
3518 1117 3739 1187 προηγῇ
3775 1115 4007 1168 πάντων

743 1211 797 1252 ut
851 1200 1230 1269 inquinatum,
1273 1199 1511 1268 linguam
1542 1211 1721 1252 meam
1776 1198 1975 1268 populo
2002 1207 2098 1253 tuo
2136 1197 2317 1254 locare

2421 1213 2580 1284 ἡμῶν
2607 1213 2694 1266 ἐπ’
2733 1212 2904 1284 αὑτὴν
2937 1212 3040 1282 τὴν
3074 1210 3320 1282 κορυφὴν
3351 1208 3682 1281 ἀναδραμὼν
3709 1207 3810 1278 τῆς
3844 1203 4007 1262 ὁσίας

747 1303 990 1371 uegisti.
1053 1301 1167 1358 Nec
1204 1303 1307 1357 hoc
1333 1301 1552 1372 quidem
1609 1301 1954 1365 mirandum,
1993 1303 2216 1371 quando
2262 1313 2318 1358 et

2422 1304 2686 1375 κλίμακος
2723 1303 2821 1358 καὶ
2843 1302 3068 1366 ἑνωθεὶς
3091 1304 3162 1372 τῇ
3186 1302 3380 1373 ἀγάπῃ
3399 1316 3415 1332 ο
3445 1301 3482 1372 ἡ
3499 1300 3557 1353 δὲ
3578 1299 3769 1368 ἀγάπη
3795 1295 3950 1349 ἐστὶν
3976 1296 4009 1346 6

743 1393 916 1472 ιιυεί,
945 1394 1024 1448 uti
1068 1403 1251 1449 narrat
1299 1392 1526 1449 historia
1549 1435 1566 1459 ,
1593 1403 1948 1457 consuetum,
2004 1394 2318 1463 i-npeditam

2423 1395 2556 1459 Θεύς
2583 1411 2600 1428 ·
2630 1397 2714 1449 ὅτι
2745 1393 2894 1464 αὑτῷ
2934 1395 3135 1465 πρέπει
3170 1393 3298 1461 δόξα
3319 1432 3336 1459 ,
3374 1392 3598 1464 κράτος,
3631 1390 3791 1460 τιμὴ,
3833 1387 3933 1442 καὶ
3966 1387 4005 1456 ἡ

745 1500 1017 1542 e.cusare
1056 1485 1298 1556 linguam
1326 1483 1372 1537 ί.
1413 1482 1704 1539 Enimvero
1733 1483 1824 1538 ille
1845 1483 2107 1540 vicarium
2136 1494 2320 1540 orato-

2263 1500 2320 1540 ο-
2425 1484 2795 1555 προσκύνησις
2826 1485 2907 1546 εἰς
2937 1484 3068 1548 τοὺς
3097 1483 3301 1547 αἰῶνας
3328 1483 3438 1538 τῶν
3457 1481 3691 1538 αἰώνων.
3730 1480 3930 1548 Ἀμήν.

745 1589 862 1632 rem
914 1576 1102 1633 habuit
1152 1586 1208 1632 et
1241 1574 1515 1631 eruditum
1569 1583 1624 1630 et
1667 1575 1979 1644 expeditum
2024 1577 2315 1632 Aaronem.
2352 1575 2457 1632 Sed
2495 1585 2577 1642 tu,
2617 1575 2800 1630 divine
2849 1584 3048 1646 mysta,
3080 1574 3221 1630 haud
3267 1573 3382 1630 scio
3405 1588 3517 1644 quo
3553 1572 3665 1626 lato
3727 1560 4011 1639 impulsus

747 1673 815 1721 ad
847 1667 1054 1722 aridam
1086 1665 1228 1720 hanc
1255 1667 1551 1722 cisternam
1575 1671 1631 1720 et
1656 1662 2034 1734 Egyptiarum
2059 1679 2318 1720 ranarum
2358 1667 2640 1737 uliginem,
2671 1665 2781 1721 imo
2841 1667 3114 1722 ulceribus
3161 1666 3375 1736 plenam
3431 1665 3510 1721 sis
3579 1664 3812 1720 delatus.
3894 1662 4008 1729 Qui

748 1770 928 1812 tamen
961 1757 1117 1828 501
1171 1773 1272 1826 par
1301 1773 1411 1814 non
1437 1765 1557 1822 est,
1599 1755 1677 1810 uti
1707 1770 1812 1810 non
1844 1763 2062 1826 sponte,
2139 1756 2234 1812 sed
2302 1765 2396 1813 tuo
2428 1757 2588 1828 jussu
2640 1765 2949 1828 susceptam
3002 1757 3306 1813 orationem
3362 1756 3416 1810 in
3469 1755 3577 1810 line
3611 1755 4010 1810 destituamus.

748 1868 990 1916 rursum,
1017 1867 1052 1905 o
1078 1850 1316 1908 celestis
1343 1865 1560 1922 pegase,
1583 1848 1902 1920 praeclarum
1933 1857 2041 1904 tua:
2072 1850 2494 1920 pulchritudinis
2515 1852 2798 1922 praemium
2860 1849 3197 1906 subtexendo
3230 1850 3343 1919 jam
3400 1847 3647 1918 proxime
3671 1875 3680 1880 -
3701 1847 3772 1902 ad
3833 1861 4006 1902 mon-

750 1959 856 1997 mn
897 1953 1145 1998 sanctum
1221 1943 1538 2006 accesseris,
1605 1940 1884 2009 oculisque
1928 1941 1982 1994 in
2047 1941 2243 1997 omium
2286 1943 2518 1998 sublatis
2563 1943 2677 2012 jam
2728 1943 2918 2014 pedem
2975 1943 3031 1998 in
3088 1941 3457 1997 fundamentis
3527 1940 3654 1995 caeli
3711 1938 3995 2009 posueris.

748 2035 1048 2090 Cucurriin
1077 2050 1208 2104 ergo
1231 2043 1286 2090 et
1315 2034 1632 2099 recurristi,
1671 2035 1724 2086 in
1749 2033 1917 2087 altum
1942 2033 2204 2100 evasisti;
2241 2034 2311 2088 ad
2344 2034 2783 2090 Cberubinorum
2824 2034 3046 2090 ordines
3095 2049 3193 2090 seu
3259 2033 3488 2087 virtutes
3557 2029 3856 2099 aspirasti;
3901 2028 4012 2082 de-

749 2127 928 2197 pulsis
953 2141 1018 2181 ac
1048 2126 1394 2194 triumphalis
1422 2124 1667 2179 hostibus
1701 2123 1755 2176 in
1809 2122 2008 2179 omium
2061 2124 2309 2192 evolasti,
2338 2135 2393 2182 et
2426 2126 2482 2182 in
2517 2127 2692 2197 jubilo
2723 2126 3066 2183 ascendisti:
3115 2127 3226 2181 dux
3259 2123 3468 2180 itineris
3502 2122 3685 2183 luisti,
3733 2122 4016 2190 hodieque

749 2221 952 2274 ducere
980 2227 1036 2272 et
1068 2217 1261 2288 prarire
1289 2231 1398 2272 non
1441 2214 1702 2285 gravaris,
1731 2215 1823 2283 qui
1855 2215 1922 2268 ad
1965 2216 2125 2271 scala:
2166 2226 2330 2288 caput
2363 2233 2790 2289 supremumque
2864 2220 3088 2289 gradum
3149 2219 3366 2283 enixus,
3411 2217 3522 2271 Deo
3555 2231 3655 2286 per
3679 2217 4015 2272 charitateru

751 2329 813 2369 cs
853 2314 1071 2383 penitus
1103 2311 1360 2365 insertus.
1418 2308 1562 2365 Deus
1602 2318 1785 2366 autem
1821 2310 2061 2368 Charitas
2122 2321 2238 2378 cst,
2301 2314 2390 2368 cui
2430 2315 2637 2386 gloria,
2694 2315 3017 2386 imperium,
3073 2314 3275 2377 honor,
3323 2322 3379 2367 et
3418 2311 3666 2367 adoratio
3711 2311 3766 2366 in
3811 2325 4018 2368 omnes

752 2404 1002 2458 omnium
1039 2403 1365 2458 sazculorum
1406 2408 1757 2454 mtcrnitates.
1818 2401 2014 2454 Amen.

1315 2487 1407 2542 AD
1457 2487 1610 2542 CAP.
1648 2486 1764 2541 XV.
2361 2501 2403 2555 Β

1376 2580 1628 2636 Scholion
1664 2581 1715 2634 l.

2945 2492 3052 2547 ΕΙΣ
3093 2493 3344 2547 ΚΕΦΑΛ.
3396 2488 3496 2546 IE'.

3027 2583 3288 2651 Σχόλιον
3312 2587 3384 2636 α’.

829 2674 1116 2746 Proprium
1158 2681 1244 2729 est
1285 2672 1481 2727 anima:
1530 2687 1679 2742 purae
1725 2687 1908 2735 sermo
1944 2673 2094 2727 omni
2140 2688 2334 2730 carens

2503 2673 2698 2744 Ψυχῆς
2733 2675 2980 2745 καθαρᾶς
3019 2675 3171 2740 ἰδιον,
3215 2673 3373 2744 λόγος
3415 2674 3516 2746 μιν
3554 2673 3806 2745 ἄφθονος,
3841 2672 4021 2743 ζῆλος

754 2771 954 2826 invidia
973 2809 988 2834 ,
1011 2766 1288 2823 mrilulatio
1311 2766 1537 2836 simpiex
1575 2775 1631 2822 et
1658 2765 1940 2830 innocens,
1963 2774 2017 2820 et
2050 2781 2208 2820 amor
2235 2781 2333 2822 seu

2433 2765 2490 2819 δὲ
2519 2765 2723 2832 ἄκακος
2750 2766 2846 2820 καὶ
2878 2765 3017 2838 ιρως
3040 2767 3320 2830 ἄπαυστος
3335 2767 3432 2820 τοῦ
3458 2767 3665 2838 Κυρίου
3692 2767 3794 2836 τῆς
3811 2765 3980 2835 δόξης
3998 2781 4017 2795 ·

753 2859 1084 2916 desiderium
1119 2857 1305 2928 gloria:
1332 2855 1543 2911 Domini
1583 2865 1924 2912 aeternumet
1959 2856 2332 2926 irrequietum.

755 2950 910 3006 Tunc
933 2950 1078 3006 enim
1110 2965 1264 3004 tuens
1290 2964 1419 3004 suas
1450 2949 1630 3002 lances
1658 2958 1710 3001 et
1742 2951 1976 3014 pondera
2004 2947 2331 3010 conformat,

2435 2858 2557 2912 τότε
2580 2857 2688 2927 γὰρ
2739 2859 2836 2912 καὶ
2873 2859 2972 2922 τάς
3013 2857 3220 2921 οἰκείας
3259 2860 3290 2912 6
3333 2857 3460 2922 νοῦς
3496 2857 3843 2928 διαρυθμίζει
3876 2855 4020 2910 τιλά-

2438 2965 2668 3017 στιγγας
2701 2967 2716 2979 ·
2753 2950 2849 3001 καὶ
2883 2948 2942 3001 ἐν
2982 2947 3358 3020 καθαρωτάτῳ
3395 2948 3668 3019 κριτηρίῳ
3702 2949 3771 3018 τῇ
3807 2944 4020 3000 ἑαυτοῦ

757 3052 918 3112 atque
959 3042 1014 3096 in
1060 3039 1357 3110 purissimo
1386 3038 1639 3092 tribunali
1691 3038 1890 3092 incutis
1915 3051 2028 3093 sum
2062 3038 2338 3093 examinat

1292 3052 1357 3093 no
1386 3038 1639 3092 tribunali
1691 3038 1890 3092 montis
1915 3051 2028 3093 sum
2062 3038 2338 3093 examinat
2435 3041 2641 3112 διανοίᾳ
2676 3039 2959 3110 ὲμπαρών.

756 3143 810 3186 ct
841 3133 1090 3202 castigat.

1373 3217 1622 3273 Scholion
1660 3218 1715 3272 2.

830 3312 1334 3381 Concupisecntiam
1366 3309 1572 3365 carnis.

1380 3399 1632 3455 Scholion
1668 3399 1721 3455 '5.

831 3493 1056 3564 illatum,
1107 3490 1387 3553 animum,
1442 3488 1734 3558 superbum
1806 3489 2058 3562 intelligit
2117 3489 2336 3545 nomine

765 3581 1080 3637 Pharaonis.

3038 3201 3298 3270 Σχόλιον
3327 3199 3396 3269 β’.

2507 3289 2618 3360 Τὴν
2656 3289 2924 3359 σαρκικὴν
2946 3288 3261 3359 ἐπιθυμίαν.

3047 3379 3306 3447 Σχόλιον
3330 3377 3401 3446 γ’.

2519 3471 2858 3542 Ἐπηρμενον
2885 3468 3012 3523 νοῦν
3035 3469 3384 3542 ὑπερήφανον
3416 3469 3566 3538 λέγει
3609 3466 3870 3533 πτώσεως
3908 3485 4019 3539 γε·

2437 3561 2545 3615 νῶν
2560 3563 2648 3633 (η)
2679 3561 2742 3616 τὸ
2777 3560 2999 3632 Φαραώ.

1383 3664 1629 3720 Scholion
1669 3667 1723 3722 4.
3038 3656 3050 3706 έ

3038 3651 3300 3722 Σχόλιον
3342 3651 3407 3706 δ’.

830 3755 1026 3809 Carnis
1063 3754 1312 3809 ardorem
1349 3753 1624 3808 Climacus
1660 3754 1812 3810 dicit.

2509 3741 2620 3814 Τὴν
2647 3743 2913 3815 σαρκικὴν
2943 3742 3190 3814 πύρωσιν
3225 3743 3255 3795 6
3281 3740 3500 3815 κλίμαξ
3515 3740 3687 3811 λέγει.

1379 3839 1627 3895 Scholion
1665 3841 1720 3895 5.
2361 3823 2409 3884 ί)
3041 3878 3046 3889 ε

1716 3882 1720 3893 ,
2361 3823 2409 3884 C
3041 3835 3299 3902 Σχόλιον
3320 3837 3383 3888 ε’.

837 3931 960 3984 Sive
993 3927 1282 3999 perlectam
1316 3927 1677 3996 cognitionem
1718 3927 1772 3980 in
1814 3925 1996 3982 futuro
2026 3927 2246 3984 saeculo.

2537 3929 2718 3997 Ηγουν
2748 3929 2848 3999 τὴν
2870 3926 3083 3982 τελείαν
3108 3926 3314 3996 γνῶσιν
3339 3925 3441 3998 τὴν
3470 3926 3530 3980 ἐν
3560 3924 3640 3996 τῷ
3663 3925 3937 3996 μέλλοντι.

1285 4017 1447 4088 502
1496 4017 1747 4074 Scholion
1782 4017 1835 4072 6.
2261 4087 2269 4088 ί

1730 4035 1747 4072 ι
1782 4017 1835 4072 6.
2261 4087 2269 4088 ί
3027 4017 3288 4087 Σχόλιον
3321 4023 3397 4082 ς’.

835 4110 948 4166 lloc
976 4109 1107 4165 dicit
1134 4125 1148 4163 :
1194 4087 1400 4178 Populo
1428 4087 1522 4162 tuo
1550 4110 1765 4177 proprio
1795 4108 1918 4176 igne
1947 4106 2195 4176 ardenti,
2225 4087 2340 4164 sive

2508 4107 2682 4161 Τοῦτο
2731 4107 2901 4176 λέγει,
2943 4107 3029 4160 ὅτι
3070 4106 3364 4178 Καιομένῳ
3403 4106 3484 4178 τῷ
3520 4105 3600 4176 σῷ
3635 4105 3750 4177 λαῷ
3777 4106 3885 4161 ὑπὸ
3913 4109 4027 4162 τοῦ

762 4202 881 4258 suis
931 4197 1320 4270 cupiditatibus
1371 4193 1825 4266 concupiscentia)
1881 4194 2170 4266 ﬂagranti,
2242 4209 2340 4265 per

2438 4195 2644 4250 οἰκείου
2692 4195 2883 4266 πυρὸς,
2932 4196 3101 4266 ἦγουν
3144 4195 3255 4248 τῶν
3303 4195 3525 4249 οἰκείων
3568 4194 3878 4266 ἐπιθυμιῶν
3917 4199 4029 4251 καὶ

764 4293 969 4360 lignum
1000 4289 1181 4344 crucis
1206 4297 1462 4357 tanquam
1497 4286 1706 4356 Moyses
1733 4287 2072 4360 succurristi,
2103 4287 2217 4344 sive
2246 4301 2342 4358 per

2441 4287 2630 4341 παθῶν
2659 4287 2748 4342 διά
2776 4287 2936 4355 ξύλου
2962 4286 3220 4359 σταυροῦ,
3249 4287 3441 4358 ὥσπερ
3468 4288 3498 4340 6
3520 4286 3761 4356 Μωῦσῆς
3781 4287 4031 4342 ἐπεκού-

764 4382 1146 4446 atilictionem,
1195 4387 1250 4435 et
1299 4378 1705 4434 crucilixionem
1754 4377 1930 4434 fontes
1975 4379 2338 4450 lacrymarum

2443 4395 2636 4452 ρησας,
2655 4379 2826 4451 {now
2849 4377 2938 4432 διὰ
2983 4377 3357 4443 κακοπαθειας
3393 4379 3486 4432 καὶ
3517 4376 3874 4448 σταυρὼσεως
3907 4377 4027 4448 τῆς

766 4473 871 4528 illis
909 4474 976 4525 ad
1027 4470 1277 4526 Mosaicae
1327 4467 1796 4538 contemplationis
1838 4469 2108 4542 [visionis]
2157 4471 2339 4527 imita-

2440 4472 2664 4544 σαρκὸς,
2697 4472 2880 4542 πηγὰς
2904 4469 3160 4540 δακρύων
3188 4470 3514 4534 ἀναϐλύσας
3529 4468 3715 4532 αὐτοῖς
3740 4467 3884 4524 κατά
3911 4470 4026 4540 μισ

767 4567 968 4620 tionem
1006 4561 1330 4632 produxisn.

2443 4579 2607 4634 μησιν
2631 4560 2726 4616 τοῦ
2752 4561 3050 4617 Μωσαϊκοῦ
3071 4561 3448 4635 θεωρήματος.

1379 4653 1628 4709 Scholion
1662 4655 1716 4709 7.
2912 4657 3046 4724 Σχό.

2912 4657 3174 4724 216.1407-
3212 4653 3422 4713 Ἰσαὰκ
3450 4655 3516 4719 ζ’.

832 4746 952 4802 Duo
979 4755 1108 4815 sunt
1161 4743 1307 4799 modi
1351 4744 1530 4799 crucis
1555 4740 2004 4809 conscendcndae,
2049 4742 2185 4798 alter
2213 4758 2338 4800 cum

2507 4745 2611 4798 Δύο
2645 4746 2834 4817 τρόποι
2856 4745 2963 4798 εἰσὶ
2991 4741 3088 4797 τοῦ
3115 4743 3362 4799 ἀνελθεῖν
3388 4744 3450 4798 ἓν
3468 4742 3550 4814 τῷ
3570 4741 3813 4815 σταυρῷ,
3841 4742 3872 4796 6
3900 4738 4022 4810 εἷς,

766 4853 966 4907 corpus
997 4838 1052 4892 in
1073 4851 1285 4892 crucem
1323 4835 1541 4904 agitur;
1568 4835 1705 4889 alter
1725 4849 1850 4888 cum
1882 4849 1979 4904 per
2003 4835 2306 4904 contempla
2329 4867 2344 4882 -

2437 4837 2471 4904 ὴ
2507 4835 2810 4906 σταύρωσις
2838 4833 2933 4888 τοῦ
2959 4833 3211 4905 σώματος
3235 4853 3250 4867 ·
3283 4836 3380 4890 καὶ
3404 4836 3435 4890 6
3464 4833 3738 4907 δεύτερος,
3768 4832 3865 4888 τοῦ
3903 4836 4022 4890 ἀν-

767 4931 968 4984 tioaem
1011 4929 1065 4982 in
1097 4940 1312 4982 crucem
1340 4927 1726 4982 ascendimus:
1776 4935 1831 4981 et
1885 4925 2093 4996 primus
2120 4927 2338 4996 quidem

2439 4925 2610 4979 ελθεῖν
2630 4927 2712 4989 εἰς
2740 4926 2974 4995 θεωρίαν
2989 4941 3007 4958 ο
3031 4925 3127 4980 καὶ
3147 4926 3179 4980 6
3204 4924 3305 4996 μὲν
3329 4925 3545 4998 πρῶτος
3573 4928 3640 4981 ὲκ
3664 4925 3767 4997 τῆς
3794 4924 4031 4981 ἐλευθε-

767 5036 833 5074 cx
863 5021 1130 5087 libertate,
1164 5020 1300 5075 alter
1328 5035 1394 5074 ex
1419 5020 1469 5074 vi
1510 5027 1562 5074 ct
1603 5018 1818 5074 actione
1849 5032 2075 5088 operum
2107 5019 2201 5083 lit,
2250 5020 2340 5075 cui

2443 5016 2562 5085 ρίας
2584 5031 2600 5048 ο
2634 5017 2665 5068 6
2685 5015 2742 5070 δὲ
2761 5015 3010 5088 δεύτερος
3039 5016 3105 5070 ἑκ
3139 5015 3240 5086 τῆς
3261 5016 3544 5088 ἐνεργείας
3572 5016 3683 5072 τῶν
3701 5016 3879 5088 ἔργων
3922 5019 4023 5088 γί-

771 5122 878 5160 non
912 5106 1198 5177 subjicitur
1232 5121 1386 5160 meus
1421 5105 1524 5161 nisi
1552 5119 1751 5175 corpus
1786 5105 1952 5160 fuerit
2001 5105 2332 5176 subjectum.
2365 5157 2410 5180 ἢ

2365 5157 2410 5180 ἢ
2439 5123 2609 5172 νεται,
2639 5098 2790 5174 ᾧτινι
2811 5105 2909 5176 οὑχ
2938 5105 3301 5161 ὑποτάσσεται
3328 5107 3359 5160 6
3385 5105 3530 5172 νοῦς,
3553 5107 3650 5162 ὲάν
3671 5106 3749 5179 μὴ
3769 5107 3831 5162 τὸ
3850 5107 4028 5180 σῶμα

771 5199 1013 5267 Regnum
1065 5198 1232 5253 animi
1284 5206 1368 5253 est
1407 5196 1685 5253 cruciﬁxio
1708 5197 1994 5268 corporis;
2044 5212 2146 5254 nec
2182 5212 2336 5254 mens
2365 5194 2410 5214 ν

2365 5194 2410 5214 ν
2439 5198 2706 5268 ὑποταγῇ.
2748 5198 2813 5251 Ἠ
2841 5195 3088 5267 βασιλεία
3115 5195 3212 5250 τοῦ
3238 5194 3351 5263 νοῦ,
3381 5198 3416 5268 ὴ
3440 5196 3744 5267 σταύρωσίς
3774 5198 3891 5252 ἐστι
3914 5201 4025 5254 τοῦ

770 5290 882 5341 dco
911 5285 1196 5356 subjicitur
1237 5287 1341 5343 nisi
1372 5286 1602 5342 liberum
1636 5286 1919 5342 arbitrium
1948 5287 2146 5343 rationi
2176 5287 2340 5345 lucrit

2437 5290 2705 5360 σώματος,
2750 5289 2846 5342 καὶ
2889 5288 2989 5359 οὑχ
3017 5289 3382 5343 ὑποτάσσεται
3419 5289 3450 5342 6
3477 5287 3599 5351 νοῦς
3630 5288 3706 5359 τῷ
3743 5289 3884 5359 Θεῷς
3917 5291 4027 5344 ἐὰν

773 5380 1098 5449 subjectum.

2445 5382 2520 5451 μὴ
2549 5381 2798 5450 ὑποταγῇ
2832 5379 2893 5433 τὸ
2919 5378 3260 5445 αὐτεξούσιον
3296 5379 3378 5451 τῷ
3408 5378 3630 5450 λογικῷ.

849 5557 864 5594 ί
904 5557 1075 5614 Exod.
1131 5574 1203 5622 tv,
1243 5559 1317 5613 ιθ.

841 5735 918 5806 (a)
969 5737 1148 5796 Locus
1185 5741 1392 5797 videtur
1426 5755 1734 5814 corruptus.
1769 5744 2019 5803 l-ortassc
2058 5751 2204 5814 γίνυς
