4222 6448
738 401 868 469 1231
1863 398 1922 457 S.
1967 394 2286 457 JOANNIS
2332 395 2405 453 R.‘

2333 393 2538 453 R.\IT1
2549 393 2849 455 IUENSIS
3856 390 4000 456 Ῑ2Ῑ2

3423 536 3793 546 -σ--ηῂ
3812 533 3969 547 ...Τ

3429 552 3932 563 —-————-—o—-_
3942 555 3974 567 -

2753 535 3423 562 π

1446 538 2851 571 mm":

1770 714 2284 829 SANCTI
2360 711 2969 827 JOANNIS

2004 940 2321 1003 ABBATIS
2362 939 2707 1011 RAYTIIU,

1060 1130 1123 1172 m
1169 1111 1367 1173 sancti
1407 1109 1689 1181 Joannis,
1734 1112 2159 1184 cognomento
2191 1102 2561 1166 Scholastici
2593 1120 2703 1164 seu
2737 1100 2987 1163 Clitnat-i
3029 1100 3359 1163 Climaccm
3393 1098 3664 1162 Scholia.

3686 1328 3706 1353 Φ

1013 1424 1143 1478 CAP.
1177 1421 1197 1475 l
1231 1424 1308 1475 An
1336 1421 1562 1476 Gnaeo:
1591 1416 1760 1486 l(col.
1792 1415 1892 1473 651
1922 1418 2009 1487 A).
2344 1428 2391 1483 Α
2419 1416 2703 1484 proﬁtetur
2735 1416 3102 1485 evangelicam
3141 1424 3196 1469 ct
3244 1414 3549 1485 religiosam
3589 1415 3756 1468 vitam
3792 1423 3847 1469 et
3905 1431 3999 1469 ar-

807 1518 850 1571 Α
895 1516 1004 1572 Deo
1034 1517 1147 1583 ipso
1173 1528 1466 1578 sumamus,
1509 1519 1615 1566 etc.
1654 1510 1992 1580 Principium
2034 1510 2302 1576 omnium,
2407 1514 2539 1571 tem,
2573 1518 2626 1560 et
2654 1508 2948 1569 mundanc,
2982 1515 3038 1559 et
3076 1506 3334 1571 resolute,
3372 1506 3429 1559 in
3458 1506 3692 1567 deliciis,
3740 1516 3799 1560 et
3840 1522 3999 1561 [ρευ-

737 1611 880 1663 Deus
904 1618 1009 1672 est,
1052 1616 1111 1661 ut
1134 1615 1366 1668 creator,
1396 1602 1656 1668 medium,
1679 1612 1739 1657 ut
1770 1602 2040 1672 provisor,
2079 1603 2223 1665 linis,
2248 1612 2307 1656 ut
2409 1594 2708 1650 lutionibus
2756 1605 2812 1649 ct
2851 1595 3302 1650 delectationibus
3352 1598 3477 1650 vita:
3534 1596 3791 1661 labentis,
3830 1597 3999 1651 latam

737 1701 1045 1771 ικηοίνυειοιιε
1074 1714 1105 1753 τι
1151 1712 1261 1766 quo
1299 1688 1560 1750 debemus
1593 1694 1771 1749 facere
1804 1710 1912 1748 ιιοη
1952 1696 2129 1749 solum
2158 1693 2308 1765 prin-
2408 1687 2552 1740 viam
2602 1689 2836 1756 diligens
2862 1698 3242 1742 conversatur.
3277 1687 3481 1757 Impius
3518 1698 3599 1742 est
3627 1704 3849 1757 quoque
3901 1690 3998 1759 qui

736 1791 939 1859 cipiunt
973 1788 1265 1851 sermonis,
1302 1787 1396 1842 sed
1439 1785 1777 1849 intentionis,
1810 1792 1864 1839 et
1891 1786 2091 1854 cperis,
2117 1792 2177 1839 ut
2207 1798 2308 1838 no-
2411 1792 2518 1831 non
2555 1780 2839 1845 proﬁtetur
2885 1778 3258 1846 cvangelicam
3291 1777 3456 1829 vitam
3494 1786 3713 1846 prepter
3739 1779 4002 1831 humana:

736 1893 847 1936 stra
879 1889 1098 1950 prepter
1129 1881 1330 1948 ipsum,
1355 1886 1410 1931 et
1443 1877 1496 1929 in
1529 1876 1645 1945 ipso
1675 1875 1828 1930 ﬁant.
1864 1874 1933 1927 Et
1968 1875 2165 1928 amicos
2190 1876 2311 1945 qui-
2410 1870 2710 1939 prudentia:
2736 1870 3133 1939 insipientiam,
3154 1869 3307 1938 juxta
3350 1869 3477 1922 illud
3512 1887 3527 1922 :
3568 1870 3713 1921 Dixit
3741 1872 4000 1937 insipiens

734 1974 852 2024 dem
888 1970 983 2023 Dei
1011 1985 1029 2022 :
1057 1983 1289 2038 quorum
1308 1966 1701 2036 experientiam
1732 1966 1932 2020 habent
1960 1966 2053 2035 qui
2085 1965 2308 2021 humilia
2408 1962 2463 2014 in
2494 1960 2648 2014 corde
2668 1978 2764 2014 suo
2792 1962 2832 2026 ⁸,
2862 1969 2996 2025 etc.,
3028 1961 3156 2030 quia
3192 1960 3282 2015 hic
3307 1960 3429 2015 talis
3459 1960 3693 2015 honorat
3716 1973 3773 2016 et
3804 1978 3999 2031 appre-

735 2062 977 2132 sapiunt.
1016 2060 1246 2128 Propter
1270 2058 1593 2115 delectabile
1627 2067 1805 2113 autem
1848 2059 2059 2113 amicus
2086 2056 2305 2125 dicitur,
2409 2054 2574 2107 tiatur
2610 2054 2938 2108 creationem
2969 2056 3152 2123 potius
3191 2068 3355 2123 quam
3401 2052 3738 2109 Creatorem.
3783 2054 3882 2108 Dei
3934 2072 3994 2108 n-

735 2165 797 2209 ut
838 2162 1061 2225 propter
1090 2152 1223 2207 utile
1252 2161 1306 2208 et
1355 2160 1572 2221 propter
1614 2151 1845 2219 bonum,
1882 2165 2072 2206 servus
2104 2161 2197 2206 :et
2220 2151 2309 2205 hic
2411 2157 2584 2199 mater
2612 2158 2688 2199 est
2716 2162 2735 2199 :
2765 2144 3127 2201 differentiam
3162 2144 3400 2200 ostendit
3430 2145 3525 2200 Dei
3564 2146 3897 2211 dilectionis,
3947 2160 4001 2201 ct

734 2247 951 2317 quidem
984 2244 1297 2301 conditione
1338 2252 1393 2299 et
1432 2243 1728 2307 creatione,
1773 2253 1832 2297 ut
1871 2243 2056 2309 ﬁlius;
2104 2243 2210 2297 ﬁde
2255 2250 2310 2298 et
2410 2236 2690 2300 monachi,
2713 2237 2921 2291 scilicet
2963 2244 3282 2292 sanctorum
3321 2235 3666 2291 saecularium
3694 2250 3748 2292 et
3780 2238 3999 2293 ordinis

735 2338 1169 2401 conversatione,
1189 2346 1247 2391 ut
1269 2334 1472 2390 Paulus
1492 2344 1545 2390 et
1564 2334 1775 2406 Moyses
1804 2334 1936 2389 :Per
1959 2336 2309 2391 obedientiam
2406 2330 2821 2400 coniugatorum
2873 2337 2930 2384 et
2984 2328 3331 2399 perfectioris
3378 2331 3796 2385 monachorum.
3849 2330 4001 2386 Dicit

734 2427 1188 2497 indiscussamﬂ)
1220 2444 1232 2479 :
1260 2425 1632 2481 Ubedientiam
1657 2424 1747 2479 hic
1769 2424 1902 2481 dicit
1921 2425 2304 2494 indiscussam,
2405 2436 2536 2489 ergo
2568 2423 2635 2475 de
2688 2422 2936 2475 saeculari
2966 2432 3157 2477 sancto
3196 2440 3209 2476 :
3263 2422 3355 2477 Dei
3407 2434 3618 2477 amator
3668 2434 3772 2489 est,
3804 2426 3903 2492 qui
3942 2424 3999 2478 in

732 2529 955 2591 propter
975 2518 1097 2573 ﬁdei
1128 2518 1516 2587 plenitudinem
1539 2525 1592 2571 et
1614 2516 1908 2573 voluntatis
1929 2517 2163 2587 propria:
2188 2532 2306 2587 per-
2407 2515 2608 2571 mundo
2636 2514 2995 2584 corporaliter
3034 2514 3244 2578 vivens,
3285 2530 3393 2568 non
3424 2517 3796 2570 communicat
3828 2533 3999 2570 aver-

734 2614 929 2665 lcctam
972 2609 1465 2665 mortiﬁcationem.
1527 2610 1787 2664 Subtristi
1815 2608 1892 2681 (‘2)
1932 2620 1981 2663 et
2022 2610 2306 2680 perlucida:
2407 2606 2656 2661 sionibus
2679 2621 2802 2675 qua:
2843 2614 2972 2661 sunt
2997 2614 3190 2660 contra
3216 2615 3492 2672 naturam,
3519 2623 3644 2662 cum
3684 2617 3895 2661 motum
3938 2621 4000 2663 et

732 2702 1021 2755 humilitati
1058 2719 1071 2754 :
1104 2700 1419 2757 Maerentem
1453 2700 1625 2770 ipsam
1650 2701 2011 2755 humilitatem
2040 2712 2220 2765 vocat,
2252 2712 2305 2759 et
2341 2758 2377 2771 λ
2406 2701 2652 2755 ordinem
2685 2702 2779 2771 qui
2806 2708 2891 2756 est
2911 2701 3214 2756 secundum
3249 2711 3524 2769 naturam,
3554 2704 3647 2758 sed
3676 2702 3767 2757 Dei
3792 2706 4001 2757 volun-

732 2794 1090 2847 tentationum
1124 2802 1176 2847 et
1225 2807 1509 2863 poenarum
1557 2793 2043 2862 supportationem,
2089 2805 2308 2864 pr0pter
2341 2758 2379 2812 Β
2409 2802 2578 2848 tatem
2613 2794 2873 2849 omnibus
2902 2794 3192 2863 praeponit,
3230 2796 3417 2849 unitus
3459 2795 3660 2849 Christi
3706 2796 3996 2851 cbaritati.

735 2885 972 2939 tristium
1004 2884 1399 2951 suﬁ‘erentiam,
1434 2893 1488 2939 et
1514 2884 1891 2949 adversitates,
1922 2896 1979 2940 et
2009 2902 2220 2955 ptenas,
2251 2896 2307 2942 et
2410 2882 2677 2952 Perpetua
2710 2894 2918 2938 natura:
2939 2884 3207 2939 uiolentia.
3244 2884 3301 2939 In
3330 2895 3524 2939 natura
3548 2888 3818 2951 rationali,
3848 2888 3998 2942 aﬂ'e-

734 2992 1020 3046 pressuras
1042 3017 1058 3042 ,
1114 2988 1167 3031 et
1212 2977 1463 3032 utilitatis
1490 2977 1732 3032 studium
1753 3018 1766 3041 ,
1799 2986 1854 3030 et
1893 2979 2303 3048 castigationem
2406 2977 2614 3032 etiones
2653 2985 2708 3031 et
2740 2975 3090 3030 habitudines
3122 2985 3251 3032 sunt
3280 2993 3294 3029 :
3327 2976 3554 3042 scilicet,
3599 2977 3651 3030 in
3702 2979 3999 3041 irascibili,

733 3070 1007 3140 corporis,
1045 3082 1099 3124 et
1144 3071 1460 3126 memoriam
1500 3070 1695 3125 mortis
1726 3088 1740 3123 :
1769 3070 2142 3139 splendentem
2175 3086 2304 3125 vero
2405 3067 2579 3133 furor,
2609 3068 2712 3129 ira,
2750 3067 3076 3138 indignatio,
3098 3068 3274 3135 livor;
3304 3068 3357 3121 in
3384 3068 3813 3138 concupiscibili,
3835 3070 4001 3124 dele-

734 3161 980 3215 camdem
1020 3160 1184 3227 dicit,
1225 3169 1445 3232 propter
1482 3175 1670 3230 pacem
1715 3160 2086 3224 intrinsecam,
2127 3162 2303 3215 virtu-
2405 3160 2594 3224 ctatio,
2618 3159 2971 3224 desiderium,
3003 3159 3249 3214 tristitia.
3287 3159 3392 3215 Ista
3425 3160 3592 3231 igitur
3624 3176 3999 3230 superascen-

730 3261 845 3305 ’.ειη
875 3251 1148 3317 decorem,
1173 3250 1440 3306 desideria
1468 3251 1729 3316 cmlestia,
1761 3266 1912 3321 spem
1952 3260 2301 3321 teternorum,
2404 3245 2574 3311 dens,
2625 3259 2875 3303 naturam
2912 3250 3138 3304 omnino
3197 3250 3436 3319 negavit.
3488 3250 3794 3321 Quicunque
3842 3267 4001 3319 pra:-

731 3341 1051 3395 charitatem
1082 3341 1135 3395 in
1174 3340 1365 3405 Deum,
1406 3350 1461 3396 et
1488 3340 1801 3411 dignitatem
1831 3356 1995 3411 quam
2027 3343 2142 3397 suis
2172 3358 2303 3412 pos-
2403 3341 2563 3393 sentis
2596 3341 2718 3394 vita:
2746 3357 2765 3395 :
2795 3339 2932 3397 Tres
2957 3342 3287 3397 intentiones
3311 3342 3676 3397 recedentium
3700 3358 3729 3395 a
3753 3344 3999 3413 mundo,

732 3435 1037 3489 sessor-ibus
1074 3434 1354 3504 elargitur.
1412 3433 1647 3489 Mterens
1689 3434 1852 3488 etiam
1907 3445 1991 3489 est
2026 3435 2303 3491 humilitas
2403 3431 2577 3486 tribus
2613 3432 3198 3497 abrenuntiationibus,
3223 3442 3279 3489 et
3300 3435 3473 3490 tribus
3497 3433 3607 3489 Deo
3630 3435 3997 3491 servientium

734 3526 935 3595 tepidis
970 3536 1022 3580 et
1058 3526 1476 3597 negligentibus,
1529 3528 1621 3597 qui
1664 3526 1719 3581 in
1753 3526 2029 3580 laboribus
2066 3536 2120 3581 et
2146 3526 2302 3581 dolo-
2405 3524 2661 3591 gradibus
2716 3524 3090 3589 concordant,
3141 3524 3299 3594 juxta
3345 3541 3601 3596 magnum
3657 3526 3995 3595 Gregorium

734 3619 883 3671 ribus
908 3628 1124 3687 propter
1155 3619 1323 3673 Deum
1359 3628 1723 3683 murmurant,
1758 3619 2071 3683 anxiamur,
2112 3627 2167 3673 ct
2203 3619 2303 3674 do.
2404 3612 2736 3684 Theologum
2768 3616 2861 3686 qui
2886 3616 3015 3671 dicit
3046 3633 3061 3671 :
3095 3616 3221 3671 Tres
3256 3619 3437 3688 utique
3473 3634 3564 3689 ego
3613 3621 3728 3671 novi
3766 3619 3994 3675 ordines

732 3709 845 3765 lcnt
894 3727 908 3763 z
962 3710 1253 3779 splendens
1298 3726 1446 3777 vero,
1497 3721 1761 3777 mortem,
1807 3720 1862 3766 et
1902 3711 2258 3767 adversitates
2283 3753 2299 3779 ,
2401 3708 2794 3770 salvandorum,
2828 3708 3118 3771 servitutis,
3168 3710 3423 3763 mercedis
3456 3749 3471 3774 ,
3502 3722 3553 3765 et
3587 3710 3890 3777 ﬁliationis.
3920 3742 3998 3751 —

729 3811 783 3855 et
812 3803 1067 3873 martyris
1098 3804 1449 3872 diligentibus
1470 3813 1690 3874 propter
1728 3803 2027 3870 Christum,
2060 3812 2115 3860 et
2156 3805 2302 3858 utili-
2399 3795 2647 3851 Imitetur
2676 3799 2720 3852 is
2740 3799 2851 3869 qui.
2877 3811 2986 3854 etc.
3030 3797 3130 3855 Hic
3150 3799 3306 3869 juxta
3329 3801 3480 3856 illum
3504 3818 3752 3872 magnum
3772 3820 3998 3870 senem,

730 3900 893 3944 tatem
935 3891 1341 3947 tribulationum
1372 3901 1426 3948 et
1453 3894 1702 3947 dolorum
1731 3905 1786 3947 et
1822 3895 2016 3949 mortis
2059 3894 2299 3951 sull'erre
2406 3888 2502 3957 qui
2550 3900 2962 3945 monumentum
2995 3890 3102 3947 sibi
3145 3902 3196 3947 et
3255 3908 3358 3949 suo
3406 3893 3672 3963 discipulo
3706 3895 3874 3962 fecit,
3932 3910 4000 3953 ut

730 3996 790 4037 se
824 3985 1298 4052 cognoscentibus,
1332 3994 1550 4055 propter
1581 3984 1843 4056 Spiritum
1866 3996 2140 4041 sanctum.
2172 3987 2299 4055 Spi-
2400 3984 2579 4051 ipsum
2627 3982 2693 4035 ad
2746 3982 2953 4037 luctum
3001 3983 3307 4050 induceret,
3346 3994 3401 4039 et
3432 3986 3679 4055 exemplo
3722 3996 3779 4040 et
3814 3988 4000 4045 verbo

730 4074 1017 4129 ritualibus
1067 4076 1265 4131 tabulis
1292 4094 1311 4131 .'
1334 4077 1488 4144 dicit,
1518 4086 1738 4148 propter
1790 4078 2032 4143 ﬁrmum,
2065 4079 2298 4135 solidum
2326 4080 2370 4137 C
2400 4073 2640 4141 duceret.
2664 4076 2767 4131 iste
2804 4087 3030 4133 saueius
3059 4078 3302 4148 loquitur
3333 4098 3347 4133 :
3380 4088 3435 4134 et
3476 4080 3531 4134 in
3570 4082 3820 4150 praesenti
3851 4099 3999 4151 spe-

729 4175 786 4219 et
819 4167 1159 4221 indelebilem
1192 4167 1595 4235 characterem;
1636 4168 1852 4235 chartis,
1891 4180 2110 4240 propter
2142 4187 2304 4227 mun-
2400 4166 2689 4222 cuialionis
2747 4166 2915 4221 verbo
2961 4168 3219 4231 ostendit.
3252 4168 3384 4238 quia
3431 4169 3610 4225 luctus
3639 4170 3998 4240 sanctiﬁcat,

734 4256 888 4325 dum,
917 4268 1150 4325 castum,
1181 4271 1527 4316 mansuetum
1556 4270 1612 4317 et
1648 4260 1853 4317 humile
1874 4277 2005 4325 cor;
2050 4262 2302 4318 Volunta-
2400 4288 2401 4297 ι

2400 4265 2680 4326 operatur,
2715 4265 2771 4311 et
2791 4258 3053 4325 custodit,
3076 4266 3132 4313 et
3158 4260 3509 4314 annuntiator
3530 4260 3701 4315 beatae
3727 4260 3997 4329 impossi-

731 4357 782 4403 le
820 4359 870 4403 et
914 4350 1078 4405 libero
1117 4351 1344 4407 arbitrio
1372 4369 1393 4408 :
1444 4353 1638 4408 electio
1686 4362 1741 4408 et
1788 4354 2041 4411 voluntas
2089 4357 2301 4412 arbitrii

2403 4348 2627 4402 bilitatis
2661 4349 2897 4404 exsistit.
2944 4350 3256 4421 Quicunque
3291 4366 3357 4405 ea;
3392 4350 3626 4422 Ᾰῖςειριο
3654 4353 3933 4421 egreditur
3965 4372 3984 4409 :

730 4440 1006 4507 emerunt,
1056 4442 1183 4511 quia
1222 4444 1472 4499 voluntas
1514 4452 1597 4499 est
1632 4444 1972 4514 possibilium
2006 4455 2061 4500 et
2093 4447 2301 4516 impos-
2398 4450 2609 4509 oportet
2636 4456 2762 4497 eum
2790 4442 2887 4513 qui
2912 4443 3117 4498 mundo
3154 4443 3524 4508 abrenuntiat.
3555 4458 3907 4513 perseverare
3932 4446 3995 4500 in

730 4533 991 4591 sibiliu-n,
1018 4534 1210 4590 electio
1232 4544 1439 4589 tantum
1474 4535 1814 4605 possibilium
1850 4552 1865 4590 :
1897 4536 2130 4606 denique
2177 4539 2300 4606 quia
2398 4535 2670 4590 emnobio.
2699 4534 2758 4589 Si
2781 4550 2911 4590 vero
2939 4550 3045 4590 non
3080 4534 3134 4589 in
3162 4536 3413 4591 cenobio
3444 4536 3811 4601 abrenuntiat,
3847 4545 3995 4593 tunc

728 4626 981 4681 voluntas
1014 4636 1098 4681 est
1148 4628 1382 4682 maxime
1414 4627 1576 4705 ﬁnis;
1615 4626 1807 4682 electio
1852 4636 2067 4694 autem,
2111 4643 2297 4683 eorum
2399 4641 2622 4681 necesse
2652 4628 2832 4692 habet,
2867 4627 2970 4682 sub
3003 4627 3266 4698 magistro
3310 4637 3365 4683 et
3407 4639 3557 4698 patre
3604 4626 3871 4695 spirituali
3908 4630 3994 4683 iu-

727 4733 850 4786 qnae
876 4726 1004 4772 sunt
1027 4718 1094 4772 ad
1118 4721 1276 4775 tinem
1309 4737 1321 4773 :
1364 4718 1615 4774 Omnibus
1639 4721 1764 4775 vita.
1796 4718 2107 4774 Secundum
2136 4722 2299 4775 ratio—
2400 4718 2627 4771 [Oi-mari
2677 4718 2742 4771 ad
2777 4718 3256 4775 mortiﬁcationem
3298 4718 3532 4788 pr0priae
3572 4717 3893 4783 voluntatis,
3932 4732 3997 4775 et

731 4826 854 4864 nem
908 4812 1200 4866 creationis
1250 4819 1305 4865 et
1345 4811 1697 4879 providentia:
1737 4809 2005 4866 factorum
2031 4851 2049 4878 ,
2097 4813 2299 4867 dicitur
2399 4824 2612 4864 morum
2637 4810 3016 4872 directionem,
3050 4819 3107 4865 et
3133 4811 3473 4880 disciplinam
3509 4810 3853 4864 discretionis
3883 4828 3993 4866 co-

732 4902 874 4956 lit-us
905 4901 1236 4956 credentium
1269 4917 1396 4957 vero
1428 4901 1794 4958 obedientium
1840 4911 1896 4957 et
1935 4903 2297 4973 diligentium,
2398 4902 2722 4971 gitationum
2765 4914 2819 4955 et
2849 4902 3140 4971 spirituum
3176 4920 3189 4956 :
3217 4902 3321 4956 hoc
3348 4902 3492 4956 enim
3542 4902 3737 4971 probat
3771 4911 3824 4955 ct
3851 4902 3991 4957 lau—

728 4992 1056 5047 cxccllenter
1089 4993 1292 5047 dicitur
1321 4994 1450 5057 vita,
1492 5002 1546 5047 et
1580 4994 1750 5059 salus,
1784 4992 1943 5062 juxta
1976 4994 2107 5048 illud
2138 5012 2151 5048 :
2186 4996 2298 5065 Ego
2396 4993 2489 5046 dat
2526 5008 2619 5060 per
2659 4991 2827 5047 Musis
2859 4993 3127 5063 exempla,
3172 5004 3228 5049 et
3258 4992 3641 5060 lsraelitarum,
3673 5004 3726 5048 ct
3770 4998 3987 5063 angeli,

729 5100 850 5138 sum
882 5084 1025 5139 Deus
1052 5085 1345 5149 Abraham,
1374 5084 1525 5141 Isaac
1567 5095 1621 5140 et
1650 5084 1838 5140 Jacob.
1869 5084 2074 5153 Impius
2107 5098 2182 5141 est
2205 5088 2270 5140 ho
2397 5094 2450 5139 et
2481 5084 2597 5139 ltot.
2650 5084 2786 5139 Nam
2832 5085 2879 5140 si
2928 5088 3074 5154 quis,
3103 5087 3158 5140 in
3196 5087 3403 5141 artibus
3440 5085 3669 5140 faciliter
3710 5088 3830 5142 sine
3852 5104 3990 5143 ma-

730 5194 814 5230 mo
842 5191 861 5229 :
892 5176 1134 5231 deﬁnitio
1169 5178 1241 5247 pii
1267 5178 1647 5233 manifeStatur
1672 5178 1726 5232 in
1758 5178 2075 5234 deﬁnitione
2100 5180 2248 5250 impii
2278 5196 2293 5246 ;
2396 5179 2565 5246 gistro
2618 5192 2724 5232 non
2748 5178 3019 5249 dirigitur,
3053 5181 3225 5234 multo
3264 5181 3439 5251 magis
3474 5180 3530 5235 in
3583 5181 3684 5236 hac
3727 5190 3845 5235 arte
3885 5197 3989 5237 ar-

727 5277 781 5320 et
815 5266 1002 5336 injusti
1030 5269 1293 5333 deﬁnitio,
1322 5270 1376 5324 in
1399 5270 1863 5341 deﬁnitionejusti
1895 5289 1908 5325 :
1940 5271 2065 5326 licet
2088 5274 2181 5341 qui
2213 5283 2297 5326 est
2396 5269 2553 5332 tium,
2585 5271 2845 5338 magistro
2871 5269 3173 5340 indigemus
3196 5278 3252 5325 et
3275 5271 3433 5333 duce:
3469 5271 3772 5326 humilitate
3805 5272 3987 5341 igitur

728 5358 845 5413 sine
870 5359 1006 5430 lege,
1046 5361 1129 5414 vel
1168 5360 1298 5431 legis
1337 5362 1739 5430 praevaricator,
1779 5362 1992 5417 dicatur
2032 5364 2289 5433 iniquus;
2328 5419 2366 5433 __
2396 5374 2534 5429 opus
2583 5369 2686 5424 est,
2727 5370 2780 5414 et
2805 5362 3104 5429 praesertim
3148 5364 3492 5421 orationibus
3536 5364 3778 5430 Patrum,
3812 5366 3985 5421 abre—

729 5419 964 5514 injttstus
1001 5464 1130 5505 vero
1160 5419 1291 5522 legis
1328 5419 1555 5519 naturae,
1611 5463 1665 5508 et
1690 5455 1945 5524 scriptae,
1999 5462 2055 5508 et
2084 5419 2289 5525 gratim,
2328 5419 2370 5473 υ
2397 5453 2706 5507 nuntiantes
2736 5454 2936 5507 saeculo
2972 5454 3232 5526 indigent.
3272 5456 3409 5511 Dicit
3435 5456 3597 5527 igitur
3614 5467 3783 5525 pater,
3827 5473 3982 5521 quo-

728 5537 1225 5603 praevaricationem
1278 5537 1537 5596 insinuat.
1590 5539 1790 5609 Impius
1837 5550 1922 5595 est
1965 5540 2149 5611 igitur,
2197 5542 2291 5611 qui
2396 5546 2542 5598 niam
2569 5546 3034 5613 abrenuntiautes,
3054 5549 3147 5618 qui
3172 5548 3318 5604 vitiis
3343 5548 3713 5618 spiritualibus
3733 5551 3979 5619 (utpnta,

805 5694 1005 5746 'l’sal.
1074 5710 1190 5759 xm,
1244 5697 1296 5752 1.

806 5846 881 5915 (i)
905 5848 1117 5906 Clarius
1158 5861 1307 5909 vetus
1330 5851 1613 5923 interpres,
1648 5868 1749 5907 non
1771 5854 2169 5909 discernentem.
2453 5857 2527 5925 ('2)
2577 5855 2743 5919 Idem,
2783 5855 3035 5911 "tarenti.
