4222 6448
187 394 325 457 ι2ι3

1357 395 1672 456 ΞΟῙῙΟῙᾸΑ
1708 393 1787 452 1N
1827 356 2233 457 euincunt.

3274 395 3404 457 1214

186 504 457 575 superbia,
488 520 622 558 vana
662 503 855 575 gloria,
897 504 1113 568 invidia,
1161 506 1367 572 accdia,
1396 510 1647 571 elatione,
1687 517 1740 562 et
1769 513 1812 566 Δ
1842 509 2067 579 Signum
2083 509 2473 580 quoqucestde
2489 508 2987 577 contingentibuset
3003 508 3402 569 verisimilibus,

189 596 429 665 tristitia)
458 597 831 662 molestantur,
876 596 1119 665 indigent
1156 610 1482 666 praeceptore
1507 607 1562 653 et
1608 600 1745 655 duce

188 687 651 751 mansuetissimo,
691 696 745 742 et
786 688 1146 750 misericordi,
1192 689 1287 758 qui
1333 706 1522 758 parum
1561 691 1744 745 indul-

187 787 311 847 gcat
341 779 511 843 carni,
546 788 603 832 ut
642 792 750 832 non
784 787 1036 849 tanquam
1080 781 1410 836 abstinentes
1447 790 1500 834 et
1534 785 1745 838 studio-

187 872 235 924 si
260 871 495 941 amplius
518 871 848 926 extollantur
876 890 889 926 :
916 879 975 926 et
1000 884 1389 941 comparantur
1420 875 1531 940 isti,
1562 890 1745 946 egres-

189 964 269 1018 sis
297 980 363 1018 ex
394 963 644 1035 Egypto,
670 965 773 1021 sub
804 963 1003 1032 Moyse.
1037 964 1140 1031 Qui
1171 981 1299 1020 vero
1326 968 1635 1022 carnalibus
1668 969 1746 1022 vi-

190 1055 284 1111 tiis
321 1055 546 1124 (scilicet
590 1056 739 1124 gula,
777 1056 1011 1123 luxuria,
1046 1058 1292 1125 avaritia)
1339 1060 1743 1129 impugnantur,

193 1145 439 1215 indigent
481 1147 619 1202 duce
668 1147 885 1202 homine
934 1149 1257 1214 abstinente,
1287 1159 1524 1215 austero,
1576 1159 1631 1206 et
1663 1153 1745 1206 in-

189 1242 555 1309 compassivo,
581 1244 744 1297 vitam
773 1242 1091 1313 angelicam,
1125 1244 1243 1297 sine
1284 1258 1444 1298 carne
1471 1243 1583 1300 fere
1625 1260 1747 1314 per-

191 1336 480 1400 licieutem,
515 1340 606 1407 qui
638 1353 734 1407 per
754 1338 1020 1408 jejunium
1044 1348 1099 1392 et
1121 1340 1493 1394 austeritatem
1525 1354 1744 1396 carnem

189 1426 443 1495 castiget,
488 1437 542 1483 et
582 1429 711 1481 vitia
750 1429 1078 1482 mortificet:
1124 1436 1180 1481 et
1226 1429 1593 1482 assimilantur
1634 1431 1741 1495 isti,

188 1520 423 1584 egressis
448 1518 515 1573 de
554 1519 809 1582 Sodoma,
840 1528 895 1574 et
920 1522 989 1575 ab
1017 1522 1209 1589 angelo
1249 1522 1489 1576 directis.
1524 1522 1745 1576 Macella

190 1620 457 1662 assuetum
504 1626 686 1663 canent
712 1625 731 1663 :
771 1625 958 1665 canem
998 1611 1162 1677 dicit,
1212 1622 1445 1666 mentem
1495 1613 1743 1667 vitiosam

191 1710 411 1769 propter
436 1702 862 1770 permanentiam
894 1702 950 1755 in
973 1703 1386 1771 cogitationibus
1419 1705 1554 1772 gula:
1577 1714 1630 1758 et
1661 1705 1743 1757 lu-

1844 614 2218 669 argumcntum
2245 614 2370 655 vero
2411 601 2478 653 de
2507 602 2959 668 consequentibus
2987 609 3252 653 naturam.
3302 598 3403 651 Per

1844 692 2007 744 aliam
2037 701 2245 760 portam
2272 706 2290 745 :
2320 691 2462 746 Dicit
2483 732 2499 758 ,
2551 692 2771 760 quinam
2803 703 3083 754 sensuum,
3122 704 3214 758 per
3264 704 3403 756 quos

1844 798 1999 839 mens
2028 785 2147 839 sine
2180 784 2371 838 timore
2394 785 2618 854 degens,
2654 796 2747 852 per
2789 782 3109 836 oblivionem
3143 790 3195 834 et
3236 780 3404 849 negli-

1843 876 2103 945 gentiam,
2150 884 2205 930 et
2240 875 2438 929 diaboli
2492 875 2723 930 insidias
2752 875 3070 943 captivatur,
3107 871 3269 934 unde,
3310 886 3404 938 per

1844 966 2072 1036 gratiam
2096 967 2275 1021 denuo
2298 980 2493 1021 sensus
2517 965 2868 1028 mortificans,
2891 964 2958 1018 ab
2978 960 3404 1017 inscnsibilitatis

1844 1072 1960 1111 sua:
1989 1072 2207 1112 carcere
2230 1057 2455 1112 liberata
2492 1055 2747 1125 resurgit.
2780 1053 2885 1118 Qui
2923 1069 2988 1106 ea:
3013 1054 3196 1105 timore
3217 1066 3235 1103 :
3260 1048 3405 1114 Quo-

1845 1148 1991 1202 niam
2042 1148 2419 1202 intellectualis
2460 1146 2676 1200 timoris
2735 1144 2976 1213 operatio
3032 1142 3226 1211 duplex
3284 1152 3405 1203 est,

1846 1238 1967 1294 ideo
2013 1240 2210 1294 dicitur
2256 1239 2422 1294 timor
2449 1238 2645 1308 duplex
2693 1255 2706 1290 :
2745 1236 2952 1291 scilicet
2994 1233 3312 1309 purgativus
3353 1241 3407 1285 ct

1843 1331 2186 1400 perlectivus.
2213 1330 2311 1386 llic
2332 1346 2481 1395 vero,
2508 1330 2575 1383 de
2592 1329 2893 1399 purgativo,
2931 1325 3087 1380 Pater
3114 1325 3213 1378 iste
3232 1323 3408 1389 loqui-

1845 1431 1955 1485 tur,
2004 1424 2162 1493 cujus
2197 1422 2510 1491 operatione
2559 1421 2998 1489 compungimur,
3033 1426 3087 1472 ct
3121 1416 3186 1471 ad
3223 1416 3406 1470 odium

1845 1515 2090 1569 onmium
2134 1514 2431 1570 visibilium
2467 1521 2523 1567 et
2559 1510 3083 1580 concupiscibilium,
3127 1517 3179 1563 et
3208 1509 3407 1578 proprii

1843 1606 2125 1674 corporis,
2174 1612 2231 1658 et
2267 1603 2499 1672 propria:
2541 1600 2837 1654 voluntatis
2885 1598 3203 1659 incitamur,
3245 1607 3297 1649 et
3343 1596 3408 1648 ad

1845 1696 2112 1765 agendum
2152 1693 2560 1764 penitentiam,
2605 1702 2658 1745 et
2690 1690 2947 1743 mundum
2998 1686 3407 1756 relinquendum

193 1792 364 1845 suria:
390 1807 422 1845 a
454 1793 761 1862 metaphora
793 1794 944 1849 canis
982 1808 1102 1863 qua:
1133 1806 1372 1849 moratur
1397 1798 1452 1849 in
1486 1797 1744 1861 macellis,
1778 1833 1821 1888 Β
1852 1789 2185 1851 animamur,
2211 1793 2266 1840 et
2297 1783 2680 1843 sollicitudine.
2708 1791 2763 1835 ct
2784 1781 2965 1835 studio
2994 1778 3298 1846 implentur,
3343 1776 3410 1828 ad

191 1883 320 1951 quia
342 1884 599 1953 sicutilla
625 1892 924 1940 stercorosa
950 1885 1265 1940 animalium
1312 1888 1566 1943 intestina
1606 1903 1749 1943 com-

191 1974 359 2031 edens
388 1991 493 2030 non
541 1975 763 2044 recedit,
800 1977 873 2030 ita
903 1992 1057 2033 mens
1105 1979 1289 2049 gulosa
1335 1988 1389 2033 et
1434 1978 1746 2045 fornicaria,

192 2084 302 2123 nou
332 2078 509 2139 potest
543 2071 613 2125 ab
657 2071 742 2126 bis
771 2070 919 2127 vitiis
948 2073 1274 2127 stercorosis
1320 2074 1596 2128 abstinere
1643 2074 1747 2127 nisi

192 2162 385 2231 (gratia
415 2161 507 2217 Dei
535 2162 826 2233 praeventa)
849 2164 903 2217 in
931 2163 1261 2233 fatigatione,
1292 2165 1510 2235 vigiliis,
1544 2165 1745 2230 labore,

192 2253 382 2308 dolore
420 2263 476 2309 et
521 2253 666 2309 luctu
723 2253 1123 2321 indesinenter,
1169 2256 1401 2325 seipsam
1448 2257 1751 2311 exercitatis

195 2344 475 2400 violenter.
506 2342 639 2399 Nam
667 2343 809 2400 sicut
827 2355 1118 2399 amatorem
1139 2347 1347 2400 macelli
1381 2347 1575 2416 primo,
1600 2358 1750 2417 post-

192 2449 260 2489 ea
303 2444 599 2490 amatorem
648 2450 895 2491 escarum
930 2437 1081 2505 ponit
1111 2455 1125 2492 :
1157 2437 1230 2490 ita
1254 2437 1531 2510 subiungit
1555 2439 1750 2507 primo,

195 2537 491 2581 amatorem
512 2528 795 2592 castitatis,
816 2537 869 2582 et
895 2537 1099 2597 postea,
1131 2540 1428 2584 amatorem
1458 2529 1753 2599 cuiuscun-

158 2634 162 2637 '
196 2634 304 2687 que
330 2602 676 2674 visitationis.
709 2618 1050 2675 Manifestum
1068 2629 1151 2675 est
1173 2621 1339 2687 enim,
1367 2622 1620 2690 quoniam
1645 2621 1753 2676 for-

197 2712 400 2766 nieatio
417 2711 709 2781 opponitur
740 2711 994 2777 castitati,
1028 2711 1169 2766 sicut
1204 2712 1372 2765 amori
1408 2712 1748 2775 visitationis,

197 2819 353 2859 amor
415 2817 684 2859 escarum.
736 2799 957 2870 Oportet
1017 2803 1182 2873 igitur
1224 2811 1455 2857 mentem
1501 2805 1754 2858 amabilia

198 2896 310 2951 Deo
339 2895 623 2965 inspicere,
647 2902 701 2950 et
748 2893 1028 2963 diligibilia
1074 2893 1269 2949 animae
1308 2895 1604 2949 secundum
1632 2911 1753 2950 car-

197 3003 345 3052 nem,
372 2987 637 3053 abnegare
660 3003 674 3039 :
699 2994 751 3042 et
779 2985 876 3049 ita,
913 2986 1352 3040 deliberationem
1381 2988 1588 3041 arbitrii
1615 3003 1754 3057 pun-

197 3094 326 3148 gere
357 3081 421 3132 ad
451 3078 875 3148 assumptionem
896 3078 1278 3148 castigantium
1308 3094 1547 3145 carnem,
1585 3092 1635 3135 et
1663 3096 1757 3150 per

1849 1879 2194 1935 serviendum
2226 1876 2455 1930 Domino
2486 1875 2605 1929 sine
2654 1870 2979 1941 negligentia
3023 1871 3110 1924 die
3138 1883 3202 1923 ac
3233 1876 3407 1921 nocte.

1849 1971 2135 2028 Perfectivi
2163 1984 2295 2025 vero
2339 1977 2423 2022 est
2457 1964 2837 2027 scicntilicare,
2876 1962 3153 2016 viviﬁcare
3201 1970 3255 2013 et
3288 1960 3411 2012 illu-

1850 2064 2059 2118 minare
2080 2062 2337 2124 animam,
2366 2067 2420 2112 et
2441 2057 2738 2119 memoria',
2774 2054 2941 2107 Deum
2976 2051 3257 2107 ostendere
3280 2065 3415 2117 prte-

1850 2164 2084 2219 sentem,
2112 2163 2166 2209 et
2188 2150 2572 2220 intelligentiae.
2597 2147 2690 2202 Dei
2708 2147 2986 2200 veritatem
3010 2152 3066 2198 ct
3093 2142 3413 2211 sapientiam

1850 2246 2112 2307 revelare.
2138 2253 2193 2299 et
2218 2256 2441 2298 sensum
2472 2241 2691 2304 habere,
2719 2245 2781 2291 ut
2823 2235 3168 2305 experiamur
3195 2242 3250 2287 et
3277 2232 3417 2286 scia-

1850 2354 1975 2395 mus
2020 2336 2295 2407 quomodo
2346 2333 2400 2389 in
2433 2334 2555 2403 ipso
2608 2343 2820 2396 sumus,
2853 2341 3169 2391 movemur,
3207 2334 3262 2381 et
3283 2325 3417 2378 vivi-

1851 2447 1975 2487 mus
2004 2432 2071 2483 ’z
2115 2428 2219 2496 Qui
2262 2428 2455 2482 timore
2510 2423 2792 2495 purgativo
2828 2420 3026 2491 agitur,
3076 2425 3419 2486 comparatur

1854 2525 1953 2594 (ait
1980 2524 2164 2588 Pater)
2206 2519 2584 2590 Thymiamati,
2628 2516 2754 2586 quia
2789 2529 2855 2568 ex
2901 2511 3079 2567 studio
3128 2510 3418 2580 spiritualis

1852 2611 2279 2670 conversationis
2322 2609 2671 2663 vehementer
2695 2604 2903 2673 incipit.
2930 2610 2984 2655 et
3027 2616 3123 2671 per
3170 2600 3418 2670 tepidita-

1854 2716 1959 2762 tem
1989 2705 2042 2759 in
2070 2716 2343 2758 summum
2371 2696 2711 2768 negligentiae
2755 2694 2974 2750 desinit.
3006 2691 3147 2746 Mala
3182 2692 3420 2744 armaria

1854 2799 2087 2868 profecto
2112 2807 2188 2849 est
2214 2810 2230 2847 :
2266 2793 2371 2859 Qui
2395 2801 2575 2845 autem
2605 2804 2701 2858 per
2737 2802 2914 2857 spem,
2945 2785 3246 2839 mercedem
3280 2797 3423 2849 qua:-

1810 2922 1825 2932 ι
1856 2890 1947 2955 rit,
1983 2893 2333 2955 comparatur
2379 2881 2689 2937 molendin
2715 2878 2972 2941 asinario,
3001 2889 3214 2944 semper
3250 2882 3420 2937 moto,

1855 2991 1910 3037 et
1947 2996 2045 3051 per
2099 2979 2426 3035 delationem
2463 2982 2733 3044 quaestum
2784 2969 3031 3033 faciente,
3068 2975 3121 3020 et
3159 2963 3420 3019 tributum

1857 3079 2215 3143 aggregante,
2271 3063 2627 3135 subiectionis
2670 3061 2967 3130 pretiosum
3015 3063 3070 3109 et
3121 3052 3424 3106 venerabile

196 3143 441 3225 amorem
494 3143 773 3235 virtutum,
817 3143 1128 3224 aﬂ'ectio'nes
1162 3171 1382 3225 vitiosas
1428 3143 1603 3238 gladio
1639 3143 1749 3239 spi-
1780 3150 1824 3207 ο
1856 3177 2014 3231 opus.
2069 3159 2175 3226 Qui
2200 3173 2318 3211 vero
2346 3169 2411 3208 ea:
2439 3153 2700 3206 charitate
2722 3149 2921 3212 dit-ina,
2962 3146 3007 3239 si
3040 3145 3092 3198 in
3125 3157 3254 3239 agro
3276 3143 3425 3239 inve-

197 3264 341 3317 ritus
362 3277 573 3317 nccare.
610 3262 813 3315 Durum
846 3272 894 3316 et
922 3263 1170 3324 arduum,
1201 3261 1291 3314 sed
1315 3262 1420 3315 lere
1443 3273 1701 3313 certamen
1732 3278 1749 3313 :

196 3370 415 3424 agonem
453 3355 602 3416 dicit,
632 3364 845 3424 propter
861 3354 1263 3424 castigationem
1286 3355 1463 3408 carnis
1487 3371 1500 3419 ;
1527 3353 1749 3416 Durum,

200 3455 419 3515 propter
455 3447 756 3500 custodiam
796 3460 1054 3501 sensuum
1087 3456 1323 3508 erctum;
1358 3454 1576 3513 propter
1615 3445 1754 3498 anti-

197 3551 431 3607 quorum
482 3552 693 3591 morum
732 3552 1019 3608 pravorum
1070 3534 1486 3610 depositionem.
1528 3536 1752 3602 Durum,

186 3638 421 3699 propter
455 3629 927 3684 mortillcationem
956 3629 1188 3698 propria:
1219 3628 1549 3694 voluntatis;
1575 3629 1753 3689 levem.

202 3728 423 3789 propter
443 3718 820 3774 confidentiam
862 3719 916 3772 in
943 3704 1130 3783 Deum,
1163 3727 1216 3772 et
1243 3717 1444 3771 donum
1475 3719 1681 3787 gratim,
1705 3728 1757 3771 et

202 3810 506 3879 profectum
533 3810 816 3874 virtutum,
850 3817 906 3865 et
936 3808 1383 3878 impassibilitatis
1412 3810 1754 3863 munditiam.

204 3895 361 3965 Quod
389 3902 446 3954 in
484 3902 652 3970 ignem
680 3900 880 3953 insilirs
904 3914 926 3953 :
952 3900 1128 3968 ignem
1174 3899 1406 3967 intellige
1438 3899 1759 3953 tentationes

205 3990 432 4054 diaboli,
476 3989 663 4044 mundi
695 3998 750 4044 et
766 3990 967 4044 carnis.
1000 3988 1134 4043 Cum
1169 3988 1614 4042 amaritudinibus
1644 3989 1755 4059 (4):

202 4082 523 4137 exercitium
592 4080 921 4134 laboriosum
964 4086 1020 4133 et
1065 4092 1312 4132 amarum
1393 4077 1758 4143 continentia,

202 4183 264 4230 et
295 4171 723 4228 mortiﬁcationis
751 4171 954 4236 carnis,
992 4177 1047 4225 et
1073 4169 1370 4225 voluntatis
1402 4173 1667 4240 propriae;
1700 4178 1759 4224 tu

206 4280 340 4322 vero
364 4264 597 4335 adiunge
642 4279 855 4334 panem.
894 4262 1260 4333 fatigationem
1302 4263 1354 4317 in
1390 4278 1513 4317 vera
1542 4264 1763 4318 humili-

207 4367 344 4422 tate,
376 4366 433 4411 et
470 4356 1010 4418 abrenuntiationem.
1054 4364 1109 4410 et
1150 4358 1345 4410 luctam
1386 4368 1574 4411 contra
1610 4365 1766 4410 natu-

209 4466 331 4506 ram
358 4458 414 4504 et
432 4448 729 4505 invisibiles
772 4456 1081 4518 potestates.
1118 4447 1195 4503 ει
1209 4464 1310 4502 non
1349 4450 1517 4503 omnis
1554 4451 1643 4518 qui
1672 4449 1766 4502 ba-

210 4543 406 4611 ptisma
433 4542 764 4610 consequitur
801 4541 1077 4605 salvetur;
1108 4539 1203 4594 sed
1234 4540 1438 4595 faciens
1468 4550 1521 4595 et
1551 4556 1771 4595 servans

211 4631 491 4696 mandata,
520 4644 693 4699 neque
706 4630 883 4685 omnis
908 4630 999 4698 qui
1027 4629 1298 4691 tondetur,
1323 4630 1417 4684 sed
1461 4632 1772 4686 custodiens

214 4710 497 4779 monachis
553 4722 948 4776 convenientia.
1004 4721 1180 4776 Silebo
1220 4722 1421 4789 reliqua
1472 4738 1492 4775 :
1543 4722 1773 4777 subaudi

214 4832 321 4872 non
353 4822 614 4870 seri-antes
650 4828 797 4875 vero,
832 4814 1079 4882 graviora
1128 4828 1386 4882 passuros
1415 4832 1427 4868 :
1474 4815 1602 4882 quia
1628 4816 1777 4869 dam-

215 4912 369 4967 natio
396 4911 594 4968 futura.
621 4909 957 4964 amarissima
981 4947 996 4972 ,
1038 4916 1091 4961 et
1116 4908 1182 4961 ad
1227 4923 1513 4978 praesens;
1550 4909 1789 4976 privatio,

215 5005 431 5076 gratiae,
462 5003 675 5059 caecitas
705 5002 921 5064 mentis,
952 5000 1192 5077 carentia
1227 4999 1449 5058 doloris.
1488 5000 1666 5054 cordis
1696 5000 1780 5054 in-

218 5096 567 5158 sensibilitas,
595 5104 652 5151 et
676 5095 838 5165 impia
865 5092 1107 5149 avaritia:
1152 5092 1473 5155 idololatria,
1495 5100 1549 5144 et
1570 5092 1779 5157 passio-

220 5203 356 5242 num
376 5189 684 5257 ignominiae
708 5203 912 5244 carcer.
938 5185 1056 5239 Non
1073 5188 1347 5239 obscurum
1374 5192 1737 5251 argumentum
1760 5200 1778 5236 :

223 5277 625 5345 Argumentum
653 5286 759 5341 est,
781 5280 922 5349 quod
946 5290 1156 5345 semper
1181 5273 1427 5328 similiter
1442 5287 1500 5327 se
1520 5272 1705 5337 habet,
1725 5282 1783 5328 ut

225 5370 414 5424 luimus
435 5378 484 5423 et
504 5370 640 5425 cinis
656 5368 724 5425 de
741 5370 864 5441 igne
883 5386 899 5436 ;
920 5368 1131 5439 signum
1155 5380 1301 5429 vero,
1328 5364 1653 5434 quandoque
1682 5365 1784 5431 sic,

226 5460 562 5534 quandoque
582 5459 935 5531 aliter,,sicuti
950 5456 1228 5530 percussio
1245 5466 1328 5512 est
1342 5455 1554 5525 signum
1570 5470 1784 5527 pugnae.

303 5638 464 5691 ’Act.
494 5635 732 5701 xvn,28.
804 5637 827 5669 ³
854 5633 995 5690 Psal.
1029 5648 1215 5700 xxxxt‘,
1251 5632 1307 5687 3.

314 5792 391 5866 (ι)
418 5791 583 5849 Vetus
606 5792 888 5863 interpres,
915 5808 1032 5849 cum
1071 5791 1293 5849 lactucis
1316 5772 1628 5861 agrestibus.

1859 3253 2001 3306 nerit
2031 3248 2325 3306 sollicitum
2354 3255 2517 3313 atque
2554 3240 2831 3301 festiuum,
2862 3252 2959 3307 per
2983 3237 3158 3305 ignem
3190 3234 3425 3288 charita-

1859 3345 1928 3398 tis
1962 3353 2257 3398 succensus
2284 3352 2314 3390 a
2353 3332 2777 3406 promptitudinc
2808 3342 2914 3382 non
2951 3326 3299 3386 relaxabitur,
3329 3326 3426 3378 do-

1860 3451 1958 3491 nec
1984 3434 2268 3503 pertingat,
2291 3427 2587 3484 secundum
2612 3425 2876 3477 dicentem
2912 3439 2924 3473 :
2957 3419 3179 3484 Quando
3200 3420 3424 3479 veniam,

1859 3538 1905 3583 et
1955 3524 2211 3595 apparebo
2267 3527 2387 3573 ante
2435 3518 2623 3585 faciem
2677 3512 2885 3567 Domini
2917 3511 2958 3561 ³.
2993 3508 3127 3564 Sunt
3188 3508 3429 3560 nonnulli

1862 3620 1951 3689 qui
1983 3632 2143 3690 supra
2181 3613 2383 3682 lapides
2411 3610 2511 3678 (5).
2544 3606 2682 3660 lline
2705 3607 2772 3659 de
2802 3601 3308 3658 abrenuntiantibus
3348 3602 3429 3652 di-

1863 3713 1937 3767 cit
1974 3716 2217 3770 sanctus,
2255 3702 2512 3774 quoniam
2543 3706 2669 3754 sunt
2697 3694 2937 3766 quidam,
2989 3705 3152 3759 supra
3199 3692 3435 3758 petram,

1863 3803 2059 3856 lateres
2085 3797 2434 3856 aediﬁcantes,
2462 3802 2516 3845 et
2540 3790 2593 3842 bi
2626 3794 2754 3843 sunt
2791 3784 2884 3853 qni
2918 3794 3235 3851 magnarum
3265 3780 3432 3831 virtu-

1866 3902 1978 3946 tum
2015 3890 2068 3944 in
2095 3885 2375 3956 prooemiis
2402 3879 2814 3936 aedificationem
2843 3874 2964 3929 sine
2992 3870 3331 3940 subiectione
3358 3868 3435 3921 fa-

1864 3982 2038 4045 ciunt,
2075 3989 2131 4033 et
2180 3977 2329 4047 (quia
2366 3971 2722 4029 certaminum
2754 3966 3062 4028 lmmilium,
3095 3971 3150 4017 et
3177 3961 3433 4015 obedien-

1868 4073 1955 4126 tia:
1977 4086 2083 4125 non
2111 4069 2313 4123 habent
2339 4060 2748 4134 experientiam)
2782 4068 2840 4113 ut
2864 4054 3104 4126 fragiles.
3138 4053 3435 4108 imbecilles

1870 4166 2027 4220 ﬁunt.
2087 4162 2193 4229 Qui
2239 4173 2367 4215 vero
2404 4170 2577 4227 super
2606 4163 2805 4208 terram
2844 4150 3130 4206 columnas
3170 4149 3440 4216 erigentes

1871 4258 2068 4320 locant,
2095 4263 2226 4309 sunt
2249 4252 2341 4323 qui
2372 4250 2538 4303 vitam
2570 4239 3349 4307 anachoreticam,confestim,
3372 4254 3439 4291 ex

1870 4347 2174 4420 prooemiis,
2223 4353 2348 4399 ante
2375 4342 2631 4395 vitiorum
2668 4333 3110 4405 expurgationem
3163 4331 3312 4397 sequi
3342 4343 3441 4379 vo-

1876 4442 1995 4495 lunt
2022 4459 2035 4494 :
2065 4453 2188 4493 nam
2216 4438 2335 4491 sine
2355 4433 2705 4487 fundamento
2727 4423 3078 4495 subiectionis
3097 4421 3439 4495 exsistentrs.

1876 4531 2205 4598 deiiciuntur
2250 4535 2304 4581 et
2326 4531 2513 4578 ruunt.
2558 4519 2662 4585 Qui
2701 4529 2832 4571 vero
2862 4514 3134 4567 modicum
3169 4511 3443 4581 pedestres

1874 4620 2176 4682 ambulant,
2231 4622 2360 4670 sunt
2405 4611 2498 4681 qui
2529 4611 2649 4664 sine
2697 4600 3226 4667 tumoreelationis,
3253 4601 3442 4671 iugum

1875 4709 2197 4772 obedientiae
2225 4711 2467 4767 sumunt,
2493 4710 2546 4756 et
2576 4698 2934 4769 subiectionis
2965 4696 3069 4749 iter
3096 4702 3271 4748 tutum
3320 4708 3443 4746 cum

1879 4801 2179 4862 reverentia
2211 4802 2459 4867 pergunt.
2492 4792 2583 4847 Isti
2615 4790 2873 4860 paulatim
2903 4786 3160 4850 roborati,
3188 4795 3241 4840 et
3266 4772 3447 4838 calore

1883 4897 2116 4966 Spiritus
2174 4887 2409 4954 accensi,
2471 4882 2831 4953 infatigabiles
2892 4888 2948 4935 ct
2996 4874 3441 4947 inexpugnabiles

1884 4993 2042 5050 tiuut,
2072 4994 2125 5040 et
2145 4994 2447 5054 pugnarum
2474 4976 2863 5050 experientiam
2898 4971 3179 5055 habentes,
3207 4983 3330 5022 cum
3358 4966 3449 5019 Dei

1886 5080 2156 5153 adiutorio
2193 5074 2436 5130 celeriter
2480 5068 2760 5127 transeunt
2795 5080 2969 5136 usque
3003 5063 3056 5117 in
3100 5061 3283 5115 ﬁnem.
3328 5060 3450 5113 Non

1887 5151 1999 5230 sine
2043 5170 2219 5225 labore
2273 5178 2322 5220 et
2365 5164 2664 5221 uiolentia:
2701 5161 2831 5227 quia
2873 5151 3270 5210 consuetudine
3317 5167 3443 5221 pro-

1880 5267 2020 5322 fecta
2082 5264 2136 5316 in
2185 5259 2450 5325 habitum,
2504 5264 2562 5313 et
2608 5257 2662 5309 in
2709 5262 2952 5307 naturam
2992 5261 3129 5315 pene
3173 5259 3456 5307 conversa.

1884 5373 2011 5413 vere
2064 5351 2319 5409 violentia
2384 5360 2469 5406 est
2515 5362 2634 5403 eam
2684 5354 2934 5398 amovere
2977 5347 3033 5393 et
3073 5343 3453 5392 transmittare.

1888 5445 2045 5506 Sicut
2073 5446 2219 5502 enim
2267 5445 2423 5501 multi
2459 5437 2716 5510 temporis
2766 5435 2981 5500 vulnus,
3009 5441 3092 5487 est
3118 5429 3272 5501 quasi
3302 5425 3457 5480 incu-

1973 5782 2048 5852 (ἓν)
2080 5781 2244 5839 Vetus
2272 5780 2537 5847 interpres
2581 5787 2733 5841 super
2760 5777 2981 5840 petram.
