4222 6448
781 405 919 470 1215

1893 400 1955 460 S.
2021 398 2338 460 JOANNIS
2385 395 2895 457 RMTHUENSIS

3870 389 4010 457 1216

783 517 950 570 rabilc
1003 515 1228 580 factum,
1289 514 1362 568 ita
1413 523 1468 568 et
1533 512 1687 569 multi
1755 513 2015 582 temporis
2075 528 2234 567 usum
2303 514 2428 570 an
2458 510 2682 572 scihilis,
2732 525 2827 577 per
2864 509 3122 578 Spiritum
3170 518 3414 584 sanetum
3468 509 3633 563 unita:
3677 509 3745 563 ad
3783 524 4009 564 omnem

784 621 992 660 moram
1082 606 1406 674 malignum,
1454 614 1538 659 est
1605 619 1768 674 grave
1820 605 2144 673 relinquere.
2207 603 2344 657 llinc

784 698 1045 751 Dominus
1073 697 1223 760 dicit,
1263 696 1519 765 quoniam
1550 693 1780 764 Regnum
1810 694 2056 747 castorum
2097 695 2200 748 viui
2245 711 2343 761 pu-

785 789 968 854 tttur‘.
1008 787 1129 841 Sim:
1158 803 1404 841 maerore:
1432 777 1650 856 propter
1671 794 2019 855 augmentum
2051 785 2344 839 in'virtuti-

791 880 911 942 bus,
936 887 989 932 et
1018 879 1495 934 commutationem
1524 893 1590 932 ac
1615 877 1988 932 liberationem
2017 892 2044 931 a
2069 877 2342 946 peccatis;

789 969 867 1020 rel
891 979 1026 1022 certe
1057 984 1172 1020 rum
1205 968 1441 1021 ntinimo.
1477 966 1744 1022 Modicum
1770 981 1901 1021 vero
1934 967 2197 1020 contrista
2222 980 2346 1034 pro-

790 1070 907 1127 pter
936 1059 1261 1114 desiderium
1311 1057 1676 1126 perfectionis,
1704 1067 1758 1112 ct
1786 1057 2034 1110 timorem
2067 1071 2227 1125 quem
2262 1056 2350 1108 ha-

793 1151 1002 1214 bemus,
1033 1165 1102 1204 ne
1126 1149 1378 1203 cadentes
1408 1150 1601 1203 iterum
1631 1147 1993 1203 olfendamus.
2035 1147 2350 1200 Animarum

793 1251 1092 1293 nostrarum
1117 1241 1288 1292 cultus
1313 1253 1329 1291 :
1356 1239 1569 1294 Faciem
1599 1241 1793 1293 animae
1823 1239 1913 1293 hic
1942 1239 2091 1301 dicit,
2124 1238 2352 1291 virtutes

791 1331 929 1398 ejus.
958 1331 1164 1383 Etenim
1199 1344 1263 1383 ex
1296 1330 1721 1384 conversationis
1751 1340 1949 1385 nostra:
1986 1327 2267 1397 exemplis,
2302 1337 2357 1382 et

791 1440 858 1476 ex
891 1426 1091 1478 nostris
1133 1424 1619 1488 immutationibus,
1649 1433 1702 1476 et
1743 1423 2068 1479 animalibus
2106 1421 2354 1477 all‘ectio—

796 1516 976 1576 nibus,
1005 1515 1185 1568 vident
1219 1524 1460 1568 nostram
1507 1515 1912 1568 consistentiam
1949 1523 2004 1569 et
2042 1497 2387 1582 dispositio--

795 1621 957 1668 nem,
1000 1606 1204 1658 inimici
1256 1605 1425 1658 nostri
1478 1608 1752 1659 daemones
1785 1604 1880 1672 qui
1904 1619 2012 1659 non
2058 1619 2124 1657 ex
2163 1603 2358 1672 seipsis

797 1707 1012 1750 nostras
1032 1707 1364 1764 cognoscunt
1385 1695 1798 1750 deliberationes
1822 1705 1874 1748 et
1907 1703 2113 1748 mentes
2144 1711 2158 1747 :
2184 1693 2354 1748 absit!

800 1788 888 1839 sed
923 1788 1092 1838 solum
1117 1803 1225 1840 suae
1253 1787 1386 1838 artis
1417 1786 1776 1854 malignitates
1803 1785 2258 1853 superseminant,
2303 1794 2356 1838 et

2446 596 2812 663 operationem
2859 596 3028 647 divini
3080 596 3391 663 bcncplaciti
3425 604 3478 650 ct
3523 597 3784 658 mandati.
3814 615 3845 648 a
3873 598 4012 650 de:-

2447 695 2542 745 trt's
2564 704 2612 745 et
2644 693 2899 755 sinistris,
2932 708 3020 758 per
3052 691 3328 758 infamiam
3362 701 3409 742 et
3437 691 3623 744 bonum
3655 693 3878 760 loricam.

2918 784 3043 835 Car.
3080 783 3116 834 ll
3153 782 3290 849 (Cul.
3315 780 3419 835 654
3444 781 3532 849 C).

2537 872 2752 926 Omnem
2781 872 3080 939 Itujusmodi
3111 873 3377 938 affectum,
3423 872 3558 926 dixit
3592 874 3852 941 quoniam
3901 869 4016 924 cli--

2447 966 2626 1018 ctione
2677 964 2977 1018 affectionis
3025 963 3417 1032 (habitudinem
3447 964 3584 1018 dans
3626 964 3733 1018 lteo
3776 963 3906 1031 (7;)
3948 963 4014 1013 ad

2447 1072 2589 1118 catt),
2620 1065 2674 1108 et
2718 1055 3034 1114 naturalem,
3065 1064 3118 1108 et
3152 1054 3555 1119 accidentalem,
3585 1063 3638 1108 et
3675 1053 4017 1107 artificiale-tn

2457 1144 2827 1198 habitudinent
2849 1144 3098 1211 apposuit
3122 1153 3175 1196 et
3193 1145 3429 1197 devovit.
3458 1143 3647 1198 Omnis
3673 1145 3822 1197 enim
3857 1144 4018 1196 habi-

2454 1232 2656 1288 tudinis
2683 1243 2738 1288 et
2769 1233 3067 1288 all'ectiouis
3096 1235 3382 1302 depositio,
3416 1243 3779 1302 contemptura,
3811 1244 3866 1288 ct
3897 1235 4019 1287 vili-

2457 1337 2558 1388 tas,
2587 1335 2640 1379 ct
2691 1327 3005 1394 pmnitentia
3039 1326 3266 1394 ittlcgt'a,
3298 1335 3352 1378 ct
3384 1325 3604 1379 humilis
3633 1326 3922 1394 prudentia
3965 1328 4019 1378 in

2457 1417 2604 1469 exitu
2657 1427 2710 1470 et
2747 1416 3098 1478 resolutione,
3147 1416 3493 1470 beneﬁcentia
3525 1425 3580 1470 et
3615 1417 3875 1470 viaticum
3921 1431 4023 1468 no-

2457 1517 2578 1561 stra
2604 1507 3053 1576 peregrinationis
3077 1506 3360 1561 exsistunt.
3390 1505 3514 1560 Sine
3559 1517 3794 1560 mortuos
3836 1507 4000 1574 sepeli

2459 1615 2510 1651 re
2532 1599 2575 1662 ⁷,
2609 1609 2713 1652 etc.
2745 1597 3207 1662 Quemadmodum
3241 1598 3596 1652 mortilicatur
3627 1599 3837 1652 mundo
3867 1598 3964 1667 qui
3994 1613 4026 1650 a

2459 1689 2884 1758 proprietatibus
2913 1690 3097 1742 mundi
3127 1690 3367 1752 recessit,
3393 1690 3462 1742 ita
3493 1690 3722 1743 moritur
3747 1691 3874 1743 vitm.
3905 1706 4026 1757 gra-

2461 1780 2548 1833 tiae
2575 1779 2668 1848 qui
2702 1779 2822 1832 vita:
2849 1779 3035 1847 gratia:
3052 1789 3316 1848 praecepta
3345 1795 3452 1834 non
3477 1779 3607 1834 facit
3635 1800 3649 1834 :
3675 1791 3730 1835 cl
3759 1791 4026 1849 tanquam

801 1889 1115 1944 exspectant
1145 1886 1205 1929 ut
1240 1878 1417 1930 sciant
1443 1851 1570 1930 cuni
1591 1876 1736 1944 quali
1763 1851 2042 1930 allectione
2067 1875 2355 1944 recipimus
2387 1851 2428 1904 Β
2459 1878 2676 1938 propter
2698 1869 2994 1923 carentium
3015 1879 3194 1924 motus
3221 1880 3274 1924 et
3290 1871 3643 1938 privationem
3673 1873 3880 1940 operis.
3910 1875 4034 1925 ani-

801 1968 1135 2035 probationis
1163 1983 1349 2021 eorum
1376 1965 1599 2022 insidias
1632 1985 1645 2020 :
1674 1967 1813 2020 unde
1842 1981 1962 2030 nos,
1989 1975 2207 2034 propter
2257 1981 2358 2020 no-

798 2070 962 2113 stram
997 2059 1372 2128 negligentiam
1406 2069 1461 2113 et
1484 2057 1766 2128 segnitiem
1803 2057 1925 2112 illos
1950 2058 2096 2125 (cum
2143 2071 2250 2111 non
2281 2058 2361 2110 vi-

799 2149 982 2208 deant)
1016 2150 1244 2204 l'acimus
1267 2150 1466 2204 videre.
1491 2149 1772 2202 Abscondit
1805 2147 2060 2202 Dominus
2081 2165 2114 2202 a
2140 2148 2363 2202 saecula-

801 2240 945 2290 ribus
979 2239 1138 2291 stadii
1175 2240 1528 2307 difﬁcultatem
1558 2239 1635 2308 (ὃ)
1659 2257 1673 2292 :
1700 2238 1862 2294 stadii
1893 2239 2358 2306 importunitatem

801 2332 896 2393 ait,
930 2331 1080 2397 juxta
1125 2331 1489 2399 acceptionem
1517 2331 1658 2384 male
1693 2330 2132 2399 intelligendum,
2164 2330 2364 2398 quibus

802 2419 1049 2474 certatim
1083 2419 1267 2489 agonis
1288 2418 1526 2473 studium
1556 2417 1768 2472 videtur
1800 2417 2199 2486 importunitas,
2221 2414 2367 2484 quod

804 2526 927 2564 vere
980 2510 1284 2565 necessaria
1309 2517 1416 2563 est
1457 2509 1832 2577 opportunitas
1863 2525 1876 2560 :
1907 2515 2084 2562 tamen
2123 2507 2363 2561 eamdem

802 2603 1255 2672 Opportunitatem
1281 2601 1670 2670 (apparentem,
1705 2599 2187 2668 imporlttnitatentl
2235 2597 2364 2652 abs-

801 2694 986 2748 condit
1025 2693 1162 2747 Deus
1211 2692 1293 2745 his
1342 2692 1435 2761 qui
1489 2691 1702 2744 suntin
1755 2691 1975 2752 mundo,
2013 2689 2270 2758 quoniam
2321 2687 2367 2742 si

809 2788 1170 2854 respexissent
1204 2783 1268 2838 ad
1305 2785 1672 2852 importunum
1705 2782 1805 2848 eis,
1845 2798 1949 2838 non
1994 2782 2179 2852 utique
2215 2783 2368 2836 abre-

812 2875 1117 2928 nuntiasset
1140 2875 1262 2942 quis
1310 2874 1495 2926 talium
1525 2874 1835 2941 aliquando.
1872 2872 1928 2925 Si
1974 2874 2143 2936 enim,
2176 2886 2371 2926 secun—

811 2967 939 3020 dum
965 2965 1276 3034 Apostolum
1305 2980 1318 3015 :
1350 2963 1598 3016 animalis
1623 2963 1774 3014 homo
1806 2977 1907 3014 non
1927 2963 2145 3029 percipit
2168 2977 2228 3013 ea
2256 2976 2373 3028 qua:

811 3067 932 3113 sunt
979 3059 1192 3124 spiritus
1231 3055 1329 3109 Dei
1358 3056 1401 3121 ⁸,
1442 3055 1508 3108 ad
1537 3053 1705 3110 Deum
1745 3069 1872 3108 vero
1905 3052 2061 3123 jungi
2105 3053 2374 3107 charitatc

817 3161 871 3205 et
907 3149 1216 3209 dilectione.
1269 3146 1547 3216 spirituale
1596 3143 2019 3214 estzquomodo
2058 3143 2370 3213 (secundum

817 3240 1099 3309 mundum)
1146 3238 1639 3300 abrenuntiassent,
1687 3236 1848 3291 etiam
1888 3235 2218 3302 abnegantcs
2247 3249 2374 3288 suas

814 3345 1136 3385 mammonae
1176 3329 1415 3394 divitias,
1442 3337 1495 3385 et
1522 3327 1856 3384 confusionis
1888 3327 2262 3396 proprietates,
2296 3326 2376 3380 ni-

815 3421 860 3474 si
893 3436 984 3488 per
1019 3420 1395 3488 cornpendium
1439 3429 1494 3475 et
1539 3419 2054 3474 circumventioncm
2098 3426 2370 3479 sanctam,

814 3525 909 3565 eos
937 3510 1172 3564 traheret
1198 3518 1250 3564 et
1287 3509 1540 3562 vocaret?
1583 3507 1795 3562 Etenim
1830 3524 1954 3562 caro
1980 3518 2028 3562 et
2058 3509 2268 3577 sanguis
2295 3524 2376 3561 rs-

819 3616 976 3670 gnum
1008 3599 1102 3653 Dei
1147 3616 1246 3652 non
1274 3599 1604 3668 possidebunt
1627 3597 1924 3668 ‘.—Ignem
1957 3598 2010 3650 in
2041 3599 2278 3650 manibus
2304 3609 2378 3652 te-

819 3705 994 3749 nentes
1019 3710 1034 3749 :
1059 3691 1235 3765 Ignem
1268 3701 1449 3747 tenent
1471 3691 1523 3746 in
1551 3690 1822 3756 manibus,
1851 3697 1911 3744 ut
1939 3704 2032 3758 per
2051 3701 2378 3743 consensum

817 3793 874 3841 et
908 3794 1059 3840 actus
1091 3784 1337 3849 vitiosos,
1371 3782 1617 3838 carnales
1646 3790 1700 3837 et
1724 3780 1986 3835 animales
2015 3779 2299 3843 inclinent,
2326 3787 2379 3832 et

818 3878 919 3941 sic,
966 3891 1064 3932 nos
1101 3878 1320 3945 (corpus
1360 3875 1586 3938 scilicet,
1626 3884 1680 3929 et
1720 3871 1985 3940 animum)
2031 3870 2278 3924 ardeant.
2312 3868 2379 3922 In

821 3969 986 4022 tribus
1032 3970 1260 4022 maxime
1301 3965 1676 4036 principalibus
1704 3981 1722 4020 :
1753 3963 2076 4019 auctoritate
2122 3976 2282 4016 sacra
2327 3969 2381 4015 et

821 4061 1124 4128 evangelica
1158 4061 1207 4130 (a
1238 4061 1412 4115 tribus
1439 4058 1880 4113 distinctionibus
1913 4055 2228 4112 monasticae
2256 4068 2382 4109 con-

823 4150 1185 4220 versationis),
1225 4167 1408 4206 verum
1442 4150 1699 4204 virtutum
1731 4148 1967 4203 medium
1999 4146 2258 4212 declarat,
2285 4161 2380 4201 so-

828 4243 1101 4297 lummodo
1127 4244 1180 4297 in
1214 4245 1464 4313 perlectis
1503 4242 1792 4298 virtutibus
1820 4255 1958 4309 quas
1989 4238 2252 4293 Mediator
2281 4238 2375 4294 Dei

827 4343 880 4388 et
927 4333 1204 4386 hominum
1229 4333 1474 4390 Christus
1504 4333 1662 4389 Jesus
1697 4333 1883 4388 docuit
1909 4338 1965 4385 et
1992 4328 2236 4397 perfecit,
2266 4343 2383 4382 me-

828 4423 976 4477 dium
1009 4423 1225 4478 beatum
1257 4439 1378 4478 esse
1424 4425 1724 4489 insinuans,
1769 4431 1824 4477 et
1863 4421 1917 4476 in
1971 4419 2382 4473 admirationem

828 4516 1103 4578 desinens,
1134 4515 1332 4581 ubique
1361 4531 1486 4569 vero
1523 4531 1555 4570 a
1603 4517 1864 4570 virtutum
1896 4511 2110 4576 medio,
2159 4510 2382 4564 vitiosos

831 4605 1102 4665 recedere.
1134 4611 1188 4658 at
1209 4603 1311 4658 sibi
1342 4605 1502 4658 noxia
1535 4620 1774 4674 quaerere
1799 4602 1950 4666 dicit,
1977 4602 2103 4672 quia
2139 4600 2256 4656 sine
2285 4615 2385 4668 pu-

830 4712 936 4768 gna
954 4705 1008 4750 et
1034 4694 1153 4749 sine
1181 4692 1381 4756 labore,
1415 4693 1531 4748 sine
1560 4695 1752 4764 vigiliis
1773 4706 1827 4750 et
1848 4694 1966 4750 sine
1987 4689 2248 4747 exercitio
2270 4689 2383 4759 spi-

835 4787 1035 4848 rituali,
1068 4799 1190 4839 cum
1222 4797 1406 4838 amore
1439 4783 1524 4838 sui
1547 4782 1805 4852 ipsorum,
1828 4784 2046 4840 Christo
2090 4782 2293 4838 servire
2325 4794 2384 4835 sc

833 4876 1114 4932 simulant.
1146 4870 1298 4928 Unde
1318 4885 1424 4926 non
1455 4880 1585 4925 sunt
1611 4871 1664 4924 hi
1697 4873 1828 4927 tales
1853 4873 1907 4927 in
1935 4871 2155 4927 nomine
2183 4869 2383 4926 Christi

835 4964 1167 5034 congregati,
1211 4963 1339 5033 quia
1366 4961 1694 5016 voluntatem
1720 4970 1774 5016 et
1802 4961 2148 5018 intentionem
2180 4961 2382 5017 Christi

835 5060 1213 5126 congregantis
1243 5057 1512 5124 ignorant.
1549 5049 1647 5104 Ubi
1691 5066 1806 5104 vero
1828 5060 1948 5106 sunt
1971 5054 2074 5107 duo
2101 5053 2176 5107 rel
2204 5063 2309 5106 tres
2339 5054 2381 5116 ⁷,

837 5159 944 5205 etc.
973 5148 1086 5204 Duo
1113 5151 1195 5205 vel
1226 5161 1336 5206 tres
1356 5144 1664 5218 congregati
1691 5145 1744 5198 in
1773 5147 1988 5202 nomine
2012 5147 2233 5208 Christi.
2260 5147 2395 5202 acti-

836 5239 893 5295 vi
923 5245 979 5294 et
1023 5238 1417 5308 contemplativi
1453 5247 1509 5292 et
1555 5241 1800 5306 regentes
1842 5245 1896 5290 et
1943 5252 2139 5307 corpus
2181 5246 2236 5294 et
2277 5239 2394 5292 ani-

839 5345 1006 5395 mam,
1053 5344 1226 5393 mens,
1257 5331 1391 5384 ratio
1414 5339 1467 5384 et
1497 5328 1742 5382 voluntas
1768 5342 1782 5378 :
1814 5327 1915 5392 vel,
1940 5344 2155 5399 corpus,
2187 5331 2390 5394 anima,

835 5431 894 5480 et
933 5419 1163 5492 spiritus
1190 5417 1272 5473 vel
1302 5417 1661 5483 rationabilis,
1695 5415 2150 5485 concupiscibilis,
2184 5430 2238 5476 et
2281 5421 2395 5474 ira-

2463 1961 2569 2014 tnal
2591 1968 2864 2014 mortuum
2905 1960 3157 2026 dicimus,
3190 1962 3261 2015 ita
3287 1963 3447 2016 homo
3478 1973 3730 2018 mortuus
3766 1964 4034 2033 intelligi-

2462 2063 2569 2114 tur,
2590 2060 2765 2118 etest,
2785 2059 2841 2105 et
2857 2051 3155 2118 dicitur,ex
3174 2067 3239 2108 eo
3255 2053 3396 2121 quod
3415 2055 3797 2108 mandatorum
3819 2053 4031 2108 Chriin

2462 2144 2846 2215 perfectionem
2865 2147 3077 2214 operari
3094 2155 3148 2200 et
3176 2146 3374 2201 imitari
3391 2161 3498 2200 non
3516 2148 3650 2208 vult,
3679 2137 3734 2202 et
3749 2148 4036 2202 adluarren

2462 2237 2588 2290 vita:
2610 2245 2825 2291 arternze
2851 2251 2974 2305 qua:
3005 2238 3056 2290 in
3089 2238 3346 2291 mandato
3374 2238 3473 2306 ipsi
3502 2247 3606 2301 est,
3637 2253 3734 2306 per
3773 2240 4037 2293 volunta-

2464 2329 2599 2380 riam
2626 2327 2806 2381 caruis
2848 2328 3287 2396 abnegationem,
3315 2327 3512 2382 renuit.
3561 2327 3942 2382 Adulterium
3985 2339 4038 2384 et

2466 2413 2642 2480 [ictam
2674 2412 2772 2482 (8.)
2815 2411 3186 2466 Adulter-inani
3241 2413 3392 2476 dicit,
3443 2415 3787 2469 srecularium
3834 2415 4037 2471 bonam

2468 2504 2957 2569 conversationem,
2989 2514 3211 2574 propter
3261 2505 3444 2559 laudes
3474 2516 3530 2560 et
3560 2520 3753 2561 vanam
3780 2508 4035 2578 gloriam,

2468 2607 2522 2651 et
2551 2607 2768 2668 propter
2803 2613 2960 2651 usum
3011 2586 3242 2668 propriae
3273 2598 3587 2664 voluntatis,
3637 2610 3696 2654 et
3727 2617 4037 2656 conversa-

2469 2689 2665 2742 tionem
2688 2691 3071 2744 tumultuosam
3094 2690 3147 2746 in
3172 2690 3319 2746 curis
3342 2689 3481 2755 vita),
3513 2701 3567 2746 et
3585 2706 3771 2746 rerum
3793 2693 4042 2763 proprie-

2471 2789 2633 2834 tatem
2659 2799 2671 2834 :
2691 2781 2946 2849 quoniam
2979 2795 3042 2835 ea
3071 2795 3191 2848 qua:
3212 2779 3430 2834 Patrum
3452 2782 3684 2837 consilio
3707 2793 3764 2839 et
3787 2785 4044 2839 obedien-

2473 2872 2542 2922 tia
2574 2870 2729 2936 ﬁunt,
2761 2881 2815 2925 ct
2850 2887 2910 2924 ea
2935 2886 3054 2940 quae
3075 2885 3262 2924 eorum
3293 2871 3696 2928 examinatione
3733 2877 4044 2942 probantur

2472 2971 2527 3014 et
2553 2961 2856 3025 ﬁrmantur,
2892 2971 3038 3016 recta
3063 2971 3190 3016 sunt
3223 2970 3278 3016 et
3321 2963 3615 3027 manentia,
3645 2974 3700 3018 ct
3730 2964 3848 3020 Deo
3879 2967 4046 3022 bene-

2476 3050 2689 3119 placita,
2717 3051 2849 3119 quia
2879 3050 3012 3105 fiunt
3053 3051 3348 3106 secundum
3379 3052 3709 3109 voluntatem
3749 3056 3924 3121 illius,
3955 3059 4046 3128 qui

2477 3143 2608 3196 dicit
2641 3158 2654 3194 :
2688 3139 2755 3194 Et
2795 3159 2826 3194 a
2878 3144 3072 3212 meipso
3099 3143 3238 3212 facio
3278 3145 3410 3200 nihil
3439 3145 3482 3202 ⁸.
3513 3144 3646 3210 Nam
3675 3150 3826 3218 quod
3874 3150 3953 3205 ita
3991 3153 4054 3206 iit

2478 3235 2620 3304 (cum
2655 3231 2950 3302 perfectum
2970 3249 3088 3290 esse
3115 3235 3352 3305 habeat),
3381 3237 3450 3290 ah
3489 3239 3635 3294 omni
3659 3240 3906 3296 vanitate
3933 3257 4053 3298 ser-

2476 3335 2637 3378 vatur
2665 3325 2910 3380 illazsum.
2945 3325 3211 3380 Plurimos
3245 3328 3300 3381 iu
3338 3329 3531 3382 swculo
3559 3332 3762 3398 aspexi,
3793 3344 3902 3387 etc.
3938 3331 4055 3388 Hoc

2479 3417 2537 3470 lit
2566 3415 2863 3470 secundum
2899 3417 3221 3472 industriam
3270 3419 3380 3472 doli
3419 3428 3475 3473 et
3510 3418 3722 3476 fraudis
3766 3422 4056 3478 illudentis

2478 3504 2704 3570 inimici,
2732 3509 2991 3575 quoniam
3019 3508 3216 3563 detenti
3253 3509 3306 3562 in
3341 3509 3460 3564 ovita
3487 3511 3760 3576 articulari,
3801 3529 3933 3581 qua
3964 3526 4052 3570 est

2477 3595 2664 3649 multis
2689 3596 2924 3664 peccatis
2967 3606 3021 3652 et
3055 3600 3377 3654 tumultibus
3420 3600 3600 3670 plena,
3649 3603 3706 3658 in
3743 3619 3859 3674 qua
3909 3615 4060 3664 reae

2477 3699 2599 3741 esse
2625 3695 2680 3740 et
2709 3686 2845 3741 bene
2875 3689 3055 3743 vivere
3087 3689 3430 3757 videbantur,
3457 3701 3513 3746 et
3537 3694 3845 3750 secundum
3883 3712 4059 3768 appa-

2480 3777 2708 3831 rentiam
2736 3777 2995 3847 proficere
3017 3781 3071 3834 in
3094 3781 3401 3846 virtutibus,
3431 3783 3730 3855 illaqueati,
3759 3798 3936 3843 ruunt
3962 3792 4058 3844 mi-

2479 3868 2780 3923 serabiliter
2804 3870 3090 3926 sordidati.
3128 3871 3402 3942 Contingit
3439 3874 3600 3931 etiam
3633 3876 3739 3934 hoc
3771 3879 3858 3935 eis
3882 3881 4060 3951 negli-

2480 3959 2678 4029 gentia,
2713 3960 3082 4029 irreverentia,
3109 3963 3514 4034 ingratitudine,
3539 3976 3596 4022 et
3619 3969 3886 4033 elatione,
3911 3983 3970 4026 et
3991 3989 4059 4028 ex

2480 4052 2776 4106 correctiva
2803 4055 3184 4123 permissione,
3210 4063 3265 4111 et
3289 4070 3354 4112 ex
3380 4072 3454 4112 eo
3469 4059 3613 4127 quod
3647 4071 3933 4129 pastorem
3962 4065 4060 4120 de-

2482 4151 2603 4196 vote
2658 4159 2765 4198 non
2812 4145 3063 4212 audiunt,
3123 4147 3217 4202 sed
3263 4147 3602 4218 relinquunt.
3641 4150 4065 4209 [inmunditiam-

2479 4232 2662 4288 saeculi
2687 4250 2706 4287 :
2745 4235 3221 4306 Concupiscentias
3259 4248 3313 4296 et
3341 4240 3735 4298 delectationes
3785 4246 3981 4300 carnis
4008 4255 4063 4300 et

2483 4327 2691 4400 myndi,
2711 4337 2764 4382 et
2784 4342 3022 4408 amorem
3052 4331 3407 4386 materialinm
3429 4340 3484 4386 ct
3509 4348 3752 4390 amorem
3781 4334 4065 4392 honorum

2483 4425 2537 4469 et
2569 4418 2773 4485 gloriae,
2826 4419 3085 4490 intellige.
3126 4421 3244 4476 Non
3287 4422 3432 4476 enim
3471 4425 3634 4479 homo
3677 4425 3942 4482 conditus
3976 4436 4062 4482 est

2411 4513 2455 4568 υ
2485 4505 2815 4570 immundus,
2835 4510 2920 4564 vel
2950 4520 3146 4565 natura
3172 4527 3376 4576 rerum,
3405 4514 3486 4567 vel
3510 4515 3740 4570 materia
3778 4517 4058 4573 exsistet:-

2489 4596 2647 4662 tium,
2683 4598 2774 4652 sed
2798 4599 2924 4666 quia
2948 4601 3108 4655 homo
3138 4605 3399 4658 avertitur
3424 4606 3535 4660 suis
3567 4607 3964 4674 voluntatibus,
3988 4611 4059 4665 alt

2488 4702 2554 4741 eo
2578 4687 2722 4756 quod
2748 4698 2832 4743 est
2853 4691 3179 4745 conveniens
3205 4703 3257 4746 et
3284 4693 3594 4761 honestum,
3625 4712 3879 4766 quarens
3899 4702 4055 4756 dele-

2491 4778 2708 4832 ctabilia
2739 4787 2794 4834 et
2831 4778 3107 4846 sublimia,
3157 4782 3301 4837 altus
3345 4785 3511 4842 corde
3541 4786 3622 4851 lit,
3655 4797 3877 4858 propter
3905 4793 4055 4860 quod

2491 4870 2806 4926 immundus
2867 4880 2952 4926 est
3003 4872 3142 4941 apud
3198 4870 3391 4928 Deum.
3447 4873 3821 4943 Importunum
3866 4884 4055 4937 cordis

2491 4961 2661 5032 ignem
2687 4977 2706 5016 :
2725 4960 2868 5033 Ignis
2892 4962 3233 5032 importunus
3253 4973 3336 5018 est
3354 4965 3533 5019 omnis
3549 4981 3703 5022 atrior
3717 4969 3979 5037 carnalis,
3998 4984 4056 5030 et

2491 5055 2670 5110 omnis
2705 5054 2901 5109 vitiosa
2923 5055 3378 5124 concupiscentia,
3401 5064 3457 5110 et
3498 5056 3810 5114 delectatio.
3843 5062 4058 5132 Oppor-

2491 5154 2656 5202 tunus
2683 5160 2813 5216 ergo
2851 5145 2993 5217 ignis
3018 5153 3122 5207 est,
3179 5160 3332 5200 amor
3363 5145 3460 5202 Dei
3505 5155 3677 5219 atque
3706 5152 3974 5222 cognitio,
4001 5166 4063 5211 et

2491 5233 2726 5305 Spiritus
2763 5235 2939 5292 sancti
2965 5235 3297 5298 incendium,
3321 5245 3376 5291 et
3399 5239 3821 5298 communicatio
3846 5259 3862 5298 :
3887 5253 3953 5300 et
3981 5247 4058 5301 div

2490 5329 2630 5386 citur
2657 5338 3016 5400 opportunus,
3037 5327 3164 5396 quia
3190 5329 3373 5384 omnia
3397 5329 3650 5387 arbitrari
3670 5330 3802 5389 facit
3823 5343 3882 5390 ut
3913 5345 4057 5393 ster-

2489 5435 2618 5478 cora
2647 5429 2866 5497 propter
2898 5419 3069 5480 Deum
3097 5419 3146 5488 ',
3170 5420 3314 5476 sicut
3359 5419 3704 5492 importunus
3732 5425 3939 5483 dicitur
3961 5428 4060 5499 qui

908 5599 1136 5655 ‘llatth.
1159 5613 1234 5660 xl,
1263 5597 1372 5650 2|.-
1424 5597 1445 5628 '
1472 5595 1636 5650 lCor.
1673 5611 1734 5660 ιι,
1777 5594 1862 5648 l-l.
1937 5592 2142 5648 'ler.
2165 5612 2252 5663 xv,
2445 5600 2467 5631 "
2492 5599 2682 5656 Matth.
2723 5617 2842 5667 vm,
2871 5601 2963 5656 ἓξ.
3035 5598 3058 5632 ⁸
3089 5597 3246 5654 Joan.
3269 5610 3383 5664 vni,
3407 5600 3496 5658 38.
3571 5603 3594 5637 ⁹
3615 5601 3849 5676 Philipp.
3881 5603 4061 5674 nt,8.

913 5689 989 5752 (ti)
1049 5685 1207 5738 \‘ctus
1239 5683 1523 5750 interpres,
1553 5681 2025 5752 importunitatem.
2089 5750 2111 5752 Α
2393 5718 2395 5720 -

914 5750 990 5823 ('l)
1023 5755 1189 5811 Vetus
1219 5756 1482 5825 interpres
1545 5751 1900 5806 habitudinem
1949 5759 1996 5803 et
2031 5750 2376 5818 u/fectionem.

2578 5690 2657 5762 (8)
2682 5687 2849 5746 Vetus
2878 5689 3162 5759 interpres,
3186 5702 3412 5758 segnem.
