4222 6448
177 396 310 466 1217

1355 395 1675 459 SCIIOLIA
1705 395 1788 458 IN
1828 396 2246 461 CLIMACUM.

3292 407 3428 475 1218

176 513 346 569 findat
379 519 433 567 et
461 508 732 580 inquinat,
770 519 824 566 et
848 507 1179 564 exterminat
1205 507 1443 578 animam
1484 525 1498 561 :
1533 507 1749 562 Deliciis
1779 524 1824 580 Α
1852 505 1977 574 Lot,
2007 508 2103 562 sed
2139 509 2320 579 ipsum
2348 523 2584 582 sequens
2613 510 2778 584 iuge:
2808 527 2964 570 amor
3005 515 3149 572 enim
3202 526 3256 574 et
3304 519 3432 576 alle-

175 604 414 658 omnt'btts
435 611 486 658 et
513 603 654 656 vitiis
690 603 1059 658 abstinendum
1087 604 1188 672 (8‘)
1219 618 1234 655 :
1261 601 1345 656 Ab
1371 600 1626 656 omnibus
1651 601 1748 654 de-

174 695 317 753 liciis
359 703 415 750 et
461 694 793 766 malignitate
848 693 938 750 hic
982 693 1116 750 dicit
1163 692 1569 749 abstinendum.
1613 689 1749 745 Nam

172 802 276 854 per
317 787 564 850 delicias,
597 787 780 842 carnis
823 785 1320 857 concupiscentias,
1370 793 1428 842 et
1469 784 1751 840 universas

175 879 364 935 mundi
381 879 768 934 delectationes
789 875 1029 949 intellige
1062 895 1078 934 :
1109 893 1207 948 per
1231 877 1625 948 malignitatem
1655 892 1750 932 ve-

175 985 263 1034 ro,
289 971 402 1033 irae,
432 980 488 1024 ct
515 971 892 1036 immunditize,
919 980 974 1026 et
1001 969 1290 1040 superbiae,
1314 979 1368 1026 et
1388 971 1630 1039 reliquas
1655 969 1752 1024 ad-

168 1065 538 1121 inventiones.
569 1064 765 1119 Portus
787 1065 926 1120 enim
947 1075 997 1118 et
1036 1065 1252 1130 salutis,
1279 1073 1384 1120 etc.
1410 1064 1618 1119 Salutis
1632 1064 1752 1133 qui-

175 1158 323 1222 dem,
346 1165 563 1228 propter
590 1157 822 1226 vigilias,
849 1157 1338 1222 conversationem,
1365 1155 1750 1218 humilitatem,

178 1251 548 1316 sobrietatem,
577 1259 634 1306 et
661 1250 959 1306 virtuosam
993 1248 1450 1313 sollicitudinem;
1482 1247 1752 1318 periculo-

167 1357 301 1397 rum
343 1357 494 1408 vero,
529 1351 750 1413 propter
781 1340 1311 1412 pusillanimitatem,
1343 1339 1748 1412 negligentiam,

182 1435 523 1504 tepiditatem
549 1445 605 1490 et
644 1437 878 1504 propria:
924 1433 1221 1489 voluntatis
1249 1432 1448 1488 malam
1477 1447 1753 1488 reassum-

165 1527 417 1597 ptionem
459 1545 474 1582 :
501 1527 629 1597 quia
663 1534 884 1597 propter
914 1525 1038 1593 ista,
1064 1526 1118 1580 in
1159 1535 1318 1597 portu
1346 1526 1602 1596 angelica:
1631 1526 1753 1579 vita:

165 1619 412 1688 religiosi
435 1619 825 1688 periclitantur,
855 1618 999 1674 sicut
1039 1633 1136 1689 per
1171 1617 1534 1672 obedientiam
1579 1624 1634 1672 et
1667 1631 1754 1672 re-

175 1711 496 1774 verentiam,
529 1725 660 1778 pace
689 1720 744 1765 et
768 1711 944 1766 salute
971 1711 1254 1765 fruuntur.

163 1803 304 1858 Car.
365 1801 450 1858 Ill.
505 1832 574 1847 οι»
631 1803 940 1872 Spiritualis
993 1802 1434 1874 peregrinationis

779 1892 904 1962 (col.
937 1891 1044 1948 665
1083 1890 1166 1962 Β).

245 1982 632 2053 Peregrinatio,
678 1994 763 2039 est
823 1999 952 2039 vera
1008 1987 1311 2057 segregatio
1363 1984 1432 2038 ab
1491 1982 1749 2039 omnibus

161 2076 669 2145 ctmcnpisceutiis,
737 2076 1126 2147 voluptatibus,
1179 2087 1236 2131 et
1293 2075 1574 2132 malitiis:
1625 2089 1746 2128 nam

171 2178 392 2236 propter
415 2169 840 2237 segregatiouem
873 2184 904 2222 a
927 2169 1098 2236 vitiis,
1143 2167 1557 2238 insegregabilis
1611 2168 1670 2222 iit
1718 2183 1748 2222 a

167 2258 302 2324 Deo,
349 2275 472 2314 nam
503 2260 648 2314 vitiis
672 2261 1049 2330 praesentibus,
1094 2260 1171 2314 nil
1236 2261 1440 2315 utiliter
1496 2274 1752 2315 consum-

170 2359 370 2405 matur.
395 2350 616 2407 Omnem
643 2367 862 2406 suontm
893 2351 1288 2414 alienorumque
1319 2351 1564 2422 affectum
1585 2367 1604 2405 :
1625 2368 1748 2420 pro-

161 2445 412 2513 priorum
489 2443 864 2500 habitudinem
913 2444 1045 2501 dicit
1096 2455 1342 2510 sanctus,
1403 2443 1745 2499 aﬂectionem

169 2537 508 2607 voluptatum
563 2537 634 2592 ad
673 2537 935 2609 seipsum,
965 2546 1020 2595 et
1046 2537 1113 2594 ad
1158 2538 1399 2609 propria,
1449 2536 1503 2592 id
1543 2547 1628 2592 est
1680 2537 1745 2590 ad

169 2628 502 2685 domesticos
538 2638 593 2686 et
625 2631 999 2702 propinquos:
1041 2630 1347 2686 Alienorum
1372 2644 1505 2686 vero
1557 2629 1747 2685 amici-

169 2721 304 2776 tiam
353 2737 591 2790 omnem,
640 2731 692 2778 et
723 2721 1067 2779 ail‘eCtionem
1118 2737 1570 2794 quorumcunque
1622 2737 1748 2777 sen-

159 2814 404 2880 sualem,
435 2825 490 2870 et
518 2815 639 2870 aliis
689 2815 946 2872 omnibus
979 2831 1102 2886 qua:
1136 2824 1267 2872 sunt
1309 2823 1488 2880 extra,
1522 2814 1639 2871 sive
1680 2814 1747 2870 de

169 2909 440 2978 pecuniis,
487 2909 601 2963 sive
645 2908 1106 2978 possessionibus.
1155 2906 1271 2974 Vel,
1310 2908 1647 2979 propriorum
1670 2905 1746 2962 di-

167 3009 320 3053 ctmn
375 2999 639 3064 arbitror,
663 2999 733 3054 de
754 2998 1131 3054 voluntatibus
1191 2997 1603 3054 conferentibus
1653 3011 1746 3052 se»

167 3088 409 3142 eundum
442 3103 682 3144 carnem.
723 3088 1028 3142 Alienorum
1059 3102 1210 3152 vero,
1245 3090 1311 3142 de
1337 3087 1593 3142 onmihus
1624 3099 1746 3156 quae

1511 1801 1750 1871 tle/initio

1857 599 1970 656 ctio
2027 602 2374 669 propriorum
2404 619 2633 661 uxorem
2667 605 2771 663 Lot
2813 611 3084 666 convertit
3110 613 3164 665 in
3191 621 3428 670 statuam

1850 690 2004 747 salis.
2033 690 2261 748 Aﬂ‘ectio
2285 709 2533 752 escarum
2575 697 2807 767 privavit
2837 701 3213 773 primogenitis
3259 703 3423 762 Esau.

1850 783 2078 839 Atl‘ectio
2103 787 2337 856 propriae
2395 788 2697 844 voluntatis
2753 792 2950 848 extulit
3008 793 3317 850 Luciferum
3372 797 3426 851 in

1850 877 2183 948 superbiam,
2213 889 2267 934 et
2309 883 2668 952 praecipitavit
2689 884 2746 938 in
2795 884 3000 942 inferos
3025 904 3150 944 cum
3191 906 3430 959 sequen-

1854 969 2000 1025 tibus
2042 985 2189 1025 eum.
2243 971 2474 1028 Aﬂ‘ectio
2519 975 2857 1045 voluptatum
2884 976 3100 1034 Jezabel
3134 982 3427 1049 interiecit,

1849 1072 1906 1116 et
1964 1060 2313 1118 Salomonem
2359 1064 2414 1118 in
2465 1065 2826 1122 idololatriam
2881 1070 3137 1138 pervertit
3167 1071 3232 1124 “.
3285 1073 3428 1127 Atl'e—

1850 1151 1962 1206 ctio
2010 1155 2364 1224 pecuniarum
2410 1156 2606 1212 Judam
2679 1159 3010 1228 proditorem
3045 1163 3247 1218 Christi
3279 1164 3426 1220 fecit.

1849 1241 1954 1309 Qui
1983 1254 2166 1300 autem
2219 1251 2289 1301 ab
2333 1249 2453 1303 istis
2486 1248 2708 1315 recedit,
2737 1249 2947 1304 invenit
2978 1251 3271 1308 Ahrahami
3303 1271 3431 1310 vere

1851 1338 2252 1408 peregrinantis
2284 1341 2473 1407 vitam,
2505 1351 2694 1397 etnon
2745 1343 3055 1414 conjugem,
3091 1345 3189 1400 sed
3247 1347 3425 1416 ipsmn

1850 1427 1954 1482 Lot
2006 1429 2268 1486 imitatur.
2297 1431 2472 1487 Corda
2515 1434 2652 1488 enim
2715 1451 2834 1506 qua:
2890 1435 3022 1490 illuc
3051 1453 3258 1492 reversa
3281 1449 3425 1495 sunt.

1851 1516 2007 1583 Vide,
2037 1521 2112 1576 ait
2150 1533 2390 1588 sanctus,
2435 1515 2718 1594 quomodo,
2739 1541 2845 1582 non
2878 1528 2944 1581 ad
2985 1543 3096 1595 res,
3126 1528 3224 1582 iuit
3255 1529 3430 1584 Israc-

1852 1607 2066 1664 litarum
2118 1615 2427 1676 conversio,
2475 1615 2570 1670 sed
2622 1619 2690 1669 ad
2725 1631 3009 1673 sermones
3065 1633 3250 1673 rerum
3299 1630 3426 1674 tan-

1850 1713 1965 1754 tum
2013 1715 2201 1755 eorum
2243 1702 2472 1757 intentio
2498 1712 2555 1759 et
2605 1705 2819 1760 allectio
2852 1709 3310 1778 apprOpinquavit
3367 1719 3422 1764 et

1849 1793 2072 1858 erravit,
2118 1800 2176 1848 et
2225 1805 2509 1864 propterea
2583 1797 2926 1851 condemnati
2981 1797 3200 1854 fuerunt
3240 1819 3254 1854 :
3317 1815 3424 1854 nou

1849 1885 1997 1939 enim
2021 1884 2078 1939 in
2105 1883 2422 1957 Egyptum,
2447 1888 2540 1943 sed
2566 1889 2632 1944 ad
2657 1903 2718 1944 ea
2743 1904 2864 1957 qua:
2885 1899 3043 1945 erant
3078 1891 3131 1944 in
3165 1891 3423 1961 Egypto,

1851 1990 2010 2032 mens
2055 1977 2235 2047 populi
2268 1979 2564 2035 descendit.
2599 1980 2754 2036 Time
2781 1981 2968 2052 igitur,
2999 1991 3054 2037 et
3087 1991 3141 2036 tu
3171 1983 3417 2048 humilis,

1849 2076 1906 2123 et
1932 2067 2027 2123 Dei
2078 2084 2257 2135 serve,
2285 2072 2351 2126 ad
2394 2073 2752 2143 cogitationes
2790 2075 3043 2128 vitiorum
3077 2076 3274 2132 habere
3297 2093 3428 2133 con-

1849 2174 2095 2228 sensum,
2130 2176 2200 2217 ne
2245 2163 2410 2218 etiam
2440 2174 2497 2220 tu
2541 2163 2821 2220 damneris
2865 2180 2962 2234 per
3003 2181 3116 2222 eas.
3149 2167 3216 2222 Et
3251 2169 3426 2225 Moses

1850 2251 1946 2306 ille
1969 2254 2059 2323 qui
2093 2252 2260 2308 Deum
2283 2253 2824 2326 viderat:£gyptus,
2861 2256 2951 2311 Dei
2983 2257 3344 2328 ignorantiam
3374 2272 3429 2316 et

1849 2354 2151 2411 peccatum,
2185 2355 2239 2400 et
2279 2345 2612 2416 impietatem
2647 2347 2937 2416 signitlcat,
2968 2348 3181 2420 Moyses
3221 2362 3426 2418 autem,

1850 2433 2119 2503 perfectos
2146 2435 2292 2488 viros
2322 2443 2376 2490 et
2402 2436 2494 2490 Dei
2522 2436 2921 2505 praedicatores,
2949 2440 3040 2509 qui
3073 2454 3197 2496 cum
3228 2443 3428 2499 talibus

1852 2525 2048 2580 multas
2082 2527 2352 2580 sustinent
2388 2527 2916 2585 tenebret‘actiones:
2955 2532 3050 2602 qui
3115 2546 3258 2603 saepe
3301 2551 3429 2605 pro-

1850 2613 1996 2680 iecti,
2022 2630 2086 2670 ex
2119 2615 2440 2686 ignorantia,
2475 2628 2695 2687 peccato
2724 2626 2779 2673 et
2803 2618 3077 2687 impietate
3135 2635 3426 2692 pravorum

1849 2719 2142 2777 gravantur
2171 2726 2184 2762 :
2218 2719 2272 2763 et
2328 2709 2528 2779 saepius
2563 2711 2872 2781 exaggerati
2906 2710 3019 2783 (10)
3049 2718 3429 2772 conversatio-

1849 2814 1917 2854 ne
1946 2803 2236 2867 malorum,
2273 2801 2437 2871 quasi
2483 2803 2809 2873 quibusdam
2856 2803 3144 2864 aiixietatis
3193 2811 3430 2865 tenebris

1849 2891 2225 2959 involvuntur,
2255 2895 2385 2948 dum
2424 2908 2491 2949 ex
2528 2897 2644 2950 zelo
2680 2897 2977 2957 Dominica:
3002 2901 3202 2969 laudis,
3265 2920 3432 2975 super

1847 2984 2144 3039 carnalium
2176 2983 2529 3039 offensionem
2562 2988 2944 3047 molestantur.
3013 2990 3118 3058 Qui
3174 2994 3245 3049 ad
3300 3011 3430 3050 suos

1850 3077 2141 3132 mittuntur
2165 3077 2370 3132 eisdem
2409 3078 2713 3136 rationibus
2769 3083 2972 3152 quibus
3023 3085 3076 3139 in
3138 3085 3429 3154 Nazareth,

167 3188 302 3234 sum
323 3188 500 3246 extra,
541 3180 794 3250 superius
828 3178 1013 3246 dictis,
1061 3193 1094 3230 a
1115 3179 1316 3251 quibus
1341 3177 1624 3244 alienatus,
1660 3192 1746 3230 ra-
1775 3205 1818 3265 ο
1853 3167 2118 3265 Dominus
2147 3169 2392 3265 ridebat:
2429 3170 2703 3265 videlicet,
2737 3189 2804 3228 ne
2824 3173 2966 3232 forte
3001 3177 3288 3235 dicerent:
3322 3181 3434 3236 Me-

168 3271 488 3326 tionabilem
528 3279 585 3326 et
651 3271 790 3326 bene
831 3269 1092 3326 ferentem
1148 3270 1215 3324 ad
1265 3269 1494 3326 salutem
1547 3267 1748 3323 incedit
1786 3261 1816 3265 ί
1845 3263 1981 3326 dice.
2012 3278 2143 3315 cura
2181 3261 2404 3330 teipsum
2434 3264 2500 3318 ¹¹.
2528 3263 2592 3318 Et
2617 3279 2684 3318 ne
2712 3265 2972 3334 dicerent,
3005 3268 3134 3338 quia
3176 3270 3432 3326 adversa-

166 3364 340 3416 viam.
394 3361 594 3417 Statim
629 3371 688 3416 ut
714 3361 1003 3431 susceperis
1031 3361 1328 3431 ﬂammam,
1381 3377 1552 3415 curre.
1614 3359 1748 3414 Pro-

167 3466 293 3527 pter
321 3463 567 3510 nostram
598 3454 1025 3511 inconstantiam
1068 3462 1124 3509 et
1163 3454 1566 3509 vertibilitatem
1589 3492 1605 3518 ,
1641 3467 1745 3523 qua

168 3562 274 3601 nos
300 3547 447 3615 ipsos
477 3546 773 3600 avertimus
795 3562 824 3600 a
859 3530 1046 3616 gratia:
1080 3545 1255 3607 radio,
1291 3544 1545 3606 dicimur,
1579 3561 1606 3598 a
1642 3543 1749 3599 Deo

168 3637 431 3707 relinqui,
461 3637 589 3706 quia
626 3638 762 3706 ipse,
784 3637 838 3692 in
870 3652 982 3692 suae
1005 3636 1307 3692 mansionis
1333 3636 1611 3691 identitate
1646 3635 1748 3688 im—

169 3737 358 3783 motus
384 3742 630 3794 manens,
653 3737 705 3782 et
723 3741 783 3782 se
810 3727 968 3782 nobis
995 3726 1292 3781 imn‘iittens
1315 3734 1367 3781 et
1383 3727 1655 3795 ingerens,
1677 3740 1749 3780 ae-

168 3819 410 3889 qualiter
427 3827 479 3873 et
496 3818 754 3872 continue
767 3825 816 3873 et
835 3817 1044 3886 absque
1063 3831 1415 3888 personarum
1436 3818 1750 3886 acceptione

169 3927 278 3966 nos
320 3911 483 3965 etiam
540 3909 782 3975 trahens,
843 3909 1132 3964 mutationi
1190 3923 1298 3963 non
1345 3908 1557 3964 subest.
1613 3907 1751 3963 llinc

169 4011 361 4055 noster
387 4015 657 4064 recessus,
692 4014 790 4054 sua
829 3999 1040 4053 relictio
1073 3999 1294 4064 dicitur,
1330 3998 1457 4068 quia
1497 3997 1618 4066 ejus
1649 3997 1750 4050 im-

169 4092 500 4156 motiilitate,
562 4099 762 4146 nostra:
809 4091 1116 4147 eversionis
1170 4105 1336 4147 causa
1389 4099 1745 4144 monstratur.

171 4182 479 4236 Flammam
509 4182 672 4252 igitur
701 4183 1014 4252 suscipiens,
1051 4181 1105 4235 id
1166 4186 1279 4246 est,
1324 4181 1511 4250 gratim
1556 4194 1750 4235 asceti-

167 4276 422 4330 sionem:
461 4290 633 4337 curre,
669 4273 845 4338 idest,
871 4273 1152 4343 coeperari
1194 4273 1243 4327 ei
1285 4273 1464 4334 stude,
1501 4287 1566 4326 ex
1601 4274 1748 4327 omni

169 4368 420 4421 virtute:
471 4381 575 4419 non
611 4366 753 4418 enim
796 4365 938 4418 nosti
991 4365 1212 4435 quando
1247 4366 1624 4435 exstinguatur
1652 4365 1748 4428 ait,

169 4467 395 4528 propter
436 4459 860 4527 inexspectatum
897 4467 948 4511 et
994 4456 1343 4521 insuil‘erens,
1395 4466 1447 4510 et
1477 4457 1541 4509 ad
1569 4465 1749 4511 trans-

168 4549 510 4606 mutationes
570 4551 806 4619 proclive
867 4559 1017 4603 tuum
1074 4549 1373 4617 ingenium.
1440 4547 1586 4602 Tunc
1628 4548 1748 4617 jam
1783 4532 1825 4587 Ῑ)

167 4642 520 4712 cogitationes
571 4641 822 4694 vanitatis
857 4641 932 4709 (9)
961 4659 974 4694 :
1036 4639 1264 4705 Quando
1290 4641 1413 4710 quis
1446 4639 1748 4706 extollitur,

164 4747 219 4787 et
268 4732 546 4786 existimat
584 4747 642 4785 se
695 4731 896 4800 aliquid
942 4746 1084 4795 esse,
1122 4731 1297 4800 perdit
1349 4744 1535 4784 verum
1585 4745 1744 4785 esse:

169 4825 326 4891 quia,
355 4839 482 4878 cum
524 4823 658 4877 nihil
691 4823 781 4887 sit,
827 4824 929 4876 hoc
982 4821 1201 4876 credere
1256 4830 1309 4875 et
1373 4821 1612 4890 cogitare
1662 4831 1748 4875 est

167 4914 224 4967 ei
279 4928 311 4966 a
346 4917 569 4967 veritate
601 4915 869 4968 recedere.
898 4914 1112 4967 llumile
1143 4928 1334 4982 sapere
1357 4913 1400 4944 ¹⁰
1439 4922 1522 4968 est
1571 4913 1624 4968 in
1657 4929 1750 4968 ve-

169 5015 339 5060 ritate
370 5021 512 5060 esse.
537 5008 718 5060 Altum
756 5021 968 5076 sapere,
995 5013 1079 5060 est
1109 5005 1163 5059 in
1193 5006 1418 5061 veritate
1447 5022 1551 5060 non
1583 5021 1702 5062 esse
1729 5027 1744 5063 :

163 5102 304 5170 quia
338 5098 548 5154 vanitas
581 5101 924 5155 mendacium
962 5109 1044 5154 est
1074 5108 1127 5152 et
1157 5113 1344 5152 verum
1384 5114 1504 5154 esse
1550 5101 1748 5155 habere

169 5208 286 5246 nou
343 5192 490 5247 sinit.
528 5190 754 5249 Vanitas
801 5202 984 5248 autem
1045 5191 1402 5261 cogitationes
1449 5199 1504 5247 et
1559 5191 1749 5246 elatio-

168 5284 263 5336 nis
324 5281 654 5338 intentiones
709 5299 850 5353 quae.
897 5298 958 5339 se
1018 5282 1400 5352 suscipientes,
1449 5290 1750 5337 ostentato-

172 5387 266 5424 res
338 5379 392 5424 et
446 5381 721 5431 amatores
782 5374 970 5445 gloria:
1029 5373 1282 5439 iaciunt;
1353 5387 1460 5426 non
1526 5387 1748 5428 uxorem

248 5520 300 5555 ⁸⁸
335 5521 490 5578 Rom.
522 5537 596 5587 xl,
635 5521 726 5577 20.

375 5635 542 5715 \fclus
587 5637 874 5715 interpres,
905 5640 1110 5715 deliciis
1143 5653 1191 5715 et
1228 5645 1579 5715 malignitate.

244 5706 332 5774 (9)
395 5707 557 5789 licius
582 5780 592 5789 .
615 5706 1080 5789 ittterpres.r'l‘nnc
1116 5706 1382 5770 (humane;
1415 5718 1756 5788 cogitationi—

166 5781 270 5831 (ms
294 5781 545 5831 omnium
575 5781 846 5842 instantes,
875 5788 977 5833 etc.

807 5523 848 5556 “
885 5521 954 5578 IV
996 5525 1126 5596 Reg.
1164 5540 1242 5592 Ix,
1294 5527 1384 5582 22.
1466 5533 1508 5565 ¹³
1565 5531 1698 5589 Luc.
1757 5547 1830 5599 tv,

1850 3355 1969 3409 rius
2019 3355 2180 3410 nobis
2205 3363 2291 3409 est
2322 3354 2434 3425 (ll)
2464 3373 2479 3411 :
2509 3363 2584 3421 et,
2619 3371 2688 3411 ne
2714 3358 2977 3426 dicerent,
3017 3362 3066 3416 si
3121 3361 3274 3432 signa
3348 3363 3432 3418 ie-

1850 3445 2032 3510 ‘cisset,
2069 3444 2490 3501 credidissemus
2520 3454 2576 3500 et
2605 3461 2704 3502 nos
2747 3449 3034 3506 similiter:
3065 3460 3120 3507 et
3152 3453 3274 3508 ideo
3301 3456 3433 3510 mit-

1852 3543 2038 3590 tuntur
2068 3545 2121 3591 et
2151 3537 2276 3604 ipsi,
2306 3538 2436 3607 quia
2476 3537 2604 3593 fecit
2640 3539 2713 3593 ibi
2745 3537 2908 3596 Jcsus
2943 3557 3145 3612 paucas
3183 3546 3427 3603 virtutes.

1848 3628 2114 3683 Caeterum
2162 3643 2284 3682 cum
2310 3627 2462 3691 dicit,
2512 3644 2632 3698 qua:
2683 3640 2760 3685 est
2818 3644 2987 3687 mater
3023 3653 3160 3699 mea,
3197 3646 3250 3692 et
3312 3655 3434 3709 quae

1849 3728 2153 3789 sequuntur
2180 3720 2250 3786 ⁸³,
2288 3719 2528 3775 ostendit
2557 3723 2702 3791 quod
2759 3739 2936 3794 neque
2968 3726 3246 3783 Christum
3294 3730 3433 3787 ferre

1853 3825 2030 3881 neque
2101 3823 2313 3880 partum
2375 3811 2524 3865 illum
2607 3815 3147 3882 superadmirabilem
3214 3837 3428 3889 parere,

1853 3903 2064 3957 lucrum
2103 3904 2183 3956 vel
2212 3903 2462 3957 meritum
2494 3902 2720 3958 haberet
2765 3905 2884 3961 sine
2931 3908 3148 3964 virtute.
3188 3911 3312 3966 Ideo
3337 3914 3430 3968 de-

1853 4003 2125 4049 monstrat
2159 3995 2304 4063 quod
2357 3994 2501 4048 nulla
2534 4010 2597 4048 ex
2659 3995 2764 4052 hoc
2830 3999 3033 4055 utilitas
3089 3986 3251 4068 esset,
3321 4007 3422 4060 nisi

1851 4086 2033 4140 omnia
2073 4085 2478 4152 convenientia,
2509 4087 2754 4142 virtuose
2791 4098 2843 4143 et
2876 4106 3087 4148 summe
3122 4092 3322 4150 iaceret
3373 4109 3426 4153 et

1850 4177 2186 4247 adimplet-et.
2216 4177 2357 4244 Quin
2398 4179 2581 4245 etiam,
2614 4179 2670 4233 in
2703 4182 2808 4236 hoc
2840 4183 3027 4250 verbo,
3081 4200 3265 4241 veram
3317 4206 3430 4242 ma-

1852 4271 1951 4326 tris
2016 4271 2376 4326 humilitatem
2409 4271 2652 4326 insinuat
2684 4275 2906 4344 populo,
2947 4277 3076 4332 dum
3155 4282 3288 4336 nihil
3347 4285 3428 4337 al-

1851 4371 1964 4417 tum
2001 4378 2192 4434 sapere
2224 4372 2318 4417 aut
2367 4363 2652 4435 imaginari
2708 4382 2876 4436 super
2923 4369 3013 4424 tali
3083 4379 3233 4428 tanto
3289 4373 3428 4429 Filio

1851 4448 2211 4510 demonstrat.
2247 4455 2364 4510 Non
2398 4457 2537 4525 quod
2552 4459 2877 4529 propinquos
2911 4472 3114 4517 nostros
3144 4477 3192 4520 et
3224 4469 3425 4534 patrios

1855 4563 2008 4618 agros
2032 4561 2052 4599 :
2089 4546 2287 4602 Odium
2331 4556 2413 4603 est
2449 4547 2769 4605 abscondita
2797 4551 3035 4620 aﬂ‘ectio,
3084 4570 3205 4624 quae
3232 4558 3428 4612 adver-

1856 4648 2009 4694 satur
2043 4639 2126 4696 bis
2177 4641 2270 4710 qui
2299 4639 2351 4694 in
2403 4641 2584 4712 aliquo
2614 4659 2711 4699 nos
2737 4647 3086 4702 contristant.
3120 4650 3314 4705 Odium
3344 4662 3430 4708 est

1855 4731 2112 4787 alienatio
2147 4733 2214 4788 ab
2244 4748 2310 4788 eo
2338 4735 2482 4805 quod
2515 4747 2770 4792 maestum
2805 4748 2887 4794 est
2910 4747 3005 4794 aut
3036 4742 3250 4798 aversio
3297 4761 3429 4800 con-

1855 4824 2208 4880 tristantium.
2257 4824 2312 4880 ln
2345 4827 2493 4881 nullo
2523 4827 2686 4900 igitur
2729 4831 2946 4900 horum,
2982 4849 3012 4888 a
3053 4839 3320 4893 monacho
3372 4839 3428 4894 lit

1858 4933 2108 4974 recessus
2132 4933 2161 4973 a
2191 4919 2594 4992 domesticispt
2626 4925 2966 4996 propinquis,
3000 4927 3121 4982 ideo
3149 4930 3274 4983 dicit
3305 4946 3426 4998 nos,

1857 5025 1964 5064 non
1989 5019 2048 5065 ut
2073 5009 2409 5068 obedientes.
2427 5012 2664 5069 Lwtetur
2695 5018 2833 5071 enim
2860 5018 3136 5082 Dominus,
3163 5033 3264 5076 etc.
3293 5024 3426 5092 (i2).

1858 5099 1997 5159 Deus
2033 5113 2247 5158 amator
2311 5105 2616 5174 hominum,
2680 5108 3010 5165 humanatus
3069 5121 3168 5176 est,
3208 5121 3265 5167 ut
3331 5130 3436 5170 nos

1857 5210 2121 5250 aveneno
2177 5197 2440 5251 mundani
2508 5207 2562 5254 et
2610 5201 2830 5256 humani
2892 5204 3096 5259 amoris
3153 5205 3426 5264 iiberaret.

1859 5285 1951 5341 Est
1976 5287 2117 5341 enim
2148 5288 2458 5345 mundanus
2486 5299 2540 5345 et
2569 5291 2842 5348 humanus
2897 5295 3077 5350 carnis
3105 5311 3284 5361 amor,
3306 5314 3429 5352 car-

1861 5394 1973 5444 cer,
2011 5389 2064 5433 et
2109 5388 2324 5445 catena,
2383 5391 2438 5436 et
2492 5381 2758 5454 infernus,
2793 5395 2848 5442 et
2889 5402 3036 5443 mors
3077 5407 3091 5445 :
3141 5406 3270 5460 quo,
3310 5391 3434 5461 quis

1882 5533 1974 5587 9.3.
2055 5536 2098 5568 “
2143 5536 2335 5594 Matth.
2405 5557 2501 5604 xu,
2560 5541 2649 5596 48.

1935 5648 2046 5723 (ρο)
2070 5652 2283 5723 Melius,
2314 5657 2630 5723 exasperati.

1935 5719 2046 5792 (ii)
2074 5721 2385 5792 Contrarias
2421 5719 2492 5778 est
2525 5728 2756 5792 operibus
2794 5729 3009 5780 nostris.

1936 5789 2048 5860 (i2)
2087 5791 2251 5850 Vetus
2278 5789 2564 5864 interpres,
2603 5799 2857 5866 gaudete!
2887 5798 3151 5865 epulatur.
