4222 6448
804 410 943 475 12ῑ9

1952 404 2010 462 S.
2049 402 2374 463 JQAN‘NIS
2434 400 2949 461 RMTHUENSIS

3922 395 4047 458 129.0

805 534 1051 578 retentus
1082 531 1303 593 propter
1350 520 1632 582 virtutem,
1685 514 2042 570 altitudinem
2071 529 2127 567 et
2167 515 2384 569 elanta-
2410 532 2458 577 Α
2488 514 2585 568 riis
2606 514 2862 568 deorsum
2893 526 2995 567 nos
3019 510 3347 566 inclinantes
3376 519 3617 565 tentant:
3646 516 3701 562 et
3725 507 3780 560 iu
3807 508 3914 561 isto
3933 523 4049 561 Ina-

800 625 934 676 tcm,
970 615 1308 673 cbaritatem,
1352 620 1409 665 et
1478 607 1796 677 sapientiam
1833 619 1932 658 nec
1986 613 2223 673 gustare,
2274 610 2385 655 nec
2482 606 2676 662 nifcste
2726 606 2994 671 convicti,
3049 604 3523 674 phantasmatibus
3565 617 3666 655 nos
3722 602 3779 655 in
3822 602 4049 655 somniis

802 704 1009 766 videre,
1043 703 1345 766 intendere,
1376 716 1476 755 nec
1500 699 1742 768 cogitare
1766 706 1969 766 potest.
1996 695 2196 760 Quare,
2242 709 2380 763 gau-

800 797 953 849 dium
982 795 1207 857 Christi,
1246 803 1329 848 est
1364 796 1417 846 in
1450 800 1638 845 nostro
1671 790 1913 857 perfecto
1951 802 2171 841 recessu
2210 801 2240 839 a
2272 794 2383 838 ter-

804 897 936 935 reno
985 889 1040 933 ct
1092 880 1368 933 mundano
1421 885 1476 930 et
1513 874 1719 929 carnali
1778 871 2172 935 amore.Cave,
2233 872 2383 924 abse-

802 989 892 1026 cro
936 973 1069 1041 (15).
1106 970 1359 1024 Diabolus
1410 977 1470 1021 ut
1518 976 1837 1021 retrovertat
1868 964 1961 1018 Dei
2013 963 2246 1017 famulos
2278 966 2382 1018 sub

801 1064 983 1132 specie
1009 1064 1143 1116 bene
1177 1060 1519 1113 rationabilis
1547 1057 1784 1127 pietatis,
1811 1056 2048 1110 ostendit
2067 1055 2167 1118 eis,
2211 1057 2292 1107 vel
2325 1055 2379 1108 in

803 1156 975 1209 multa
1025 1154 1247 1222 penuria
1306 1161 1361 1205 et
1398 1148 1841 1205 tribulationibus
1893 1147 2197 1201 innumeris
2249 1161 2381 1201 suos

802 1262 924 1300 esse
972 1253 1246 1315 parentes,
1304 1243 1383 1297 vel
1439 1243 1492 1295 in
1548 1240 1721 1294 multo
1784 1238 2027 1307 periculo
2078 1237 2274 1290 anima:
2328 1246 2383 1292 et

804 1337 1105 1404 ignorantia
1136 1332 1472 1393 conversari,
1515 1339 1570 1385 et
1593 1330 1775 1384 omnia
1841 1343 2029 1382 eorum
2090 1328 2195 1381 sub
2230 1341 2383 1396 quo—

800 1424 927 1481 dam
957 1426 1113 1495 quasi
1154 1425 1318 1477 divini
1351 1422 1541 1492 judicii
1585 1421 1788 1475 diluvio
1818 1420 2015 1473 debere
2081 1418 2380 1487 submergi,

803 1518 909 1573 nisi
931 1518 1132 1572 eisdem
1161 1518 1508 1570 vehementer
1532 1512 1768 1577 alllietis,
1802 1526 1925 1564 cum
1987 1524 2115 1563 arca
2168 1510 2380 1564 consilii

805 1610 891 1663 vel
942 1608 1145 1663 favoris
1174 1607 1285 1661 cito
1319 1604 1700 1661 subveniatur.
1729 1601 1910 1667 Quare
1938 1616 2083 1654 nunc
2123 1601 2224 1654 iste
2249 1614 2382 1655 san-

802 1708 927 1753 ctus
972 1699 1104 1753 dicit
1172 1696 1322 1763 Vide,
1352 1697 1490 1760 ῡίάι,
1517 1694 1646 1764 quia
1680 1708 1858 1764 neque
1889 1692 1993 1746 sub
2016 1692 2198 1761 specie
2243 1706 2381 1760 pra-

801 1789 1115 1855 dicationis,
1146 1803 1321 1856 neque
1354 1787 1459 1841 sub
1515 1786 1738 1840 obtentu
1789 1784 2094 1851 corporalis
2142 1781 2381 1836 subven-

804 1880 991 1945 tionis,
1024 1878 1123 1934 tibi
1173 1877 1302 1933 licet
1338 1878 1404 1929 ad
1438 1883 1725 1946 parentum
1773 1888 2018 1928 amorem
2046 1872 2129 1926 vel
2189 1886 2379 1925 curam

802 1969 1090 2026 retroverti
1118 1986 1133 2023 :
1165 1967 1292 2037 quia
1318 1967 1421 2019 hoc
1461 1964 1611 2034 quod
1645 1963 1740 2017 tibi
1775 1962 2010 2016 mundus
2065 1960 2377 2023 universus,
2409 1948 2457 2007 B

814 2073 938 2117 tuos
985 2059 1315 2130 passibiliter
1342 2054 1609 2125 diligenti,
1639 2055 1797 2122 aquis
1823 2053 2034 2106 videtur
2064 2065 2186 2105 esse
2212 2050 2385 2119 reple-

800 2163 913 2218 tus,
963 2165 1094 2206 caro
1125 2149 1386 2204 revelavit
1430 2158 1485 2202 et
1509 2148 1735 2217 sanguis
1772 2161 1896 2200 cum
1956 2146 2159 2199 Satana
2219 2143 2385 2199 simul

803 2255 865 2300 ut
905 2259 1091 2314 pereas
1133 2251 1189 2297 et
1217 2240 1477 2311 angelica:
1525 2238 1963 2293 conversationis
1994 2244 2211 2305 portum
2240 2236 2383 2289 male

802 2338 1100 2405 relinquas.
1130 2332 1462 2387 Pollicentur
1490 2330 1639 2383 nobis
1668 2328 1888 2382 subdole
1912 2342 1931 2380 :
1958 2326 2163 2389 Nostri,
2190 2335 2247 2381 et
2272 2342 2381 2380 non

803 2428 973 2483 nostri
1022 2434 1169 2490 sunt,
1211 2433 1463 2493 parentes
1493 2421 1794 2477 secundum
1826 2434 2080 2482 carnem;
2132 2418 2225 2487 qui
2284 2431 2385 2470 no-

805 2521 903 2575 stri
949 2528 1096 2584 sunt,
1156 2519 1312 2586 juxta
1374 2526 1581 2569 natura:
1658 2513 2045 2576 conditionem,
2104 2527 2211 2565 non
2288 2526 2384 2565 no.

802 2612 927 2677 stri,
955 2612 1250 2665 secundum
1287 2609 1624 2676 propositum
1670 2614 1724 2659 et
1756 2603 2087 2657 voluntatem
2151 2602 2383 2656 servitu—

804 2704 877 2757 tis
947 2700 1078 2757 Dei:
1161 2715 1392 2769 quoruui
1453 2696 1831 2765 cogitationes,
1892 2702 2019 2747 sunt
2076 2692 2384 2760 frequenter

804 2802 997 2846 contra
1058 2803 1159 2844 nos
1217 2804 1247 2842 a
1297 2788 1603 2852 daemoniis,
1634 2797 1695 2840 ut
1781 2794 1980 2839 nostra:
2051 2784 2200 2848 fiant,
2263 2800 2385 2852 qua:

804 2892 935 2939 sunt
991 2882 1061 2936 ab
1114 2880 1328 2935 alienis.
1381 2880 1513 2947 Ipsa:
1583 2893 1711 2931 vero
1756 2888 2041 2944 susceptae,
2094 2890 2187 2944 per
2247 2892 2382 2930 cou-

803 2989 1026 3030 sensum
1068 2974 1205 3026 liunt
1233 2980 1432 3025 nostra:
1478 2984 1599 3039 qua:
1628 2969 1938 3023 habuerunt
1995 2967 2261 3035 originem
2316 2965 2384 3019 ab

804 3066 995 3120 alienis
1021 3075 1072 3119 et
1099 3063 1333 3117 inimicis
1387 3062 1674 3116 daemoniis
1719 3070 1774 3114 et
1822 3058 2157 3127 parentibus,
2196 3068 2249 3112 et
2283 3072 2385 3126 pu-

805 3158 986 3211 nimur
1012 3154 1079 3209 de
1103 3155 1203 3208 eis.
1243 3150 1519 3221 Collaquia
1557 3150 1725 3211 mala,
1768 3147 2050 3202 sa-culttria
2109 3145 2269 3199 simul
2333 3156 2384 3200 et

806 3246 985 3313 turpia
1032 3242 1167 3313 (14).
1202 3242 1267 3295 Et
1314 3249 1506 3294 ornata
1540 3239 1759 3309 quidem
1824 3238 2098 3289 mundana
2139 3236 2356 3304 eloquia

805 3333 1095 3402 sapientia,
1155 3344 1209 3386 et
1258 3330 1563 3401 prudentia,
1627 3328 1778 3397 quia,
1836 3325 1977 3379 fastu
2034 3325 2375 3394 eloquentiae,

810 3423 1101 3477 vanitatem
1135 3420 1324 3475 inllant
1370 3430 1425 3473 et
1483 3416 1776 3472 elationem
1838 3414 2127 3477 extollunt,
2186 3413 2377 3468 incon-

804 3530 961 3584 grua,
990 3523 1044 3567 et
1067 3513 1209 3582 apud
1240 3524 1428 3566 servos
1453 3509 1543 3563 Dei
1585 3509 1836 3562 inornata
1882 3505 2157 3560 exsistunt
2182 3524 2196 3557 :
2227 3504 2378 3557 inor-

806 3615 929 3659 nata
963 3618 1089 3657 vcro
1131 3612 1260 3657 sunt
1326 3600 1601 3655 mundana
1647 3598 1887 3667 eloquia,
1932 3596 2133 3651 lascive
2187 3604 2241 3649 et
2292 3596 2375 3648 vi-

806 3698 963 3756 tiose,
996 3710 1058 3749 ac
1107 3694 1335 3762 turpiter
1378 3692 1546 3751 dicta,
1583 3705 1726 3759 quat,
1768 3689 1867 3742 etsi
1895 3687 2170 3757 eleganter
2196 3696 2251 3740 et
2280 3700 2374 3739 or-

805 3795 929 3839 nate
966 3784 1237 3844 dicantur,
1264 3791 1441 3835 tamen
1478 3796 1583 3833 ttott
1637 3777 1983 3831 mediocriter
2043 3776 2137 3829 sed
2200 3776 2377 3829 niaxi-

806 3889 893 3929 tue
930 3874 1151 3927 lmdunt.
1205 3872 1386 3937 Quare
1423 3870 1696 3924 mundana
1724 3867 1941 3936 eloquia
1984 3865 2203 3935 penitus
2280 3865 2371 3919 itt-

804 3966 979 4026 ntilia,
1010 3964 1137 4033 quia
1180 3966 1263 4016 vel
1296 3962 1611 4030 temporalia
1642 3970 1694 4014 et
1724 3959 1985 4021 carnalia,
2031 3957 2113 4010 vel
2142 3957 2373 4025 superba

801 4068 855 4112 et
899 4072 1121 4111 erronea
1155 4063 1307 4116 sttnt,
1340 4062 1394 4106 et
1420 4053 1643 4106 omnino
1701 4051 1918 4103 vitanda
1984 4058 2037 4101 et
2096 4048 2369 4114 fugienda.

802 4148 1077 4201 Samnium
1122 4157 1198 4199 est
1229 4145 1392 4197 animi
1422 4143 1530 4211 (15)
1564 4151 1757 4204 motus,
1785 4150 1890 4194 etc.
1937 4137 2088 4192 Visio
2119 4148 2203 4191 cst
2226 4153 2373 4205 qua:-

801 4238 949 4299 dztn,
993 4236 1299 4305 phantasia,
1334 4249 1463 4302 qua,
1509 4231 1664 4301 quasi
1691 4232 1743 4283 iu
1790 4245 1954 4284 sensu
2000 4239 2053 4282 et
2086 4227 2199 4282 fere
2256 4245 2371 4282 nta-

803 4327 996 4381 nifeste
1027 4326 1200 4379 visum
1232 4335 1335 4379 est.
1362 4323 1643 4377 Somniqu
1678 4330 1782 4384 est,
1817 4319 1961 4389 quod
2000 4320 2369 4388 (dormienda)

803 4417 855 4468 in
901 4416 1188 4483 phantasia
1224 4413 1696 4481 intaginatumest.
1727 4408 1983 4477 Corporis
2020 4422 2147 4460 vero
2174 4407 2369 4460 immo-

802 4505 1088 4565 bilitatetu,
1148 4503 1522 4571 pausatioucm
1576 4509 1631 4552 et
1663 4496 1900 4568 quietem
1953 4495 2107 4560 dicit,
2170 4510 2369 4549 secun-

800 4595 929 4647 dum
957 4608 1120 4664 quam
1153 4594 1441 4661 quiescunt
1470 4588 1825 4651 dormientes,
1873 4594 1926 4639 et
1963 4598 2163 4652 corpus
2188 4592 2370 4636 tuanet

2410 4476 2413 4481 '
2474 4472 2667 4524 animo:
2741 4468 3026 4522 voluntatis
3064 4482 3083 4519 :

2483 698 2550 751 ad
2599 696 2988 765 malignitatem
3044 708 3207 765 agere
3256 703 3573 748 conantur:
3614 707 3711 761 per
3757 707 3883 761 qua
3944 707 4051 745 sua:

2484 793 2726 861 ipsorum
2764 790 3151 843 imbecillitatis
3203 788 3568 858 cognitionem
3597 787 3922 840 exhibentes
3974 786 4053 837 eis

2481 882 2574 950 qui
2603 881 2784 935 viriles
2817 889 2945 933 sunt
2976 888 3032 934 et
3063 879 3326 934 adversus
3375 893 3435 932 se
3493 892 3779 946 resurgere
3842 886 4051 945 parant,

2482 987 2590 1025 non
2645 980 2967 1040 apparentes
3011 980 3142 1024 tunc
3173 984 3348 1038 usque
3378 970 3609 1023 insidias
3662 969 4051 1021 venenantiuni

2483 1062 2833 1116 seductorum
2863 1063 3228 1129 propalantes.
3267 1060 3371 1125 Qui
3410 1077 3528 1114 rero
3560 1061 3639 1113 eis
3666 1059 3818 1110 nulla
3849 1060 4055 1109 ratione

2481 1154 2685 1207 credit:
2714 1153 3077 1222 Distinguitur
3110 1154 3305 1206 modus
3338 1154 3392 1205 in
3420 1154 3828 1221 generationem
3855 1160 3913 1204 et
3932 1167 4053 1202 cor-

2481 1244 2813 1312 ruptionem,
2867 1251 3216 1309 augmentum
3259 1249 3315 1295 et
3360 1241 3804 1302 diminutionem,
3858 1239 4059 1290 altera-

2484 1335 2709 1391 tionem.
2754 1342 2808 1387 et
2840 1333 3065 1387 localem
3101 1332 3484 1395 imitationem,
3533 1342 3761 1390 rectam,
3805 1341 3865 1383 et
3916 1330 4059 1379 obh-

2481 1439 2669 1494 quam,
2706 1433 2761 1478 et
2811 1425 3155 1477 circularem.
3215 1424 3263 1475 Δ
3325 1424 3476 1475 nullo
3526 1424 3720 1475 horum
3776 1420 4061 1473 dormiens

2481 1519 2744 1587 privatur,
2797 1516 2902 1569 nisi
2934 1531 2964 1569 a
3011 1514 3166 1569 locali
3209 1525 3379 1579 motu,
3412 1516 3666 1583 quamvis
3715 1525 3772 1565 et
3831 1513 4060 1580 quidam

2481 1607 2815 1661 dormientes
2871 1605 3156 1659 ambulare
3219 1605 3430 1658 inventi
3485 1613 3634 1657 sunt.
3683 1602 3825 1657 Cum
3874 1612 4060 1654 autem

2482 1698 2851 1767 multipliciter
2888 1698 3100 1751 somnia
3146 1697 3300 1759 liant,
3351 1695 3570 1749 duabus
3619 1704 3803 1748 tamen
3848 1694 4062 1762 specie-

2482 1792 2587 1845 bus
2657 1790 2997 1845 somniorum
3066 1791 3396 1859 quandoque
3453 1788 3775 1841 attribuitur
3832 1786 4064 1839 visionis

2480 1880 2737 1948 qualitas.
2793 1879 2890 1933 Est
2930 1879 3098 1943 enim,
3125 1880 3370 1948 quando,
3418 1887 3475 1931 et
3499 1892 3624 1946 qum
3670 1879 3958 1938 nolumus,
4013 1885 4063 1929 et

2481 1968 2604 2037 qua:
2626 1969 2902 2039 diligimus
2942 1969 3193 2023 videmus
3238 1970 3448 2022 eisdem
3482 1968 3799 2023 reformatis
3867 1968 4060 2035 imagi-

2484 2063 2726 2127 natione,
2783 2064 3099 2132 augclorum
3146 2062 3473 2115 ministerio.
3504 2060 3601 2114 Est
3625 2076 3756 2114 vero
3797 2061 4056 2129 amplius,

2483 2152 2703 2220 quando
2731 2152 2913 2205 divina
2964 2151 3175 2206 visione
3224 2165 3381 2203 mens
3413 2159 3599 2203 nostra
3656 2150 3947 2203 rationalis
3976 2151 4052 2201 iu-

2483 2242 2768 2306 fortuatur,
2816 2252 2873 2296 et
2915 2242 2984 2297 de
3043 2241 3468 2311 pmcognitione
3516 2238 3828 2293 futurorum
3882 2242 4060 2293 taliter

2483 2336 2766 2395 docemur,
2800 2344 2859 2388 ut
2911 2341 3057 2402 patet
3102 2333 3171 2386 de
3204 2331 3529 2401 Scripturis.
3570 2330 3645 2384 At
3689 2332 3839 2385 enim
3872 2346 4061 2385 secun-

2483 2428 2612 2481 dnut
2666 2428 2811 2481 hunc
2852 2440 3111 2493 magnum
3161 2439 3303 2477 vera:
3332 2424 3612 2492 sapientiae
3660 2438 3907 2475 amorem
3970 2438 4060 2472 Os-

2484 2519 2655 2570 tendit
2682 2517 2774 2585 qui
2824 2518 3033 2582 spernit
3082 2514 3294 2568 somnia
3341 2524 3507 2582 atque
3540 2515 3886 2568 contemnit:
3918 2514 4059 2565 list—

2486 2616 2563 2659 tos
2591 2607 2725 2659 enim
2760 2622 2938 2658 errare
2971 2606 3206 2672 fecerunt
3228 2604 3436 2658 somnia
3473 2604 3538 2657 ν’.

2589 2726 2719 2781 (ΞΜ).
2756 2726 2843 2780 IV.
2884 2757 2954 2765 —
2980 2726 3270 2795 Abnegatia
3301 2726 3426 2794 quid
3458 2728 3528 2779 sit
3558 2726 3683 2789 (cal.
3719 2726 3825 2779 679
3860 2730 3949 2795 Δ).

2554 2818 2758 2872 Anima
2784 2821 3013 2887 propria.-
3041 2819 3271 2886 perfecta
3298 2819 3573 2888 abnegatio
3598 2820 3937 2891 :Abuegatio
3964 2841 4064 2875 au»

2484 2922 2592 2967 tem
2635 2923 2717 2967 est
2750 2913 2985 2981 perfecta
3016 2915 3261 2966 omnium
3292 2928 3475 2966 rerum
3522 2916 3876 2982 przesentiuiu
3920 2918 4065 2969 obli-

2482 3005 2615 3069 vio,
2666 3014 2720 3059 et
2777 3018 2807 3057 a
2863 3005 3096 3074 propriis
3157 3004 3497 3058 naturalibus
3564 3020 3727 3059 verus
3786 3022 4063 3061 reressus.

2484 3094 2811 3164 Confectum,
2850 3096 3155 3149 dormienda
3203 3096 3347 3148 iter:
3406 3094 3691 3151 Dormicns
3744 3099 3984 3166 quiest-it
4036 3116 4065 3152 a

2484 3188 2652 3251 curis,
2696 3201 2795 3242 nec
2831 3196 2983 3241 curat
3020 3189 3087 3239 de
3112 3188 3317 3256 aliquo,
3368 3187 3465 3250 ita,
3497 3188 3591 3255 qui
3631 3202 3756 3241 vere
3796 3190 4070 3243 obediens

2364 3276 2379 3300 ’
2408 3288 2449 3344 C
2482 3292 2565 3336 est
2598 3281 2735 3348 (sive
2767 3279 2901 3333 mari
2939 3279 3220 3345 navigans,
3259 3280 3373 3333 sive
3404 3280 3650 3333 incidens
3696 3280 3750 3332 in
3798 3281 4073 3351 latrones)

2482 3375 2550 3426 de
2578 3372 2831 3442 periculis
2862 3386 2969 3424 non
3018 3370 3253 3435 curabit,
3310 3385 3487 3440 neque
3531 3382 3798 3441 praecepta
3852 3374 4073 3428 discer-

2483 3474 2612 3519 net:
2665 3464 2769 3518 scit
2800 3462 2943 3517 enim
2980 3460 3285 3531 diligenter,
3312 3463 3440 3532 quia
3481 3462 3535 3516 in
3586 3466 3912 3534 martyrium
3966 3466 4075 3519 in.-

2484 3556 2762 3627 putabitur
2792 3556 2841 3609 ei
2875 3555 3019 3625 quod
3044 3556 3420 3624 supervenerit
3459 3557 3760 3624 periculum
3792 3574 3862 3612 eo
3917 3563 4075 3628 quod

2481 3648 2864 3710 obedientiam,
2896 3648 3012 3701 sine
3046 3647 3298 3701 humana:
3348 3647 3650 3716 prudentia:
3703 3649 4077 3716 discretione,

2480 3740 2790 3810 complevit.
2842 3738 3156 3795 Obedicntia
3218 3749 3294 3793 est
3353 3739 3618 3806 depositio
3671 3742 4027 3797 discretionis
4056 3761 4076 3797 :

2479 3832 2625 3902 quod
2662 3833 2943 3901 praeceptis
2984 3830 3188 3901 (malis,
3219 3832 3626 3899 apparentibus)
3665 3833 3898 3887 obediat
3949 3853 4083 3891 vere

2479 3924 2943 3987 obediens,sicut,
2999 3921 3093 3992 qui
3152 3922 3381 3991 proiecit
3431 3923 3600 3976 liliqu
3642 3939 3807 3978 suum
3860 3927 3921 3980 in
3956 3928 4081 3981 lur-

2481 4033 2631 4071 nunt.
2666 4013 2733 4068 In
2780 4015 2977 4067 divitiis
3011 4027 3140 4067 vero
3185 4015 3543 4078 discretionis,
3586 4016 3723 4081 sive,
3780 4019 3936 4072 inter
3998 4024 4086 4074 di-

2478 4110 2634 4162 vitias
2668 4107 2999 4159 discretionis
3030 4105 3183 4167 dicit,
3231 4106 3356 4173 quia
3398 4121 3545 4171 vere,
3595 4107 3830 4164 virtutes
3860 4112 4083 4167 divina:

2478 4207 2779 4268 sequuntur
2807 4194 3196 4263 subjectionem
3224 4202 3282 4248 et
3327 4193 3687 4248 obedientiam
3718 4214 3831 4253 non
3856 4202 4087 4258 discer-

2479 4299 2717 4355 nentem,
2748 4287 3205 4356 quemadmodum
3236 4289 3668 4357 subsequenter:
3705 4288 3776 4342 Et
3813 4294 4086 4349 Obc‘dlett-

2478 4380 2575 4441 tia,
2630 4377 2927 4439 humilitas,
2984 4388 3051 4428 ea:
3083 4374 3387 4427 humilitate
3449 4375 3717 4444 discretio,
3788 4390 3944 4445 ctc.,
4008 4388 4087 4439 rel

3130 4464 3391 4521 Voluntas
3436 4468 3699 4522 naturalis
3749 4482 3843 4525 est
3908 4492 4086 4545 appe-

2475 4564 2641 4619 tentia
2700 4560 2983 4615 rationalis
3030 4568 3193 4627 atque
3240 4558 3442 4621 vitalis,
3496 4560 3550 4611 in
3600 4561 3732 4614 solis
3784 4571 4087 4622 naturali-

801 4655 1111 4747 immoium,
1146 4655 1249 4736 hoc
1294 4682 1513 4751 quidem
1565 4678 1797 4748 patiens,
1860 4675 1990 4729 illud
2042 4673 2408 4728 subsistens.]

2475 4660 2578 4714 bus
2624 4655 2971 4726 dependens:
3029 4669 3090 4707 ea
3137 4668 3266 4706 vero
3336 4661 3419 4706 est
3475 4655 3542 4706 de
3592 4655 3979 4721 possibilibns
4036 4674 4089 4715 et

799 4772 1197 4841 Contemplatio
1242 4781 1329 4825 est
1382 4786 1487 4824 non
1550 4768 1856 4823 subsistens
1913 4763 2253 4832 imaginatio,
2316 4773 2372 4817 et

801 4865 1067 4935 apparitio
1092 4863 1249 4933 quasi
1276 4871 1495 4931 repente
1515 4862 1651 4925 visa,
1670 4868 1724 4915 et
1744 4857 1811 4912 ad
1838 4871 2076 4927 praesens
2107 4857 2367 4910 resoluta.

800 4959 877 5012 De
903 4957 1122 5011 somniis
1150 4971 1214 5009 ea:
1240 4955 1507 5009 canonicis
1538 4949 1929 5006 characteribns
1952 4949 2134 5017 magni
2156 4946 2366 5001 Basilii.

872 5047 1052 5111 Fiunt,
1088 5046 1282 5116 inquit,
1315 5045 1525 5099 somnia
1573 5058 1639 5097 ex
1686 5039 1897 5094 diurnis
1944 5046 1997 5089 et
2039 5036 2371 5105 quotidianus

798 5139 991 5193 animae
1028 5138 1287 5192 motibus.
1321 5133 1455 5187 Nam
1489 5134 1763 5187 ila-mones
1795 5130 2057 5191 nolentes,
2118 5140 2218 5179 nos
2247 5140 2373 5192 age-

800 5248 859 5286 re
888 5232 1030 5295 quod
1074 5232 1275 5284 bonum
1319 5236 1422 5289 est,
1474 5223 1659 5277 multis
1698 5218 2160 5274 machinationum
2214 5216 2373 5268 indu-

798 5322 948 5377 striis
992 5320 1314 5390 prohibent:
1346 5323 1631 5385 postquam
1666 5325 1793 5364 vero
1836 5308 2225 5375 iucepcrimus,
2260 5321 2371 5357 mo-

797 5416 1003 5468 liuntur
1050 5427 1114 5465 ne
1143 5409 1440 5464 secundum
1477 5404 1759 5457 Dominuut
1813 5400 2158 5468 perliciautus
2217 5396 2365 5449 illud.

797 5508 902 5561 Sed
941 5506 1103 5560 etiam
1141 5503 1243 5555 hoc
1308 5498 1573 5561 frustrati,
1632 5495 1838 5547 vitiosa:
1883 5487 2114 5542 actionis
2164 5502 2372 5540 tuentu-

875 5686 916 5716 "
960 5680 1124 5736 Eccli.
1166 5694 1345 5740 xxxiv,
1413 5677 1465 5727 7.

866 5777 980 5846 (l3)
1017 5773 1178 5846 lii-lus
1211 5772 1493 5837 interpres,
1525 5766 1655 5827 ride,
1694 5763 1805 5816 vide
1838 5778 1913 5839 vc,
1960 5769 2063 5811 etc.

865 5842 908 5898 ι’,
936 5850 975 5897 it
1016 5843 1177 5895 Vetus
1215 5844 1501 5909 interpres,
1536 5842 1763 5901 Ut'ttttttt,
1788 5842 1833 5888 cl
1866 5844 2129 5884 lllOl'llllltl.

2477 4748 2925 4819 impossibilibus.
2978 4743 3055 4798 Ex
3102 4748 3379 4797 voluntate
3424 4745 3762 4811 possibiliunt
3787 4760 3892 4802 est
3932 4770 4090 4821 qum-

2477 4841 2603 4897 sitio
2629 4847 2682 4893 et
2712 4837 2977 4906 inspectio
2998 4876 3015 4902 ,
3055 4834 3253 4889 deinde
3280 4835 3591 4899 consilium,
3619 4837 3834 4893 deinde
3870 4845 4090 4911 dijudi-

2477 4933 2622 4988 catio
2649 4930 2997 4989 etdiscretio,
3028 4928 3223 4981 deinde
3249 4924 3461 4981 affectio
3490 4929 3557 4981 ad
3583 4929 3634 4982 id
3664 4934 3823 4997 quod
3862 4936 4090 4992 discre-

2480 5035 2594 5078 tum
2662 5031 2745 5075 est
2776 5021 3006 5090 judicio.
3060 5018 3259 5073 deinde
3308 5018 3591 5072 arbitrium
3646 5037 3661 5073 :
3700 5022 3934 5080 deinde
3964 5040 4091 5097 post

2480 5114 2820 5170 allectionetu
2884 5110 3118 5173 arbitrii,
3193 5108 3251 5162 lit
3289 5108 3481 5162 electio
3534 5124 3657 5176 qua:
3711 5111 3953 5171 dicitur
4013 5124 4088 5172 ta-

2478 5206 2652 5259 cultas
2698 5200 2989 5254 voluntatis
3035 5206 3160 5267 post
3210 5196 3392 5251 dilecti
3439 5197 3805 5263 electionem,
3874 5210 3970 5260 νρι
4028 5212 4089 5261 ii-

2480 5294 2666 5347 berqu
2701 5290 3007 5343 arbitrium.
3038 5288 3347 5353 Quicunque
3380 5286 3447 5337 ad
3478 5286 3908 5345 intellectualis.
3953 5297 4083 5363 ριιι.

2479 5397 2693 5451 cuuque
2721 5381 2949 5449 propri-.e
2972 5378 3264 5431 voluntatis
3292 5376 3357 5430 ad
3391 5391 3665 5429 summum
3696 5389 4087 5455 t:omp|a,.,.“,

2482 5478 2609 5529 tiam
2648 5473 2871 5541 sprevit,
2903 5481 2953 5524 et
3005 5467 3315 5538 abnegavit,
3364 5468 3466 5523 iste
3535 5471 3907 5538 experientia
3950 5480 4063 5536 didi

2560 5751 2670 5822 (l3)
2708 5746 2870 5802 Vetus
2900 5747 3185 5811 llllt‘l‘plCa,
3248 5751 3470 5802 mentas.
