4222 6448
162 390 278 456 ]221
1321 388 1635 450 SCIIOLIA
1677 390 1757 451 IN
1804 392 2225 460 CLIMACUM.
3268 406 3402 473 1222

160 502 229 555 cit
275 498 629 554 obedientiam
680 512 803 551 esse
860 495 1095 551 stadium
1145 493 1531 554 intellectualis
1578 512 1710 551 con-
1744 516 1788 569 Α
1816 500 1932 555 cit:
1980 502 2103 556 Sine
2136 521 2241 571 qua
2277 520 2426 560 nemo
2459 506 2969 566 vitiosorumvidcbit
3002 511 3403 574 Dominumle-

160 591 416 655 fessionis,
458 600 512 645 et
554 590 801 658 martyrii
846 588 1151 658 spiritualis
1179 603 1437 659 pugnam,
1474 588 1709 643 etChri-

159 684 221 738 sti
270 682 379 752 jngi
454 681 795 752 patientiam,
873 679 1269 748 depositionem
1342 689 1713 748 peccatorum,

156 776 208 829 in
264 775 397 829 libro
456 775 578 827 vitm
628 773 1073 842 inscriptionem,
1153 772 1327 841 pelagi
1402 772 1715 827 fluctuantis

157 866 655 922 transfretationem.
688 863 841 919 Unde
896 863 961 919 ad
984 863 1188 933 aliquid
1217 864 1507 932 perfectius
1538 872 1716 917 trans-

156 958 232 1013 ire
325 974 429 1011 non
469 957 728 1027 cogitabit
777 957 896 1011 sine
930 971 1033 1021 ea;
1080 958 1337 1025 quoniam
1375 966 1554 1011 autem
1584 972 1716 1011 con-

156 1049 318 1103 suevit
389 1050 678 1117 malignus,
748 1049 833 1104 his
877 1048 970 1118 qui
1034 1048 1136 1103 sub
1186 1048 1488 1103 obedientia
1547 1058 1694 1111 sunt,

155 1142 286 1194 hanc
336 1138 537 1195 inferre
568 1140 906 1206 molestiam;
954 1140 1203 1194 videlicet
1243 1146 1301 1192 ut
1351 1141 1561 1209 seipsos
1585 1156 1715 1210 par-

150 1232 446 1300 vipendaut,
472 1247 536 1286 eo
562 1232 706 1302 quod
742 1248 850 1286 non
906 1231 1418 1300 babentjejnnium,
1464 1247 1563 1286 nec
1593 1247 1718 1285 ora-

152 1324 341 1376 tionem
396 1324 676 1388 mundam,
737 1339 916 1393 neque
976 1325 1299 1378 exercitium
1355 1324 1723 1392 diligens,ne-

149 1429 271 1483 que.
291 1414 396 1468 alia
434 1415 738 1484 spiritualia
778 1430 941 1484 Opera
975 1430 1095 1484 quae
1143 1427 1270 1470 sunt
1328 1414 1379 1468 in
1430 1416 1719 1483 quiescen-

148 1508 286 1561 tibus
310 1524 319 1561 :
339 1516 622 1562 enumerat
651 1508 749 1561 iste
774 1508 933 1561 Pater
949 1517 1133 1561 noster
1156 1516 1377 1561 sanctus
1400 1506 1720 1560 obedientize

148 1598 305 1658 bona,
326 1597 391 1649 ad
419 1612 540 1665 quae
563 1596 743 1650 omnia
772 1597 875 1650 alia
895 1599 1033 1651 bona
1060 1606 1391 1667 comparata,
1417 1605 1542 1651 sunt
1566 1596 1715 1660 nihil;

146 1687 394 1756 Quoniam
455 1688 761 1742 obedientia
820 1688 1081 1757 adimplet
1114 1689 1307 1743 horum
1340 1688 1584 1741 omnium
1636 1687 1720 1741 lo-

144 1794 285 1831 cum.
314 1778 441 1844 Qua:
466 1794 587 1832 etnn
613 1778 850 1847 perfecta
882 1778 1062 1843 fuerit,
1092 1778 1228 1848 ipsa,
1253 1779 1306 1832 in
1336 1789 1575 1848 tempore
1594 1792 1720 1847 pro-

1818 608 1934 645 sum
1968 594 2284 649 Christum:
2333 596 2602 663 Quoniam
2648 616 2777 672 ergo
2823 603 3131 661 obedientia
3185 608 3397 664 intelle-

1820 685 2039 747 ctualis,
2098 686 2280 741 divina
2354 690 2757 747 illuminatione
2817 696 3118 763 perficitur,
3153 709 3208 755 et
3266 718 3396 756 con—

1817 776 2101 831 scientiam
2156 779 2397 845 possidet
2434 781 2699 851 jndicem,
2758 784 3049 842 videndum
3109 800 3212 857 est,
3265 796 3392 863 quid

1819 869 1887 920 sit
1952 869 2284 925 conscientia
2333 890 2347 925 :
2390 871 2726 929 Conscientia
2777 887 2853 931 est
2904 879 3096 934 divina:
3163 886 3395 939 scientim

1819 969 1991 1013 motus
2026 973 2075 1013 et
2112 965 2371 1031 Operatio,
2402 981 2520 1017 cum
2563 978 2742 1021 nostra
2770 973 2896 1024 etin
2947 983 3128 1028 nostra
3153 977 3393 1030 scientia.

1819 1051 2165 1106 Conscientia
2214 1062 2299 1107 est
2355 1055 2589 1110 scintilla
2642 1058 2811 1113 divini
2866 1063 3108 1129 luminis,
3185 1069 3238 1123 in
3300 1072 3394 1123 ho-

1820 1143 1967 1195 mine
2042 1144 2262 1198 condito
2345 1146 2721 1204 subseminata
2796 1166 2825 1205 a
2896 1156 3185 1225 principio,
3235 1163 3390 1229 quasi

1820 1232 2067 1300 quaedam
2113 1234 2372 1301 cogitatio
2414 1235 2728 1301 ferventior,
2770 1248 2824 1294 et
2868 1240 3244 1311 illuminativa,
3284 1267 3396 1301 ver-

1822 1322 1947 1375 bum
1972 1336 2066 1375 seu
2092 1323 2356 1378 rationem
2389 1324 2524 1381 lucis
2543 1328 2594 1381 in
2623 1343 2682 1383 se
2703 1331 3010 1395 continens,
3029 1344 3082 1388 et
3103 1340 3393 1393 ostendens

1821 1413 1871 1465 ci
1920 1412 2118 1466 bonum
2156 1423 2210 1467 et
2255 1415 2458 1469 malum
2504 1436 2515 1470 :
2554 1429 2608 1472 et
2645 1419 2758 1475 haec
2799 1426 3131 1481 conscientia
3168 1441 3395 1484 vocatur

1826 1502 1910 1555 lex
1956 1503 2245 1556 naturalis.
2296 1503 2394 1558 llic
2447 1516 2529 1560 est
2582 1517 2780 1577 puteus
2812 1510 2999 1577 Jacob,
3053 1517 3392 1575 utdixerunt

1820 1594 2027 1655 Patres,
2064 1609 2226 1663 quem
2280 1594 2551 1652 Philistini
2601 1600 2962 1670 repleverunt.
2997 1606 3119 1670 Cui,
3150 1612 3389 1679 quandiu

1823 1685 1877 1739 in
1903 1686 1989 1739 via
2026 1700 2240 1751 sumus,
2264 1691 2571 1745 consentire
2589 1691 2878 1761 jubemur;
2911 1700 3285 1756 consentimus
3307 1718 3395 1755 ve-

1824 1791 1885 1831 ro
1924 1778 1997 1841 ei,
2036 1792 2163 1833 cum
2192 1793 2313 1834 eam
2362 1783 2705 1839 custodimus
2752 1788 2818 1840 ad
2867 1786 3058 1855 Deum,
3097 1806 3192 1860 per
3234 1793 3390 1847 fidem

143 1874 481 1942 prio,sccum
502 1874 682 1926 omnia
720 1872 859 1926 bona
892 1872 1196 1942 spiritualia
1225 1880 1430 1941 portat,
1462 1882 1515 1927 et
1537 1873 1602 1925 ad
1626 1887 1717 1925 va-
1750 1890 1794 1948 Β
1820 1877 1874 1923 et
1896 1869 2282 1934 obedientiam,
2311 1880 2366 1926 et
2396 1888 2639 1929 amorem
2672 1879 3082 1946 mandatorum;
3116 1884 3181 1936 ad
3209 1887 3391 1952 proxi-

146 1963 278 2016 riam
324 1963 621 2017 introducit
696 1963 1240 2032 contemplationem,
1298 1962 1713 2033 perfectionem,

141 2065 199 2108 et
253 2054 483 2123 quietem
536 2069 668 2109 suos
737 2069 1105 2125 possessores.
1165 2052 1561 2126 Congressionis
1610 2066 1720 2109 sta-

141 2146 289 2198 dium
335 2161 353 2199 :
404 2148 636 2201 stadium
676 2156 760 2202 est
793 2148 1091 2217 spiritualis
1128 2148 1286 2203 luctze
1344 2147 1642 2217 profectus,
1667 2157 1721 2202 et

142 2235 325 2290 suavis
353 2238 488 2290 odor
524 2238 789 2291 bonarum
857 2238 1257 2305 Operationum,
1321 2238 1375 2291 in
1427 2237 1713 2293 mortifica-

140 2328 286 2380 tione
338 2327 677 2381 voluntatum
740 2336 795 2382 et
842 2343 1103 2383 sensuum
1165 2329 1348 2383 carnis
1403 2329 1720 2385 indelieicns

138 2420 399 2483 studium,
430 2428 485 2473 et
527 2420 847 2474 exercitatio
873 2419 1098 2473 humilis
1128 2420 1195 2475 ad
1246 2435 1412 2476 omne
1453 2436 1591 2490 opus
1620 2422 1719 2475 ho-

138 2526 293 2573 num,
327 2520 381 2564 et
447 2512 728 2566 meditatio
786 2521 1176 2581 prtcccptornm
1230 2512 1322 2566 Dei
1380 2522 1435 2567 et
1489 2514 1720 2566 imitatio

136 2603 407 2669 passionis
437 2616 491 2657 et
520 2604 711 2656 mortis
743 2604 879 2671 ejus.
918 2602 1226 2671 Quicunque
1241 2603 1429 2673 iugum
1479 2603 1719 2658 Christi:

135 2690 511 2746 Obedientiam
568 2690 830 2761 intellige,
895 2692 1212 2761 quia'sicut
1273 2708 1372 2762 per
1438 2694 1635 2761 ipsam,
1689 2709 1719 2747 a

132 2782 356 2836 Christo
382 2780 510 2837 Jesu
547 2782 808 2850 redempti
855 2790 907 2835 et
964 2782 1163 2836 salvati
1190 2798 1403 2848 sumus,
1465 2784 1537 2838 ita
1596 2801 1717 2848 nos,

140 2889 241 2941 per
274 2873 443 2941 ipsam
487 2872 706 2941 proprie
757 2881 812 2925 et
874 2872 1224 2943 singulariter
1281 2882 1566 2943 portamus
1628 2876 1717 2944 ju-

138 2982 292 3033 gnm,
353 2964 637 3032 ipsamque
684 2962 870 3019 Patres
935 2965 1253 3035 martyrium
1334 2966 1545 3031 dicunt,
1593 2968 1719 3036 quia

130 3069 418 3108 servorum
464 3053 552 3108 Dei
604 3052 795 3108 fornax
834 3065 887 3108 et
915 3056 1236 3109 exercitatio
1262 3065 1363 3121 est,
1401 3066 1457 3111 et
1511 3058 1576 3111 ad
1636 3060 1718 3127 ip-

130 3162 252 3201 sam
292 3156 601 3214 comparata
642 3146 782 3200 bona
813 3146 994 3199 omnia
1026 3160 1370 3216 quascunque
1402 3161 1564 3219 sensu
1602 3162 1721 3215 pro.

1821 1975 1991 2023 mum,
2044 1976 2141 2030 per
2189 1960 2465 2031 pietatem,
2522 1965 2840 2031 patientiam
2880 1978 2932 2023 et
2985 1969 3387 2039 lmmilitatem;

1820 2051 1887 2106 ad
1942 2066 2043 2106 nos
2065 2051 2233 2121 ipsos,
2280 2068 2377 2123 per
2431 2057 2907 2113 mortiﬁcationem
2967 2076 3249 2125 sensuum.
3294 2082 3393 2119 cu—

1821 2139 2052 2195 stodiam
2104 2142 2286 2196 cordis
2326 2152 2380 2197 et
2434 2144 2651 2214 linguae,
2694 2155 2747 2199 et
2786 2149 2972 2202 odium
3034 2155 3279 2223 corporis
3341 2165 3393 2211 et

1820 2231 2064 2285 omnium
2106 2232 2401 2286 visibilium
2455 2242 2509 2287 et
2539 2237 2767 2305 propriae
2814 2239 3144 2297 voluntatis:
3174 2244 3239 2299 ad
3280 2262 3395 2300 ma-

1823 2320 1986 2373 terias
2033 2331 2088 2374 et
2128 2337 2285 2375 usum
2336 2338 2539 2387 rerum,
2592 2340 2688 2394 per
2733 2332 3145 2396 temperantiam
3197 2344 3251 2387 et
3302 2352 3392 2388 so.

1823 2411 2107 2466 brietatcm
2155 2422 2207 2466 et
2254 2416 2567 2469 earumdem
2604 2420 2907 2472 custodiam
2937 2420 3171 2485 fidelem,
3208 2435 3391 2480 osten-

1822 2500 1999 2555 dendo
2048 2502 2101 2554 in
2152 2504 2251 2565 eis,
2304 2505 2448 2558 sicut
2483 2505 2534 2557 in
2586 2508 2746 2560 rebus
2787 2514 2978 2573 sacris,
3041 2514 3255 2571 Domini
3304 2535 3391 2571 re-

1824 2595 2116 2648 vercutiam
2186 2605 2239 2647 et
2283 2597 2619 2651 servitutem.
2670 2598 2771 2663 Qu.
2825 2602 3063 2657 subditus
3121 2618 3236 2661 est:
3286 2610 3388 2675 Qui

1825 2685 2101 2739 humiliter
2127 2686 2377 2742 subditus
2431 2697 2539 2752 est,
2591 2705 2697 2743 non
2771 2695 2982 2760 putabit
3051 2712 3111 2751 se
3158 2700 3391 2767 perfecte

1823 2776 2097 2830 subditum
2138 2792 2261 2832 esse
2288 2787 2381 2830 ant
2411 2778 2649 2843 obedire,
2700 2782 2826 2849 quia
2878 2785 3202 2843 obedientia:
3252 2805 3390 2858 Opus

1824 2866 2148 2921 immensum
2182 2883 2305 2923 esse
2336 2870 2628 2939 intelligit;
2659 2874 2750 2941 qtti
2785 2889 2912 2929 vero
2931 2891 2996 2931 ex
3026 2880 3243 2948 proprio
3273 2898 3393 2939 seu-

1822 2974 1885 3011 su
1934 2968 1986 3012 et
2020 2960 2296 3013 voluntate
2341 2962 2544 3030 aliquid
2601 2963 2748 3028 facit,
2798 2967 2925 3021 licet
2952 2970 3173 3025 obedire
3224 2989 3389 3042 appi-

1822 3060 1959 3112 reat,
2040 3060 2221 3104 tamen
2282 3056 2397 3121 ipse
2467 3062 2657 3109 contra
2718 3060 2959 3126 seipsum
3034 3076 3175 3117 onus
3228 3082 3386 3120 suum

1823 3142 2229 3208 portatzunde,
2282 3144 2327 3197 si
2376 3144 2422 3198 is
2463 3146 2557 3214 qui
2630 3147 2721 3200 tali
2798 3161 3010 3217 pl'iI‘t'SI,
3070 3154 3215 3209 hunc
3277 3174 3383 3218 non

132 3239 254 3307 prio
285 3247 339 3291 et
370 3240 644 3292 voluntate
694 3240 850 3300 linnt,
882 3237 1019 3290 nihil
1065 3247 1216 3292 sunt.
1280 3235 1339 3292 Si
1396 3253 1514 3291 vero
1571 3238 1710 3291 alius
1741 3234 1784 3295 C
1816 3230 2015 3300 arguit,
2067 3232 2285 3302 Sibiipsi
2336 3242 2391 3287 et
2447 3234 2716 3303 discipulo
2771 3252 2936 3293 causa
3018 3246 3383 3311 periculorum

131 3330 413 3398 fecerimus
437 3344 455 3381 :
485 3329 763 3398 Alianin,
794 3328 989 3396 inquit,
1023 3329 1113 3397 qui
1139 3328 1314 3383 aliena
1370 3337 1592 3397 peccata
1618 3345 1715 3383 cu-

128 3420 282 3473 riose
312 3418 560 3488 requirit,
608 3428 663 3474 et
691 3428 989 3485 scrutatur,
1033 3419 1321 3483 discernit,
1378 3419 1712 3489 suspicatur,

129 3519 189 3564 et
226 3509 458 3578 judicat,
506 3518 561 3563 et
594 3510 893 3578 praesertim
925 3509 1309 3578 prsesidentis;
1376 3525 1482 3563 non
1538 3512 1714 3579 ponti-

132 3600 319 3655 tentize
347 3600 486 3654 viam
524 3601 676 3664 vidit,
708 3607 802 3653 aut
830 3600 1163 3669 ptenitentia:
1198 3601 1409 3653 initium
1444 3600 1593 3668 fecit,
1619 3603 1712 3657 sed

130 3690 389 3743 elationis
418 3699 471 3743 et
522 3691 811 3757 praecipitis
846 3690 987 3743 viam
1042 3699 1206 3744 tenet.
1278 3689 1447 3743 Nemo
1470 3692 1580 3745 sine
1610 3708 1715 3761 qua

130 3783 449 3835 vitiosarum
501 3796 520 3833 :
574 3780 725 3834 Multi
772 3782 939 3846 enim,
1015 3782 1134 3835 sine
1206 3782 1540 3850 subjectione
1609 3783 1716 3835 Deo

132 3873 481 3941 placuerunt,
510 3873 653 3926 sicut
681 3870 885 3926 Paulus
929 3870 1165 3925 Eremita
1224 3882 1278 3925 et
1326 3871 1489 3925 Maria
1545 3871 1713 3943 IEgy-

132 3963 341 4032 ptiaca,
371 3972 425 4016 et
453 3962 543 4015 alii
576 3961 768 4015 multi:
831 3962 1110 4030 quomodo
1183 3976 1337 4031 ergo,
1399 3962 1516 4016 sine
1575 3963 1711 4031 ipsa,

132 4058 311 4113 Nemo
360 4057 526 4111 Deum
560 4056 751 4111 videbit
775 4057 800 4110 .9
826 4057 1067 4111 Dicimus
1099 4071 1250 4126 ergo,
1304 4056 1448 4126 quod
1482 4057 1575 4125 qui
1602 4072 1716 4124 per-

129 4148 279 4202 fecte
326 4162 545 4201 carnem
581 4146 796 4215 spiritui
846 4145 1088 4214 subjicit,
1128 4152 1184 4200 et
1203 4145 1557 4199 conscientia:
1617 4147 1714 4200 sti-

127 4242 349 4296 mulum
382 4240 621 4310 possidet
650 4239 913 4309 judicem,
947 4247 1001 4294 et
1032 4239 1080 4293 ei
1107 4239 1312 4302 obedit,
1346 4239 1482 4292 nihil
1510 4240 1613 4295 sibi
1650 4241 1717 4294 de

126 4334 365 4403 propria
427 4333 705 4386 voluntate
780 4332 1117 4401 relinquens,
1166 4332 1269 4387 iste
1340 4330 1540 4387 divinis
1579 4348 1717 4402 prae-

123 4422 308 4491 ceptis
355 4420 531 4475 factus
581 4419 861 4482 obediens,
912 4429 1209 4488 antequam
1263 4420 1531 4473 visibilem
1593 4422 1719 4475 obe-

122 4513 399 4567 dientiam
434 4520 793 4581 pertranseat,
823 4512 891 4566 ad
945 4512 1366 4567 intellectualem
1429 4513 1711 4583 pertingit,

119 4620 257 4675 «luce
308 4604 539 4658 multum
582 4604 793 4658 excedit
840 4604 1133 4658 visibilem.
1192 4602 1251 4658 Si
1299 4604 1507 4669 anima,
1585 4620 1709 4659 eor-

120 4714 258 4768 pns,
295 4705 352 4751 et
381 4696 626 4765 spiritus,
655 4695 912 4759 litteram.
942 4705 999 4751 et
1027 4695 1259 4766 gratiam
1294 4696 1592 4765 Evangelii,
1637 4696 1717 4751 lc-

116 4805 280 4859 gem,
309 4796 366 4843 et
396 4788 645 4859 gloriam,
676 4788 926 4857 gratiam,
978 4799 1033 4843 et
1067 4789 1229 4855 hanc,
1289 4789 1383 4843 illa
1434 4789 1719 4844 substituit

115 4882 202 4934 et'
228 4878 727 4935 commendabilem
760 4878 910 4933 facit.
941 4877 1008 4933 Et
1029 4879 1200 4935 habes
1241 4878 1367 4936 illos
1420 4880 1511 4950 qui
1569 4881 1715 4935 circa

114 4986 397 5041 magnum
445 4970 765 5036 Antonium,
816 4986 909 5040 per
963 4971 1385 5027 intellectualem
1460 4972 1719 5027 obedien-

113 5066 264 5118 tiam
299 5063 653 5127 refulserunt,
682 5072 736 5119 et
764 5064 918 5134 quasi
951 5065 1128 5135 angeli
1184 5080 1279 5134 per
1311 5065 1558 5121 eamdem
1610 5065 1717 5119 Do-

114 5158 288 5209 mino
314 5156 640 5213 obediebant
692 5161 869 5213 solum
904 5160 1151 5215 cmlestia
1184 5160 1478 5230 sapientes,
1512 5160 1717 5229 quibus

106 5250 335 5317 dignus
367 5264 478 5303 non
524 5260 643 5305 erat
672 5251 927 5306 mundus.
986 5250 1250 5307 Praecedit
1302 5268 1434 5322 ergo
1508 5253 1716 5307 intelle-

108 5341 334 5396 ctualis
374 5341 681 5396 obedientia
736 5343 1001 5398 visibilem
1034 5344 1536 5411 incomparabiliter
1587 5362 1601 5399 :
1662 5354 1713 5399 et

109 5435 276 5488 sicut
303 5434 410 5495 sol,
450 5448 553 5489 suo
579 5443 703 5489 ortu
734 5435 918 5489 stellas
942 5436 1199 5497 occultat,
1233 5435 1305 5489 ita
1339 5436 1714 5490 intellectualis

105 5522 471 5586 obedientia,
530 5523 815 5580 visibilem.
881 5522 1082 5590 Quare,
1146 5524 1239 5594 qui
1289 5524 1712 5579 intellectualem

105 5632 231 5669 non
272 5615 579 5683 possident,
610 5614 705 5672 sed
754 5616 932 5671 adhuc
979 5616 1123 5670 vitiis
1174 5616 1550 5682 molestantur,
1596 5618 1714 5672 sine

104 5706 362 5770 visibili,
410 5716 668 5775 tanquam
712 5706 921 5775 parvuli
980 5716 1036 5761 et
1082 5707 1185 5761 sub
1243 5717 1404 5762 nocte
1457 5708 1712 5762 vitiorum

102 5802 424 5863 prolicere,
490 5797 565 5852 vel
610 5797 809 5851 salvari
858 5811 966 5852 non
1008 5805 1257 5867 possunt.
1295 5799 1436 5855 Bene
1462 5814 1591 5870 ergo
1626 5801 1710 5855 di-

1815 3330 1918 3376 est.
1949 3320 2256 3390 Propterea,
2293 3322 2454 3380 Pater
2482 3327 2648 3383 dicit:
2688 3346 2845 3399 super
2876 3332 2971 3384 hoc
3029 3334 3202 3389 dicere
3232 3340 3386 3406 quid-

1814 3426 1972 3478 quam
2026 3428 2130 3464 non
2192 3414 2377 3477 habeo,
2432 3418 2557 3485 quia
2626 3420 2790 3473 verbo
2847 3424 3151 3478 dubitativo
3207 3427 3383 3495 ipsum

1816 3515 1967 3554 reum
2002 3502 2242 3556 ostendit
2263 3503 2492 3572 judicio.
2549 3508 2634 3560 Ad
2661 3511 3062 3579 con/essionem,
3118 3531 3218 3585 qua
3271 3521 3382 3571 sine

1815 3592 1989 3645 nullus
2016 3595 2368 3648 remissionem
2391 3635 2405 3658 ,
2441 3607 2547 3653 etc.
2586 3616 2599 3652 :
2628 3600 2764 3666 Quia
2792 3606 3037 3658 conliteri
3066 3608 3385 3677 simpliciter

1816 3696 2031 3751 peccata
2062 3696 2307 3740 tenemur
2334 3703 2397 3742 ex
2447 3692 2774 3746 necessitate
2800 3695 2967 3748 divini
3002 3700 3260 3767 mandati,
3293 3718 3385 3771 pa-

1816 3784 1891 3830 tet
1920 3793 1986 3831 ex
2042 3780 2359 3847 apostolicis
2391 3782 2774 3838 traditionibus
2822 3797 2875 3840 et
2924 3790 3124 3858 regulis
3182 3793 3252 3847 ab
3304 3796 3383 3848 eis

1817 3869 2107 3936 propositis
2171 3869 2421 3927 Ecclesia:
2457 3874 2763 3940 catholicae,
2810 3892 2905 3946 per
2958 3879 3218 3948 Spiritum
3255 3898 3384 3938 sau-

1815 3971 1959 4013 ctum
1990 3977 2221 4028 quorum
2253 3979 2491 4019 canones
2506 3974 2557 4019 et
2591 3966 2835 4022 instituta
2868 3979 3128 4034 tenentes.
3152 3973 3244 4029 Dei
3295 3994 3384 4031 5a-

1815 4053 2315 4121 eerdotilmsuuxta
2370 4071 2561 4110 eorum
2604 4065 2958 4131 praeceptum)
3018 4075 3236 4132 peccata
3260 4083 3386 4121 con-

1818 4142 2027 4195 lilt'nles
2074 4144 2459 4214 indulgentiam
2490 4158 2543 4201 et
2597 4151 2974 4207 remissionem
3017 4157 3261 4226 accipere
3305 4160 3385 4211 ef-

1819 4232 2031 4283 lieimnr
2062 4233 2245 4301 digni:
2278 4245 2585 4304 propterea,
2620 4254 2727 4307 qua
2778 4242 2918 4304 sine,
2969 4244 3098 4299 dicit
3163 4257 3385 4302 sanctus

1821 4322 1979 4377 Pater
2018 4348 2030 4379 :
2067 4322 2237 4378 Nemo
2279 4327 2466 4381 videbit
2510 4329 2702 4385 Deum.
2733 4362 2803 4373 —
2825 4333 3035 4390 Fratris
3070 4348 3126 4391 ut
3156 4341 3208 4392 in
3238 4341 3384 4392 nullo

1818 4416 2133 4469 conscientia
2194 4418 2579 4473 vulneraretur.
2638 4421 2969 4480 Multimodis
3031 4426 3187 4483 factis
3252 4446 3386 4484 con-

1820 4508 2047 4561 scientia
2078 4508 2268 4563 feritur
2298 4527 2313 4562 :
2362 4512 2672 4567 extollentia
2708 4522 2761 4569 et
2820 4515 3074 4583 elatione,
3113 4522 3381 4589 superflua

1824 4600 2125 4667 prudentia,
2158 4602 2493 4669 seductione,
2527 4604 2857 4669 inlldelitate.
2901 4609 3205 4674 tuendacio,
3238 4612 3385 4665 [ιυιι-

1820 4693 1906 4753 de,
1952 4691 2288 4761 deceptione,
2322 4704 2656 4764 contemptu,
2696 4698 2889 4761 livore,
2926 4704 3384 4767 murmuratione,

1819 4783 2173 4848 detractione,
2202 4786 2457 4851 vindicta,
2499 4798 2551 4841 et
2582 4789 2803 4858 reliquis
2834 4806 2954 4859 quae
2987 4792 3274 4861 pariuntur
3320 4813 3384 4848 ex

1821 4874 1961 4928 istis.
2024 4872 2091 4927 Ut
2125 4876 2181 4927 in
2213 4876 2579 4943 gravissimam
2626 4880 2819 4934 animat
2874 4884 3086 4936 ruinam
3139 4887 3384 4955 ργαεεὶρὶ-

1821 4976 1977 5019 tarer.
2042 4966 2435 5023 Gravissimum
2492 4971 2688 5025 aninne
2765 4972 3002 5041 lapsum,
3058 4991 3165 5030 non
3218 4978 3385 5031 alium

1818 5058 1968 5123 dicit,
2002 5074 2165 5127 quatn
2216 5062 2648 5117 extraordinario
2682 5066 2856 5133 ipsum
2894 5078 3142 5135 gustasse
3192 5078 3246 5122 et
3272 5070 3387 5123 fur-

1821 5151 1925 5203 tive
1948 5164 2012 5204 ac
2038 5151 2262 5204 latenter
2292 5154 2590 5208 emnedisse
2629 5170 2693 5208 ex
2719 5156 2802 5211 his
2834 5173 2954 5226 qua:
2983 5160 3239 5214 animalia
3264 5176 3387 5231 por-

1820 5246 2024 5305 labant,
2054 5246 2198 5313 quod
2238 5254 2322 5299 est
2366 5256 2645 5313 peccatum
2694 5248 3101 5316 gravissimum.
3131 5259 3185 5305 et
3253 5270 3387 5321 pene

1817 5337 2141 5405 inexpiabile
2191 5354 2310 5393 esse
2341 5354 2568 5407 magnus
2600 5337 2759 5395 Pater
2786 5350 2971 5395 noster
3012 5342 3245 5397 Basilius
3275 5348 3385 5397 evi-

1816 5431 2001 5485 denter
2030 5432 2265 5486 dcclarat
2297 5432 2350 5486 in
2389 5432 2672 5487 l’rommiis
2706 5434 2903 5503 regula:
2930 5449 3062 5501 suae,
3092 5437 3180 5489 ubi
3206 5447 3388 5490 osten-

1815 5524 1893 5577 dit
1940 5523 2085 5592 qttod
2140 5525 2228 5578 tali
2281 5526 2439 5594 culpa
2488 5527 2831 5596 inquinatus,
2878 5526 3034 5597 quasi
3096 5528 3384 5596 incorrigi-

1815 5614 1938 5669 bilis
1978 5616 2101 5671 erit.
2135 5614 2289 5671 Unde
2346 5618 2503 5673 docet
2551 5620 2694 5689 quod
2728 5619 2853 5675 talis
2907 5620 3033 5673 mali
3072 5620 3386 5674 commissio

1816 5722 1984 5776 usque
2038 5706 2105 5762 ad
2152 5709 2349 5779 lingua:
2378 5710 2546 5766 solius
2593 5722 2834 5780 gustum,
2900 5722 2983 5768 est
3027 5713 3240 5781 penitus
3287 5712 3385 5780 (si-

1816 5811 1906 5853 cut
1933 5800 2123 5855 mortis
2176 5802 2455 5874 obligatio)
2494 5803 2767 5875 fugienda.
2817 5804 2919 5871 Qui
2953 5819 3081 5873 ergo
3134 5806 3237 5859 istc
3270 5802 3384 5858 fur-
