4222 6448
782 401 924 470 1223

1911 408 1973 466 S.
2025 401 2346 467 IOANNIS
2388 398 2915 463 RAITHUENSIS

3917 398 4063 460 1234

781 520 892 570 tive
967 515 1227 581 comedit,
1299 515 1691 572 subinductum
1749 528 1811 571 sc
1878 514 1934 567 in
1978 512 2361 583 gravissimum
2391 516 2436 572 Α
2464 516 2640 562 retur.
2680 504 2902 561 Necesse
2938 513 3016 559 est
3044 504 3186 559 cuius
3226 506 3461 559 converti
3512 520 3663 557 mare
3699 514 3752 557 et
3792 504 4007 559 turbari
4036 524 4057 560 :

781 608 979 660 anim:
1024 607 1237 677 lapsum
1278 610 1537 663 asseruit.

853 698 1048 753 Statue
1104 701 1161 751 in
1211 700 1388 753 cordis
1438 702 1517 752 tui
1558 700 1768 769 jauus,
1816 713 2021 752 saeros
2055 695 2318 764 juitores
2344 707 2365 745 :

785 788 962 843 Duros
985 789 1265 854 ostiarios,
1284 790 1420 845 dicit
1450 792 1714 861 speciales
1739 800 1795 845 et
1828 789 2112 860 generales
2138 787 2366 839 virtutes

788 877 1027 943 anima;
1063 876 1297 941 scilicet.
1335 877 1731 941 fortitudinem,
1759 877 2123 948 prudentiam,
2158 884 2364 942 tempe-

784 968 1040 1033 rantiam,
1074 974 1132 1022 et
1169 968 1470 1035 justitiam.
1514 970 1676 1038 Aﬁge
1711 970 1768 1021 in
1815 968 2008 1021 anime
2043 968 2207 1035 ligno,
2252 976 2361 1019 etc.

783 1056 1013 1126 Lignu-
1042 1058 1177 1113 dicit
1209 1059 1683 1113 mortificationem
1725 1059 1910 1113 carnis
1951 1066 2009 1111 et
2040 1055 2359 1110 cruciﬁxio—

783 1160 908 1200 nem
929 1160 1056 1200 cum
1079 1147 1198 1201 suis
1222 1146 1705 1217 concupiscentiis.
1725 1144 1957 1199 Crucem
1978 1157 2111 1196 vero
2132 1141 2357 1205 animae,

782 1236 915 1292 dicit
938 1237 1410 1292 mortiﬁcationem
1442 1238 1643 1306 proprii
1674 1251 1871 1292 sensus
1895 1246 1952 1289 et
1987 1234 2222 1304 prepria:
2267 1248 2364 1287 vo-

782 1326 1030 1393 luntatis,
1078 1342 1174 1396 per
1209 1341 1374 1395 quam
1416 1326 1692 1379 diabolum
1739 1324 2027 1385 vincimus,
2077 1329 2135 1375 et
2171 1337 2359 1391 pacem

783 1417 1281 1487 imperturbabilem
1310 1417 1675 1487 possidemus.
1707 1413 1923 1469 Nullam
1969 1412 2117 1467 enim
2151 1412 2346 1466 utilita-

782 1517 891 1563 tem
920 1510 1309 1577 consequimur
1338 1508 1407 1562 de
1449 1506 1806 1561 cruciﬁsione
1840 1504 2049 1565 carnis,
2086 1502 2194 1557 nisi
2227 1504 2360 1571 liga-

783 1615 909 1656 mus
942 1608 1000 1655 et
1024 1600 1413 1655 conﬁrmemus
1445 1600 1499 1653 in
1530 1613 1596 1653 ea
1633 1597 2114 1651 mortificationem
2148 1602 2204 1649 et
2229 1610 2357 1648 cru-

783 1689 1089 1744 ciﬁsionem
1114 1689 1321 1758 proprii
1350 1701 1549 1743 sensus
1577 1696 1633 1741 et
1656 1686 1889 1756 propria:
1914 1686 2234 1741 voluntatis.
2271 1687 2355 1738 Αιι

781 1783 1012 1850 ineptum
1055 1798 1241 1835 rursus
1272 1790 1322 1835 et
1349 1781 1591 1833 inutilem
1633 1795 1695 1831 ac
1724 1779 1991 1847 spinosam
2019 1780 2308 1830 orationem
2334 1792 2356 1831 :

2466 597 2632 653 llaris
2658 597 3069 653 simlitudinem
3097 596 3308 651 inducit
3331 595 3399 650 ad
3421 596 3812 651 ostendendam
3837 598 4058 651 vitiosa:

2466 692 2664 746 utentis
2696 691 3028 759 passionem,
3057 705 3183 759 qua:
3218 690 3363 743 sicut
3398 704 3571 754 mare,
3608 703 3639 742 a
3674 690 3853 743 tentis
3891 691 4057 743 intel-

2465 783 2809 847 lectualibus,
2843 798 2941 838 seu
2968 782 3364 837 teutationibus
3400 791 3457 835 et
3485 782 3707 850 injuriis
3747 792 3805 836 ct
3835 783 4056 850 impro-

2463 878 2634 946 periis
2664 890 2856 931 eorum
2894 876 2988 945 qui
3020 875 3125 930 sub
3153 875 3478 944 prasideutc
3501 885 3651 935 sunt,
3679 876 4055 928 conturbatur

2462 978 2517 1023 ει
2555 968 2797 1033 inflatur,
2824 978 2879 1023 et
2912 978 3161 1021 movetur
3197 968 3267 1021 ab
3296 968 3762 1035 increpationibus
3798 984 3928 1034 qua
3960 969 4052 1020 iu-

2461 1062 2738 1115 dneuntur
2762 1077 2925 1130 super
2948 1076 3095 1123 eam,
3127 1061 3193 1112 ad
3226 1060 3603 1129 probationem
3638 1071 3687 1113 et
3720 1060 4049 1123 utilitatem,

2460 1168 2493 1207 a
2521 1152 2877 1207 fraternitate.
2913 1150 3068 1205 Vitiis
3095 1150 3260 1221 igitur
3290 1150 3518 1205 interius
3552 1151 4049 1211 tumultuantibus,

2461 1254 2519 1297 ει
2552 1244 2886 1297 irascibilem
2908 1240 3385 1295 commoventihus
3421 1240 3488 1293 ad
3520 1240 3678 1301 iram,
3705 1250 3759 1292 et
3798 1240 4053 1292 rationa-

2460 1336 2623 1389 bilem
2654 1333 3141 1395 confundentibus,
3167 1347 3269 1387 nec
3296 1332 3606 1387 sinentibus
3627 1332 3773 1400 quod
3800 1344 3890 1385 est
3916 1332 4053 1384 utile

2459 1425 2799 1493 conspicere,
2819 1435 2877 1478 ει
2893 1425 3037 1494 quod
3065 1425 3258 1478 melius
3274 1432 3359 1477 est
3382 1431 3587 1485 tenere,
3603 1422 3746 1474 velut
3764 1436 4053 1487 exspueus

2458 1522 2881 1581 pmssuuiptas
2923 1512 3116 1566 sordes
3153 1526 3305 1566 mare
3346 1514 3564 1574 mentis,
3602 1520 3870 1565 monstrat
3902 1528 4051 1578 quas

2460 1601 2715 1653 vitiorum
2777 1599 3004 1653 ﬂumina
3058 1601 3237 1668 primo
3284 1600 3338 1654 in
3400 1602 3573 1669 ipsam
3633 1601 4047 1662 conduxerunt,

2459 1696 2704 1757 tempore
2729 1689 2979 1742 videlicet
3010 1689 3443 1754 tranquillitatis,
3469 1698 3523 1742 ct
3547 1690 3703 1743 bona:
3724 1691 4051 1743 consisten-

2463 1781 2569 1832 tiar.
2629 1778 2788 1834 Nunc
2833 1780 2998 1847 igitur
3045 1794 3269 1833 necesse
3306 1790 3391 1833 est
3434 1796 3584 1834 mare
3618 1783 3850 1843 turbari,
3890 1782 4049 1849 quia,

781 1873 901 1928 Non
945 1883 1173 1927 venusta
1219 1881 1274 1927 et
1321 1887 1430 1926 non
1479 1869 1742 1939 proﬁcua,
1783 1877 1841 1923 et
1883 1868 2104 1938 spinosa
2139 1869 2353 1938 eloquia
2388 1865 2427 1917 Β
2455 1886 2521 1923 ex
2544 1886 2654 1939 quo
2704 1870 3027 1923 humilitatis
3070 1879 3451 1939 argumentum
3482 1888 3545 1925 es
3580 1882 3763 1923 uestra
3807 1887 4052 1924 cumer-

786 1974 1012 2020 sanctus
1057 1966 1218 2020 Pater
1247 1963 1379 2018 dicit
1407 1977 1530 2031 qua:
1549 1978 1647 2016 sua
1673 1972 1837 2027 sunt;
1867 1960 2095 2023 scilicet,
2129 1976 2233 2013 non
2268 1976 2357 2015 ve—

785 2070 945 2115 nusta
970 2066 1276 2114 secundum
1302 2058 1696 2127 eloquentiam,
1726 2064 1949 2125 propter
1977 2055 2277 2125 simplicem
2304 2062 2359 2108 et

782 2151 1093 2206 ordinatum
1142 2154 1362 2207 modum
1390 2151 1642 2217 dicendi;
1695 2167 1802 2205 non
1854 2152 2119 2221 proticua,
2162 2166 2358 2205 secun-

782 2243 914 2297 dum
942 2244 1275 2299 mundanam
1306 2244 1575 2313 requiem,
1623 2252 1679 2297 et
1722 2244 2204 2306 commoditatem;
2245 2244 2357 2311 spi-

784 2346 941 2397 nosa,
989 2334 1293 2387 secundum
1346 2347 1596 2401 asperam
1646 2332 2016 2385 narrationem
2061 2341 2117 2385 et
2161 2331 2355 2383 duram

783 2424 1084 2492 spiritualis
1124 2424 1250 2478 vita
1293 2425 1560 2493 regulam,
1584 2423 1734 2492 juxta
1781 2424 1911 2477 illud
1960 2423 2354 2492 evangelicum,

783 2517 951 2570 durus
969 2526 1048 2570 est
1079 2518 1162 2569 hic
1186 2532 1358 2570 sermo
1382 2518 1447 2568 ³⁸.
1465 2545 1536 2557 —-
1552 2516 1645 2569 Est
1672 2516 1883 2585 quidem
1911 2515 2249 2583 prarclarum,
2275 2515 2359 2567 la-

785 2611 933 2666 bores
980 2622 1285 2664 sanctoruut
1337 2610 1622 2664 admirari.
1653 2611 1922 2675 Quoniam
1968 2609 2109 2663 Deus
2158 2608 2354 2671 bonus,

785 2714 998 2762 amator
1045 2707 1333 2761 hominum
1382 2715 1490 2768 est,
1520 2708 1720 2759 multas
1758 2706 1952 2759 salutis
1978 2703 2205 2773 justitia!
2243 2703 2357 2755 vias

786 2798 1027 2851 ostendit
1066 2798 1248 2864 nobis,
1282 2806 1345 2851 ut
1389 2814 1498 2852 non
1543 2799 1867 2865 periremus,
1915 2797 2010 2849 sed
2054 2795 2354 2850 secundum

786 2906 941 2945 suam
993 2907 1242 2963 magnam
1303 2893 1731 2947 misericordiam
1793 2892 2184 2946 salvaremur:
2229 2890 2356 2959 quia

790 2998 897 3037 non
922 2982 1052 3037 fecit
1080 2984 1354 3038 hominem
1388 2983 1533 3038 Deus
1559 2994 1617 3037 ut
1655 2984 1878 3052 periret,
1908 2984 2002 3036 sed
2046 2991 2104 3035 ut
2135 2982 2207 3034 illi
2239 2997 2356 3033 ser-

789 3077 951 3140 viret,
988 3084 1043 3129 et
1073 3076 1409 3142 salvaretur;
1440 3075 1561 3129 ideo
1601 3075 1913 3129 vocationes
1953 3074 2232 3127 hominum
2265 3086 2357 3125 va-

2458 1964 2669 2017 satione
2726 1978 2834 2015 non
2891 1964 3200 2025 sumimus,
3275 1962 3664 2015 tcutationibus
3725 1966 4051 2015 necchariu

2458 2058 2855 2126 immergimur,
2889 2068 2951 2111 ut
2984 2059 3279 2127 probemur
3321 2067 3376 2111 et
3409 2057 3750 2111 iulirmemur
3783 2073 3849 2110 ac
3886 2059 4049 2111 intir-

2458 2146 2589 2199 mati
2618 2161 2933 2213 purgentur,
2957 2160 3022 2199 ac
3045 2143 3278 2214 perfecte
3305 2145 3671 2198 humiliemur.
3713 2144 3857 2197 Dicit
3885 2162 4043 2214 ergo,

2458 2252 2679 2291 necesse
2706 2254 2789 2291 es.
2813 2254 2961 2291 mare
3002 2238 3255 2306 quassari
3289 2246 3346 2291 et
3386 2237 3593 2290 turbari
3617 2238 3753 2305 (ιιι).
3803 2236 3892 2289 Ex
3924 2240 4049 2290 obe-

2455 2328 2695 2393 dientia,
2752 2329 3046 2381 humilitas.
3097 2328 3403 2383 obedientia
3462 2330 3643 2391 enim,
3709 2329 4044 2397 principium

2459 2420 2806 2484 humilitatis,
2843 2421 3103 2489 quoniam
3137 2420 3232 2488 qui
3265 2436 3325 2474 se
3350 2421 3529 2489 ipsum
3570 2436 3677 2473 non
3705 2421 4046 2474 condemnat

2457 2512 2600 2567 sicut
2644 2512 2981 2566 deficientem
3023 2528 3054 2566 a
3097 2512 3410 2578 virtutibus,
3454 2513 3560 2566 sub
3597 2528 3761 2565 manu
3811 2514 4045 2568 alterius

2456 2620 2578 2658 esse
2608 2622 2714 2658 non
2744 2604 2904 2658 valet.
2935 2603 3121 2674 Igitur,
3165 2605 3286 2656 talis
3329 2604 3717 2657 condemnatio
3757 2608 4045 2660 contrahit

2456 2708 2510 2750 et
2528 2698 2637 2766 agit
2662 2697 2902 2749 animam
2943 2696 3009 2749 ad
3042 2696 3404 2749 obedientiam
3450 2714 3463 2749 :
3493 2696 3800 2749 obedii-ntia
3833 2710 4039 2762 autem,

2457 2789 2649 2841 timore
2685 2788 2897 2840 Domini
2954 2788 3188 2849 firmata,
3230 2796 3456 2855 generat
3497 2788 3889 2849 humilitatem,
3940 2791 4042 2842 Ιιιι-

2457 2880 2659 2932 militas
2690 2893 2819 2932 vero
2858 2887 3119 2947 perpetuo
3146 2880 3391 2931 exsulem
3418 2876 3546 2931 facit
3581 2880 3897 2932 elationem.
3935 2882 4039 2946 Qui

2456 2984 2637 3028 autem
2676 2974 2746 3028 ab
2770 2975 2958 3028 eadem
2995 2983 3081 3028 est
3121 2974 3277 3036 liber,
3305 2983 3359 3027 et
3396 2988 3424 3024 a
3460 2973 3685 3042 reliquis
3710 2983 3793 3026 cst
3835 2988 4043 3041 purga-

2460 3076 2547 3120 tus
2578 3081 2790 3135 :quare
2829 3067 3028 3119 domus
3054 3065 3509 3135 impassibilitalis
3543 3073 3596 3117 et
3628 3064 3916 3116 munditia:
3942 3079 4042 3115 au-

786 3165 904 3229 rite,
956 3173 1011 3220 et
1057 3166 1382 3221 donationes
1432 3165 1603 3236 ipsius
1631 3165 1959 3219 differentes.
1997 3163 2153 3229 llinc,
2192 3164 2350 3223 alius,
2380 3188 2424 3245 ο
2461 3159 2761 3212 nuntiatur.
2786 3156 3162 3212 Obedientiam
3204 3157 3387 3227 igitur,
3421 3156 3807 3218 humilitatem,
3848 3165 3907 3207 et
3942 3156 4045 3207 iui-

788 3254 1176 3324 hospitalitatis
1224 3268 1459 3321 amator,
1499 3256 1659 3321 alius,
1702 3255 1902 3325 quietis
1945 3264 2000 3309 ct
2036 3256 2355 3311 remotionis

786 3344 1050 3399 solitaria
1092 3354 1339 3401 servator
1368 3365 1381 3401 :
1410 3346 1552 3400 alius
1586 3346 1904 3399 consolatur
1945 3354 2000 3398 et
2030 3346 2357 3399 exhortatur

786 3434 1037 3501 afﬂictos,
1070 3434 1210 3491 alius
1242 3436 1483 3491 custodit
1514 3436 1778 3506 linguam,
1805 3444 1859 3489 et
1883 3434 2023 3489 silet.
2054 3434 2159 3489 Iste
2191 3435 2355 3489 semel

787 3524 841 3577 in
906 3524 1244 3580 hebdomade
1287 3527 1559 3595 pascitur;
1619 3526 1721 3579 iste
1769 3524 2006 3579 comedit
2046 3525 2195 3578 omni
2244 3525 2352 3579 die.

785 3613 967 3675 Quare
996 3612 1113 3667 haec
1140 3614 1322 3667 omnia
1360 3613 1431 3667 ab
1468 3629 1581 3668 uno
1614 3628 1775 3682 posse
1807 3613 1988 3681 perlici
2021 3614 2356 3682 impossibile

782 3713 888 3759 est.
918 3702 1094 3758 Donec
1142 3705 1446 3759 violentiam
1484 3717 1720 3759 nostram
1749 3722 1909 3776 quam
1947 3708 2085 3759 velut
2132 3724 2164 3761 a
2207 3709 2355 3762 nobis

783 3795 1001 3863 perpeti.
1047 3794 1166 3850 Vim
1214 3796 1508 3851 inferentes
1552 3807 1683 3851 sunt
1716 3799 1769 3851 hi
1812 3799 1905 3867 qui
1938 3798 2120 3852 divina
2160 3800 2357 3854 chari-

785 3894 897 3940 tate
933 3893 1063 3940 sunt
1108 3887 1328 3957 plagati,
1376 3896 1432 3941 et
1457 3888 1565 3941 vim
1599 3886 1709 3941 Deo
1754 3888 1993 3941 inferunt
2020 3904 2118 3957 per
2151 3890 2357 3943 oratio.

785 3992 908 4031 nem
937 3984 993 4031 et
1024 3991 1189 4046 opera
1239 3978 1508 4047 virtuosa,
1558 3990 1612 4033 et
1642 3980 1935 4033 trahuntur
1959 3981 2143 4033 divino
2170 3996 2355 4035 amore

784 4069 850 4123 ad
880 4070 1204 4138 portandum
1229 4068 1422 4139 jugum
1465 4070 1673 4125 Christi
1723 4086 1847 4125 cum
1886 4072 2051 4125 corde
2092 4074 2275 4125 humili
2301 4082 2356 4126 et

764 4156 968 4214 ‘animo
1017 4162 1232 4225 devoto,
1289 4162 1384 4231 qui
1436 4162 1649 4231 seipsos
1694 4163 2011 4228 violentam,
2056 4164 2353 4218 secundum

784 4248 963 4303 illud:
996 4247 1260 4303 Turbatus
1309 4265 1426 4302 sum
1468 4260 1519 4303 et
1563 4266 1666 4303 non
1711 4266 1830 4303 sunt
1876 4250 2083 4303 locutus
2105 4251 2167 4304 “.
2220 4251 2355 4305 Cum

783 4337 1119 4401 corruissem,
1167 4338 1361 4391 iterum
1407 4339 1666 4391 reduxisti
1718 4339 1917 4392 me:id
1959 4352 2063 4405 est,
2114 4348 2235 4408 post
2277 4341 2357 4393 la-

782 4442 964 4496 psum.
1006 4427 1119 4483 Nec
1150 4444 1279 4482 vero
1317 4430 1591 4499 intelligas
1631 4430 1845 4499 lapsum
1879 4445 1909 4483 a
1946 4428 2055 4485 Deo
2092 4446 2353 4501 separan-

2458 3250 2895 3319 passihilitatcm,
2947 3248 3123 3303 tribus
3176 3250 3513 3318 appropriat,
3574 3249 3786 3302 scilicet
3840 3246 4041 3317 Moysi,

2458 3342 2781 3411 Synagogm,
2809 3352 2867 3396 et
2894 3340 3078 3395 Maria:
3106 3358 3121 3395 :
3148 3340 3410 3411 quoniam
3436 3341 3580 3396 sicut
3605 3356 3755 3394 mare
3787 3337 4041 3392 Rubrum

2458 3442 2800 3487 transeuntes
2839 3431 3033 3495 Judaei,
3072 3442 3126 3487 et
3175 3447 3337 3501 super
3369 3433 3595 3485 victoria
3645 3432 4040 3500 triumphalem

2456 3525 2669 3577 laudem
2718 3525 2813 3579 Dei
2856 3534 3139 3588 canentes,
3184 3524 3428 3593 ejusdem
3476 3524 3653 3577 laudis
3692 3532 3748 3577 et
3795 3524 4043 3576 victoriae

2456 3618 2760 3671 habuerunt
2782 3617 3001 3687 Moysen
3032 3618 3330 3687 genitorem
3357 3627 3411 3670 et
3441 3628 3704 3681 actorem,
3728 3626 3785 3669 ct
3809 3615 4039 3669 Mariam

2456 3709 2831 3779 perfectricem
2858 3710 3099 3779 (quidem
3130 3726 3192 3763 cx
3236 3708 3514 3762 communi
3548 3724 3713 3761 unam
3761 3711 4041 3762 cxsisten-

2458 3803 2708 3868 tem):ita
2740 3812 2792 3855 et
2823 3817 2971 3855 nunc
2996 3802 3147 3867 dicit,
3182 3803 3235 3854 in
3268 3816 3498 3870 persona
3529 3801 3698 3870 Moysi
3724 3802 3930 3856 debere
3950 3817 4039 3856 ac-

2456 3896 2634 3964 cipere
2666 3895 3071 3959 obedientiam;
3115 3893 3169 3946 in
3227 3907 3521 3962 synagoga,
3564 3892 3959 3953 humilitatem,
3987 3902 4039 3945 et

2456 3986 2509 4038 in
2538 3985 2726 4050 Maria,
2757 3985 3265 4055 impassibilitatcm.
3312 3983 3550 4055 Moyses,
3590 3999 3733 4052 aqua
3767 3984 4037 4053 interpre-

2457 4086 2621 4142 tatur,
2668 4077 2751 4131 vel
2784 4086 3097 4145 assumptus
3130 4076 3197 4130 de
3239 4091 3397 4145 aquis
3425 4091 3441 4128 :
3471 4072 3661 4138 Maria,
3706 4074 4037 4144 interpreta-

2456 4178 2546 4222 tur
2591 4168 2704 4232 lux,
2737 4183 2857 4235 quae
2886 4169 2952 4220 de
2994 4168 3279 4237 Syuagoga
3322 4165 3589 4235 originem
3634 4175 3905 4219 traxerat.
3941 4164 4037 4233 lgi-

2458 4268 2564 4322 tur,
2615 4259 2668 4311 in
2702 4269 2987 4328 assumpto
3022 4260 3090 4311 de
3130 4260 3286 4327 aquis
3311 4259 3589 4325 generatio
3628 4266 3682 4310 et
3723 4255 4035 4310 fecundatio

2456 4352 2790 4419 reliquorum
2846 4367 2941 4420 per
2989 4350 3356 4405 obedientiam
3410 4368 3424 4404 :
3465 4350 3774 4404 obedientia
3826 4359 4032 4413 autem,

2457 4440 2778 4493 humilitatis
2818 4441 3226 4508 possessionem
3263 4441 3465 4504 donat;
3504 4439 3787 4492 humilitas
3827 4450 4033 4503 autem,

784 4527 919 4583 tem,
947 4518 1040 4573 sed
1064 4520 1273 4589 lapsum
1293 4521 1385 4589 qui
1408 4521 1798 4590 (servientibus
1818 4530 1873 4575 et
1897 4521 2351 4593 ministrantibus)

2459 4532 2914 4601 impussibilitatis
2938 4532 3117 4586 lucem
3149 4541 3368 4601 praestat
3394 4550 3409 4585 :
3439 4530 3855 4600 impassibilitas
3881 4547 4031 4595 vero,

781 4624 845 4663 εκ
876 4609 1225 4679 ηεειίεθηιὶεν
1256 4620 1311 4665 ει
1348 4626 1414 4665 οι
1454 4612 1762 4667 οῢθάίθηιίε
1797 4614 2108 4682 imperfecta
2138 4617 2356 4669 conlin-
2457 4638 2622 4693 super
2665 4624 2972 4687 victoriam,
3023 4624 3237 4677 laudem
3281 4622 3539 4691 perfecit,
3590 4622 3888 4683 canticum,
3937 4637 4034 4689 pro

781 4701 879 4770 git.
934 4701 1039 4766 Qui
1087 4718 1205 4756 vero
1257 4703 1409 4757 illum
1464 4705 1519 4757 in
1572 4705 1748 4759 cordis
1792 4707 1877 4757 sui
1916 4709 2131 4761 latebris
2182 4708 2357 4761 occul—
2456 4709 2775 4764 liberatione
2804 4710 2872 4763 ab
2912 4709 3495 4781 intelligibilixllgypto
3528 4708 3757 4777 peccati,
3795 4709 3847 4759 iu
3898 4709 4032 4759 teti-

782 4797 884 4853 tat,
922 4799 1028 4843 etc.
1060 4788 1353 4845 Sciendum
1386 4801 1469 4846 est
1519 4792 1646 4861 quia
1698 4808 1804 4849 non
1852 4794 2101 4849 confessa
2133 4806 2352 4865 peccata

785 4880 907 4934 sine
954 4880 1248 4936 formidine
1299 4891 1356 4936 et
1412 4883 1608 4937 timore
1655 4894 1910 4953 aguntur.
1946 4886 2175 4941 Auferre
2223 4903 2353 4958 ergo

780 4968 1149 5026 confessionis
1193 4971 1614 5038 conscientiam,
1646 4982 1732 5028 est
1762 4976 1977 5043 aperire
2006 4978 2241 5045 peccatis
2265 4979 2331 5047 ja-

783 5076 968 5126 Iiuam,
1009 5072 1064 5116 et
1107 5062 1357 5117 haeresim
1409 5063 1700 5119 seminare.
1736 5063 1868 5117 Cum
1897 5065 1941 5117 is
1972 5067 2062 5134 qui
2084 5068 2347 5135 subjectus

778 5163 877 5218 eu,
922 5154 1054 5208 duos
1091 5155 1310 5209 evaserit
1365 5154 1577 5225 laqueos
1608 5155 1768 5211 :Duo
1810 5157 1933 5221 ista,
1982 5158 2112 5213 dicit
2160 5159 2346 5215 inobe-

779 5245 1042 5299 dientiam
1077 5258 1131 5300 et
1162 5245 1475 5301 elationem.
1526 5245 1728 5302 Prcter
1755 5265 1951 5303 morem
1982 5250 2198 5304 solitum
2232 5263 2346 5306 tur-

778 5336 1016 5390 bulentas
1044 5352 1063 5391 :
1092 5336 1142 5391 id
1171 5347 1257 5393 est
1280 5337 1374 5407 qui
1406 5337 1563 5393 facile
1586 5346 1903 5398 moveantur
1926 5342 1991 5395 ad
2024 5341 2264 5399 furorem
2294 5354 2349 5400 et

780 5430 945 5497 iram,
978 5430 1152 5485 instar
1188 5430 1482 5487 molendtni
1511 5433 1655 5501 quod
1702 5432 1755 5487 vi
1799 5443 1928 5489 rota:
1958 5445 2012 5491 ct
2038 5450 2193 5506 aqua:
2231 5454 2349 5493 mo-

847 5634 891 5665 "
918 5630 1075 5686 Joan.
1110 5648 1183 5697 ιἰ,
1215 5629 1304 5687 οι.
1380 5633 1422 5663 ⁸⁸
1446 5632 1588 5688 I’sal.
1612 5648 1795 5702 Luvt,
1822 5635 1875 5689 5.

848 5806 961 5878 (lli)
989 5808 1072 5863 ΔΙ.
1096 5808 1310 5865 concuti
1341 5815 1393 5864 et
1434 5808 1656 5864 turhari.

2456 4803 2529 4853 tia
2554 4809 2799 4854 cantans.
2836 4799 2958 4854 Vidi
2998 4811 3054 4853 ut
3089 4802 3164 4852 ait
3190 4799 3334 4853 Job:
3366 4798 3642 4852 Ilabilitati
3672 4806 3725 4851 et
3754 4797 4033 4865 illegitime

2456 4892 2713 4957 naturali,
2736 4899 2790 4945 et
2816 4892 3137 4947 extrinsecae
3173 4890 3551 4959 compositioni
3578 4904 3815 4952 morum,
3846 4900 3901 4941 et
3935 4905 4032 4956 ap-

2453 4980 2711 5049 parentia:
2761 4980 2897 5035 [ictae
2936 4981 3258 5045 honestatis,
3304 4980 3505 5047 quibus
3554 4979 3798 5031 occurrit
3845 4977 4030 5038 turba,

2455 5071 2678 5125 malitia:
2722 5071 2959 5126 varietas
3002 5072 3163 5126 habet
3202 5082 3451 5125 naturam
3493 5068 3760 5136 colligari.
3809 5064 4029 5132 Turba',

2452 5163 2598 5233 quod
2635 5171 2858 5233 apparet
2884 5163 3086 5218 humile
3121 5162 3625 5232 etzmorigeratum,
3669 5168 3726 5212 et
3752 5162 4033 5229 composi-

2456 5267 2570 5313 tum
2595 5260 2895 5313 secundum
2926 5258 3143 5323 faciem,
3173 5258 3461 5313 nominant
3485 5264 3540 5311 et
3568 5256 3876 5311 extollunt:
3904 5269 4034 5322 pro-

2461 5361 2582 5421 pter
2606 5365 2727 5419 qua:
2765 5351 2983 5421 superbi
3020 5351 3336 5422 hypocrita},
3366 5357 3422 5404 et
3449 5347 3685 5402 animosi
3714 5346 3868 5416 (dicit
3902 5362 4033 5399 sau-

2454 5444 2597 5516 ctus)
2629 5460 2693 5499 ex
2722 5444 2975 5500 laudibus
3011 5451 3065 5500 et
3097 5442 3332 5499 elatione
3363 5449 3827 5511 compunguutur,
3853 5446 3912 5492 et
3942 5456 4030 5511 pa-
