4222 6448
214 394 343 462 1225

1334 397 1651 458 SCHOLIA
1684 398 1767 457 IN
1809 398 2219 459 CLIMACUM.

3310 401 3443 464 1226

212 488 354 541 riunt
398 488 685 559 lacrymas.
726 486 857 554 Qua:
907 487 1283 551 considerans,
1325 504 1490 565 quam
1537 489 1772 543 maxime
1800 501 1842 554 Α
1877 498 1983 543 tate
2017 491 2109 544 sed
2151 488 2363 556 vitiose,
2404 504 2525 559 qua:
2555 505 2651 544 sua
2688 501 2815 545 sunt
2858 492 2999 547 male
3026 502 3297 563 quaerunt,
3333 511 3440 550 non

211 580 477 649 sapienter
504 593 558 635 et
586 584 751 647 clare,
778 581 936 635 Pater
968 581 1090 645 iste,
1122 581 1325 634 variam
1357 596 1481 635 esse
1510 580 1767 634 malitiam

209 667 601 723 determinavit.
637 669 778 723 Sane
821 669 1008 724 tardus
1040 669 1166 739 quis
1208 678 1263 723 et
1307 668 1583 738 negligens
1624 668 1770 723 exsi-

209 769 512 824 stens,.aut
553 762 607 815 in
653 762 836 831 aliquo
872 761 1238 831 corporalium
1292 760 1609 814 naturaliter
1650 758 1770 811 ido-

209 863 339 903 neus
365 863 651 919 apparens,
689 850 1021 921 complacuit
1068 849 1276 909 multis,
1324 855 1377 898 et
1417 847 1482 897 de
1509 844 1772 913 gravitate

207 954 418 995 morum
451 953 505 997 et
543 943 827 997 honestate
871 942 1123 996 laudatus
1153 946 1276 991 est:
1312 936 1768 1005 quemadmodum

206 1033 263 1087 in
312 1034 496 1104 aliquo
545 1034 929 1105 corporalium,
955 1028 1092 1085 facie
1134 1039 1323 1092 tenus,
1372 1028 1496 1098 quis
1544 1028 1771 1083 idoneus

207 1127 523 1183 naturaliter
582 1139 890 1195 apparens,
944 1120 1275 1192 complacuit
1327 1122 1531 1176 multis.
1588 1119 1771 1191 Itaque

208 1219 524 1290 plerumque
556 1217 824 1273 naturalis
854 1215 1174 1273 sufﬁcientia
1200 1224 1290 1269 aut
1323 1213 1629 1278 diminutio,
1662 1216 1773 1269 vir—

205 1321 293 1367 tus
324 1313 517 1367 animae
544 1319 788 1380 reputata
807 1321 891 1364 est
922 1328 936 1364 :
967 1308 1230 1363 remissus
1256 1316 1310 1361 et
1339 1307 1595 1372 lnsolens,
1625 1308 1773 1361 ruitis

204 1414 259 1458 et
293 1403 653 1469 inordinatus,
697 1412 751 1457 et
786 1417 850 1457 ea
880 1415 1001 1472 quae
1041 1408 1171 1455 sunt
1210 1398 1437 1469 spiritus
1481 1400 1765 1462 deserens,

202 1495 489 1562 sollicitus,
534 1496 810 1550 acidiosus
872 1504 927 1547 et
973 1492 1141 1547 tristis
1216 1501 1420 1554 orator,
1486 1490 1770 1561 linguosus

202 1598 258 1642 et
280 1603 450 1641 vanus
478 1605 493 1642 :
527 1587 835 1642 animarum
865 1586 1104 1640 salvator
1131 1601 1145 1638 :
1179 1598 1210 1638 a
1240 1583 1524 1638 daemoniis
1556 1583 1767 1650 illusus,

201 1679 614 1748 contemplator,
662 1688 716 1733 et
766 1678 1075 1732 futurorum
1122 1676 1374 1746 provisor
1419 1684 1505 1730 est
1552 1674 1768 1731 habitus

201 1772 340 1842 apud
374 1772 543 1841 ipsos,
595 1772 687 1840 qui
719 1771 865 1841 quod
901 1779 1107 1825 rectum
1143 1780 1198 1823 et
1239 1768 1496 1822 vitiosum
1540 1776 1625 1823 est
1662 1767 1769 1823 dis-

200 1880 422 1919 cernere
472 1864 745 1921 nesciunt.
785 1862 1053 1929 Nimirum
1093 1862 1241 1932 (quia
1278 1860 1518 1915 exsultat
1559 1859 1610 1914 in
1649 1860 1771 1913 Iau-
1801 1846 1845 1902 Β

200 1942 383 2026 dibus)
429 1973 606 2013 caecus
652 1958 864 2029 ignorat
907 1957 1168 2027 seipsum,
1203 1964 1258 2009 et
1287 1964 1431 2009 errat
1460 1972 1474 2009 :
1503 1953 1643 2009 falso
1679 1954 1772 2024 ju-

200 2048 342 2103 dicia
375 2050 669 2106 multorum
717 2047 1026 2115 attendens,
1056 2048 1295 2102 animam
1342 2060 1412 2103 ex
1449 2046 1681 2101 elatione
1719 2055 1775 2101 et

206 2143 453 2198 vanitate
480 2151 832 2214 compunget,
863 2149 917 2196 et
945 2139 1137 2196 dolens
1167 2146 1495 2204 conteretur,
1522 2147 1577 2193 et
1601 2139 1774 2210 lacry-

202 2251 322 2291 mas
342 2235 534 2306 pariet.
581 2232 762 2303 Quare
790 2231 950 2287 Pater
979 2232 1242 2286 malitiam
1273 2229 1355 2299 sic
1380 2227 1771 2284 multiformem

199 2339 257 2385 et
283 2332 487 2383 variam
527 2343 651 2384 esse
696 2326 948 2383 miratur.
984 2324 1090 2390 Qui
1131 2322 1233 2377 sibi
1261 2322 1363 2392 ipsi
1395 2323 1621 2376 latenter
1656 2338 1773 2391 per-

199 2422 371 2476 suasit
408 2422 655 2477 latenter.
709 2419 768 2474 In
816 2419 980 2475 corde
1017 2416 1139 2490 (ait)
1192 2415 1393 2470 bonum
1433 2415 1770 2485 propositum

208 2516 425 2569 firmare
473 2513 653 2578 stude,
694 2522 751 2567 et
780 2526 885 2565 non
929 2509 1233 2580 pompatice
1267 2515 1323 2562 et
1350 2514 1673 2577 apparenter
1710 2521 1774 2562 os

206 2607 504 2673 dilatando,
539 2606 799 2678 loquaris.
844 2604 948 2672 Qui
985 2603 1128 2657 enim
1168 2615 1432 2672 pompose
1474 2614 1532 2653 se
1566 2598 1771 2664 laudat,

201 2710 257 2755 et
283 2700 337 2754 iu
369 2715 429 2755 se
456 2701 574 2770 ipso
609 2698 832 2754 confidit
859 2705 913 2752 et
952 2696 1240 2764 gloriatur,
1284 2693 1557 2747 relaxatus
1595 2707 1626 2746 a
1666 2690 1774 2745 Do-

199 2797 351 2850 mino
376 2796 670 2866 castigatur
700 2794 853 2864 lapsu
879 2811 894 2847 :
927 2790 1021 2848 sed
1048 2803 1198 2846 mors
1225 2789 1421 2843 anima:
1448 2786 1595 2841 mille
1622 2802 1772 2841 mor-

195 2889 345 2944 tibus
378 2888 530 2958 pejor
568 2886 803 2943 exsistit.
836 2884 893 2939 Si
941 2900 1072 2953 ergo
1115 2897 1264 2937 mors
1304 2880 1447 2951 ejus,
1486 2888 1769 2951 peccatum

198 2992 307 3049 est,
336 2992 538 3052 quanta
563 2981 745 3052 vigilia
767 2989 821 3035 et
849 2978 1161 3034 sollicitudo
1184 2976 1341 3031 nobis
1367 2975 1628 3029 adversus
1652 2988 1748 3042 pec

193 3080 381 3129 catum
413 3071 719 3126 necessaria
743 3078 827 3124 est
858 3086 871 3122 :
903 3068 1089 3135 igitur,
1112 3068 1204 3136 qui
1230 3065 1381 3119 novit
1414 3064 1548 3127 haec,
1591 3062 1773 3116 humi—

1874 598 1996 653 qna:
2025 580 2153 635 Jesn
2195 582 2420 637 Christi.
2472 582 2724 653 Sibiipsis
2773 585 3075 652 attendant,
3119 588 3247 656 quia
3295 588 3443 642 aliud

1872 686 1958 731 est
1985 677 2129 746 quod
2159 694 2371 745 sumus,
2408 680 2554 734 aliud
2590 696 2713 750 quae
2750 690 2880 735 sunt
2918 693 3123 747 nostra,
3146 684 3295 738 aliud
3322 700 3445 753 quae

1872 769 2017 823 circa
2053 785 2174 835 nos,
2214 769 2360 825 aliud
2391 786 2512 840 quae
2548 783 2700 828 extra
2742 788 2865 839 nos,
2908 786 2960 830 et
2987 775 3135 830 aliud
3160 792 3282 847 quae
3313 792 3446 833 con-

1875 871 1957 916 tra
1992 878 2112 917 nos.
2161 860 2409 934 Plerique
2446 880 2512 919 ea:
2554 867 2906 921 obedientium
2928 884 3102 938 grege,
3149 880 3255 925 etc.
3296 871 3444 925 Nun-

1873 970 2037 1024 quam
2067 956 2336 1025 suscipias
2362 973 2486 1012 eum
2516 959 2608 1025 qui
2636 960 2729 1013 tibi
2755 961 3006 1017 subditus
3038 970 3142 1027 est,
3174 962 3441 1019 dicentem

1871 1048 1968 1102 tibi
2006 1065 2020 1101 :
2058 1049 2137 1103 Ita
2169 1050 2299 1103 mihi
2329 1051 2604 1106 licentiam
2631 1063 2686 1106 et
2704 1061 3020 1121 potestatem
3035 1056 3105 1108 ad
3134 1055 3294 1109 talem
3316 1071 3444 1125 ope-

1871 1142 2137 1197 rationem
2163 1145 2247 1198 vel
2285 1146 2541 1200 virtutem
2567 1148 2992 1216 exsequendam,
3022 1160 3075 1203 et
3106 1167 3119 1202 :
3154 1148 3232 1205 Ita
3264 1165 3351 1205 me
3372 1151 3444 1203 ad

1872 1235 1923 1289 id
1952 1237 2098 1306 quod
2142 1238 2424 1306 spirituale
2463 1248 2547 1294 est
2588 1241 2840 1309 permitte
2874 1240 3129 1311 dirigere.
3179 1242 3315 1297 Nam
3349 1243 3442 1312 qui

1875 1328 1944 1383 ita
1988 1328 2135 1394 dicit,
2185 1331 2529 1385 manifestum
2574 1342 2658 1388 est
2715 1335 2841 1404 quia
2881 1335 3140 1389 seductus
3170 1337 3442 1405 prOpriam

1872 1421 2098 1491 perfecit
2139 1423 2495 1488 voluntatem,
2535 1436 2590 1481 et
2626 1428 2845 1496 optimae
2887 1428 3211 1484 obcdientias
3240 1427 3443 1484 foedera

1873 1513 2101 1583 spernit,
2128 1524 2183 1568 et
2208 1514 2466 1584 deceptus
2505 1529 2561 1571 et
2591 1517 2804 1582 illusus,
2842 1520 3092 1573 meritum
3124 1521 3446 1576 obedientia:

1872 1620 2056 1659 coram
2092 1605 2201 1661 Deo
2241 1608 2455 1677 perdit:
2488 1608 2623 1663 Sunt
2656 1613 2747 1679 qui
2786 1622 3023 1679 suscepto
3062 1615 3304 1682 imperio,
3335 1624 3442 1671 etc.

1873 1694 2077 1751 llorum
2110 1700 2506 1768 unusquisque,
2551 1701 2604 1753 in
2644 1703 2863 1772 proprio
2896 1711 3161 1774 tempore,
3201 1706 3447 1762 laudabi-

1876 1789 1945 1844 lis
1993 1800 2093 1846 est.
2154 1792 2286 1846 Nam
2338 1793 2627 1859 secundus,
2671 1795 2827 1865 juxta
2884 1796 3099 1852 initium
3150 1800 3449 1871 disciplima

1878 1883 2289 1939 introductoriae
2335 1885 2401 1939 ad
2439 1888 2689 1952 virtutes,
2742 1890 2941 1946 melius
2992 1890 3141 1955 facit,
3187 1893 3448 1949 obediens

1878 1974 2251 2034 inconstanter
2281 1997 2293 2033 :
2322 1979 2502 2033 adhuc
2533 1981 2676 2034 enim
2704 1996 2767 2035 ex
2802 1984 2997 2038 ordine
3040 1985 3446 2055 probandorum

1877 2079 1979 2125 est.
2020 2069 2239 2127 Primus
2280 2087 2432 2138 vero,
2468 2073 2595 2143 quia
2636 2073 2747 2143 jam
2784 2075 3105 2145 perfectioni
3150 2080 3448 2150 appropin-

1877 2172 2030 2233 quat,
2090 2175 2146 2219 et
2194 2173 2436 2236 tempore
2486 2166 2648 2238 longo
2701 2168 3027 2224 obedientite
3080 2173 3446 2229 ostensionem

1876 2257 2147 2323 exhibuit,
2178 2259 2509 2315 voluntatem
2541 2262 2716 2316 Patris
2745 2263 3006 2325 sentiens.
3045 2263 3316 2321 benefacit
3339 2282 3448 2323 nou

1878 2342 2083 2400 faciens
2108 2361 2230 2416 quae
2268 2347 2420 2403 illum
2457 2350 2601 2405 nolle
2643 2352 2813 2407 novit.
2850 2351 2967 2408 Non
3003 2355 3149 2410 enim
3196 2358 3446 2423 ulterius,

1878 2438 2036 2508 quasi
2104 2455 2328 2507 servus,
2378 2443 2698 2499 rationalem
2752 2448 3069 2503 servitutem
3116 2449 3451 2509 oblationem

1878 2530 2087 2598 oll‘eret,
2120 2534 2212 2589 sed
2245 2535 2388 2592 filius
2415 2545 2468 2590 et
2516 2537 2748 2604 amicus,
2792 2540 3124 2597 voluntatem
3154 2546 3325 2615 patris
3366 2547 3451 2601 in-

1878 2622 2175 2693 vestigans,
2205 2624 2644 2695 beneplacentem
2666 2629 2997 2685 voluntatem
3028 2634 3287 2702 perficiet.
3318 2633 3449 2690 Pos-

1877 2715 2030 2770 sibile
2068 2733 2172 2771 non
2203 2728 2280 2772 est
2318 2730 2376 2772 ut
2407 2720 2674 2784 diabolus,
2707 2732 2811 2777 etc.
2847 2721 3127 2795 Indignum
3167 2736 3222 2780 et
3260 2728 3448 2781 incon-

1877 2805 2103 2858 veniens
2140 2813 2245 2870 est,
2289 2807 2381 2873 ait,
2414 2809 2559 2876 quod
2593 2809 2864 2875 diabolus,
2895 2827 3007 2865 sua:
3046 2814 3218 2881 ipsius
3254 2815 3450 2869 volun—

1880 2895 1973 2950 tati
2006 2897 2243 2954 resistat.
2278 2898 2371 2953 llle
2400 2898 2547 2954 enim
2596 2914 2814 2955 omnem
2854 2901 3129 2957 hominem
3170 2907 3447 2976 negligen-

1880 2998 1960 3043 ter
1990 2998 2046 3044 et
2074 2990 2265 3047 vitiose
2295 2993 2476 3047 vivere
2503 2993 2641 3055 vult,
2682 3004 2738 3047 et
2762 3009 2914 3049 suam
2944 2996 3299 3063 voluntatem,
3330 3014 3450 3053 ma-

1878 3085 1959 3152 gis
1991 3100 2153 3154 quam
2193 3084 2313 3149 Dei,
2355 3085 2615 3157 perficere
2650 3106 2664 3141 :
2695 3086 2753 3143 Si
2799 3098 2855 3144 et
2896 3104 3026 3159 ergo
3070 3091 3283 3161 aliquos
3312 3094 3450 3149 tales

194 3168 323 3221 liter
362 3165 416 3217 iu
458 3178 554 3233 spe
599 3170 654 3216 et
680 3161 895 3217 silentio
930 3159 1168 3229 seipsum
1204 3158 1508 3220 roborabit,
1547 3165 1767 3227 propter
1801 3209 1845 3267 c

1801 3209 1845 3267 ο
1883 3177 2168 3243 invenerit,
2203 3191 2312 3231 non
2361 3178 2577 3233 resistet
2607 3179 2709 3244 eis,
2741 3180 2895 3249 quia,
2940 3158 2984 3235 si
3026 3180 3105 3236 eis
3153 3158 3446 3250 resisteret,

195 3256 536 3327 patientiam,
569 3255 635 3309 ad
678 3252 1130 3324 perseverandum
1164 3250 1217 3303 in
1265 3249 1440 3305 stadio
1477 3264 1771 3304 conversa-

194 3349 364 3403 tionis
407 3346 722 3401 mouasticae
749 3363 762 3398 :
790 3354 844 3399 et
882 3344 1010 3398 licet
1037 3341 1271 3396 oll‘endat
1320 3351 1374 3396 et
1416 3349 1622 3410 peccet,
1674 3340 1777 3395 ite-

197 3455 322 3496 rum
373 3439 675 3510 pomitebit,
709 3447 765 3493 et
813 3452 844 3492 a
899 3431 1318 3491 necessitudinis
1363 3442 1565 3489 sanctae
1601 3433 1777 3488 stadio

194 3548 478 3602 nunquam
506 3530 740 3586 recedet.
791 3528 853 3585 Si
885 3544 1002 3584 vero
1025 3528 1264 3581 exierunt
1288 3525 1477 3596 aliqui.
1508 3524 1773 3590 Subaudi,

194 3644 226 3680 a
291 3631 648 3679 monumento
726 3620 1086 3693 professionis
1135 3618 1393 3688 angelicae
1449 3614 1563 3688 (17)
1616 3616 1774 3682 vitae,

191 3732 365 3788 Opere
410 3724 466 3770 et
498 3712 717 3776 affectu,
754 3710 1064 3767 obedientia
1110 3708 1333 3764 Patrum
1385 3705 1605 3774 rejecta.
1638 3702 1778 3758 Cou-

192 3809 399 3872 sidera,
422 3809 550 3879 quia
580 3805 873 3860 immortali
912 3812 1090 3858 morte
1127 3800 1325 3854 mortui
1364 3806 1508 3864 sunt,
1536 3804 1591 3851 et
1631 3810 1779 3865 sepa-

194 3898 305 3954 rati
334 3912 365 3951 a
406 3896 515 3950 Deo
541 3894 781 3957 fuerunt,
809 3892 955 3963 quod
994 3889 1145 3944 omni
1196 3897 1371 3942 movte
1394 3885 1665 3955 corporali
1693 3894 1777 3939 est

192 3990 461 4063 pejus,iu
491 3987 779 4041 infinitum.
815 3982 942 4038 Cum
967 3982 1224 4036 senserint
1255 3978 1556 4049 fragiliores
1587 3977 1778 4045 quippe

194 4101 262 4139 ac
292 4083 576 4153 segniores,
622 4079 826 4150 gravia,
861 4085 964 4132 etc.
998 4074 1229 4141 Quando
1275 4070 1441 4142 igitur
1472 4071 1539 4125 ad
1581 4084 1775 4139 opera-

194 4182 402 4236 tionem
448 4192 709 4231 manuum
741 4173 976 4237 accedis,
1024 4171 1184 4226 talem
1219 4170 1272 4224 in
1326 4168 1499 4238 teipso
1541 4164 1776 4221 reforma

193 4273 521 4345 cogitatum,
561 4270 655 4339 qui
689 4266 909 4323 Christo
955 4265 1234 4320 ministras
1278 4262 1370 4331 qui
1412 4269 1684 4330 praecepto
1724 4269 1778 4313 et

192 4365 453 4435 exemplo
480 4362 547 4419 ad
584 4377 749 4433 Opera
778 4365 977 4430 (usque
1009 4359 1076 4411 ad
1106 4354 1360 4424 mortem)
1405 4364 1457 4407 te
1492 4350 1774 4406 informat.

190 4460 467 4530 Operans,
516 4456 675 4511 lauda
709 4454 880 4509 Deum
930 4459 1083 4504 tuum
1131 4449 1334 4518 lingua,
1393 4455 1575 4499 mente
1624 4459 1778 4498 reco-

191 4559 332 4629 gita,
362 4552 659 4609 intentione
694 4548 964 4621 glorifica.
996 4545 1130 4599 Nam
1170 4543 1263 4614 qui
1323 4542 1375 4595 in
1402 4539 1685 4594 laboribus
1720 4547 1775 4593 et
1806 4567 1850 4621 ι)

192 4647 456 4719 operibus
508 4654 593 4699 est
639 4641 875 4697 infidelis
929 4648 985 4694 et
1031 4638 1217 4708 piger,
1267 4634 1322 4687 in
1373 4631 1619 4686 oratione
1665 4630 1772 4682 erit

194 4741 375 4794 multo
404 4735 576 4806 magis
598 4734 769 4804 piger,
801 4728 1037 4784 infidelis
1064 4738 1117 4781 et
1138 4723 1422 4780 remissus.
1451 4720 1592 4775 Sane
1644 4733 1771 4772 ora-

193 4833 278 4885 tio
305 4839 648 4898 nequaquam
676 4824 729 4877 in
764 4820 1009 4890 corporis
1041 4818 1224 4888 quiete
1263 4813 1546 4881 dirigetur,
1580 4810 1673 4865 sed
1713 4810 1768 4863 in
1858 4860 1861 4865 ,

191 4922 389 4977 labore
424 4928 480 4972 et
508 4927 652 4971 actu.
693 4916 863 4968 Amor
892 4912 1110 4981 quietis.
1143 4905 1421 4961 Orationis
1468 4909 1552 4957 est
1591 4909 1773 4955 exter-

194 5012 453 5077 minium,
480 5022 534 5064 et
562 5005 974 5062 diminutionem
1006 5001 1268 5054 virtutum
1308 4994 1586 5066 praedicat,
1618 5008 1774 5046 man-

187 5106 327 5159 data
366 5100 655 5171 negligere.
704 5095 864 5157 Hinc,
893 5092 1053 5147 Pater
1105 5088 1341 5145 ostendit
1382 5087 1523 5157 quod
1556 5085 1649 5154 qui
1680 5085 1779 5137 oh-

190 5190 450 5260 sequium
511 5183 928 5242 ministrationis
987 5181 1064 5253 (id
1110 5187 1233 5242 est,
1275 5176 1610 5248 operationis
1661 5189 1779 5228 ma-

192 5288 398 5353 nuum)
433 5283 728 5351 inemptum
764 5276 897 5331 illud
939 5284 997 5329 ut
1027 5273 1247 5327 fratrem
1289 5270 1509 5339 adjuvet
1535 5276 1589 5322 et
1620 5268 1776 5337 quie-

189 5384 301 5440 tet,
331 5390 363 5429 a
393 5372 560 5427 fratre
604 5377 847 5441 rogatus,
879 5364 1232 5433 derelinquit.
1284 5361 1461 5430 Opera
1514 5372 1778 5412 manuum

193 5468 324 5523 vult
349 5477 405 5521 et
449 5464 694 5534 intelligit
731 5476 853 5517 esse
884 5458 1124 5514 coelestia
1155 5464 1210 5509 et
1256 5468 1365 5507 nou
1394 5462 1609 5506 terrena
1645 5466 1660 5501 :
1694 5447 1776 5500 id—

190 5562 375 5625 circo,
426 5572 536 5612 non
576 5553 815 5622 prepria,
864 5550 958 5605 sed
1009 5545 1320 5603 communia
1372 5542 1438 5596 ad
1487 5540 1774 5594 utilitatem

191 5652 566 5724 indigentium
601 5648 715 5702 vult
748 5660 891 5700 esse.
919 5640 1133 5711 Reliqui
1179 5652 1327 5701 vero,
1362 5651 1468 5690 non
1500 5649 1566 5691 ex
1594 5630 1777 5689 chari-

269 5811 387 5885 (17)
423 5810 508 5867 ΔΙ.
543 5805 858 5877 apostolica.

533 5907 799 5968 ΡΑτιιοι.
854 5900 968 5963 (in.
1042 5892 1449 5958 LXXXVIII.

1882 3285 1995 3325 suae
2042 3270 2214 3338 ipsius
2232 3270 2496 3326 voluntati
2541 3274 2767 3327 omnino
2810 3274 3110 3329 resisteret.
3151 3273 3303 3340 Quod
3344 3293 3449 3330 nou

1869 3363 2155 3433 judicandi
2178 3381 2359 3427 causa,
2387 3374 2492 3420 etc.
2521 3363 2640 3420 Non
2661 3381 2722 3420 ex
2750 3366 3083 3435 suspicione,
3112 3368 3209 3433 ait,
3237 3368 3447 3437 judico,

1879 3457 1984 3513 hoc
2038 3457 2261 3521 dicens,
2320 3457 2416 3513 sed
2461 3456 2729 3513 efﬁcacem
2783 3470 2990 3513 motum
3044 3460 3275 3515 ostendo
3329 3463 3450 3516 vitii

1880 3550 2226 3620 praeceptoris
2263 3551 2504 3618 nomine,
2538 3550 2631 3605 sed
2655 3567 2762 3607 non
2793 3568 2870 3616 re,
2901 3563 2956 3607 et
2994 3553 3303 3622 passionem
3331 3570 3452 3609 ma-

1880 3642 2074 3697 nifeste
2098 3644 2332 3698 ostendo
2369 3643 2587 3712 juvenis
2615 3645 3125 3714 superascendentis
3170 3646 3449 3701 seniorum

1877 3744 1931 3789 et
1954 3735 2220 3802 majorum
2242 3734 2488 3791 virtutes.
2522 3735 2591 3789 At
2621 3753 2742 3789 cum
2786 3736 2960 3803 illum,
2999 3753 3031 3790 a
3068 3752 3188 3807 rege
3216 3737 3452 3807 sigillum

1877 3829 2157 3897 accepisse,
2208 3840 2315 3883 etc.
2375 3829 2726 3900 Signaculum
2783 3830 2929 3893 fidei,
2980 3840 3066 3885 est
3119 3831 3447 3898 baptismus.

1881 3920 2044 3991 Signa
2086 3921 2293 3977 militiae
2348 3922 2674 3994 spiritualis,
2720 3933 2851 3978 sunt
2896 3925 3217 3994 poenitentia
3270 3934 3325 3978 et
3366 3927 3450 3980 la-

1878 4032 2074 4087 cryma‘.
2094 4032 2217 4087 qua:
2246 4019 2389 4073 hunc
2415 4030 2741 4089 repurgant;
2766 4027 2981 4074 scutum
3006 4036 3135 4073 vero
3159 4030 3242 4075 est
3261 4021 3452 4075 mundi

1879 4109 2026 4181 fuga,
2068 4112 2257 4166 odium
2305 4112 2484 4168 omnis
2539 4111 2914 4167 delectationis
2962 4113 3087 4167 vitae
3131 4114 3447 4182 praesentis;

1879 4201 2091 4270 gladius
2124 4209 2209 4255 est
2238 4201 2371 4257 fides
2400 4202 2465 4255 ad
2495 4210 2798 4270 pastorem;
2830 4202 2979 4256 ensis
3012 4203 3297 4273 abnegatio
3323 4217 3453 4273 pro-

1879 4293 2010 4363 priae
2050 4294 2380 4359 voluntatis;
2434 4310 2596 4349 arens
2644 4295 2821 4348 oratio
2844 4309 2938 4363 per
2971 4310 3134 4363 quam
3174 4296 3450 4349 daemones

1880 4387 2242 4457 sagittantur;
2294 4387 2529 4440 militare
2575 4386 2990 4453 vestimentum,
3036 4387 3351 4453 humilitas,
3398 4398 3455 4442 el.

1879 4481 2139 4533 virtutum
2170 4494 2292 4548 qua:
2328 4496 2391 4533 ex
2420 4494 2481 4533 ea
2518 4489 2668 4541 sunt,
2696 4478 2949 4533 amictus.

1877 4690 1944 4744 de
1983 4690 2134 4742 nullo
2184 4701 2399 4743 terreno
2445 4699 2625 4752 curat,
2674 4689 2769 4743 sed
2819 4704 2919 4757 pro
2964 4702 3024 4742 se
3070 4688 3173 4743 sibi
3218 4687 3450 4743 sollicita

1879 4781 2153 4850 quomodo
2196 4781 2300 4835 sibi
2340 4780 2505 4834 Deum
2548 4778 2885 4843 reconciliet,
2922 4788 2976 4833 et
3008 4780 3237 4834 salutem
3272 4780 3452 4849 perdi-

1880 4887 1988 4931 tam
2018 4889 2114 4943 per
2139 4885 2421 4943 peccatum
2470 4872 2731 4933 inveniat,
2772 4872 3088 4940 paenitendo
3128 4879 3182 4925 et
3218 4871 3452 4941 lugendo

1880 4966 2102 5022 festinat
2141 4975 2197 5020 et.
2228 4981 2326 5035 pro
2363 4980 2422 5019 se
2463 4964 2777 5034 dijudicata,
2812 4964 2891 5029 fit,
2937 4963 3066 5033 quia
3115 4962 3297 5017 omnia
3330 4979 3452 5032 qua:

1877 5067 2003 5116 sunt
2056 5059 2267 5120 mundi,
2313 5065 2367 5113 et
2406 5058 2646 5125 seipsum
2696 5054 2974 5125 puniendo
3016 5053 3317 5109 contemnit
3360 5054 3453 5123 qui

1876 5165 1957 5209 est
1986 5152 2278 5222 paenitens,
2322 5161 2376 5205 et
2406 5150 2693 5219 vigilanter
2721 5148 2790 5203 ab
2829 5148 2975 5202 omni
3002 5146 3210 5216 judicio
3233 5146 3453 5213 elonga-

1878 5260 1985 5311 tus,
2030 5263 2097 5302 ex
2133 5263 2260 5302 vera
2299 5247 2609 5317 cognitione
2634 5246 2719 5301 sui
2753 5245 2944 5315 ipsius,
2975 5252 3217 5298 extremo
3242 5240 3454 5310 judicio

1877 5360 1935 5400 se
1960 5342 2183 5411 dignum
2220 5340 2412 5395 cernit.
2440 5338 2542 5392 Per
2577 5354 2635 5393 se
2673 5338 2835 5407 igitur
2864 5334 3123 5406 cogitatio
3153 5332 3452 5402 diiudicata

1879 5443 1981 5497 est,
2017 5431 2170 5501 quia,
2198 5429 2383 5496 aliquo
2423 5427 2531 5481 alio
2567 5427 2634 5481 ad
2668 5425 3112 5496 dijudicationem
3149 5436 3258 5477 non
3288 5428 3451 5491 eget:

1881 5529 1975 5584 sed
2008 5529 2100 5598 qui
2142 5539 2224 5584 est
2252 5527 2544 5598 paenitens,
2576 5526 2690 5595 ipse
2730 5524 2814 5578 sui
2844 5523 3019 5593 ipsius
3044 5521 3210 5591 judex
3237 5529 3291 5574 et
3333 5518 3455 5573 vin-

1882 5627 1982 5681 dex
2028 5633 2126 5679 est.
2184 5624 2473 5692 Antequam
2514 5634 2847 5685 corruamus,
2883 5628 2989 5673 etc.
3031 5612 3356 5671 Delectabile
3398 5622 3455 5667 et

3090 5864 3164 5926 39
