4222 6448
783 430 920 496 122⁵1

1938 431 1998 490 S.
2037 429 2352 492 IUANNIS
2389 428 2901 489 RAITHUENSIS

3875 425 3995 490 138

783 542 942 599 dulce
966 540 1123 597 nobis
1152 540 1406 610 proponit
1431 537 1661 594 dasmoni
1696 538 1957 604 exterius,
1986 548 2047 594 ut
2071 541 2253 595 trahat
2277 538 2343 593 ad
2371 543 2415 598 Α
2445 552 2568 591 vera
2604 537 2899 604 confessio,
2939 552 3035 607 per
3058 537 3296 591 divinam
3328 539 3608 592 scientiam
3656 554 3914 595 excessus
3947 542 3993 595 in

784 634 1138 704 peccandum,
1171 630 1375 702 peccati
1410 640 1616 686 reatum
1647 630 1760 685 fere
1806 630 1940 685 nihil
1982 646 2106 687 esse
2150 646 2345 702 suppo-

785 742 943 790 uens,
997 726 1274 794 Deumque
1313 724 1603 794 benignum
1655 731 1710 777 et
1765 722 2168 778 misericordem
2226 737 2344 777 esse

785 818 1045 889 suggerit,
1074 825 1130 871 et
1160 817 1375 871 asserit.
1410 815 1464 868 In
1500 816 1601 869 hoc
1627 821 1713 871 est
1748 830 1876 869 vcre
1914 814 2189 878 inimicus,
2214 814 2341 884 quia

786 908 1140 971 intrinsecus,
1164 906 1310 977 quod
1348 906 1553 959 malum
1582 914 1688 971 est,
1717 918 1773 960 et
1805 920 2052 959 amarum
2090 906 2344 973 (mortem

786 998 994 1052 scilicet
1016 998 1264 1066 corporis
1292 1004 1349 1051 et
1378 996 1597 1065 animae)
1626 996 2000 1051 fraudulentus
2022 995 2343 1051 abscondit:

784 1102 949 1159 quam
979 1095 1100 1157 post
1126 1086 1358 1155 lapsum,
1397 1095 1458 1138 ut
1485 1086 1772 1154 desperare
1809 1098 1911 1139 nos
1938 1084 2124 1147 faciat,
2155 1084 2348 1138 adver-

784 1194 883 1235 sus
927 1192 1030 1232 nos
1080 1176 1389 1231 insultando
1422 1178 1736 1245 proclamat,
1782 1176 1926 1230 ultor
1974 1174 2218 1239 eﬂ‘ectus,
2251 1174 2344 1244 qui

784 1268 959 1325 fuerat
974 1270 1096 1336 (nos
1108 1267 1439 1335 seduccndo)
1455 1266 1747 1336 proditorie
1762 1267 2034 1322 inimicus.
2052 1266 2201 1334 Stepe
2209 1266 2345 1320 enim

783 1377 947 1429 parua
985 1375 1227 1422 mu'tera,
1264 1367 1368 1412 etc.
1412 1358 1615 1413 Nolunt
1644 1358 1919 1412 da'mones
1956 1357 2103 1421 quod
2146 1356 2348 1411 intelli-

784 1466 999 1522 gair'us,
1031 1465 1193 1519 (nam
1241 1464 1485 1503 amarum
1526 1460 1612 1503 est
1641 1463 1869 1518 peccare
1886 1460 1942 1503 et
1973 1447 2140 1502 Deum
2172 1447 2347 1502 oﬁ‘en-

783 1544 931 1599 dere.
984 1542 1187 1596 Idcirco
1237 1555 1361 1596 cum
1395 1555 1495 1596 nos
1531 1542 1765 1596 viderint
1799 1540 2237 1611 appropinquare
2278 1538 2346 1594 ad

785 1636 1073 1707 aliqualem
1100 1649 1322 1689 sensum
1356 1634 1581 1689 Inﬁnita;
1607 1633 1987 1688 amaritudinis
2011 1632 2345 1694 abscondite,

786 1727 840 1780 in
875 1724 1109 1794 peccatis
1137 1725 1346 1779 nostris
1371 1733 1499 1779 tunc
1528 1726 1733 1779 instant
1759 1734 1813 1779 et
1837 1723 2063 1777 dicunt:
2097 1722 2235 1788 Quid
2269 1731 2348 1776 te-

778 1820 964 1888 ipsurwr
1001 1817 1242 1872 conteris
1270 1825 1326 1872 et
1372 1816 1664 1886 desperas?
1696 1831 1870 1886 neque
1914 1816 2054 1869 enim
2096 1815 2221 1877 tale,
2262 1814 2345 1869 vel

784 1911 893 1965 tale
920 1918 1198 1979 peccatum
1236 1909 1315 1963 (ut
1346 1908 1434 1962 alii
1466 1908 1704 1977 plurimi)
1734 1906 2076 1978 perpetrasti.
2101 1904 2347 1961 Oderunt

786 2016 1025 2071 namque
1067 2002 1340 2056 daemones
1384 2000 1633 2071 spiritum
1684 2000 2049 2067 contritionis,
2103 2011 2157 2055 et
2197 1999 2347 2054 falsae

785 2092 899 2165 spei
945 2092 1202 2161 gaudium
1251 2092 1305 2145 in
1352 2092 1510 2146 nobis
1552 2091 1823 2146 seminare
1871 2091 2236 2155 contendunt,
2288 2098 2349 2144 ut

784 2186 940 2241 aliter
982 2184 1037 2239 in
1082 2186 1240 2239 nobis
1290 2185 1538 2251 spiritum
1588 2184 1934 2239 contritionis
1976 2184 2341 2254 exstinguant.

785 2276 869 2333 Tu
907 2292 1035 2332 vero
1070 2292 1177 2331 non
1216 2277 1436 2332 obedias
1480 2278 1561 2331 eis
1587 2294 1601 2332 :
1630 2277 1781 2346 quia,
1831 2278 1974 2332 sicut
2003 2291 2165 2346 parva
2204 2278 2347 2331 dona

774 2369 1018 2424 furorem
1046 2368 1247 2436 judicis
1275 2366 1586 2439 frequenter
1625 2368 1893 2439 mitigant,
1921 2371 1993 2424 ita
2031 2368 2349 2439 plerumque

784 2477 907 2531 quzr
933 2475 965 2515 a
1008 2459 1165 2515 nobis
1196 2469 1517 2530 reputantur
1549 2475 1713 2531 parva
1742 2460 1939 2516 delicta
1973 2461 2119 2529 (eum
2146 2460 2349 2517 fuerint

786 2552 987 2623 saepius
1012 2551 1228 2622 iterata)
1255 2552 1417 2608 simul
1454 2562 1761 2623 .iggregata,
1786 2552 2063 2609 Christum
2101 2563 2347 2609 nostrum

787 2644 1234 2715 benignissimum
1266 2644 1527 2714 iudicem,
1549 2644 1695 2714 juste
1735 2652 1927 2700 contra
1966 2661 2067 2701 nos
2112 2646 2167 2700 in
2202 2645 2351 2700 furo-

785 2752 900 2791 rem
950 2751 1171 2808 surgere
1220 2737 1443 2791 faciunt.
1502 2735 1745 2808 Moyses,
1796 2754 1914 2791 cum
1972 2736 2135 2792 Deum
2186 2738 2350 2793 vidis—

791 2838 885 2893 set,
929 2841 1035 2884 etc.
1091 2826 1316 2896 Signum
1358 2829 1792 2885 conversationis
1840 2829 2089 2899 perfectae
2137 2840 2192 2885 et
2243 2833 2352 2886 vir-

791 2934 974 2976 tuosa‘.
1020 2931 1105 2976 est
1135 2920 1316 2974 videre
1346 2921 1523 2988 ignem
1551 2936 1604 2974 tn
1646 2921 1782 2975 rubo
1806 2922 1885 2988 ¹¹¹;
1921 2931 2003 2977 est
2026 2922 2172 2977 enim
2197 2922 2350 2978 inac—

786 3011 1055 3067 cessibilis
1080 3011 1284 3065 multis.
1312 3009 1418 3065 Sed
1453 3020 1581 3066 tunc
1603 3012 1758 3065 ardet
1783 3011 1924 3080 ignis
1956 3012 2010 3066 in
2039 3012 2198 3074 rubo,
2226 3027 2351 3068 cum

789 3104 1110 3158 mortiﬁcata
1152 3116 1284 3157 caro
1329 3104 1533 3173 pariter
1577 3112 1628 3157 et
1667 3103 1939 3167 voluntas,
1979 3119 2041 3159 ea
2068 3119 2190 3174 qua
2226 3114 2354 3159 sunt

2449 630 2642 695 Deum;
2674 645 2739 684 ex
2766 645 2877 699 quo
2900 629 3102 683 oblivio
3133 630 3363 700 propria:
3397 639 3607 685 natura:
3636 631 3696 685 ﬁt
3734 631 3789 686 in
3816 647 3884 686 eo
3909 635 3993 701 qui

2445 723 2744 778 secundum
2775 722 3097 792 Prophetam
3118 720 3185 785 ",
3225 723 3565 778 obliviscitur
3592 723 3880 779 comedere
3914 739 3995 794 pa-

2447 825 2569 865 nem
2594 826 2777 869 suum.
2814 814 2911 870 Sta
2940 816 2996 868 in
3031 815 3284 869 orationis
3304 831 3473 885 prece,
3501 825 3607 869 etc.
3640 814 3995 880 Quemadmo-

2446 902 2572 956 dum
2590 901 2733 957 fcrro
2748 904 2942 973 ligatus
2959 923 3179 963 currere
3201 923 3306 962 non
3324 908 3485 972 valet,
3503 908 3576 962 ita
3591 918 3645 961 et
3665 923 3841 973 mens,
3864 907 4000 963 vitiis

2448 997 2714 1060 serviens,
2740 996 3006 1050 orationis
3040 1000 3340 1065 spiritualis
3368 1000 3547 1055 locum
3568 1000 3754 1056 videre
3776 1015 3884 1054 non
3915 1016 4002 1071 po-

2448 1095 2578 1141 test.
2603 1086 2735 1140 Nam
2765 1087 2859 1157 qui
2880 1102 3005 1142 cum
3020 1088 3166 1142 vitiis
3195 1093 3492 1147 orationem
3513 1092 3737 1162 exsequi
3757 1101 4000 1154 conatur,

2448 1194 2477 1230 a
2502 1178 2715 1233 vitiosis
2731 1178 3156 1247 cogitationibus
3174 1190 3228 1234 ct
3242 1179 3627 1239 seducentibus
3649 1183 4004 1239 intellectibus

2446 1270 2772 1336 captivatur.
2814 1268 3076 1340 Legitime
3105 1286 3236 1341 ergo
3270 1287 3453 1343 pugna
3495 1282 3684 1331 contra
3716 1276 4003 1329 immundi-

2427 1361 2556 1416 'tias
2576 1403 2593 1427 ,
2624 1372 2682 1415 ut
2708 1377 2804 1433 per
2825 1362 3168 1430 munditiam,
3189 1365 3489 1419 orationem
3516 1365 3780 1421 invenias.
3807 1366 3875 1422 Et
3911 1368 4007 1422 hoc

2448 1455 2626 1510 scribe
2659 1456 2714 1509 in
2748 1457 2912 1512 corde
2932 1466 3049 1521 tuo,
3083 1458 3341 1528 quoniam
3380 1474 3535 1514 amor
3562 1459 3936 1515 delectationis
3959 1472 4008 1515 et

2449 1547 2654 1616 requiei
2707 1557 2792 1603 est
2836 1564 3002 1604 causa
3057 1550 3417 1619 separationis
3466 1567 3499 1606 a
3532 1550 3661 1608 Deo.
3727 1551 3839 1607 Cor
3871 1553 4007 1607 enim

2448 1634 2592 1703 quod
2633 1635 2733 1689 ista
2768 1645 2933 1700 amat,
2963 1646 3045 1690 cst
3072 1646 3336 1692 creatum
3366 1638 3765 1709 sterquilinium
3802 1648 3860 1694 et
3894 1655 4013 1694 sen-

2449 1724 2581 1777 tioa.
2622 1721 2756 1777 Nam
2801 1724 3108 1780 amaritudo
3132 1739 3254 1792 qua
3274 1726 3593 1782 abscondita
3620 1738 3704 1781 est
3733 1728 3787 1781 in
3811 1729 4014 1784 eisdem

2448 1811 2893 1869 delectationibus
2940 1826 2993 1869 ct
3048 1817 3264 1885 quiete,
3322 1818 3377 1871 in
3431 1827 3673 1888 tempore
3712 1819 3894 1874 exitus
3934 1822 4017 1874 in—

2448 1901 2648 1957 utiliter
2669 1905 2950 1959 sentictur.
2990 1904 3098 1959 Cor
3125 1921 3255 1961 vero
3288 1907 3519 1979 diligens
3552 1908 3793 1975 labores,
3823 1922 4018 1965 contu-

2446 1993 2657 2058 melias,
2677 2004 2732 2048 et
2759 1996 2994 2061 dolores,
3025 2006 3178 2066 porta
3207 2005 3390 2065 aperta
3419 2008 3523 2063 est,
3551 2015 3660 2069 qua
3691 2000 3747 2054 in
3777 2010 4017 2070 tempore

2444 2086 2622 2140 exitus
2646 2100 2845 2155 pascua
2877 2087 3132 2143 inveniet.
3183 2086 3333 2143 Sicut
3359 2102 3628 2157 creatura,
3668 2101 3776 2148 etc.
3828 2090 3935 2147 Per
3958 2109 4016 2147 se

2445 2185 2662 2242 motus,
2714 2185 2770 2231 et
2817 2191 3030 2246 semper
3080 2187 3261 2233 motus
3299 2188 3382 2235 est
3428 2181 3610 2235 divina
3655 2182 4015 2251 providentia,

2448 2266 2698 2321 alteratio
2741 2276 2952 2333 motus,
2992 2277 3046 2322 et
3098 2267 3327 2325 faciliter
3352 2281 3530 2328 motus
3555 2282 3640 2329 est
3680 2274 3938 2329 alteratio
3966 2287 4020 2330 et

2450 2368 2629 2411 motus
2654 2366 2934 2423 creaturae,
2959 2357 3053 2427 qui
3079 2372 3188 2413 non
3220 2375 3433 2429 semper
3455 2370 3540 2417 est
3563 2373 3769 2417 motus.
3811 2363 4019 2419 Dicitur

2447 2458 2627 2503 autem
2655 2449 3003 2520 compunctio
3041 2449 3221 2506 cordis
3249 2467 3315 2505 ex
3345 2451 3439 2506 Dei
3468 2458 3640 2523 gratia
3666 2458 4017 2524 provenieus,

2450 2542 2697 2597 alteratio
2730 2553 2935 2608 motus,
2978 2543 3044 2597 ad
3092 2544 3447 2600 diﬁ‘erentiam
3484 2551 3930 2618 compunctionis
3953 2568 4016 2605 ex

2450 2633 2631 2689 studio
2665 2633 2903 2689 humano
2934 2634 3292 2702 advenientis,
3323 2652 3444 2707 quae
3473 2648 3557 2693 est
3600 2654 3695 2708 per
3727 2656 3791 2697 se
3818 2651 4020 2699 motus.

2452 2723 2753 2779 "lustratio
2777 2725 2890 2794 (l8)
2922 2726 3208 2795 ineﬂ'abiiis
3234 2736 3313 2781 est
3366 2728 3610 2798 qua-dam
3636 2731 3895 2799 eﬁcacia,
3916 2742 4020 2789 etc.

2451 2811 2570 2868 Non
2613 2827 2709 2883 per
2745 2816 2953 2869 luctum
2998 2823 3240 2880 tantum,
3285 2816 3380 2871 sed
3426 2818 3743 2887 patientiam
3793 2822 4024 2877 tribula-

2454 2905 2664 2959 tionum
2687 2914 2743 2960 ct
2769 2905 3128 2961 tentationum
3160 2906 3420 2977 probatur
3440 2924 3633 2966 servus
3663 2911 3755 2967 Dei
3786 2930 3803 2968 :
3843 2922 4027 2985 et-pcr

2451 3011 2641 3051 veram
2676 2996 3151 3053 mortiﬁcationem
3186 3000 3431 3054 omnium
3472 3016 3729 3057 sensuum
3779 3019 3969 3075 cor-pot
3984 3008 4029 3059 is

2452 3098 2509 3143 et
2534 3087 2752 3155 animae,
2787 3089 3080 3145 mundatur
3100 3089 3170 3145 ab
3201 3089 3613 3161 inquinamento
3633 3094 3903 3151 vitiorum
3928 3115 3943 3151 :
3977 3110 4029 3151 ct

784 3197 1030 3264 spiritus,
1073 3194 1314 3248 sentiunt
1355 3202 1409 3249 et
1449 3193 1700 3266 diligunt.
1743 3193 1849 3250 Sed
1894 3195 2212 3266 plerumque
2246 3197 2348 3250 htt-
2375 3206 2418 3263 (ι

2375 3206 2418 3263 c
2454 3190 2550 3245 per
2576 3175 3081 3245 contemplationem
3121 3184 3177 3231 et
3222 3178 3619 3247 susceptionem
3660 3181 3903 3238 altarum
3933 3184 4028 3240 Dei

786 3302 948 3341 mana
978 3285 1242 3356 bagilitas
1270 3284 1568 3355 prolabitur
1601 3286 1670 3342 ab
1708 3286 1994 3343 altitudine
2025 3288 2271 3357 spiritus,
2299 3296 2355 3343 et

786 3380 1098 3434 succumbit
1139 3379 1190 3431 in
1225 3376 1445 3446 pugnis.
1473 3375 1576 3433 Sed
1619 3378 1856 3447 nunquid
1881 3379 1974 3449 qui
2016 3380 2216 3433 corruit
2250 3395 2355 3433 non

787 3468 1044 3538 adjiciet.’
1074 3466 1201 3533 Sed,
1245 3476 1307 3522 ut
1335 3467 1499 3522 David
1543 3477 1599 3522 et
1640 3466 1859 3535 Petrus,
1888 3477 2116 3524 conetur
2143 3478 2204 3523 ut
2244 3484 2353 3524 non

788 3561 965 3615 solum
1017 3567 1284 3626 resurgat,
1338 3558 1433 3613 sed
1479 3558 1671 3613 altiora
1711 3559 2061 3615 conscendat.
2107 3558 2355 3615 Ostendit

789 3650 963 3719 igitur
994 3647 1178 3713 Pater,
1216 3649 1467 3719 exemplo
1507 3648 1677 3720 Moysi
1712 3658 1769 3704 et
1789 3648 1888 3704 Job
1932 3665 2057 3706 esse
2099 3651 2354 3719 possibile

789 3746 915 3808 post
955 3738 1198 3807 lapsum,
1264 3737 1428 3791 etiam
1480 3737 1547 3791 ad
1592 3737 2079 3807 impassibilitatem
2140 3740 2352 3804 redire,

777 3830 947 3898 cujus
980 3830 1097 3898 spei
1134 3828 1409 3893 ﬁduciam,
1445 3828 1695 3884 diabolus
1736 3844 1832 3899 per
1877 3829 2263 3900 negligentiam
2300 3839 2355 3886 et

785 3921 956 3973 otium
1011 3917 1343 3986 colapbizat,
1394 3917 1525 3971 dum
1574 3918 1629 3971 in
1670 3918 1827 3972 nobis
1863 3933 2026 3986 opera
2073 3919 2190 3987 (per
2234 3934 2356 3989 quae

787 4005 1198 4073 impassibilitas
1220 4003 1545 4075 percipitur)
1561 4006 1857 4074 cxplantat.
1886 4008 2130 4073 Attende,
2156 4022 2352 4075 quaeso,

786 4096 1115 4167 diligentius,
1137 4105 1269 4159 etc.,
1310 4096 1520 4152 scilicet
1566 4098 1741 4153 oculis
1790 4099 1987 4153 mentis
2018 4111 2073 4153 et
2108 4100 2352 4169 spiritus,

789 4191 915 4260 quia
956 4188 1195 4244 sensuali
1237 4188 1597 4244 delectatione
1642 4190 1852 4245 seducti
1894 4191 2220 4254 erravimus,
2258 4194 2353 4247 sed

786 4278 875 4333 via
907 4276 1140 4333 breviori
1186 4291 1286 4332 nos
1330 4278 1529 4331 reverti
1569 4287 1815 4347 oportet:
1848 4280 2096 4335 videlicet
2125 4295 2218 4350 per
2251 4282 2353 4334 hu-

790 4370 918 4423 mile
946 4383 1160 4439 sapere,
1194 4376 1250 4422 et
1280 4382 1374 4438 per
1423 4368 1625 4423 humile
1667 4371 1912 4436 verbum,
1952 4380 2008 4424 et
2034 4385 2132 4424 cor
2155 4371 2359 4425 contri-

791 4473 928 4526 tum,
956 4469 1013 4515 et
1046 4461 1315 4515 sinceram
1356 4460 1757 4517 confessionem
1798 4471 1853 4516 et
1895 4464 2179 4531 integram.
2210 4460 2355 4530 Quo-

2455 3265 2910 3321 illuminationnm
2932 3309 2946 3332 ,
2989 3266 3262 3337 perfectus
3292 3267 3540 3324 edicitur.
3583 3269 3858 3327 Dominus
3883 3276 4032 3331 enim

2453 3373 2518 3413 ea:
2543 3357 2677 3413 Sina
2713 3359 2857 3435 venit.
2880 3375 2899 3412 :
2945 3359 2998 3413 id
3027 3369 3148 3426 est,
3184 3375 3252 3415 ex
3282 3361 3674 3416 tentationibus
3706 3375 3765 3418 et
3797 3366 4032 3421 tribula-

2454 3451 2730 3517 tionibus;
2770 3462 2820 3505 et
2847 3451 3026 3506 illuxit
3057 3452 3206 3506 nobis
3229 3467 3295 3506 ea:
3319 3452 3456 3518 Seir,
3501 3453 3605 3509 hoc
3625 3464 3729 3519 est,
3765 3471 4033 3528 earpora~

2453 3542 2595 3598 libus
2624 3542 2903 3597 laboribus
2934 3551 2991 3597 et
3019 3542 3305 3598 doloribus
3330 3561 3347 3610 ;
3378 3555 3428 3598 et
3462 3546 3711 3613 requievit
3757 3563 3828 3601 es
3858 3561 4035 3604 monte

2454 3632 2673 3687 Pharon
2696 3649 2816 3687 cum
2840 3633 3075 3688 millibus
3124 3633 3317 3701 Gades,
3356 3636 3410 3690 id
3439 3646 3544 3699 est,
3567 3653 3635 3691 ex
3661 3649 3853 3694 monte
3887 3642 4033 3703 ﬁdei,

2452 3737 2578 3777 cum
2604 3722 2834 3776 inﬁnitis
2853 3734 3169 3777 sanctorum
3190 3722 3453 3779 scientiis.
3489 3720 3624 3777 Sunt
3649 3727 3902 3781 materiae
3921 3743 4038 3796 qua

2453 3817 2624 3883 fontes
2653 3825 2883 3879 nostros,
2917 3824 3024 3871 etc.
3082 3814 3236 3870 Sicut
3271 3816 3500 3881 deliciae,
3550 3818 3709 3886 gulae,
3749 3835 4037 3878 comessa-

2455 3908 2654 3972 tiones,
2676 3907 2865 3962 vinum
2886 3947 2902 3972 ,
2949 3906 3230 3971 mulieres,
3255 3907 3573 3963 deliciarum
3603 3925 3760 3976 usus,
3788 3924 3849 3967 et
3879 3928 4038 3969 amor

2453 3998 2634 4052 omnis
2669 3997 3041 4052 scnsualitatis
3068 4007 3124 4052 et
3153 3997 3512 4063 carnalitatis,
3539 4014 3663 4068 qua:
3692 4002 3892 4058 omnia
3929 4018 4037 4059 non

2457 4088 2633 4142 solum
2664 4088 2875 4144 siccant
2906 4088 3197 4158 lacrymas,
3219 4089 3315 4144 sed
3342 4091 3706 4145 exterminant
3742 4107 3916 4150 omne
3948 4097 4039 4151 bo-

2457 4196 2609 4236 num.
2634 4179 2781 4252 Fuge
2836 4182 3016 4252 igitur,
3064 4181 3212 4252 fuge,
3238 4182 3331 4252 qui
3362 4182 3650 4253 religiosus
3669 4199 3753 4246 es.
3783 4186 4038 4253 delicias,

2456 4272 2665 4338 vinum,
2691 4283 2745 4327 et
2768 4273 3042 4337 mulieres,
3069 4288 3192 4343 quae
3225 4274 3320 4328 tibi
3360 4283 3491 4328 sunt
3519 4289 3685 4329 causa
3717 4280 3966 4344 peccati,
3990 4288 4041 4333 et

2458 4374 2764 4432 apostatare
2795 4363 3001 4433 faciunt
3024 4364 3286 4434 sapientes
3315 4365 3379 4417 ".
3429 4362 3566 4419 Nam
3593 4375 3650 4420 et
3691 4366 3891 4435 justus
3919 4367 4039 4431 Lot,

2458 4457 2593 4522 Noe,
2616 4457 2785 4513 David
2809 4497 2826 4524 ,
2853 4468 2908 4515 et
2940 4457 3195 4514 Salomon
3215 4498 3232 4524 ,
3259 4474 3354 4529 per
3385 4459 3489 4515 ista
3512 4462 3864 4530 praevaricati
3890 4474 4037 4519 sunt.

790 4555 934 4609 niam
968 4554 1022 4607 in
1078 4552 1315 4607 humidis
1347 4553 1527 4624 lignis,
1580 4552 1868 4608 diﬁiciliter
1912 4553 2054 4624 ignis
2098 4553 2352 4609 accendi-
2386 4557 2430 4612 D
2460 4550 2600 4604 Sunt
2621 4558 2676 4605 et
2702 4550 2823 4604 alia:
2848 4550 3108 4614 materiae,
3137 4551 3282 4605 sicut
3304 4566 3460 4612 amor
3487 4551 3831 4621 principatus
3851 4565 3913 4609 ct
3943 4554 4042 4609 ho-

790 4656 900 4701 tur.
934 4645 1156 4700 Penitus
1204 4644 1257 4699 in
1304 4644 1469 4700 corde
1523 4655 1739 4700 amante
1771 4646 2006 4715 quietem
2039 4655 2096 4701 et
2130 4646 2358 4703 delecta-

790 4738 989 4802 tiones,
1039 4737 1182 4806 ignis
1219 4736 1444 4805 spiritus
1484 4751 1591 4790 non
1636 4738 1892 4804 ardebit,
1940 4737 2034 4792 sed
2074 4737 2130 4792 in
2175 4737 2356 4793 anima

787 4826 1019 4881 contrita
1043 4835 1098 4880 et
1133 4825 1440 4892 humiliata,
1466 4841 1585 4896 quae
1615 4826 1829 4881 labores
1859 4836 1911 4882 et
1940 4827 2163 4884 delicias
2184 4837 2356 4899 putat.

790 4917 983 4972 Luctus
1008 4928 1085 4971 est
1136 4918 1384 4972 stimulus
1422 4919 1607 4983 animi,
1654 4935 1866 4974 aureus.
1922 4919 2036 4975 lloc
2066 4920 2261 4975 dit-itur
2291 4920 2358 4975 ad

789 5007 1149 5062 dilicrcntiam
1171 5008 1375 5063 stimuli
1415 5008 1578 5063 ferrei
1606 5009 1702 5078 qui
1734 5011 1923 5078 pungit
1956 5020 2167 5064 terrena
2192 5022 2246 5063 et
2277 5012 2355 5063 vi-

794 5099 932 5154 tiosa
954 5099 1240 5169 diligentes
1275 5116 1368 5168 per
1400 5100 1672 5155 tristitiam
1708 5102 1922 5164 mortis,
1954 5113 2006 5155 et
2033 5110 2118 5156 est
2148 5116 2356 5156 veneno

787 5191 1073 5246 mortifero
1100 5192 1312 5263 plenus.
1349 5194 1563 5248 Aureus
1600 5206 1728 5248 vero
1767 5192 2042 5256 stimulus,
2072 5201 2259 5248 sancta
2302 5202 2357 5247 et

787 5282 1093 5338 laetiﬁcante
1121 5280 1382 5347 tristitia,
1422 5296 1477 5341 et
1518 5285 1784 5340 charitate
1819 5285 2005 5339 divina
2034 5286 2244 5356 pungit,
2288 5286 2354 5337 ad

787 5372 1029 5429 coelestia
1068 5387 1288 5429 sursum
1315 5374 1498 5428 ferens
1544 5388 1641 5429 eos
1685 5374 1780 5444 qui
1812 5375 2039 5430 virtutes
2071 5374 2275 5430 Christi
2303 5382 2358 5429 et

788 5464 1040 5519 mandata
1066 5464 1319 5535 diligunt,
1350 5474 1407 5520 et
1440 5466 1668 5522 ﬁdeliter
1694 5466 1866 5536 ipsius
1913 5467 2165 5521 mandata
2196 5466 2355 5536 perﬁ-

786 5556 958 5621 ciunt,
1001 5555 1275 5624 Confessio
1317 5568 1394 5612 est
1414 5559 1603 5613 oblivio
1648 5570 1873 5624 natum,
1920 5569 2028 5615 etc.
2059 5558 2151 5614 Est
2174 5568 2355 5614 autem

788 5734 831 5767 ’τ’
886 5734 1054 5790 Exod.
1113 5753 1196 5803 Ill,
1249 5737 1305 5793 2.
1385 5740 1429 5769 ⁸⁸
1469 5738 1611 5796 Psal.
1658 5756 1729 5805 cr,
1770 5741 1822 5795 5.
1902 5743 1943 5774 ¹⁹
1978 5742 2141 5799 Eccli.
2172 5743 2359 5807 six,2.

854 5872 966 5944 (l8)
993 5870 1159 5928 Vetus
1187 5876 1472 5944 interpres,
1498 5873 1831 5931 illuminatio.

2453 4641 2627 4706 noris,
2663 4651 2713 4696 et
2763 4642 3095 4697 desiderium
3144 4642 3339 4708 laudis,
3377 4643 3616 4698 nominis
3663 4645 3947 4713 scientiae,
3988 4656 4045 4701 et

2454 4732 2778 4799 sanctitatis,
2812 4747 2935 4802 qua:
2963 4748 3194 4789 vacuum
3226 4749 3417 4804 sapere
3471 4736 3524 4789 in
3576 4738 3905 4807 superbiam
3941 4756 4042 4796 ex-

2454 4821 2688 4886 tollunt,
2731 4830 2787 4876 et
2830 4822 2898 4876 ab
2928 4822 3077 4876 omni
3110 4822 3306 4877 virtute
3358 4822 3620 4879 radicitus
3667 4827 3953 4894 evellunt,
3988 4837 4045 4883 ct

2454 4911 2710 4966 deorsum
2735 4911 2802 4966 ad
2842 4911 3051 4967 inferna
3082 4912 3400 4983 projiciunt,
3433 4930 3528 4985 per
3550 4931 3671 4984 qua:
3692 4926 3751 4970 et
3779 4917 4044 4975 diabolus

2462 5003 2571 5058 ruit
2599 5021 2614 5058 :
2654 5001 2719 5057 Ut
2744 5004 2997 5058 virtutum
3030 5008 3302 5073 materias,
3334 5007 3582 5061 materias
3612 5008 3868 5062 uitiorum
3898 5012 4045 5081 (l9),

2459 5108 2566 5153 etc.
2625 5098 2824 5155 Matres
2858 5100 3153 5165 virtutum,
3182 5111 3313 5155 sunt
3383 5102 3702 5171 prudentia,
3739 5100 4045 5169 fortitudo,

2462 5193 2839 5261 temperantia,
2879 5192 3112 5261 justitia,
3143 5208 3280 5264 quas
3312 5193 3611 5249 adversarii
3656 5194 3923 5251 dicuntur
3960 5200 4049 5253 ef-

2462 5282 2547 5338 ﬁci
2580 5284 2995 5339 occasionalitcr
3023 5294 3225 5340 matres
3250 5285 3581 5341 malitiarum
3603 5327 3619 5348 ,
3651 5302 3759 5341 non
3791 5303 4050 5344 conver-

2459 5375 2635 5443 sione,
2667 5376 2765 5431 sed
2805 5378 3012 5444 abusu,
3055 5378 3150 5448 qui
3197 5385 3283 5433 est
3318 5393 3445 5434 vere
3482 5393 3646 5435 casus
3684 5380 3756 5435 ab
3793 5381 4049 5438 eisdem.

2461 5465 2603 5523 Sane
2636 5468 2913 5525 nimietate
2938 5478 2995 5525 et
3022 5468 3352 5537 deﬁcientia,
3382 5486 3412 5525 a
3444 5471 3705 5527 virtutum
3730 5473 3919 5528 medio
3958 5491 4052 5530 re-

2459 5560 2738 5617 cedimus:
2770 5562 2931 5627 sicut,
2959 5577 2989 5616 a
3019 5562 3326 5632 prudentia,
3366 5578 3463 5633 per
3494 5563 3791 5622 versutiam
3815 5576 3877 5621 et
3902 5566 4051 5622 insi-

2539 5882 2650 5948 (lii)
2694 5879 2853 5934 Vetus
2888 5879 3172 5949 interpres,
3205 5890 3415 5935 matres.
