4222 6448
185 363 320 430 1229

1350 376 1667 438 SCIIOLIA
1707 379 1787 440 IN
1819 379 2227 441 CLIMACUM.

3267 390 3406 454 1⁸230

179 477 434 548 picntiam
463 495 481 532 :
521 475 859 544 fortitudine,
893 495 989 552 per
1018 485 1371 540 temeritatem
1397 497 1452 542 ct
1487 489 1734 544 formidi-
1763 500 1807 552 Α
1839 493 2012 546 nubes
2057 493 2310 547 deorsum
2355 508 2580 550 currens
2620 503 2676 552 et
2728 507 2962 554 mentem
2997 509 3254 570 cogitatio
3279 507 3404 561 vin—

181 585 347 637 nem;
391 585 422 624 a
449 571 823 639 temperantia.
859 574 1428 643 perincontinentiam
1455 590 1509 633 et
1531 582 1733 635 severi-

179 670 342 716 latent
369 679 385 727 ;
441 678 472 716 a
514 663 762 732 justitia,
805 680 900 734 per
930 667 1213 722 avaritiam
1239 679 1292 722 et
1323 668 1611 725 falsitatem
1633 711 1648 736 ,
1680 681 1734 726 et

177 765 273 820 per
298 753 473 806 zelum
502 755 594 809 ira:
622 753 886 810 fervidum
908 795 924 820 ,
955 766 1010 811 et
1063 756 1256 812 falsam
1298 761 1570 826 pietatem.
1623 762 1732 816 Do-

174 852 326 896 ceant
369 852 419 898 te
460 843 576 906 hoc,
621 843 780 900 Jesus
805 887 821 911 ,
868 858 974 902 etc.
1041 847 1203 910 Elias,
1239 860 1292 902 et
1318 847 1578 916 Joannes,
1605 864 1734 910 sunt

175 934 422 1004 perfecta:
438 940 866 992 conversationis
888 948 1043 1006 typus
1058 947 1110 992 et
1133 937 1324 995 forma.
1353 941 1454 1008 Qui
1484 959 1730 1001 seorsum

171 1039 413 1090 orantes.
440 1037 495 1083 et
527 1044 558 1084 a
586 1030 787 1084 mundo
814 1030 1058 1085 solitaria
1091 1032 1229 1100 loca,
1249 1043 1304 1088 et
1331 1050 1361 1088 a
1392 1037 1730 1112 saecularium

173 1121 501 1176 tumultibus
550 1128 828 1190 segregata
873 1134 1181 1188 quaarentes
1211 1135 1267 1179 et
1310 1127 1588 1195 colentes,
1633 1132 1730 1184 do-

170 1221 405 1265 cuerunt
441 1207 786 1278 perfectionis
811 1222 1100 1277 amatores,
1129 1214 1307 1270 locum
1337 1228 1388 1270 et
1415 1220 1631 1274 modum
1662 1222 1728 1275 ad

171 1301 430 1355 virtutum
459 1301 721 1365 Studium,
752 1303 948 1370 pariter
965 1305 1167 1373 optima
1192 1315 1246 1360 et
1269 1311 1568 1365 necessaria
1595 1311 1727 1367 fore.

171 1393 241 1450 Et
273 1396 624 1450 ostenderunt
662 1399 938 1465 quomodo
972 1400 1124 1454 locus
1172 1404 1333 1458 modo
1375 1404 1610 1471 perfecte
1649 1407 1731 1461 vi-

168 1486 332 1539 vend’
384 1487 837 1555 pulchritudinem
874 1490 963 1544 dat
995 1499 1049 1544 et
1099 1490 1346 1548 formam.
1400 1495 1579 1562 Quare
1619 1513 1728 1553 non

169 1577 367 1631 modus
400 1576 572 1631 solum
607 1577 772 1645 (sicut
803 1580 1022 1649 quidam
1058 1583 1376 1652 simpliciter
1403 1599 1456 1641 et
1482 1588 1621 1643 male
1643 1590 1727 1644 di-

166 1671 332 1733 cunt)
354 1706 369 1731 ,
402 1668 496 1722 sed
527 1677 580 1722 et
625 1668 808 1734 locus,
861 1672 928 1725 ad
962 1673 1181 1730 virtutis
1215 1679 1582 1745 operationem
1635 1696 1728 1736 ne-

164 1771 444 1813 cessartus
472 1768 590 1824 est,
630 1760 722 1829 qui
769 1761 1002 1816 maxime
1031 1764 1243 1820 confert
1269 1767 1518 1822 solatium
1541 1778 1596 1822 et
1637 1770 1726 1841 ju-

164 1863 363 1903 tamen
413 1849 798 1920 perfectionem
837 1858 1224 1924 querentibus.
1269 1857 1424 1915 Unde
1461 1871 1516 1916 et
1545 1873 1728 1924 noster
1757 1831 1800 1887 Β

164 1943 514 1998 adversarius
563 1945 712 2014 (dicit
773 1945 877 2002 iste
923 1949 1082 2003 Pater
1126 1955 1368 2021 sanctus)
1413 1955 1730 2028 plerumque

161 2044 352 2090 movet
391 2038 458 2090 ad
504 2037 773 2108 lacrymas
802 2055 989 2097 servos
1016 2041 1144 2108 Dei,
1175 2059 1242 2099 ex
1272 2047 1454 2118 aliqua
1477 2063 1644 2105 causa
1673 2051 1728 2106 in

161 2129 480 2183 CIVIL'IllIJIIS
491 2139 545 2184 et
572 2131 711 2186 inter
736 2133 1000 2190 tumultus
1021 2135 1300 2192 hominum
1323 2153 1727 2212 conversantes,

161 2231 230 2275 ut.
261 2236 354 2275 eos
377 2223 559 2276 taliter
584 2223 847 2294 decipiat,
874 2236 928 2282 ct
959 2230 1161 2284 mundo
1182 2233 1618 2305 appropinquare
1646 2237 1728 2292 fa-

159 2312 300 2379 ciat,
349 2329 433 2380 ac,
462 2317 682 2384 euhoe,
712 2320 1000 2374 verborum
1029 2329 1086 2376 et
1117 2325 1644 2396 conversationibus,
1675 2339 1731 2386 et

157 2403 426 2474 operibus
460 2405 831 2476 inquinentur.

599 2519 727 2575 CAP.
759 2519 870 2577 VIII
904 2523 1026 2594 (col.
1065 2522 1168 2580 827
1198 2525 1283 2598 C).

236 2632 346 2689 Ira:
373 2636 630 2700 vacuitas,
651 2647 729 2690 est
767 2648 973 2694 natura:
1001 2645 1286 2705 superatio.
1321 2641 1541 2702 Naturae
1558 2648 1726 2704 victo-

153 2723 305 2778 riam
335 2725 482 2788 dicit,
507 2725 599 2779 ira:
612 2737 666 2780 et
685 2725 888 2782 furoris
915 2733 1278 2787 onmimodam
1309 2737 1724 2808 depositionem,

152 2829 218 2871 et
241 2819 692 2886 concupiscentiae
713 2823 1178 2879 mortificationem
1202 2845 1216 2880 :
1247 2832 1565 2886 natunaliter
1580 2835 1724 2889 enim

153 2910 368 2964 habent
401 2910 667 2976 homines,
699 2912 860 2968 irasci
885 2924 940 2969 et
968 2921 1373 2988 concupiscere.
1413 2920 1722 2992 Iracundia,

151 3011 243 3054 est
277 3002 452 3056 subita
472 3003 644 3058 cordis
667 3007 1121 3075 excandescentia,
1149 3021 1253 3067 etc.
1285 3013 1368 3068 lra
1394 3025 1476 3070 est
1499 3033 1726 3075 manens

149 3094 483 3160 tristitia,et
520 3111 874 3166 perseverans
899 3101 1134 3170 impetus
1159 3105 1225 3160 ad
1253 3105 1563 3166 vindictam.
1605 3109 1722 3178 Vel,

151 3187 272 3250 ira,
295 3197 378 3241 est
409 3187 681 3243 habituata
713 3191 933 3247 malitia:
970 3198 1255 3264 memoria,
1281 3214 1405 3253 cum
1438 3202 1560 3256 odio
1592 3220 1723 3258 con-
1749 3170 1792 3232 ο

148 3279 452 3334 tristantis.
502 3279 699 3347 Furor,
729 3293 806 3336 est
834 3301 1037 3339 morum
1064 3289 1366 3346 inconstans
1397 3305 1587 3360 motus,
1617 3306 1722 3353 etc.

148 3369 362 3432 Furor,
393 3379 477 3424 est
503 3373 746 3428 ebullitio
775 3384 830 3428 et
862 3380 1114 3433 accensio
1132 3389 1185 3435 et
1211 3385 1524 3452 evaporatio
1544 3387 1610 3440 ad
1644 3403 1729 3442 re-

143 3460 518 3516 tributionem
567 3466 942 3521 contristantis
1000 3469 1301 3538 impetuose
1362 3476 1725 3546 praecipitans.

148 3551 370 3620 Quippe
396 3569 487 3622 per
513 3565 868 3610 atramentum
895 3559 1150 3616 columbtc
1176 3565 1458 3619 candorem
1491 3569 1728 3622 demoliti

140 3654 357 3707 essent,
377 3655 482 3700 etc.
510 3645 614 3711 Qui
640 3649 934 3722 secundum
957 3657 1321 3722 apparentiani
1349 3657 1730 3728 longanimiter

143 3737 294 3806 agit,
326 3746 381 3790 et
406 3736 683 3792 Christum
725 3755 785 3794 se
815 3741 1038 3811 diligere
1076 3744 1318 3812 simulat,
1348 3759 1402 3804 et
1434 3751 1630 3821 (usque
1659 3755 1724 3808 ad

140 3840 380 3898 tempus
412 3831 807 3901 retributionis)
847 3849 942 3903 per
979 3837 1256 3892 silentium
1301 3856 1358 3896 se
1381 3845 1636 3908 occultat,
1675 3857 1728 3901 et

142 3931 443 3990 exspectat
484 3932 544 3976 ut
571 3924 774 3977 malum
822 3940 919 3994 pro
950 3929 1093 3984 malo
1127 3931 1408 3996 retribuat,
1433 3937 1588 4003 quasi
1632 3952 1728 4007 per

141 4023 559 4079 atramentum,
587 4017 894 4072 columbam
919 4022 1244 4077 exterminat
1270 4043 1284 4078 :
1334 4029 1462 4095 quia
1495 4028 1727 4084 Charita-

139 4115 296 4167 tem,
324 4112 380 4158 et
407 4107 718 4174 puritatem,
749 4125 869 4179 quae
895 4126 994 4180 per
1019 4113 1328 4170 columbam
1367 4120 1724 4188 significatur,

138 4209 258 4264 per
285 4195 627 4251 tenebrosam
654 4200 971 4256 memoriam
1000 4203 1219 4258 malitia:
1243 4216 1296 4260 et
1322 4207 1531 4278 nigrant
1573 4211 1726 4266 furo-

135 4287 236 4341 ris
282 4287 534 4352 livorem,
576 4299 752 4356 necat,
784 4292 964 4347 cordis
993 4297 1404 4364 tranquillitate,
1430 4312 1486 4355 et
1518 4318 1648 4371 pace
1673 4317 1727 4358 et

135 4376 576 4445 longantmitate
606 4379 832 4447 perdita,
865 4379 920 4432 in
951 4397 1057 4451 qua
1093 4383 1183 4438 Dei
1215 4401 1340 4454 spes
1371 4389 1722 4457 quiescebat:

1833 583 2009 639 dieue.
2037 583 2168 652 Leo,
2202 583 2256 638 in
2276 586 2582 652 venatione,
2610 587 2916 659 frequenter
2937 593 3166 648 caudam
3191 609 3400 665 movet;

1831 684 1886 728 et
1921 673 2182 741 furiosus,
2213 675 2267 730 in
2296 678 2463 744 cella,
2495 681 2848 750 cogitationes
2893 683 3005 739 irae.
3040 686 3163 740 Alia
3185 729 3200 752 ,
3236 689 3290 742 in
3320 689 3402 744 his

1831 767 1926 835 qui
1964 766 2139 820 adhuc
2169 767 2324 822 rudes
2357 770 2684 837 imbuuntur,
2713 789 2776 826 ex
2808 775 2959 842 ﬂetu,
2989 788 3093 832 etc.
3150 778 3255 846 Qui
3300 796 3402 834 no.

1831 858 1970 913 viter
1997 858 2288 916 introducti
2317 869 2465 926 sunt,
2496 864 2651 932 quasi
2676 867 2909 934 quodam
2941 866 3115 933 freno,
3145 870 3402 943 Iacrymis

1831 956 1886 1000 et
1945 948 2224 1018 suspiriis,
2271 958 2326 1005 et
2378 951 2716 1016 obedientia,
2758 955 2830 1009 'in
2880 958 3122 1028 subjecta
3190 971 3397 1030 mente,

1830 1053 2046 1093 omnem
2087 1040 2222 1095 iram
2269 1050 2325 1095 et
2378 1041 2612 1099 furorem
2644 1048 2915 1116 stringunt
2962 1061 3018 1106 et
3065 1051 3254 1122 ligant.
3293 1054 3398 1121 Qui

1831 1143 1959 1183 vero
2015 1139 2143 1184 sunt
2201 1133 2460 1202 perfecti,
2526 1135 2678 1190 beata
2739 1139 3189 1210 impassibilitate,
3240 1147 3401 1215 quasi

1829 1217 2007 1286 gladio
2037 1220 2256 1290 ancipiti
2301 1225 2496 1277 armati
2544 1234 2692 1288 sunt.
2729 1235 2783 1280 et
2823 1228 2875 1281 in
2909 1229 3024 1297 ipsa
3049 1233 3305 1288 occidunt
3345 1243 3401 1289 et

1829 1307 2146 1363 interimunt
2174 1324 2390 1364 omnem
2428 1312 2586 1377 iram,
2619 1322 2672 1368 et
2705 1311 2964 1382 furorem,
2995 1328 3050 1372 et
3081 1332 3299 1376 manent
3325 1323 3396 1377 ab

1829 1396 2044 1453 insidiis
2079 1400 2146 1454 de
2181 1401 2393 1472 reliquo
2433 1404 2612 1458 liberi.
2672 1403 2882 1460 Sanctae
2908 1408 3116 1477 quidem
3149 1413 3391 1470 virtutes.

1827 1487 1994 1542 Iacob
2043 1491 2204 1546 scala:
2253 1506 2644 1562 comparantur,
2688 1506 2794 1552 etc.
2855 1500 3136 1577 Congrue,
3179 1516 3400 1575 propter

1827 1581 2222 1636 sublevativum
2251 1594 2306 1638 et
2335 1600 2552 1641 sursum
2577 1587 2755 1644 ferens
2782 1591 2849 1644 ad
2879 1592 3118 1648 caelestia
3143 1613 3157 1648 :
3192 1595 3400 1652 malitia

1827 1687 1957 1729 vero
1971 1687 2319 1745 comparatur
2338 1687 2564 1744 catenae,
2585 1695 2802 1750 propter
2826 1698 2988 1753 grave
3013 1695 3066 1739 et
3096 1687 3401 1756 impediens

1828 1779 1991 1820 omne
2021 1767 2246 1831 bonum.
2277 1777 2334 1824 et
2360 1769 2623 1836 vinciens,
2661 1782 2717 1827 et
2760 1773 3013 1830 deorsum
3059 1793 3313 1848 gravans,
3344 1792 3401 1837 et

1829 1856 2052 1912 trahens
2086 1858 2154 1912 ad
2183 1858 2524 1916 confusiores
2552 1877 2730 1919 mores
2761 1874 2816 1919 et
2837 1880 2997 1933 opera
3017 1907 3032 1928 ,
3056 1877 3112 1922 et
3150 1885 3256 1922 una
3292 1872 3389 1926 uni

1827 1963 1962 2005 ansa
2004 1951 2356 2021 coniungitur
2398 1953 2452 2008 in
2494 1962 2720 2020 catena,
2766 1958 2894 2027 quia
2935 1974 2999 2012 ex
3041 1975 3149 2014 una
3183 1963 3394 2019 malitia

1827 2042 2171 2097 contrahitur
2193 2043 2383 2098 altera.
2412 2043 2642 2100 Pulchre
2660 2059 2840 2102 autem
2869 2059 3078 2104 catenae
3096 2053 3311 2109 cadenti
3326 2046 3396 2122 *,

1827 2149 1861 2188 a
1898 2131 2060 2189 Petro
2107 2135 2474 2205 apostolorum
2503 2137 2739 2203 vertice,
2789 2138 3051 2196 malitiam
3097 2157 3396 2215 comparet,

1826 2224 1956 2296 quia
2000 2224 2093 2280 Dei
2130 2226 2302 2297 gratia
2332 2227 2490 2285 nobis
2532 2229 2791 2300 possibile
2813 2246 2954 2301 esse,
2985 2234 3261 2301 declarat,
3301 2253 3398 2308 per

1828 2318 1988 2374 fidem
2015 2317 2308 2375 ferventem
2334 2329 2389 2376 et
2409 2336 2590 2376 veram
2616 2323 2990 2393 paenitentiam
3015 2327 3159 2398 (quae
3175 2335 3398 2400 signan-

1827 2417 1918 2464 tur
1947 2409 2001 2464 in
2037 2409 2219 2480 Petro)
2266 2426 2385 2467 eam
2420 2427 2452 2467 a
2481 2413 2640 2470 nobis
2665 2414 2922 2485 abjicere,
2949 2427 3004 2473 et
3031 2421 3097 2474 ad
3129 2421 3392 2479 virtutum

1828 2502 2128 2558 libertatem
2167 2504 2364 2559 redire.
2401 2504 2497 2559 Est
2524 2507 2666 2560 istud
2694 2525 2892 2579 quoque
2913 2513 3259 2580 tenebrosum,
3287 2525 3393 2571 etc.

1828 2593 1962 2659 IIoc,
1993 2595 2209 2665 inquit,
2245 2597 2435 2652 vitium
2461 2599 2730 2670 praecipue
2763 2603 2916 2658 triste
2947 2615 3003 2659 et
3032 2609 3204 2677 magis
3245 2620 3398 2664 tene-

1827 2686 2048 2742 brosum
2105 2697 2224 2754 est,
2279 2697 2387 2743 tam
2441 2690 2582 2746 inter
2628 2694 2810 2748 omnia
2860 2695 3132 2766 gignentia
3178 2709 3235 2756 et
3285 2717 3394 2758 non

1825 2779 2103 2850 gignentia
2124 2820 2140 2842 .
2167 2797 2328 2851 quam
2359 2783 2522 2839 etiam
2566 2787 2748 2856 genita
2773 2788 2923 2844 vitia.
2967 2791 3220 2864 Gignitur
3246 2799 3392 2852 enim

1827 2873 2088 2926 memoria
2119 2874 2375 2939 malitize,
2413 2885 2480 2930 ex
2525 2875 2746 2935 furore:
2784 2896 2908 2936 nam
2940 2892 3119 2940 tumor
3143 2901 3265 2942 cum
3308 2891 3396 2944 fu-

1827 2977 1970 3031 rore,
2004 2979 2175 3034 ipsam
2204 2967 2395 3036 gignit,
2423 2967 2540 3038 ipsa
2563 2985 2693 3025 vero
2713 2974 2856 3042 parit
2881 2974 3112 3032 invidias
3136 2987 3191 3033 et
3217 2982 3394 3036 homi-

1827 3055 2009 3110 cidia:
2058 3071 2228 3125 quare
2276 3058 2408 3113 dicit
2450 3076 2596 3128 eam,
2645 3062 2766 3131 plus
2801 3066 3166 3136 gignentibus,
3191 3081 3248 3127 et
3285 3088 3393 3128 non
3433 3067 3437 3072 ’

1824 3151 2190 3223 gignentibus,
2225 3162 2281 3207 et
2318 3153 2532 3223 genitis,
2576 3156 2777 3213 habere
2809 3159 3064 3216 tristitiae.

2299 3243 2428 3300 CAP.
2464 3244 2510 3298 X
2541 3247 2664 3317 (col.
2696 3249 2800 3302 846
2830 3251 2915 3321 C).

1890 3334 2161 3401 Quocirca
2182 3376 2198 3402 ,
2244 3346 2295 3392 et
2322 3347 2436 3405 post
2463 3354 2586 3392 suos
2611 3339 2861 3407 majores.
2888 3350 2994 3397 etc.
3033 3345 3394 3407 Detractionis

1825 3428 2196 3496 progenitores
2233 3440 2363 3483 sunt
2426 3431 2529 3484 ista
2575 3447 2591 3484 :
2641 3431 2833 3497 furor,
2878 3449 2944 3488 ex
2994 3436 3114 3504 ira;
3175 3453 3241 3493 ex
3289 3442 3393 3507 ira,

1826 3521 2060 3588 odium;
2113 3537 2176 3577 ex
2209 3523 2357 3584 odio.
2404 3526 2665 3580 memoria
2712 3529 2969 3597 malitia;
3017 3547 3084 3587 ex
3133 3539 3396 3592 memoria

1825 3615 2069 3678 malitiae,
2095 3617 2393 3682 detractio;
2425 3633 2489 3673 ex
2518 3619 2660 3682 istis,
2691 3620 2924 3687 invidia,
2951 3632 3006 3677 et
3057 3625 3138 3682 sic
3167 3629 3383 3684 tandem

1826 3706 2198 3763 homicidium.
2244 3710 2439 3764 Tenuis
2464 3711 2707 3782 languor,
2736 3722 2866 3780 etc.,
2901 3718 3060 3784 quia,
3090 3720 3247 3787 quasi
3269 3722 3392 3775 nul-

1825 3797 1935 3852 lum
1959 3798 2215 3854 delictum
2238 3839 2255 3865 ,
2285 3813 2507 3872 apparet
2535 3803 2878 3872 detrahenti,
2900 3807 3185 3872 detractio,
3207 3826 3395 3868 crassa

1823 3904 1953 3944 vero
1979 3891 2206 3948 omnino
2230 3903 2334 3958 est,
2361 3903 2417 3948 et
2443 3895 2598 3964 quasi
2633 3895 2808 3953 latens
2837 3907 2893 3952 et
2923 3898 3240 3958 abscondita
3272 3906 3394 3958 ani-

1823 3997 1926 4036 ma:
1950 3983 2204 4053 perditio.
2239 3984 2408 4039 Sicuti
2428 3987 2670 4056 quaedam
2696 3999 2818 4042 sunt
2842 3990 3267 4059 adolescentulw,
3284 4009 3391 4052 etc.

1824 4073 1944 4130 Istae
1987 4085 2154 4140 sunt,
2208 4078 2364 4147 gula,
2394 4079 2661 4146 ebrietas,
2711 4080 3022 4149 fornit-atio,
3065 4089 3392 4156 scurrilitas,

1824 4181 1959 4221 vana
1998 4167 2192 4238 gloria.

2270 4283 2396 4337 CAP.
2436 4281 2502 4337 XI
2539 4287 2666 4344 (cat.
2705 4287 2799 4342 85I
2839 4286 2925 4356 Β).

1896 4368 2120 4439 Speculo
2141 4373 2395 4428 hostium.
2443 4376 2580 4440 Quia
2606 4391 2710 4430 non
2742 4379 2916 4433 solum
2947 4382 3016 4436 ab
3042 4382 3388 4456 impugnato—

134 4463 388 4520 Summa
416 4468 581 4536 igitur
607 4470 881 4524 adversum
909 4487 1215 4542 serpentem,
1249 4488 1354 4532 etc.
1408 4480 1720 4550 Serpentem
1754 4505 1797 4560 ι)
1822 4460 1982 4516 ribus
2015 4464 2286 4560 ‘fuswdi"
2307 4464 2583 4560 §il_e"li:‘m
2603 4466 2658 4520 in
2692 4469 2939 4532 seiemia'
2966 4472 3059 4526 sed
3095 4491 3269 4545 “mue
3294 4492 3391 4533 θθδ

130 4557 432 4626 appellat,
492 4559 627 4612 iram
671 4571 726 4614 et
772 4561 1048 4626 furorem,
1109 4579 1328 4637 propter
1371 4587 1466 4626 eor
1503 4575 1723 4642 durum,

131 4648 326 4702 letale
385 4657 438 4701 et
495 4650 833 4718 malignum:
874 4653 1090 4720 durum,
1123 4659 1248 4726 quia
1276 4659 1529 4721 furiosus.
1583 4681 1728 4721 nunc

130 4743 353 4804 istum,
383 4755 525 4795 nunc
555 4742 704 4795 illum
737 4745 947 4814 plagat,
978 4750 1125 4816 quia,
1178 4751 1306 4805 dum
1351 4768 1409 4808 se
1459 4756 1591 4809 vitio
1631 4773 1726 4826 per

128 4847 492 4887 consensum
531 4843 586 4888 et
616 4850 752 4904 opus
785 4853 1008 4905 pravum
1041 4856 1255 4896 servum
1295 4845 1530 4911 exhibet,
1566 4864 1724 4903 occa-

126 4927 375 4981 sionem
418 4929 853 4984 conturbationis
900 4940 952 4984 et
986 4935 1226 4990 scandali
1279 4938 1504 5009 singulis
1533 4943 1723 4999 diebus

127 5016 504 5082 (adversario
528 5022 870 5092 cooperante)
903 5025 1124 5093 reliquis
1167 5029 1385 5095 praebet.
1423 5029 1519 5086 Est
1541 5044 1721 5090 autem

125 5124 228 5162 ira
272 5109 461 5174 passio
497 5123 716 5176 vesana,
745 5115 1024 5169 scientiam
1054 5117 1312 5174 habentes
1343 5121 1615 5180 infatuans
1647 5126 1726 5180 fa-

121 5198 364 5257 crItter,
399 5195 620 5255 feralem
660 5205 995 5260 constituens
1020 5209 1280 5274 animam,
1317 5226 1370 5266 et
1401 5229 1616 5269 omnem
1645 5219 1725 5271 af-

121 5287 487 5344 fabilitatem
517 5292 788 5350 declinare
814 5295 1016 5353 faciens
1037 5341 1051 5364 ,
1093 5310 1147 5354 et
1171 5317 1234 5356 ex
1271 5304 1372 5357 hoc
1399 5306 1514 5360 dira
1553 5307 1728 5370 letalis

116 5389 187 5437 et
218 5379 477 5449 maligna
501 5401 512 5436 :
551 5398 580 5437 a
607 5401 713 5454 qua
746 5400 993 5444 movetur
1014 5403 1171 5446 vento
1195 5399 1530 5463 vehementi,
1555 5409 1609 5454 et
1636 5402 1719 5455 fn-

117 5475 349 5528 riosus
382 5475 736 5533 conturbatur
769 5495 798 5532 a
822 5483 1268 5550 cOgitationibus,
1299 5505 1418 5557 quae
1452 5501 1578 5546 sunt
1607 5495 1724 5548 sine

117 5555 461 5619 intellectu.
495 5564 754 5637 Caliginis
772 5574 1178 5642 evaporationcs
1201 5578 1495 5635 obscurant
1520 5599 1719 5650 aerem,

113 5660 184 5708 et
220 5649 258 5704 I'
256 5665 297 5703 ιι
309 5647 406 5702 rite
420 5661 598 5708 motus
621 5667 854 5714 mentem
881 5660 1528 5728 iracunili,obtenebravit
1556 5672 1722 5727 solem

210 5821 273 5854 ³⁸
331 5819 448 5874 Act.
482 5836 578 5884 sn,
623 5822 676 5876 7.

1826 4553 2261 4623 appropinquare
2283 4555 2435 4609 sinit.
2471 4555 2774 4610 Paucorum
2804 4576 2981 4615 revera
3006 4575 3104 4628 est,
3133 4577 3239 4620 etc.
3277 4568 3390 4622 Ma-

1826 4643 1975 4698 teriae
2019 4645 2370 4701 obstrictione
2415 4661 2446 4700 a
2471 4663 2578 4717 qua
2620 4650 2955 4716 prohibetur,
2996 4665 3052 4708 et
3093 4673 3188 4725 per
3213 4659 3388 4715 absti-

1825 4734 2096 4799 nentiam,
2141 4735 2321 4807 lingua
2354 4737 2588 4806 ligatur:
2613 4740 2759 4806 quod
2801 4742 2944 4795 enim
2975 4753 3059 4799 est
3086 4747 3242 4802 cibus
3263 4764 3389 4803 cor-

1823 4821 1940 4890 pori
1994 4823 2130 4878 bene
2159 4825 2372 4880 habenti
2393 4867 2408 4890 ,
2455 4827 2558 4881 hoc
2577 4836 2661 4881 est
2700 4831 2926 4884 tentatio
2948 4835 3133 4888 animo
3159 4837 3299 4890 virili
3332 4849 3389 4891 et

1825 4912 1991 4967 Deum
2015 4915 2276 4985 diligenti.
2312 4915 2517 4973 Ventus
2539 4920 2744 4989 aquilo,
2773 4931 2981 4992 segetes
3012 4927 3182 4980 nutrit
3210 4939 3264 4982 et
3295 4945 3384 4983 ra-

1820 5004 2005 5060 dicare
2050 5007 2212 5072 facit,
2263 5017 2318 5062 et
2372 5012 2697 5067 tentationes
2750 5017 2983 5084 probant
3025 5028 3078 5072 et
3129 5021 3390 5078 roborant

1821 5095 1984 5149 corda
2016 5097 2260 5151 virorum
2288 5109 2598 5155 sanctorum
2640 5112 2695 5156 et
2739 5106 2969 5160 animas.
3035 5105 3218 5164 Nubes
3265 5111 3386 5167 sine

1823 5201 1963 5256 aqua
1994 5187 2300 5260 etl‘ugantur
2325 5207 2356 5245 a
2380 5202 2562 5260 vento,
2592 5203 2648 5250 et
2668 5196 2748 5252 vir
2766 5197 3069 5268 linguosus,
3101 5199 3192 5257 Dei
3225 5201 3386 5272 justi-

1825 5279 1952 5333 tiam
1985 5295 2016 5333 a
2051 5295 2111 5336 se
2144 5284 2375 5351 repellit.

2465 5396 2593 5452 CAP.
2627 5397 2741 5454 XII.

1899 5483 2032 5548 Qui,
2063 5502 2181 5538 cum
2219 5488 2357 5556 jocis
2386 5491 2654 5559 otioseque
2683 5495 2911 5546 sermoni
2937 5532 2953 5557 ,
2982 5503 3088 5550 etc.
3129 5496 3386 5553 Scurrili-

1829 5585 1914 5632 tas
1963 5589 2044 5633 est
2081 5582 2468 5637 sermocinatio
2491 5583 2816 5652 jocnlatoria
2838 5630 2851 5652 ,
2876 5597 2928 5640 et
2957 5588 3128 5644 risum
3159 5591 3385 5659 faciens,

1831 5669 1885 5724 in
1912 5687 2076 5741 quam
2102 5674 2227 5744 quis
2262 5676 2605 5746 multiloquio
2649 5677 2958 5750 frequenter
2996 5682 3382 5753 praecipitatur.
