  <div class='ocr_page' id='page_1' title='image "/cluster/home/n/w/nwhite01/storage/ocr_20150623/88/nnc1.0046980237/625.png"; bbox 0 0 4222 6448; ppageno 0'>
   <div class='ocr_carea' id='block_1_1' title="bbox 785 335 918 401">
    <p class='ocr_par' dir='ltr' id='par_1_1' title="bbox 785 335 918 401">
     <span class='ocr_line' id='line_1_1' title="bbox 785 335 918 401; baseline -0.015 0"><span class='ocrx_word' id='word_1_1' title='bbox 785 335 918 401; x_wconf 78' lang='lat' dir='ltr'><strong>I231</strong></span> 
     </span>
    </p>
   </div>
   <div class='ocr_carea' id='block_1_2' title="bbox 1934 348 2902 421">
    <p class='ocr_par' dir='ltr' id='par_1_2' title="bbox 1934 348 2902 421">
     <span class='ocr_line' id='line_1_2' title="bbox 1934 348 2902 421; baseline 0.017 -15"><span class='ocrx_word' id='word_1_2' title='bbox 1934 353 1992 408; x_wconf 60' lang='grc' dir='ltr'><strong>ἐς.</strong></span> <span class='ocrx_word' id='word_1_3' title='bbox 2036 348 2352 411; x_wconf 78' lang='lat' dir='ltr'><strong>JOANNIS</strong></span> <span class='ocrx_word' id='word_1_4' title='bbox 2384 354 2902 421; x_wconf 77' lang='lat' dir='ltr'><strong>RAITHUENSIS</strong></span> 
     </span>
    </p>
   </div>
   <div class='ocr_carea' id='block_1_3' title="bbox 3908 365 4036 428">
    <p class='ocr_par' dir='ltr' id='par_1_3' title="bbox 3908 365 4036 428">
     <span class='ocr_line' id='line_1_3' title="bbox 3908 365 4036 428; baseline 0.008 -2"><span class='ocrx_word' id='word_1_5' title='bbox 3908 365 4036 428; x_wconf 63' lang='lat'><strong>1232</strong></span> 
     </span>
    </p>
   </div>
   <div class='ocr_carea' id='block_1_4' title="bbox 783 448 4031 540">
    <p class='ocr_par' dir='ltr' id='par_1_4' title="bbox 783 448 4031 540">
     <span class='ocr_line' id='line_1_4' title="bbox 783 448 4031 540; baseline 0.006 -37"><span class='ocrx_word' id='word_1_6' title='bbox 783 448 1138 503; x_wconf 80' lang='lat' dir='ltr'><strong>Audientium</strong></span> <span class='ocrx_word' id='word_1_7' title='bbox 1213 450 1387 506; x_wconf 82' lang='lat' dir='ltr'><strong>luctus</strong></span> <span class='ocrx_word' id='word_1_8' title='bbox 1421 494 1437 519; x_wconf 90' lang='lat'><strong>,</strong></span> <span class='ocrx_word' id='word_1_9' title='bbox 1502 455 1872 511; x_wconf 66' lang='lat' dir='ltr'><strong>miserabiliter</strong></span> <span class='ocrx_word' id='word_1_10' title='bbox 1925 461 2166 513; x_wconf 77' lang='lat' dir='ltr'><strong>demoliti</strong></span> <span class='ocrx_word' id='word_1_11' title='bbox 2226 474 2368 517; x_wconf 84' lang='lat' dir='ltr'><strong>sunt.</strong></span> <span class='ocrx_word' id='word_1_12' title='bbox 2401 477 2443 527; x_wconf 73' lang='grc' dir='ltr'>Α</span> <span class='ocrx_word' id='word_1_13' title='bbox 2478 469 2708 526; x_wconf 77' lang='lat' dir='ltr'><strong>militatc</strong></span> <span class='ocrx_word' id='word_1_14' title='bbox 2764 472 2948 526; x_wconf 77' lang='lat' dir='ltr'><strong>divina</strong></span> <span class='ocrx_word' id='word_1_15' title='bbox 3007 473 3356 536; x_wconf 74' lang='lat' dir='ltr'><strong>illuminatio,</strong></span> <span class='ocrx_word' id='word_1_16' title='bbox 3420 490 3485 529; x_wconf 74' lang='lat' dir='ltr'><strong>ex</strong></span> <span class='ocrx_word' id='word_1_17' title='bbox 3531 475 3751 540; x_wconf 75' lang='lat' dir='ltr'><strong>eadem,</strong></span> <span class='ocrx_word' id='word_1_18' title='bbox 3785 488 4031 534; x_wconf 71' lang='lat' dir='ltr'><strong>casuras.</strong></span> 
     </span>
    </p>
   </div>
   <div class='ocr_carea' id='block_1_5' title="bbox 785 541 2353 618">
    <p class='ocr_par' dir='ltr' id='par_1_5' title="bbox 785 541 2353 618">
     <span class='ocr_line' id='line_1_5' title="bbox 785 541 2353 618; baseline 0.008 -23"><span class='ocrx_word' id='word_1_19' title='bbox 785 541 1080 596; x_wconf 82' lang='lat' dir='ltr'><strong>Audientes</strong></span> <span class='ocrx_word' id='word_1_20' title='bbox 1107 550 1264 609; x_wconf 89' lang='lat' dir='ltr'><strong>sunt,</strong></span> <span class='ocrx_word' id='word_1_21' title='bbox 1293 547 1384 615; x_wconf 90' lang='lat' dir='ltr'><strong>qui</strong></span> <span class='ocrx_word' id='word_1_22' title='bbox 1429 553 1555 599; x_wconf 91' lang='lat' dir='ltr'><strong>sunt</strong></span> <span class='ocrx_word' id='word_1_23' title='bbox 1600 548 1653 601; x_wconf 94' lang='lat' dir='ltr'><strong>in</strong></span> <span class='ocrx_word' id='word_1_24' title='bbox 1689 550 2005 618; x_wconf 66' lang='lat' dir='ltr'><strong>poenitentia</strong></span> <span class='ocrx_word' id='word_1_25' title='bbox 2038 572 2050 605; x_wconf 91' lang='lat'><strong>:</strong></span> <span class='ocrx_word' id='word_1_26' title='bbox 2096 562 2182 606; x_wconf 87' lang='lat' dir='ltr'><strong>est</strong></span> <span class='ocrx_word' id='word_1_27' title='bbox 2207 555 2353 608; x_wconf 89' lang='lat' dir='ltr'><strong>enim</strong></span> 
     </span>
    </p>
   </div>
   <div class='ocr_carea' id='block_1_6' title="bbox 783 632 2353 714">
    <p class='ocr_par' dir='ltr' id='par_1_6' title="bbox 783 632 2353 714">
     <span class='ocr_line' id='line_1_6' title="bbox 783 632 2353 714; baseline 0.009 -29"><span class='ocrx_word' id='word_1_28' title='bbox 783 632 986 702; x_wconf 80' lang='lat' dir='ltr'><strong>gradus</strong></span> <span class='ocrx_word' id='word_1_29' title='bbox 1011 633 1389 691; x_wconf 85' lang='lat' dir='ltr'><strong>exsistentiutn</strong></span> <span class='ocrx_word' id='word_1_30' title='bbox 1425 637 1476 692; x_wconf 92' lang='lat' dir='ltr'><strong>in</strong></span> <span class='ocrx_word' id='word_1_31' title='bbox 1515 641 1853 709; x_wconf 75' lang='lat' dir='ltr'><strong>pmuitrntia,</strong></span> <span class='ocrx_word' id='word_1_32' title='bbox 1885 645 1977 711; x_wconf 93' lang='lat' dir='ltr'><strong>qui</strong></span> <span class='ocrx_word' id='word_1_33' title='bbox 2005 645 2203 699; x_wconf 89' lang='lat' dir='ltr'><strong>dicitur</strong></span> <span class='ocrx_word' id='word_1_34' title='bbox 2234 647 2353 714; x_wconf 87' lang='lat' dir='ltr'><strong>plo-</strong></span> 
     </span>
    </p>
   </div>
   <div class='ocr_carea' id='block_1_7' title="bbox 785 729 2356 805">
    <p class='ocr_par' dir='ltr' id='par_1_7' title="bbox 785 729 2356 805">
     <span class='ocr_line' id='line_1_7' title="bbox 785 729 2356 805; baseline 0.009 -24"><span class='ocrx_word' id='word_1_35' title='bbox 785 729 1042 793; x_wconf 87' lang='lat' dir='ltr'><strong>rantium,</strong></span> <span class='ocrx_word' id='word_1_36' title='bbox 1071 733 1161 801; x_wconf 89' lang='lat' dir='ltr'><strong>qui</strong></span> <span class='ocrx_word' id='word_1_37' title='bbox 1193 742 1338 788; x_wconf 88' lang='lat' dir='ltr'><strong>stant</strong></span> <span class='ocrx_word' id='word_1_38' title='bbox 1403 744 1555 790; x_wconf 81' lang='lat' dir='ltr'><strong>extra</strong></span> <span class='ocrx_word' id='word_1_39' title='bbox 1597 747 1781 805; x_wconf 84' lang='lat' dir='ltr'><strong>portas</strong></span> <span class='ocrx_word' id='word_1_40' title='bbox 1803 739 2076 796; x_wconf 69' lang='lat' dir='ltr'><strong>Ecclesiae.</strong></span> <span class='ocrx_word' id='word_1_41' title='bbox 2117 743 2356 796; x_wconf 83' lang='lat' dir='ltr'><strong>Audien-</strong></span> 
     </span>
    </p>
   </div>
   <div class='ocr_carea' id='block_1_8' title="bbox 785 822 2357 904">
    <p class='ocr_par' dir='ltr' id='par_1_8' title="bbox 785 822 2357 904">
     <span class='ocr_line' id='line_1_8' title="bbox 785 822 2357 904; baseline 0.008 -28"><span class='ocrx_word' id='word_1_42' title='bbox 785 830 866 876; x_wconf 91' lang='lat' dir='ltr'><strong>tes</strong></span> <span class='ocrx_word' id='word_1_43' title='bbox 915 822 1081 892; x_wconf 89' lang='lat' dir='ltr'><strong>igitur</strong></span> <span class='ocrx_word' id='word_1_44' title='bbox 1108 825 1210 880; x_wconf 91' lang='lat' dir='ltr'><strong>hos</strong></span> <span class='ocrx_word' id='word_1_45' title='bbox 1240 826 1372 881; x_wconf 87' lang='lat' dir='ltr'><strong>dicit</strong></span> <span class='ocrx_word' id='word_1_46' title='bbox 1421 827 1599 894; x_wconf 88' lang='lat' dir='ltr'><strong>Pater,</strong></span> <span class='ocrx_word' id='word_1_47' title='bbox 1647 830 1891 901; x_wconf 83' lang='lat' dir='ltr'><strong>lugentes</strong></span> <span class='ocrx_word' id='word_1_48' title='bbox 1928 835 2146 888; x_wconf 78' lang='lat' dir='ltr'><strong>scilicet</strong></span> <span class='ocrx_word' id='word_1_49' title='bbox 2191 851 2357 904; x_wconf 84' lang='lat' dir='ltr'><strong>super</strong></span> 
     </span>
    </p>
   </div>
   <div class='ocr_carea' id='block_1_9' title="bbox 782 917 2356 992">
    <p class='ocr_par' dir='ltr' id='par_1_9' title="bbox 782 917 2356 992">
     <span class='ocr_line' id='line_1_9' title="bbox 782 917 2356 992; baseline 0.007 -22"><span class='ocrx_word' id='word_1_50' title='bbox 782 917 1108 973; x_wconf 75' lang='lat' dir='ltr'><strong>commissis.</strong></span> <span class='ocrx_word' id='word_1_51' title='bbox 1169 918 1264 974; x_wconf 87' lang='lat' dir='ltr'><strong>Est</strong></span> <span class='ocrx_word' id='word_1_52' title='bbox 1321 921 1485 992; x_wconf 79' lang='lat' dir='ltr'><strong>igitur</strong></span> <span class='ocrx_word' id='word_1_53' title='bbox 1513 924 1812 992; x_wconf 88' lang='lat' dir='ltr'><strong>apostolica</strong></span> <span class='ocrx_word' id='word_1_54' title='bbox 1857 926 2080 980; x_wconf 85' lang='lat' dir='ltr'><strong>traditio</strong></span> <span class='ocrx_word' id='word_1_55' title='bbox 2107 929 2174 980; x_wconf 91' lang='lat' dir='ltr'><strong>de</strong></span> <span class='ocrx_word' id='word_1_56' title='bbox 2217 928 2356 980; x_wconf 79' lang='lat' dir='ltr'><strong>divi-</strong></span> 
     </span>
    </p>
   </div>
   <div class='ocr_carea' id='block_1_10' title="bbox 781 1012 2355 1090">
    <p class='ocr_par' dir='ltr' id='par_1_10' title="bbox 781 1012 2355 1090">
     <span class='ocr_line' id='line_1_10' title="bbox 781 1012 2355 1090; baseline 0.008 -26"><span class='ocrx_word' id='word_1_57' title='bbox 781 1012 935 1067; x_wconf 86' lang='lat' dir='ltr'><strong>sione</strong></span> <span class='ocrx_word' id='word_1_58' title='bbox 961 1021 1015 1068; x_wconf 91' lang='lat' dir='ltr'><strong>et</strong></span> <span class='ocrx_word' id='word_1_59' title='bbox 1035 1013 1376 1071; x_wconf 84' lang='lat' dir='ltr'><strong>ordinatione</strong></span> <span class='ocrx_word' id='word_1_60' title='bbox 1400 1018 1807 1086; x_wconf 75' lang='lat' dir='ltr'><strong>pcenitentium,</strong></span> <span class='ocrx_word' id='word_1_61' title='bbox 1842 1023 2270 1090; x_wconf 87' lang='lat' dir='ltr'><strong>purgandorum,</strong></span> <span class='ocrx_word' id='word_1_62' title='bbox 2298 1033 2355 1077; x_wconf 86' lang='lat' dir='ltr'><strong>et</strong></span> 
     </span>
    </p>
   </div>
   <div class='ocr_carea' id='block_1_11' title="bbox 779 1107 2358 1186">
    <p class='ocr_par' dir='ltr' id='par_1_11' title="bbox 779 1107 2358 1186">
     <span class='ocr_line' id='line_1_11' title="bbox 779 1107 2358 1186; baseline 0.006 -26"><span class='ocrx_word' id='word_1_63' title='bbox 779 1107 1324 1164; x_wconf 83' lang='lat' dir='ltr'><strong>catechumenorum.</strong></span> <span class='ocrx_word' id='word_1_64' title='bbox 1378 1109 1517 1165; x_wconf 90' lang='lat' dir='ltr'><strong>Sunt</strong></span> <span class='ocrx_word' id='word_1_65' title='bbox 1545 1127 1675 1166; x_wconf 84' lang='lat' dir='ltr'><strong>vero</strong></span> <span class='ocrx_word' id='word_1_66' title='bbox 1706 1115 2085 1182; x_wconf 88' lang='lat' dir='ltr'><strong>poenitentium</strong></span> <span class='ocrx_word' id='word_1_67' title='bbox 2112 1116 2358 1186; x_wconf 89' lang='lat' dir='ltr'><strong>quinque</strong></span> 
     </span>
    </p>
   </div>
   <div class='ocr_carea' id='block_1_12' title="bbox 781 1195 2354 1273">
    <p class='ocr_par' dir='ltr' id='par_1_12' title="bbox 781 1195 2354 1273">
     <span class='ocr_line' id='line_1_12' title="bbox 781 1195 2354 1273; baseline 0.008 -24"><span class='ocrx_word' id='word_1_68' title='bbox 781 1195 930 1251; x_wconf 89' lang='lat' dir='ltr'><strong>loci:</strong></span> <span class='ocrx_word' id='word_1_69' title='bbox 977 1197 1132 1254; x_wconf 90' lang='lat' dir='ltr'><strong>locus</strong></span> <span class='ocrx_word' id='word_1_70' title='bbox 1170 1200 1535 1268; x_wconf 86' lang='lat' dir='ltr'><strong>plorantium,</strong></span> <span class='ocrx_word' id='word_1_71' title='bbox 1562 1219 1685 1258; x_wconf 88' lang='lat' dir='ltr'><strong>eum</strong></span> <span class='ocrx_word' id='word_1_72' title='bbox 1733 1206 2002 1273; x_wconf 82' lang='lat' dir='ltr'><strong>paenitens</strong></span> <span class='ocrx_word' id='word_1_73' title='bbox 2050 1217 2161 1262; x_wconf 85' lang='lat' dir='ltr'><strong>stat</strong></span> <span class='ocrx_word' id='word_1_74' title='bbox 2203 1218 2354 1262; x_wconf 85' lang='lat' dir='ltr'><strong>extra</strong></span> 
     </span>
    </p>
   </div>
   <div class='ocr_carea' id='block_1_13' title="bbox 781 1293 2354 1368">
    <p class='ocr_par' dir='ltr' id='par_1_13' title="bbox 781 1293 2354 1368">
     <span class='ocr_line' id='line_1_13' title="bbox 781 1293 2354 1368; baseline 0.009 -25"><span class='ocrx_word' id='word_1_75' title='bbox 781 1293 1044 1348; x_wconf 84' lang='lat' dir='ltr'><strong>ambitum</strong></span> <span class='ocrx_word' id='word_1_76' title='bbox 1091 1295 1354 1358; x_wconf 67' lang='lat' dir='ltr'><strong>ecclesiae,</strong></span> <span class='ocrx_word' id='word_1_77' title='bbox 1387 1309 1442 1351; x_wconf 90' lang='lat' dir='ltr'><strong>et</strong></span> <span class='ocrx_word' id='word_1_78' title='bbox 1486 1299 1794 1368; x_wconf 89' lang='lat' dir='ltr'><strong>procidens,</strong></span> <span class='ocrx_word' id='word_1_79' title='bbox 1821 1315 1944 1355; x_wconf 91' lang='lat' dir='ltr'><strong>cum</strong></span> <span class='ocrx_word' id='word_1_80' title='bbox 1977 1300 2104 1357; x_wconf 81' lang='lat' dir='ltr'><strong>fletu</strong></span> <span class='ocrx_word' id='word_1_81' title='bbox 2125 1344 2141 1366; x_wconf 92' lang='lat'><strong>,</strong></span> <span class='ocrx_word' id='word_1_82' title='bbox 2174 1303 2243 1356; x_wconf 89' lang='lat' dir='ltr'><strong>ab</strong></span> <span class='ocrx_word' id='word_1_83' title='bbox 2272 1303 2354 1356; x_wconf 91' lang='lat' dir='ltr'><strong>in-</strong></span> 
     </span>
    </p>
   </div>
   <div class='ocr_carea' id='block_1_14' title="bbox 779 1384 2353 1465">
    <p class='ocr_par' dir='ltr' id='par_1_14' title="bbox 779 1384 2353 1465">
     <span class='ocr_line' id='line_1_14' title="bbox 779 1384 2353 1465; baseline 0.008 -28"><span class='ocrx_word' id='word_1_84' title='bbox 779 1384 1146 1451; x_wconf 76' lang='lat' dir='ltr'><strong>gredientibus</strong></span> <span class='ocrx_word' id='word_1_85' title='bbox 1186 1387 1424 1455; x_wconf 91' lang='lat' dir='ltr'><strong>postulat</strong></span> <span class='ocrx_word' id='word_1_86' title='bbox 1458 1391 1784 1455; x_wconf 90' lang='lat' dir='ltr'><strong>orationem,</strong></span> <span class='ocrx_word' id='word_1_87' title='bbox 1839 1402 1966 1446; x_wconf 87' lang='lat' dir='ltr'><strong>ante</strong></span> <span class='ocrx_word' id='word_1_88' title='bbox 1992 1393 2232 1463; x_wconf 84' lang='lat' dir='ltr'><strong>ipsorum</strong></span> <span class='ocrx_word' id='word_1_89' title='bbox 2264 1410 2353 1465; x_wconf 92' lang='lat' dir='ltr'><strong>pe-</strong></span> 
     </span>
    </p>
   </div>
   <div class='ocr_carea' id='block_1_15' title="bbox 778 1477 2356 1549">
    <p class='ocr_par' dir='ltr' id='par_1_15' title="bbox 778 1477 2356 1549">
     <span class='ocr_line' id='line_1_15' title="bbox 778 1477 2356 1549; baseline 0.01 -23"><span class='ocrx_word' id='word_1_90' title='bbox 778 1477 875 1530; x_wconf 86' lang='lat' dir='ltr'><strong>des</strong></span> <span class='ocrx_word' id='word_1_91' title='bbox 901 1485 1234 1546; x_wconf 78' lang='lat' dir='ltr'><strong>prostratus;</strong></span> <span class='ocrx_word' id='word_1_92' title='bbox 1276 1480 1426 1535; x_wconf 91' lang='lat' dir='ltr'><strong>locus</strong></span> <span class='ocrx_word' id='word_1_93' title='bbox 1471 1481 1563 1549; x_wconf 88' lang='lat' dir='ltr'><strong>qui</strong></span> <span class='ocrx_word' id='word_1_94' title='bbox 1618 1481 1818 1537; x_wconf 91' lang='lat' dir='ltr'><strong>dicitur</strong></span> <span class='ocrx_word' id='word_1_95' title='bbox 1850 1483 2197 1548; x_wconf 85' lang='lat' dir='ltr'><strong>audientium,</strong></span> <span class='ocrx_word' id='word_1_96' title='bbox 2231 1496 2356 1541; x_wconf 91' lang='lat' dir='ltr'><strong>ante</strong></span> 
     </span>
    </p>
   </div>
   <div class='ocr_carea' id='block_1_16' title="bbox 680 1573 2352 1640">
    <p class='ocr_par' dir='ltr' id='par_1_16' title="bbox 680 1573 2352 1640">
     <span class='ocr_line' id='line_1_16' title="bbox 680 1573 2352 1640; baseline 0.008 -21"><span class='ocrx_word' id='word_1_97' title='bbox 680 1598 682 1600; x_wconf 97' lang='lat'><strong><em>-</em></strong></span> <span class='ocrx_word' id='word_1_98' title='bbox 780 1577 984 1636; x_wconf 87' lang='lat' dir='ltr'><strong>portas,</strong></span> <span class='ocrx_word' id='word_1_99' title='bbox 1029 1584 1151 1640; x_wconf 69' lang='lat' dir='ltr'><strong>quae</strong></span> <span class='ocrx_word' id='word_1_100' title='bbox 1193 1573 1428 1626; x_wconf 64' lang='lat' dir='ltr'><strong>basilicae</strong></span> <span class='ocrx_word' id='word_1_101' title='bbox 1451 1573 1729 1640; x_wconf 91' lang='lat' dir='ltr'><strong>dicuntur,</strong></span> <span class='ocrx_word' id='word_1_102' title='bbox 1777 1575 1842 1628; x_wconf 89' lang='lat' dir='ltr'><strong>ad</strong></span> <span class='ocrx_word' id='word_1_103' title='bbox 1884 1575 2216 1632; x_wconf 87' lang='lat' dir='ltr'><strong>audiendum</strong></span> <span class='ocrx_word' id='word_1_104' title='bbox 2237 1578 2352 1632; x_wconf 79' lang='lat' dir='ltr'><strong>olli-</strong></span> 
     </span>
    </p>
   </div>
   <div class='ocr_carea' id='block_1_17' title="bbox 777 1653 2350 1736">
    <p class='ocr_par' dir='ltr' id='par_1_17' title="bbox 777 1653 2350 1736">
     <span class='ocr_line' id='line_1_17' title="bbox 777 1653 2350 1736; baseline 0.008 -25"><span class='ocrx_word' id='word_1_105' title='bbox 777 1659 921 1714; x_wconf 90' lang='lat' dir='ltr'><strong>cium</strong></span> <span class='ocrx_word' id='word_1_106' title='bbox 945 1703 961 1728; x_wconf 92' lang='lat'><strong>,</strong></span> <span class='ocrx_word' id='word_1_107' title='bbox 1010 1663 1102 1717; x_wconf 88' lang='lat' dir='ltr'><strong>ubi</strong></span> <span class='ocrx_word' id='word_1_108' title='bbox 1155 1653 1479 1731; x_wconf 71' lang='lat' dir='ltr'><strong>pmnitentes</strong></span> <span class='ocrx_word' id='word_1_109' title='bbox 1517 1665 1761 1720; x_wconf 90' lang='lat' dir='ltr'><strong>divinum</strong></span> <span class='ocrx_word' id='word_1_110' title='bbox 1795 1666 2031 1721; x_wconf 82' lang='lat' dir='ltr'><strong>cilicium</strong></span> <span class='ocrx_word' id='word_1_111' title='bbox 2072 1669 2350 1736; x_wconf 88' lang='lat' dir='ltr'><strong>audiunt;</strong></span> 
     </span>
    </p>
   </div>
   <div class='ocr_carea' id='block_1_18' title="bbox 777 1755 2354 1825">
    <p class='ocr_par' dir='ltr' id='par_1_18' title="bbox 777 1755 2354 1825">
     <span class='ocr_line' id='line_1_18' title="bbox 777 1755 2354 1825; baseline 0.001 -13"><span class='ocrx_word' id='word_1_112' title='bbox 777 1755 1264 1825; x_wconf 89' lang='lat' dir='ltr'><strong>subsequestratio,</strong></span> <span class='ocrx_word' id='word_1_113' title='bbox 1297 1770 1420 1825; x_wconf 69' lang='lat' dir='ltr'><strong>qua:</strong></span> <span class='ocrx_word' id='word_1_114' title='bbox 1443 1765 1526 1810; x_wconf 90' lang='lat' dir='ltr'><strong>est</strong></span> <span class='ocrx_word' id='word_1_115' title='bbox 1565 1757 1728 1812; x_wconf 82' lang='lat' dir='ltr'><strong>statio</strong></span> <span class='ocrx_word' id='word_1_116' title='bbox 1775 1759 2035 1825; x_wconf 66' lang='lat' dir='ltr'><strong>ecclesiae,</strong></span> <span class='ocrx_word' id='word_1_117' title='bbox 2069 1760 2209 1814; x_wconf 89' lang='lat' dir='ltr'><strong>intra</strong></span> <span class='ocrx_word' id='word_1_118' title='bbox 2237 1775 2354 1814; x_wconf 88' lang='lat' dir='ltr'><strong>am-</strong></span> 
     </span>
    </p>
   </div>
   <div class='ocr_carea' id='block_1_19' title="bbox 779 1846 2350 1919">
    <p class='ocr_par' dir='ltr' id='par_1_19' title="bbox 779 1846 2350 1919">
     <span class='ocr_line' id='line_1_19' title="bbox 779 1846 2350 1919; baseline 0.001 -16"><span class='ocrx_word' id='word_1_119' title='bbox 779 1849 950 1904; x_wconf 89' lang='lat' dir='ltr'><strong>bitum</strong></span> <span class='ocrx_word' id='word_1_120' title='bbox 979 1847 1242 1913; x_wconf 67' lang='lat' dir='ltr'><strong>ecclesiae,</strong></span> <span class='ocrx_word' id='word_1_121' title='bbox 1278 1846 1330 1900; x_wconf 93' lang='lat' dir='ltr'><strong>in</strong></span> <span class='ocrx_word' id='word_1_122' title='bbox 1362 1847 1648 1916; x_wconf 88' lang='lat' dir='ltr'><strong>posteriori</strong></span> <span class='ocrx_word' id='word_1_123' title='bbox 1690 1858 1843 1919; x_wconf 89' lang='lat' dir='ltr'><strong>parte</strong></span> <span class='ocrx_word' id='word_1_124' title='bbox 1872 1850 2141 1905; x_wconf 89' lang='lat' dir='ltr'><strong>ambonis.</strong></span> <span class='ocrx_word' id='word_1_125' title='bbox 2194 1849 2350 1906; x_wconf 87' lang='lat' dir='ltr'><strong>Unde</strong></span> 
     </span>
    </p>
   </div>
   <div class='ocr_carea' id='block_1_20' title="bbox 776 1939 2351 2014">
    <p class='ocr_par' dir='ltr' id='par_1_20' title="bbox 776 1939 2351 2014">
     <span class='ocr_line' id='line_1_20' title="bbox 776 1939 2351 2014; baseline 0.001 -18"><span class='ocrx_word' id='word_1_126' title='bbox 776 1951 851 2009; x_wconf 90' lang='lat' dir='ltr'><strong>et,</strong></span> <span class='ocrx_word' id='word_1_127' title='bbox 880 1939 973 2010; x_wconf 89' lang='lat' dir='ltr'><strong>qui</strong></span> <span class='ocrx_word' id='word_1_128' title='bbox 1019 1939 1090 1993; x_wconf 89' lang='lat' dir='ltr'><strong>ibi</strong></span> <span class='ocrx_word' id='word_1_129' title='bbox 1112 1949 1214 2006; x_wconf 90' lang='lat' dir='ltr'><strong>est,</strong></span> <span class='ocrx_word' id='word_1_130' title='bbox 1247 1939 1302 1993; x_wconf 92' lang='lat' dir='ltr'><strong>in</strong></span> <span class='ocrx_word' id='word_1_131' title='bbox 1329 1939 1724 1996; x_wconf 83' lang='lat' dir='ltr'><strong>exclamatione</strong></span> <span class='ocrx_word' id='word_1_132' title='bbox 1753 1958 1876 2012; x_wconf 81' lang='lat' dir='ltr'><strong>quae</strong></span> <span class='ocrx_word' id='word_1_133' title='bbox 1913 1943 1972 1998; x_wconf 85' lang='lat' dir='ltr'><strong>lit</strong></span> <span class='ocrx_word' id='word_1_134' title='bbox 2006 1943 2073 1998; x_wconf 89' lang='lat' dir='ltr'><strong>ad</strong></span> <span class='ocrx_word' id='word_1_135' title='bbox 2101 1959 2351 2014; x_wconf 87' lang='lat' dir='ltr'><strong>egressu-</strong></span> 
     </span>
    </p>
   </div>
   <div class='ocr_carea' id='block_1_21' title="bbox 775 2032 2348 2107">
    <p class='ocr_par' dir='ltr' id='par_1_21' title="bbox 775 2032 2348 2107">
     <span class='ocr_line' id='line_1_21' title="bbox 775 2032 2348 2107; baseline 0.003 -19"><span class='ocrx_word' id='word_1_136' title='bbox 775 2047 891 2096; x_wconf 88' lang='lat' dir='ltr'><strong>ros,</strong></span> <span class='ocrx_word' id='word_1_137' title='bbox 925 2040 980 2087; x_wconf 84' lang='lat' dir='ltr'><strong>et</strong></span> <span class='ocrx_word' id='word_1_138' title='bbox 1012 2032 1128 2102; x_wconf 87' lang='lat' dir='ltr'><strong>ipse</strong></span> <span class='ocrx_word' id='word_1_139' title='bbox 1155 2047 1275 2088; x_wconf 90' lang='lat' dir='ltr'><strong>cum</strong></span> <span class='ocrx_word' id='word_1_140' title='bbox 1305 2033 1385 2086; x_wconf 89' lang='lat' dir='ltr'><strong>eis</strong></span> <span class='ocrx_word' id='word_1_141' title='bbox 1414 2034 1692 2104; x_wconf 82' lang='lat' dir='ltr'><strong>egreditur</strong></span> <span class='ocrx_word' id='word_1_142' title='bbox 1721 2037 2132 2102; x_wconf 80' lang='lat' dir='ltr'><strong>consistorium,</strong></span> <span class='ocrx_word' id='word_1_143' title='bbox 2167 2039 2348 2107; x_wconf 89' lang='lat' dir='ltr'><strong>ibique</strong></span> 
     </span>
    </p>
   </div>
   <div class='ocr_carea' id='block_1_22' title="bbox 776 2125 2350 2202">
    <p class='ocr_par' dir='ltr' id='par_1_22' title="bbox 776 2125 2350 2202">
     <span class='ocr_line' id='line_1_22' title="bbox 776 2125 2350 2202; baseline 0.004 -22"><span class='ocrx_word' id='word_1_144' title='bbox 776 2125 1052 2191; x_wconf 86' lang='lat' dir='ltr'><strong>statuitur,</strong></span> <span class='ocrx_word' id='word_1_145' title='bbox 1081 2125 1172 2195; x_wconf 87' lang='lat' dir='ltr'><strong>qui</strong></span> <span class='ocrx_word' id='word_1_146' title='bbox 1203 2141 1377 2194; x_wconf 92' lang='lat' dir='ltr'><strong>usque</strong></span> <span class='ocrx_word' id='word_1_147' title='bbox 1404 2126 1471 2179; x_wconf 90' lang='lat' dir='ltr'><strong>ad</strong></span> <span class='ocrx_word' id='word_1_148' title='bbox 1500 2127 1953 2196; x_wconf 89' lang='lat' dir='ltr'><strong>complementum</strong></span> <span class='ocrx_word' id='word_1_149' title='bbox 1981 2133 2121 2185; x_wconf 85' lang='lat' dir='ltr'><strong>sacri</strong></span> <span class='ocrx_word' id='word_1_150' title='bbox 2147 2142 2350 2202; x_wconf 84' lang='lat' dir='ltr'><strong>myste-</strong></span> 
     </span>
    </p>
   </div>
   <div class='ocr_carea' id='block_1_23' title="bbox 777 2216 2349 2290">
    <p class='ocr_par' dir='ltr' id='par_1_23' title="bbox 777 2216 2349 2290">
     <span class='ocr_line' id='line_1_23' title="bbox 777 2216 2349 2290; baseline 0.004 -19"><span class='ocrx_word' id='word_1_151' title='bbox 777 2217 844 2272; x_wconf 91' lang='lat' dir='ltr'><strong>rii</strong></span> <span class='ocrx_word' id='word_1_152' title='bbox 873 2227 1238 2288; x_wconf 87' lang='lat' dir='ltr'><strong>perseverant.</strong></span> <span class='ocrx_word' id='word_1_153' title='bbox 1285 2216 1460 2272; x_wconf 89' lang='lat' dir='ltr'><strong>Statio</strong></span> <span class='ocrx_word' id='word_1_154' title='bbox 1479 2234 1607 2272; x_wconf 83' lang='lat' dir='ltr'><strong>vero</strong></span> <span class='ocrx_word' id='word_1_155' title='bbox 1635 2235 1758 2274; x_wconf 90' lang='lat' dir='ltr'><strong>cum</strong></span> <span class='ocrx_word' id='word_1_156' title='bbox 1793 2221 2064 2286; x_wconf 83' lang='lat' dir='ltr'><strong>fidelibus,</strong></span> <span class='ocrx_word' id='word_1_157' title='bbox 2098 2223 2156 2276; x_wconf 82' lang='lat' dir='ltr'><strong>fit</strong></span> <span class='ocrx_word' id='word_1_158' title='bbox 2183 2223 2349 2290; x_wconf 89' lang='lat' dir='ltr'><strong>parti-</strong></span> 
     </span>
    </p>
   </div>
   <div class='ocr_carea' id='block_1_24' title="bbox 776 2309 2350 2379">
    <p class='ocr_par' dir='ltr' id='par_1_24' title="bbox 776 2309 2350 2379">
     <span class='ocr_line' id='line_1_24' title="bbox 776 2309 2350 2379; baseline 0.003 -16"><span class='ocrx_word' id='word_1_159' title='bbox 776 2310 980 2379; x_wconf 88' lang='lat' dir='ltr'><strong>cipatio</strong></span> <span class='ocrx_word' id='word_1_160' title='bbox 1014 2309 1214 2364; x_wconf 83' lang='lat' dir='ltr'><strong>viviﬁci</strong></span> <span class='ocrx_word' id='word_1_161' title='bbox 1260 2310 1448 2379; x_wconf 87' lang='lat' dir='ltr'><strong>panis,</strong></span> <span class='ocrx_word' id='word_1_162' title='bbox 1494 2318 1550 2364; x_wconf 91' lang='lat' dir='ltr'><strong>et</strong></span> <span class='ocrx_word' id='word_1_163' title='bbox 1591 2312 2020 2366; x_wconf 88' lang='lat' dir='ltr'><strong>communicatio</strong></span> <span class='ocrx_word' id='word_1_164' title='bbox 2053 2320 2110 2366; x_wconf 90' lang='lat' dir='ltr'><strong>et</strong></span> <span class='ocrx_word' id='word_1_165' title='bbox 2163 2313 2350 2368; x_wconf 89' lang='lat' dir='ltr'><strong>libatio</strong></span> 
     </span>
    </p>
   </div>
   <div class='ocr_carea' id='block_1_25' title="bbox 774 2398 2344 2472">
    <p class='ocr_par' dir='ltr' id='par_1_25' title="bbox 774 2398 2344 2472">
     <span class='ocr_line' id='line_1_25' title="bbox 774 2398 2344 2472; baseline 0.002 -16"><span class='ocrx_word' id='word_1_166' title='bbox 774 2400 963 2456; x_wconf 86' lang='lat' dir='ltr'><strong>calicis</strong></span> <span class='ocrx_word' id='word_1_167' title='bbox 981 2399 1212 2455; x_wconf 88' lang='lat' dir='ltr'><strong>Domini.</strong></span> <span class='ocrx_word' id='word_1_168' title='bbox 1235 2398 1369 2456; x_wconf 84' lang='lat' dir='ltr'><strong>Cum</strong></span> <span class='ocrx_word' id='word_1_169' title='bbox 1392 2416 1423 2454; x_wconf 88' lang='lat' dir='ltr'><strong>a</strong></span> <span class='ocrx_word' id='word_1_170' title='bbox 1441 2400 1712 2455; x_wconf 84' lang='lat' dir='ltr'><strong>mendacio</strong></span> <span class='ocrx_word' id='word_1_171' title='bbox 1735 2403 1917 2456; x_wconf 84' lang='lat' dir='ltr'><strong>mundi</strong></span> <span class='ocrx_word' id='word_1_172' title='bbox 1943 2402 2220 2472; x_wconf 79' lang='lat' dir='ltr'><strong>fuerimus,</strong></span> <span class='ocrx_word' id='word_1_173' title='bbox 2239 2413 2344 2460; x_wconf 90' lang='lat' dir='ltr'><strong>etc.</strong></span> 
     </span>
    </p>
   </div>
   <div class='ocr_carea' id='block_1_26' title="bbox 775 2493 2346 2564">
    <p class='ocr_par' dir='ltr' id='par_1_26' title="bbox 775 2493 2346 2564">
     <span class='ocr_line' id='line_1_26' title="bbox 775 2493 2346 2564; baseline 0.001 -16"><span class='ocrx_word' id='word_1_174' title='bbox 775 2495 873 2549; x_wconf 72' lang='lat' dir='ltr'><strong>list</strong></span> <span class='ocrx_word' id='word_1_175' title='bbox 926 2503 1144 2557; x_wconf 89' lang='lat' dir='ltr'><strong>autem,</strong></span> <span class='ocrx_word' id='word_1_176' title='bbox 1206 2493 1416 2562; x_wconf 90' lang='lat' dir='ltr'><strong>inquit,</strong></span> <span class='ocrx_word' id='word_1_177' title='bbox 1478 2494 1698 2563; x_wconf 86' lang='lat' dir='ltr'><strong>quando</strong></span> <span class='ocrx_word' id='word_1_178' title='bbox 1754 2506 1966 2564; x_wconf 89' lang='lat' dir='ltr'><strong>tempus</strong></span> <span class='ocrx_word' id='word_1_179' title='bbox 2007 2504 2172 2550; x_wconf 65' lang='lat' dir='ltr'><strong>vocat</strong></span> <span class='ocrx_word' id='word_1_180' title='bbox 2223 2511 2346 2550; x_wconf 90' lang='lat' dir='ltr'><strong>eum</strong></span> 
     </span>
    </p>
   </div>
   <div class='ocr_carea' id='block_1_27' title="bbox 774 2584 2346 2658">
    <p class='ocr_par' dir='ltr' id='par_1_27' title="bbox 774 2584 2346 2658">
     <span class='ocr_line' id='line_1_27' title="bbox 774 2584 2346 2658; baseline 0.002 -19"><span class='ocrx_word' id='word_1_181' title='bbox 774 2586 869 2656; x_wconf 89' lang='lat' dir='ltr'><strong>qui</strong></span> <span class='ocrx_word' id='word_1_182' title='bbox 928 2587 983 2640; x_wconf 92' lang='lat' dir='ltr'><strong>in</strong></span> <span class='ocrx_word' id='word_1_183' title='bbox 1027 2585 1281 2641; x_wconf 89' lang='lat' dir='ltr'><strong>omnibus</strong></span> <span class='ocrx_word' id='word_1_184' title='bbox 1309 2595 1364 2640; x_wconf 90' lang='lat' dir='ltr'><strong>et</strong></span> <span class='ocrx_word' id='word_1_185' title='bbox 1393 2584 1598 2656; x_wconf 90' lang='lat' dir='ltr'><strong>ubique</strong></span> <span class='ocrx_word' id='word_1_186' title='bbox 1643 2601 1803 2641; x_wconf 80' lang='lat' dir='ltr'><strong>verax</strong></span> <span class='ocrx_word' id='word_1_187' title='bbox 1853 2597 1937 2642; x_wconf 93' lang='lat' dir='ltr'><strong>est</strong></span> <span class='ocrx_word' id='word_1_188' title='bbox 1993 2598 2046 2643; x_wconf 88' lang='lat' dir='ltr'><strong>et</strong></span> <span class='ocrx_word' id='word_1_189' title='bbox 2094 2588 2346 2658; x_wconf 86' lang='lat' dir='ltr'><strong>simplex,</strong></span> 
     </span>
    </p>
   </div>
   <div class='ocr_carea' id='block_1_28' title="bbox 773 2678 2345 2750">
    <p class='ocr_par' dir='ltr' id='par_1_28' title="bbox 773 2678 2345 2750">
     <span class='ocr_line' id='line_1_28' title="bbox 773 2678 2345 2750; baseline 0.002 -17"><span class='ocrx_word' id='word_1_190' title='bbox 773 2687 1107 2733; x_wconf 88' lang='lat' dir='ltr'><strong>commutare</strong></span> <span class='ocrx_word' id='word_1_191' title='bbox 1127 2687 1221 2733; x_wconf 91' lang='lat' dir='ltr'><strong>aut</strong></span> <span class='ocrx_word' id='word_1_192' title='bbox 1237 2678 1483 2744; x_wconf 86' lang='lat' dir='ltr'><strong>verbum,</strong></span> <span class='ocrx_word' id='word_1_193' title='bbox 1501 2688 1758 2742; x_wconf 90' lang='lat' dir='ltr'><strong>mortem,</strong></span> <span class='ocrx_word' id='word_1_194' title='bbox 1779 2688 1872 2734; x_wconf 90' lang='lat' dir='ltr'><strong>aut</strong></span> <span class='ocrx_word' id='word_1_195' title='bbox 1894 2680 2345 2750; x_wconf 88' lang='lat' dir='ltr'><strong>suppositionem,</strong></span> 
     </span>
    </p>
   </div>
   <div class='ocr_carea' id='block_1_29' title="bbox 774 2769 2345 2836">
    <p class='ocr_par' dir='ltr' id='par_1_29' title="bbox 774 2769 2345 2836">
     <span class='ocr_line' id='line_1_29' title="bbox 774 2769 2345 2836; baseline 0.003 -12"><span class='ocrx_word' id='word_1_196' title='bbox 774 2770 942 2826; x_wconf 88' lang='lat' dir='ltr'><strong>habes</strong></span> <span class='ocrx_word' id='word_1_197' title='bbox 1000 2771 1208 2836; x_wconf 87' lang='lat' dir='ltr'><strong>David,</strong></span> <span class='ocrx_word' id='word_1_198' title='bbox 1246 2770 1564 2836; x_wconf 80' lang='lat' dir='ltr'><strong>Abraham,</strong></span> <span class='ocrx_word' id='word_1_199' title='bbox 1620 2769 1773 2826; x_wconf 80' lang='lat' dir='ltr'><strong>Raab</strong></span> <span class='ocrx_word' id='word_1_200' title='bbox 1817 2781 1871 2828; x_wconf 89' lang='lat' dir='ltr'><strong>et</strong></span> <span class='ocrx_word' id='word_1_201' title='bbox 1925 2772 2229 2828; x_wconf 90' lang='lat' dir='ltr'><strong>Samuclem</strong></span> <span class='ocrx_word' id='word_1_202' title='bbox 2295 2773 2345 2828; x_wconf 93' lang='lat' dir='ltr'><strong>in</strong></span> 
     </span>
    </p>
   </div>
   <div class='ocr_carea' id='block_1_30' title="bbox 767 2862 1264 2919">
    <p class='ocr_par' dir='ltr' id='par_1_30' title="bbox 767 2862 1264 2919">
     <span class='ocr_line' id='line_1_30' title="bbox 767 2862 1264 2919; baseline -0.006 -1"><span class='ocrx_word' id='word_1_203' title='bbox 767 2862 1032 2919; x_wconf 83' lang='lat' dir='ltr'><strong>unctione</strong></span> <span class='ocrx_word' id='word_1_204' title='bbox 1073 2862 1264 2918; x_wconf 88' lang='lat' dir='ltr'><strong>David.</strong></span> 
     </span>
    </p>
   </div>
   <div class='ocr_carea' id='block_1_31' title="bbox 1405 2953 1710 3010">
    <p class='ocr_par' dir='ltr' id='par_1_31' title="bbox 1405 2953 1710 3010">
     <span class='ocr_line' id='line_1_31' title="bbox 1405 2953 1710 3010; baseline 0 0"><span class='ocrx_word' id='word_1_205' title='bbox 1405 2955 1535 3010; x_wconf 71' lang='lat' dir='ltr'><strong>Cu.</strong></span> <span class='ocrx_word' id='word_1_206' title='bbox 1573 2953 1710 3010; x_wconf 76' lang='lat' dir='ltr'><strong>XIII.</strong></span> 
     </span>
    </p>
   </div>
   <div class='ocr_carea' id='block_1_32' title="bbox 839 3047 2343 3124">
    <p class='ocr_par' dir='ltr' id='par_1_32' title="bbox 839 3047 2343 3124">
     <span class='ocr_line' id='line_1_32' title="bbox 839 3047 2343 3124; baseline 0.001 -22"><span class='ocrx_word' id='word_1_207' title='bbox 839 3047 949 3115; x_wconf 81' lang='lat' dir='ltr'><strong>Qui</strong></span> <span class='ocrx_word' id='word_1_208' title='bbox 1001 3048 1164 3118; x_wconf 87' lang='lat' dir='ltr'><strong>igitur</strong></span> <span class='ocrx_word' id='word_1_209' title='bbox 1203 3048 1434 3115; x_wconf 87' lang='lat' dir='ltr'><strong>primum</strong></span> <span class='ocrx_word' id='word_1_210' title='bbox 1479 3048 1793 3124; x_wconf 78' lang='lat' dir='ltr'><strong>mandatum</strong></span> <span class='ocrx_word' id='word_1_211' title='bbox 1833 3058 2065 3104; x_wconf 83' lang='lat' dir='ltr'><strong>servant.</strong></span> <span class='ocrx_word' id='word_1_212' title='bbox 2136 3047 2239 3115; x_wconf 91' lang='lat' dir='ltr'><strong>Qui</strong></span> <span class='ocrx_word' id='word_1_213' title='bbox 2277 3064 2343 3104; x_wconf 87' lang='lat' dir='ltr'><strong>ex</strong></span> 
     </span>
    </p>
   </div>
   <div class='ocr_carea' id='block_1_33' title="bbox 769 3138 2411 3226">
    <p class='ocr_par' dir='ltr' id='par_1_33' title="bbox 769 3138 2411 3226">
     <span class='ocr_line' id='line_1_33' title="bbox 769 3138 2411 3226; baseline 0 -31"><span class='ocrx_word' id='word_1_214' title='bbox 769 3139 969 3196; x_wconf 81' lang='lat' dir='ltr'><strong>timore</strong></span> <span class='ocrx_word' id='word_1_215' title='bbox 993 3138 1210 3194; x_wconf 86' lang='lat' dir='ltr'><strong>Domini</strong></span> <span class='ocrx_word' id='word_1_216' title='bbox 1239 3139 1492 3211; x_wconf 85' lang='lat' dir='ltr'><strong>agonizat</strong></span> <span class='ocrx_word' id='word_1_217' title='bbox 1518 3149 1572 3195; x_wconf 90' lang='lat' dir='ltr'><strong>et</strong></span> <span class='ocrx_word' id='word_1_218' title='bbox 1602 3141 1859 3202; x_wconf 89' lang='lat' dir='ltr'><strong>luctatur,</strong></span> <span class='ocrx_word' id='word_1_219' title='bbox 1893 3149 1952 3194; x_wconf 92' lang='lat' dir='ltr'><strong>ut</strong></span> <span class='ocrx_word' id='word_1_220' title='bbox 1977 3141 2085 3194; x_wconf 87' lang='lat' dir='ltr'><strong>Deo</strong></span> <span class='ocrx_word' id='word_1_221' title='bbox 2112 3141 2339 3210; x_wconf 86' lang='lat' dir='ltr'><strong>placeat,</strong></span> <span class='ocrx_word' id='word_1_222' title='bbox 2369 3170 2411 3226; x_wconf 66' lang='grc' dir='ltr'><em>ε</em></span> 
     </span>
    </p>
   </div>
   <div class='ocr_carea' id='block_1_34' title="bbox 772 3227 2337 3298">
    <p class='ocr_par' dir='ltr' id='par_1_34' title="bbox 772 3227 2337 3298">
     <span class='ocr_line' id='line_1_34' title="bbox 772 3227 2337 3298; baseline 0.002 -16"><span class='ocrx_word' id='word_1_223' title='bbox 772 3231 873 3285; x_wconf 89' lang='lat' dir='ltr'><strong>iste</strong></span> <span class='ocrx_word' id='word_1_224' title='bbox 903 3244 934 3283; x_wconf 89' lang='lat' dir='ltr'><strong>a</strong></span> <span class='ocrx_word' id='word_1_225' title='bbox 964 3229 1158 3284; x_wconf 88' lang='lat' dir='ltr'><strong>timore</strong></span> <span class='ocrx_word' id='word_1_226' title='bbox 1177 3229 1403 3293; x_wconf 86' lang='lat' dir='ltr'><strong>carnali,</strong></span> <span class='ocrx_word' id='word_1_227' title='bbox 1431 3237 1486 3282; x_wconf 90' lang='lat' dir='ltr'><strong>et</strong></span> <span class='ocrx_word' id='word_1_228' title='bbox 1524 3227 1667 3298; x_wconf 91' lang='lat' dir='ltr'><strong>gula,</strong></span> <span class='ocrx_word' id='word_1_229' title='bbox 1701 3239 1756 3282; x_wconf 90' lang='lat' dir='ltr'><strong>et</strong></span> <span class='ocrx_word' id='word_1_230' title='bbox 1782 3229 2018 3284; x_wconf 80' lang='lat' dir='ltr'><strong>vanitate</strong></span> <span class='ocrx_word' id='word_1_231' title='bbox 2041 3229 2166 3285; x_wconf 62' lang='lat' dir='ltr'><strong>vita;</strong></span> <span class='ocrx_word' id='word_1_232' title='bbox 2202 3230 2337 3286; x_wconf 81' lang='lat' dir='ltr'><strong>Iibe-</strong></span> 
     </span>
    </p>
   </div>
   <div class='ocr_carea' id='block_1_35' title="bbox 769 3315 2341 3388">
    <p class='ocr_par' dir='ltr' id='par_1_35' title="bbox 769 3315 2341 3388">
     <span class='ocr_line' id='line_1_35' title="bbox 769 3315 2341 3388; baseline 0.002 -16"><span class='ocrx_word' id='word_1_233' title='bbox 769 3328 945 3383; x_wconf 85' lang='lat' dir='ltr'><strong>ratus,</strong></span> <span class='ocrx_word' id='word_1_234' title='bbox 972 3316 1440 3372; x_wconf 75' lang='lat' dir='ltr'><strong>conversationem</strong></span> <span class='ocrx_word' id='word_1_235' title='bbox 1473 3315 1636 3371; x_wconf 86' lang='lat' dir='ltr'><strong>habet</strong></span> <span class='ocrx_word' id='word_1_236' title='bbox 1671 3317 1726 3371; x_wconf 88' lang='lat' dir='ltr'><strong>in</strong></span> <span class='ocrx_word' id='word_1_237' title='bbox 1759 3318 1931 3372; x_wconf 67' lang='lat' dir='ltr'><strong>caelo:</strong></span> <span class='ocrx_word' id='word_1_238' title='bbox 1968 3321 2098 3388; x_wconf 85' lang='lat' dir='ltr'><strong>quia</strong></span> <span class='ocrx_word' id='word_1_239' title='bbox 2127 3335 2192 3374; x_wconf 77' lang='lat' dir='ltr'><strong>ex</strong></span> <span class='ocrx_word' id='word_1_240' title='bbox 2223 3336 2341 3375; x_wconf 90' lang='lat' dir='ltr'><strong>ecr-</strong></span> 
     </span>
    </p>
   </div>
   <div class='ocr_carea' id='block_1_36' title="bbox 771 3405 2342 3474">
    <p class='ocr_par' dir='ltr' id='par_1_36' title="bbox 771 3405 2342 3474">
     <span class='ocr_line' id='line_1_36' title="bbox 771 3405 2342 3474; baseline 0.003 -13"><span class='ocrx_word' id='word_1_241' title='bbox 771 3406 1090 3473; x_wconf 87' lang='lat' dir='ltr'><strong>taminibus,</strong></span> <span class='ocrx_word' id='word_1_242' title='bbox 1114 3405 1436 3472; x_wconf 75' lang='lat' dir='ltr'><strong>humilitas;</strong></span> <span class='ocrx_word' id='word_1_243' title='bbox 1465 3421 1533 3461; x_wconf 91' lang='lat' dir='ltr'><strong>ex</strong></span> <span class='ocrx_word' id='word_1_244' title='bbox 1565 3407 1889 3474; x_wconf 82' lang='lat' dir='ltr'><strong>humilitate,</strong></span> <span class='ocrx_word' id='word_1_245' title='bbox 1922 3408 2104 3464; x_wconf 89' lang='lat' dir='ltr'><strong>divina</strong></span> <span class='ocrx_word' id='word_1_246' title='bbox 2136 3410 2342 3465; x_wconf 84' lang='lat' dir='ltr'><strong>illumi-</strong></span> 
     </span>
    </p>
   </div>
   <div class='ocr_carea' id='block_1_37' title="bbox 769 3493 2340 3560">
    <p class='ocr_par' dir='ltr' id='par_1_37' title="bbox 769 3493 2340 3560">
     <span class='ocr_line' id='line_1_37' title="bbox 769 3493 2340 3560; baseline 0.003 -12"><span class='ocrx_word' id='word_1_247' title='bbox 769 3494 957 3560; x_wconf 87' lang='lat' dir='ltr'><strong>natio;</strong></span> <span class='ocrx_word' id='word_1_248' title='bbox 993 3510 1062 3548; x_wconf 87' lang='lat' dir='ltr'><strong>ex</strong></span> <span class='ocrx_word' id='word_1_249' title='bbox 1097 3493 1282 3548; x_wconf 87' lang='lat' dir='ltr'><strong>divina</strong></span> <span class='ocrx_word' id='word_1_250' title='bbox 1313 3502 1495 3548; x_wconf 89' lang='lat' dir='ltr'><strong>autem</strong></span> <span class='ocrx_word' id='word_1_251' title='bbox 1521 3493 1939 3557; x_wconf 89' lang='lat' dir='ltr'><strong>illuminatione.</strong></span> <span class='ocrx_word' id='word_1_252' title='bbox 1980 3498 2208 3553; x_wconf 86' lang='lat' dir='ltr'><strong>castitas</strong></span> <span class='ocrx_word' id='word_1_253' title='bbox 2244 3499 2340 3552; x_wconf 88' lang='lat' dir='ltr'><strong>ad-</strong></span> 
     </span>
    </p>
   </div>
   <div class='ocr_carea' id='block_1_38' title="bbox 769 3588 2339 3658">
    <p class='ocr_par' dir='ltr' id='par_1_38' title="bbox 769 3588 2339 3658">
     <span class='ocr_line' id='line_1_38' title="bbox 769 3588 2339 3658; baseline 0.002 -16"><span class='ocrx_word' id='word_1_254' title='bbox 769 3591 918 3644; x_wconf 89' lang='lat' dir='ltr'><strong>venit</strong></span> <span class='ocrx_word' id='word_1_255' title='bbox 959 3588 1202 3653; x_wconf 88' lang='lat' dir='ltr'><strong>homini,</strong></span> <span class='ocrx_word' id='word_1_256' title='bbox 1233 3595 1287 3642; x_wconf 89' lang='lat' dir='ltr'><strong>et</strong></span> <span class='ocrx_word' id='word_1_257' title='bbox 1329 3589 1400 3642; x_wconf 87' lang='lat' dir='ltr'><strong>ita</strong></span> <span class='ocrx_word' id='word_1_258' title='bbox 1443 3597 1625 3642; x_wconf 89' lang='lat' dir='ltr'><strong>manet</strong></span> <span class='ocrx_word' id='word_1_259' title='bbox 1680 3588 2105 3658; x_wconf 78' lang='lat' dir='ltr'><strong>regenerationis</strong></span> <span class='ocrx_word' id='word_1_260' title='bbox 2135 3589 2339 3645; x_wconf 87' lang='lat' dir='ltr'><strong>Christi</strong></span> 
     </span>
    </p>
   </div>
   <div class='ocr_carea' id='block_1_39' title="bbox 773 3683 2342 3754">
    <p class='ocr_par' dir='ltr' id='par_1_39' title="bbox 773 3683 2342 3754">
     <span class='ocr_line' id='line_1_39' title="bbox 773 3683 2342 3754; baseline 0.001 -14"><span class='ocrx_word' id='word_1_261' title='bbox 773 3685 934 3748; x_wconf 79' lang='lat' dir='ltr'><strong>illius,</strong></span> <span class='ocrx_word' id='word_1_262' title='bbox 969 3685 1230 3739; x_wconf 88' lang='lat' dir='ltr'><strong>liberatus</strong></span> <span class='ocrx_word' id='word_1_263' title='bbox 1276 3699 1306 3737; x_wconf 92' lang='lat' dir='ltr'><strong>a</strong></span> <span class='ocrx_word' id='word_1_264' title='bbox 1342 3683 1595 3754; x_wconf 89' lang='lat' dir='ltr'><strong>contagio</strong></span> <span class='ocrx_word' id='word_1_265' title='bbox 1633 3684 2257 3753; x_wconf 70' lang='lat' dir='ltr'><strong>praevaricationis‘Adar</strong></span> <span class='ocrx_word' id='word_1_266' title='bbox 2286 3696 2342 3741; x_wconf 86' lang='lat' dir='ltr'><strong>et</strong></span> 
     </span>
    </p>
   </div>
   <div class='ocr_carea' id='block_1_40' title="bbox 771 3776 2342 3848">
    <p class='ocr_par' dir='ltr' id='par_1_40' title="bbox 771 3776 2342 3848">
     <span class='ocr_line' id='line_1_40' title="bbox 771 3776 2342 3848; baseline 0.001 -16"><span class='ocrx_word' id='word_1_267' title='bbox 771 3794 803 3833; x_wconf 71' lang='grc' dir='ltr'><strong>ει</strong></span> <span class='ocrx_word' id='word_1_268' title='bbox 844 3777 1223 3832; x_wconf 85' lang='lat' dir='ltr'><strong>maledictione</strong></span> <span class='ocrx_word' id='word_1_269' title='bbox 1271 3776 1440 3846; x_wconf 85' lang='lat' dir='ltr'><strong>legis,</strong></span> <span class='ocrx_word' id='word_1_270' title='bbox 1494 3776 1835 3846; x_wconf 83' lang='lat' dir='ltr'><strong>paulominus</strong></span> <span class='ocrx_word' id='word_1_271' title='bbox 1881 3778 1946 3830; x_wconf 84' lang='lat' dir='ltr'><strong>ab</strong></span> <span class='ocrx_word' id='word_1_272' title='bbox 1989 3777 2192 3847; x_wconf 83' lang='lat' dir='ltr'><strong>angelis</strong></span> <span class='ocrx_word' id='word_1_273' title='bbox 2245 3793 2342 3848; x_wconf 90' lang='lat' dir='ltr'><strong>per</strong></span> 
     </span>
    </p>
   </div>
   <div class='ocr_carea' id='block_1_41' title="bbox 773 3869 2341 3934">
    <p class='ocr_par' dir='ltr' id='par_1_41' title="bbox 773 3869 2341 3934">
     <span class='ocr_line' id='line_1_41' title="bbox 773 3869 2341 3934; baseline -0.001 -8"><span class='ocrx_word' id='word_1_274' title='bbox 773 3881 1000 3927; x_wconf 88' lang='lat' dir='ltr'><strong>mortem</strong></span> <span class='ocrx_word' id='word_1_275' title='bbox 1039 3871 1366 3934; x_wconf 85' lang='lat' dir='ltr'><strong>ntinoratus,</strong></span> <span class='ocrx_word' id='word_1_276' title='bbox 1401 3881 1460 3924; x_wconf 90' lang='lat' dir='ltr'><strong>ut</strong></span> <span class='ocrx_word' id='word_1_277' title='bbox 1497 3869 1676 3923; x_wconf 89' lang='lat' dir='ltr'><strong>taliter</strong></span> <span class='ocrx_word' id='word_1_278' title='bbox 1709 3869 2029 3925; x_wconf 88' lang='lat' dir='ltr'><strong>humiliatus</strong></span> <span class='ocrx_word' id='word_1_279' title='bbox 2061 3869 2242 3924; x_wconf 90' lang='lat' dir='ltr'><strong>odiret</strong></span> <span class='ocrx_word' id='word_1_280' title='bbox 2283 3878 2341 3925; x_wconf 89' lang='lat' dir='ltr'><strong>et</strong></span> 
     </span>
    </p>
   </div>
   <div class='ocr_carea' id='block_1_42' title="bbox 772 3961 2336 4033">
    <p class='ocr_par' dir='ltr' id='par_1_42' title="bbox 772 3961 2336 4033">
     <span class='ocr_line' id='line_1_42' title="bbox 772 3961 2336 4033; baseline 0 -17"><span class='ocrx_word' id='word_1_281' title='bbox 772 3963 1100 4019; x_wconf 85' lang='lat' dir='ltr'><strong>rescinderet</strong></span> <span class='ocrx_word' id='word_1_282' title='bbox 1145 3973 1422 4033; x_wconf 79' lang='lat' dir='ltr'><strong>peccatum</strong></span> <span class='ocrx_word' id='word_1_283' title='bbox 1445 4003 1460 4025; x_wconf 89' lang='lat'><strong>,</strong></span> <span class='ocrx_word' id='word_1_284' title='bbox 1490 3971 1544 4017; x_wconf 94' lang='lat' dir='ltr'><strong>et</strong></span> <span class='ocrx_word' id='word_1_285' title='bbox 1572 3970 1719 4017; x_wconf 89' lang='lat' dir='ltr'><strong>esset</strong></span> <span class='ocrx_word' id='word_1_286' title='bbox 1754 3976 1822 4016; x_wconf 87' lang='lat' dir='ltr'><strong>ex</strong></span> <span class='ocrx_word' id='word_1_287' title='bbox 1845 3961 2042 4016; x_wconf 90' lang='lat' dir='ltr'><strong>virtute</strong></span> <span class='ocrx_word' id='word_1_288' title='bbox 2070 3971 2123 4016; x_wconf 93' lang='lat' dir='ltr'><strong>et</strong></span> <span class='ocrx_word' id='word_1_289' title='bbox 2162 3962 2336 4032; x_wconf 88' lang='lat' dir='ltr'><strong>gratia</strong></span> 
     </span>
    </p>
   </div>
   <div class='ocr_carea' id='block_1_43' title="bbox 770 4053 2339 4124">
    <p class='ocr_par' dir='ltr' id='par_1_43' title="bbox 770 4053 2339 4124">
     <span class='ocr_line' id='line_1_43' title="bbox 770 4053 2339 4124; baseline 0.001 -15"><span class='ocrx_word' id='word_1_290' title='bbox 770 4054 939 4110; x_wconf 83' lang='lat' dir='ltr'><strong>Filius</strong></span> <span class='ocrx_word' id='word_1_291' title='bbox 981 4054 1095 4110; x_wconf 90' lang='lat' dir='ltr'><strong>Dei.</strong></span> <span class='ocrx_word' id='word_1_292' title='bbox 1141 4056 1519 4124; x_wconf 84' lang='lat' dir='ltr'><strong>Terrestrisque</strong></span> <span class='ocrx_word' id='word_1_293' title='bbox 1547 4053 1757 4124; x_wconf 78' lang='lat' dir='ltr'><strong>clypeus</strong></span> <span class='ocrx_word' id='word_1_294' title='bbox 1803 4053 1985 4114; x_wconf 84' lang='lat' dir='ltr'><strong>cordi,</strong></span> <span class='ocrx_word' id='word_1_295' title='bbox 2021 4055 2071 4107; x_wconf 93' lang='lat' dir='ltr'><strong>id</strong></span> <span class='ocrx_word' id='word_1_296' title='bbox 2103 4063 2210 4118; x_wconf 89' lang='lat' dir='ltr'><strong>est,</strong></span> <span class='ocrx_word' id='word_1_297' title='bbox 2249 4069 2339 4110; x_wconf 85' lang='lat' dir='ltr'><strong>re-</strong></span> 
     </span>
    </p>
   </div>
   <div class='ocr_carea' id='block_1_44' title="bbox 768 4146 2340 4217">
    <p class='ocr_par' dir='ltr' id='par_1_44' title="bbox 768 4146 2340 4217">
     <span class='ocr_line' id='line_1_44' title="bbox 768 4146 2340 4217; baseline -0.002 -14"><span class='ocrx_word' id='word_1_298' title='bbox 768 4151 1150 4203; x_wconf 87' lang='lat' dir='ltr'><strong>conversivum</strong></span> <span class='ocrx_word' id='word_1_299' title='bbox 1173 4157 1228 4203; x_wconf 92' lang='lat' dir='ltr'><strong>et</strong></span> <span class='ocrx_word' id='word_1_300' title='bbox 1255 4148 1587 4217; x_wconf 78' lang='lat' dir='ltr'><strong>repulsivum</strong></span> <span class='ocrx_word' id='word_1_301' title='bbox 1618 4147 1957 4200; x_wconf 65' lang='lat' dir='ltr'><strong>daemonum:</strong></span> <span class='ocrx_word' id='word_1_302' title='bbox 1991 4146 2059 4199; x_wconf 85' lang='lat' dir='ltr'><strong>ad</strong></span> <span class='ocrx_word' id='word_1_303' title='bbox 2090 4147 2340 4202; x_wconf 69' lang='lat' dir='ltr'><strong>dideren—</strong></span> 
     </span>
    </p>
   </div>
   <div class='ocr_carea' id='block_1_45' title="bbox 769 4238 2336 4311">
    <p class='ocr_par' dir='ltr' id='par_1_45' title="bbox 769 4238 2336 4311">
     <span class='ocr_line' id='line_1_45' title="bbox 769 4238 2336 4311; baseline -0.001 -17"><span class='ocrx_word' id='word_1_304' title='bbox 769 4240 898 4294; x_wconf 86' lang='lat' dir='ltr'><strong>tiam</strong></span> <span class='ocrx_word' id='word_1_305' title='bbox 934 4241 1074 4295; x_wconf 90' lang='lat' dir='ltr'><strong>scuti</strong></span> <span class='ocrx_word' id='word_1_306' title='bbox 1124 4239 1404 4311; x_wconf 89' lang='lat' dir='ltr'><strong>paraclytii</strong></span> <span class='ocrx_word' id='word_1_307' title='bbox 1451 4249 1506 4293; x_wconf 88' lang='lat' dir='ltr'><strong>et</strong></span> <span class='ocrx_word' id='word_1_308' title='bbox 1538 4238 1806 4308; x_wconf 83' lang='lat' dir='ltr'><strong>angelici,</strong></span> <span class='ocrx_word' id='word_1_309' title='bbox 1855 4239 2233 4303; x_wconf 81' lang='lat' dir='ltr'><strong>manifestans,</strong></span> <span class='ocrx_word' id='word_1_310' title='bbox 2270 4254 2336 4293; x_wconf 86' lang='lat' dir='ltr'><strong>ex</strong></span> 
     </span>
    </p>
   </div>
   <div class='ocr_carea' id='block_1_46' title="bbox 771 4331 2338 4402">
    <p class='ocr_par' dir='ltr' id='par_1_46' title="bbox 771 4331 2338 4402">
     <span class='ocr_line' id='line_1_46' title="bbox 771 4331 2338 4402; baseline 0 -17"><span class='ocrx_word' id='word_1_311' title='bbox 771 4334 892 4398; x_wconf 90' lang='lat' dir='ltr'><strong>hoc,</strong></span> <span class='ocrx_word' id='word_1_312' title='bbox 910 4333 1282 4387; x_wconf 80' lang='lat' dir='ltr'><strong>excellentiam</strong></span> <span class='ocrx_word' id='word_1_313' title='bbox 1311 4331 1508 4387; x_wconf 66' lang='lat' dir='ltr'><strong>futura:</strong></span> <span class='ocrx_word' id='word_1_314' title='bbox 1534 4331 1721 4402; x_wconf 64' lang='lat' dir='ltr'><strong>gloriae</strong></span> <span class='ocrx_word' id='word_1_315' title='bbox 1741 4331 2074 4385; x_wconf 82' lang='lat' dir='ltr'><strong>defensionis</strong></span> <span class='ocrx_word' id='word_1_316' title='bbox 2101 4331 2338 4400; x_wconf 88' lang='lat' dir='ltr'><strong>Spiritus</strong></span> 
     </span>
    </p>
   </div>
   <div class='ocr_carea' id='block_1_47' title="bbox 768 4425 2336 4496">
    <p class='ocr_par' dir='ltr' id='par_1_47' title="bbox 768 4425 2336 4496">
     <span class='ocr_line' id='line_1_47' title="bbox 768 4425 2336 4496; baseline -0.001 -18"><span class='ocrx_word' id='word_1_317' title='bbox 768 4425 972 4491; x_wconf 87' lang='lat' dir='ltr'><strong>sancti,</strong></span> <span class='ocrx_word' id='word_1_318' title='bbox 1022 4435 1078 4480; x_wconf 81' lang='lat' dir='ltr'><strong>et</strong></span> <span class='ocrx_word' id='word_1_319' title='bbox 1122 4425 1380 4496; x_wconf 70' lang='lat' dir='ltr'><strong>angelicae</strong></span> <span class='ocrx_word' id='word_1_320' title='bbox 1418 4425 1722 4493; x_wconf 82' lang='lat' dir='ltr'><strong>dignitatis,</strong></span> <span class='ocrx_word' id='word_1_321' title='bbox 1772 4441 2004 4494; x_wconf 89' lang='lat' dir='ltr'><strong>quorum</strong></span> <span class='ocrx_word' id='word_1_322' title='bbox 2060 4425 2336 4479; x_wconf 88' lang='lat' dir='ltr'><strong>ministra-</strong></span> 
     </span>
    </p>
   </div>
   <div class='ocr_carea' id='block_1_48' title="bbox 2459 559 4032 639">
    <p class='ocr_par' dir='ltr' id='par_1_48' title="bbox 2459 559 4032 639">
     <span class='ocr_line' id='line_1_48' title="bbox 2459 559 4032 639; baseline 0.007 -26"><span class='ocrx_word' id='word_1_323' title='bbox 2459 559 2696 616; x_wconf 89' lang='lat' dir='ltr'><strong>Primam</strong></span> <span class='ocrx_word' id='word_1_324' title='bbox 2732 571 3011 633; x_wconf 82' lang='lat' dir='ltr'><strong>comparat</strong></span> <span class='ocrx_word' id='word_1_325' title='bbox 3047 564 3297 630; x_wconf 84' lang='lat' dir='ltr'><strong>lucifero,</strong></span> <span class='ocrx_word' id='word_1_326' title='bbox 3331 567 3626 622; x_wconf 91' lang='lat' dir='ltr'><strong>secundam</strong></span> <span class='ocrx_word' id='word_1_327' title='bbox 3670 568 3814 624; x_wconf 76' lang='lat' dir='ltr'><strong>luurc</strong></span> <span class='ocrx_word' id='word_1_328' title='bbox 3837 570 4032 639; x_wconf 70' lang='lat' dir='ltr'><strong>plenae.</strong></span> 
     </span>
    </p>
   </div>
   <div class='ocr_carea' id='block_1_49' title="bbox 2461 652 4033 728">
    <p class='ocr_par' dir='ltr' id='par_1_49' title="bbox 2461 652 4033 728">
     <span class='ocr_line' id='line_1_49' title="bbox 2461 652 4033 728; baseline 0.004 -25"><span class='ocrx_word' id='word_1_329' title='bbox 2461 652 2672 705; x_wconf 87' lang='lat' dir='ltr'><strong>tertiam</strong></span> <span class='ocrx_word' id='word_1_330' title='bbox 2697 654 2820 708; x_wconf 86' lang='lat' dir='ltr'><strong>soli.</strong></span> <span class='ocrx_word' id='word_1_331' title='bbox 2867 653 2941 708; x_wconf 82' lang='lat' dir='ltr'><strong>lli</strong></span> <span class='ocrx_word' id='word_1_332' title='bbox 2969 656 3126 719; x_wconf 87' lang='lat' dir='ltr'><strong>enim,</strong></span> <span class='ocrx_word' id='word_1_333' title='bbox 3162 657 3386 722; x_wconf 78' lang='lat' dir='ltr'><strong>ratione,</strong></span> <span class='ocrx_word' id='word_1_334' title='bbox 3415 658 3573 711; x_wconf 84' lang='lat' dir='ltr'><strong>veluti</strong></span> <span class='ocrx_word' id='word_1_335' title='bbox 3603 658 3782 726; x_wconf 85' lang='lat' dir='ltr'><strong>gladio</strong></span> <span class='ocrx_word' id='word_1_336' title='bbox 3804 659 4033 728; x_wconf 87' lang='lat' dir='ltr'><strong>quodam</strong></span> 
     </span>
    </p>
   </div>
   <div class='ocr_carea' id='block_1_50' title="bbox 2459 741 4034 819">
    <p class='ocr_par' dir='ltr' id='par_1_50' title="bbox 2459 741 4034 819">
     <span class='ocr_line' id='line_1_50' title="bbox 2459 741 4034 819; baseline 0.005 -26"><span class='ocrx_word' id='word_1_337' title='bbox 2459 741 2766 796; x_wconf 78' lang='lat' dir='ltr'><strong>abscindere</strong></span> <span class='ocrx_word' id='word_1_338' title='bbox 2803 760 2878 805; x_wconf 86' lang='lat' dir='ltr'><strong>se,</strong></span> <span class='ocrx_word' id='word_1_339' title='bbox 2909 754 3015 800; x_wconf 89' lang='lat' dir='ltr'><strong>etc.</strong></span> <span class='ocrx_word' id='word_1_340' title='bbox 3069 744 3205 811; x_wconf 89' lang='lat' dir='ltr'><strong>Quia</strong></span> <span class='ocrx_word' id='word_1_341' title='bbox 3241 748 3507 817; x_wconf 77' lang='lat' dir='ltr'><strong>printipia</strong></span> <span class='ocrx_word' id='word_1_342' title='bbox 3535 749 3858 803; x_wconf 77' lang='lat' dir='ltr'><strong>vitiosarum</strong></span> <span class='ocrx_word' id='word_1_343' title='bbox 3887 751 4034 819; x_wconf 83' lang='lat' dir='ltr'><strong>cogi—</strong></span> 
     </span>
    </p>
   </div>
   <div class='ocr_carea' id='block_1_51' title="bbox 2460 834 4031 905">
    <p class='ocr_par' dir='ltr' id='par_1_51' title="bbox 2460 834 4031 905">
     <span class='ocr_line' id='line_1_51' title="bbox 2460 834 4031 905; baseline 0.005 -19"><span class='ocrx_word' id='word_1_344' title='bbox 2460 834 2726 888; x_wconf 89' lang='lat' dir='ltr'><strong>tationum</strong></span> <span class='ocrx_word' id='word_1_345' title='bbox 2761 834 2989 889; x_wconf 88' lang='lat' dir='ltr'><strong>viriliter</strong></span> <span class='ocrx_word' id='word_1_346' title='bbox 3021 847 3369 905; x_wconf 65' lang='lat' dir='ltr'><strong>expugnant,</strong></span> <span class='ocrx_word' id='word_1_347' title='bbox 3405 851 3460 892; x_wconf 93' lang='lat' dir='ltr'><strong>et</strong></span> <span class='ocrx_word' id='word_1_348' title='bbox 3506 839 3574 894; x_wconf 85' lang='lat' dir='ltr'><strong>ab</strong></span> <span class='ocrx_word' id='word_1_349' title='bbox 3605 842 3753 893; x_wconf 89' lang='lat' dir='ltr'><strong>omni</strong></span> <span class='ocrx_word' id='word_1_350' title='bbox 3797 839 4031 894; x_wconf 83' lang='lat' dir='ltr'><strong>delecta—</strong></span> 
     </span>
    </p>
   </div>
   <div class='ocr_carea' id='block_1_52' title="bbox 2461 925 4032 996">
    <p class='ocr_par' dir='ltr' id='par_1_52' title="bbox 2461 925 4032 996">
     <span class='ocr_line' id='line_1_52' title="bbox 2461 925 4032 996; baseline 0.004 -18"><span class='ocrx_word' id='word_1_351' title='bbox 2461 925 2629 988; x_wconf 89' lang='lat' dir='ltr'><strong>tione,</strong></span> <span class='ocrx_word' id='word_1_352' title='bbox 2656 935 2711 979; x_wconf 92' lang='lat' dir='ltr'><strong>et</strong></span> <span class='ocrx_word' id='word_1_353' title='bbox 2732 936 3094 991; x_wconf 88' lang='lat' dir='ltr'><strong>consensu,et</strong></span> <span class='ocrx_word' id='word_1_354' title='bbox 3118 941 3280 996; x_wconf 81' lang='lat' dir='ltr'><strong>Opere</strong></span> <span class='ocrx_word' id='word_1_355' title='bbox 3304 929 3448 983; x_wconf 87' lang='lat' dir='ltr'><strong>malo</strong></span> <span class='ocrx_word' id='word_1_356' title='bbox 3477 931 3758 986; x_wconf 89' lang='lat' dir='ltr'><strong>recedunt.</strong></span> <span class='ocrx_word' id='word_1_357' title='bbox 3799 931 4032 985; x_wconf 74' lang='lat' dir='ltr'><strong>Misera-</strong></span> 
     </span>
    </p>
   </div>
   <div class='ocr_carea' id='block_1_53' title="bbox 2457 1016 4033 1092">
    <p class='ocr_par' dir='ltr' id='par_1_53' title="bbox 2457 1016 4033 1092">
     <span class='ocr_line' id='line_1_53' title="bbox 2457 1016 4033 1092; baseline 0.004 -24"><span class='ocrx_word' id='word_1_358' title='bbox 2457 1016 2574 1069; x_wconf 84' lang='lat' dir='ltr'><strong>bilis</strong></span> <span class='ocrx_word' id='word_1_359' title='bbox 2596 1017 2805 1085; x_wconf 84' lang='lat' dir='ltr'><strong>quidem</strong></span> <span class='ocrx_word' id='word_1_360' title='bbox 2828 1027 2876 1071; x_wconf 90' lang='lat' dir='ltr'><strong>et</strong></span> <span class='ocrx_word' id='word_1_361' title='bbox 2898 1016 2988 1070; x_wconf 84' lang='lat' dir='ltr'><strong>ille</strong></span> <span class='ocrx_word' id='word_1_362' title='bbox 3012 1019 3098 1087; x_wconf 88' lang='lat' dir='ltr'><strong>qui</strong></span> <span class='ocrx_word' id='word_1_363' title='bbox 3129 1019 3351 1080; x_wconf 86' lang='lat' dir='ltr'><strong>corruit,</strong></span> <span class='ocrx_word' id='word_1_364' title='bbox 3375 1027 3477 1074; x_wconf 81' lang='lat' dir='ltr'><strong>etc.</strong></span> <span class='ocrx_word' id='word_1_365' title='bbox 3523 1021 3714 1077; x_wconf 87' lang='lat' dir='ltr'><strong>Omnis</strong></span> <span class='ocrx_word' id='word_1_366' title='bbox 3742 1025 3837 1092; x_wconf 90' lang='lat' dir='ltr'><strong>qui</strong></span> <span class='ocrx_word' id='word_1_367' title='bbox 3865 1024 4033 1077; x_wconf 83' lang='lat' dir='ltr'><strong>verbo</strong></span> 
     </span>
    </p>
   </div>
   <div class='ocr_carea' id='block_1_54' title="bbox 2457 1105 4031 1180">
    <p class='ocr_par' dir='ltr' id='par_1_54' title="bbox 2457 1105 4031 1180">
     <span class='ocr_line' id='line_1_54' title="bbox 2457 1105 4031 1180; baseline 0.004 -21"><span class='ocrx_word' id='word_1_368' title='bbox 2457 1105 2746 1172; x_wconf 73' lang='lat' dir='ltr'><strong>doctrinae,</strong></span> <span class='ocrx_word' id='word_1_369' title='bbox 2783 1116 2879 1162; x_wconf 91' lang='lat' dir='ltr'><strong>aut</strong></span> <span class='ocrx_word' id='word_1_370' title='bbox 2919 1107 3167 1176; x_wconf 86' lang='lat' dir='ltr'><strong>exemplo</strong></span> <span class='ocrx_word' id='word_1_371' title='bbox 3217 1107 3430 1177; x_wconf 87' lang='lat' dir='ltr'><strong>operis,</strong></span> <span class='ocrx_word' id='word_1_372' title='bbox 3479 1123 3576 1164; x_wconf 89' lang='lat' dir='ltr'><strong>seu</strong></span> <span class='ocrx_word' id='word_1_373' title='bbox 3624 1123 3900 1180; x_wconf 72' lang='lat' dir='ltr'><strong>praecepto</strong></span> <span class='ocrx_word' id='word_1_374' title='bbox 3948 1115 4031 1166; x_wconf 86' lang='lat' dir='ltr'><strong>in-</strong></span> 
     </span>
    </p>
   </div>
   <div class='ocr_carea' id='block_1_55' title="bbox 2458 1197 4034 1266">
    <p class='ocr_par' dir='ltr' id='par_1_55' title="bbox 2458 1197 4034 1266">
     <span class='ocr_line' id='line_1_55' title="bbox 2458 1197 4034 1266; baseline 0.005 -14"><span class='ocrx_word' id='word_1_375' title='bbox 2458 1198 2694 1253; x_wconf 90' lang='lat' dir='ltr'><strong>discrcto</strong></span> <span class='ocrx_word' id='word_1_376' title='bbox 2715 1199 2800 1253; x_wconf 90' lang='lat' dir='ltr'><strong>vel</strong></span> <span class='ocrx_word' id='word_1_377' title='bbox 2835 1198 3059 1266; x_wconf 78' lang='lat' dir='ltr'><strong>injuste,</strong></span> <span class='ocrx_word' id='word_1_378' title='bbox 3088 1197 3310 1255; x_wconf 79' lang='lat' dir='ltr'><strong>fratrem</strong></span> <span class='ocrx_word' id='word_1_379' title='bbox 3350 1208 3446 1254; x_wconf 89' lang='lat' dir='ltr'><strong>aut</strong></span> <span class='ocrx_word' id='word_1_380' title='bbox 3479 1201 3759 1256; x_wconf 87' lang='lat' dir='ltr'><strong>subditum</strong></span> <span class='ocrx_word' id='word_1_381' title='bbox 3789 1205 3844 1258; x_wconf 93' lang='lat' dir='ltr'><strong>in</strong></span> <span class='ocrx_word' id='word_1_382' title='bbox 3874 1205 4034 1260; x_wconf 85' lang='lat' dir='ltr'><strong>hara-</strong></span> 
     </span>
    </p>
   </div>
   <div class='ocr_carea' id='block_1_56' title="bbox 2460 1290 4031 1363">
    <p class='ocr_par' dir='ltr' id='par_1_56' title="bbox 2460 1290 4031 1363">
     <span class='ocr_line' id='line_1_56' title="bbox 2460 1290 4031 1363; baseline 0.006 -21"><span class='ocrx_word' id='word_1_383' title='bbox 2460 1290 2640 1342; x_wconf 90' lang='lat' dir='ltr'><strong>thrum</strong></span> <span class='ocrx_word' id='word_1_384' title='bbox 2680 1290 2911 1359; x_wconf 90' lang='lat' dir='ltr'><strong>impellit</strong></span> <span class='ocrx_word' id='word_1_385' title='bbox 2941 1301 2994 1346; x_wconf 86' lang='lat' dir='ltr'><strong>et</strong></span> <span class='ocrx_word' id='word_1_386' title='bbox 3021 1290 3323 1361; x_wconf 88' lang='lat' dir='ltr'><strong>immergit,</strong></span> <span class='ocrx_word' id='word_1_387' title='bbox 3363 1292 3446 1348; x_wconf 89' lang='lat' dir='ltr'><strong>sui</strong></span> <span class='ocrx_word' id='word_1_388' title='bbox 3477 1292 3649 1361; x_wconf 89' lang='lat' dir='ltr'><strong>ipsius</strong></span> <span class='ocrx_word' id='word_1_389' title='bbox 3678 1303 3733 1346; x_wconf 89' lang='lat' dir='ltr'><strong>et</strong></span> <span class='ocrx_word' id='word_1_390' title='bbox 3773 1297 4031 1363; x_wconf 79' lang='lat' dir='ltr'><strong>proximi,</strong></span> 
     </span>
    </p>
   </div>
   <div class='ocr_carea' id='block_1_57' title="bbox 2455 1381 4033 1456">
    <p class='ocr_par' dir='ltr' id='par_1_57' title="bbox 2455 1381 4033 1456">
     <span class='ocr_line' id='line_1_57' title="bbox 2455 1381 4033 1456; baseline 0.005 -22"><span class='ocrx_word' id='word_1_391' title='bbox 2455 1395 2641 1434; x_wconf 89' lang='lat' dir='ltr'><strong>coram</strong></span> <span class='ocrx_word' id='word_1_392' title='bbox 2678 1381 2926 1446; x_wconf 88' lang='lat' dir='ltr'><strong>Domino,</strong></span> <span class='ocrx_word' id='word_1_393' title='bbox 2964 1398 3091 1436; x_wconf 89' lang='lat' dir='ltr'><strong>reus</strong></span> <span class='ocrx_word' id='word_1_394' title='bbox 3123 1396 3246 1439; x_wconf 86' lang='lat' dir='ltr'><strong>est:</strong></span> <span class='ocrx_word' id='word_1_395' title='bbox 3298 1386 3440 1440; x_wconf 90' lang='lat' dir='ltr'><strong>unde</strong></span> <span class='ocrx_word' id='word_1_396' title='bbox 3475 1385 3817 1454; x_wconf 87' lang='lat' dir='ltr'><strong>judicabitur</strong></span> <span class='ocrx_word' id='word_1_397' title='bbox 3843 1387 4033 1456; x_wconf 88' lang='lat' dir='ltr'><strong>utique</strong></span> 
     </span>
    </p>
   </div>
   <div class='ocr_carea' id='block_1_58' title="bbox 2455 1475 4033 1552">
    <p class='ocr_par' dir='ltr' id='par_1_58' title="bbox 2455 1475 4033 1552">
     <span class='ocr_line' id='line_1_58' title="bbox 2455 1475 4033 1552; baseline 0.004 -23"><span class='ocrx_word' id='word_1_398' title='bbox 2455 1475 2598 1529; x_wconf 86' lang='lat' dir='ltr'><strong>sicut</strong></span> <span class='ocrx_word' id='word_1_399' title='bbox 2624 1475 2815 1530; x_wconf 76' lang='lat' dir='ltr'><strong>mortis</strong></span> <span class='ocrx_word' id='word_1_400' title='bbox 2847 1487 3036 1530; x_wconf 87' lang='lat' dir='ltr'><strong>auctor</strong></span> <span class='ocrx_word' id='word_1_401' title='bbox 3061 1487 3116 1531; x_wconf 90' lang='lat' dir='ltr'><strong>et</strong></span> <span class='ocrx_word' id='word_1_402' title='bbox 3156 1487 3326 1533; x_wconf 89' lang='lat' dir='ltr'><strong>actor.</strong></span> <span class='ocrx_word' id='word_1_403' title='bbox 3359 1480 3706 1534; x_wconf 74' lang='lat' dir='ltr'><strong>Advertamus</strong></span> <span class='ocrx_word' id='word_1_404' title='bbox 3727 1479 4033 1552; x_wconf 83' lang='lat' dir='ltr'><strong>diligenter,</strong></span> 
     </span>
    </p>
   </div>
   <div class='ocr_carea' id='block_1_59' title="bbox 2453 1566 4011 1638">
    <p class='ocr_par' dir='ltr' id='par_1_59' title="bbox 2453 1566 4011 1638">
     <span class='ocr_line' id='line_1_59' title="bbox 2453 1566 4011 1638; baseline 0.006 -19"><span class='ocrx_word' id='word_1_405' title='bbox 2453 1576 2504 1619; x_wconf 89' lang='lat' dir='ltr'><strong>et</strong></span> <span class='ocrx_word' id='word_1_406' title='bbox 2555 1566 2845 1620; x_wconf 79' lang='lat' dir='ltr'><strong>uidebimus</strong></span> <span class='ocrx_word' id='word_1_407' title='bbox 2889 1568 3032 1633; x_wconf 83' lang='lat' dir='ltr'><strong>ipsos</strong></span> <span class='ocrx_word' id='word_1_408' title='bbox 3064 1571 3333 1638; x_wconf 81' lang='lat' dir='ltr'><strong>spiritales</strong></span> <span class='ocrx_word' id='word_1_409' title='bbox 3372 1573 3612 1625; x_wconf 83' lang='lat' dir='ltr'><strong>inimicos</strong></span> <span class='ocrx_word' id='word_1_410' title='bbox 3647 1583 3883 1636; x_wconf 84' lang='lat' dir='ltr'><strong>nostros,</strong></span> <span class='ocrx_word' id='word_1_411' title='bbox 3927 1586 4011 1629; x_wconf 87' lang='lat' dir='ltr'><strong>etc</strong></span> 
     </span>
    </p>
   </div>
   <div class='ocr_carea' id='block_1_60' title="bbox 2456 1655 4032 1730">
    <p class='ocr_par' dir='ltr' id='par_1_60' title="bbox 2456 1655 4032 1730">
     <span class='ocr_line' id='line_1_60' title="bbox 2456 1655 4032 1730; baseline 0.005 -20"><span class='ocrx_word' id='word_1_412' title='bbox 2456 1655 2600 1711; x_wconf 86' lang='lat' dir='ltr'><strong>Sane</strong></span> <span class='ocrx_word' id='word_1_413' title='bbox 2623 1657 2992 1724; x_wconf 88' lang='lat' dir='ltr'><strong>intendamus,</strong></span> <span class='ocrx_word' id='word_1_414' title='bbox 3019 1660 3216 1728; x_wconf 88' lang='lat' dir='ltr'><strong>inquit,</strong></span> <span class='ocrx_word' id='word_1_415' title='bbox 3237 1662 3511 1730; x_wconf 88' lang='lat' dir='ltr'><strong>quomodo</strong></span> <span class='ocrx_word' id='word_1_416' title='bbox 3535 1663 3814 1726; x_wconf 88' lang='lat' dir='ltr'><strong>inimicus,</strong></span> <span class='ocrx_word' id='word_1_417' title='bbox 3836 1677 4032 1718; x_wconf 88' lang='lat' dir='ltr'><strong>contra</strong></span> 
     </span>
    </p>
   </div>
   <div class='ocr_carea' id='block_1_61' title="bbox 2455 1752 4030 1822">
    <p class='ocr_par' dir='ltr' id='par_1_61' title="bbox 2455 1752 4030 1822">
     <span class='ocr_line' id='line_1_61' title="bbox 2455 1752 4030 1822; baseline 0.006 -22"><span class='ocrx_word' id='word_1_418' title='bbox 2455 1764 2899 1819; x_wconf 88' lang='lat' dir='ltr'><strong>unumquemque</strong></span> <span class='ocrx_word' id='word_1_419' title='bbox 2938 1752 3090 1821; x_wconf 85' lang='lat' dir='ltr'><strong>juxta</strong></span> <span class='ocrx_word' id='word_1_420' title='bbox 3124 1752 3272 1822; x_wconf 89' lang='lat' dir='ltr'><strong>quod</strong></span> <span class='ocrx_word' id='word_1_421' title='bbox 3311 1769 3435 1808; x_wconf 92' lang='lat' dir='ltr'><strong>eum</strong></span> <span class='ocrx_word' id='word_1_422' title='bbox 3467 1754 3797 1822; x_wconf 87' lang='lat' dir='ltr'><strong>dispositum</strong></span> <span class='ocrx_word' id='word_1_423' title='bbox 3828 1756 4030 1810; x_wconf 85' lang='lat' dir='ltr'><strong>viderit</strong></span> 
     </span>
    </p>
   </div>
   <div class='ocr_carea' id='block_1_62' title="bbox 2384 1828 4029 1918">
    <p class='ocr_par' dir='ltr' id='par_1_62' title="bbox 2384 1828 4029 1918">
     <span class='ocr_line' id='line_1_62' title="bbox 2384 1828 4029 1918; baseline 0.007 -26"><span class='ocrx_word' id='word_1_424' title='bbox 2384 1828 2424 1882; x_wconf 82' lang='grc' dir='ltr'><strong><em>Β</em></strong></span> <span class='ocrx_word' id='word_1_425' title='bbox 2454 1841 2698 1910; x_wconf 67' lang='lat' dir='ltr'><strong>praelium</strong></span> <span class='ocrx_word' id='word_1_426' title='bbox 2739 1842 2965 1898; x_wconf 88' lang='lat' dir='ltr'><strong>statuit:</strong></span> <span class='ocrx_word' id='word_1_427' title='bbox 3007 1853 3060 1897; x_wconf 89' lang='lat' dir='ltr'><strong>et</strong></span> <span class='ocrx_word' id='word_1_428' title='bbox 3095 1846 3149 1898; x_wconf 93' lang='lat' dir='ltr'><strong>in</strong></span> <span class='ocrx_word' id='word_1_429' title='bbox 3181 1862 3289 1915; x_wconf 83' lang='lat' dir='ltr'><strong>qun</strong></span> <span class='ocrx_word' id='word_1_430' title='bbox 3319 1862 3418 1901; x_wconf 88' lang='lat' dir='ltr'><strong>nos</strong></span> <span class='ocrx_word' id='word_1_431' title='bbox 3451 1851 3624 1918; x_wconf 89' lang='lat' dir='ltr'><strong>magis</strong></span> <span class='ocrx_word' id='word_1_432' title='bbox 3656 1850 4029 1912; x_wconf 68' lang='lat' dir='ltr'><strong>inclinabiles,</strong></span> 
     </span>
    </p>
   </div>
   <div class='ocr_carea' id='block_1_63' title="bbox 2451 1932 4030 2008">
    <p class='ocr_par' dir='ltr' id='par_1_63' title="bbox 2451 1932 4030 2008">
     <span class='ocr_line' id='line_1_63' title="bbox 2451 1932 4030 2008; baseline 0.004 -19"><span class='ocrx_word' id='word_1_433' title='bbox 2451 1942 2508 1989; x_wconf 91' lang='lat' dir='ltr'><strong>et</strong></span> <span class='ocrx_word' id='word_1_434' title='bbox 2550 1932 2763 1989; x_wconf 85' lang='lat' dir='ltr'><strong>facilius</strong></span> <span class='ocrx_word' id='word_1_435' title='bbox 2790 1949 2952 2005; x_wconf 88' lang='lat' dir='ltr'><strong>posse</strong></span> <span class='ocrx_word' id='word_1_436' title='bbox 2981 1937 3100 2007; x_wconf 89' lang='lat' dir='ltr'><strong>capi</strong></span> <span class='ocrx_word' id='word_1_437' title='bbox 3129 1943 3485 2008; x_wconf 87' lang='lat' dir='ltr'><strong>cognoverit;</strong></span> <span class='ocrx_word' id='word_1_438' title='bbox 3526 1941 3578 1993; x_wconf 90' lang='lat' dir='ltr'><strong>in</strong></span> <span class='ocrx_word' id='word_1_439' title='bbox 3625 1941 3718 1994; x_wconf 90' lang='lat' dir='ltr'><strong>illo</strong></span> <span class='ocrx_word' id='word_1_440' title='bbox 3749 1955 3867 1994; x_wconf 65' lang='lat' dir='ltr'><strong>suae</strong></span> <span class='ocrx_word' id='word_1_441' title='bbox 3912 1958 4030 1995; x_wconf 83' lang='lat' dir='ltr'><strong>ma-</strong></span> 
     </span>
    </p>
   </div>
   <div class='ocr_carea' id='block_1_64' title="bbox 2453 2025 4032 2101">
    <p class='ocr_par' dir='ltr' id='par_1_64' title="bbox 2453 2025 4032 2101">
     <span class='ocr_line' id='line_1_64' title="bbox 2453 2025 4032 2101; baseline 0.005 -20"><span class='ocrx_word' id='word_1_442' title='bbox 2453 2025 2716 2096; x_wconf 88' lang='lat' dir='ltr'><strong>lignitatis</strong></span> <span class='ocrx_word' id='word_1_443' title='bbox 2737 2028 2960 2098; x_wconf 87' lang='lat' dir='ltr'><strong>laqueos</strong></span> <span class='ocrx_word' id='word_1_444' title='bbox 2983 2030 3180 2084; x_wconf 57' lang='lat' dir='ltr'><strong>tendit:</strong></span> <span class='ocrx_word' id='word_1_445' title='bbox 3216 2040 3273 2085; x_wconf 91' lang='lat' dir='ltr'><strong>ut</strong></span> <span class='ocrx_word' id='word_1_446' title='bbox 3301 2040 3449 2101; x_wconf 88' lang='lat' dir='ltr'><strong>puta,</strong></span> <span class='ocrx_word' id='word_1_447' title='bbox 3473 2035 3770 2087; x_wconf 88' lang='lat' dir='ltr'><strong>secundum</strong></span> <span class='ocrx_word' id='word_1_448' title='bbox 3791 2050 4032 2090; x_wconf 87' lang='lat' dir='ltr'><strong>consue-</strong></span> 
     </span>
    </p>
   </div>
   <div class='ocr_carea' id='block_1_65' title="bbox 2452 2119 4032 2192">
    <p class='ocr_par' dir='ltr' id='par_1_65' title="bbox 2452 2119 4032 2192">
     <span class='ocr_line' id='line_1_65' title="bbox 2452 2119 4032 2192; baseline 0.006 -19"><span class='ocrx_word' id='word_1_449' title='bbox 2452 2119 2716 2182; x_wconf 88' lang='lat' dir='ltr'><strong>tudinem,</strong></span> <span class='ocrx_word' id='word_1_450' title='bbox 2747 2129 2844 2175; x_wconf 89' lang='lat' dir='ltr'><strong>aut</strong></span> <span class='ocrx_word' id='word_1_451' title='bbox 2870 2129 3103 2183; x_wconf 64' lang='lat' dir='ltr'><strong>aetatem,</strong></span> <span class='ocrx_word' id='word_1_452' title='bbox 3140 2133 3234 2176; x_wconf 80' lang='lat' dir='ltr'><strong>aut</strong></span> <span class='ocrx_word' id='word_1_453' title='bbox 3267 2124 3507 2188; x_wconf 87' lang='lat' dir='ltr'><strong>modum,</strong></span> <span class='ocrx_word' id='word_1_454' title='bbox 3541 2136 3638 2180; x_wconf 88' lang='lat' dir='ltr'><strong>aut</strong></span> <span class='ocrx_word' id='word_1_455' title='bbox 3685 2127 3894 2192; x_wconf 89' lang='lat' dir='ltr'><strong>locum,</strong></span> <span class='ocrx_word' id='word_1_456' title='bbox 3939 2139 4032 2183; x_wconf 85' lang='lat' dir='ltr'><strong>aut</strong></span> 
     </span>
    </p>
   </div>
   <div class='ocr_carea' id='block_1_66' title="bbox 2452 2208 4032 2277">
    <p class='ocr_par' dir='ltr' id='par_1_66' title="bbox 2452 2208 4032 2277">
     <span class='ocr_line' id='line_1_66' title="bbox 2452 2208 4032 2277; baseline 0.003 -14"><span class='ocrx_word' id='word_1_457' title='bbox 2452 2208 2839 2266; x_wconf 82' lang='lat' dir='ltr'><strong>familiaritatis</strong></span> <span class='ocrx_word' id='word_1_458' title='bbox 2870 2226 3028 2265; x_wconf 90' lang='lat' dir='ltr'><strong>usum</strong></span> <span class='ocrx_word' id='word_1_459' title='bbox 3050 2251 3065 2276; x_wconf 94' lang='lat'><strong>,</strong></span> <span class='ocrx_word' id='word_1_460' title='bbox 3107 2227 3206 2266; x_wconf 88' lang='lat' dir='ltr'><strong>nec</strong></span> <span class='ocrx_word' id='word_1_461' title='bbox 3241 2211 3572 2277; x_wconf 88' lang='lat' dir='ltr'><strong>indecentes,</strong></span> <span class='ocrx_word' id='word_1_462' title='bbox 3617 2213 3713 2268; x_wconf 92' lang='lat' dir='ltr'><strong>sed</strong></span> <span class='ocrx_word' id='word_1_463' title='bbox 3753 2229 4032 2268; x_wconf 83' lang='lat' dir='ltr'><strong>consonas</strong></span> 
     </span>
    </p>
   </div>
   <div class='ocr_carea' id='block_1_67' title="bbox 2449 2301 4029 2375">
    <p class='ocr_par' dir='ltr' id='par_1_67' title="bbox 2449 2301 4029 2375">
     <span class='ocr_line' id='line_1_67' title="bbox 2449 2301 4029 2375; baseline 0.004 -19"><span class='ocrx_word' id='word_1_464' title='bbox 2449 2312 2501 2357; x_wconf 91' lang='lat' dir='ltr'><strong>et</strong></span> <span class='ocrx_word' id='word_1_465' title='bbox 2543 2301 2828 2372; x_wconf 81' lang='lat' dir='ltr'><strong>possibiles</strong></span> <span class='ocrx_word' id='word_1_466' title='bbox 2862 2301 3091 2358; x_wconf 85' lang='lat' dir='ltr'><strong>faciliter</strong></span> <span class='ocrx_word' id='word_1_467' title='bbox 3124 2303 3536 2359; x_wconf 88' lang='lat' dir='ltr'><strong>adinventiones</strong></span> <span class='ocrx_word' id='word_1_468' title='bbox 3568 2315 3622 2359; x_wconf 89' lang='lat' dir='ltr'><strong>et</strong></span> <span class='ocrx_word' id='word_1_469' title='bbox 3657 2306 4029 2375; x_wconf 86' lang='lat' dir='ltr'><strong>cogitationes</strong></span> 
     </span>
    </p>
   </div>
   <div class='ocr_carea' id='block_1_68' title="bbox 2451 2396 4028 2469">
    <p class='ocr_par' dir='ltr' id='par_1_68' title="bbox 2451 2396 4028 2469">
     <span class='ocr_line' id='line_1_68' title="bbox 2451 2396 4028 2469; baseline 0.004 -21"><span class='ocrx_word' id='word_1_470' title='bbox 2451 2396 2694 2449; x_wconf 88' lang='lat' dir='ltr'><strong>immittit</strong></span> <span class='ocrx_word' id='word_1_471' title='bbox 2723 2405 2779 2449; x_wconf 90' lang='lat' dir='ltr'><strong>et</strong></span> <span class='ocrx_word' id='word_1_472' title='bbox 2815 2410 2978 2450; x_wconf 87' lang='lat' dir='ltr'><strong>casus</strong></span> <span class='ocrx_word' id='word_1_473' title='bbox 3012 2405 3184 2465; x_wconf 89' lang='lat' dir='ltr'><strong>parat,</strong></span> <span class='ocrx_word' id='word_1_474' title='bbox 3212 2396 3412 2467; x_wconf 90' lang='lat' dir='ltr'><strong>quibus</strong></span> <span class='ocrx_word' id='word_1_475' title='bbox 3441 2413 3896 2469; x_wconf 86' lang='lat' dir='ltr'><strong>unumquemque</strong></span> <span class='ocrx_word' id='word_1_476' title='bbox 3925 2401 4028 2454; x_wconf 83' lang='lat' dir='ltr'><strong>im-</strong></span> 
     </span>
    </p>
   </div>
   <div class='ocr_carea' id='block_1_69' title="bbox 2451 2487 4027 2560">
    <p class='ocr_par' dir='ltr' id='par_1_69' title="bbox 2451 2487 4027 2560">
     <span class='ocr_line' id='line_1_69' title="bbox 2451 2487 4027 2560; baseline 0.003 -18"><span class='ocrx_word' id='word_1_477' title='bbox 2451 2496 2672 2560; x_wconf 81' lang='lat' dir='ltr'><strong>pugnet,</strong></span> <span class='ocrx_word' id='word_1_478' title='bbox 2700 2497 2754 2542; x_wconf 93' lang='lat' dir='ltr'><strong>et</strong></span> <span class='ocrx_word' id='word_1_479' title='bbox 2778 2487 2967 2543; x_wconf 84' lang='lat' dir='ltr'><strong>leviter</strong></span> <span class='ocrx_word' id='word_1_480' title='bbox 2987 2489 3297 2558; x_wconf 87' lang='lat' dir='ltr'><strong>supplantet</strong></span> <span class='ocrx_word' id='word_1_481' title='bbox 3327 2499 3382 2544; x_wconf 90' lang='lat' dir='ltr'><strong>et</strong></span> <span class='ocrx_word' id='word_1_482' title='bbox 3406 2491 3611 2560; x_wconf 87' lang='lat' dir='ltr'><strong>perdat.</strong></span> <span class='ocrx_word' id='word_1_483' title='bbox 3643 2495 3822 2554; x_wconf 83' lang='lat' dir='ltr'><strong>Hanc,</strong></span> <span class='ocrx_word' id='word_1_484' title='bbox 3854 2510 4027 2547; x_wconf 84' lang='lat' dir='ltr'><strong>meam</strong></span> 
     </span>
    </p>
   </div>
   <div class='ocr_carea' id='block_1_70' title="bbox 2449 2582 4029 2655">
    <p class='ocr_par' dir='ltr' id='par_1_70' title="bbox 2449 2582 4029 2655">
     <span class='ocr_line' id='line_1_70' title="bbox 2449 2582 4029 2655; baseline 0.002 -18"><span class='ocrx_word' id='word_1_485' title='bbox 2449 2600 2540 2638; x_wconf 84' lang='lat' dir='ltr'><strong>nec</strong></span> <span class='ocrx_word' id='word_1_486' title='bbox 2575 2601 2775 2650; x_wconf 79' lang='lat' dir='ltr'><strong>meant,</strong></span> <span class='ocrx_word' id='word_1_487' title='bbox 2808 2594 2912 2641; x_wconf 89' lang='lat' dir='ltr'><strong>etc.</strong></span> <span class='ocrx_word' id='word_1_488' title='bbox 2951 2582 3157 2650; x_wconf 79' lang='lat' dir='ltr'><strong>Meam,</strong></span> <span class='ocrx_word' id='word_1_489' title='bbox 3192 2587 3408 2655; x_wconf 88' lang='lat' dir='ltr'><strong>quidem</strong></span> <span class='ocrx_word' id='word_1_490' title='bbox 3440 2600 3661 2641; x_wconf 88' lang='lat' dir='ltr'><strong>carnem</strong></span> <span class='ocrx_word' id='word_1_491' title='bbox 3691 2586 3861 2651; x_wconf 88' lang='lat' dir='ltr'><strong>dixit,</strong></span> <span class='ocrx_word' id='word_1_492' title='bbox 3907 2597 4029 2640; x_wconf 84' lang='lat' dir='ltr'><strong>tan-</strong></span> 
     </span>
    </p>
   </div>
   <div class='ocr_carea' id='block_1_71' title="bbox 2447 2671 4029 2748">
    <p class='ocr_par' dir='ltr' id='par_1_71' title="bbox 2447 2671 4029 2748">
     <span class='ocr_line' id='line_1_71' title="bbox 2447 2671 4029 2748; baseline 0.001 -19"><span class='ocrx_word' id='word_1_493' title='bbox 2447 2693 2610 2746; x_wconf 87' lang='lat' dir='ltr'><strong>quam</strong></span> <span class='ocrx_word' id='word_1_494' title='bbox 2643 2677 2839 2732; x_wconf 74' lang='lat' dir='ltr'><strong>anima:</strong></span> <span class='ocrx_word' id='word_1_495' title='bbox 2879 2671 3257 2748; x_wconf 79' lang='lat' dir='ltr'><strong>conjunctam,</strong></span> <span class='ocrx_word' id='word_1_496' title='bbox 3297 2688 3351 2732; x_wconf 89' lang='lat' dir='ltr'><strong>et</strong></span> <span class='ocrx_word' id='word_1_497' title='bbox 3384 2679 3452 2733; x_wconf 88' lang='lat' dir='ltr'><strong>ab</strong></span> <span class='ocrx_word' id='word_1_498' title='bbox 3479 2694 3541 2732; x_wconf 88' lang='lat' dir='ltr'><strong>ea</strong></span> <span class='ocrx_word' id='word_1_499' title='bbox 3569 2679 3825 2734; x_wconf 81' lang='lat' dir='ltr'><strong>dilectam</strong></span> <span class='ocrx_word' id='word_1_500' title='bbox 3857 2701 3871 2734; x_wconf 91' lang='lat'><strong>:</strong></span> <span class='ocrx_word' id='word_1_501' title='bbox 3921 2697 4029 2732; x_wconf 82' lang='lat' dir='ltr'><strong>non</strong></span> 
     </span>
    </p>
   </div>
   <div class='ocr_carea' id='block_1_72' title="bbox 2448 2771 4029 2837">
    <p class='ocr_par' dir='ltr' id='par_1_72' title="bbox 2448 2771 4029 2837">
     <span class='ocr_line' id='line_1_72' title="bbox 2448 2771 4029 2837; baseline 0.004 -17"><span class='ocrx_word' id='word_1_502' title='bbox 2448 2785 2618 2822; x_wconf 81' lang='lat' dir='ltr'><strong>nteant</strong></span> <span class='ocrx_word' id='word_1_503' title='bbox 2665 2784 2792 2824; x_wconf 89' lang='lat' dir='ltr'><strong>vero</strong></span> <span class='ocrx_word' id='word_1_504' title='bbox 2846 2771 2990 2824; x_wconf 91' lang='lat' dir='ltr'><strong>sicut</strong></span> <span class='ocrx_word' id='word_1_505' title='bbox 3041 2771 3362 2826; x_wconf 88' lang='lat' dir='ltr'><strong>militantem</strong></span> <span class='ocrx_word' id='word_1_506' title='bbox 3407 2780 3598 2826; x_wconf 90' lang='lat' dir='ltr'><strong>contra</strong></span> <span class='ocrx_word' id='word_1_507' title='bbox 3643 2773 3928 2837; x_wconf 89' lang='lat' dir='ltr'><strong>animam,</strong></span> <span class='ocrx_word' id='word_1_508' title='bbox 3972 2782 4029 2826; x_wconf 88' lang='lat' dir='ltr'><strong>et</strong></span> 
     </span>
    </p>
   </div>
   <div class='ocr_carea' id='block_1_73' title="bbox 2446 2861 4028 2933">
    <p class='ocr_par' dir='ltr' id='par_1_73' title="bbox 2446 2861 4028 2933">
     <span class='ocr_line' id='line_1_73' title="bbox 2446 2861 4028 2933; baseline 0.003 -20"><span class='ocrx_word' id='word_1_509' title='bbox 2446 2861 2687 2930; x_wconf 85' lang='lat' dir='ltr'><strong>ejusdem</strong></span> <span class='ocrx_word' id='word_1_510' title='bbox 2712 2872 3060 2933; x_wconf 88' lang='lat' dir='ltr'><strong>apparentem</strong></span> <span class='ocrx_word' id='word_1_511' title='bbox 3092 2863 3563 2933; x_wconf 87' lang='lat' dir='ltr'><strong>impugnatricem.</strong></span> <span class='ocrx_word' id='word_1_512' title='bbox 3610 2861 3763 2918; x_wconf 89' lang='lat' dir='ltr'><strong>Unde</strong></span> <span class='ocrx_word' id='word_1_513' title='bbox 3787 2864 4028 2929; x_wconf 79' lang='lat' dir='ltr'><strong>Aposto-</strong></span> 
     </span>
    </p>
   </div>
   <div class='ocr_carea' id='block_1_74' title="bbox 2447 2953 4028 3026">
    <p class='ocr_par' dir='ltr' id='par_1_74' title="bbox 2447 2953 4028 3026">
     <span class='ocr_line' id='line_1_74' title="bbox 2447 2953 4028 3026; baseline 0.003 -20"><span class='ocrx_word' id='word_1_514' title='bbox 2447 2953 2532 3008; x_wconf 91' lang='lat' dir='ltr'><strong>lus</strong></span> <span class='ocrx_word' id='word_1_515' title='bbox 2551 2954 2619 3018; x_wconf 79' lang='lat'><strong>“,</strong></span> <span class='ocrx_word' id='word_1_516' title='bbox 2662 2963 2882 3024; x_wconf 87' lang='lat' dir='ltr'><strong>propter</strong></span> <span class='ocrx_word' id='word_1_517' title='bbox 2910 2955 3164 3010; x_wconf 89' lang='lat' dir='ltr'><strong>scandala</strong></span> <span class='ocrx_word' id='word_1_518' title='bbox 3201 2957 3398 3011; x_wconf 80' lang='lat' dir='ltr'><strong>anima:</strong></span> <span class='ocrx_word' id='word_1_519' title='bbox 3429 2957 3734 3010; x_wconf 89' lang='lat' dir='ltr'><strong>evenientia</strong></span> <span class='ocrx_word' id='word_1_520' title='bbox 3775 2972 3876 3026; x_wconf 87' lang='lat' dir='ltr'><strong>per</strong></span> <span class='ocrx_word' id='word_1_521' title='bbox 3903 2971 4028 3012; x_wconf 53' lang='lat' dir='ltr'><strong>car-</strong></span> 
     </span>
    </p>
   </div>
   <div class='ocr_carea' id='block_1_75' title="bbox 2445 3051 4030 3122">
    <p class='ocr_par' dir='ltr' id='par_1_75' title="bbox 2445 3051 4030 3122">
     <span class='ocr_line' id='line_1_75' title="bbox 2445 3051 4030 3122; baseline 0.004 -20"><span class='ocrx_word' id='word_1_522' title='bbox 2445 3063 2568 3104; x_wconf 90' lang='lat' dir='ltr'><strong>nem</strong></span> <span class='ocrx_word' id='word_1_523' title='bbox 2597 3059 2653 3104; x_wconf 88' lang='lat' dir='ltr'><strong>et</strong></span> <span class='ocrx_word' id='word_1_524' title='bbox 2675 3063 2740 3104; x_wconf 93' lang='lat' dir='ltr'><strong>ex</strong></span> <span class='ocrx_word' id='word_1_525' title='bbox 2763 3063 2946 3114; x_wconf 89' lang='lat' dir='ltr'><strong>carne,</strong></span> <span class='ocrx_word' id='word_1_526' title='bbox 2971 3065 3089 3104; x_wconf 90' lang='lat' dir='ltr'><strong>eam</strong></span> <span class='ocrx_word' id='word_1_527' title='bbox 3117 3061 3347 3104; x_wconf 89' lang='lat' dir='ltr'><strong>mortem</strong></span> <span class='ocrx_word' id='word_1_528' title='bbox 3377 3051 3686 3121; x_wconf 87' lang='lat' dir='ltr'><strong>appellavit.</strong></span> <span class='ocrx_word' id='word_1_529' title='bbox 3720 3051 4030 3122; x_wconf 79' lang='lat' dir='ltr'><strong>Gregorius</strong></span> 
     </span>
    </p>
   </div>
   <div class='ocr_carea' id='block_1_76' title="bbox 2443 3142 4028 3215">
    <p class='ocr_par' dir='ltr' id='par_1_76' title="bbox 2443 3142 4028 3215">
     <span class='ocr_line' id='line_1_76' title="bbox 2443 3142 4028 3215; baseline 0.003 -18"><span class='ocrx_word' id='word_1_530' title='bbox 2443 3159 2573 3198; x_wconf 89' lang='lat' dir='ltr'><strong>vero</strong></span> <span class='ocrx_word' id='word_1_531' title='bbox 2587 3142 2913 3215; x_wconf 90' lang='lat' dir='ltr'><strong>Theologus,</strong></span> <span class='ocrx_word' id='word_1_532' title='bbox 2936 3145 3298 3210; x_wconf 86' lang='lat' dir='ltr'><strong>libidinosam,</strong></span> <span class='ocrx_word' id='word_1_533' title='bbox 3323 3146 3595 3206; x_wconf 88' lang='lat' dir='ltr'><strong>servilem,</strong></span> <span class='ocrx_word' id='word_1_534' title='bbox 3614 3155 3671 3199; x_wconf 90' lang='lat' dir='ltr'><strong>et</strong></span> <span class='ocrx_word' id='word_1_535' title='bbox 3689 3155 4028 3201; x_wconf 83' lang='lat' dir='ltr'><strong>nocturnam</strong></span> 
     </span>
    </p>
   </div>
   <div class='ocr_carea' id='block_1_77' title="bbox 2444 3237 4031 3309">
    <p class='ocr_par' dir='ltr' id='par_1_77' title="bbox 2444 3237 4031 3309">
     <span class='ocr_line' id='line_1_77' title="bbox 2444 3237 4031 3309; baseline 0.004 -23"><span class='ocrx_word' id='word_1_536' title='bbox 2444 3237 2654 3292; x_wconf 85' lang='lat' dir='ltr'><strong>vocavit</strong></span> <span class='ocrx_word' id='word_1_537' title='bbox 2673 3237 3010 3306; x_wconf 88' lang='lat' dir='ltr'><strong>corporalem</strong></span> <span class='ocrx_word' id='word_1_538' title='bbox 3041 3237 3440 3307; x_wconf 79' lang='lat' dir='ltr'><strong>generationem</strong></span> <span class='ocrx_word' id='word_1_539' title='bbox 3474 3246 3531 3291; x_wconf 92' lang='lat' dir='ltr'><strong>ut</strong></span> <span class='ocrx_word' id='word_1_540' title='bbox 3557 3239 4031 3309; x_wconf 74' lang='lat' dir='ltr'><strong>concupiscentize</strong></span> 
     </span>
    </p>
   </div>
   <div class='ocr_carea' id='block_1_78' title="bbox 2443 3326 4029 3398">
    <p class='ocr_par' dir='ltr' id='par_1_78' title="bbox 2443 3326 4029 3398">
     <span class='ocr_line' id='line_1_78' title="bbox 2443 3326 4029 3398; baseline 0.002 -17"><span class='ocrx_word' id='word_1_541' title='bbox 2443 3335 2500 3382; x_wconf 88' lang='lat' dir='ltr'><strong>et</strong></span> <span class='ocrx_word' id='word_1_542' title='bbox 2535 3326 2779 3381; x_wconf 88' lang='lat' dir='ltr'><strong>libidinis</strong></span> <span class='ocrx_word' id='word_1_543' title='bbox 2814 3336 2870 3382; x_wconf 91' lang='lat' dir='ltr'><strong>et</strong></span> <span class='ocrx_word' id='word_1_544' title='bbox 2896 3329 3074 3383; x_wconf 91' lang='lat' dir='ltr'><strong>noctis</strong></span> <span class='ocrx_word' id='word_1_545' title='bbox 3100 3343 3256 3398; x_wconf 90' lang='lat' dir='ltr'><strong>opus,</strong></span> <span class='ocrx_word' id='word_1_546' title='bbox 3284 3337 3340 3382; x_wconf 92' lang='lat' dir='ltr'><strong>et</strong></span> <span class='ocrx_word' id='word_1_547' title='bbox 3382 3327 3700 3398; x_wconf 87' lang='lat' dir='ltr'><strong>spiritualis,</strong></span> <span class='ocrx_word' id='word_1_548' title='bbox 3735 3339 3792 3384; x_wconf 92' lang='lat' dir='ltr'><strong>et</strong></span> <span class='ocrx_word' id='word_1_549' title='bbox 3838 3331 4029 3386; x_wconf 73' lang='lat' dir='ltr'><strong>libera:</strong></span> 
     </span>
    </p>
   </div>
   <div class='ocr_carea' id='block_1_79' title="bbox 2443 3415 4025 3489">
    <p class='ocr_par' dir='ltr' id='par_1_79' title="bbox 2443 3415 4025 3489">
     <span class='ocr_line' id='line_1_79' title="bbox 2443 3415 4025 3489; baseline 0 -19"><span class='ocrx_word' id='word_1_550' title='bbox 2443 3415 2809 3485; x_wconf 89' lang='lat' dir='ltr'><strong>generationis</strong></span> <span class='ocrx_word' id='word_1_551' title='bbox 2833 3417 3187 3480; x_wconf 88' lang='lat' dir='ltr'><strong>contrariam,</strong></span> <span class='ocrx_word' id='word_1_552' title='bbox 3221 3431 3288 3471; x_wconf 86' lang='lat' dir='ltr'><strong>ex</strong></span> <span class='ocrx_word' id='word_1_553' title='bbox 3324 3417 3636 3471; x_wconf 83' lang='lat' dir='ltr'><strong>infirmitate</strong></span> <span class='ocrx_word' id='word_1_554' title='bbox 3667 3425 3721 3472; x_wconf 90' lang='lat' dir='ltr'><strong>et</strong></span> <span class='ocrx_word' id='word_1_555' title='bbox 3765 3417 4025 3489; x_wconf 87' lang='lat' dir='ltr'><strong>originali</strong></span> 
     </span>
    </p>
   </div>
   <div class='ocr_carea' id='block_1_80' title="bbox 2443 3502 4027 3574">
    <p class='ocr_par' dir='ltr' id='par_1_80' title="bbox 2443 3502 4027 3574">
     <span class='ocr_line' id='line_1_80' title="bbox 2443 3502 4027 3574; baseline 0.002 -16"><span class='ocrx_word' id='word_1_556' title='bbox 2443 3504 2783 3574; x_wconf 86' lang='lat' dir='ltr'><strong>contagione.</strong></span> <span class='ocrx_word' id='word_1_557' title='bbox 2801 3502 2984 3574; x_wconf 83' lang='lat' dir='ltr'><strong>Neque</strong></span> <span class='ocrx_word' id='word_1_558' title='bbox 3014 3521 3080 3557; x_wconf 82' lang='lat' dir='ltr'><strong>ex</strong></span> <span class='ocrx_word' id='word_1_559' title='bbox 3114 3505 3237 3569; x_wconf 88' lang='lat' dir='ltr'><strong>hoc,</strong></span> <span class='ocrx_word' id='word_1_560' title='bbox 3259 3519 3388 3559; x_wconf 90' lang='lat' dir='ltr'><strong>caro</strong></span> <span class='ocrx_word' id='word_1_561' title='bbox 3409 3513 3701 3559; x_wconf 89' lang='lat' dir='ltr'><strong>accusatur</strong></span> <span class='ocrx_word' id='word_1_562' title='bbox 3727 3514 3826 3559; x_wconf 86' lang='lat' dir='ltr'><strong>aut</strong></span> <span class='ocrx_word' id='word_1_563' title='bbox 3852 3506 4027 3561; x_wconf 50' lang='lat' dir='ltr'><strong>male»</strong></span> 
     </span>
    </p>
   </div>
   <div class='ocr_carea' id='block_1_81' title="bbox 2442 3595 4025 3668">
    <p class='ocr_par' dir='ltr' id='par_1_81' title="bbox 2442 3595 4025 3668">
     <span class='ocr_line' id='line_1_81' title="bbox 2442 3595 4025 3668; baseline 0.002 -19"><span class='ocrx_word' id='word_1_564' title='bbox 2442 3595 2661 3660; x_wconf 86' lang='lat' dir='ltr'><strong>dicitur,</strong></span> <span class='ocrx_word' id='word_1_565' title='bbox 2717 3612 2822 3650; x_wconf 87' lang='lat' dir='ltr'><strong>non</strong></span> <span class='ocrx_word' id='word_1_566' title='bbox 2858 3597 3003 3651; x_wconf 87' lang='lat' dir='ltr'><strong>enim</strong></span> <span class='ocrx_word' id='word_1_567' title='bbox 3053 3597 3148 3661; x_wconf 89' lang='lat' dir='ltr'><strong>ait,</strong></span> <span class='ocrx_word' id='word_1_568' title='bbox 3190 3612 3378 3666; x_wconf 82' lang='lat' dir='ltr'><strong>corpus</strong></span> <span class='ocrx_word' id='word_1_569' title='bbox 3410 3597 3631 3664; x_wconf 81' lang='lat' dir='ltr'><strong>peccati,</strong></span> <span class='ocrx_word' id='word_1_570' title='bbox 3676 3597 3774 3652; x_wconf 89' lang='lat' dir='ltr'><strong>sed</strong></span> <span class='ocrx_word' id='word_1_571' title='bbox 3825 3614 4025 3668; x_wconf 82' lang='lat' dir='ltr'><strong>corpus</strong></span> 
     </span>
    </p>
   </div>
   <div class='ocr_carea' id='block_1_82' title="bbox 2441 3689 4024 3756">
    <p class='ocr_par' dir='ltr' id='par_1_82' title="bbox 2441 3689 4024 3756">
     <span class='ocr_line' id='line_1_82' title="bbox 2441 3689 4024 3756; baseline 0.002 -14"><span class='ocrx_word' id='word_1_572' title='bbox 2441 3691 2629 3742; x_wconf 86' lang='lat' dir='ltr'><strong>mortis</strong></span> <span class='ocrx_word' id='word_1_573' title='bbox 2650 3704 2669 3753; x_wconf 89' lang='lat'><strong>;</strong></span> <span class='ocrx_word' id='word_1_574' title='bbox 2694 3689 2968 3754; x_wconf 90' lang='lat' dir='ltr'><strong>videlicet,</strong></span> <span class='ocrx_word' id='word_1_575' title='bbox 2996 3689 3052 3743; x_wconf 93' lang='lat' dir='ltr'><strong>in</strong></span> <span class='ocrx_word' id='word_1_576' title='bbox 3081 3690 3414 3750; x_wconf 83' lang='lat' dir='ltr'><strong>servitutem,</strong></span> <span class='ocrx_word' id='word_1_577' title='bbox 3444 3705 3475 3743; x_wconf 93' lang='lat' dir='ltr'><strong>a</strong></span> <span class='ocrx_word' id='word_1_578' title='bbox 3505 3698 3678 3743; x_wconf 90' lang='lat' dir='ltr'><strong>morte</strong></span> <span class='ocrx_word' id='word_1_579' title='bbox 3699 3690 4024 3756; x_wconf 85' lang='lat' dir='ltr'><strong>subactum,</strong></span> 
     </span>
    </p>
   </div>
   <div class='ocr_carea' id='block_1_83' title="bbox 2443 3781 4025 3852">
    <p class='ocr_par' dir='ltr' id='par_1_83' title="bbox 2443 3781 4025 3852">
     <span class='ocr_line' id='line_1_83' title="bbox 2443 3781 4025 3852; baseline 0.002 -18"><span class='ocrx_word' id='word_1_580' title='bbox 2443 3795 2551 3834; x_wconf 92' lang='lat' dir='ltr'><strong>non</strong></span> <span class='ocrx_word' id='word_1_581' title='bbox 2576 3791 2757 3834; x_wconf 88' lang='lat' dir='ltr'><strong>autem</strong></span> <span class='ocrx_word' id='word_1_582' title='bbox 2789 3790 3016 3836; x_wconf 92' lang='lat' dir='ltr'><strong>mortem</strong></span> <span class='ocrx_word' id='word_1_583' title='bbox 3045 3797 3344 3851; x_wconf 82' lang='lat' dir='ltr'><strong>generans:</strong></span> <span class='ocrx_word' id='word_1_584' title='bbox 3375 3781 3518 3852; x_wconf 89' lang='lat' dir='ltr'><strong>quod</strong></span> <span class='ocrx_word' id='word_1_585' title='bbox 3541 3781 3763 3852; x_wconf 88' lang='lat' dir='ltr'><strong>quidem</strong></span> <span class='ocrx_word' id='word_1_586' title='bbox 3795 3799 3909 3837; x_wconf 87' lang='lat' dir='ltr'><strong>non</strong></span> <span class='ocrx_word' id='word_1_587' title='bbox 3940 3794 4025 3839; x_wconf 86' lang='lat' dir='ltr'><strong>est</strong></span> 
     </span>
    </p>
   </div>
   <div class='ocr_carea' id='block_1_84' title="bbox 2443 3873 4023 3944">
    <p class='ocr_par' dir='ltr' id='par_1_84' title="bbox 2443 3873 4023 3944">
     <span class='ocr_line' id='line_1_84' title="bbox 2443 3873 4023 3944; baseline 0.001 -17"><span class='ocrx_word' id='word_1_588' title='bbox 2443 3873 2795 3944; x_wconf 87' lang='lat' dir='ltr'><strong>malignitatis</strong></span> <span class='ocrx_word' id='word_1_589' title='bbox 2847 3873 3063 3934; x_wconf 89' lang='lat' dir='ltr'><strong>carnis,</strong></span> <span class='ocrx_word' id='word_1_590' title='bbox 3127 3874 3219 3928; x_wconf 89' lang='lat' dir='ltr'><strong>sed</strong></span> <span class='ocrx_word' id='word_1_591' title='bbox 3286 3876 3469 3943; x_wconf 91' lang='lat' dir='ltr'><strong>lapsus</strong></span> <span class='ocrx_word' id='word_1_592' title='bbox 3523 3889 3684 3944; x_wconf 87' lang='lat' dir='ltr'><strong>quem</strong></span> <span class='ocrx_word' id='word_1_593' title='bbox 3747 3876 4023 3930; x_wconf 72' lang='lat' dir='ltr'><strong>sustinuit</strong></span> 
     </span>
    </p>
   </div>
   <div class='ocr_carea' id='block_1_85' title="bbox 2441 3964 4026 4036">
    <p class='ocr_par' dir='ltr' id='par_1_85' title="bbox 2441 3964 4026 4036">
     <span class='ocr_line' id='line_1_85' title="bbox 2441 3964 4026 4036; baseline 0.003 -17"><span class='ocrx_word' id='word_1_594' title='bbox 2441 3967 2689 4036; x_wconf 69' lang='lat' dir='ltr'><strong>aenigma.</strong></span> <span class='ocrx_word' id='word_1_595' title='bbox 2751 3965 2818 4019; x_wconf 89' lang='lat' dir='ltr'><strong>Et</strong></span> <span class='ocrx_word' id='word_1_596' title='bbox 2861 3965 3025 4029; x_wconf 92' lang='lat' dir='ltr'><strong>sicut,</strong></span> <span class='ocrx_word' id='word_1_597' title='bbox 3060 3979 3088 4019; x_wconf 88' lang='lat' dir='ltr'><strong>a</strong></span> <span class='ocrx_word' id='word_1_598' title='bbox 3124 3964 3376 4020; x_wconf 82' lang='lat' dir='ltr'><strong>Barbaris</strong></span> <span class='ocrx_word' id='word_1_599' title='bbox 3402 3967 3728 4036; x_wconf 88' lang='lat' dir='ltr'><strong>captivatus,</strong></span> <span class='ocrx_word' id='word_1_600' title='bbox 3782 3984 3901 4022; x_wconf 92' lang='lat' dir='ltr'><strong>non</strong></span> <span class='ocrx_word' id='word_1_601' title='bbox 3943 3982 4026 4024; x_wconf 86' lang='lat' dir='ltr'><strong>est</strong></span> 
     </span>
    </p>
   </div>
   <div class='ocr_carea' id='block_1_86' title="bbox 2441 4057 4023 4130">
    <p class='ocr_par' dir='ltr' id='par_1_86' title="bbox 2441 4057 4023 4130">
     <span class='ocr_line' id='line_1_86' title="bbox 2441 4057 4023 4130; baseline 0 -17"><span class='ocrx_word' id='word_1_602' title='bbox 2441 4059 2754 4113; x_wconf 82' lang='lat' dir='ltr'><strong>Barbarus:</strong></span> <span class='ocrx_word' id='word_1_603' title='bbox 2802 4057 2875 4112; x_wconf 88' lang='lat' dir='ltr'><strong>ita</strong></span> <span class='ocrx_word' id='word_1_604' title='bbox 2908 4072 3128 4125; x_wconf 88' lang='lat' dir='ltr'><strong>corpus,</strong></span> <span class='ocrx_word' id='word_1_605' title='bbox 3168 4057 3360 4112; x_wconf 90' lang='lat' dir='ltr'><strong>mortis</strong></span> <span class='ocrx_word' id='word_1_606' title='bbox 3389 4072 3589 4127; x_wconf 88' lang='lat' dir='ltr'><strong>corpus</strong></span> <span class='ocrx_word' id='word_1_607' title='bbox 3618 4058 3847 4122; x_wconf 90' lang='lat' dir='ltr'><strong>dicitur,</strong></span> <span class='ocrx_word' id='word_1_608' title='bbox 3879 4077 4023 4130; x_wconf 86' lang='lat' dir='ltr'><strong>qun-</strong></span> 
     </span>
    </p>
   </div>
   <div class='ocr_carea' id='block_1_87' title="bbox 2441 4150 4022 4217">
    <p class='ocr_par' dir='ltr' id='par_1_87' title="bbox 2441 4150 4022 4217">
     <span class='ocr_line' id='line_1_87' title="bbox 2441 4150 4022 4217; baseline 0.001 -12"><span class='ocrx_word' id='word_1_609' title='bbox 2441 4153 2587 4206; x_wconf 87' lang='lat' dir='ltr'><strong>niam</strong></span> <span class='ocrx_word' id='word_1_610' title='bbox 2619 4168 2649 4206; x_wconf 87' lang='lat' dir='ltr'><strong>a</strong></span> <span class='ocrx_word' id='word_1_611' title='bbox 2679 4160 2853 4206; x_wconf 91' lang='lat' dir='ltr'><strong>morte</strong></span> <span class='ocrx_word' id='word_1_612' title='bbox 2885 4152 3084 4204; x_wconf 91' lang='lat' dir='ltr'><strong>victum</strong></span> <span class='ocrx_word' id='word_1_613' title='bbox 3115 4163 3168 4206; x_wconf 89' lang='lat' dir='ltr'><strong>et</strong></span> <span class='ocrx_word' id='word_1_614' title='bbox 3196 4151 3476 4205; x_wconf 88' lang='lat' dir='ltr'><strong>detentum</strong></span> <span class='ocrx_word' id='word_1_615' title='bbox 3503 4150 3760 4217; x_wconf 80' lang='lat' dir='ltr'><strong>exsistit;</strong></span> <span class='ocrx_word' id='word_1_616' title='bbox 3797 4162 3860 4205; x_wconf 89' lang='lat' dir='ltr'><strong>et</strong></span> <span class='ocrx_word' id='word_1_617' title='bbox 3897 4154 4022 4207; x_wconf 88' lang='lat' dir='ltr'><strong>ideo</strong></span> 
     </span>
    </p>
   </div>
   <div class='ocr_carea' id='block_1_88' title="bbox 2441 4241 4023 4313">
    <p class='ocr_par' dir='ltr' id='par_1_88' title="bbox 2441 4241 4023 4313">
     <span class='ocr_line' id='line_1_88' title="bbox 2441 4241 4023 4313; baseline 0.001 -16"><span class='ocrx_word' id='word_1_618' title='bbox 2441 4259 2550 4297; x_wconf 92' lang='lat' dir='ltr'><strong>non</strong></span> <span class='ocrx_word' id='word_1_619' title='bbox 2575 4258 2743 4307; x_wconf 91' lang='lat' dir='ltr'><strong>mors,</strong></span> <span class='ocrx_word' id='word_1_620' title='bbox 2767 4257 2940 4311; x_wconf 89' lang='lat' dir='ltr'><strong>neque</strong></span> <span class='ocrx_word' id='word_1_621' title='bbox 2972 4241 3162 4297; x_wconf 89' lang='lat' dir='ltr'><strong>mortis</strong></span> <span class='ocrx_word' id='word_1_622' title='bbox 3185 4242 3397 4312; x_wconf 85' lang='lat' dir='ltr'><strong>genitor</strong></span> <span class='ocrx_word' id='word_1_623' title='bbox 3421 4256 3654 4310; x_wconf 90' lang='lat' dir='ltr'><strong>corpus:</strong></span> <span class='ocrx_word' id='word_1_624' title='bbox 3683 4256 4023 4313; x_wconf 88' lang='lat' dir='ltr'><strong>quapropter</strong></span> 
     </span>
    </p>
   </div>
   <div class='ocr_carea' id='block_1_89' title="bbox 2441 4334 4020 4406">
    <p class='ocr_par' dir='ltr' id='par_1_89' title="bbox 2441 4334 4020 4406">
     <span class='ocr_line' id='line_1_89' title="bbox 2441 4334 4020 4406; baseline 0.003 -18"><span class='ocrx_word' id='word_1_625' title='bbox 2441 4351 2541 4390; x_wconf 90' lang='lat' dir='ltr'><strong>nec</strong></span> <span class='ocrx_word' id='word_1_626' title='bbox 2574 4337 2688 4406; x_wconf 90' lang='lat' dir='ltr'><strong>ipse</strong></span> <span class='ocrx_word' id='word_1_627' title='bbox 2718 4335 2957 4405; x_wconf 88' lang='lat' dir='ltr'><strong>postulat</strong></span> <span class='ocrx_word' id='word_1_628' title='bbox 2985 4350 3016 4388; x_wconf 90' lang='lat' dir='ltr'><strong>a</strong></span> <span class='ocrx_word' id='word_1_629' title='bbox 3048 4349 3276 4404; x_wconf 90' lang='lat' dir='ltr'><strong>corpore</strong></span> <span class='ocrx_word' id='word_1_630' title='bbox 3307 4334 3560 4397; x_wconf 90' lang='lat' dir='ltr'><strong>liberari,</strong></span> <span class='ocrx_word' id='word_1_631' title='bbox 3595 4336 3689 4389; x_wconf 90' lang='lat' dir='ltr'><strong>sed</strong></span> <span class='ocrx_word' id='word_1_632' title='bbox 3719 4350 3753 4390; x_wconf 87' lang='lat' dir='ltr'><strong>a</strong></span> <span class='ocrx_word' id='word_1_633' title='bbox 3794 4340 4020 4392; x_wconf 90' lang='lat' dir='ltr'><strong>mortali</strong></span> 
     </span>
    </p>
   </div>
   <div class='ocr_carea' id='block_1_90' title="bbox 2439 4427 4020 4498">
    <p class='ocr_par' dir='ltr' id='par_1_90' title="bbox 2439 4427 4020 4498">
     <span class='ocr_line' id='line_1_90' title="bbox 2439 4427 4020 4498; baseline 0.002 -16"><span class='ocrx_word' id='word_1_634' title='bbox 2439 4444 2687 4498; x_wconf 68' lang='lat' dir='ltr'><strong>corpore.</strong></span> <span class='ocrx_word' id='word_1_635' title='bbox 2744 4427 3096 4494; x_wconf 74' lang='lat' dir='ltr'><strong>Qumrendum</strong></span> <span class='ocrx_word' id='word_1_636' title='bbox 3141 4443 3340 4490; x_wconf 83' lang='lat' dir='ltr'><strong>censeo,</strong></span> <span class='ocrx_word' id='word_1_637' title='bbox 3387 4428 3506 4496; x_wconf 85' lang='lat' dir='ltr'><strong>quis</strong></span> <span class='ocrx_word' id='word_1_638' title='bbox 3538 4428 3714 4496; x_wconf 79' lang='lat' dir='ltr'><strong>ntajor</strong></span> <span class='ocrx_word' id='word_1_639' title='bbox 3745 4429 3857 4494; x_wconf 86' lang='lat' dir='ltr'><strong>sit,</strong></span> <span class='ocrx_word' id='word_1_640' title='bbox 3915 4441 4020 4485; x_wconf 85' lang='lat' dir='ltr'><strong>etc.</strong></span> 
     </span>
    </p>
   </div>
   <div class='ocr_carea' id='block_1_91' title="bbox 768 4507 4018 4590">
    <p class='ocr_par' dir='ltr' id='par_1_91' title="bbox 768 4507 4018 4590">
     <span class='ocr_line' id='line_1_91' title="bbox 768 4507 4018 4590; baseline 0.003 -22"><span class='ocrx_word' id='word_1_641' title='bbox 768 4516 937 4582; x_wconf 86' lang='lat' dir='ltr'><strong>tione,</strong></span> <span class='ocrx_word' id='word_1_642' title='bbox 957 4516 1113 4586; x_wconf 85' lang='lat' dir='ltr'><strong>quasi</strong></span> <span class='ocrx_word' id='word_1_643' title='bbox 1147 4516 1543 4586; x_wconf 84' lang='lat' dir='ltr'><strong>inexpugnabili</strong></span> <span class='ocrx_word' id='word_1_644' title='bbox 1572 4525 1728 4570; x_wconf 89' lang='lat' dir='ltr'><strong>scuto</strong></span> <span class='ocrx_word' id='word_1_645' title='bbox 1751 4519 2107 4586; x_wconf 82' lang='lat' dir='ltr'><strong>protegimur,</strong></span> <span class='ocrx_word' id='word_1_646' title='bbox 2134 4527 2189 4571; x_wconf 93' lang='lat' dir='ltr'><strong>et</strong></span> <span class='ocrx_word' id='word_1_647' title='bbox 2211 4533 2333 4571; x_wconf 88' lang='lat' dir='ltr'><strong>mu-</strong></span> <span class='ocrx_word' id='word_1_648' title='bbox 2367 4507 2412 4562; x_wconf 87' lang='grc' dir='ltr'><strong>Ῑ)</strong></span> <span class='ocrx_word' id='word_1_649' title='bbox 2440 4521 2556 4575; x_wconf 83' lang='grc' dir='ltr'><strong>Νοη</strong></span> <span class='ocrx_word' id='word_1_650' title='bbox 2590 4521 2905 4585; x_wconf 87' lang='lat' dir='ltr'><strong>morientes,</strong></span> <span class='ocrx_word' id='word_1_651' title='bbox 2937 4528 3067 4573; x_wconf 90' lang='lat' dir='ltr'><strong>sunt</strong></span> <span class='ocrx_word' id='word_1_652' title='bbox 3099 4527 3292 4574; x_wconf 87' lang='lat' dir='ltr'><strong>natura</strong></span> <span class='ocrx_word' id='word_1_653' title='bbox 3327 4520 3504 4590; x_wconf 74' lang='lat' dir='ltr'><strong>angeli</strong></span> <span class='ocrx_word' id='word_1_654' title='bbox 3533 4537 3548 4574; x_wconf 89' lang='lat'><strong>:</strong></span> <span class='ocrx_word' id='word_1_655' title='bbox 3586 4520 3671 4576; x_wconf 90' lang='lat' dir='ltr'><strong>his</strong></span> <span class='ocrx_word' id='word_1_656' title='bbox 3696 4523 4018 4577; x_wconf 85' lang='lat' dir='ltr'><strong>assimilan-</strong></span> 
     </span>
    </p>
   </div>
   <div class='ocr_carea' id='block_1_92' title="bbox 768 4604 2331 4675">
    <p class='ocr_par' dir='ltr' id='par_1_92' title="bbox 768 4604 2331 4675">
     <span class='ocr_line' id='line_1_92' title="bbox 768 4604 2331 4675; baseline 0.002 -15"><span class='ocrx_word' id='word_1_657' title='bbox 768 4607 971 4661; x_wconf 90' lang='lat' dir='ltr'><strong>nimur.</strong></span> <span class='ocrx_word' id='word_1_658' title='bbox 994 4605 1114 4661; x_wconf 85' lang='lat' dir='ltr'><strong>Non</strong></span> <span class='ocrx_word' id='word_1_659' title='bbox 1133 4605 1222 4675; x_wconf 89' lang='lat' dir='ltr'><strong>qui</strong></span> <span class='ocrx_word' id='word_1_660' title='bbox 1249 4607 1424 4660; x_wconf 83' lang='lat' dir='ltr'><strong>carnis</strong></span> <span class='ocrx_word' id='word_1_661' title='bbox 1445 4610 1616 4659; x_wconf 87' lang='lat' dir='ltr'><strong>lutum</strong></span> <span class='ocrx_word' id='word_1_662' title='bbox 1641 4605 1752 4658; x_wconf 81' lang='lat' dir='ltr'><strong>sine</strong></span> <span class='ocrx_word' id='word_1_663' title='bbox 1774 4604 1928 4658; x_wconf 84' lang='lat' dir='ltr'><strong>sorde</strong></span> <span class='ocrx_word' id='word_1_664' title='bbox 1946 4609 2190 4671; x_wconf 78' lang='lat' dir='ltr'><strong>servavit,</strong></span> <span class='ocrx_word' id='word_1_665' title='bbox 2226 4617 2331 4662; x_wconf 88' lang='lat' dir='ltr'><strong>etc.</strong></span> 
     </span>
    </p>
   </div>
   <div class='ocr_carea' id='block_1_93' title="bbox 769 4697 2336 4768">
    <p class='ocr_par' dir='ltr' id='par_1_93' title="bbox 769 4697 2336 4768">
     <span class='ocr_line' id='line_1_93' title="bbox 769 4697 2336 4768; baseline 0.001 -16"><span class='ocrx_word' id='word_1_666' title='bbox 769 4698 898 4755; x_wconf 85' lang='lat' dir='ltr'><strong>Post</strong></span> <span class='ocrx_word' id='word_1_667' title='bbox 959 4699 1170 4768; x_wconf 87' lang='lat' dir='ltr'><strong>lapsum</strong></span> <span class='ocrx_word' id='word_1_668' title='bbox 1229 4697 1388 4768; x_wconf 88' lang='lat' dir='ltr'><strong>primi</strong></span> <span class='ocrx_word' id='word_1_669' title='bbox 1445 4698 1685 4767; x_wconf 84' lang='lat' dir='ltr'><strong>parentis</strong></span> <span class='ocrx_word' id='word_1_670' title='bbox 1738 4712 1936 4766; x_wconf 86' lang='lat' dir='ltr'><strong>corpus</strong></span> <span class='ocrx_word' id='word_1_671' title='bbox 1982 4697 2336 4766; x_wconf 86' lang='lat' dir='ltr'><strong>corruptibile</strong></span> 
     </span>
    </p>
   </div>
   <div class='ocr_carea' id='block_1_94' title="bbox 764 4788 2334 4862">
    <p class='ocr_par' dir='ltr' id='par_1_94' title="bbox 764 4788 2334 4862">
     <span class='ocr_line' id='line_1_94' title="bbox 764 4788 2334 4862; baseline 0.001 -17"><span class='ocrx_word' id='word_1_672' title='bbox 764 4791 925 4857; x_wconf 88' lang='lat' dir='ltr'><strong>dicit,</strong></span> <span class='ocrx_word' id='word_1_673' title='bbox 957 4791 1116 4862; x_wconf 84' lang='lat' dir='ltr'><strong>cujus</strong></span> <span class='ocrx_word' id='word_1_674' title='bbox 1151 4791 1394 4845; x_wconf 86' lang='lat' dir='ltr'><strong>membra</strong></span> <span class='ocrx_word' id='word_1_675' title='bbox 1428 4790 1642 4859; x_wconf 89' lang='lat' dir='ltr'><strong>spiritui</strong></span> <span class='ocrx_word' id='word_1_676' title='bbox 1672 4788 1924 4859; x_wconf 89' lang='lat' dir='ltr'><strong>subjicit.</strong></span> <span class='ocrx_word' id='word_1_677' title='bbox 1954 4789 2048 4858; x_wconf 91' lang='lat' dir='ltr'><strong>qui</strong></span> <span class='ocrx_word' id='word_1_678' title='bbox 2081 4789 2334 4846; x_wconf 89' lang='lat' dir='ltr'><strong>sensibus</strong></span> 
     </span>
    </p>
   </div>
   <div class='ocr_carea' id='block_1_95' title="bbox 764 4882 2338 4947">
    <p class='ocr_par' dir='ltr' id='par_1_95' title="bbox 764 4882 2338 4947">
     <span class='ocr_line' id='line_1_95' title="bbox 764 4882 2338 4947; baseline -0.001 -9"><span class='ocrx_word' id='word_1_679' title='bbox 764 4885 936 4938; x_wconf 91' lang='lat' dir='ltr'><strong>utitur</strong></span> <span class='ocrx_word' id='word_1_680' title='bbox 961 4884 1256 4938; x_wconf 87' lang='lat' dir='ltr'><strong>secundum</strong></span> <span class='ocrx_word' id='word_1_681' title='bbox 1291 4893 1537 4936; x_wconf 86' lang='lat' dir='ltr'><strong>naturam</strong></span> <span class='ocrx_word' id='word_1_682' title='bbox 1565 4891 1619 4937; x_wconf 89' lang='lat' dir='ltr'><strong>et</strong></span> <span class='ocrx_word' id='word_1_683' title='bbox 1647 4882 1883 4936; x_wconf 86' lang='lat' dir='ltr'><strong>divinam</strong></span> <span class='ocrx_word' id='word_1_684' title='bbox 1913 4885 2250 4947; x_wconf 90' lang='lat' dir='ltr'><strong>servitutem,</strong></span> <span class='ocrx_word' id='word_1_685' title='bbox 2283 4892 2338 4937; x_wconf 89' lang='lat' dir='ltr'><strong>et</strong></span> 
     </span>
    </p>
   </div>
   <div class='ocr_carea' id='block_1_96' title="bbox 763 4978 2340 5047">
    <p class='ocr_par' dir='ltr' id='par_1_96' title="bbox 763 4978 2340 5047">
     <span class='ocr_line' id='line_1_96' title="bbox 763 4978 2340 5047; baseline -0.001 -14"><span class='ocrx_word' id='word_1_686' title='bbox 763 4981 817 5034; x_wconf 91' lang='lat' dir='ltr'><strong>In</strong></span> <span class='ocrx_word' id='word_1_687' title='bbox 870 4979 1020 5033; x_wconf 93' lang='lat' dir='ltr'><strong>nullo</strong></span> <span class='ocrx_word' id='word_1_688' title='bbox 1055 4978 1222 5034; x_wconf 89' lang='lat' dir='ltr'><strong>Deum</strong></span> <span class='ocrx_word' id='word_1_689' title='bbox 1261 4978 1520 5043; x_wconf 70' lang='lat' dir='ltr'><strong>offendit,</strong></span> <span class='ocrx_word' id='word_1_690' title='bbox 1569 4978 1663 5033; x_wconf 89' lang='lat' dir='ltr'><strong>sed</strong></span> <span class='ocrx_word' id='word_1_691' title='bbox 1698 4979 1766 5032; x_wconf 86' lang='lat' dir='ltr'><strong>ad</strong></span> <span class='ocrx_word' id='word_1_692' title='bbox 1820 4979 1992 5046; x_wconf 88' lang='lat' dir='ltr'><strong>ipsum</strong></span> <span class='ocrx_word' id='word_1_693' title='bbox 2044 4979 2238 5047; x_wconf 84' lang='lat' dir='ltr'><strong>aspicit</strong></span> <span class='ocrx_word' id='word_1_694' title='bbox 2284 4987 2340 5032; x_wconf 90' lang='lat' dir='ltr'><strong>et</strong></span> 
     </span>
    </p>
   </div>
   <div class='ocr_carea' id='block_1_97' title="bbox 765 5075 2337 5145">
    <p class='ocr_par' dir='ltr' id='par_1_97' title="bbox 765 5075 2337 5145">
     <span class='ocr_line' id='line_1_97' title="bbox 765 5075 2337 5145; baseline -0.002 -18"><span class='ocrx_word' id='word_1_695' title='bbox 765 5075 1122 5145; x_wconf 86' lang='lat' dir='ltr'><strong>imaginatur,</strong></span> <span class='ocrx_word' id='word_1_696' title='bbox 1175 5084 1230 5129; x_wconf 91' lang='lat' dir='ltr'><strong>et</strong></span> <span class='ocrx_word' id='word_1_697' title='bbox 1286 5075 1596 5144; x_wconf 85' lang='lat' dir='ltr'><strong>speculatur</strong></span> <span class='ocrx_word' id='word_1_698' title='bbox 1651 5083 1884 5128; x_wconf 67' lang='lat' dir='ltr'><strong>aeternas</strong></span> <span class='ocrx_word' id='word_1_699' title='bbox 1945 5083 1999 5126; x_wconf 88' lang='lat' dir='ltr'><strong>et</strong></span> <span class='ocrx_word' id='word_1_700' title='bbox 2059 5080 2337 5124; x_wconf 89' lang='lat' dir='ltr'><strong>manentes</strong></span> 
     </span>
    </p>
   </div>
   <div class='ocr_carea' id='block_1_98' title="bbox 765 5166 2336 5242">
    <p class='ocr_par' dir='ltr' id='par_1_98' title="bbox 765 5166 2336 5242">
     <span class='ocr_line' id='line_1_98' title="bbox 765 5166 2336 5242; baseline -0.002 -19"><span class='ocrx_word' id='word_1_701' title='bbox 765 5170 1217 5240; x_wconf 83' lang='lat' dir='ltr'><strong>pulchritudines,</strong></span> <span class='ocrx_word' id='word_1_702' title='bbox 1253 5186 1373 5240; x_wconf 78' lang='lat' dir='ltr'><strong>qua:</strong></span> <span class='ocrx_word' id='word_1_703' title='bbox 1403 5171 1456 5224; x_wconf 90' lang='lat' dir='ltr'><strong>in</strong></span> <span class='ocrx_word' id='word_1_704' title='bbox 1491 5186 1658 5242; x_wconf 89' lang='lat' dir='ltr'><strong>regno</strong></span> <span class='ocrx_word' id='word_1_705' title='bbox 1683 5170 1827 5224; x_wconf 91' lang='lat' dir='ltr'><strong>illius</strong></span> <span class='ocrx_word' id='word_1_706' title='bbox 1860 5179 2007 5223; x_wconf 91' lang='lat' dir='ltr'><strong>sunt.</strong></span> <span class='ocrx_word' id='word_1_707' title='bbox 2063 5166 2148 5221; x_wconf 71' lang='lat' dir='ltr'><strong>Ex</strong></span> <span class='ocrx_word' id='word_1_708' title='bbox 2174 5183 2336 5220; x_wconf 89' lang='lat' dir='ltr'><strong>auro-</strong></span> 
     </span>
    </p>
   </div>
   <div class='ocr_carea' id='block_1_99' title="bbox 760 5261 2334 5334">
    <p class='ocr_par' dir='ltr' id='par_1_99' title="bbox 760 5261 2334 5334">
     <span class='ocr_line' id='line_1_99' title="bbox 760 5261 2334 5334; baseline -0.002 -16"><span class='ocrx_word' id='word_1_709' title='bbox 760 5283 835 5320; x_wconf 68' lang='lat' dir='ltr'><strong>ra:</strong></span> <span class='ocrx_word' id='word_1_710' title='bbox 867 5265 1054 5334; x_wconf 83' lang='lat' dir='ltr'><strong>quippe</strong></span> <span class='ocrx_word' id='word_1_711' title='bbox 1082 5266 1327 5331; x_wconf 85' lang='lat' dir='ltr'><strong>candore,</strong></span> <span class='ocrx_word' id='word_1_712' title='bbox 1368 5268 1482 5330; x_wconf 77' lang='lat' dir='ltr'><strong>luas,</strong></span> <span class='ocrx_word' id='word_1_713' title='bbox 1516 5275 1622 5319; x_wconf 88' lang='lat' dir='ltr'><strong>etc.</strong></span> <span class='ocrx_word' id='word_1_714' title='bbox 1677 5264 1732 5317; x_wconf 94' lang='lat' dir='ltr'><strong>In</strong></span> <span class='ocrx_word' id='word_1_715' title='bbox 1773 5263 2023 5333; x_wconf 71' lang='lat' dir='ltr'><strong>praesenti</strong></span> <span class='ocrx_word' id='word_1_716' title='bbox 2063 5261 2334 5331; x_wconf 88' lang='lat' dir='ltr'><strong>exemplo,</strong></span> 
     </span>
    </p>
   </div>
   <div class='ocr_carea' id='block_1_100' title="bbox 763 5355 2335 5410">
    <p class='ocr_par' dir='ltr' id='par_1_100' title="bbox 763 5355 2335 5410">
     <span class='ocr_line' id='line_1_100' title="bbox 763 5355 2335 5410; baseline -0.001 -2"><span class='ocrx_word' id='word_1_717' title='bbox 763 5369 936 5409; x_wconf 89' lang='lat' dir='ltr'><strong>unum</strong></span> <span class='ocrx_word' id='word_1_718' title='bbox 967 5355 1186 5410; x_wconf 87' lang='lat' dir='ltr'><strong>alterius</strong></span> <span class='ocrx_word' id='word_1_719' title='bbox 1224 5355 1640 5410; x_wconf 80' lang='lat' dir='ltr'><strong>conciliativum</strong></span> <span class='ocrx_word' id='word_1_720' title='bbox 1680 5356 1931 5410; x_wconf 79' lang='lat' dir='ltr'><strong>exsistit:</strong></span> <span class='ocrx_word' id='word_1_721' title='bbox 1983 5368 2108 5406; x_wconf 90' lang='lat' dir='ltr'><strong>nam</strong></span> <span class='ocrx_word' id='word_1_722' title='bbox 2139 5367 2335 5406; x_wconf 88' lang='lat' dir='ltr'><strong>aurora</strong></span> 
     </span>
    </p>
   </div>
   <div class='ocr_carea' id='block_1_101' title="bbox 761 5444 2333 5511">
    <p class='ocr_par' dir='ltr' id='par_1_101' title="bbox 761 5444 2333 5511">
     <span class='ocr_line' id='line_1_101' title="bbox 761 5444 2333 5511; baseline -0.001 -13"><span class='ocrx_word' id='word_1_723' title='bbox 761 5447 918 5510; x_wconf 91' lang='lat' dir='ltr'><strong>lucis,</strong></span> <span class='ocrx_word' id='word_1_724' title='bbox 948 5445 1035 5499; x_wconf 87' lang='lat' dir='ltr'><strong>lux</strong></span> <span class='ocrx_word' id='word_1_725' title='bbox 1069 5446 1219 5501; x_wconf 87' lang='lat' dir='ltr'><strong>solis.</strong></span> <span class='ocrx_word' id='word_1_726' title='bbox 1255 5447 1522 5501; x_wconf 83' lang='lat' dir='ltr'><strong>Auroram</strong></span> <span class='ocrx_word' id='word_1_727' title='bbox 1584 5461 1715 5501; x_wconf 85' lang='lat' dir='ltr'><strong>vero</strong></span> <span class='ocrx_word' id='word_1_728' title='bbox 1744 5446 1898 5511; x_wconf 90' lang='lat' dir='ltr'><strong>dicit,</strong></span> <span class='ocrx_word' id='word_1_729' title='bbox 1930 5444 2290 5498; x_wconf 89' lang='lat' dir='ltr'><strong>humilitatem</strong></span> <span class='ocrx_word' id='word_1_730' title='bbox 2318 5459 2333 5508; x_wconf 93' lang='lat'><strong>;</strong></span> 
     </span>
    </p>
   </div>
   <div class='ocr_carea' id='block_1_102' title="bbox 761 5535 2336 5601">
    <p class='ocr_par' dir='ltr' id='par_1_102' title="bbox 761 5535 2336 5601">
     <span class='ocr_line' id='line_1_102' title="bbox 761 5535 2336 5601; baseline -0.001 -10"><span class='ocrx_word' id='word_1_731' title='bbox 761 5541 934 5595; x_wconf 86' lang='lat' dir='ltr'><strong>lucem</strong></span> <span class='ocrx_word' id='word_1_732' title='bbox 974 5537 1106 5593; x_wconf 89' lang='lat' dir='ltr'><strong>dicit</strong></span> <span class='ocrx_word' id='word_1_733' title='bbox 1145 5538 1384 5592; x_wconf 87' lang='lat' dir='ltr'><strong>divinam</strong></span> <span class='ocrx_word' id='word_1_734' title='bbox 1433 5538 1930 5601; x_wconf 87' lang='lat' dir='ltr'><strong>illuminationcm;</strong></span> <span class='ocrx_word' id='word_1_735' title='bbox 1991 5537 2161 5591; x_wconf 89' lang='lat' dir='ltr'><strong>solem</strong></span> <span class='ocrx_word' id='word_1_736' title='bbox 2204 5535 2336 5590; x_wconf 91' lang='lat' dir='ltr'><strong>dicit</strong></span> 
     </span>
    </p>
   </div>
   <div class='ocr_carea' id='block_1_103' title="bbox 757 5628 2330 5703">
    <p class='ocr_par' dir='ltr' id='par_1_103' title="bbox 757 5628 2330 5703">
     <span class='ocr_line' id='line_1_103' title="bbox 757 5628 2330 5703; baseline -0.009 -13"><span class='ocrx_word' id='word_1_737' title='bbox 757 5632 1086 5689; x_wconf 79' lang='lat' dir='ltr'><strong>castitatem.</strong></span> <span class='ocrx_word' id='word_1_738' title='bbox 1137 5628 1327 5701; x_wconf 86' lang='lat' dir='ltr'><strong>Igitur,</strong></span> <span class='ocrx_word' id='word_1_739' title='bbox 1368 5646 1436 5686; x_wconf 88' lang='lat' dir='ltr'><strong>ex</strong></span> <span class='ocrx_word' id='word_1_740' title='bbox 1495 5629 1649 5703; x_wconf 51' lang='lat' dir='ltr'><strong>ago“</strong></span> <span class='ocrx_word' id='word_1_741' title='bbox 2054 5645 2067 5654; x_wconf 55' lang='grc' dir='ltr'><strong><em>η</em></strong></span> <span class='ocrx_word' id='word_1_742' title='bbox 2122 5643 2186 5682; x_wconf 86' lang='lat' dir='ltr'><strong>ex</strong></span> <span class='ocrx_word' id='word_1_743' title='bbox 2225 5629 2330 5678; x_wconf 88' lang='lat' dir='ltr'><strong>hn-</strong></span> 
     </span>
    </p>
   </div>
   <div class='ocr_carea' id='block_1_104' title="bbox 824 5808 1274 5878">
    <p class='ocr_par' dir='ltr' id='par_1_104' title="bbox 824 5808 1274 5878">
     <span class='ocr_line' id='line_1_104' title="bbox 824 5808 1274 5878; baseline -0.002 -14"><span class='ocrx_word' id='word_1_744' title='bbox 824 5811 871 5843; x_wconf 69' lang='grc' dir='ltr'>ἰ</span> <span class='ocrx_word' id='word_1_745' title='bbox 898 5809 941 5864; x_wconf 90' lang='lat' dir='ltr'><strong>ll</strong></span> <span class='ocrx_word' id='word_1_746' title='bbox 973 5809 1097 5867; x_wconf 84' lang='lat' dir='ltr'><strong>Cor.</strong></span> <span class='ocrx_word' id='word_1_747' title='bbox 1141 5823 1180 5878; x_wconf 86' lang='grc' dir='ltr'><strong>ι,</strong></span> <span class='ocrx_word' id='word_1_748' title='bbox 1215 5808 1274 5864; x_wconf 87' lang='grc'><strong>8.</strong></span> 
     </span>
    </p>
   </div>
   <div class='ocr_carea' id='block_1_105' title="bbox 2441 4615 4024 4687">
    <p class='ocr_par' dir='ltr' id='par_1_105' title="bbox 2441 4615 4024 4687">
     <span class='ocr_line' id='line_1_105' title="bbox 2441 4615 4024 4687; baseline 0.003 -18"><span class='ocrx_word' id='word_1_749' title='bbox 2441 4627 2548 4680; x_wconf 91' lang='lat' dir='ltr'><strong>tur,</strong></span> <span class='ocrx_word' id='word_1_750' title='bbox 2586 4617 2679 4687; x_wconf 90' lang='lat' dir='ltr'><strong>qui</strong></span> <span class='ocrx_word' id='word_1_751' title='bbox 2717 4616 2920 4671; x_wconf 88' lang='lat' dir='ltr'><strong>Christi</strong></span> <span class='ocrx_word' id='word_1_752' title='bbox 2965 4615 3169 4685; x_wconf 88' lang='lat' dir='ltr'><strong>gratia,</strong></span> <span class='ocrx_word' id='word_1_753' title='bbox 3204 4631 3318 4670; x_wconf 72' lang='lat' dir='ltr'><strong>suae</strong></span> <span class='ocrx_word' id='word_1_754' title='bbox 3363 4615 3630 4670; x_wconf 87' lang='lat' dir='ltr'><strong>naturalis</strong></span> <span class='ocrx_word' id='word_1_755' title='bbox 3674 4619 4024 4673; x_wconf 71' lang='lat' dir='ltr'><strong>excellentiae</strong></span> 
     </span>
    </p>
   </div>
   <div class='ocr_carea' id='block_1_106' title="bbox 2440 4705 4018 4779">
    <p class='ocr_par' dir='ltr' id='par_1_106' title="bbox 2440 4705 4018 4779">
     <span class='ocr_line' id='line_1_106' title="bbox 2440 4705 4018 4779; baseline 0.001 -18"><span class='ocrx_word' id='word_1_756' title='bbox 2440 4708 2742 4762; x_wconf 89' lang='lat' dir='ltr'><strong>castitatem</strong></span> <span class='ocrx_word' id='word_1_757' title='bbox 2773 4705 3149 4771; x_wconf 87' lang='lat' dir='ltr'><strong>servaverint;</strong></span> <span class='ocrx_word' id='word_1_758' title='bbox 3183 4705 3422 4761; x_wconf 90' lang='lat' dir='ltr'><strong>moriens</strong></span> <span class='ocrx_word' id='word_1_759' title='bbox 3451 4720 3576 4759; x_wconf 90' lang='lat' dir='ltr'><strong>vero</strong></span> <span class='ocrx_word' id='word_1_760' title='bbox 3605 4713 3661 4759; x_wconf 88' lang='lat' dir='ltr'><strong>et</strong></span> <span class='ocrx_word' id='word_1_761' title='bbox 3691 4722 4018 4779; x_wconf 78' lang='lat' dir='ltr'><strong>resurgens,</strong></span> 
     </span>
    </p>
   </div>
   <div class='ocr_carea' id='block_1_107' title="bbox 2439 4794 4022 4864">
    <p class='ocr_par' dir='ltr' id='par_1_107' title="bbox 2439 4794 4022 4864">
     <span class='ocr_line' id='line_1_107' title="bbox 2439 4794 4022 4864; baseline 0 -14"><span class='ocrx_word' id='word_1_762' title='bbox 2439 4795 2708 4850; x_wconf 88' lang='lat' dir='ltr'><strong>Christus.</strong></span> <span class='ocrx_word' id='word_1_763' title='bbox 2766 4794 2846 4848; x_wconf 84' lang='lat' dir='ltr'><strong>Ex</strong></span> <span class='ocrx_word' id='word_1_764' title='bbox 2875 4810 3006 4864; x_wconf 91' lang='lat' dir='ltr'><strong>quo,</strong></span> <span class='ocrx_word' id='word_1_765' title='bbox 3057 4795 3155 4848; x_wconf 90' lang='lat' dir='ltr'><strong>iste</strong></span> <span class='ocrx_word' id='word_1_766' title='bbox 3197 4804 3418 4850; x_wconf 90' lang='lat' dir='ltr'><strong>sanctus</strong></span> <span class='ocrx_word' id='word_1_767' title='bbox 3461 4796 3782 4850; x_wconf 89' lang='lat' dir='ltr'><strong>consolatur</strong></span> <span class='ocrx_word' id='word_1_768' title='bbox 3830 4815 4022 4852; x_wconf 83' lang='lat' dir='ltr'><strong>resur-</strong></span> 
     </span>
    </p>
   </div>
   <div class='ocr_carea' id='block_1_108' title="bbox 2438 4885 4018 4957">
    <p class='ocr_par' dir='ltr' id='par_1_108' title="bbox 2438 4885 4018 4957">
     <span class='ocr_line' id='line_1_108' title="bbox 2438 4885 4018 4957; baseline 0.003 -17"><span class='ocrx_word' id='word_1_769' title='bbox 2438 4896 2623 4957; x_wconf 89' lang='lat' dir='ltr'><strong>gentes</strong></span> <span class='ocrx_word' id='word_1_770' title='bbox 2668 4895 2790 4955; x_wconf 91' lang='lat' dir='ltr'><strong>post</strong></span> <span class='ocrx_word' id='word_1_771' title='bbox 2834 4885 3014 4940; x_wconf 91' lang='lat' dir='ltr'><strong>carnis</strong></span> <span class='ocrx_word' id='word_1_772' title='bbox 3057 4893 3322 4950; x_wconf 84' lang='lat' dir='ltr'><strong>mortem,</strong></span> <span class='ocrx_word' id='word_1_773' title='bbox 3375 4897 3592 4956; x_wconf 86' lang='lat' dir='ltr'><strong>prOpter</strong></span> <span class='ocrx_word' id='word_1_774' title='bbox 3642 4887 3911 4943; x_wconf 88' lang='lat' dir='ltr'><strong>humilem</strong></span> <span class='ocrx_word' id='word_1_775' title='bbox 3957 4902 4018 4944; x_wconf 83' lang='lat' dir='ltr'><strong>et</strong></span> 
     </span>
    </p>
   </div>
   <div class='ocr_carea' id='block_1_109' title="bbox 2438 4977 4018 5047">
    <p class='ocr_par' dir='ltr' id='par_1_109' title="bbox 2438 4977 4018 5047">
     <span class='ocr_line' id='line_1_109' title="bbox 2438 4977 4018 5047; baseline 0.004 -18"><span class='ocrx_word' id='word_1_776' title='bbox 2438 4985 2740 5047; x_wconf 87' lang='lat' dir='ltr'><strong>promptam</strong></span> <span class='ocrx_word' id='word_1_777' title='bbox 2795 4977 3165 5046; x_wconf 77' lang='lat' dir='ltr'><strong>ptenitentiam</strong></span> <span class='ocrx_word' id='word_1_778' title='bbox 3198 4986 3252 5031; x_wconf 90' lang='lat' dir='ltr'><strong>et</strong></span> <span class='ocrx_word' id='word_1_779' title='bbox 3285 4977 3642 5032; x_wconf 87' lang='lat' dir='ltr'><strong>obedientiam</strong></span> <span class='ocrx_word' id='word_1_780' title='bbox 3692 4994 3790 5033; x_wconf 90' lang='lat' dir='ltr'><strong>eos</strong></span> <span class='ocrx_word' id='word_1_781' title='bbox 3838 4980 4018 5035; x_wconf 84' lang='lat' dir='ltr'><strong>beati-</strong></span> 
     </span>
    </p>
   </div>
   <div class='ocr_carea' id='block_1_110' title="bbox 2435 5068 4022 5140">
    <p class='ocr_par' dir='ltr' id='par_1_110' title="bbox 2435 5068 4022 5140">
     <span class='ocr_line' id='line_1_110' title="bbox 2435 5068 4022 5140; baseline -0.001 -17"><span class='ocrx_word' id='word_1_782' title='bbox 2435 5069 2642 5123; x_wconf 82' lang='lat' dir='ltr'><strong>ﬁcans:</strong></span> <span class='ocrx_word' id='word_1_783' title='bbox 2684 5068 2965 5123; x_wconf 90' lang='lat' dir='ltr'><strong>insinuans</strong></span> <span class='ocrx_word' id='word_1_784' title='bbox 2996 5085 3061 5122; x_wconf 76' lang='lat' dir='ltr'><strong>ex</strong></span> <span class='ocrx_word' id='word_1_785' title='bbox 3086 5069 3207 5134; x_wconf 89' lang='lat' dir='ltr'><strong>hoc,</strong></span> <span class='ocrx_word' id='word_1_786' title='bbox 3237 5070 3368 5138; x_wconf 86' lang='lat' dir='ltr'><strong>quia</strong></span> <span class='ocrx_word' id='word_1_787' title='bbox 3401 5071 3584 5124; x_wconf 88' lang='lat' dir='ltr'><strong>nullus</strong></span> <span class='ocrx_word' id='word_1_788' title='bbox 3626 5087 3873 5140; x_wconf 87' lang='lat' dir='ltr'><strong>unquam</strong></span> <span class='ocrx_word' id='word_1_789' title='bbox 3913 5075 4022 5126; x_wconf 80' lang='lat' dir='ltr'><strong>lm-</strong></span> 
     </span>
    </p>
   </div>
   <div class='ocr_carea' id='block_1_111' title="bbox 2437 5161 4024 5232">
    <p class='ocr_par' dir='ltr' id='par_1_111' title="bbox 2437 5161 4024 5232">
     <span class='ocr_line' id='line_1_111' title="bbox 2437 5161 4024 5232; baseline 0.004 -17"><span class='ocrx_word' id='word_1_790' title='bbox 2437 5161 2643 5215; x_wconf 74' lang='lat' dir='ltr'><strong>tninum</strong></span> <span class='ocrx_word' id='word_1_791' title='bbox 2665 5161 2885 5215; x_wconf 91' lang='lat' dir='ltr'><strong>omnino</strong></span> <span class='ocrx_word' id='word_1_792' title='bbox 2909 5161 3026 5215; x_wconf 86' lang='lat' dir='ltr'><strong>sine</strong></span> <span class='ocrx_word' id='word_1_793' title='bbox 3054 5171 3296 5230; x_wconf 89' lang='lat' dir='ltr'><strong>peccato,</strong></span> <span class='ocrx_word' id='word_1_794' title='bbox 3325 5164 3574 5231; x_wconf 91' lang='lat' dir='ltr'><strong>quamvis</strong></span> <span class='ocrx_word' id='word_1_795' title='bbox 3597 5163 3823 5232; x_wconf 89' lang='lat' dir='ltr'><strong>quidam</strong></span> <span class='ocrx_word' id='word_1_796' title='bbox 3857 5166 4024 5222; x_wconf 85' lang='lat' dir='ltr'><strong>nobis</strong></span> 
     </span>
    </p>
   </div>
   <div class='ocr_carea' id='block_1_112' title="bbox 2434 5255 4021 5326">
    <p class='ocr_par' dir='ltr' id='par_1_112' title="bbox 2434 5255 4021 5326">
     <span class='ocr_line' id='line_1_112' title="bbox 2434 5255 4021 5326; baseline 0.005 -18"><span class='ocrx_word' id='word_1_797' title='bbox 2434 5264 2764 5324; x_wconf 88' lang='lat' dir='ltr'><strong>appareant,</strong></span> <span class='ocrx_word' id='word_1_798' title='bbox 2798 5255 2928 5307; x_wconf 89' lang='lat' dir='ltr'><strong>vitia</strong></span> <span class='ocrx_word' id='word_1_799' title='bbox 2965 5265 3018 5308; x_wconf 93' lang='lat' dir='ltr'><strong>et</strong></span> <span class='ocrx_word' id='word_1_800' title='bbox 3064 5265 3280 5324; x_wconf 89' lang='lat' dir='ltr'><strong>peccata</strong></span> <span class='ocrx_word' id='word_1_801' title='bbox 3315 5257 3541 5326; x_wconf 83' lang='lat' dir='ltr'><strong>fugisse.</strong></span> <span class='ocrx_word' id='word_1_802' title='bbox 3598 5256 3717 5312; x_wconf 83' lang='lat' dir='ltr'><strong>Non</strong></span> <span class='ocrx_word' id='word_1_803' title='bbox 3743 5260 3895 5313; x_wconf 87' lang='lat' dir='ltr'><strong>enim</strong></span> <span class='ocrx_word' id='word_1_804' title='bbox 3926 5273 4021 5316; x_wconf 52' lang='grc' dir='ltr'><strong>δι</strong></span> 
     </span>
    </p>
   </div>
   <div class='ocr_carea' id='block_1_113' title="bbox 2435 5345 4016 5415">
    <p class='ocr_par' dir='ltr' id='par_1_113' title="bbox 2435 5345 4016 5415">
     <span class='ocr_line' id='line_1_113' title="bbox 2435 5345 4016 5415; baseline 0.003 -16"><span class='ocrx_word' id='word_1_805' title='bbox 2435 5345 2622 5411; x_wconf 91' lang='lat' dir='ltr'><strong>homo,</strong></span> <span class='ocrx_word' id='word_1_806' title='bbox 2648 5345 2740 5414; x_wconf 91' lang='lat' dir='ltr'><strong>qui</strong></span> <span class='ocrx_word' id='word_1_807' title='bbox 2784 5347 2950 5408; x_wconf 86' lang='lat' dir='ltr'><strong>vivat,</strong></span> <span class='ocrx_word' id='word_1_808' title='bbox 2979 5354 3032 5398; x_wconf 92' lang='lat' dir='ltr'><strong>et</strong></span> <span class='ocrx_word' id='word_1_809' title='bbox 3076 5361 3184 5398; x_wconf 92' lang='lat' dir='ltr'><strong>non</strong></span> <span class='ocrx_word' id='word_1_810' title='bbox 3233 5355 3434 5415; x_wconf 91' lang='lat' dir='ltr'><strong>peccet.</strong></span> <span class='ocrx_word' id='word_1_811' title='bbox 3477 5345 3656 5412; x_wconf 83' lang='lat' dir='ltr'><strong>Quare</strong></span> <span class='ocrx_word' id='word_1_812' title='bbox 3681 5349 3970 5404; x_wconf 88' lang='lat' dir='ltr'><strong>concludit</strong></span> <span class='ocrx_word' id='word_1_813' title='bbox 4000 5371 4016 5404; x_wconf 88' lang='lat'>:</span> 
     </span>
    </p>
   </div>
   <div class='ocr_carea' id='block_1_114' title="bbox 2431 5437 4020 5510">
    <p class='ocr_par' dir='ltr' id='par_1_114' title="bbox 2431 5437 4020 5510">
     <span class='ocr_line' id='line_1_114' title="bbox 2431 5437 4020 5510; baseline 0.003 -18"><span class='ocrx_word' id='word_1_814' title='bbox 2431 5440 2524 5508; x_wconf 90' lang='lat' dir='ltr'><strong>qui</strong></span> <span class='ocrx_word' id='word_1_815' title='bbox 2575 5437 2844 5492; x_wconf 87' lang='lat' dir='ltr'><strong>beatificat</strong></span> <span class='ocrx_word' id='word_1_816' title='bbox 2874 5453 2997 5490; x_wconf 90' lang='lat' dir='ltr'><strong>eum</strong></span> <span class='ocrx_word' id='word_1_817' title='bbox 3043 5439 3137 5506; x_wconf 91' lang='lat' dir='ltr'><strong>qui</strong></span> <span class='ocrx_word' id='word_1_818' title='bbox 3172 5437 3468 5492; x_wconf 89' lang='lat' dir='ltr'><strong>secundum</strong></span> <span class='ocrx_word' id='word_1_819' title='bbox 3507 5441 3882 5510; x_wconf 88' lang='lat' dir='ltr'><strong>apparentiam</strong></span> <span class='ocrx_word' id='word_1_820' title='bbox 3925 5454 4020 5497; x_wconf 81' lang='lat' dir='ltr'><strong>est</strong></span> 
     </span>
    </p>
   </div>
   <div class='ocr_carea' id='block_1_115' title="bbox 2431 5529 4020 5601">
    <p class='ocr_par' dir='ltr' id='par_1_115' title="bbox 2431 5529 4020 5601">
     <span class='ocr_line' id='line_1_115' title="bbox 2431 5529 4020 5601; baseline 0.003 -15"><span class='ocrx_word' id='word_1_821' title='bbox 2431 5534 2550 5586; x_wconf 91' lang='lat' dir='ltr'><strong>sine</strong></span> <span class='ocrx_word' id='word_1_822' title='bbox 2590 5540 2834 5600; x_wconf 90' lang='lat' dir='ltr'><strong>peccato,</strong></span> <span class='ocrx_word' id='word_1_823' title='bbox 2880 5529 3107 5594; x_wconf 79' lang='lat' dir='ltr'><strong>fallitur,</strong></span> <span class='ocrx_word' id='word_1_824' title='bbox 3142 5531 3272 5601; x_wconf 86' lang='lat' dir='ltr'><strong>quia</strong></span> <span class='ocrx_word' id='word_1_825' title='bbox 3306 5531 3454 5586; x_wconf 92' lang='lat' dir='ltr'><strong>solus</strong></span> <span class='ocrx_word' id='word_1_826' title='bbox 3485 5531 3742 5588; x_wconf 90' lang='lat' dir='ltr'><strong>Christus</strong></span> <span class='ocrx_word' id='word_1_827' title='bbox 3771 5547 3860 5589; x_wconf 91' lang='lat' dir='ltr'><strong>est</strong></span> <span class='ocrx_word' id='word_1_828' title='bbox 3890 5536 4020 5590; x_wconf 86' lang='lat' dir='ltr'><strong>sine</strong></span> 
     </span>
    </p>
   </div>
   <div class='ocr_carea' id='block_1_116' title="bbox 2430 5623 4018 5696">
    <p class='ocr_par' dir='ltr' id='par_1_116' title="bbox 2430 5623 4018 5696">
     <span class='ocr_line' id='line_1_116' title="bbox 2430 5623 4018 5696; baseline 0.001 -14"><span class='ocrx_word' id='word_1_829' title='bbox 2430 5633 2670 5690; x_wconf 78' lang='lat' dir='ltr'><strong>peccato,</strong></span> <span class='ocrx_word' id='word_1_830' title='bbox 2710 5623 2802 5694; x_wconf 92' lang='lat' dir='ltr'><strong>qui</strong></span> <span class='ocrx_word' id='word_1_831' title='bbox 2843 5633 2896 5679; x_wconf 90' lang='lat' dir='ltr'><strong>et</strong></span> <span class='ocrx_word' id='word_1_832' title='bbox 2936 5631 3187 5681; x_wconf 90' lang='lat' dir='ltr'><strong>mortuus</strong></span> <span class='ocrx_word' id='word_1_833' title='bbox 3226 5632 3352 5689; x_wconf 86' lang='lat' dir='ltr'><strong>est,</strong></span> <span class='ocrx_word' id='word_1_834' title='bbox 3381 5633 3435 5680; x_wconf 92' lang='lat' dir='ltr'><strong>et</strong></span> <span class='ocrx_word' id='word_1_835' title='bbox 3490 5627 3815 5684; x_wconf 78' lang='lat' dir='ltr'><strong>resurrexit.</strong></span> <span class='ocrx_word' id='word_1_836' title='bbox 3873 5626 4018 5696; x_wconf 82' lang='lat' dir='ltr'><strong>Quis</strong></span> 
     </span>
    </p>
   </div>
  </div>
