  <div class='ocr_page' id='page_1' title='image "/cluster/home/n/w/nwhite01/storage/ocr_20150623/88/nnc1.0046980237/626.png"; bbox 0 0 4222 6448; ppageno 0'>
   <div class='ocr_carea' id='block_1_1' title="bbox 214 389 338 456">
    <p class='ocr_par' dir='ltr' id='par_1_1' title="bbox 214 389 338 456">
     <span class='ocr_line' id='line_1_1' title="bbox 214 389 338 456; baseline 0.024 -3"><span class='ocrx_word' id='word_1_1' title='bbox 214 389 338 456; x_wconf 76' lang='grc'><strong>1233</strong></span> 
     </span>
    </p>
   </div>
   <div class='ocr_carea' id='block_1_2' title="bbox 1363 398 2254 466">
    <p class='ocr_par' dir='ltr' id='par_1_2' title="bbox 1363 398 2254 466">
     <span class='ocr_line' id='line_1_2' title="bbox 1363 398 2254 466; baseline 0.01 -9"><span class='ocrx_word' id='word_1_2' title='bbox 1363 398 1682 458; x_wconf 85' lang='lat' dir='ltr'><strong>SCHOLIA</strong></span> <span class='ocrx_word' id='word_1_3' title='bbox 1727 399 1806 458; x_wconf 94' lang='lat' dir='ltr'><strong>1N</strong></span> <span class='ocrx_word' id='word_1_4' title='bbox 1850 401 2254 466; x_wconf 83' lang='lat' dir='ltr'><strong>CLIMACUM.</strong></span> 
     </span>
    </p>
   </div>
   <div class='ocr_carea' id='block_1_3' title="bbox 3296 409 3431 477">
    <p class='ocr_par' dir='ltr' id='par_1_3' title="bbox 3296 409 3431 477">
     <span class='ocr_line' id='line_1_3' title="bbox 3296 409 3431 477; baseline 0.015 -2"><span class='ocrx_word' id='word_1_5' title='bbox 3296 409 3431 477; x_wconf 76' lang='grc'><strong>1234</strong></span> 
     </span>
    </p>
   </div>
   <div class='ocr_carea' id='block_1_4' title="bbox 211 508 3428 596">
    <p class='ocr_par' dir='ltr' id='par_1_4' title="bbox 211 508 3428 596">
     <span class='ocr_line' id='line_1_4' title="bbox 211 508 3428 596; baseline 0.007 -32"><span class='ocrx_word' id='word_1_6' title='bbox 211 519 332 579; x_wconf 82' lang='lat' dir='ltr'><strong>ergo</strong></span> <span class='ocrx_word' id='word_1_7' title='bbox 359 516 463 573; x_wconf 93' lang='lat' dir='ltr'><strong>est,</strong></span> <span class='ocrx_word' id='word_1_8' title='bbox 496 508 589 579; x_wconf 98' lang='lat' dir='ltr'><strong>qui</strong></span> <span class='ocrx_word' id='word_1_9' title='bbox 628 509 836 578; x_wconf 88' lang='lat' dir='ltr'><strong>peccati</strong></span> <span class='ocrx_word' id='word_1_10' title='bbox 879 518 1104 563; x_wconf 85' lang='lat' dir='ltr'><strong>mortem</strong></span> <span class='ocrx_word' id='word_1_11' title='bbox 1130 509 1359 579; x_wconf 82' lang='lat' dir='ltr'><strong>efTugit?</strong></span> <span class='ocrx_word' id='word_1_12' title='bbox 1399 527 1578 585; x_wconf 77' lang='lat' dir='ltr'><strong>quare</strong></span> <span class='ocrx_word' id='word_1_13' title='bbox 1609 528 1766 567; x_wconf 90' lang='lat' dir='ltr'><strong>nemo</strong></span> <span class='ocrx_word' id='word_1_14' title='bbox 1795 522 1838 574; x_wconf 77' lang='grc' dir='ltr'>Α</span> <span class='ocrx_word' id='word_1_15' title='bbox 1867 519 2084 586; x_wconf 80' lang='lat' dir='ltr'><strong>quando</strong></span> <span class='ocrx_word' id='word_1_16' title='bbox 2120 522 2257 576; x_wconf 91' lang='lat' dir='ltr'><strong>mala</strong></span> <span class='ocrx_word' id='word_1_17' title='bbox 2306 522 2540 591; x_wconf 90' lang='lat' dir='ltr'><strong>patimur</strong></span> <span class='ocrx_word' id='word_1_18' title='bbox 2592 525 2686 578; x_wconf 89' lang='lat' dir='ltr'><strong>sed</strong></span> <span class='ocrx_word' id='word_1_19' title='bbox 2730 525 2950 596; x_wconf 77' lang='lat' dir='ltr'><strong>quando</strong></span> <span class='ocrx_word' id='word_1_20' title='bbox 2982 527 3122 581; x_wconf 89' lang='lat' dir='ltr'><strong>mala</strong></span> <span class='ocrx_word' id='word_1_21' title='bbox 3179 526 3428 596; x_wconf 82' lang='lat' dir='ltr'><strong>facimus,</strong></span> 
     </span>
    </p>
   </div>
   <div class='ocr_carea' id='block_1_5' title="bbox 213 597 3436 691">
    <p class='ocr_par' dir='ltr' id='par_1_5' title="bbox 213 597 3436 691">
     <span class='ocr_line' id='line_1_5' title="bbox 213 597 3436 691; baseline 0.006 -35"><span class='ocrx_word' id='word_1_22' title='bbox 213 602 393 670; x_wconf 94' lang='lat' dir='ltr'><strong>utique</strong></span> <span class='ocrx_word' id='word_1_23' title='bbox 419 611 502 656; x_wconf 92' lang='lat' dir='ltr'><strong>est</strong></span> <span class='ocrx_word' id='word_1_24' title='bbox 525 601 618 670; x_wconf 91' lang='lat' dir='ltr'><strong>qui</strong></span> <span class='ocrx_word' id='word_1_25' title='bbox 651 615 759 655; x_wconf 92' lang='lat' dir='ltr'><strong>non</strong></span> <span class='ocrx_word' id='word_1_26' title='bbox 778 600 1011 655; x_wconf 83' lang='lat' dir='ltr'><strong>offendat</strong></span> <span class='ocrx_word' id='word_1_27' title='bbox 1039 611 1095 656; x_wconf 88' lang='lat' dir='ltr'><strong>et</strong></span> <span class='ocrx_word' id='word_1_28' title='bbox 1123 612 1326 672; x_wconf 88' lang='lat' dir='ltr'><strong>peccet.</strong></span> <span class='ocrx_word' id='word_1_29' title='bbox 1390 597 1456 657; x_wconf 84' lang='lat' dir='ltr'><strong>ili</strong></span> <span class='ocrx_word' id='word_1_30' title='bbox 1483 615 1612 659; x_wconf 90' lang='lat' dir='ltr'><strong>sunt</strong></span> <span class='ocrx_word' id='word_1_31' title='bbox 1640 621 1768 675; x_wconf 82' lang='lat' dir='ltr'><strong>ergo</strong></span> <span class='ocrx_word' id='word_1_32' title='bbox 1868 611 2103 667; x_wconf 78' lang='lat' dir='ltr'><strong>dicimus</strong></span> <span class='ocrx_word' id='word_1_33' title='bbox 2155 623 2210 666; x_wconf 91' lang='lat' dir='ltr'><strong>et</strong></span> <span class='ocrx_word' id='word_1_34' title='bbox 2265 615 2588 684; x_wconf 85' lang='lat' dir='ltr'><strong>cogitamus.</strong></span> <span class='ocrx_word' id='word_1_35' title='bbox 2655 615 2762 672; x_wconf 87' lang='lat' dir='ltr'><strong>Nos</strong></span> <span class='ocrx_word' id='word_1_36' title='bbox 2795 631 2925 672; x_wconf 89' lang='lat' dir='ltr'><strong>vero</strong></span> <span class='ocrx_word' id='word_1_37' title='bbox 2961 619 3102 674; x_wconf 90' lang='lat' dir='ltr'><strong>male</strong></span> <span class='ocrx_word' id='word_1_38' title='bbox 3133 628 3349 691; x_wconf 93' lang='lat' dir='ltr'><strong>tempus</strong></span> <span class='ocrx_word' id='word_1_39' title='bbox 3380 631 3436 676; x_wconf 90' lang='lat' dir='ltr'><strong>et</strong></span> 
     </span>
    </p>
   </div>
   <div class='ocr_carea' id='block_1_6' title="bbox 210 692 1767 767">
    <p class='ocr_par' dir='ltr' id='par_1_6' title="bbox 210 692 1767 767">
     <span class='ocr_line' id='line_1_6' title="bbox 210 692 1767 767; baseline 0.004 -22"><span class='ocrx_word' id='word_1_40' title='bbox 210 694 298 762; x_wconf 88' lang='lat' dir='ltr'><strong>qui</strong></span> <span class='ocrx_word' id='word_1_41' title='bbox 341 692 680 748; x_wconf 83' lang='lat' dir='ltr'><strong>beatificandi</strong></span> <span class='ocrx_word' id='word_1_42' title='bbox 720 703 881 760; x_wconf 84' lang='lat' dir='ltr'><strong>sunt,</strong></span> <span class='ocrx_word' id='word_1_43' title='bbox 914 695 1005 764; x_wconf 89' lang='lat' dir='ltr'><strong>qui</strong></span> <span class='ocrx_word' id='word_1_44' title='bbox 1051 709 1149 765; x_wconf 90' lang='lat' dir='ltr'><strong>per</strong></span> <span class='ocrx_word' id='word_1_45' title='bbox 1177 710 1360 750; x_wconf 82' lang='lat' dir='ltr'><strong>veram</strong></span> <span class='ocrx_word' id='word_1_46' title='bbox 1395 698 1767 767; x_wconf 64' lang='lat' dir='ltr'><strong>paenitentiam</strong></span> 
     </span>
    </p>
   </div>
   <div class='ocr_carea' id='block_1_7' title="bbox 211 785 1762 858">
    <p class='ocr_par' dir='ltr' id='par_1_7' title="bbox 211 785 1762 858">
     <span class='ocr_line' id='line_1_7' title="bbox 211 785 1762 858; baseline 0.005 -20"><span class='ocrx_word' id='word_1_47' title='bbox 211 795 527 839; x_wconf 74' lang='lat' dir='ltr'><strong>revocantur</strong></span> <span class='ocrx_word' id='word_1_48' title='bbox 564 795 618 840; x_wconf 92' lang='lat' dir='ltr'><strong>et</strong></span> <span class='ocrx_word' id='word_1_49' title='bbox 663 795 1012 840; x_wconf 88' lang='lat' dir='ltr'><strong>renovantur.</strong></span> <span class='ocrx_word' id='word_1_50' title='bbox 1065 785 1256 842; x_wconf 83' lang='lat' dir='ltr'><strong>Videat</strong></span> <span class='ocrx_word' id='word_1_51' title='bbox 1298 803 1427 858; x_wconf 86' lang='lat' dir='ltr'><strong>ergo</strong></span> <span class='ocrx_word' id='word_1_52' title='bbox 1480 790 1572 858; x_wconf 89' lang='lat' dir='ltr'><strong>qui</strong></span> <span class='ocrx_word' id='word_1_53' title='bbox 1622 791 1762 845; x_wconf 91' lang='lat' dir='ltr'><strong>viam</strong></span> 
     </span>
    </p>
   </div>
   <div class='ocr_carea' id='block_1_8' title="bbox 213 877 1770 950">
    <p class='ocr_par' dir='ltr' id='par_1_8' title="bbox 213 877 1770 950">
     <span class='ocr_line' id='line_1_8' title="bbox 213 877 1770 950; baseline 0.004 -20"><span class='ocrx_word' id='word_1_54' title='bbox 213 877 538 944; x_wconf 65' lang='lat' dir='ltr'><strong>poenitentia:</strong></span> <span class='ocrx_word' id='word_1_55' title='bbox 559 888 610 932; x_wconf 87' lang='lat' dir='ltr'><strong>et</strong></span> <span class='ocrx_word' id='word_1_56' title='bbox 634 878 939 949; x_wconf 84' lang='lat' dir='ltr'><strong>religiosam</strong></span> <span class='ocrx_word' id='word_1_57' title='bbox 965 877 1146 948; x_wconf 78' lang='lat' dir='ltr'><strong>elegit,</strong></span> <span class='ocrx_word' id='word_1_58' title='bbox 1175 880 1452 950; x_wconf 89' lang='lat' dir='ltr'><strong>quomodo</strong></span> <span class='ocrx_word' id='word_1_59' title='bbox 1474 884 1770 936; x_wconf 87' lang='lat' dir='ltr'><strong>secundum</strong></span> 
     </span>
    </p>
   </div>
   <div class='ocr_carea' id='block_1_9' title="bbox 1870 705 3459 779">
    <p class='ocr_par' dir='ltr' id='par_1_9' title="bbox 1870 705 3459 779">
     <span class='ocr_line' id='line_1_9' title="bbox 1870 705 3459 779; baseline 0.006 -21"><span class='ocrx_word' id='word_1_60' title='bbox 1870 705 2112 758; x_wconf 90' lang='lat' dir='ltr'><strong>ordinem</strong></span> <span class='ocrx_word' id='word_1_61' title='bbox 2151 715 2588 772; x_wconf 84' lang='lat' dir='ltr'><strong>commutamus,</strong></span> <span class='ocrx_word' id='word_1_62' title='bbox 2638 707 2768 777; x_wconf 87' lang='lat' dir='ltr'><strong>quia</strong></span> <span class='ocrx_word' id='word_1_63' title='bbox 2804 709 3083 779; x_wconf 78' lang='lat' dir='ltr'><strong>diligimus</strong></span> <span class='ocrx_word' id='word_1_64' title='bbox 3114 711 3338 767; x_wconf 86' lang='lat' dir='ltr'><strong>delicias</strong></span> <span class='ocrx_word' id='word_1_65' title='bbox 3381 706 3459 768; x_wconf 22' lang='lat' dir='ltr'><strong>et.</strong></span> 
     </span>
    </p>
   </div>
   <div class='ocr_carea' id='block_1_10' title="bbox 1870 795 3434 870">
    <p class='ocr_par' dir='ltr' id='par_1_10' title="bbox 1870 795 3434 870">
     <span class='ocr_line' id='line_1_10' title="bbox 1870 795 3434 870; baseline 0.005 -20"><span class='ocrx_word' id='word_1_66' title='bbox 1870 795 2108 860; x_wconf 81' lang='lat' dir='ltr'><strong>divitias,</strong></span> <span class='ocrx_word' id='word_1_67' title='bbox 2137 806 2192 852; x_wconf 93' lang='lat' dir='ltr'><strong>et</strong></span> <span class='ocrx_word' id='word_1_68' title='bbox 2231 796 2448 853; x_wconf 88' lang='lat' dir='ltr'><strong>odimus</strong></span> <span class='ocrx_word' id='word_1_69' title='bbox 2475 809 2843 870; x_wconf 85' lang='lat' dir='ltr'><strong>paupertatem</strong></span> <span class='ocrx_word' id='word_1_70' title='bbox 2880 812 2935 856; x_wconf 92' lang='lat' dir='ltr'><strong>et</strong></span> <span class='ocrx_word' id='word_1_71' title='bbox 2960 802 3202 868; x_wconf 89' lang='lat' dir='ltr'><strong>dolores,</strong></span> <span class='ocrx_word' id='word_1_72' title='bbox 3247 815 3299 857; x_wconf 91' lang='lat' dir='ltr'><strong>et</strong></span> <span class='ocrx_word' id='word_1_73' title='bbox 3353 805 3434 859; x_wconf 91' lang='lat' dir='ltr'><strong>la-</strong></span> 
     </span>
    </p>
   </div>
   <div class='ocr_carea' id='block_1_11' title="bbox 1873 889 3435 965">
    <p class='ocr_par' dir='ltr' id='par_1_11' title="bbox 1873 889 3435 965">
     <span class='ocr_line' id='line_1_11' title="bbox 1873 889 3435 965; baseline 0.005 -21"><span class='ocrx_word' id='word_1_74' title='bbox 1873 889 2060 956; x_wconf 81' lang='lat' dir='ltr'><strong>bores,</strong></span> <span class='ocrx_word' id='word_1_75' title='bbox 2091 899 2145 944; x_wconf 88' lang='lat' dir='ltr'><strong>et</strong></span> <span class='ocrx_word' id='word_1_76' title='bbox 2179 890 2588 954; x_wconf 89' lang='lat' dir='ltr'><strong>tribulationes,</strong></span> <span class='ocrx_word' id='word_1_77' title='bbox 2620 902 2674 948; x_wconf 88' lang='lat' dir='ltr'><strong>et</strong></span> <span class='ocrx_word' id='word_1_78' title='bbox 2721 893 2998 961; x_wconf 90' lang='lat' dir='ltr'><strong>tristitias,</strong></span> <span class='ocrx_word' id='word_1_79' title='bbox 3044 903 3098 950; x_wconf 89' lang='lat' dir='ltr'><strong>et</strong></span> <span class='ocrx_word' id='word_1_80' title='bbox 3153 896 3435 965; x_wconf 84' lang='lat' dir='ltr'><strong>passiones</strong></span> 
     </span>
    </p>
   </div>
   <div class='ocr_carea' id='block_1_12' title="bbox 212 971 3435 1058">
    <p class='ocr_par' dir='ltr' id='par_1_12' title="bbox 212 971 3435 1058">
     <span class='ocr_line' id='line_1_12' title="bbox 212 971 3435 1058; baseline 0.006 -34"><span class='ocrx_word' id='word_1_81' title='bbox 212 971 374 1025; x_wconf 87' lang='lat' dir='ltr'><strong>Deum</strong></span> <span class='ocrx_word' id='word_1_82' title='bbox 401 973 546 1026; x_wconf 89' lang='lat' dir='ltr'><strong>vivat</strong></span> <span class='ocrx_word' id='word_1_83' title='bbox 577 992 590 1028; x_wconf 89' lang='lat'><strong>:</strong></span> <span class='ocrx_word' id='word_1_84' title='bbox 647 975 772 1044; x_wconf 86' lang='lat' dir='ltr'><strong>quia</strong></span> <span class='ocrx_word' id='word_1_85' title='bbox 814 974 862 1028; x_wconf 87' lang='lat' dir='ltr'><strong>si</strong></span> <span class='ocrx_word' id='word_1_86' title='bbox 913 974 1153 1044; x_wconf 86' lang='lat' dir='ltr'><strong>seipsum</strong></span> <span class='ocrx_word' id='word_1_87' title='bbox 1212 975 1446 1045; x_wconf 83' lang='lat' dir='ltr'><strong>perfecte</strong></span> <span class='ocrx_word' id='word_1_88' title='bbox 1477 992 1506 1030; x_wconf 90' lang='lat' dir='ltr'><strong>a</strong></span> <span class='ocrx_word' id='word_1_89' title='bbox 1535 980 1682 1033; x_wconf 89' lang='lat' dir='ltr'><strong>curis</strong></span> <span class='ocrx_word' id='word_1_90' title='bbox 1720 990 1774 1033; x_wconf 91' lang='lat' dir='ltr'><strong>et</strong></span> <span class='ocrx_word' id='word_1_91' title='bbox 1874 995 1979 1035; x_wconf 91' lang='lat' dir='ltr'><strong>non</strong></span> <span class='ocrx_word' id='word_1_92' title='bbox 2001 997 2247 1038; x_wconf 86' lang='lat' dir='ltr'><strong>amamus</strong></span> <span class='ocrx_word' id='word_1_93' title='bbox 2275 983 2543 1038; x_wconf 88' lang='lat' dir='ltr'><strong>sustinere</strong></span> <span class='ocrx_word' id='word_1_94' title='bbox 2569 1000 2668 1053; x_wconf 91' lang='lat' dir='ltr'><strong>pro</strong></span> <span class='ocrx_word' id='word_1_95' title='bbox 2697 985 2938 1049; x_wconf 87' lang='lat' dir='ltr'><strong>Christo,</strong></span> <span class='ocrx_word' id='word_1_96' title='bbox 2975 997 3034 1041; x_wconf 90' lang='lat' dir='ltr'><strong>ut</strong></span> <span class='ocrx_word' id='word_1_97' title='bbox 3065 1002 3355 1058; x_wconf 88' lang='lat' dir='ltr'><strong>reguemus</strong></span> <span class='ocrx_word' id='word_1_98' title='bbox 3381 988 3435 1042; x_wconf 84' lang='lat' dir='ltr'><strong>in</strong></span> 
     </span>
    </p>
   </div>
   <div class='ocr_carea' id='block_1_13' title="bbox 212 1063 1775 1134">
    <p class='ocr_par' dir='ltr' id='par_1_13' title="bbox 212 1063 1775 1134">
     <span class='ocr_line' id='line_1_13' title="bbox 212 1063 1775 1134; baseline 0.005 -18"><span class='ocrx_word' id='word_1_99' title='bbox 212 1063 651 1119; x_wconf 82' lang='lat' dir='ltr'><strong>delcctatiooibus</strong></span> <span class='ocrx_word' id='word_1_100' title='bbox 679 1075 733 1119; x_wconf 93' lang='lat' dir='ltr'><strong>et</strong></span> <span class='ocrx_word' id='word_1_101' title='bbox 761 1066 909 1122; x_wconf 87' lang='lat' dir='ltr'><strong>vitiis</strong></span> <span class='ocrx_word' id='word_1_102' title='bbox 945 1082 1053 1121; x_wconf 93' lang='lat' dir='ltr'><strong>non</strong></span> <span class='ocrx_word' id='word_1_103' title='bbox 1078 1067 1403 1134; x_wconf 80' lang='lat' dir='ltr'><strong>mortificat,</strong></span> <span class='ocrx_word' id='word_1_104' title='bbox 1432 1071 1661 1124; x_wconf 81' lang='lat' dir='ltr'><strong>mendax</strong></span> <span class='ocrx_word' id='word_1_105' title='bbox 1695 1071 1775 1124; x_wconf 87' lang='lat' dir='ltr'><strong>ef-</strong></span> 
     </span>
    </p>
   </div>
   <div class='ocr_carea' id='block_1_14' title="bbox 213 1154 1774 1228">
    <p class='ocr_par' dir='ltr' id='par_1_14' title="bbox 213 1154 1774 1228">
     <span class='ocr_line' id='line_1_14' title="bbox 213 1154 1774 1228; baseline 0.004 -20"><span class='ocrx_word' id='word_1_106' title='bbox 213 1154 404 1218; x_wconf 85' lang='lat' dir='ltr'><strong>fectus,</strong></span> <span class='ocrx_word' id='word_1_107' title='bbox 433 1157 576 1224; x_wconf 91' lang='lat' dir='ltr'><strong>quod</strong></span> <span class='ocrx_word' id='word_1_108' title='bbox 616 1158 866 1226; x_wconf 87' lang='lat' dir='ltr'><strong>promisit</strong></span> <span class='ocrx_word' id='word_1_109' title='bbox 897 1167 1093 1228; x_wconf 87' lang='lat' dir='ltr'><strong>negat,</strong></span> <span class='ocrx_word' id='word_1_110' title='bbox 1124 1171 1179 1215; x_wconf 86' lang='lat' dir='ltr'><strong>et</strong></span> <span class='ocrx_word' id='word_1_111' title='bbox 1218 1175 1249 1214; x_wconf 90' lang='lat' dir='ltr'><strong>a</strong></span> <span class='ocrx_word' id='word_1_112' title='bbox 1289 1160 1774 1216; x_wconf 86' lang='lat' dir='ltr'><strong>beatificandorum</strong></span> 
     </span>
    </p>
   </div>
   <div class='ocr_carea' id='block_1_15' title="bbox 214 1245 1776 1320">
    <p class='ocr_par' dir='ltr' id='par_1_15' title="bbox 214 1245 1776 1320">
     <span class='ocr_line' id='line_1_15' title="bbox 214 1245 1776 1320; baseline 0.005 -24"><span class='ocrx_word' id='word_1_113' title='bbox 214 1260 436 1298; x_wconf 86' lang='lat' dir='ltr'><strong>numero</strong></span> <span class='ocrx_word' id='word_1_114' title='bbox 483 1245 722 1314; x_wconf 87' lang='lat' dir='ltr'><strong>seipsum</strong></span> <span class='ocrx_word' id='word_1_115' title='bbox 780 1247 1051 1316; x_wconf 86' lang='lat' dir='ltr'><strong>improbat</strong></span> <span class='ocrx_word' id='word_1_116' title='bbox 1106 1250 1366 1315; x_wconf 90' lang='lat' dir='ltr'><strong>omnino,</strong></span> <span class='ocrx_word' id='word_1_117' title='bbox 1429 1251 1477 1305; x_wconf 89' lang='lat' dir='ltr'><strong>si</strong></span> <span class='ocrx_word' id='word_1_118' title='bbox 1538 1251 1776 1320; x_wconf 91' lang='lat' dir='ltr'><strong>seipsum</strong></span> 
     </span>
    </p>
   </div>
   <div class='ocr_carea' id='block_1_16' title="bbox 214 1336 1780 1409">
    <p class='ocr_par' dir='ltr' id='par_1_16' title="bbox 214 1336 1780 1409">
     <span class='ocr_line' id='line_1_16' title="bbox 214 1336 1780 1409; baseline 0.005 -22"><span class='ocrx_word' id='word_1_119' title='bbox 214 1351 372 1405; x_wconf 85' lang='lat' dir='ltr'><strong>quam</strong></span> <span class='ocrx_word' id='word_1_120' title='bbox 427 1336 588 1392; x_wconf 87' lang='lat' dir='ltr'><strong>citius</strong></span> <span class='ocrx_word' id='word_1_121' title='bbox 633 1353 727 1405; x_wconf 89' lang='lat' dir='ltr'><strong>per</strong></span> <span class='ocrx_word' id='word_1_122' title='bbox 755 1353 939 1392; x_wconf 84' lang='lat' dir='ltr'><strong>veram</strong></span> <span class='ocrx_word' id='word_1_123' title='bbox 972 1338 1376 1394; x_wconf 81' lang='lat' dir='ltr'><strong>confessionem</strong></span> <span class='ocrx_word' id='word_1_124' title='bbox 1409 1351 1463 1396; x_wconf 89' lang='lat' dir='ltr'><strong>et</strong></span> <span class='ocrx_word' id='word_1_125' title='bbox 1511 1340 1780 1409; x_wconf 72' lang='lat' dir='ltr'><strong>poeniten—</strong></span> 
     </span>
    </p>
   </div>
   <div class='ocr_carea' id='block_1_17' title="bbox 214 1428 1778 1501">
    <p class='ocr_par' dir='ltr' id='par_1_17' title="bbox 214 1428 1778 1501">
     <span class='ocr_line' id='line_1_17' title="bbox 214 1428 1778 1501; baseline 0.004 -22"><span class='ocrx_word' id='word_1_126' title='bbox 214 1428 338 1479; x_wconf 85' lang='lat' dir='ltr'><strong>tiam</strong></span> <span class='ocrx_word' id='word_1_127' title='bbox 378 1443 482 1480; x_wconf 90' lang='lat' dir='ltr'><strong>nou</strong></span> <span class='ocrx_word' id='word_1_128' title='bbox 521 1429 791 1481; x_wconf 89' lang='lat' dir='ltr'><strong>emendat.</strong></span> <span class='ocrx_word' id='word_1_129' title='bbox 847 1428 987 1494; x_wconf 71' lang='lat' dir='ltr'><strong>Quid</strong></span> <span class='ocrx_word' id='word_1_130' title='bbox 1021 1440 1100 1484; x_wconf 87' lang='lat' dir='ltr'><strong>est</strong></span> <span class='ocrx_word' id='word_1_131' title='bbox 1128 1431 1267 1501; x_wconf 85' lang='lat' dir='ltr'><strong>quod</strong></span> <span class='ocrx_word' id='word_1_132' title='bbox 1312 1431 1366 1485; x_wconf 88' lang='lat' dir='ltr'><strong>in</strong></span> <span class='ocrx_word' id='word_1_133' title='bbox 1392 1431 1515 1484; x_wconf 81' lang='lat' dir='ltr'><strong>aliis</strong></span> <span class='ocrx_word' id='word_1_134' title='bbox 1544 1433 1778 1500; x_wconf 81' lang='lat' dir='ltr'><strong>peccatis</strong></span> 
     </span>
    </p>
   </div>
   <div class='ocr_carea' id='block_1_18' title="bbox 215 1519 1781 1594">
    <p class='ocr_par' dir='ltr' id='par_1_18' title="bbox 215 1519 1781 1594">
     <span class='ocr_line' id='line_1_18' title="bbox 215 1519 1781 1594; baseline 0.004 -22"><span class='ocrx_word' id='word_1_135' title='bbox 215 1519 451 1573; x_wconf 83' lang='lat' dir='ltr'><strong>seductus</strong></span> <span class='ocrx_word' id='word_1_136' title='bbox 477 1521 651 1584; x_wconf 83' lang='lat' dir='ltr'><strong>homo,</strong></span> <span class='ocrx_word' id='word_1_137' title='bbox 677 1530 780 1576; x_wconf 90' lang='lat' dir='ltr'><strong>etc.</strong></span> <span class='ocrx_word' id='word_1_138' title='bbox 835 1523 1069 1577; x_wconf 79' lang='lat' dir='ltr'><strong>Oﬂ&#39;endit</strong></span> <span class='ocrx_word' id='word_1_139' title='bbox 1100 1525 1298 1593; x_wconf 87' lang='lat' dir='ltr'><strong>quippe</strong></span> <span class='ocrx_word' id='word_1_140' title='bbox 1329 1525 1549 1592; x_wconf 86' lang='lat' dir='ltr'><strong>aliquis,</strong></span> <span class='ocrx_word' id='word_1_141' title='bbox 1584 1535 1638 1578; x_wconf 90' lang='lat' dir='ltr'><strong>et</strong></span> <span class='ocrx_word' id='word_1_142' title='bbox 1684 1539 1781 1594; x_wconf 82' lang='lat' dir='ltr'><strong>per</strong></span> 
     </span>
    </p>
   </div>
   <div class='ocr_carea' id='block_1_19' title="bbox 216 1610 1783 1682">
    <p class='ocr_par' dir='ltr' id='par_1_19' title="bbox 216 1610 1783 1682">
     <span class='ocr_line' id='line_1_19' title="bbox 216 1610 1783 1682; baseline 0.004 -19"><span class='ocrx_word' id='word_1_143' title='bbox 216 1610 384 1678; x_wconf 87' lang='lat' dir='ltr'><strong>ipsam</strong></span> <span class='ocrx_word' id='word_1_144' title='bbox 427 1613 567 1664; x_wconf 90' lang='lat' dir='ltr'><strong>viam</strong></span> <span class='ocrx_word' id='word_1_145' title='bbox 611 1628 716 1680; x_wconf 88' lang='lat' dir='ltr'><strong>qna</strong></span> <span class='ocrx_word' id='word_1_146' title='bbox 767 1629 1054 1682; x_wconf 85' lang='lat' dir='ltr'><strong>perversus</strong></span> <span class='ocrx_word' id='word_1_147' title='bbox 1099 1625 1220 1678; x_wconf 88' lang='lat' dir='ltr'><strong>est,</strong></span> <span class='ocrx_word' id='word_1_148' title='bbox 1275 1614 1470 1669; x_wconf 89' lang='lat' dir='ltr'><strong>iterum</strong></span> <span class='ocrx_word' id='word_1_149' title='bbox 1519 1615 1677 1668; x_wconf 89' lang='lat' dir='ltr'><strong>rediit</strong></span> <span class='ocrx_word' id='word_1_150' title='bbox 1714 1615 1783 1669; x_wconf 90' lang='lat' dir='ltr'><strong>ad</strong></span> 
     </span>
    </p>
   </div>
   <div class='ocr_carea' id='block_1_20' title="bbox 216 1701 1783 1776">
    <p class='ocr_par' dir='ltr' id='par_1_20' title="bbox 216 1701 1783 1776">
     <span class='ocr_line' id='line_1_20' title="bbox 216 1701 1783 1776; baseline 0.004 -23"><span class='ocrx_word' id='word_1_151' title='bbox 216 1701 522 1756; x_wconf 89' lang='lat' dir='ltr'><strong>Domimnn.</strong></span> <span class='ocrx_word' id='word_1_152' title='bbox 593 1705 890 1775; x_wconf 79' lang='lat' dir='ltr'><strong>Ahnegavit</strong></span> <span class='ocrx_word' id='word_1_153' title='bbox 935 1707 1079 1762; x_wconf 91' lang='lat' dir='ltr'><strong>enim</strong></span> <span class='ocrx_word' id='word_1_154' title='bbox 1135 1708 1225 1772; x_wconf 90' lang='lat' dir='ltr'><strong>(ut</strong></span> <span class='ocrx_word' id='word_1_155' title='bbox 1275 1707 1356 1762; x_wconf 87' lang='lat' dir='ltr'><strong>sic</strong></span> <span class='ocrx_word' id='word_1_156' title='bbox 1397 1706 1638 1776; x_wconf 86' lang='lat' dir='ltr'><strong>dicatur)</strong></span> <span class='ocrx_word' id='word_1_157' title='bbox 1690 1722 1783 1775; x_wconf 90' lang='lat' dir='ltr'><strong>per</strong></span> 
     </span>
    </p>
   </div>
   <div class='ocr_carea' id='block_1_21' title="bbox 217 1794 1778 1866">
    <p class='ocr_par' dir='ltr' id='par_1_21' title="bbox 217 1794 1778 1866">
     <span class='ocr_line' id='line_1_21' title="bbox 217 1794 1778 1866; baseline 0.003 -18"><span class='ocrx_word' id='word_1_158' title='bbox 217 1794 488 1863; x_wconf 79' lang='lat' dir='ltr'><strong>linguam,</strong></span> <span class='ocrx_word' id='word_1_159' title='bbox 527 1806 580 1850; x_wconf 91' lang='lat' dir='ltr'><strong>et</strong></span> <span class='ocrx_word' id='word_1_160' title='bbox 637 1813 730 1866; x_wconf 91' lang='lat' dir='ltr'><strong>per</strong></span> <span class='ocrx_word' id='word_1_161' title='bbox 772 1799 1008 1865; x_wconf 80' lang='lat' dir='ltr'><strong>linguam</strong></span> <span class='ocrx_word' id='word_1_162' title='bbox 1075 1813 1268 1852; x_wconf 88' lang='lat' dir='ltr'><strong>rursus</strong></span> <span class='ocrx_word' id='word_1_163' title='bbox 1315 1796 1602 1852; x_wconf 87' lang='lat' dir='ltr'><strong>confessus</strong></span> <span class='ocrx_word' id='word_1_164' title='bbox 1656 1807 1778 1852; x_wconf 90' lang='lat' dir='ltr'><strong>est:</strong></span> 
     </span>
    </p>
   </div>
   <div class='ocr_carea' id='block_1_22' title="bbox 218 1887 1780 1955">
    <p class='ocr_par' dir='ltr' id='par_1_22' title="bbox 218 1887 1780 1955">
     <span class='ocr_line' id='line_1_22' title="bbox 218 1887 1780 1955; baseline 0.004 -17"><span class='ocrx_word' id='word_1_165' title='bbox 218 1887 462 1955; x_wconf 84' lang='lat' dir='ltr'><strong>rapinam</strong></span> <span class='ocrx_word' id='word_1_166' title='bbox 512 1889 766 1943; x_wconf 85' lang='lat' dir='ltr'><strong>manibus</strong></span> <span class='ocrx_word' id='word_1_167' title='bbox 817 1888 1126 1954; x_wconf 88' lang='lat' dir='ltr'><strong>commisit,</strong></span> <span class='ocrx_word' id='word_1_168' title='bbox 1176 1895 1230 1943; x_wconf 87' lang='lat' dir='ltr'><strong>et</strong></span> <span class='ocrx_word' id='word_1_169' title='bbox 1284 1890 1536 1944; x_wconf 88' lang='lat' dir='ltr'><strong>manibus</strong></span> <span class='ocrx_word' id='word_1_170' title='bbox 1587 1890 1780 1946; x_wconf 85' lang='lat' dir='ltr'><strong>iterato</strong></span> 
     </span>
    </p>
   </div>
   <div class='ocr_carea' id='block_1_23' title="bbox 217 1976 1779 2048">
    <p class='ocr_par' dir='ltr' id='par_1_23' title="bbox 217 1976 1779 2048">
     <span class='ocr_line' id='line_1_23' title="bbox 217 1976 1779 2048; baseline 0.003 -18"><span class='ocrx_word' id='word_1_171' title='bbox 217 1976 472 2044; x_wconf 87' lang='lat' dir='ltr'><strong>dispersit</strong></span> <span class='ocrx_word' id='word_1_172' title='bbox 508 1986 562 2032; x_wconf 91' lang='lat' dir='ltr'><strong>et</strong></span> <span class='ocrx_word' id='word_1_173' title='bbox 591 1978 738 2032; x_wconf 88' lang='lat' dir='ltr'><strong>dedit</strong></span> <span class='ocrx_word' id='word_1_174' title='bbox 780 1979 1130 2048; x_wconf 86' lang='lat' dir='ltr'><strong>pauperibus,</strong></span> <span class='ocrx_word' id='word_1_175' title='bbox 1154 1987 1208 2032; x_wconf 92' lang='lat' dir='ltr'><strong>et</strong></span> <span class='ocrx_word' id='word_1_176' title='bbox 1260 1978 1314 2033; x_wconf 93' lang='lat' dir='ltr'><strong>in</strong></span> <span class='ocrx_word' id='word_1_177' title='bbox 1347 1979 1471 2034; x_wconf 89' lang='lat' dir='ltr'><strong>aliis</strong></span> <span class='ocrx_word' id='word_1_178' title='bbox 1511 1980 1779 2036; x_wconf 86' lang='lat' dir='ltr'><strong>similiter.</strong></span> 
     </span>
    </p>
   </div>
   <div class='ocr_carea' id='block_1_24' title="bbox 217 2065 1784 2142">
    <p class='ocr_par' dir='ltr' id='par_1_24' title="bbox 217 2065 1784 2142">
     <span class='ocr_line' id='line_1_24' title="bbox 217 2065 1784 2142; baseline 0.003 -22"><span class='ocrx_word' id='word_1_179' title='bbox 217 2065 322 2132; x_wconf 91' lang='lat' dir='ltr'><strong>Qui</strong></span> <span class='ocrx_word' id='word_1_180' title='bbox 356 2083 484 2122; x_wconf 86' lang='lat' dir='ltr'><strong>vero</strong></span> <span class='ocrx_word' id='word_1_181' title='bbox 516 2068 836 2134; x_wconf 80' lang='lat' dir='ltr'><strong>fornicatur,</strong></span> <span class='ocrx_word' id='word_1_182' title='bbox 875 2085 981 2124; x_wconf 93' lang='lat' dir='ltr'><strong>non</strong></span> <span class='ocrx_word' id='word_1_183' title='bbox 1012 2086 1107 2140; x_wconf 89' lang='lat' dir='ltr'><strong>per</strong></span> <span class='ocrx_word' id='word_1_184' title='bbox 1147 2069 1294 2124; x_wconf 82' lang='lat' dir='ltr'><strong>illam</strong></span> <span class='ocrx_word' id='word_1_185' title='bbox 1321 2072 1462 2124; x_wconf 92' lang='lat' dir='ltr'><strong>viam</strong></span> <span class='ocrx_word' id='word_1_186' title='bbox 1501 2086 1606 2142; x_wconf 89' lang='lat' dir='ltr'><strong>qua</strong></span> <span class='ocrx_word' id='word_1_187' title='bbox 1639 2072 1784 2127; x_wconf 90' lang='lat' dir='ltr'><strong>ceci-</strong></span> 
     </span>
    </p>
   </div>
   <div class='ocr_carea' id='block_1_25' title="bbox 219 2159 1786 2233">
    <p class='ocr_par' dir='ltr' id='par_1_25' title="bbox 219 2159 1786 2233">
     <span class='ocr_line' id='line_1_25' title="bbox 219 2159 1786 2233; baseline 0.004 -21"><span class='ocrx_word' id='word_1_188' title='bbox 219 2159 317 2224; x_wconf 90' lang='lat' dir='ltr'><strong>dit,</strong></span> <span class='ocrx_word' id='word_1_189' title='bbox 349 2160 440 2214; x_wconf 91' lang='lat' dir='ltr'><strong>sed</strong></span> <span class='ocrx_word' id='word_1_190' title='bbox 484 2176 579 2230; x_wconf 91' lang='lat' dir='ltr'><strong>per</strong></span> <span class='ocrx_word' id='word_1_191' title='bbox 608 2161 766 2216; x_wconf 91' lang='lat' dir='ltr'><strong>aliam</strong></span> <span class='ocrx_word' id='word_1_192' title='bbox 801 2171 1098 2217; x_wconf 87' lang='lat' dir='ltr'><strong>revertetur</strong></span> <span class='ocrx_word' id='word_1_193' title='bbox 1123 2162 1188 2216; x_wconf 91' lang='lat' dir='ltr'><strong>ad</strong></span> <span class='ocrx_word' id='word_1_194' title='bbox 1233 2161 1520 2217; x_wconf 88' lang='lat' dir='ltr'><strong>Dominum</strong></span> <span class='ocrx_word' id='word_1_195' title='bbox 1549 2181 1563 2217; x_wconf 88' lang='lat'><strong>:</strong></span> <span class='ocrx_word' id='word_1_196' title='bbox 1615 2179 1786 2233; x_wconf 88' lang='lat' dir='ltr'><strong>quare</strong></span> 
     </span>
    </p>
   </div>
   <div class='ocr_carea' id='block_1_26' title="bbox 220 2251 1782 2323">
    <p class='ocr_par' dir='ltr' id='par_1_26' title="bbox 220 2251 1782 2323">
     <span class='ocr_line' id='line_1_26' title="bbox 220 2251 1782 2323; baseline 0.004 -21"><span class='ocrx_word' id='word_1_197' title='bbox 220 2251 438 2320; x_wconf 79' lang='lat' dir='ltr'><strong>proprie</strong></span> <span class='ocrx_word' id='word_1_198' title='bbox 483 2251 790 2318; x_wconf 89' lang='lat' dir='ltr'><strong>fornicatio,</strong></span> <span class='ocrx_word' id='word_1_199' title='bbox 830 2253 1012 2323; x_wconf 91' lang='lat' dir='ltr'><strong>lapsus</strong></span> <span class='ocrx_word' id='word_1_200' title='bbox 1047 2255 1262 2320; x_wconf 89' lang='lat' dir='ltr'><strong>dicitur,</strong></span> <span class='ocrx_word' id='word_1_201' title='bbox 1292 2263 1345 2308; x_wconf 89' lang='lat' dir='ltr'><strong>et</strong></span> <span class='ocrx_word' id='word_1_202' title='bbox 1393 2269 1502 2307; x_wconf 92' lang='lat' dir='ltr'><strong>non</strong></span> <span class='ocrx_word' id='word_1_203' title='bbox 1535 2254 1782 2310; x_wconf 70' lang='lat' dir='ltr'><strong>offensio.</strong></span> 
     </span>
    </p>
   </div>
   <div class='ocr_carea' id='block_1_27' title="bbox 223 2344 1787 2416">
    <p class='ocr_par' dir='ltr' id='par_1_27' title="bbox 223 2344 1787 2416">
     <span class='ocr_line' id='line_1_27' title="bbox 223 2344 1787 2416; baseline 0.004 -21"><span class='ocrx_word' id='word_1_204' title='bbox 223 2344 387 2408; x_wconf 79' lang='lat' dir='ltr'><strong>Sane,</strong></span> <span class='ocrx_word' id='word_1_205' title='bbox 435 2345 560 2413; x_wconf 89' lang='lat' dir='ltr'><strong>quia</strong></span> <span class='ocrx_word' id='word_1_206' title='bbox 615 2346 927 2401; x_wconf 72' lang='lat' dir='ltr'><strong>monasticae</strong></span> <span class='ocrx_word' id='word_1_207' title='bbox 967 2347 1402 2412; x_wconf 88' lang='lat' dir='ltr'><strong>conversationi,</strong></span> <span class='ocrx_word' id='word_1_208' title='bbox 1459 2347 1562 2402; x_wconf 92' lang='lat' dir='ltr'><strong>hoc</strong></span> <span class='ocrx_word' id='word_1_209' title='bbox 1603 2346 1787 2416; x_wconf 88' lang='lat' dir='ltr'><strong>utique</strong></span> 
     </span>
    </p>
   </div>
   <div class='ocr_carea' id='block_1_28' title="bbox 223 2435 1786 2508">
    <p class='ocr_par' dir='ltr' id='par_1_28' title="bbox 223 2435 1786 2508">
     <span class='ocr_line' id='line_1_28' title="bbox 223 2435 1786 2508; baseline 0.005 -22"><span class='ocrx_word' id='word_1_210' title='bbox 223 2435 494 2503; x_wconf 58' lang='lat' dir='ltr'><strong>(vidi-licet</strong></span> <span class='ocrx_word' id='word_1_211' title='bbox 521 2437 911 2507; x_wconf 81' lang='lat' dir='ltr'><strong>virginitatem,</strong></span> <span class='ocrx_word' id='word_1_212' title='bbox 949 2439 1147 2493; x_wconf 87' lang='lat' dir='ltr'><strong>habere</strong></span> <span class='ocrx_word' id='word_1_213' title='bbox 1184 2448 1238 2494; x_wconf 91' lang='lat' dir='ltr'><strong>et</strong></span> <span class='ocrx_word' id='word_1_214' title='bbox 1267 2439 1581 2508; x_wconf 81' lang='lat' dir='ltr'><strong>observare)</strong></span> <span class='ocrx_word' id='word_1_215' title='bbox 1623 2453 1786 2508; x_wconf 89' lang='lat' dir='ltr'><strong>supra</strong></span> 
     </span>
    </p>
   </div>
   <div class='ocr_carea' id='block_1_29' title="bbox 223 2532 1788 2602">
    <p class='ocr_par' dir='ltr' id='par_1_29' title="bbox 223 2532 1788 2602">
     <span class='ocr_line' id='line_1_29' title="bbox 223 2532 1788 2602; baseline 0.004 -20"><span class='ocrx_word' id='word_1_216' title='bbox 223 2539 418 2582; x_wconf 68' lang='lat' dir='ltr'><strong>t-aatcra</strong></span> <span class='ocrx_word' id='word_1_217' title='bbox 471 2545 722 2599; x_wconf 89' lang='lat' dir='ltr'><strong>supreme</strong></span> <span class='ocrx_word' id='word_1_218' title='bbox 762 2532 1039 2602; x_wconf 88' lang='lat' dir='ltr'><strong>proprimn</strong></span> <span class='ocrx_word' id='word_1_219' title='bbox 1079 2541 1188 2597; x_wconf 90' lang='lat' dir='ltr'><strong>est,</strong></span> <span class='ocrx_word' id='word_1_220' title='bbox 1236 2532 1379 2602; x_wconf 89' lang='lat' dir='ltr'><strong>quod</strong></span> <span class='ocrx_word' id='word_1_221' title='bbox 1421 2541 1472 2586; x_wconf 92' lang='lat' dir='ltr'><strong>et</strong></span> <span class='ocrx_word' id='word_1_222' title='bbox 1504 2533 1618 2587; x_wconf 89' lang='lat' dir='ltr'><strong>vult</strong></span> <span class='ocrx_word' id='word_1_223' title='bbox 1652 2548 1788 2601; x_wconf 75' lang='lat' dir='ltr'><strong>pra:-</strong></span> 
     </span>
    </p>
   </div>
   <div class='ocr_carea' id='block_1_30' title="bbox 219 2623 1785 2695">
    <p class='ocr_par' dir='ltr' id='par_1_30' title="bbox 219 2623 1785 2695">
     <span class='ocr_line' id='line_1_30' title="bbox 219 2623 1785 2695; baseline 0.001 -19"><span class='ocrx_word' id='word_1_224' title='bbox 219 2623 424 2676; x_wconf 88' lang='lat' dir='ltr'><strong>dicatio</strong></span> <span class='ocrx_word' id='word_1_225' title='bbox 451 2623 688 2678; x_wconf 82' lang='lat' dir='ltr'><strong>nominis</strong></span> <span class='ocrx_word' id='word_1_226' title='bbox 715 2625 988 2688; x_wconf 86' lang='lat' dir='ltr'><strong>monachi,</strong></span> <span class='ocrx_word' id='word_1_227' title='bbox 1011 2633 1062 2679; x_wconf 83' lang='lat' dir='ltr'><strong>et</strong></span> <span class='ocrx_word' id='word_1_228' title='bbox 1085 2625 1408 2694; x_wconf 87' lang='lat' dir='ltr'><strong>promissio:</strong></span> <span class='ocrx_word' id='word_1_229' title='bbox 1436 2633 1580 2680; x_wconf 89' lang='lat' dir='ltr'><strong>recte</strong></span> <span class='ocrx_word' id='word_1_230' title='bbox 1605 2626 1785 2695; x_wconf 82' lang='lat' dir='ltr'><strong>igitur,</strong></span> 
     </span>
    </p>
   </div>
   <div class='ocr_carea' id='block_1_31' title="bbox 220 2714 1788 2786">
    <p class='ocr_par' dir='ltr' id='par_1_31' title="bbox 220 2714 1788 2786">
     <span class='ocr_line' id='line_1_31' title="bbox 220 2714 1788 2786; baseline 0.004 -20"><span class='ocrx_word' id='word_1_231' title='bbox 220 2714 317 2783; x_wconf 86' lang='lat' dir='ltr'><strong>qui</strong></span> <span class='ocrx_word' id='word_1_232' title='bbox 344 2714 706 2783; x_wconf 78' lang='lat' dir='ltr'><strong>virginitatem</strong></span> <span class='ocrx_word' id='word_1_233' title='bbox 733 2715 992 2786; x_wconf 82' lang='lat' dir='ltr'><strong>corrupit,</strong></span> <span class='ocrx_word' id='word_1_234' title='bbox 1025 2731 1150 2772; x_wconf 84' lang='lat' dir='ltr'><strong>vere</strong></span> <span class='ocrx_word' id='word_1_235' title='bbox 1169 2717 1366 2772; x_wconf 85' lang='lat' dir='ltr'><strong>cecidit</strong></span> <span class='ocrx_word' id='word_1_236' title='bbox 1396 2717 1618 2771; x_wconf 84' lang='lat' dir='ltr'><strong>irritans</strong></span> <span class='ocrx_word' id='word_1_237' title='bbox 1645 2718 1788 2786; x_wconf 91' lang='lat' dir='ltr'><strong>quod</strong></span> 
     </span>
    </p>
   </div>
   <div class='ocr_carea' id='block_1_32' title="bbox 222 2808 1790 2880">
    <p class='ocr_par' dir='ltr' id='par_1_32' title="bbox 222 2808 1790 2880">
     <span class='ocr_line' id='line_1_32' title="bbox 222 2808 1790 2880; baseline 0.003 -20"><span class='ocrx_word' id='word_1_238' title='bbox 222 2809 492 2878; x_wconf 86' lang='lat' dir='ltr'><strong>promisit.</strong></span> <span class='ocrx_word' id='word_1_239' title='bbox 580 2808 760 2876; x_wconf 84' lang='lat' dir='ltr'><strong>Quare</strong></span> <span class='ocrx_word' id='word_1_240' title='bbox 814 2811 1030 2880; x_wconf 90' lang='lat' dir='ltr'><strong>proprie</strong></span> <span class='ocrx_word' id='word_1_241' title='bbox 1077 2810 1397 2877; x_wconf 90' lang='lat' dir='ltr'><strong>fornicatio,</strong></span> <span class='ocrx_word' id='word_1_242' title='bbox 1442 2821 1555 2865; x_wconf 92' lang='lat' dir='ltr'><strong>tum</strong></span> <span class='ocrx_word' id='word_1_243' title='bbox 1597 2813 1722 2880; x_wconf 88' lang='lat' dir='ltr'><strong>quia</strong></span> <span class='ocrx_word' id='word_1_244' title='bbox 1761 2829 1790 2865; x_wconf 92' lang='lat' dir='ltr'><strong>a</strong></span> 
     </span>
    </p>
   </div>
   <div class='ocr_carea' id='block_1_33' title="bbox 223 2902 1792 2973">
    <p class='ocr_par' dir='ltr' id='par_1_33' title="bbox 223 2902 1792 2973">
     <span class='ocr_line' id='line_1_33' title="bbox 223 2902 1792 2973; baseline 0.001 -19"><span class='ocrx_word' id='word_1_245' title='bbox 223 2910 434 2955; x_wconf 65' lang='lat' dir='ltr'><strong>naturae</strong></span> <span class='ocrx_word' id='word_1_246' title='bbox 464 2902 790 2969; x_wconf 75' lang='lat' dir='ltr'><strong>integritate,</strong></span> <span class='ocrx_word' id='word_1_247' title='bbox 829 2911 942 2957; x_wconf 90' lang='lat' dir='ltr'><strong>tum</strong></span> <span class='ocrx_word' id='word_1_248' title='bbox 971 2903 1095 2972; x_wconf 86' lang='lat' dir='ltr'><strong>quia</strong></span> <span class='ocrx_word' id='word_1_249' title='bbox 1130 2919 1160 2958; x_wconf 88' lang='lat' dir='ltr'><strong>a</strong></span> <span class='ocrx_word' id='word_1_250' title='bbox 1190 2902 1548 2972; x_wconf 77' lang='lat' dir='ltr'><strong>professionis</strong></span> <span class='ocrx_word' id='word_1_251' title='bbox 1574 2903 1792 2973; x_wconf 91' lang='lat' dir='ltr'><strong>propria</strong></span> 
     </span>
    </p>
   </div>
   <div class='ocr_carea' id='block_1_34' title="bbox 220 2993 1792 3064">
    <p class='ocr_par' dir='ltr' id='par_1_34' title="bbox 220 2993 1792 3064">
     <span class='ocr_line' id='line_1_34' title="bbox 220 2993 1792 3064; baseline 0.001 -19"><span class='ocrx_word' id='word_1_252' title='bbox 220 2993 483 3060; x_wconf 81' lang='lat' dir='ltr'><strong>dignitate</strong></span> <span class='ocrx_word' id='word_1_253' title='bbox 520 2994 692 3060; x_wconf 90' lang='lat' dir='ltr'><strong>cadit,</strong></span> <span class='ocrx_word' id='word_1_254' title='bbox 730 2993 912 3064; x_wconf 90' lang='lat' dir='ltr'><strong>lapsus</strong></span> <span class='ocrx_word' id='word_1_255' title='bbox 937 2995 1138 3050; x_wconf 88' lang='lat' dir='ltr'><strong>dicitur</strong></span> <span class='ocrx_word' id='word_1_256' title='bbox 1165 3004 1219 3048; x_wconf 92' lang='lat' dir='ltr'><strong>et</strong></span> <span class='ocrx_word' id='word_1_257' title='bbox 1252 3010 1362 3050; x_wconf 91' lang='lat' dir='ltr'><strong>non</strong></span> <span class='ocrx_word' id='word_1_258' title='bbox 1407 2994 1659 3050; x_wconf 74' lang='lat' dir='ltr'><strong>offensio.</strong></span> <span class='ocrx_word' id='word_1_259' title='bbox 1711 2995 1792 3048; x_wconf 88' lang='lat' dir='ltr'><strong>Ad</strong></span> 
     </span>
    </p>
   </div>
   <div class='ocr_carea' id='block_1_35' title="bbox 223 3085 1793 3158">
    <p class='ocr_par' dir='ltr' id='par_1_35' title="bbox 223 3085 1793 3158">
     <span class='ocr_line' id='line_1_35' title="bbox 223 3085 1793 3158; baseline 0.004 -21"><span class='ocrx_word' id='word_1_260' title='bbox 223 3085 350 3150; x_wconf 85' lang='lat' dir='ltr'><strong>hoc,</strong></span> <span class='ocrx_word' id='word_1_261' title='bbox 397 3086 491 3155; x_wconf 90' lang='lat' dir='ltr'><strong>qui</strong></span> <span class='ocrx_word' id='word_1_262' title='bbox 554 3097 743 3142; x_wconf 84' lang='lat' dir='ltr'><strong>contra</strong></span> <span class='ocrx_word' id='word_1_263' title='bbox 778 3089 1089 3158; x_wconf 90' lang='lat' dir='ltr'><strong>opinionem</strong></span> <span class='ocrx_word' id='word_1_264' title='bbox 1128 3090 1387 3157; x_wconf 76' lang='lat' dir='ltr'><strong>offendit,</strong></span> <span class='ocrx_word' id='word_1_265' title='bbox 1428 3089 1793 3146; x_wconf 80' lang='lat' dir='ltr'><strong>existimando</strong></span> 
     </span>
    </p>
   </div>
   <div class='ocr_carea' id='block_1_36' title="bbox 221 3179 1794 3252">
    <p class='ocr_par' dir='ltr' id='par_1_36' title="bbox 221 3179 1794 3252">
     <span class='ocr_line' id='line_1_36' title="bbox 221 3179 1794 3252; baseline 0.004 -23"><span class='ocrx_word' id='word_1_266' title='bbox 221 3179 484 3247; x_wconf 87' lang='lat' dir='ltr'><strong>quoniam</strong></span> <span class='ocrx_word' id='word_1_267' title='bbox 527 3191 672 3234; x_wconf 86' lang='lat' dir='ltr'><strong>recte</strong></span> <span class='ocrx_word' id='word_1_268' title='bbox 712 3183 880 3250; x_wconf 88' lang='lat' dir='ltr'><strong>sapit,</strong></span> <span class='ocrx_word' id='word_1_269' title='bbox 914 3183 1212 3238; x_wconf 84' lang='lat' dir='ltr'><strong>secundum</strong></span> <span class='ocrx_word' id='word_1_270' title='bbox 1263 3183 1621 3252; x_wconf 78' lang='lat' dir='ltr'><strong>ignorantiam</strong></span> <span class='ocrx_word' id='word_1_271' title='bbox 1672 3198 1794 3252; x_wconf 91' lang='lat' dir='ltr'><strong>per-</strong></span> 
     </span>
    </p>
   </div>
   <div class='ocr_carea' id='block_1_37' title="bbox 222 3270 1792 3341">
    <p class='ocr_par' dir='ltr' id='par_1_37' title="bbox 222 3270 1792 3341">
     <span class='ocr_line' id='line_1_37' title="bbox 222 3270 1792 3341; baseline 0.004 -18"><span class='ocrx_word' id='word_1_272' title='bbox 222 3270 430 3323; x_wconf 88' lang='lat' dir='ltr'><strong>cutitur</strong></span> <span class='ocrx_word' id='word_1_273' title='bbox 473 3271 624 3340; x_wconf 83' lang='lat' dir='ltr'><strong>plaga</strong></span> <span class='ocrx_word' id='word_1_274' title='bbox 655 3272 789 3340; x_wconf 68' lang='lat'><strong>(20).</strong></span> <span class='ocrx_word' id='word_1_275' title='bbox 848 3273 951 3339; x_wconf 89' lang='lat' dir='ltr'><strong>Qui</strong></span> <span class='ocrx_word' id='word_1_276' title='bbox 984 3284 1164 3330; x_wconf 89' lang='lat' dir='ltr'><strong>autem</strong></span> <span class='ocrx_word' id='word_1_277' title='bbox 1209 3275 1528 3341; x_wconf 88' lang='lat' dir='ltr'><strong>fornicatur,</strong></span> <span class='ocrx_word' id='word_1_278' title='bbox 1561 3291 1792 3330; x_wconf 89' lang='lat' dir='ltr'><strong>noscens</strong></span> 
     </span>
    </p>
   </div>
   <div class='ocr_carea' id='block_1_38' title="bbox 220 3363 1798 3432">
    <p class='ocr_par' dir='ltr' id='par_1_38' title="bbox 220 3363 1798 3432">
     <span class='ocr_line' id='line_1_38' title="bbox 220 3363 1798 3432; baseline 0.005 -18"><span class='ocrx_word' id='word_1_279' title='bbox 220 3363 354 3431; x_wconf 85' lang='lat' dir='ltr'><strong>quia</strong></span> <span class='ocrx_word' id='word_1_280' title='bbox 401 3379 538 3432; x_wconf 89' lang='lat' dir='ltr'><strong>opus</strong></span> <span class='ocrx_word' id='word_1_281' title='bbox 604 3365 802 3419; x_wconf 91' lang='lat' dir='ltr'><strong>malum</strong></span> <span class='ocrx_word' id='word_1_282' title='bbox 851 3375 969 3430; x_wconf 86' lang='lat' dir='ltr'><strong>est,</strong></span> <span class='ocrx_word' id='word_1_283' title='bbox 1021 3368 1276 3422; x_wconf 87' lang='lat' dir='ltr'><strong>sensibus</strong></span> <span class='ocrx_word' id='word_1_284' title='bbox 1329 3382 1394 3423; x_wconf 66' lang='lat' dir='ltr'><strong>ex</strong></span> <span class='ocrx_word' id='word_1_285' title='bbox 1440 3368 1798 3423; x_wconf 83' lang='lat' dir='ltr'><strong>delectatione</strong></span> 
     </span>
    </p>
   </div>
   <div class='ocr_carea' id='block_1_39' title="bbox 222 3455 1798 3529">
    <p class='ocr_par' dir='ltr' id='par_1_39' title="bbox 222 3455 1798 3529">
     <span class='ocr_line' id='line_1_39' title="bbox 222 3455 1798 3529; baseline 0.004 -21"><span class='ocrx_word' id='word_1_286' title='bbox 222 3455 513 3526; x_wconf 85' lang='lat' dir='ltr'><strong>perellluit,</strong></span> <span class='ocrx_word' id='word_1_287' title='bbox 545 3464 601 3512; x_wconf 93' lang='lat' dir='ltr'><strong>et</strong></span> <span class='ocrx_word' id='word_1_288' title='bbox 628 3472 736 3512; x_wconf 90' lang='lat' dir='ltr'><strong>non</strong></span> <span class='ocrx_word' id='word_1_289' title='bbox 768 3473 833 3512; x_wconf 81' lang='lat' dir='ltr'><strong>ex</strong></span> <span class='ocrx_word' id='word_1_290' title='bbox 868 3457 1171 3529; x_wconf 79' lang='lat' dir='ltr'><strong>ignorantia</strong></span> <span class='ocrx_word' id='word_1_291' title='bbox 1206 3459 1428 3529; x_wconf 88' lang='lat' dir='ltr'><strong>patitur.</strong></span> <span class='ocrx_word' id='word_1_292' title='bbox 1482 3458 1549 3514; x_wconf 88' lang='lat' dir='ltr'><strong>Et</strong></span> <span class='ocrx_word' id='word_1_293' title='bbox 1575 3459 1798 3514; x_wconf 62' lang='lat' dir='ltr'><strong>haeresis</strong></span> 
     </span>
    </p>
   </div>
   <div class='ocr_carea' id='block_1_40' title="bbox 222 3537 1798 3617">
    <p class='ocr_par' dir='ltr' id='par_1_40' title="bbox 222 3537 1798 3617">
     <span class='ocr_line' id='line_1_40' title="bbox 222 3537 1798 3617; baseline 0.003 -17"><span class='ocrx_word' id='word_1_294' title='bbox 222 3549 445 3617; x_wconf 87' lang='lat' dir='ltr'><strong>quidem</strong></span> <span class='ocrx_word' id='word_1_295' title='bbox 485 3537 682 3603; x_wconf 86' lang='lat' dir='ltr'><strong>malum</strong></span> <span class='ocrx_word' id='word_1_296' title='bbox 724 3550 781 3604; x_wconf 88' lang='lat' dir='ltr'><strong>in</strong></span> <span class='ocrx_word' id='word_1_297' title='bbox 813 3551 992 3605; x_wconf 88' lang='lat' dir='ltr'><strong>anima</strong></span> <span class='ocrx_word' id='word_1_298' title='bbox 1028 3553 1142 3607; x_wconf 92' lang='lat' dir='ltr'><strong>sola</strong></span> <span class='ocrx_word' id='word_1_299' title='bbox 1173 3551 1463 3612; x_wconf 83' lang='lat' dir='ltr'><strong>consistit.</strong></span> <span class='ocrx_word' id='word_1_300' title='bbox 1507 3551 1798 3606; x_wconf 89' lang='lat' dir='ltr'><strong>fornicatio</strong></span> 
     </span>
    </p>
   </div>
   <div class='ocr_carea' id='block_1_41' title="bbox 223 3641 1797 3708">
    <p class='ocr_par' dir='ltr' id='par_1_41' title="bbox 223 3641 1797 3708">
     <span class='ocr_line' id='line_1_41' title="bbox 223 3641 1797 3708; baseline 0.004 -18"><span class='ocrx_word' id='word_1_301' title='bbox 223 3654 359 3692; x_wconf 82' lang='lat' dir='ltr'><strong>vero</strong></span> <span class='ocrx_word' id='word_1_302' title='bbox 381 3657 396 3699; x_wconf 86' lang='lat'><strong>;</strong></span> <span class='ocrx_word' id='word_1_303' title='bbox 417 3656 480 3693; x_wconf 78' lang='lat' dir='ltr'><strong>ex</strong></span> <span class='ocrx_word' id='word_1_304' title='bbox 502 3641 768 3696; x_wconf 88' lang='lat' dir='ltr'><strong>electione</strong></span> <span class='ocrx_word' id='word_1_305' title='bbox 797 3641 1007 3696; x_wconf 87' lang='lat' dir='ltr'><strong>arbitrii</strong></span> <span class='ocrx_word' id='word_1_306' title='bbox 1032 3643 1247 3708; x_wconf 63' lang='lat' dir='ltr'><strong>animat,</strong></span> <span class='ocrx_word' id='word_1_307' title='bbox 1266 3645 1410 3698; x_wconf 90' lang='lat' dir='ltr'><strong>malo</strong></span> <span class='ocrx_word' id='word_1_308' title='bbox 1432 3644 1797 3708; x_wconf 87' lang='lat' dir='ltr'><strong>consentiens,</strong></span> 
     </span>
    </p>
   </div>
   <div class='ocr_carea' id='block_1_42' title="bbox 226 3730 1799 3805">
    <p class='ocr_par' dir='ltr' id='par_1_42' title="bbox 226 3730 1799 3805">
     <span class='ocr_line' id='line_1_42' title="bbox 226 3730 1799 3805; baseline 0.004 -23"><span class='ocrx_word' id='word_1_309' title='bbox 226 3730 286 3782; x_wconf 88' lang='lat' dir='ltr'><strong>in</strong></span> <span class='ocrx_word' id='word_1_310' title='bbox 317 3745 566 3799; x_wconf 89' lang='lat' dir='ltr'><strong>corpore,</strong></span> <span class='ocrx_word' id='word_1_311' title='bbox 592 3733 957 3802; x_wconf 89' lang='lat' dir='ltr'><strong>corruptionis</strong></span> <span class='ocrx_word' id='word_1_312' title='bbox 984 3747 1269 3804; x_wconf 89' lang='lat' dir='ltr'><strong>peccatum</strong></span> <span class='ocrx_word' id='word_1_313' title='bbox 1301 3736 1606 3805; x_wconf 89' lang='lat' dir='ltr'><strong>complevit.</strong></span> <span class='ocrx_word' id='word_1_314' title='bbox 1650 3735 1799 3802; x_wconf 88' lang='lat' dir='ltr'><strong>Quo-</strong></span> 
     </span>
    </p>
   </div>
   <div class='ocr_carea' id='block_1_43' title="bbox 225 3821 1798 3895">
    <p class='ocr_par' dir='ltr' id='par_1_43' title="bbox 225 3821 1798 3895">
     <span class='ocr_line' id='line_1_43' title="bbox 225 3821 1798 3895; baseline 0.001 -21"><span class='ocrx_word' id='word_1_315' title='bbox 225 3821 379 3874; x_wconf 88' lang='lat' dir='ltr'><strong>niam</strong></span> <span class='ocrx_word' id='word_1_316' title='bbox 415 3837 542 3876; x_wconf 82' lang='lat' dir='ltr'><strong>vero</strong></span> <span class='ocrx_word' id='word_1_317' title='bbox 577 3822 710 3875; x_wconf 82' lang='lat' dir='ltr'><strong>nihil</strong></span> <span class='ocrx_word' id='word_1_318' title='bbox 751 3832 835 3878; x_wconf 89' lang='lat' dir='ltr'><strong>est</strong></span> <span class='ocrx_word' id='word_1_319' title='bbox 867 3825 1113 3879; x_wconf 84' lang='lat' dir='ltr'><strong>naturale</strong></span> <span class='ocrx_word' id='word_1_320' title='bbox 1169 3827 1313 3894; x_wconf 86' lang='lat' dir='ltr'><strong>quod</strong></span> <span class='ocrx_word' id='word_1_321' title='bbox 1357 3826 1640 3895; x_wconf 76' lang='lat' dir='ltr'><strong>impugnet</strong></span> <span class='ocrx_word' id='word_1_322' title='bbox 1674 3840 1798 3880; x_wconf 91' lang='lat' dir='ltr'><strong>eum</strong></span> 
     </span>
    </p>
   </div>
   <div class='ocr_carea' id='block_1_44' title="bbox 223 3913 1802 3982">
    <p class='ocr_par' dir='ltr' id='par_1_44' title="bbox 223 3913 1802 3982">
     <span class='ocr_line' id='line_1_44' title="bbox 223 3913 1802 3982; baseline 0.003 -19"><span class='ocrx_word' id='word_1_323' title='bbox 223 3913 324 3982; x_wconf 88' lang='lat' dir='ltr'><strong>qni</strong></span> <span class='ocrx_word' id='word_1_324' title='bbox 368 3913 436 3967; x_wconf 92' lang='lat' dir='ltr'><strong>ab</strong></span> <span class='ocrx_word' id='word_1_325' title='bbox 465 3929 649 3968; x_wconf 89' lang='lat' dir='ltr'><strong>errore</strong></span> <span class='ocrx_word' id='word_1_326' title='bbox 671 3915 1026 3979; x_wconf 85' lang='lat' dir='ltr'><strong>convertitur,</strong></span> <span class='ocrx_word' id='word_1_327' title='bbox 1071 3916 1311 3970; x_wconf 87' lang='lat' dir='ltr'><strong>totaliter</strong></span> <span class='ocrx_word' id='word_1_328' title='bbox 1342 3930 1410 3971; x_wconf 76' lang='lat' dir='ltr'><strong>ex</strong></span> <span class='ocrx_word' id='word_1_329' title='bbox 1448 3917 1802 3971; x_wconf 87' lang='lat' dir='ltr'><strong>conversione</strong></span> 
     </span>
    </p>
   </div>
   <div class='ocr_carea' id='block_1_45' title="bbox 225 4001 1803 4074">
    <p class='ocr_par' dir='ltr' id='par_1_45' title="bbox 225 4001 1803 4074">
     <span class='ocr_line' id='line_1_45' title="bbox 225 4001 1803 4074; baseline 0.001 -18"><span class='ocrx_word' id='word_1_330' title='bbox 225 4001 562 4056; x_wconf 84' lang='lat' dir='ltr'><strong>mundatur:</strong></span> <span class='ocrx_word' id='word_1_331' title='bbox 623 4003 716 4070; x_wconf 86' lang='lat' dir='ltr'><strong>qui</strong></span> <span class='ocrx_word' id='word_1_332' title='bbox 758 4017 886 4056; x_wconf 89' lang='lat' dir='ltr'><strong>vero</strong></span> <span class='ocrx_word' id='word_1_333' title='bbox 914 4019 977 4056; x_wconf 84' lang='lat' dir='ltr'><strong>ex</strong></span> <span class='ocrx_word' id='word_1_334' title='bbox 1023 4002 1402 4068; x_wconf 88' lang='lat' dir='ltr'><strong>fornicatione,</strong></span> <span class='ocrx_word' id='word_1_335' title='bbox 1439 4013 1683 4074; x_wconf 90' lang='lat' dir='ltr'><strong>tempore</strong></span> <span class='ocrx_word' id='word_1_336' title='bbox 1721 4005 1803 4058; x_wconf 93' lang='lat' dir='ltr'><strong>in-</strong></span> 
     </span>
    </p>
   </div>
   <div class='ocr_carea' id='block_1_46' title="bbox 222 4093 1802 4164">
    <p class='ocr_par' dir='ltr' id='par_1_46' title="bbox 222 4093 1802 4164">
     <span class='ocr_line' id='line_1_46' title="bbox 222 4093 1802 4164; baseline 0.001 -19"><span class='ocrx_word' id='word_1_337' title='bbox 222 4093 400 4162; x_wconf 86' lang='lat' dir='ltr'><strong>diget,</strong></span> <span class='ocrx_word' id='word_1_338' title='bbox 440 4093 644 4152; x_wconf 86' lang='lat' dir='ltr'><strong>labore.</strong></span> <span class='ocrx_word' id='word_1_339' title='bbox 676 4101 731 4146; x_wconf 87' lang='lat' dir='ltr'><strong>et</strong></span> <span class='ocrx_word' id='word_1_340' title='bbox 790 4094 1062 4164; x_wconf 80' lang='lat' dir='ltr'><strong>lacrymis,</strong></span> <span class='ocrx_word' id='word_1_341' title='bbox 1121 4105 1180 4148; x_wconf 91' lang='lat' dir='ltr'><strong>ut</strong></span> <span class='ocrx_word' id='word_1_342' title='bbox 1225 4093 1590 4164; x_wconf 89' lang='lat' dir='ltr'><strong>qualificatam</strong></span> <span class='ocrx_word' id='word_1_343' title='bbox 1621 4102 1676 4148; x_wconf 93' lang='lat' dir='ltr'><strong>et</strong></span> <span class='ocrx_word' id='word_1_344' title='bbox 1716 4094 1802 4146; x_wconf 89' lang='lat' dir='ltr'><strong>in-</strong></span> 
     </span>
    </p>
   </div>
   <div class='ocr_carea' id='block_1_47' title="bbox 229 4183 1802 4254">
    <p class='ocr_par' dir='ltr' id='par_1_47' title="bbox 229 4183 1802 4254">
     <span class='ocr_line' id='line_1_47' title="bbox 229 4183 1802 4254; baseline 0 -18"><span class='ocrx_word' id='word_1_345' title='bbox 229 4183 412 4236; x_wconf 84' lang='lat' dir='ltr'><strong>fusam</strong></span> <span class='ocrx_word' id='word_1_346' title='bbox 437 4183 844 4237; x_wconf 83' lang='lat' dir='ltr'><strong>delectationem</strong></span> <span class='ocrx_word' id='word_1_347' title='bbox 861 4194 913 4237; x_wconf 91' lang='lat' dir='ltr'><strong>et</strong></span> <span class='ocrx_word' id='word_1_348' title='bbox 932 4185 1140 4252; x_wconf 76' lang='lat' dir='ltr'><strong>plagam</strong></span> <span class='ocrx_word' id='word_1_349' title='bbox 1168 4185 1621 4254; x_wconf 62' lang='lat' dir='ltr'><strong>concupiscentia</strong></span> <span class='ocrx_word' id='word_1_350' title='bbox 1646 4199 1802 4238; x_wconf 87' lang='lat' dir='ltr'><strong>aver-</strong></span> 
     </span>
    </p>
   </div>
   <div class='ocr_carea' id='block_1_48' title="bbox 226 4274 1797 4345">
    <p class='ocr_par' dir='ltr' id='par_1_48' title="bbox 226 4274 1797 4345">
     <span class='ocr_line' id='line_1_48' title="bbox 226 4274 1797 4345; baseline 0.003 -18"><span class='ocrx_word' id='word_1_351' title='bbox 226 4283 334 4327; x_wconf 87' lang='lat' dir='ltr'><strong>tat.</strong></span> <span class='ocrx_word' id='word_1_352' title='bbox 376 4274 620 4326; x_wconf 79' lang='lat' dir='ltr'><strong>Avuritia</strong></span> <span class='ocrx_word' id='word_1_353' title='bbox 644 4277 751 4329; x_wconf 83' lang='lat' dir='ltr'><strong>sive</strong></span> <span class='ocrx_word' id='word_1_354' title='bbox 771 4277 1035 4345; x_wconf 75' lang='lat' dir='ltr'><strong>cupiditas</strong></span> <span class='ocrx_word' id='word_1_355' title='bbox 1062 4286 1139 4330; x_wconf 78' lang='lat' dir='ltr'><strong>est</strong></span> <span class='ocrx_word' id='word_1_356' title='bbox 1167 4276 1431 4330; x_wconf 82' lang='lat' dir='ltr'><strong>idolorum</strong></span> <span class='ocrx_word' id='word_1_357' title='bbox 1456 4277 1716 4331; x_wconf 79' lang='lat' dir='ltr'><strong>veneratio</strong></span> <span class='ocrx_word' id='word_1_358' title='bbox 1733 4279 1797 4331; x_wconf 77' lang='lat'><strong>&quot;.</strong></span> 
     </span>
    </p>
   </div>
   <div class='ocr_carea' id='block_1_49' title="bbox 226 4359 1800 4436">
    <p class='ocr_par' dir='ltr' id='par_1_49' title="bbox 226 4359 1800 4436">
     <span class='ocr_line' id='line_1_49' title="bbox 226 4359 1800 4436; baseline 0.005 -23"><span class='ocrx_word' id='word_1_359' title='bbox 226 4359 364 4414; x_wconf 88' lang='lat' dir='ltr'><strong>Tria</strong></span> <span class='ocrx_word' id='word_1_360' title='bbox 386 4364 806 4417; x_wconf 89' lang='lat' dir='ltr'><strong>suntcausantia</strong></span> <span class='ocrx_word' id='word_1_361' title='bbox 828 4365 1132 4430; x_wconf 86' lang='lat' dir='ltr'><strong>avaritiam,</strong></span> <span class='ocrx_word' id='word_1_362' title='bbox 1149 4381 1303 4422; x_wconf 91' lang='lat' dir='ltr'><strong>amor</strong></span> <span class='ocrx_word' id='word_1_363' title='bbox 1325 4367 1800 4436; x_wconf 72' lang='lat' dir='ltr'><strong>concupiscentiae,</strong></span> 
     </span>
    </p>
   </div>
   <div class='ocr_carea' id='block_1_50' title="bbox 223 4453 1800 4522">
    <p class='ocr_par' dir='ltr' id='par_1_50' title="bbox 223 4453 1800 4522">
     <span class='ocr_line' id='line_1_50' title="bbox 223 4453 1800 4522; baseline 0.005 -18"><span class='ocrx_word' id='word_1_364' title='bbox 223 4466 390 4504; x_wconf 84' lang='lat' dir='ltr'><strong>arnor</strong></span> <span class='ocrx_word' id='word_1_365' title='bbox 415 4453 619 4522; x_wconf 68' lang='lat' dir='ltr'><strong>gloriae,</strong></span> <span class='ocrx_word' id='word_1_366' title='bbox 641 4466 694 4508; x_wconf 87' lang='lat' dir='ltr'><strong>et</strong></span> <span class='ocrx_word' id='word_1_367' title='bbox 727 4455 1015 4511; x_wconf 86' lang='lat' dir='ltr'><strong>infidelitas</strong></span> <span class='ocrx_word' id='word_1_368' title='bbox 1049 4458 1260 4514; x_wconf 89' lang='lat' dir='ltr'><strong>duabus</strong></span> <span class='ocrx_word' id='word_1_369' title='bbox 1292 4457 1584 4519; x_wconf 88' lang='lat' dir='ltr'><strong>crudelior.</strong></span> <span class='ocrx_word' id='word_1_370' title='bbox 1613 4468 1668 4514; x_wconf 93' lang='lat' dir='ltr'><strong>et</strong></span> <span class='ocrx_word' id='word_1_371' title='bbox 1696 4457 1800 4513; x_wconf 88' lang='lat' dir='ltr'><strong>alia</strong></span> 
     </span>
    </p>
   </div>
   <div class='ocr_carea' id='block_1_51' title="bbox 225 4543 1877 4620">
    <p class='ocr_par' dir='ltr' id='par_1_51' title="bbox 225 4543 1877 4620">
     <span class='ocr_line' id='line_1_51' title="bbox 225 4543 1877 4620; baseline 0.001 -22"><span class='ocrx_word' id='word_1_372' title='bbox 225 4543 426 4598; x_wconf 86' lang='lat' dir='ltr'><strong>multa.</strong></span> <span class='ocrx_word' id='word_1_373' title='bbox 461 4543 602 4598; x_wconf 90' lang='lat' dir='ltr'><strong>Sane</strong></span> <span class='ocrx_word' id='word_1_374' title='bbox 631 4546 772 4601; x_wconf 91' lang='lat' dir='ltr'><strong>sicut</strong></span> <span class='ocrx_word' id='word_1_375' title='bbox 794 4557 875 4602; x_wconf 76' lang='lat' dir='ltr'><strong>est</strong></span> <span class='ocrx_word' id='word_1_376' title='bbox 907 4549 1264 4618; x_wconf 81' lang='lat' dir='ltr'><strong>impossibile,</strong></span> <span class='ocrx_word' id='word_1_377' title='bbox 1292 4549 1345 4604; x_wconf 92' lang='lat' dir='ltr'><strong>in</strong></span> <span class='ocrx_word' id='word_1_378' title='bbox 1376 4550 1609 4620; x_wconf 89' lang='lat' dir='ltr'><strong>idipsum</strong></span> <span class='ocrx_word' id='word_1_379' title='bbox 1639 4551 1803 4605; x_wconf 90' lang='lat' dir='ltr'><strong>simul</strong></span> <span class='ocrx_word' id='word_1_380' title='bbox 1833 4545 1877 4599; x_wconf 88' lang='lat' dir='ltr'><strong>D</strong></span> 
     </span>
    </p>
   </div>
   <div class='ocr_carea' id='block_1_52' title="bbox 226 4634 1801 4710">
    <p class='ocr_par' dir='ltr' id='par_1_52' title="bbox 226 4634 1801 4710">
     <span class='ocr_line' id='line_1_52' title="bbox 226 4634 1801 4710; baseline 0.003 -22"><span class='ocrx_word' id='word_1_381' title='bbox 226 4634 527 4690; x_wconf 78' lang='lat' dir='ltr'><strong>convenire</strong></span> <span class='ocrx_word' id='word_1_382' title='bbox 548 4635 706 4690; x_wconf 89' lang='lat' dir='ltr'><strong>vitam</strong></span> <span class='ocrx_word' id='word_1_383' title='bbox 731 4646 787 4691; x_wconf 90' lang='lat' dir='ltr'><strong>et</strong></span> <span class='ocrx_word' id='word_1_384' title='bbox 823 4648 1074 4705; x_wconf 89' lang='lat' dir='ltr'><strong>mortem,</strong></span> <span class='ocrx_word' id='word_1_385' title='bbox 1112 4640 1184 4694; x_wconf 91' lang='lat' dir='ltr'><strong>ita</strong></span> <span class='ocrx_word' id='word_1_386' title='bbox 1212 4647 1296 4695; x_wconf 88' lang='lat' dir='ltr'><strong>est</strong></span> <span class='ocrx_word' id='word_1_387' title='bbox 1321 4639 1676 4710; x_wconf 89' lang='lat' dir='ltr'><strong>impossibile,</strong></span> <span class='ocrx_word' id='word_1_388' title='bbox 1705 4655 1801 4709; x_wconf 87' lang='lat' dir='ltr'><strong>pe-</strong></span> 
     </span>
    </p>
   </div>
   <div class='ocr_carea' id='block_1_53' title="bbox 225 4725 1418 4799">
    <p class='ocr_par' dir='ltr' id='par_1_53' title="bbox 225 4725 1418 4799">
     <span class='ocr_line' id='line_1_53' title="bbox 225 4725 1418 4799; baseline 0.005 -19"><span class='ocrx_word' id='word_1_389' title='bbox 225 4725 456 4780; x_wconf 85' lang='lat' dir='ltr'><strong>cuniam</strong></span> <span class='ocrx_word' id='word_1_390' title='bbox 495 4727 805 4799; x_wconf 81' lang='lat' dir='ltr'><strong>diligentem</strong></span> <span class='ocrx_word' id='word_1_391' title='bbox 846 4730 1045 4785; x_wconf 85' lang='lat' dir='ltr'><strong>habere</strong></span> <span class='ocrx_word' id='word_1_392' title='bbox 1078 4730 1418 4786; x_wconf 87' lang='lat' dir='ltr'><strong>cbaritatem.</strong></span> 
     </span>
    </p>
   </div>
   <div class='ocr_carea' id='block_1_54' title="bbox 854 4821 1153 4878">
    <p class='ocr_par' dir='ltr' id='par_1_54' title="bbox 854 4821 1153 4878">
     <span class='ocr_line' id='line_1_54' title="bbox 854 4821 1153 4878; baseline 0.01 -3"><span class='ocrx_word' id='word_1_393' title='bbox 854 4821 982 4875; x_wconf 70' lang='lat' dir='ltr'><strong>Car.</strong></span> <span class='ocrx_word' id='word_1_394' title='bbox 1013 4822 1153 4878; x_wconf 81' lang='lat' dir='ltr'><strong>XIV.</strong></span> 
     </span>
    </p>
   </div>
   <div class='ocr_carea' id='block_1_55' title="bbox 309 4913 1802 4984">
    <p class='ocr_par' dir='ltr' id='par_1_55' title="bbox 309 4913 1802 4984">
     <span class='ocr_line' id='line_1_55' title="bbox 309 4913 1802 4984; baseline 0.005 -17"><span class='ocrx_word' id='word_1_395' title='bbox 309 4915 512 4969; x_wconf 77' lang='lat' dir='ltr'><strong>Avarus</strong></span> <span class='ocrx_word' id='word_1_396' title='bbox 553 4924 631 4968; x_wconf 84' lang='lat' dir='ltr'><strong>est</strong></span> <span class='ocrx_word' id='word_1_397' title='bbox 687 4913 1094 4984; x_wconf 83' lang='lat' dir='ltr'><strong>Evangeliorum</strong></span> <span class='ocrx_word' id='word_1_398' title='bbox 1134 4916 1344 4982; x_wconf 78' lang='lat' dir='ltr'><strong>irrisor,</strong></span> <span class='ocrx_word' id='word_1_399' title='bbox 1389 4926 1494 4972; x_wconf 89' lang='lat' dir='ltr'><strong>etc.</strong></span> <span class='ocrx_word' id='word_1_400' title='bbox 1561 4918 1802 4974; x_wconf 84' lang='lat' dir='ltr'><strong>Audiens</strong></span> 
     </span>
    </p>
   </div>
   <div class='ocr_carea' id='block_1_56' title="bbox 225 5004 1802 5078">
    <p class='ocr_par' dir='ltr' id='par_1_56' title="bbox 225 5004 1802 5078">
     <span class='ocr_line' id='line_1_56' title="bbox 225 5004 1802 5078; baseline 0 -16"><span class='ocrx_word' id='word_1_401' title='bbox 225 5021 436 5062; x_wconf 80' lang='lat' dir='ltr'><strong>avarus</strong></span> <span class='ocrx_word' id='word_1_402' title='bbox 483 5004 834 5075; x_wconf 82' lang='lat' dir='ltr'><strong>Evangelium</strong></span> <span class='ocrx_word' id='word_1_403' title='bbox 886 5004 1100 5070; x_wconf 89' lang='lat' dir='ltr'><strong>dicens,</strong></span> <span class='ocrx_word' id='word_1_404' title='bbox 1147 5005 1313 5059; x_wconf 82' lang='lat' dir='ltr'><strong>Vende</strong></span> <span class='ocrx_word' id='word_1_405' title='bbox 1341 5009 1518 5061; x_wconf 84' lang='lat' dir='ltr'><strong>omnia</strong></span> <span class='ocrx_word' id='word_1_406' title='bbox 1559 5025 1675 5078; x_wconf 65' lang='lat' dir='ltr'><strong>quia</strong></span> <span class='ocrx_word' id='word_1_407' title='bbox 1703 5009 1802 5062; x_wconf 80' lang='lat' dir='ltr'><strong>Ita-</strong></span> 
     </span>
    </p>
   </div>
   <div class='ocr_carea' id='block_1_57' title="bbox 227 5099 1800 5169">
    <p class='ocr_par' dir='ltr' id='par_1_57' title="bbox 227 5099 1800 5169">
     <span class='ocr_line' id='line_1_57' title="bbox 227 5099 1800 5169; baseline 0.001 -14"><span class='ocrx_word' id='word_1_408' title='bbox 227 5103 326 5155; x_wconf 85' lang='lat' dir='ltr'><strong>bes</strong></span> <span class='ocrx_word' id='word_1_409' title='bbox 351 5102 418 5166; x_wconf 78' lang='grc'><strong>⁸³,</strong></span> <span class='ocrx_word' id='word_1_410' title='bbox 449 5110 577 5166; x_wconf 91' lang='lat' dir='ltr'><strong>etc.,</strong></span> <span class='ocrx_word' id='word_1_411' title='bbox 619 5103 762 5154; x_wconf 88' lang='lat' dir='ltr'><strong>sicut</strong></span> <span class='ocrx_word' id='word_1_412' title='bbox 797 5100 1156 5169; x_wconf 91' lang='lat' dir='ltr'><strong>impossibile,</strong></span> <span class='ocrx_word' id='word_1_413' title='bbox 1200 5099 1551 5169; x_wconf 87' lang='lat' dir='ltr'><strong>perfectionis</strong></span> <span class='ocrx_word' id='word_1_414' title='bbox 1575 5103 1800 5157; x_wconf 89' lang='lat' dir='ltr'><strong>verbum</strong></span> 
     </span>
    </p>
   </div>
   <div class='ocr_carea' id='block_1_58' title="bbox 225 5190 1802 5262">
    <p class='ocr_par' dir='ltr' id='par_1_58' title="bbox 225 5190 1802 5262">
     <span class='ocr_line' id='line_1_58' title="bbox 225 5190 1802 5262; baseline -0.001 -15"><span class='ocrx_word' id='word_1_415' title='bbox 225 5193 544 5247; x_wconf 82' lang='lat' dir='ltr'><strong>subsannat</strong></span> <span class='ocrx_word' id='word_1_416' title='bbox 571 5209 584 5244; x_wconf 88' lang='lat'><strong>:</strong></span> <span class='ocrx_word' id='word_1_417' title='bbox 620 5199 706 5255; x_wconf 90' lang='lat' dir='ltr'><strong>et,</strong></span> <span class='ocrx_word' id='word_1_418' title='bbox 741 5190 787 5243; x_wconf 93' lang='lat' dir='ltr'><strong>si</strong></span> <span class='ocrx_word' id='word_1_419' title='bbox 808 5205 999 5244; x_wconf 92' lang='lat' dir='ltr'><strong>omnes</strong></span> <span class='ocrx_word' id='word_1_420' title='bbox 1025 5190 1292 5257; x_wconf 89' lang='lat' dir='ltr'><strong>vendant,</strong></span> <span class='ocrx_word' id='word_1_421' title='bbox 1323 5192 1397 5244; x_wconf 87' lang='lat' dir='ltr'><strong>ait</strong></span> <span class='ocrx_word' id='word_1_422' title='bbox 1419 5231 1434 5252; x_wconf 87' lang='lat'><strong>.</strong></span> <span class='ocrx_word' id='word_1_423' title='bbox 1458 5195 1582 5262; x_wconf 88' lang='lat' dir='ltr'><strong>quis</strong></span> <span class='ocrx_word' id='word_1_424' title='bbox 1615 5194 1802 5247; x_wconf 87' lang='lat' dir='ltr'><strong>emet?</strong></span> 
     </span>
    </p>
   </div>
   <div class='ocr_carea' id='block_1_59' title="bbox 227 5283 1805 5355">
    <p class='ocr_par' dir='ltr' id='par_1_59' title="bbox 227 5283 1805 5355">
     <span class='ocr_line' id='line_1_59' title="bbox 227 5283 1805 5355; baseline 0.001 -14"><span class='ocrx_word' id='word_1_425' title='bbox 227 5288 307 5341; x_wconf 76' lang='lat' dir='ltr'><strong>Et</strong></span> <span class='ocrx_word' id='word_1_426' title='bbox 327 5286 576 5349; x_wconf 90' lang='lat' dir='ltr'><strong>audiens,</strong></span> <span class='ocrx_word' id='word_1_427' title='bbox 599 5283 779 5339; x_wconf 80' lang='lat' dir='ltr'><strong>Nolite</strong></span> <span class='ocrx_word' id='word_1_428' title='bbox 807 5287 1036 5355; x_wconf 88' lang='lat' dir='ltr'><strong>cogitare</strong></span> <span class='ocrx_word' id='word_1_429' title='bbox 1057 5285 1119 5339; x_wconf 87' lang='lat' dir='ltr'><strong>de</strong></span> <span class='ocrx_word' id='word_1_430' title='bbox 1142 5287 1458 5349; x_wconf 74' lang='lat' dir='ltr'><strong>crastino“,</strong></span> <span class='ocrx_word' id='word_1_431' title='bbox 1483 5303 1590 5340; x_wconf 89' lang='lat' dir='ltr'><strong>non</strong></span> <span class='ocrx_word' id='word_1_432' title='bbox 1615 5289 1805 5350; x_wconf 88' lang='lat' dir='ltr'><strong>credit.</strong></span> 
     </span>
    </p>
   </div>
   <div class='ocr_carea' id='block_1_60' title="bbox 227 5377 1805 5447">
    <p class='ocr_par' dir='ltr' id='par_1_60' title="bbox 227 5377 1805 5447">
     <span class='ocr_line' id='line_1_60' title="bbox 227 5377 1805 5447; baseline 0.001 -15"><span class='ocrx_word' id='word_1_433' title='bbox 227 5377 336 5432; x_wconf 78' lang='lat' dir='ltr'><strong>sed</strong></span> <span class='ocrx_word' id='word_1_434' title='bbox 366 5378 662 5432; x_wconf 81' lang='lat' dir='ltr'><strong>voluntarie</strong></span> <span class='ocrx_word' id='word_1_435' title='bbox 692 5379 1014 5433; x_wconf 88' lang='lat' dir='ltr'><strong>contradicit</strong></span> <span class='ocrx_word' id='word_1_436' title='bbox 1037 5387 1092 5433; x_wconf 91' lang='lat' dir='ltr'><strong>et</strong></span> <span class='ocrx_word' id='word_1_437' title='bbox 1139 5378 1542 5447; x_wconf 67' lang='lat' dir='ltr'><strong>praevaricatur.</strong></span> <span class='ocrx_word' id='word_1_438' title='bbox 1587 5379 1643 5433; x_wconf 89' lang='lat' dir='ltr'><strong>Si</strong></span> <span class='ocrx_word' id='word_1_439' title='bbox 1678 5396 1805 5434; x_wconf 90' lang='lat' dir='ltr'><strong>vero</strong></span> 
     </span>
    </p>
   </div>
   <div class='ocr_carea' id='block_1_61' title="bbox 226 5471 1804 5540">
    <p class='ocr_par' dir='ltr' id='par_1_61' title="bbox 226 5471 1804 5540">
     <span class='ocr_line' id='line_1_61' title="bbox 226 5471 1804 5540; baseline 0.002 -15"><span class='ocrx_word' id='word_1_440' title='bbox 226 5471 599 5525; x_wconf 65' lang='lat' dir='ltr'><strong>contristetur</strong></span> <span class='ocrx_word' id='word_1_441' title='bbox 639 5473 690 5525; x_wconf 91' lang='lat' dir='ltr'><strong>in</strong></span> <span class='ocrx_word' id='word_1_442' title='bbox 717 5471 899 5540; x_wconf 88' lang='lat' dir='ltr'><strong>aliquo</strong></span> <span class='ocrx_word' id='word_1_443' title='bbox 932 5513 947 5536; x_wconf 92' lang='lat'><strong>,</strong></span> <span class='ocrx_word' id='word_1_444' title='bbox 1007 5482 1217 5540; x_wconf 86' lang='lat' dir='ltr'><strong>tempus</strong></span> <span class='ocrx_word' id='word_1_445' title='bbox 1267 5471 1492 5538; x_wconf 76' lang='lat' dir='ltr'><strong>justitia:</strong></span> <span class='ocrx_word' id='word_1_446' title='bbox 1531 5483 1644 5532; x_wconf 83' lang='lat' dir='ltr'><strong>est,</strong></span> <span class='ocrx_word' id='word_1_447' title='bbox 1700 5489 1804 5528; x_wconf 87' lang='lat' dir='ltr'><strong>non</strong></span> 
     </span>
    </p>
   </div>
   <div class='ocr_carea' id='block_1_62' title="bbox 313 5609 1416 5680">
    <p class='ocr_par' dir='ltr' id='par_1_62' title="bbox 313 5609 1416 5680">
     <span class='ocr_line' id='line_1_62' title="bbox 313 5609 1416 5680; baseline 0.005 -18"><span class='ocrx_word' id='word_1_448' title='bbox 313 5611 361 5642; x_wconf 79' lang='lat'><strong>&quot;</strong></span> <span class='ocrx_word' id='word_1_449' title='bbox 399 5609 596 5680; x_wconf 84' lang='lat' dir='ltr'><strong>Ephes.</strong></span> <span class='ocrx_word' id='word_1_450' title='bbox 649 5627 700 5674; x_wconf 89' lang='lat' dir='ltr'><strong>v,</strong></span> <span class='ocrx_word' id='word_1_451' title='bbox 730 5612 782 5666; x_wconf 82' lang='grc'><strong>5.</strong></span> <span class='ocrx_word' id='word_1_452' title='bbox 861 5613 906 5643; x_wconf 81' lang='grc'><strong>’³</strong></span> <span class='ocrx_word' id='word_1_453' title='bbox 960 5611 1149 5667; x_wconf 81' lang='lat' dir='ltr'><strong>Matth.</strong></span> <span class='ocrx_word' id='word_1_454' title='bbox 1179 5628 1290 5678; x_wconf 75' lang='lat' dir='ltr'><strong>xix,</strong></span> <span class='ocrx_word' id='word_1_455' title='bbox 1327 5612 1416 5668; x_wconf 72' lang='lat'><strong>2|.</strong></span> 
     </span>
    </p>
   </div>
   <div class='ocr_carea' id='block_1_63' title="bbox 316 5726 1806 5801">
    <p class='ocr_par' dir='ltr' id='par_1_63' title="bbox 316 5726 1806 5801">
     <span class='ocr_line' id='line_1_63' title="bbox 316 5726 1806 5801; baseline 0.005 -22"><span class='ocrx_word' id='word_1_456' title='bbox 316 5726 430 5801; x_wconf 53' lang='grc' dir='ltr'><strong>(ξφ)</strong></span> <span class='ocrx_word' id='word_1_457' title='bbox 456 5727 566 5801; x_wconf 57' lang='lat' dir='ltr'><strong>_:A,l_.</strong></span> <span class='ocrx_word' id='word_1_458' title='bbox 621 5745 712 5796; x_wconf 81' lang='lat' dir='ltr'><strong>per</strong></span> <span class='ocrx_word' id='word_1_459' title='bbox 733 5731 1080 5800; x_wconf 85' lang='lat' dir='ltr'><strong>ignorantiam</strong></span> <span class='ocrx_word' id='word_1_460' title='bbox 1106 5733 1413 5800; x_wconf 86' lang='lat' dir='ltr'><strong>pervertitur</strong></span> <span class='ocrx_word' id='word_1_461' title='bbox 1448 5743 1497 5785; x_wconf 88' lang='lat' dir='ltr'><strong>et</strong></span> <span class='ocrx_word' id='word_1_462' title='bbox 1541 5731 1806 5801; x_wconf 87' lang='lat' dir='ltr'><strong>plagatur.</strong></span> 
     </span>
    </p>
   </div>
   <div class='ocr_carea' id='block_1_64' title="bbox 316 5796 1804 5873">
    <p class='ocr_par' dir='ltr' id='par_1_64' title="bbox 316 5796 1804 5873">
     <span class='ocr_line' id='line_1_64' title="bbox 316 5796 1804 5873; baseline 0.005 -25"><span class='ocrx_word' id='word_1_463' title='bbox 316 5798 428 5862; x_wconf 66' lang='lat' dir='ltr'><strong>till</strong></span> <span class='ocrx_word' id='word_1_464' title='bbox 456 5796 638 5855; x_wconf 76' lang='lat' dir='ltr'><strong>Melius</strong></span> <span class='ocrx_word' id='word_1_465' title='bbox 678 5796 1132 5869; x_wconf 72' lang='lat' dir='ltr'><strong>peregrinantium,</strong></span> <span class='ocrx_word' id='word_1_466' title='bbox 1183 5812 1240 5858; x_wconf 92' lang='lat' dir='ltr'><strong>ut</strong></span> <span class='ocrx_word' id='word_1_467' title='bbox 1290 5802 1416 5871; x_wconf 80' lang='lat' dir='ltr'><strong>legit</strong></span> <span class='ocrx_word' id='word_1_468' title='bbox 1451 5796 1733 5873; x_wconf 66' lang='lat' dir='ltr'><strong>intérpi‘es.</strong></span> <span class='ocrx_word' id='word_1_469' title='bbox 1797 5829 1804 5834; x_wconf 95' lang='lat'><strong><em>-</em></strong></span> 
     </span>
    </p>
   </div>
   <div class='ocr_carea' id='block_1_65' title="bbox 1873 1077 2471 1144">
    <p class='ocr_par' dir='ltr' id='par_1_65' title="bbox 1873 1077 2471 1144">
     <span class='ocr_line' id='line_1_65' title="bbox 1873 1077 2471 1144; baseline 0.002 -16"><span class='ocrx_word' id='word_1_470' title='bbox 1873 1084 2133 1128; x_wconf 65' lang='lat' dir='ltr'><strong>aeternum</strong></span> <span class='ocrx_word' id='word_1_471' title='bbox 2167 1091 2290 1130; x_wconf 91' lang='lat' dir='ltr'><strong>cum</strong></span> <span class='ocrx_word' id='word_1_472' title='bbox 2333 1077 2471 1144; x_wconf 92' lang='lat' dir='ltr'><strong>ipso.</strong></span> 
     </span>
    </p>
   </div>
   <div class='ocr_carea' id='block_1_66' title="bbox 2222 1167 3090 1240">
    <p class='ocr_par' dir='ltr' id='par_1_66' title="bbox 2222 1167 3090 1240">
     <span class='ocr_line' id='line_1_66' title="bbox 2222 1167 3090 1240; baseline 0.003 -19"><span class='ocrx_word' id='word_1_473' title='bbox 2222 1169 2352 1222; x_wconf 69' lang='lat' dir='ltr'><strong>Car.</strong></span> <span class='ocrx_word' id='word_1_474' title='bbox 2383 1167 2510 1226; x_wconf 78' lang='lat' dir='ltr'><strong>XV.</strong></span> <span class='ocrx_word' id='word_1_475' title='bbox 2540 1199 2609 1208; x_wconf 94' lang='lat'><strong>-—</strong></span> <span class='ocrx_word' id='word_1_476' title='bbox 2640 1170 2720 1222; x_wconf 78' lang='lat' dir='ltr'><strong>Ad</strong></span> <span class='ocrx_word' id='word_1_477' title='bbox 2749 1169 2973 1240; x_wconf 85' lang='lat' dir='ltr'><strong>gradum</strong></span> <span class='ocrx_word' id='word_1_478' title='bbox 2997 1169 3090 1225; x_wconf 64' lang='lat' dir='ltr'><strong>Si.</strong></span> 
     </span>
    </p>
   </div>
   <div class='ocr_carea' id='block_1_67' title="bbox 1950 1259 3437 1332">
    <p class='ocr_par' dir='ltr' id='par_1_67' title="bbox 1950 1259 3437 1332">
     <span class='ocr_line' id='line_1_67' title="bbox 1950 1259 3437 1332; baseline 0.004 -19"><span class='ocrx_word' id='word_1_479' title='bbox 1950 1259 2071 1314; x_wconf 83' lang='lat' dir='ltr'><strong>Non</strong></span> <span class='ocrx_word' id='word_1_480' title='bbox 2121 1261 2273 1314; x_wconf 82' lang='lat' dir='ltr'><strong>illum</strong></span> <span class='ocrx_word' id='word_1_481' title='bbox 2327 1262 2514 1316; x_wconf 80' lang='lat' dir='ltr'><strong>audias</strong></span> <span class='ocrx_word' id='word_1_482' title='bbox 2541 1278 2658 1316; x_wconf 81' lang='lat' dir='ltr'><strong>cum</strong></span> <span class='ocrx_word' id='word_1_483' title='bbox 2685 1263 2801 1328; x_wconf 88' lang='lat' dir='ltr'><strong>tibi,</strong></span> <span class='ocrx_word' id='word_1_484' title='bbox 2841 1273 2896 1315; x_wconf 81' lang='lat' dir='ltr'><strong>ut</strong></span> <span class='ocrx_word' id='word_1_485' title='bbox 2921 1263 3302 1332; x_wconf 80' lang='lat' dir='ltr'><strong>episcopatum,</strong></span> <span class='ocrx_word' id='word_1_486' title='bbox 3331 1273 3437 1319; x_wconf 89' lang='lat' dir='ltr'><strong>etc.</strong></span> 
     </span>
    </p>
   </div>
   <div class='ocr_carea' id='block_1_68' title="bbox 1882 1354 3440 1428">
    <p class='ocr_par' dir='ltr' id='par_1_68' title="bbox 1882 1354 3440 1428">
     <span class='ocr_line' id='line_1_68' title="bbox 1882 1354 3440 1428; baseline 0.003 -21"><span class='ocrx_word' id='word_1_487' title='bbox 1882 1354 2023 1409; x_wconf 86' lang='lat' dir='ltr'><strong>Sane</strong></span> <span class='ocrx_word' id='word_1_488' title='bbox 2055 1355 2235 1410; x_wconf 90' lang='lat' dir='ltr'><strong>cordis</strong></span> <span class='ocrx_word' id='word_1_489' title='bbox 2256 1355 2580 1411; x_wconf 85' lang='lat' dir='ltr'><strong>confidentia</strong></span> <span class='ocrx_word' id='word_1_490' title='bbox 2609 1363 2663 1410; x_wconf 92' lang='lat' dir='ltr'><strong>et</strong></span> <span class='ocrx_word' id='word_1_491' title='bbox 2680 1357 3038 1426; x_wconf 88' lang='lat' dir='ltr'><strong>periculorum</strong></span> <span class='ocrx_word' id='word_1_492' title='bbox 3075 1367 3440 1428; x_wconf 86' lang='lat' dir='ltr'><strong>contemptus,</strong></span> 
     </span>
    </p>
   </div>
   <div class='ocr_carea' id='block_1_69' title="bbox 1880 1448 3440 1519">
    <p class='ocr_par' dir='ltr' id='par_1_69' title="bbox 1880 1448 3440 1519">
     <span class='ocr_line' id='line_1_69' title="bbox 1880 1448 3440 1519; baseline 0.001 -17"><span class='ocrx_word' id='word_1_493' title='bbox 1880 1448 1948 1502; x_wconf 89' lang='lat' dir='ltr'><strong>ah</strong></span> <span class='ocrx_word' id='word_1_494' title='bbox 2005 1463 2114 1502; x_wconf 92' lang='lat' dir='ltr'><strong>uno</strong></span> <span class='ocrx_word' id='word_1_495' title='bbox 2143 1448 2371 1503; x_wconf 90' lang='lat' dir='ltr'><strong>istorum</strong></span> <span class='ocrx_word' id='word_1_496' title='bbox 2403 1449 2636 1503; x_wconf 89' lang='lat' dir='ltr'><strong>duorum</strong></span> <span class='ocrx_word' id='word_1_497' title='bbox 2679 1448 2896 1519; x_wconf 89' lang='lat' dir='ltr'><strong>penitus</strong></span> <span class='ocrx_word' id='word_1_498' title='bbox 2923 1459 3042 1504; x_wconf 85' lang='lat' dir='ltr'><strong>est:</strong></span> <span class='ocrx_word' id='word_1_499' title='bbox 3075 1459 3169 1503; x_wconf 88' lang='lat' dir='ltr'><strong>aut</strong></span> <span class='ocrx_word' id='word_1_500' title='bbox 3194 1465 3260 1506; x_wconf 81' lang='lat' dir='ltr'><strong>ex</strong></span> <span class='ocrx_word' id='word_1_501' title='bbox 3289 1450 3440 1504; x_wconf 90' lang='lat' dir='ltr'><strong>duri-</strong></span> 
     </span>
    </p>
   </div>
   <div class='ocr_carea' id='block_1_70' title="bbox 1885 1541 3442 1604">
    <p class='ocr_par' dir='ltr' id='par_1_70' title="bbox 1885 1541 3442 1604">
     <span class='ocr_line' id='line_1_70' title="bbox 1885 1541 3442 1604; baseline 0 -8"><span class='ocrx_word' id='word_1_502' title='bbox 1885 1541 1956 1596; x_wconf 89' lang='lat' dir='ltr'><strong>tia</strong></span> <span class='ocrx_word' id='word_1_503' title='bbox 1987 1542 2187 1604; x_wconf 86' lang='lat' dir='ltr'><strong>cordis,</strong></span> <span class='ocrx_word' id='word_1_504' title='bbox 2213 1551 2308 1596; x_wconf 92' lang='lat' dir='ltr'><strong>aut</strong></span> <span class='ocrx_word' id='word_1_505' title='bbox 2334 1558 2396 1596; x_wconf 84' lang='lat' dir='ltr'><strong>ex</strong></span> <span class='ocrx_word' id='word_1_506' title='bbox 2430 1542 2597 1596; x_wconf 89' lang='lat' dir='ltr'><strong>multa</strong></span> <span class='ocrx_word' id='word_1_507' title='bbox 2623 1543 2724 1597; x_wconf 89' lang='lat' dir='ltr'><strong>fide</strong></span> <span class='ocrx_word' id='word_1_508' title='bbox 2749 1543 2812 1597; x_wconf 89' lang='lat' dir='ltr'><strong>ad</strong></span> <span class='ocrx_word' id='word_1_509' title='bbox 2836 1541 3026 1597; x_wconf 85' lang='lat' dir='ltr'><strong>Deum.</strong></span> <span class='ocrx_word' id='word_1_510' title='bbox 3052 1541 3157 1596; x_wconf 88' lang='lat' dir='ltr'><strong>Sed</strong></span> <span class='ocrx_word' id='word_1_511' title='bbox 3186 1544 3442 1598; x_wconf 89' lang='lat' dir='ltr'><strong>duritiam</strong></span> 
     </span>
    </p>
   </div>
   <div class='ocr_carea' id='block_1_71' title="bbox 1880 1635 3443 1704">
    <p class='ocr_par' dir='ltr' id='par_1_71' title="bbox 1880 1635 3443 1704">
     <span class='ocr_line' id='line_1_71' title="bbox 1880 1635 3443 1704; baseline -0.001 -14"><span class='ocrx_word' id='word_1_512' title='bbox 1880 1645 2028 1690; x_wconf 89' lang='lat' dir='ltr'><strong>certe</strong></span> <span class='ocrx_word' id='word_1_513' title='bbox 2084 1635 2330 1704; x_wconf 83' lang='lat' dir='ltr'><strong>sequitur</strong></span> <span class='ocrx_word' id='word_1_514' title='bbox 2381 1635 2654 1703; x_wconf 89' lang='lat' dir='ltr'><strong>superbia,</strong></span> <span class='ocrx_word' id='word_1_515' title='bbox 2689 1637 2994 1704; x_wconf 86' lang='lat' dir='ltr'><strong>superbiam</strong></span> <span class='ocrx_word' id='word_1_516' title='bbox 3029 1635 3187 1689; x_wconf 90' lang='lat' dir='ltr'><strong>ruina</strong></span> <span class='ocrx_word' id='word_1_517' title='bbox 3225 1654 3241 1702; x_wconf 91' lang='lat'><strong>;</strong></span> <span class='ocrx_word' id='word_1_518' title='bbox 3285 1636 3443 1691; x_wconf 88' lang='lat' dir='ltr'><strong>fidem</strong></span> 
     </span>
    </p>
   </div>
   <div class='ocr_carea' id='block_1_72' title="bbox 1883 1725 3442 1798">
    <p class='ocr_par' dir='ltr' id='par_1_72' title="bbox 1883 1725 3442 1798">
     <span class='ocr_line' id='line_1_72' title="bbox 1883 1725 3442 1798; baseline 0.001 -18"><span class='ocrx_word' id='word_1_519' title='bbox 1883 1743 2008 1782; x_wconf 82' lang='lat' dir='ltr'><strong>vero</strong></span> <span class='ocrx_word' id='word_1_520' title='bbox 2037 1729 2284 1797; x_wconf 90' lang='lat' dir='ltr'><strong>sequitur</strong></span> <span class='ocrx_word' id='word_1_521' title='bbox 2311 1726 2493 1781; x_wconf 88' lang='lat' dir='ltr'><strong>cordis</strong></span> <span class='ocrx_word' id='word_1_522' title='bbox 2516 1727 2808 1782; x_wconf 82' lang='lat' dir='ltr'><strong>humilitas.</strong></span> <span class='ocrx_word' id='word_1_523' title='bbox 2830 1725 2895 1780; x_wconf 87' lang='lat' dir='ltr'><strong>Et</strong></span> <span class='ocrx_word' id='word_1_524' title='bbox 2923 1727 3242 1783; x_wconf 83' lang='lat' dir='ltr'><strong>humilitatis</strong></span> <span class='ocrx_word' id='word_1_525' title='bbox 3271 1729 3442 1798; x_wconf 84' lang='lat' dir='ltr'><strong>signa,</strong></span> 
     </span>
    </p>
   </div>
   <div class='ocr_carea' id='block_1_73' title="bbox 1886 1819 3448 1892">
    <p class='ocr_par' dir='ltr' id='par_1_73' title="bbox 1886 1819 3448 1892">
     <span class='ocr_line' id='line_1_73' title="bbox 1886 1819 3448 1892; baseline 0.001 -20"><span class='ocrx_word' id='word_1_526' title='bbox 1886 1819 2085 1873; x_wconf 86' lang='lat' dir='ltr'><strong>humile</strong></span> <span class='ocrx_word' id='word_1_527' title='bbox 2133 1828 2188 1874; x_wconf 90' lang='lat' dir='ltr'><strong>et</strong></span> <span class='ocrx_word' id='word_1_528' title='bbox 2222 1828 2576 1889; x_wconf 88' lang='lat' dir='ltr'><strong>temperatum</strong></span> <span class='ocrx_word' id='word_1_529' title='bbox 2643 1837 2850 1890; x_wconf 86' lang='lat' dir='ltr'><strong>sapere,</strong></span> <span class='ocrx_word' id='word_1_530' title='bbox 2900 1831 2953 1876; x_wconf 91' lang='lat' dir='ltr'><strong>et</strong></span> <span class='ocrx_word' id='word_1_531' title='bbox 2983 1821 3302 1892; x_wconf 89' lang='lat' dir='ltr'><strong>simplicitas</strong></span> <span class='ocrx_word' id='word_1_532' title='bbox 3329 1837 3448 1875; x_wconf 92' lang='lat' dir='ltr'><strong>cor-</strong></span> 
     </span>
    </p>
   </div>
   <div class='ocr_carea' id='block_1_74' title="bbox 1883 1911 3446 1977">
    <p class='ocr_par' dir='ltr' id='par_1_74' title="bbox 1883 1911 3446 1977">
     <span class='ocr_line' id='line_1_74' title="bbox 1883 1911 3446 1977; baseline -0.001 -11"><span class='ocrx_word' id='word_1_533' title='bbox 1883 1913 1986 1967; x_wconf 92' lang='lat' dir='ltr'><strong>dis.</strong></span> <span class='ocrx_word' id='word_1_534' title='bbox 2038 1911 2188 1967; x_wconf 85' lang='lat' dir='ltr'><strong>Mens</strong></span> <span class='ocrx_word' id='word_1_535' title='bbox 2239 1919 2416 1966; x_wconf 91' lang='lat' dir='ltr'><strong>autem</strong></span> <span class='ocrx_word' id='word_1_536' title='bbox 2480 1911 2804 1977; x_wconf 89' lang='lat' dir='ltr'><strong>illuminata,</strong></span> <span class='ocrx_word' id='word_1_537' title='bbox 2836 1922 2889 1967; x_wconf 90' lang='lat' dir='ltr'><strong>et</strong></span> <span class='ocrx_word' id='word_1_538' title='bbox 2910 1914 3229 1969; x_wconf 91' lang='lat' dir='ltr'><strong>deliberatio</strong></span> <span class='ocrx_word' id='word_1_539' title='bbox 3258 1921 3446 1968; x_wconf 88' lang='lat' dir='ltr'><strong>sancta</strong></span> 
     </span>
    </p>
   </div>
   <div class='ocr_carea' id='block_1_75' title="bbox 1883 2004 3452 2074">
    <p class='ocr_par' dir='ltr' id='par_1_75' title="bbox 1883 2004 3452 2074">
     <span class='ocr_line' id='line_1_75' title="bbox 1883 2004 3452 2074; baseline -0.001 -13"><span class='ocrx_word' id='word_1_540' title='bbox 1883 2015 1938 2061; x_wconf 90' lang='lat' dir='ltr'><strong>ct</strong></span> <span class='ocrx_word' id='word_1_541' title='bbox 1971 2013 2136 2070; x_wconf 84' lang='lat' dir='ltr'><strong>recta,</strong></span> <span class='ocrx_word' id='word_1_542' title='bbox 2159 2020 2282 2059; x_wconf 93' lang='lat' dir='ltr'><strong>cum</strong></span> <span class='ocrx_word' id='word_1_543' title='bbox 2315 2004 2488 2074; x_wconf 84' lang='lat' dir='ltr'><strong>gratia</strong></span> <span class='ocrx_word' id='word_1_544' title='bbox 2511 2014 2564 2058; x_wconf 90' lang='lat' dir='ltr'><strong>ct</strong></span> <span class='ocrx_word' id='word_1_545' title='bbox 2595 2005 2740 2059; x_wconf 91' lang='lat' dir='ltr'><strong>dono</strong></span> <span class='ocrx_word' id='word_1_546' title='bbox 2786 2005 3153 2069; x_wconf 86' lang='lat' dir='ltr'><strong>discretionis,</strong></span> <span class='ocrx_word' id='word_1_547' title='bbox 3202 2006 3452 2062; x_wconf 77' lang='lat' dir='ltr'><strong>differen-</strong></span> 
     </span>
    </p>
   </div>
   <div class='ocr_carea' id='block_1_76' title="bbox 1887 2095 3450 2166">
    <p class='ocr_par' dir='ltr' id='par_1_76' title="bbox 1887 2095 3450 2166">
     <span class='ocr_line' id='line_1_76' title="bbox 1887 2095 3450 2166; baseline -0.002 -14"><span class='ocrx_word' id='word_1_548' title='bbox 1887 2097 1990 2152; x_wconf 89' lang='lat' dir='ltr'><strong>tias</strong></span> <span class='ocrx_word' id='word_1_549' title='bbox 2019 2096 2306 2166; x_wconf 86' lang='lat' dir='ltr'><strong>spirituum</strong></span> <span class='ocrx_word' id='word_1_550' title='bbox 2342 2109 2674 2164; x_wconf 75' lang='lat' dir='ltr'><strong>cognoscere</strong></span> <span class='ocrx_word' id='word_1_551' title='bbox 2708 2095 2914 2151; x_wconf 90' lang='lat' dir='ltr'><strong>faciunt</strong></span> <span class='ocrx_word' id='word_1_552' title='bbox 2948 2114 2963 2152; x_wconf 90' lang='lat'><strong>:</strong></span> <span class='ocrx_word' id='word_1_553' title='bbox 3004 2096 3123 2151; x_wconf 86' lang='lat' dir='ltr'><strong>sine</strong></span> <span class='ocrx_word' id='word_1_554' title='bbox 3161 2096 3280 2151; x_wconf 91' lang='lat' dir='ltr'><strong>istis</strong></span> <span class='ocrx_word' id='word_1_555' title='bbox 3320 2110 3450 2150; x_wconf 89' lang='lat' dir='ltr'><strong>vero</strong></span> 
     </span>
    </p>
   </div>
   <div class='ocr_carea' id='block_1_77' title="bbox 1885 2189 3452 2258">
    <p class='ocr_par' dir='ltr' id='par_1_77' title="bbox 1885 2189 3452 2258">
     <span class='ocr_line' id='line_1_77' title="bbox 1885 2189 3452 2258; baseline -0.001 -15"><span class='ocrx_word' id='word_1_556' title='bbox 1885 2189 2099 2244; x_wconf 90' lang='lat' dir='ltr'><strong>arundo</strong></span> <span class='ocrx_word' id='word_1_557' title='bbox 2166 2196 2326 2244; x_wconf 88' lang='lat' dir='ltr'><strong>vento</strong></span> <span class='ocrx_word' id='word_1_558' title='bbox 2373 2189 2573 2257; x_wconf 85' lang='lat' dir='ltr'><strong>agitata</strong></span> <span class='ocrx_word' id='word_1_559' title='bbox 2630 2189 3004 2258; x_wconf 90' lang='lat' dir='ltr'><strong>unusquisque</strong></span> <span class='ocrx_word' id='word_1_560' title='bbox 3034 2189 3324 2258; x_wconf 90' lang='lat' dir='ltr'><strong>reperitur,</strong></span> <span class='ocrx_word' id='word_1_561' title='bbox 3353 2203 3452 2242; x_wconf 91' lang='lat' dir='ltr'><strong>nec</strong></span> 
     </span>
    </p>
   </div>
   <div class='ocr_carea' id='block_1_78' title="bbox 1887 2278 3449 2348">
    <p class='ocr_par' dir='ltr' id='par_1_78' title="bbox 1887 2278 3449 2348">
     <span class='ocr_line' id='line_1_78' title="bbox 1887 2278 3449 2348; baseline -0.001 -15"><span class='ocrx_word' id='word_1_562' title='bbox 1887 2279 2005 2335; x_wconf 80' lang='lat' dir='ltr'><strong>sine</strong></span> <span class='ocrx_word' id='word_1_563' title='bbox 2047 2279 2186 2335; x_wconf 87' lang='lat' dir='ltr'><strong>duce</strong></span> <span class='ocrx_word' id='word_1_564' title='bbox 2227 2287 2282 2334; x_wconf 92' lang='lat' dir='ltr'><strong>et</strong></span> <span class='ocrx_word' id='word_1_565' title='bbox 2335 2278 2577 2348; x_wconf 85' lang='lat' dir='ltr'><strong>ejusdem</strong></span> <span class='ocrx_word' id='word_1_566' title='bbox 2627 2279 2864 2348; x_wconf 88' lang='lat' dir='ltr'><strong>perfecta</strong></span> <span class='ocrx_word' id='word_1_567' title='bbox 2919 2279 3224 2334; x_wconf 90' lang='lat' dir='ltr'><strong>obedientia</strong></span> <span class='ocrx_word' id='word_1_568' title='bbox 3266 2279 3391 2348; x_wconf 88' lang='lat' dir='ltr'><strong>quis</strong></span> <span class='ocrx_word' id='word_1_569' title='bbox 3420 2293 3449 2332; x_wconf 83' lang='lat' dir='ltr'><strong>a</strong></span> 
     </span>
    </p>
   </div>
   <div class='ocr_carea' id='block_1_79' title="bbox 1887 2371 3455 2441">
    <p class='ocr_par' dir='ltr' id='par_1_79' title="bbox 1887 2371 3455 2441">
     <span class='ocr_line' id='line_1_79' title="bbox 1887 2371 3455 2441; baseline -0.001 -14"><span class='ocrx_word' id='word_1_570' title='bbox 1887 2374 2193 2428; x_wconf 74' lang='lat' dir='ltr'><strong>daemonum</strong></span> <span class='ocrx_word' id='word_1_571' title='bbox 2226 2373 2570 2428; x_wconf 91' lang='lat' dir='ltr'><strong>illnsionibns</strong></span> <span class='ocrx_word' id='word_1_572' title='bbox 2620 2383 2673 2426; x_wconf 91' lang='lat' dir='ltr'><strong>et</strong></span> <span class='ocrx_word' id='word_1_573' title='bbox 2706 2371 2920 2428; x_wconf 87' lang='lat' dir='ltr'><strong>insidiis</strong></span> <span class='ocrx_word' id='word_1_574' title='bbox 2949 2371 3086 2427; x_wconf 89' lang='lat' dir='ltr'><strong>liber</strong></span> <span class='ocrx_word' id='word_1_575' title='bbox 3111 2373 3233 2426; x_wconf 92' lang='lat' dir='ltr'><strong>erit.</strong></span> <span class='ocrx_word' id='word_1_576' title='bbox 3287 2371 3455 2441; x_wconf 82' lang='lat' dir='ltr'><strong>Atque</strong></span> 
     </span>
    </p>
   </div>
   <div class='ocr_carea' id='block_1_80' title="bbox 1888 2463 3456 2536">
    <p class='ocr_par' dir='ltr' id='par_1_80' title="bbox 1888 2463 3456 2536">
     <span class='ocr_line' id='line_1_80' title="bbox 1888 2463 3456 2536; baseline -0.004 -15"><span class='ocrx_word' id='word_1_577' title='bbox 1888 2468 1957 2521; x_wconf 90' lang='lat' dir='ltr'><strong>ad</strong></span> <span class='ocrx_word' id='word_1_578' title='bbox 2018 2484 2204 2521; x_wconf 83' lang='lat' dir='ltr'><strong>manus</strong></span> <span class='ocrx_word' id='word_1_579' title='bbox 2256 2467 2665 2536; x_wconf 64' lang='lat' dir='ltr'><strong>perveniendum</strong></span> <span class='ocrx_word' id='word_1_580' title='bbox 2725 2467 2791 2532; x_wconf 78' lang='lat'><strong>“,</strong></span> <span class='ocrx_word' id='word_1_581' title='bbox 2852 2475 2957 2521; x_wconf 86' lang='lat' dir='ltr'><strong>etc.</strong></span> <span class='ocrx_word' id='word_1_582' title='bbox 3020 2464 3250 2520; x_wconf 86' lang='lat' dir='ltr'><strong>Attende</strong></span> <span class='ocrx_word' id='word_1_583' title='bbox 3275 2463 3456 2524; x_wconf 86' lang='lat' dir='ltr'><strong>tibi.o</strong></span> 
     </span>
    </p>
   </div>
   <div class='ocr_carea' id='block_1_81' title="bbox 1888 2555 3455 2630">
    <p class='ocr_par' dir='ltr' id='par_1_81' title="bbox 1888 2555 3455 2630">
     <span class='ocr_line' id='line_1_81' title="bbox 1888 2555 3455 2630; baseline -0.003 -16"><span class='ocrx_word' id='word_1_584' title='bbox 1888 2569 1945 2615; x_wconf 90' lang='lat' dir='ltr'><strong>tu</strong></span> <span class='ocrx_word' id='word_1_585' title='bbox 1977 2560 2070 2630; x_wconf 89' lang='lat' dir='ltr'><strong>qui</strong></span> <span class='ocrx_word' id='word_1_586' title='bbox 2098 2559 2492 2629; x_wconf 78' lang='lat' dir='ltr'><strong>eleetnosynam</strong></span> <span class='ocrx_word' id='word_1_587' title='bbox 2522 2559 2775 2627; x_wconf 82' lang='lat' dir='ltr'><strong>suscipis,</strong></span> <span class='ocrx_word' id='word_1_588' title='bbox 2811 2567 2872 2612; x_wconf 92' lang='lat' dir='ltr'><strong>ut</strong></span> <span class='ocrx_word' id='word_1_589' title='bbox 2897 2557 3048 2612; x_wconf 92' lang='lat' dir='ltr'><strong>nullo</strong></span> <span class='ocrx_word' id='word_1_590' title='bbox 3097 2556 3258 2611; x_wconf 89' lang='lat' dir='ltr'><strong>modo</strong></span> <span class='ocrx_word' id='word_1_591' title='bbox 3301 2555 3455 2610; x_wconf 91' lang='lat' dir='ltr'><strong>reci—</strong></span> 
     </span>
    </p>
   </div>
   <div class='ocr_carea' id='block_1_82' title="bbox 1890 2647 3458 2720">
    <p class='ocr_par' dir='ltr' id='par_1_82' title="bbox 1890 2647 3458 2720">
     <span class='ocr_line' id='line_1_82' title="bbox 1890 2647 3458 2720; baseline -0.001 -16"><span class='ocrx_word' id='word_1_592' title='bbox 1890 2651 2030 2720; x_wconf 89' lang='lat' dir='ltr'><strong>pias,</strong></span> <span class='ocrx_word' id='word_1_593' title='bbox 2077 2650 2184 2704; x_wconf 89' lang='lat' dir='ltr'><strong>nisi</strong></span> <span class='ocrx_word' id='word_1_594' title='bbox 2230 2665 2292 2704; x_wconf 89' lang='lat' dir='ltr'><strong>ea</strong></span> <span class='ocrx_word' id='word_1_595' title='bbox 2338 2665 2461 2719; x_wconf 68' lang='lat' dir='ltr'><strong>qua:</strong></span> <span class='ocrx_word' id='word_1_596' title='bbox 2516 2649 2679 2702; x_wconf 90' lang='lat' dir='ltr'><strong>mittit</strong></span> <span class='ocrx_word' id='word_1_597' title='bbox 2702 2648 2796 2703; x_wconf 89' lang='lat' dir='ltr'><strong>tibi</strong></span> <span class='ocrx_word' id='word_1_598' title='bbox 2825 2648 2962 2704; x_wconf 89' lang='lat' dir='ltr'><strong>Deus</strong></span> <span class='ocrx_word' id='word_1_599' title='bbox 2999 2663 3064 2703; x_wconf 80' lang='lat' dir='ltr'><strong>ex</strong></span> <span class='ocrx_word' id='word_1_600' title='bbox 3095 2647 3371 2703; x_wconf 89' lang='lat' dir='ltr'><strong>laboribus</strong></span> <span class='ocrx_word' id='word_1_601' title='bbox 3401 2658 3458 2703; x_wconf 88' lang='lat' dir='ltr'><strong>et</strong></span> 
     </span>
    </p>
   </div>
   <div class='ocr_carea' id='block_1_83' title="bbox 1894 2739 3456 2811">
    <p class='ocr_par' dir='ltr' id='par_1_83' title="bbox 1894 2739 3456 2811">
     <span class='ocr_line' id='line_1_83' title="bbox 1894 2739 3456 2811; baseline -0.004 -14"><span class='ocrx_word' id='word_1_602' title='bbox 1894 2741 2160 2798; x_wconf 81' lang='lat' dir='ltr'><strong>fructibus</strong></span> <span class='ocrx_word' id='word_1_603' title='bbox 2211 2741 2376 2811; x_wconf 88' lang='lat' dir='ltr'><strong>justis</strong></span> <span class='ocrx_word' id='word_1_604' title='bbox 2424 2757 2439 2794; x_wconf 89' lang='lat'><strong>:</strong></span> <span class='ocrx_word' id='word_1_605' title='bbox 2477 2748 2531 2795; x_wconf 90' lang='lat' dir='ltr'><strong>et</strong></span> <span class='ocrx_word' id='word_1_606' title='bbox 2571 2739 2694 2806; x_wconf 84' lang='lat' dir='ltr'><strong>hoc,</strong></span> <span class='ocrx_word' id='word_1_607' title='bbox 2741 2755 2864 2795; x_wconf 91' lang='lat' dir='ltr'><strong>cum</strong></span> <span class='ocrx_word' id='word_1_608' title='bbox 2899 2739 3092 2793; x_wconf 90' lang='lat' dir='ltr'><strong>timore</strong></span> <span class='ocrx_word' id='word_1_609' title='bbox 3120 2747 3175 2792; x_wconf 93' lang='lat' dir='ltr'><strong>et</strong></span> <span class='ocrx_word' id='word_1_610' title='bbox 3200 2745 3456 2802; x_wconf 90' lang='lat' dir='ltr'><strong>tremore,</strong></span> 
     </span>
    </p>
   </div>
   <div class='ocr_carea' id='block_1_84' title="bbox 1892 2830 3458 2902">
    <p class='ocr_par' dir='ltr' id='par_1_84' title="bbox 1892 2830 3458 2902">
     <span class='ocr_line' id='line_1_84' title="bbox 1892 2830 3458 2902; baseline -0.004 -14"><span class='ocrx_word' id='word_1_611' title='bbox 1892 2844 2152 2902; x_wconf 90' lang='lat' dir='ltr'><strong>tanquam</strong></span> <span class='ocrx_word' id='word_1_612' title='bbox 2185 2833 2252 2888; x_wconf 89' lang='lat' dir='ltr'><strong>de</strong></span> <span class='ocrx_word' id='word_1_613' title='bbox 2276 2848 2439 2887; x_wconf 91' lang='lat' dir='ltr'><strong>manu</strong></span> <span class='ocrx_word' id='word_1_614' title='bbox 2477 2830 2590 2898; x_wconf 91' lang='lat' dir='ltr'><strong>Dei,</strong></span> <span class='ocrx_word' id='word_1_615' title='bbox 2615 2831 2682 2885; x_wconf 92' lang='lat' dir='ltr'><strong>ad</strong></span> <span class='ocrx_word' id='word_1_616' title='bbox 2720 2839 3017 2886; x_wconf 84' lang='lat' dir='ltr'><strong>extremam</strong></span> <span class='ocrx_word' id='word_1_617' title='bbox 3061 2839 3209 2883; x_wconf 89' lang='lat' dir='ltr'><strong>tuam</strong></span> <span class='ocrx_word' id='word_1_618' title='bbox 3269 2842 3458 2882; x_wconf 86' lang='lat' dir='ltr'><strong>neces-</strong></span> 
     </span>
    </p>
   </div>
   <div class='ocr_carea' id='block_1_85' title="bbox 1893 2919 3463 2991">
    <p class='ocr_par' dir='ltr' id='par_1_85' title="bbox 1893 2919 3463 2991">
     <span class='ocr_line' id='line_1_85' title="bbox 1893 2919 3463 2991; baseline -0.006 -8"><span class='ocrx_word' id='word_1_619' title='bbox 1893 2927 2126 2984; x_wconf 90' lang='lat' dir='ltr'><strong>sitatem.</strong></span> <span class='ocrx_word' id='word_1_620' title='bbox 2192 2923 2324 2991; x_wconf 74' lang='lat' dir='ltr'><strong>Quae</strong></span> <span class='ocrx_word' id='word_1_621' title='bbox 2352 2932 2537 2978; x_wconf 87' lang='lat' dir='ltr'><strong>autem</strong></span> <span class='ocrx_word' id='word_1_622' title='bbox 2569 2932 2697 2979; x_wconf 90' lang='lat' dir='ltr'><strong>sunt</strong></span> <span class='ocrx_word' id='word_1_623' title='bbox 2727 2938 2792 2978; x_wconf 81' lang='lat' dir='ltr'><strong>ex</strong></span> <span class='ocrx_word' id='word_1_624' title='bbox 2825 2921 3033 2987; x_wconf 89' lang='lat' dir='ltr'><strong>usuris,</strong></span> <span class='ocrx_word' id='word_1_625' title='bbox 3068 2928 3123 2974; x_wconf 86' lang='lat' dir='ltr'><strong>et</strong></span> <span class='ocrx_word' id='word_1_626' title='bbox 3151 2919 3367 2990; x_wconf 90' lang='lat' dir='ltr'><strong>pugnis,</strong></span> <span class='ocrx_word' id='word_1_627' title='bbox 3407 2928 3463 2974; x_wconf 92' lang='lat' dir='ltr'><strong>et</strong></span> 
     </span>
    </p>
   </div>
   <div class='ocr_carea' id='block_1_86' title="bbox 1892 3009 3456 3084">
    <p class='ocr_par' dir='ltr' id='par_1_86' title="bbox 1892 3009 3456 3084">
     <span class='ocr_line' id='line_1_86' title="bbox 1892 3009 3456 3084; baseline -0.006 -13"><span class='ocrx_word' id='word_1_628' title='bbox 1892 3015 2176 3084; x_wconf 76' lang='lat' dir='ltr'><strong>iniustitia,</strong></span> <span class='ocrx_word' id='word_1_629' title='bbox 2205 3013 2413 3078; x_wconf 87' lang='lat' dir='ltr'><strong>fraude,</strong></span> <span class='ocrx_word' id='word_1_630' title='bbox 2436 3021 2488 3066; x_wconf 91' lang='lat' dir='ltr'><strong>et</strong></span> <span class='ocrx_word' id='word_1_631' title='bbox 2513 3012 2723 3082; x_wconf 90' lang='lat' dir='ltr'><strong>rapina,</strong></span> <span class='ocrx_word' id='word_1_632' title='bbox 2749 3022 2803 3066; x_wconf 86' lang='lat' dir='ltr'><strong>et</strong></span> <span class='ocrx_word' id='word_1_633' title='bbox 2828 3009 3110 3081; x_wconf 73' lang='lat' dir='ltr'><strong>tyrannide</strong></span> <span class='ocrx_word' id='word_1_634' title='bbox 3133 3009 3228 3064; x_wconf 89' lang='lat' dir='ltr'><strong>tibi</strong></span> <span class='ocrx_word' id='word_1_635' title='bbox 3253 3009 3456 3075; x_wconf 87' lang='lat' dir='ltr'><strong>oblata,</strong></span> 
     </span>
    </p>
   </div>
   <div class='ocr_carea' id='block_1_87' title="bbox 1895 3101 3462 3177">
    <p class='ocr_par' dir='ltr' id='par_1_87' title="bbox 1895 3101 3462 3177">
     <span class='ocr_line' id='line_1_87' title="bbox 1895 3101 3462 3177; baseline -0.005 -16"><span class='ocrx_word' id='word_1_636' title='bbox 1895 3107 2111 3177; x_wconf 88' lang='lat' dir='ltr'><strong>penitus</strong></span> <span class='ocrx_word' id='word_1_637' title='bbox 2145 3106 2344 3171; x_wconf 89' lang='lat' dir='ltr'><strong>devita,</strong></span> <span class='ocrx_word' id='word_1_638' title='bbox 2385 3120 2453 3158; x_wconf 91' lang='lat' dir='ltr'><strong>ne</strong></span> <span class='ocrx_word' id='word_1_639' title='bbox 2485 3113 2538 3158; x_wconf 89' lang='lat' dir='ltr'><strong>et</strong></span> <span class='ocrx_word' id='word_1_640' title='bbox 2569 3113 2621 3157; x_wconf 94' lang='lat' dir='ltr'><strong>tu</strong></span> <span class='ocrx_word' id='word_1_641' title='bbox 2665 3118 2789 3159; x_wconf 91' lang='lat' dir='ltr'><strong>cum</strong></span> <span class='ocrx_word' id='word_1_642' title='bbox 2832 3101 3184 3156; x_wconf 80' lang='lat' dir='ltr'><strong>oﬂ‘erentibus</strong></span> <span class='ocrx_word' id='word_1_643' title='bbox 3234 3102 3462 3154; x_wconf 90' lang='lat' dir='ltr'><strong>damne-</strong></span> 
     </span>
    </p>
   </div>
   <div class='ocr_carea' id='block_1_88' title="bbox 1819 3191 3462 3265">
    <p class='ocr_par' dir='ltr' id='par_1_88' title="bbox 1819 3191 3462 3265">
     <span class='ocr_line' id='line_1_88' title="bbox 1819 3191 3462 3265; baseline -0.005 -13"><span class='ocrx_word' id='word_1_644' title='bbox 1819 3203 1866 3265; x_wconf 76' lang='grc' dir='ltr'>ο</span> <span class='ocrx_word' id='word_1_645' title='bbox 1897 3197 2013 3252; x_wconf 91' lang='lat' dir='ltr'><strong>ris:</strong></span> <span class='ocrx_word' id='word_1_646' title='bbox 2045 3206 2099 3253; x_wconf 88' lang='lat' dir='ltr'><strong>et</strong></span> <span class='ocrx_word' id='word_1_647' title='bbox 2131 3204 2405 3251; x_wconf 90' lang='lat' dir='ltr'><strong>memento</strong></span> <span class='ocrx_word' id='word_1_648' title='bbox 2438 3195 2664 3260; x_wconf 87' lang='lat' dir='ltr'><strong>laboris,</strong></span> <span class='ocrx_word' id='word_1_649' title='bbox 2689 3202 2744 3248; x_wconf 90' lang='lat' dir='ltr'><strong>et</strong></span> <span class='ocrx_word' id='word_1_650' title='bbox 2763 3192 3090 3259; x_wconf 77' lang='lat' dir='ltr'><strong>afﬂictionis,</strong></span> <span class='ocrx_word' id='word_1_651' title='bbox 3111 3202 3165 3247; x_wconf 87' lang='lat' dir='ltr'><strong>et</strong></span> <span class='ocrx_word' id='word_1_652' title='bbox 3197 3191 3462 3262; x_wconf 80' lang='lat' dir='ltr'><strong>regularis</strong></span> 
     </span>
    </p>
   </div>
   <div class='ocr_carea' id='block_1_89' title="bbox 1891 3284 3464 3361">
    <p class='ocr_par' dir='ltr' id='par_1_89' title="bbox 1891 3284 3464 3361">
     <span class='ocr_line' id='line_1_89' title="bbox 1891 3284 3464 3361; baseline -0.006 -15"><span class='ocrx_word' id='word_1_653' title='bbox 1891 3291 2117 3361; x_wconf 64' lang='lat' dir='ltr'><strong>iustitiae</strong></span> <span class='ocrx_word' id='word_1_654' title='bbox 2164 3287 2408 3354; x_wconf 81' lang='lat' dir='ltr'><strong>Patrum,</strong></span> <span class='ocrx_word' id='word_1_655' title='bbox 2436 3295 2492 3343; x_wconf 89' lang='lat' dir='ltr'><strong>et</strong></span> <span class='ocrx_word' id='word_1_656' title='bbox 2532 3286 2781 3342; x_wconf 89' lang='lat' dir='ltr'><strong>manibus</strong></span> <span class='ocrx_word' id='word_1_657' title='bbox 2813 3287 2924 3342; x_wconf 90' lang='lat' dir='ltr'><strong>tuis</strong></span> <span class='ocrx_word' id='word_1_658' title='bbox 2961 3285 3168 3350; x_wconf 81' lang='lat' dir='ltr'><strong>labora,</strong></span> <span class='ocrx_word' id='word_1_659' title='bbox 3217 3293 3278 3339; x_wconf 92' lang='lat' dir='ltr'><strong>ut</strong></span> <span class='ocrx_word' id='word_1_660' title='bbox 3319 3284 3464 3353; x_wconf 86' lang='lat' dir='ltr'><strong>juste</strong></span> 
     </span>
    </p>
   </div>
   <div class='ocr_carea' id='block_1_90' title="bbox 1896 3373 3460 3444">
    <p class='ocr_par' dir='ltr' id='par_1_90' title="bbox 1896 3373 3460 3444">
     <span class='ocr_line' id='line_1_90' title="bbox 1896 3373 3460 3444; baseline -0.004 -10"><span class='ocrx_word' id='word_1_661' title='bbox 1896 3381 2067 3435; x_wconf 91' lang='lat' dir='ltr'><strong>vivas.</strong></span> <span class='ocrx_word' id='word_1_662' title='bbox 2095 3379 2392 3433; x_wconf 86' lang='lat' dir='ltr'><strong>Laborabis</strong></span> <span class='ocrx_word' id='word_1_663' title='bbox 2429 3386 2608 3432; x_wconf 90' lang='lat' dir='ltr'><strong>autem</strong></span> <span class='ocrx_word' id='word_1_664' title='bbox 2641 3375 2940 3431; x_wconf 88' lang='lat' dir='ltr'><strong>secundum</strong></span> <span class='ocrx_word' id='word_1_665' title='bbox 2972 3373 3194 3429; x_wconf 90' lang='lat' dir='ltr'><strong>Patrum</strong></span> <span class='ocrx_word' id='word_1_666' title='bbox 3224 3374 3460 3444; x_wconf 87' lang='lat' dir='ltr'><strong>regulas,</strong></span> 
     </span>
    </p>
   </div>
   <div class='ocr_carea' id='block_1_91' title="bbox 1896 3467 3466 3539">
    <p class='ocr_par' dir='ltr' id='par_1_91' title="bbox 1896 3467 3466 3539">
     <span class='ocr_line' id='line_1_91' title="bbox 1896 3467 3466 3539; baseline -0.007 -10"><span class='ocrx_word' id='word_1_667' title='bbox 1896 3488 1960 3529; x_wconf 81' lang='lat' dir='ltr'><strong>ex</strong></span> <span class='ocrx_word' id='word_1_668' title='bbox 2015 3471 2344 3536; x_wconf 89' lang='lat' dir='ltr'><strong>obedientia,</strong></span> <span class='ocrx_word' id='word_1_669' title='bbox 2381 3486 2489 3525; x_wconf 90' lang='lat' dir='ltr'><strong>non</strong></span> <span class='ocrx_word' id='word_1_670' title='bbox 2529 3470 2649 3536; x_wconf 89' lang='lat' dir='ltr'><strong>tibi,</strong></span> <span class='ocrx_word' id='word_1_671' title='bbox 2675 3470 2881 3539; x_wconf 88' lang='lat' dir='ltr'><strong>absque</strong></span> <span class='ocrx_word' id='word_1_672' title='bbox 2906 3467 3357 3532; x_wconf 90' lang='lat' dir='ltr'><strong>murmuratione,</strong></span> <span class='ocrx_word' id='word_1_673' title='bbox 3405 3473 3466 3519; x_wconf 93' lang='lat' dir='ltr'><strong>ut</strong></span> 
     </span>
    </p>
   </div>
   <div class='ocr_carea' id='block_1_92' title="bbox 1897 3557 3468 3636">
    <p class='ocr_par' dir='ltr' id='par_1_92' title="bbox 1897 3557 3468 3636">
     <span class='ocr_line' id='line_1_92' title="bbox 1897 3557 3468 3636; baseline -0.006 -15"><span class='ocrx_word' id='word_1_674' title='bbox 1897 3581 1994 3636; x_wconf 89' lang='lat' dir='ltr'><strong>per</strong></span> <span class='ocrx_word' id='word_1_675' title='bbox 2021 3580 2160 3635; x_wconf 91' lang='lat' dir='ltr'><strong>opus</strong></span> <span class='ocrx_word' id='word_1_676' title='bbox 2189 3563 2502 3634; x_wconf 88' lang='lat' dir='ltr'><strong>patientiam</strong></span> <span class='ocrx_word' id='word_1_677' title='bbox 2537 3563 2810 3631; x_wconf 90' lang='lat' dir='ltr'><strong>acquiras,</strong></span> <span class='ocrx_word' id='word_1_678' title='bbox 2833 3571 2889 3616; x_wconf 88' lang='lat' dir='ltr'><strong>et</strong></span> <span class='ocrx_word' id='word_1_679' title='bbox 2915 3560 3196 3616; x_wconf 90' lang='lat' dir='ltr'><strong>cbaritatis</strong></span> <span class='ocrx_word' id='word_1_680' title='bbox 3239 3557 3437 3612; x_wconf 91' lang='lat' dir='ltr'><strong>manda</strong></span> <span class='ocrx_word' id='word_1_681' title='bbox 3463 3592 3468 3598; x_wconf 65' lang='grc' dir='ltr'><strong><em>ι</em></strong></span> 
     </span>
    </p>
   </div>
   <div class='ocr_carea' id='block_1_93' title="bbox 1899 3652 3463 3728">
    <p class='ocr_par' dir='ltr' id='par_1_93' title="bbox 1899 3652 3463 3728">
     <span class='ocr_line' id='line_1_93' title="bbox 1899 3652 3463 3728; baseline -0.006 -15"><span class='ocrx_word' id='word_1_682' title='bbox 1899 3669 2012 3713; x_wconf 90' lang='lat' dir='ltr'><strong>tum</strong></span> <span class='ocrx_word' id='word_1_683' title='bbox 2065 3659 2289 3728; x_wconf 86' lang='lat' dir='ltr'><strong>impleas</strong></span> <span class='ocrx_word' id='word_1_684' title='bbox 2323 3674 2336 3712; x_wconf 91' lang='lat'>:</span> <span class='ocrx_word' id='word_1_685' title='bbox 2383 3667 2445 3712; x_wconf 93' lang='lat' dir='ltr'><strong>ut</strong></span> <span class='ocrx_word' id='word_1_686' title='bbox 2495 3666 2549 3711; x_wconf 92' lang='lat' dir='ltr'><strong>et</strong></span> <span class='ocrx_word' id='word_1_687' title='bbox 2569 3655 2813 3726; x_wconf 91' lang='lat' dir='ltr'><strong>corporis</strong></span> <span class='ocrx_word' id='word_1_688' title='bbox 2849 3665 2903 3709; x_wconf 90' lang='lat' dir='ltr'><strong>et</strong></span> <span class='ocrx_word' id='word_1_689' title='bbox 2928 3654 3126 3708; x_wconf 89' lang='lat' dir='ltr'><strong>mentis</strong></span> <span class='ocrx_word' id='word_1_690' title='bbox 3154 3652 3463 3722; x_wconf 88' lang='lat' dir='ltr'><strong>puritatem,</strong></span> 
     </span>
    </p>
   </div>
   <div class='ocr_carea' id='block_1_94' title="bbox 1898 3746 3464 3812">
    <p class='ocr_par' dir='ltr' id='par_1_94' title="bbox 1898 3746 3464 3812">
     <span class='ocr_line' id='line_1_94' title="bbox 1898 3746 3464 3812; baseline -0.006 -6"><span class='ocrx_word' id='word_1_691' title='bbox 1898 3762 1952 3808; x_wconf 87' lang='lat' dir='ltr'><strong>et</strong></span> <span class='ocrx_word' id='word_1_692' title='bbox 2004 3750 2382 3807; x_wconf 84' lang='lat' dir='ltr'><strong>incessabilem</strong></span> <span class='ocrx_word' id='word_1_693' title='bbox 2427 3749 2727 3804; x_wconf 88' lang='lat' dir='ltr'><strong>orationem</strong></span> <span class='ocrx_word' id='word_1_694' title='bbox 2777 3746 3046 3812; x_wconf 83' lang='lat' dir='ltr'><strong>invenias,</strong></span> <span class='ocrx_word' id='word_1_695' title='bbox 3105 3757 3167 3799; x_wconf 93' lang='lat' dir='ltr'><strong>ut</strong></span> <span class='ocrx_word' id='word_1_696' title='bbox 3203 3760 3464 3798; x_wconf 84' lang='lat' dir='ltr'><strong>manuum</strong></span> 
     </span>
    </p>
   </div>
   <div class='ocr_carea' id='block_1_95' title="bbox 1899 3834 3467 3915">
    <p class='ocr_par' dir='ltr' id='par_1_95' title="bbox 1899 3834 3467 3915">
     <span class='ocr_line' id='line_1_95' title="bbox 1899 3834 3467 3915; baseline -0.004 -17"><span class='ocrx_word' id='word_1_697' title='bbox 1899 3860 2036 3915; x_wconf 92' lang='lat' dir='ltr'><strong>opus</strong></span> <span class='ocrx_word' id='word_1_698' title='bbox 2090 3844 2448 3913; x_wconf 37' lang='lat' dir='ltr'><strong>ettteipsum,</strong></span> <span class='ocrx_word' id='word_1_699' title='bbox 2505 3834 2833 3896; x_wconf 85' lang='lat' dir='ltr'><strong>oblationem</strong></span> <span class='ocrx_word' id='word_1_700' title='bbox 2883 3841 3079 3894; x_wconf 76' lang='lat' dir='ltr'><strong>offeras</strong></span> <span class='ocrx_word' id='word_1_701' title='bbox 3119 3836 3250 3894; x_wconf 89' lang='lat' dir='ltr'><strong>Deo.</strong></span> <span class='ocrx_word' id='word_1_702' title='bbox 3275 3845 3331 3891; x_wconf 86' lang='lat' dir='ltr'><strong>et</strong></span> <span class='ocrx_word' id='word_1_703' title='bbox 3357 3837 3467 3892; x_wconf 86' lang='lat' dir='ltr'><strong>sal-</strong></span> 
     </span>
    </p>
   </div>
   <div class='ocr_carea' id='block_1_96' title="bbox 1899 3929 3467 4006">
    <p class='ocr_par' dir='ltr' id='par_1_96' title="bbox 1899 3929 3467 4006">
     <span class='ocr_line' id='line_1_96' title="bbox 1899 3929 3467 4006; baseline -0.004 -16"><span class='ocrx_word' id='word_1_704' title='bbox 1899 3939 2066 4000; x_wconf 89' lang='lat' dir='ltr'><strong>veris,</strong></span> <span class='ocrx_word' id='word_1_705' title='bbox 2119 3936 2247 4006; x_wconf 89' lang='lat' dir='ltr'><strong>quia</strong></span> <span class='ocrx_word' id='word_1_706' title='bbox 2280 3935 2493 3990; x_wconf 86' lang='lat' dir='ltr'><strong>beatius</strong></span> <span class='ocrx_word' id='word_1_707' title='bbox 2515 3943 2597 3988; x_wconf 92' lang='lat' dir='ltr'><strong>est</strong></span> <span class='ocrx_word' id='word_1_708' title='bbox 2618 3933 2750 3988; x_wconf 87' lang='lat' dir='ltr'><strong>dare</strong></span> <span class='ocrx_word' id='word_1_709' title='bbox 2777 3948 2940 4002; x_wconf 88' lang='lat' dir='ltr'><strong>quam</strong></span> <span class='ocrx_word' id='word_1_710' title='bbox 2972 3932 3214 4000; x_wconf 84' lang='lat' dir='ltr'><strong>accipere</strong></span> <span class='ocrx_word' id='word_1_711' title='bbox 3233 3931 3300 3982; x_wconf 80' lang='grc'><strong>’⁸.</strong></span> <span class='ocrx_word' id='word_1_712' title='bbox 3332 3929 3467 3984; x_wconf 84' lang='lat' dir='ltr'><strong>Nam</strong></span> 
     </span>
    </p>
   </div>
   <div class='ocr_carea' id='block_1_97' title="bbox 1901 4025 3469 4098">
    <p class='ocr_par' dir='ltr' id='par_1_97' title="bbox 1901 4025 3469 4098">
     <span class='ocr_line' id='line_1_97' title="bbox 1901 4025 3469 4098; baseline -0.005 -13"><span class='ocrx_word' id='word_1_713' title='bbox 1901 4029 2351 4098; x_wconf 79' lang='lat' dir='ltr'><strong>manibus,juxta</strong></span> <span class='ocrx_word' id='word_1_714' title='bbox 2380 4027 2732 4098; x_wconf 89' lang='lat' dir='ltr'><strong>apostolicam</strong></span> <span class='ocrx_word' id='word_1_715' title='bbox 2763 4025 3105 4080; x_wconf 83' lang='lat' dir='ltr'><strong>traditionem</strong></span> <span class='ocrx_word' id='word_1_716' title='bbox 3149 4033 3204 4078; x_wconf 90' lang='lat' dir='ltr'><strong>et</strong></span> <span class='ocrx_word' id='word_1_717' title='bbox 3247 4036 3469 4078; x_wconf 86' lang='lat' dir='ltr'><strong>natura-</strong></span> 
     </span>
    </p>
   </div>
   <div class='ocr_carea' id='block_1_98' title="bbox 1902 4116 3471 4192">
    <p class='ocr_par' dir='ltr' id='par_1_98' title="bbox 1902 4116 3471 4192">
     <span class='ocr_line' id='line_1_98' title="bbox 1902 4116 3471 4192; baseline -0.004 -16"><span class='ocrx_word' id='word_1_718' title='bbox 1902 4123 2022 4177; x_wconf 90' lang='lat' dir='ltr'><strong>liter</strong></span> <span class='ocrx_word' id='word_1_719' title='bbox 2073 4124 2092 4192; x_wconf 86' lang='lat'><strong>(</strong></span> <span class='ocrx_word' id='word_1_720' title='bbox 2138 4131 2196 4176; x_wconf 90' lang='lat' dir='ltr'><strong>ut</strong></span> <span class='ocrx_word' id='word_1_721' title='bbox 2251 4121 2451 4176; x_wconf 90' lang='lat' dir='ltr'><strong>dictum</strong></span> <span class='ocrx_word' id='word_1_722' title='bbox 2484 4129 2568 4174; x_wconf 87' lang='lat' dir='ltr'><strong>est</strong></span> <span class='ocrx_word' id='word_1_723' title='bbox 2597 4119 2614 4188; x_wconf 97' lang='lat'><strong>)</strong></span> <span class='ocrx_word' id='word_1_724' title='bbox 2644 4118 2915 4180; x_wconf 90' lang='lat' dir='ltr'><strong>laborare,</strong></span> <span class='ocrx_word' id='word_1_725' title='bbox 2953 4117 3266 4188; x_wconf 88' lang='lat' dir='ltr'><strong>patientem,</strong></span> <span class='ocrx_word' id='word_1_726' title='bbox 3292 4116 3471 4170; x_wconf 85' lang='lat' dir='ltr'><strong>humi-</strong></span> 
     </span>
    </p>
   </div>
   <div class='ocr_carea' id='block_1_99' title="bbox 1902 4209 3471 4280">
    <p class='ocr_par' dir='ltr' id='par_1_99' title="bbox 1902 4209 3471 4280">
     <span class='ocr_line' id='line_1_99' title="bbox 1902 4209 3471 4280; baseline -0.008 -10"><span class='ocrx_word' id='word_1_727' title='bbox 1902 4215 2029 4280; x_wconf 91' lang='lat' dir='ltr'><strong>lem,</strong></span> <span class='ocrx_word' id='word_1_728' title='bbox 2085 4213 2515 4277; x_wconf 87' lang='lat' dir='ltr'><strong>misericordem,</strong></span> <span class='ocrx_word' id='word_1_729' title='bbox 2557 4211 2789 4279; x_wconf 83' lang='lat' dir='ltr'><strong>justam,</strong></span> <span class='ocrx_word' id='word_1_730' title='bbox 2843 4209 3079 4280; x_wconf 85' lang='lat' dir='ltr'><strong>vigilem,</strong></span> <span class='ocrx_word' id='word_1_731' title='bbox 3107 4217 3162 4262; x_wconf 90' lang='lat' dir='ltr'><strong>et</strong></span> <span class='ocrx_word' id='word_1_732' title='bbox 3185 4221 3310 4262; x_wconf 89' lang='lat' dir='ltr'><strong>vere</strong></span> <span class='ocrx_word' id='word_1_733' title='bbox 3345 4221 3471 4275; x_wconf 83' lang='lat' dir='ltr'><strong>pau-</strong></span> 
     </span>
    </p>
   </div>
   <div class='ocr_carea' id='block_1_100' title="bbox 1900 4299 3473 4376">
    <p class='ocr_par' dir='ltr' id='par_1_100' title="bbox 1900 4299 3473 4376">
     <span class='ocr_line' id='line_1_100' title="bbox 1900 4299 3473 4376; baseline -0.006 -14"><span class='ocrx_word' id='word_1_734' title='bbox 1900 4321 2082 4376; x_wconf 88' lang='lat' dir='ltr'><strong>perem</strong></span> <span class='ocrx_word' id='word_1_735' title='bbox 2117 4304 2395 4362; x_wconf 90' lang='lat' dir='ltr'><strong>constituit</strong></span> <span class='ocrx_word' id='word_1_736' title='bbox 2421 4313 2675 4358; x_wconf 90' lang='lat' dir='ltr'><strong>mentem.</strong></span> <span class='ocrx_word' id='word_1_737' title='bbox 2709 4302 2775 4356; x_wconf 90' lang='lat' dir='ltr'><strong>Et</strong></span> <span class='ocrx_word' id='word_1_738' title='bbox 2803 4301 2909 4357; x_wconf 90' lang='lat' dir='ltr'><strong>hoc</strong></span> <span class='ocrx_word' id='word_1_739' title='bbox 2951 4310 3037 4357; x_wconf 91' lang='lat' dir='ltr'><strong>est</strong></span> <span class='ocrx_word' id='word_1_740' title='bbox 3085 4300 3228 4370; x_wconf 89' lang='lat' dir='ltr'><strong>quod</strong></span> <span class='ocrx_word' id='word_1_741' title='bbox 3257 4299 3473 4355; x_wconf 87' lang='lat' dir='ltr'><strong>docebit</strong></span> 
     </span>
    </p>
   </div>
   <div class='ocr_carea' id='block_1_101' title="bbox 1901 4386 3471 4466">
    <p class='ocr_par' dir='ltr' id='par_1_101' title="bbox 1901 4386 3471 4466">
     <span class='ocr_line' id='line_1_101' title="bbox 1901 4386 3471 4466; baseline -0.008 -16"><span class='ocrx_word' id='word_1_742' title='bbox 1901 4405 1956 4450; x_wconf 89' lang='lat' dir='ltr'><strong>te</strong></span> <span class='ocrx_word' id='word_1_743' title='bbox 2001 4404 2266 4466; x_wconf 61' lang='lat' dir='ltr'><strong>praecepta</strong></span> <span class='ocrx_word' id='word_1_744' title='bbox 2301 4392 2392 4447; x_wconf 90' lang='lat' dir='ltr'><strong>Dei</strong></span> <span class='ocrx_word' id='word_1_745' title='bbox 2445 4391 2685 4462; x_wconf 85' lang='lat' dir='ltr'><strong>perfecte</strong></span> <span class='ocrx_word' id='word_1_746' title='bbox 2710 4405 2950 4454; x_wconf 85' lang='lat' dir='ltr'><strong>scrvare,</strong></span> <span class='ocrx_word' id='word_1_747' title='bbox 2997 4388 3044 4445; x_wconf 91' lang='lat' dir='ltr'><strong>si</strong></span> <span class='ocrx_word' id='word_1_748' title='bbox 3089 4388 3144 4441; x_wconf 91' lang='lat' dir='ltr'><strong>in</strong></span> <span class='ocrx_word' id='word_1_749' title='bbox 3200 4386 3471 4456; x_wconf 51' lang='lat' dir='ltr'><strong>subjecto.</strong></span> 
     </span>
    </p>
   </div>
   <div class='ocr_carea' id='block_1_102' title="bbox 1906 4481 3470 4557">
    <p class='ocr_par' dir='ltr' id='par_1_102' title="bbox 1906 4481 3470 4557">
     <span class='ocr_line' id='line_1_102' title="bbox 1906 4481 3470 4557; baseline -0.007 -14"><span class='ocrx_word' id='word_1_750' title='bbox 1906 4504 2026 4544; x_wconf 89' lang='lat' dir='ltr'><strong>rum</strong></span> <span class='ocrx_word' id='word_1_751' title='bbox 2056 4497 2110 4543; x_wconf 88' lang='lat' dir='ltr'><strong>et</strong></span> <span class='ocrx_word' id='word_1_752' title='bbox 2137 4501 2431 4557; x_wconf 90' lang='lat' dir='ltr'><strong>pauperum</strong></span> <span class='ocrx_word' id='word_1_753' title='bbox 2464 4485 2692 4540; x_wconf 85' lang='lat' dir='ltr'><strong>fratrum</strong></span> <span class='ocrx_word' id='word_1_754' title='bbox 2725 4485 3143 4555; x_wconf 85' lang='lat' dir='ltr'><strong>congregatione</strong></span> <span class='ocrx_word' id='word_1_755' title='bbox 3169 4482 3250 4536; x_wconf 91' lang='lat' dir='ltr'><strong>eis</strong></span> <span class='ocrx_word' id='word_1_756' title='bbox 3299 4481 3316 4546; x_wconf 94' lang='lat'><strong>(</strong></span> <span class='ocrx_word' id='word_1_757' title='bbox 3347 4489 3470 4534; x_wconf 89' lang='lat' dir='ltr'><strong>tan-</strong></span> 
     </span>
    </p>
   </div>
   <div class='ocr_carea' id='block_1_103' title="bbox 1904 4575 3472 4652">
    <p class='ocr_par' dir='ltr' id='par_1_103' title="bbox 1904 4575 3472 4652">
     <span class='ocr_line' id='line_1_103' title="bbox 1904 4575 3472 4652; baseline -0.008 -16"><span class='ocrx_word' id='word_1_758' title='bbox 1904 4597 2067 4652; x_wconf 87' lang='lat' dir='ltr'><strong>quam</strong></span> <span class='ocrx_word' id='word_1_759' title='bbox 2120 4579 2249 4646; x_wconf 88' lang='lat' dir='ltr'><strong>Deo,</strong></span> <span class='ocrx_word' id='word_1_760' title='bbox 2307 4588 2363 4635; x_wconf 90' lang='lat' dir='ltr'><strong>et</strong></span> <span class='ocrx_word' id='word_1_761' title='bbox 2418 4595 2525 4635; x_wconf 90' lang='lat' dir='ltr'><strong>non</strong></span> <span class='ocrx_word' id='word_1_762' title='bbox 2573 4579 2672 4633; x_wconf 85' lang='lat' dir='ltr'><strong>tibi</strong></span> <span class='ocrx_word' id='word_1_763' title='bbox 2703 4581 2724 4648; x_wconf 93' lang='lat'>)</span> <span class='ocrx_word' id='word_1_764' title='bbox 2756 4593 2822 4632; x_wconf 81' lang='lat' dir='ltr'><strong>ex</strong></span> <span class='ocrx_word' id='word_1_765' title='bbox 2857 4575 3158 4632; x_wconf 89' lang='lat' dir='ltr'><strong>obedientia</strong></span> <span class='ocrx_word' id='word_1_766' title='bbox 3189 4581 3244 4627; x_wconf 93' lang='lat' dir='ltr'><strong>et</strong></span> <span class='ocrx_word' id='word_1_767' title='bbox 3271 4589 3376 4626; x_wconf 91' lang='lat' dir='ltr'><strong>non</strong></span> <span class='ocrx_word' id='word_1_768' title='bbox 3407 4587 3472 4626; x_wconf 80' lang='lat' dir='ltr'><strong>ex</strong></span> 
     </span>
    </p>
   </div>
   <div class='ocr_carea' id='block_1_104' title="bbox 1907 4666 3471 4744">
    <p class='ocr_par' dir='ltr' id='par_1_104' title="bbox 1907 4666 3471 4744">
     <span class='ocr_line' id='line_1_104' title="bbox 1907 4666 3471 4744; baseline -0.008 -15"><span class='ocrx_word' id='word_1_769' title='bbox 1907 4675 2123 4744; x_wconf 89' lang='lat' dir='ltr'><strong>propria</strong></span> <span class='ocrx_word' id='word_1_770' title='bbox 2175 4674 2450 4728; x_wconf 82' lang='lat' dir='ltr'><strong>voluntate</strong></span> <span class='ocrx_word' id='word_1_771' title='bbox 2508 4671 2736 4727; x_wconf 84' lang='lat' dir='ltr'><strong>ﬁdeliter</strong></span> <span class='ocrx_word' id='word_1_772' title='bbox 2787 4671 3046 4724; x_wconf 88' lang='lat' dir='ltr'><strong>labores:</strong></span> <span class='ocrx_word' id='word_1_773' title='bbox 3105 4667 3233 4736; x_wconf 85' lang='lat' dir='ltr'><strong>quia</strong></span> <span class='ocrx_word' id='word_1_774' title='bbox 3273 4666 3471 4728; x_wconf 91' lang='lat' dir='ltr'><strong>taliter,</strong></span> 
     </span>
    </p>
   </div>
   <div class='ocr_carea' id='block_1_105' title="bbox 1907 4757 3472 4835">
    <p class='ocr_par' dir='ltr' id='par_1_105' title="bbox 1907 4757 3472 4835">
     <span class='ocr_line' id='line_1_105' title="bbox 1907 4757 3472 4835; baseline -0.008 -13"><span class='ocrx_word' id='word_1_775' title='bbox 1907 4767 2175 4822; x_wconf 79' lang='lat' dir='ltr'><strong>catholico</strong></span> <span class='ocrx_word' id='word_1_776' title='bbox 2207 4777 2260 4822; x_wconf 90' lang='lat' dir='ltr'><strong>et</strong></span> <span class='ocrx_word' id='word_1_777' title='bbox 2281 4766 2619 4835; x_wconf 87' lang='lat' dir='ltr'><strong>regulariter,</strong></span> <span class='ocrx_word' id='word_1_778' title='bbox 2643 4773 2696 4818; x_wconf 89' lang='lat' dir='ltr'><strong>et</strong></span> <span class='ocrx_word' id='word_1_779' title='bbox 2715 4779 2823 4818; x_wconf 89' lang='lat' dir='ltr'><strong>non</strong></span> <span class='ocrx_word' id='word_1_780' title='bbox 2853 4779 2991 4817; x_wconf 90' lang='lat' dir='ltr'><strong>vane</strong></span> <span class='ocrx_word' id='word_1_781' title='bbox 3020 4769 3075 4816; x_wconf 88' lang='lat' dir='ltr'><strong>et</strong></span> <span class='ocrx_word' id='word_1_782' title='bbox 3103 4759 3298 4814; x_wconf 86' lang='lat' dir='ltr'><strong>vitiose</strong></span> <span class='ocrx_word' id='word_1_783' title='bbox 3363 4757 3472 4810; x_wconf 92' lang='lat' dir='ltr'><strong>Deo</strong></span> 
     </span>
    </p>
   </div>
   <div class='ocr_carea' id='block_1_106' title="bbox 1909 4853 3471 4927">
    <p class='ocr_par' dir='ltr' id='par_1_106' title="bbox 1909 4853 3471 4927">
     <span class='ocr_line' id='line_1_106' title="bbox 1909 4853 3471 4927; baseline -0.003 -15"><span class='ocrx_word' id='word_1_784' title='bbox 1909 4858 2132 4914; x_wconf 88' lang='lat' dir='ltr'><strong>servies.</strong></span> <span class='ocrx_word' id='word_1_785' title='bbox 2162 4857 2298 4912; x_wconf 84' lang='lat' dir='ltr'><strong>Cave</strong></span> <span class='ocrx_word' id='word_1_786' title='bbox 2327 4873 2388 4911; x_wconf 85' lang='lat' dir='ltr'><strong>ne</strong></span> <span class='ocrx_word' id='word_1_787' title='bbox 2417 4857 2678 4926; x_wconf 84' lang='lat' dir='ltr'><strong>proditori</strong></span> <span class='ocrx_word' id='word_1_788' title='bbox 2716 4855 2829 4927; x_wconf 73' lang='lat'><strong>(22)</strong></span> <span class='ocrx_word' id='word_1_789' title='bbox 2852 4871 3082 4925; x_wconf 81' lang='lat' dir='ltr'><strong>unquam</strong></span> <span class='ocrx_word' id='word_1_790' title='bbox 3137 4853 3471 4918; x_wconf 79' lang='lat' dir='ltr'><strong>obtemperes.</strong></span> 
     </span>
    </p>
   </div>
   <div class='ocr_carea' id='block_1_107' title="bbox 1909 4945 3474 5022">
    <p class='ocr_par' dir='ltr' id='par_1_107' title="bbox 1909 4945 3474 5022">
     <span class='ocr_line' id='line_1_107' title="bbox 1909 4945 3474 5022; baseline -0.005 -16"><span class='ocrx_word' id='word_1_791' title='bbox 1909 4960 2015 5006; x_wconf 91' lang='lat' dir='ltr'><strong>etc.</strong></span> <span class='ocrx_word' id='word_1_792' title='bbox 2060 4950 2118 5005; x_wconf 84' lang='lat' dir='ltr'><strong>in</strong></span> <span class='ocrx_word' id='word_1_793' title='bbox 2181 4951 2409 5022; x_wconf 89' lang='lat' dir='ltr'><strong>epistola</strong></span> <span class='ocrx_word' id='word_1_794' title='bbox 2453 4951 2522 5006; x_wconf 90' lang='lat' dir='ltr'><strong>ad</strong></span> <span class='ocrx_word' id='word_1_795' title='bbox 2566 4949 2853 5020; x_wconf 88' lang='lat' dir='ltr'><strong>virginem,</strong></span> <span class='ocrx_word' id='word_1_796' title='bbox 2878 4950 2954 5003; x_wconf 94' lang='lat' dir='ltr'><strong>ait</strong></span> <span class='ocrx_word' id='word_1_797' title='bbox 2985 4957 3205 5003; x_wconf 86' lang='lat' dir='ltr'><strong>sanctus</strong></span> <span class='ocrx_word' id='word_1_798' title='bbox 3233 4945 3474 5000; x_wconf 82' lang='lat' dir='ltr'><strong>Athana-</strong></span> 
     </span>
    </p>
   </div>
   <div class='ocr_carea' id='block_1_108' title="bbox 1911 5037 3476 5109">
    <p class='ocr_par' dir='ltr' id='par_1_108' title="bbox 1911 5037 3476 5109">
     <span class='ocr_line' id='line_1_108' title="bbox 1911 5037 3476 5109; baseline -0.006 -11"><span class='ocrx_word' id='word_1_799' title='bbox 1911 5043 2059 5109; x_wconf 91' lang='lat' dir='ltr'><strong>sius;</strong></span> <span class='ocrx_word' id='word_1_800' title='bbox 2109 5039 2165 5095; x_wconf 89' lang='lat' dir='ltr'><strong>Si</strong></span> <span class='ocrx_word' id='word_1_801' title='bbox 2217 5040 2645 5097; x_wconf 87' lang='lat' dir='ltr'><strong>manifestaveris</strong></span> <span class='ocrx_word' id='word_1_802' title='bbox 2699 5041 2870 5095; x_wconf 88' lang='lat' dir='ltr'><strong>vitam</strong></span> <span class='ocrx_word' id='word_1_803' title='bbox 2934 5051 3105 5102; x_wconf 78' lang='lat' dir='ltr'><strong>tuam,</strong></span> <span class='ocrx_word' id='word_1_804' title='bbox 3147 5038 3321 5109; x_wconf 87' lang='lat' dir='ltr'><strong>pariet</strong></span> <span class='ocrx_word' id='word_1_805' title='bbox 3371 5037 3476 5090; x_wconf 82' lang='lat' dir='ltr'><strong>hoc</strong></span> 
     </span>
    </p>
   </div>
   <div class='ocr_carea' id='block_1_109' title="bbox 1910 5109 3476 5200">
    <p class='ocr_par' dir='ltr' id='par_1_109' title="bbox 1910 5109 3476 5200">
     <span class='ocr_line' id='line_1_109' title="bbox 1910 5109 3476 5200; baseline -0.005 -12"><span class='ocrx_word' id='word_1_806' title='bbox 1910 5133 2005 5188; x_wconf 91' lang='lat' dir='ltr'><strong>tibi</strong></span> <span class='ocrx_word' id='word_1_807' title='bbox 2048 5147 2242 5186; x_wconf 90' lang='lat' dir='ltr'><strong>vanam</strong></span> <span class='ocrx_word' id='word_1_808' title='bbox 2299 5131 2526 5200; x_wconf 83' lang='lat' dir='ltr'><strong>gloriam</strong></span> <span class='ocrx_word' id='word_1_809' title='bbox 2578 5141 2632 5186; x_wconf 92' lang='lat' dir='ltr'><strong>et</strong></span> <span class='ocrx_word' id='word_1_810' title='bbox 2676 5129 2936 5186; x_wconf 81' lang='lat' dir='ltr'><strong>damnum</strong></span> <span class='ocrx_word' id='word_1_811' title='bbox 2990 5128 3233 5198; x_wconf 89' lang='lat' dir='ltr'><strong>patieris.</strong></span> <span class='ocrx_word' id='word_1_812' title='bbox 3284 5125 3341 5181; x_wconf 91' lang='lat' dir='ltr'><strong>Si</strong></span> <span class='ocrx_word' id='word_1_813' title='bbox 3375 5109 3476 5182; x_wconf 62' lang='lat' dir='ltr'><strong>au.-</strong></span> 
     </span>
    </p>
   </div>
   <div class='ocr_carea' id='block_1_110' title="bbox 1905 5218 3486 5288">
    <p class='ocr_par' dir='ltr' id='par_1_110' title="bbox 1905 5218 3486 5288">
     <span class='ocr_line' id='line_1_110' title="bbox 1905 5218 3486 5288; baseline -0.007 -6"><span class='ocrx_word' id='word_1_814' title='bbox 1905 5237 2011 5282; x_wconf 91' lang='lat' dir='ltr'><strong>tem</strong></span> <span class='ocrx_word' id='word_1_815' title='bbox 2041 5225 2279 5278; x_wconf 90' lang='lat' dir='ltr'><strong>animam</strong></span> <span class='ocrx_word' id='word_1_816' title='bbox 2304 5223 2578 5278; x_wconf 90' lang='lat' dir='ltr'><strong>inveneris</strong></span> <span class='ocrx_word' id='word_1_817' title='bbox 2639 5223 2734 5276; x_wconf 89' lang='lat' dir='ltr'><strong>tibi</strong></span> <span class='ocrx_word' id='word_1_818' title='bbox 2771 5231 3238 5285; x_wconf 79' lang='lat' dir='ltr'><strong>consentaneam,</strong></span> <span class='ocrx_word' id='word_1_819' title='bbox 3274 5218 3486 5288; x_wconf 71' lang='lat' dir='ltr'><strong>pariter</strong></span> 
     </span>
    </p>
   </div>
   <div class='ocr_carea' id='block_1_111' title="bbox 1907 5312 3476 5389">
    <p class='ocr_par' dir='ltr' id='par_1_111' title="bbox 1907 5312 3476 5389">
     <span class='ocr_line' id='line_1_111' title="bbox 1907 5312 3476 5389; baseline -0.007 -16"><span class='ocrx_word' id='word_1_820' title='bbox 1907 5333 2028 5389; x_wconf 70' lang='lat' dir='ltr'><strong>qua:</strong></span> <span class='ocrx_word' id='word_1_821' title='bbox 2076 5315 2170 5370; x_wconf 90' lang='lat' dir='ltr'><strong>Dei</strong></span> <span class='ocrx_word' id='word_1_822' title='bbox 2222 5327 2348 5372; x_wconf 90' lang='lat' dir='ltr'><strong>sunt</strong></span> <span class='ocrx_word' id='word_1_823' title='bbox 2373 5314 2681 5380; x_wconf 87' lang='lat' dir='ltr'><strong>facientem,</strong></span> <span class='ocrx_word' id='word_1_824' title='bbox 2728 5314 2856 5368; x_wconf 86' lang='lat' dir='ltr'><strong>huic</strong></span> <span class='ocrx_word' id='word_1_825' title='bbox 2879 5328 3098 5383; x_wconf 83' lang='lat' dir='ltr'><strong>quoque</strong></span> <span class='ocrx_word' id='word_1_826' title='bbox 3123 5312 3246 5376; x_wconf 86' lang='lat' dir='ltr'><strong>soli,</strong></span> <span class='ocrx_word' id='word_1_827' title='bbox 3279 5312 3331 5364; x_wconf 91' lang='lat' dir='ltr'><strong>in</strong></span> <span class='ocrx_word' id='word_1_828' title='bbox 3358 5325 3476 5380; x_wconf 85' lang='lat' dir='ltr'><strong>my-</strong></span> 
     </span>
    </p>
   </div>
   <div class='ocr_carea' id='block_1_112' title="bbox 1911 5400 3472 5474">
    <p class='ocr_par' dir='ltr' id='par_1_112' title="bbox 1911 5400 3472 5474">
     <span class='ocr_line' id='line_1_112' title="bbox 1911 5400 3472 5474; baseline -0.008 -8"><span class='ocrx_word' id='word_1_829' title='bbox 1911 5410 2096 5474; x_wconf 90' lang='lat' dir='ltr'><strong>sterio,</strong></span> <span class='ocrx_word' id='word_1_830' title='bbox 2126 5409 2338 5464; x_wconf 88' lang='lat' dir='ltr'><strong>revela:</strong></span> <span class='ocrx_word' id='word_1_831' title='bbox 2392 5407 2465 5462; x_wconf 93' lang='lat' dir='ltr'><strong>ibi</strong></span> <span class='ocrx_word' id='word_1_832' title='bbox 2483 5407 2626 5462; x_wconf 89' lang='lat' dir='ltr'><strong>enim</strong></span> <span class='ocrx_word' id='word_1_833' title='bbox 2652 5421 2757 5460; x_wconf 91' lang='lat' dir='ltr'><strong>non</strong></span> <span class='ocrx_word' id='word_1_834' title='bbox 2780 5412 2863 5460; x_wconf 92' lang='lat' dir='ltr'><strong>est</strong></span> <span class='ocrx_word' id='word_1_835' title='bbox 2895 5420 3029 5458; x_wconf 79' lang='lat' dir='ltr'><strong>vana</strong></span> <span class='ocrx_word' id='word_1_836' title='bbox 3088 5403 3281 5474; x_wconf 83' lang='lat' dir='ltr'><strong>gloria,</strong></span> <span class='ocrx_word' id='word_1_837' title='bbox 3344 5400 3472 5470; x_wconf 84' lang='lat' dir='ltr'><strong>quia</strong></span> 
     </span>
    </p>
   </div>
   <div class='ocr_carea' id='block_1_113' title="bbox 1911 5493 3472 5571">
    <p class='ocr_par' dir='ltr' id='par_1_113' title="bbox 1911 5493 3472 5571">
     <span class='ocr_line' id='line_1_113' title="bbox 1911 5493 3472 5571; baseline -0.005 -17"><span class='ocrx_word' id='word_1_838' title='bbox 1911 5502 2004 5571; x_wconf 92' lang='lat' dir='ltr'><strong>qui</strong></span> <span class='ocrx_word' id='word_1_839' title='bbox 2030 5500 2270 5570; x_wconf 89' lang='lat' dir='ltr'><strong>loquitur</strong></span> <span class='ocrx_word' id='word_1_840' title='bbox 2303 5511 2361 5563; x_wconf 87' lang='lat' dir='ltr'><strong>ut</strong></span> <span class='ocrx_word' id='word_1_841' title='bbox 2382 5500 2618 5558; x_wconf 86' lang='lat' dir='ltr'><strong>animam</strong></span> <span class='ocrx_word' id='word_1_842' title='bbox 2644 5499 2834 5560; x_wconf 89' lang='lat' dir='ltr'><strong>salvet,</strong></span> <span class='ocrx_word' id='word_1_843' title='bbox 2897 5496 3122 5550; x_wconf 90' lang='lat' dir='ltr'><strong>multam</strong></span> <span class='ocrx_word' id='word_1_844' title='bbox 3171 5493 3472 5549; x_wconf 87' lang='lat' dir='ltr'><strong>mercedem</strong></span> 
     </span>
    </p>
   </div>
   <div class='ocr_carea' id='block_1_114' title="bbox 1494 5612 2558 5682">
    <p class='ocr_par' dir='ltr' id='par_1_114' title="bbox 1494 5612 2558 5682">
     <span class='ocr_line' id='line_1_114' title="bbox 1494 5612 2558 5682; baseline 0.006 -17"><span class='ocrx_word' id='word_1_845' title='bbox 1494 5613 1538 5643; x_wconf 71' lang='lat'>”</span> <span class='ocrx_word' id='word_1_846' title='bbox 1569 5612 1754 5667; x_wconf 81' lang='lat' dir='ltr'><strong>Matth.</strong></span> <span class='ocrx_word' id='word_1_847' title='bbox 1805 5631 1876 5680; x_wconf 76' lang='lat' dir='ltr'><strong>v1,</strong></span> <span class='ocrx_word' id='word_1_848' title='bbox 1923 5618 2010 5673; x_wconf 70' lang='grc' dir='ltr'><strong>δι.</strong></span> <span class='ocrx_word' id='word_1_849' title='bbox 2088 5619 2134 5648; x_wconf 72' lang='grc'><strong>’⁸</strong></span> <span class='ocrx_word' id='word_1_850' title='bbox 2180 5620 2299 5673; x_wconf 78' lang='lat' dir='ltr'><strong>Act.</strong></span> <span class='ocrx_word' id='word_1_851' title='bbox 2335 5633 2426 5682; x_wconf 75' lang='lat' dir='ltr'><strong>xx,</strong></span> <span class='ocrx_word' id='word_1_852' title='bbox 2467 5618 2558 5671; x_wconf 78' lang='lat'><strong>55.</strong></span> 
     </span>
    </p>
   </div>
   <div class='ocr_carea' id='block_1_115' title="bbox 1988 5735 3077 5806">
    <p class='ocr_par' dir='ltr' id='par_1_115' title="bbox 1988 5735 3077 5806">
     <span class='ocr_line' id='line_1_115' title="bbox 1988 5735 3077 5806; baseline -0.006 -15"><span class='ocrx_word' id='word_1_853' title='bbox 1988 5735 2098 5806; x_wconf 73' lang='lat'><strong>(22)</strong></span> <span class='ocrx_word' id='word_1_854' title='bbox 2131 5735 2296 5792; x_wconf 73' lang='lat' dir='ltr'><strong>Vetus</strong></span> <span class='ocrx_word' id='word_1_855' title='bbox 2328 5735 2611 5806; x_wconf 84' lang='lat' dir='ltr'><strong>interpres,</strong></span> <span class='ocrx_word' id='word_1_856' title='bbox 2643 5735 3077 5791; x_wconf 74' lang='lat' dir='ltr'><strong>Exterminatori.</strong></span> 
     </span>
    </p>
   </div>
  </div>
