4222 6448
782 409 917 474 1235

1900 408 1962 469 S.
1997 403 2312 464 JOANNIS
2353 402 2868 463 IIAITIIUENSIS

3889 405 4028 472 1236

778 522 1026 592 accipiet,
1082 535 1140 574 se
1203 519 1526 573 habentibus
1579 518 1907 573 desiderium
1966 519 2239 583 audiendi,
2271 520 2346 569 Io-
2379 525 2418 574 Α
2452 534 2559 570 nou
2581 536 2647 572 ex
2680 521 2857 583 nobis,
2883 519 3041 590 cujus
3071 522 3311 576 thesauri
3346 523 3661 591 qualitatem
3698 523 3884 577 nullus
3907 539 4026 578 ser-

775 617 998 688 qucndi,
1035 614 1271 685 loquitur
1301 625 1359 668 ut
1386 615 1684 668 salvcntur.

1157 708 1285 763 CAP.
1311 706 1450 761 XVI.
1483 737 1547 748 —-
1573 708 1654 760 Ad
1687 707 1911 777 gradum
1939 706 2027 760 22.

846 799 1102 869 Superbia
1131 811 1207 854 est
1240 799 1332 853 Dei
1364 800 1663 870 abnegatio.
1722 799 1825 865 Qui
1878 813 1986 851 non
2018 813 2082 852 ex
2108 814 2169 852 ea
2223 813 2344 867 quze

775 907 991 948 sursum
1042 902 1126 946 est
1183 891 1473 960 sapientia,
1497 891 1588 946 sed
1619 906 1684 944 ex
1717 892 1899 960 seipso
1925 889 2126 960 aliquid
2158 905 2217 945 se
2242 905 2344 958 pu-

771 993 870 1048 tat,
915 984 1197 1046 direxisse,
1268 983 1436 1039 Deum
1497 992 1674 1054 negat,
1702 983 1794 1052 qui
1825 999 1950 1038 eum
1977 983 2034 1036 in
2088 981 2344 1036 omnibus

771 1089 1058 1150 protegens
1097 1079 1384 1151 dirigebat,
1415 1096 1521 1149 qua
1551 1095 1615 1134 ex
1642 1095 1699 1134 re
1719 1079 1886 1145 cadit,
1913 1093 1943 1132 a
1973 1079 2141 1149 gratia
2197 1079 2346 1131 dere-

771 1169 955 1229 lictus.
1004 1186 1169 1240 quam
1245 1171 1467 1240 sprevit.
1544 1170 1812 1234 lnlernus,
1861 1176 1945 1224 est
1995 1169 2340 1239 ignorantia;

771 1263 1018 1330 perditio,
1056 1263 1364 1319 cstohlivio
1388 1263 1516 1319 Dei:
1546 1264 1710 1332 igitur
1750 1280 1815 1318 ex
1865 1263 2167 1334 ignorantia
2227 1261 2342 1328 Dei,

767 1363 853 1410 est
903 1371 1060 1410 amor
1087 1356 1360 1426 proprius,
1418 1374 1485 1411 ex
1523 1357 1714 1412 eodem
1755 1372 1886 1412 vero
1925 1356 2072 1426 gula,
2104 1355 2340 1418 luxnria,

767 1461 907 1502 vana
938 1449 1106 1515 gloria
1135 1459 1190 1504 et
1225 1450 1474 1515 avaritia,
1501 1460 1554 1504 et
1579 1465 1643 1504 ex
1668 1449 1754 1506 his
1788 1449 1914 1504 vitia
1957 1449 2183 1519 reliqua.
2211 1446 2339 1502 Item

767 1552 832 1591 ex
859 1537 1161 1608 ignorantia
1197 1537 1285 1593 Dei
1318 1538 1647 1605 intidelitas;
1685 1555 1748 1593 ex
1783 1539 2096 1593 infidelitate
2123 1549 2205 1592 est
2259 1539 2340 1592 in-

767 1629 1075 1685 obedientia
1103 1649 1118 1696 ;
1152 1648 1214 1685 ex
1247 1633 1636 1696 inobedientia,
1664 1632 2000 1701 impatientia
2028 1649 2044 1697 ;
2075 1647 2140 1686 ex
2169 1632 2341 1702 impa-

766 1725 976 1791 tientia,
1003 1728 1280 1797 superbia,
1311 1743 1434 1796 qnze
1462 1737 1545 1782 est
1585 1728 1824 1781 inventio
1867 1727 2197 1782 daemonum.

1124 1816 1251 1872 CAP.
1281 1814 1443 1873 XVII.
1473 1849 1544 1858 —
1578 1818 1660 1871 Ad
1677 1817 1902 1886 gradum
1932 1817 2023 1872 25.

835 1903 1152 1960 Desinamus
1184 1907 1393 1958 tandem
1421 1905 1671 1974 judicare
1691 1916 1738 1960 et
1764 1907 2110 1960 condemnare
2157 1911 2338 1975 proxi-

763 2007 926 2045 mum.
983 1992 1056 2047 Ex
1090 1991 1404 2046 infidelitate
1424 1994 1665 2062 quidem,
1692 1994 2054 2049 inobedientia
2087 2013 2102 2062 ;
2148 2011 2214 2051 ex
2254 1998 2339 2050 in-

761 2083 1091 2144 obedientia.
1154 2085 1495 2155 impatientia
1531 2102 1642 2153 ;ex
1707 2086 2064 2157 impatientia,
2121 2089 2336 2158 propria

759 2177 1178 2248 complacentia,
1248 2178 1316 2234 de
1383 2195 1489 2249 qua
1530 2179 1661 2235 dicit
1719 2178 2034 2249 Propheta:
2088 2181 2216 2236 lla’c
2251 2183 2339 2236 via

759 2269 970 2324 illorum
1023 2272 1334 2326 scandalum
1373 2273 1542 2338 ipsis;
1579 2283 1759 2340 postea
1784 2275 1840 2327 in
1874 2291 1961 2327 ore
1984 2291 2079 2328 suo
2100 2275 2336 2344 compla-

759 2363 946 2418 cebtmt
980 2363 1156 2421 ":ex
1223 2364 1439 2434 propria
1471 2366 1885 2434 complacentia.
1945 2382 2081 2420 vana
2142 2368 2335 2437 gloria,

757 2470 825 2510 ex
854 2455 1068 2518 eadem,
1098 2455 1351 2525 superbia
1383 2472 1399 2522 ;
1431 2473 1499 2511 ex
1526 2457 1802 2526 superbia,
1833 2458 2186 2528 blasphemia,
2217 2474 2339 2528 qua:

757 2556 843 2602 est
889 2562 1145 2602 sensuum
1208 2562 1490 2613 excessus,
1548 2547 1676 2604 licet
1743 2549 1797 2603 in
1853 2548 2215 2615 simplicibus,
2267 2551 2339 2604 sit

758 2637 1120 2709 blasphemia.
1171 2656 1236 2694 ex
1285 2640 1593 2695 daemonum
1618 2641 1844 2697 invidia.
1880 2641 1972 2697 Est
2007 2643 2169 2698 etiam
2222 2643 2337 2697 hla-

757 2732 1030 2800 sphemia,
1061 2747 1124 2786 ex
1170 2732 1377 2801 judicio
1405 2733 1634 2802 proximi
1658 2750 1673 2799 ;
1701 2733 1968 2802 judicium
1997 2749 2126 2789 vero
2154 2735 2338 2804 proxi-

757 2825 832 2878 mi
885 2834 970 2879 est
1005 2841 1068 2879 ex
1101 2841 1165 2880 eo
1191 2828 1334 2896 quod
1361 2827 1539 2898 diligit
1561 2827 1690 2897 quis
1726 2827 1906 2882 facere
1945 2828 2192 2898 proprias
2241 2843 2338 2881 vo—

757 2917 1014 2981 luntates,
1039 2928 1094 2973 et
1119 2935 1183 2974 ex
1220 2920 1545 2991 negligentia
1578 2921 1844 2976 orationis
1871 2930 1925 2975 et
1961 2937 2027 2976 ex
2073 2923 2174 2986 ira,
2217 2937 2340 2992 qua:

759 3020 887 3068 sunt
915 3011 1067 3083 signa
1090 3012 1381 3082 superbiae.

1147 3105 1275 3161 CAP.
1305 3104 1490 3160 XVIII.
1523 3137 1590 3147 —
1623 3107 1705 3160 Ad
1727 3107 1949 3177 gradum
1979 3106 2071 3161 24.

828 3194 1042 3250 Justqu
1083 3214 1202 3268 ergo
1239 3208 1315 3251 est
1372 3211 1418 3252 et
1468 3199 1781 3269 legitimum,
1815 3211 1936 3255 ante
1962 3199 2338 3266 solem,‘lucem
2364 3225 2408 3280 ο

757 3290 1044 3346 illustrari.
1096 3319 1169 3330 —
1223 3290 1342 3346 Lux
1401 3308 1525 3346 vera
1561 3308 1679 3361 qure
1707 3293 1978 3347 illuminat
2015 3309 2218 3348 omnem
2245 3293 2338 3347 Ito-

757 3385 949 3436 minem
999 3384 1284 3438 venientem
1333 3384 1389 3437 in
1443 3383 1582 3437 hunc
1631 3386 1889 3438 mundum
1928 3386 1998 3451 ⁸⁷,
2041 3385 2335 3440 humanata

756 3475 996 3529 veritas:
1052 3491 1080 3530 a
1111 3491 1214 3545 qua
1251 3477 1428 3546 primo
1456 3476 1766 3542 illuminati,
1791 3477 1917 3533 item
1952 3478 2018 3534 ad
2052 3487 2334 3549 paternum

756 3567 901 3623 diem
950 3581 1044 3636 per
1091 3567 1262 3636 ipsam
1309 3569 1712 3626 introducimttr
1749 3579 1871 3640 post
1895 3571 2066 3640 ipsius
2093 3580 2337 3624 contem-

757 3661 1076 3732 plationem,
1101 3675 1199 3714 nos
1231 3659 1323 3730 qui
1358 3675 1552 3716 sumus
1585 3662 1829 3717 membra
1881 3662 2019 3730 ejus.
2054 3661 2190 3716 Nam
2235 3660 2337 3715 tui-

756 3751 886 3807 titas
942 3764 973 3805 a
1018 3749 1436 3805 conturbatione
1500 3750 1705 3807 furoris
1750 3762 1806 3807 et
1854 3753 1968 3819 irae,
2002 3753 2334 3808 humilitas:

758 3841 1018 3907 falsitate,
1078 3857 1214 3896 vana
1262 3842 1456 3911 gloria,
1514 3852 1569 3898 et
1602 3844 1798 3899 timore
1823 3844 2016 3899 liberat
2052 3857 2330 3900 mentem:

759 3933 1177 3988 Resurrectiouis
1237 3935 1588 3998 adversatia;
1657 3951 1782 3990 nam
1841 3937 2152 4006 malignitas
2224 3953 2334 3992 non

757 4026 1025 4097 permittit
1080 4041 1174 4095 per
1219 4027 1595 4094 paenitentiam
1656 4043 1943 4100 resurgere
1987 4045 2018 4084 a
2074 4030 2230 4084 ruina
2281 4040 2336 4086 et

757 4119 908 4190 lapsu
948 4119 1178 4189 peccati.

1108 4211 1239 4268 Car.
1269 4209 1488 4268 XlX.—-
1502 4211 1584 4265 Ad
1609 4211 1830 4282 gradum
1853 4213 1945 4268 '25.

829 4302 1054 4358 Sensum
1081 4314 1237 4374 atque
1260 4305 1504 4372 affectum
1528 4314 1576 4357 et
1633 4304 1760 4366 tim,
1820 4315 1924 4359 etc.
1982 4302 2160 4358 Unum
2213 4319 2334 4361 esse

756 4411 978 4452 sensum
1010 4396 1227 4460 animae,
1262 4395 1378 4467 ipsa
1413 4410 1518 4450 nos
1546 4410 1716 4450 sacra:
1755 4395 2042 4450 Trinitatis
2088 4396 2333 4465 operatio

755 4492 933 4554 docet,
997 4501 1217 4562 propter
1270 4492 1694 4547 inobedientiam
1742 4507 1872 4547 vero
1944 4491 2095 4558 Adae,
2120 4491 2333 4548 divisus

2448 623 2539 660 tuo
2569 610 2709 664 valet
2735 611 3007 680 explicare
3053 628 3065 660 :
3109 628 3172 665 ex
3202 627 3309 681 qua
3345 613 3626 681 qualitate,
3652 613 3878 667 humilis
3926 629 4028 681 ap-

2448 701 2679 768 pellatur
2735 702 2830 772 qui
2895 702 3254 758 humilitatem
3328 705 3510 770 habet,
3559 721 3681 775 qua:
3711 705 4022 773 inscriptio,

2448 793 3090 864 incomprehensibiliter,
3147 798 3409 853 thesauro
3473 799 3856 870 circumposita
3917 808 4022 854 est.

2445 883 2565 952 Qua
2611 902 2677 942 ex
2717 903 2776 942 re
2804 887 3105 943 secundum
3138 889 3545 960 inscriptionem
3595 900 3649 945 et
3699 890 4023 960 qualitatem

2445 977 2701 1032 omnibus
2759 979 2972 1046 ignotus
3029 989 3132 1045 est,
3166 979 3392 1033 multam
3419 995 3548 1035 Vero
3573 991 3627 1035 et
3657 980 4024 1050 ineomplebi-

2447 1068 2550 1123 lem
2613 1070 2998 1126 scrutationem
3057 1083 3111 1126 et
3170 1071 3536 1141 fatigationem
3563 1073 3784 1126 exhibet
3811 1073 3902 1126 his
3927 1072 4023 1142 qui

2444 1177 2696 1218 sermone
2726 1164 3134 1234 inscriptionem
3165 1165 3378 1220 discere
3411 1173 3682 1235 quaerunt.
3725 1163 3844 1220 Non
3871 1167 4022 1220 enim

2445 1257 2645 1320 verbis,
2697 1257 2790 1313 sed
2827 1257 3061 1325 simplici
3100 1257 3427 1318 obedientia.
3458 1267 3510 1312 et
3542 1257 3764 1320 virtute,
3819 1268 3876 1310 et
3928 1258 4024 1311 ab-

2443 1347 2729 1416 negatione
2793 1347 3032 1418 propria,
3093 1357 3148 1402 et
3193 1348 3377 1403 crucis
3433 1347 3766 1416 hajulatione
3799 1347 3867 1402 ad
3899 1361 4022 1401 eam

2443 1439 2773 1508 pervenitur.
2807 1438 3114 1509 Quicunque
3141 1439 3239 1492 Dei
3265 1440 3471 1508 Spiritu
3509 1449 3740 1509 aguntur
3767 1441 3812 1471 "
3835 1457 3853 1494 :
3902 1437 4023 1493 Non

2442 1532 2539 1595 ait,
2586 1531 2898 1601 quicunqtte
2959 1532 3222 1602 Spiritum
3283 1533 3375 1587 Dei
3405 1542 3729 1601 acceperunt
3780 1548 3882 1602 per
3924 1532 4024 1586 ba-

2442 1624 2722 1692 ptismum,
2745 1634 2798 1680 et
2821 1634 3002 1694 postea
3044 1625 3222 1694 tepide
3247 1624 3436 1679 vivunt
3462 1645 3476 1680 :
3505 1626 3597 1680 sed
3637 1625 3731 1695 qui
3797 1638 4026 1696 accepto

2443 1715 2670 1785 Spiritu,
2732 1717 2875 1771 sicut
2931 1717 3026 1771 filii
3083 1717 3452 1772 cmlestialiter
3481 1727 3905 1780 conversantur,
3967 1718 4022 1770 hi

2444 1808 2724 1864 nobiscum
2769 1810 3166 1879 ingrediantur,
3223 1820 3330 1865 etc.
3389 1809 3683 1864 llumilitas
3750 1820 3827 1864 est
3853 1811 4024 1862 animi

2437 1903 2635 1970 gratia,
2661 1903 2773 1956 sine
2794 1903 3020 1966 homine,
3056 1912 3162 1958 etc.
3209 1901 3326 1957 Non
3354 1903 3556 1958 dicitur
3588 1902 4022 1965 innorninabilis,

2441 2011 2506 2048 eo
2550 1997 2695 2065 quod
2725 2011 2832 2050 non
2868 1995 3064 2050 habeat
3092 2010 3320 2058 nomen,
3353 1995 3446 2050 sed
3479 2010 3546 2049 eo
3583 1997 3729 2066 quod
3779 1997 4021 2052 affectio-

2440 2106 2571 2144 num
2604 2101 2658 2146 et
2687 2091 3147 2146 illuminationum
3167 2102 3216 2146 et
3249 2106 3802 2162 sensuum,_quornm
3839 2093 4026 2147 humi-

2440 2183 2565 2239 litas
2629 2184 3010 2254 perfectionem
3082 2183 3290 2250 tribuit,
3357 2185 3690 2253 experientia
3754 2185 3871 2239 sola
3941 2194 4027 2240 est

2440 2275 2718 2342 magistra,
2743 2283 2799 2328 et
2825 2273 3212 2328 nominationis
3241 2274 3605 2346 cognitionem
3627 2274 3798 2328 donat
3836 2289 4024 2327 veram

2439 2376 2604 2438 atque
2628 2368 2933 2432 scientiam,
2955 2383 3062 2438 qua
3091 2367 3193 2423 sibi
3214 2367 3350 2438 ipsis
3377 2367 3508 2422 viles
3530 2365 3726 2431 effecti,
3750 2382 3810 2422 se
3834 2382 4024 2422 coram

2439 2459 2550 2515 Deo
2577 2460 2712 2516 nihil
2742 2476 2866 2517 esse
2898 2461 3141 2517 sentiunt
3167 2470 3222 2518 et
3257 2470 3616 2532 ceguoscunt.
3651 2459 3765 2530 Ego
3820 2473 4025 2527 autem,

2443 2547 2758 2604 Trinitatem
2827 2550 2884 2603 in
2935 2550 3159 2612 unitate,
3205 2559 3336 2615 etc.,
3387 2549 3506 2603 dico
3542 2558 3592 2603 et
3626 2551 3814 2602 adoro.
3857 2548 4023 2614 Sane,

2439 2644 2582 2698 sicut
2612 2651 2798 2696 sancta
2832 2638 3073 2696 Trinitas
3113 2656 3468 2710 personarum
3527 2648 3610 2694 cst
3641 2640 3696 2694 in
3737 2656 3848 2694 una
3889 2641 4027 2695 divi-

2440 2736 2624 2801 nitate,
2655 2747 2710 2790 et
2731 2749 2838 2789 una
2871 2733 3049 2789 Deitas
3074 2735 3127 2789 in
3156 2735 3329 2789 tribus
3355 2733 3626 2805 personis,
3661 2735 3734 2788 ita
3764 2743 3819 2788 et
3843 2734 4024 2805 paeni-

2440 2822 2633 2888 tentia,
2667 2830 2725 2876 et
2753 2821 2953 2888 luctus,
2985 2832 3038 2876 et
3059 2821 3361 2886 humilitas,
3391 2832 3519 2876 sunt
3544 2824 3778 2878 invicem
3823 2840 4026 2894 cogna-

2439 2923 2508 2971 ta:
2540 2923 2596 2970 et
2623 2915 2930 2986 conjuncta:
2947 2925 3002 2971 et
3034 2915 3089 2970 in
3133 2916 3315 2971 divina
3363 2916 3536 2986 gratia
3584 2916 4027 2987 inseparabiliter

2439 3009 2810 3075 continentur,
2836 3020 2890 3064 et
2929 3010 3122 3080 gratia,
3154 3025 3321 3064 unum
3352 3010 3574 3065 easdem
3606 3009 3736 3066 facit
3758 3021 3815 3066 ct
3857 3012 4026 3067 alter-

2441 3109 2624 3154 tttrnm
2702 3100 3012 3171 conjungit,
3086 3109 3141 3156 et
3185 3111 3421 3156 mentem
3466 3118 3630 3171 quam
3687 3103 4024 3172 inhabitant,

2441 3193 2509 3248 ad
2559 3192 2727 3248 Deum
2775 3209 2991 3249 sursum
3042 3203 3231 3266 agunt.
3275 3193 3413 3251 Ilinc
3445 3206 3670 3251 sanctus
3695 3195 3829 3253 dicit
3863 3215 3878 3251 :
3916 3195 4026 3269 Ego

2440 3295 2614 3341 autem
2642 3286 2761 3340 dico
2786 3296 2836 3341 et
2857 3287 3043 3349 adoro,
3071 3295 3180 3342 etc.

2513 3376 2659 3433 Unus
2715 3379 2770 3432 in
2817 3379 2962 3432 omni
3018 3387 3260 3432 creatura
3317 3379 3488 3443 locus,
3522 3388 3626 3435 etc.
3658 3379 3882 3435 Chorus
3943 3389 4027 3436 est

2439 3468 2613 3523 Rubri
2648 3469 2816 3524 maris
2849 3469 3180 3540 profundum
3214 3471 3358 3542 quod
3384 3472 3436 3526 in
3481 3473 3710 3528 transitur
3781 3473 4022 3527 filiorum

2436 3563 2600 3617 Israel
2656 3565 2823 3619 semel
2869 3564 3000 3619 vidit
3068 3565 3237 3621 solem
3279 3581 3292 3618 :
3338 3576 3393 3621 et
3424 3583 3527 3619 una
3552 3567 3832 3636 cogitatio,
3857 3567 3913 3622 id
3944 3577 4024 3621 est

2436 3654 2543 3709 fixa
2600 3655 2793 3712 mortis
2843 3656 3126 3726 cogitatio,
3177 3667 3232 3712 et
3283 3659 3566 3712 meditatio
3595 3659 4019 3726 seternijndieii,

2435 3758 2488 3801 et
2517 3749 2699 3804 crucis
2726 3755 2780 3803 et
2811 3750 3002 3804 mortis
3031 3748 3258 3815 Christi,
3290 3751 3568 3805 multnties
3647 3752 3863 3820 peperit
3922 3752 4022 3806 bu»

2437 3841 2739 3895 militatem.
2776 3839 2891 3895 Uno
2925 3854 2972 3896 et
2998 3843 3111 3897 solo
3131 3844 3216 3896 die
3248 3853 3390 3912 totus
3425 3845 3654 3898 nmndus
3706 3845 4018 3907 exsultavit,

2433 3946 2541 3992 etc.
2575 3935 2792 3991 Scilicet
2813 3938 2866 3991 in
2898 3938 2986 3993 die
3025 3939 3441 3994 resurrectionis
3473 3939 3697 4001 Christi,
3739 3940 3824 3994 vel
3876 3941 4018 3995 nati-

2434 4028 2616 4082 vitatis
2663 4028 2803 4097 ejus.
2859 4029 2964 4082 Alii
3015 4029 3271 4083 dixerunt
3323 4030 3390 4084 de
3413 4030 3500 4084 die
3530 4029 3582 4084 in
3621 4046 3728 4100 qua
3758 4045 4018 4100 egressus

2432 4125 2516 4171 est
2576 4115 2689 4171 Noe
2729 4118 2797 4172 de
2850 4133 2978 4172 arca
3032 4134 3156 4172 cum
3179 4133 3350 4174 uxore
3380 4131 3436 4175 ct
3495 4120 3617 4174 ﬁliis
3655 4129 3709 4174 et
3739 4121 4017 4176 universis

2432 4212 2854 4277 anirnalibus,et
2885 4215 3209 4269 sacriﬁcium
3240 4215 3438 4270 obtulit
3477 4215 3586 4270 Deo
3610 4215 3678 4271 ³⁸.
3738 4217 4015 4286 Spiritu:-

2432 4303 2555 4359 liter
2583 4305 2662 4360 sic
2695 4321 2710 4357 :
2756 4306 2991 4360 rationes
3019 4309 3264 4362 omnium
3296 4309 3699 4370 exsistentium,
3748 4309 3804 4364 in
3855 4325 4017 4365 crea-

2432 4396 2582 4451 tione
2630 4397 2948 4466 produetor,
3011 4398 3064 4452 in
3103 4399 3220 4452 solo
3247 4399 3468 4454 homine
3517 4400 3793 4461 videntur.
3825 4417 3895 4456 ex
3938 4403 4018 4457 in-

2433 4488 2807 4557 telligihilibus
2859 4498 2913 4542 et
2962 4491 3316 4547 sensibilihus
3376 4491 3555 4547 factis.
3603 4493 3662 4547 In
3712 4493 3804 4548 die
3850 4495 4018 4564 igitur

754 4593 838 4639 est
894 4583 948 4637 in
1004 4584 1140 4639 duas
1166 4585 1532 4655 operationes.
1569 4583 1742 4654 Ilujns
1779 4599 1911 4640 vero
1941 4585 2165 4654 spiritus
2193 4600 2327 4654 epe-
2359 4567 2406 4624 ι)
2433 4581 2753 4649 privationis
2795 4581 2956 4650 huius
3012 4599 3042 4637 a
3103 4594 3346 4653 peccato,
3413 4595 3468 4638 et
3503 4588 3932 4641 resurrectionis
3964 4589 4014 4641 in

754 4676 1046 4737 rationem,
1072 4691 1233 4729 ttnam
1267 4685 1320 4732 et
1359 4677 1662 4745 simplicem
1693 4693 1724 4731 a
1757 4679 1866 4732 Deo
1895 4675 2069 4733 fuisse
2107 4675 2328 4743 factam,

753 4784 854 4838 per
906 4769 1169 4839 Spiritum
1230 4778 1479 4825 sanctum
1533 4777 1796 4823 constat:
1841 4785 2005 4839 quam
2041 4784 2203 4825 nemo
2231 4768 2331 4824 ho-

753 4860 964 4913 minum
1034 4859 1176 4916 scire
1210 4868 1409 4928 potest,
1437 4859 1542 4914 nisi
1577 4859 1651 4912 illi
1680 4866 1890 4914 tantum
1920 4859 2012 4928 qui
2047 4862 2069 4928 (
2095 4875 2190 4929 spe
2219 4874 2330 4914 cte-

753 4950 1012 5020 lestium)
1084 4951 1294 5021 seipsos
1349 4960 1403 5005 ct
1447 4952 1626 5006 omnia
1683 4952 2150 5022 praetereuntis-et
2179 4952 2326 5008 dele-

750 5045 975 5109 ctantia,
1041 5059 1147 5098 non
1209 5044 1384 5098 solum
1435 5053 1717 5113 spernunt,
1752 5045 1845 5099 sed
1886 5044 2102 5099 exodio
2137 5056 2328 5100 saneto

750 5137 1064 5207 evangelico
1099 5135 1485 5192 abominantur
1536 5145 1589 5189 et
1624 5136 1884 5191 oblivioni
1914 5139 2173 5192 tradunt:
2208 5140 2330 5208 qui-

751 5228 856 5284 bus
919 5237 1151 5290 tantnm,
1220 5228 1390 5297 gratia
1417 5228 1618 5281 Christi
1652 5237 1705 5283 et
1743 5230 1959 5291 merito,
1992 5229 2210 5286 divinus
2243 5230 2330 5285 ille

751 5335 950 5374 sensus
1003 5319 1350 5372 infunditur:
1401 5335 1465 5374 ex
1522 5334 1634 5388 quo
1696 5331 1745 5373 et
1803 5335 1897 5389 per
1932 5337 2094 5390 quem
2128 5323 2329 5376 mortui

751 5413 974 5475 mundo,
1031 5422 1084 5466 et
1132 5413 1184 5468 in
1244 5413 1380 5467 coelo
1439 5413 1750 5468 conversari
1803 5413 2079 5467 dicuntur.
2117 5414 2324 5481 Adjccit

749 5516 921 5554 sermo
953 5499 1257 5553 thesaurum
1304 5499 1588 5565 includere,
1618 5511 1724 5554 etc.
1762 5497 2106 5557 Thesaurum
2160 5503 2322 5558 istum

750 5589 996 5642 divinum
1032 5589 1370 5652 humilitatis,
1401 5590 1700 5645 secundum
1732 5591 2075 5660 Apostolum,
2107 5592 2160 5646 in
2220 5591 2328 5645 fra-

750 5681 946 5751 gilibns
972 5692 1023 5734 et
1052 5683 1497 5752 corruptibililnts
1525 5683 1707 5737 carnis
1735 5683 1879 5737 vasis
1908 5684 2140 5748 Domini,
2173 5700 2323 5739 asse-

747 5773 822 5827 rit
880 5774 1129 5843 posuisse
1158 5774 1226 5838 ³⁸,
1297 5785 1355 5829 ut
1403 5775 1714 5830 sublimitas
1746 5774 1818 5829 sit
1846 5774 2060 5831 virtutis
2092 5775 2234 5846 ejus,
2265 5788 2319 5831 et

2430 4676 2623 4744 gratia,
2677 4677 2917 4746 exsultat
2969 4678 3150 4733 omnis
3214 4688 3508 4744 creatura,
3569 4681 3700 4749 quia
3761 4686 4016 4736 omnium

2432 4768 2814 4822 exsistentittm
2847 4768 3108 4834 rationes,
3138 4769 3190 4823 in
3223 4769 3341 4840 ipso
3365 4771 3758 4838 proprietatum
3783 4787 4014 4828 suarum

2429 4862 2793 4930 operationes.
2854 4863 3074 4917 modum
3108 4872 3163 4917 et
3206 4863 3662 4933 pulchritudinem
3715 4864 4014 4934 perfer-tio-

2432 4952 2518 5008 nis
2560 4955 2870 5009 ostettdttnt.
2935 4954 3094 5008 Prior
3164 4957 3301 5009 enim
3386 4972 3590 5008 onmem
3646 4957 3787 5010 diem
3852 4960 4000 5013 iudi-

2425 5055 2533 5108 cat,
2571 5055 2676 5119 cte_.
2731 5043 2784 5100 Id
2835 5055 2938 5110 est,
2970 5061 3064 5114 per
3095 5047 3400 5115 superbiam
3434 5046 3751 5102 inobediens
3811 5048 3991 5104 factus

2427 5137 2609 5192 omnia
2667 5147 2934 5208 prmeepta
3006 5139 3186 5193 solvit.
3220 5136 3362 5192 Nam
3413 5149 3529 5208 post
3581 5141 4010 5207 caujunctionem

2429 5247 2618 5296 meam,
2679 5241 2784 5285 etc.
2831 5228 2891 5283 Ei
2939 5230 3030 5301 qui
3055 5230 3386 5300 conjunctus
3412 5241 3495 5286 est
3529 5231 3844 5298 humilitati,
3904 5253 4007 5289 tmtl

2427 5333 2512 5378 est
2541 5323 2793 5393 imposita
2823 5323 2934 5387 lex,
2963 5323 3089 5392 quia
3134 5325 3434 5378 secundum
3459 5326 3603 5395 quod
3635 5326 3806 5381 abbas
3857 5325 4009 5382 Isaac

2432 5417 2527 5480 ait,
2579 5417 2856 5471 humilitas
2899 5433 3005 5470 non
3042 5417 3205 5471 habet
3235 5417 3494 5488 linguam,
3532 5435 3633 5474 nec
3661 5420 3874 5484 oculos,
3911 5436 4007 5474 nec

2432 5522 2614 5568 aures,
2644 5505 2738 5561 sed
2769 5522 2868 5561 nec
2910 5509 3046 5563 alias
3079 5508 3274 5562 animae
3299 5511 3589 5578 potentias,
3640 5520 3693 5564 et
3758 5513 4007 5579 corporis

2434 5598 2698 5661 membra,
2755 5599 2883 5669 quia
2932 5615 3108 5670 neque
3137 5603 3276 5660 mala
3303 5603 3454 5668 facit,
3505 5620 3603 5660 nec
3626 5605 3694 5659 ab
3713 5605 3836 5660 aliis
3864 5606 4004 5661 facta

2433 5691 2596 5744 sentit
2626 5699 2722 5744 ant
2770 5690 2992 5762 cogitat,
3047 5693 3140 5748 sed
3175 5705 3282 5750 tota
3324 5696 3544 5766 paciﬁca
3582 5708 3635 5751 et
3665 5699 4003 5766 misericors,

2425 5782 2670 5837 omnium
2722 5790 2948 5853 peccata
3012 5797 3070 5840 ut
3103 5786 3320 5858 propria
3349 5788 3543 5859 plorat,
3585 5798 3642 5844 et
3685 5806 3789 5845 sua
3820 5793 4002 5847 solum

819 5915 866 5944 “‘°
925 5912 1069 5969 l’sal.
1121 5929 1313 5986 vattt,
1369 5915 1454 5970 ll.
1531 5917 1576 6007 ’ξ
1629 5914 1783 5972 Joan.
1815 5931 1852 5984 l,
1913 5917 1960 5972 9.
2046 5918 2087 5950 "'
2117 5915 2312 5974 IlCor.
2357 5919 2504 5983 tv,7..
2585 5925 2629 5954 ¹⁹
2669 5922 2825 5978 ltom.
2855 5939 2968 5990 vttt,
3015 5925 3094 5979 Μ.
3179 5927 3223 5959 ³ο
3270 5927 3406 5983 Gen.
3448 5943 3561 5991 vtu,
3604 5929 3670 5984 l8
3701 5945 3857 6001 seqq.
