4222 6448
190 370 321 436 1237

1349 380 1666 442 SCHOLIA
1699 383 1781 442 IN
1814 383 2222 444 CLIMACUM.

3266 389 3414 456 1238-

185 485 468 553 ponderat,
519 489 572 538 et
626 484 856 540 aliorum
931 489 1118 557 culpas
1171 489 1469 558 pontlerarc
1511 493 1740 562 ignorat.
1774 500 1815 554 Α
1843 497 2040 564 angelis
2063 496 2316 565 quosdam
2349 497 2611 552 dannones
2638 498 2781 566 fecit,
2826 507 2929 554 etc.
2986 499 3062 554 Ex
3121 499 3404 562 daemoniis

182 578 348 646 Igitur
386 577 576 640 libera,
637 579 808 649 legem
860 582 1281 651 transgrediens,
1315 580 1452 648 sola,
1499 585 1741 658 Evange-

183 667 315 722 lium
344 669 546 724 Christi
577 672 765 740 gratia:
795 681 849 726 et
875 687 1014 728 vera:
1038 674 1320 738 libertatis,
1357 686 1554 731 servat.
1608 677 1741 732 Sunt

181 769 233 814 et
287 761 430 827 alim,
479 764 756 832 magni/ica
801 765 921 818 huic
967 769 1273 833 possessori,
1326 777 1430 824 etc.
1492 769 1741 840 Magnum

184 869 576 922 possessorem,
638 855 914 921 humilem,
986 857 1156 922 dicit;
1219 860 1366 925 quia,
1398 861 1492 930 qui
1524 862 1744 916 humilis

180 959 284 1013 est,
341 963 407 1002 ex
468 949 770 1003 humilitate
815 951 992 1005 omnis
1054 953 1363 1008 monastica:
1400 961 1454 1008 et
1489 955 1745 1025 angelicae

183 1040 613 1094 conversationis
641 1040 1021 1110 perfectionem
1064 1044 1324 1112 possidet,
1358 1046 1410 1098 in
1452 1046 1609 1114 cujus
1628 1047 1745 1100 ani-

183 1147 271 1184 ma
319 1142 445 1187 sunt
497 1135 851 1202 proprietates
896 1137 1164 1204 prtcdicta:
1207 1152 1417 1202 omnes,
1444 1153 1564 1208 qua:
1585 1140 1745 1209 spiri-

183 1224 410 1277 tualium
459 1225 765 1280 divitiarum
813 1227 1180 1297 signilicativa:
1217 1239 1744 1285 suntzunatantnm

183 1330 431 1386 excepta,
504 1334 626 1388 quae
674 1330 758 1374 est
817 1320 1113 1374 secundum
1172 1322 1301 1376 illud
1365 1324 1509 1392 quod
1556 1325 1745 1378 humili

183 1409 383 1477 placet,
409 1411 637 1476 scilicet,
672 1412 900 1480 abyssus
937 1413 1158 1467 vilitatis
1197 1425 1252 1468 et
1279 1416 1530 1483 proprius
1557 1417 1748 1485 despe-

183 1508 340 1564 ctus;
369 1501 494 1568 quia
533 1502 631 1554 hoc
654 1517 684 1555 a
719 1503 1024 1556 videntibus
1049 1511 1131 1556 est
1183 1505 1560 1559 absconditum
1591 1525 1603 1560 :
1633 1508 1751 1574 ipse

184 1592 331 1644 enim
375 1592 427 1644 in
481 1593 597 1646 solo
658 1592 876 1647 vilitatis
937 1594 1129 1662 abysso
1159 1594 1412 1662 quiescit.
1453 1594 1745 1649 Humilitas

183 1692 263 1734 est
318 1685 462 1752 regni
506 1684 724 1738 caelestis
772 1685 964 1754 janua.
1039 1685 1282 1755 Intellige
1321 1686 1748 1756 deingretlientc

185 1777 544 1829 monasticam
615 1777 824 1842 vitam;
881 1778 1008 1846 quia
1066 1777 1160 1842 qui
1219 1792 1312 1846 per
1362 1778 1744 1846 humilitatem,

1841 589 2062 658 angelos
2115 589 2391 644 humilitas
2418 588 2597 644 facere
2642 605 2803 660 posse
2833 590 3070 656 dicitur,
3115 593 3160 647 si
3210 594 3406 649 daemo-

1843 693 1938 732 nes
1974 678 2240 732 humiliari
2264 680 2521 736 valerent.
2577 680 2777 735 Verum
2821 683 3092 739 daemones
3149 685 3405 754 impaeni-

1844 778 2014 824 tentes
2031 780 2082 825 et
2106 771 2358 825 obstinati
2379 782 2680 838 manentes,
2706 790 2808 827 non
2835 775 3074 830 valentes
3104 776 3404 842 humiliari,

1843 861 2115 916 theniones
2141 872 2380 916 manent.
2405 861 2516 918 Nos
2552 879 2680 916 vero
2734 880 2854 917 cum
2907 865 3079 919 simus
3135 866 3424 933 homines,

1843 955 1943 1007 etsi
1987 955 2159 1008 simus
2185 954 2458 1016 cadentes,
2497 957 2762 1025 poenitere
2816 965 2870 1010 et
2925 957 3197 1011 humiliari
3262 960 3406 1013 vale-

1845 1061 1988 1099 111118.
2058 1050 2235 1112 Quare
2283 1048 2638 1114 conlidarnus,
2670 1058 2725 1102 et
2757 1048 2968 1118 quoties
3011 1049 3277 1114 cadimns,
3310 1067 3406 1120 per

1846 1139 2218 1207 penitentiam
2281 1141 2473 1194 iterum
2521 1157 2888 1210 resnrgamus.
2961 1141 3119 1195 Nervi
3158 1143 3314 1212 hujus
3343 1160 3405 1200 ac

1844 1233 1941 1282 cia:
1969 1237 2111 1295 sunt,
2145 1241 2251 1284 etc.
2284 1230 2438 1298 Quod
2468 1231 2611 1285 enim
2649 1243 2773 1286 sunt
2810 1232 2862 1285 in
2897 1233 3224 1288 animalibus
3281 1249 3406 1288 ner-

1845 1323 1917 1382 vi,
1951 1322 2054 1376 hoc
2087 1323 2258 1390 ipsum
2308 1333 2452 1387 sunt,
2489 1325 2553 1378 ad
2585 1323 2855 1377 civitatem
2887 1325 3233 1394 pergentibus
3284 1327 3404 1381 vite.

1846 1412 2008 1475 Sane,
2039 1414 2316 1480 animalia,
2351 1431 2525 1484 neque
2557 1416 2676 1470 sine
2697 1417 2877 1469 nervis
2905 1425 3110 1470 starent
3136 1435 3152 1483 ;
3209 1435 3404 1480 neque.

1845 1503 1962 1556 sine
2018 1503 2141 1568 viis,
2189 1504 2436 1557 homines
2492 1505 2558 1557 ad
2607 1505 2877 1558 civitatem
2935 1515 3234 1574 pergerent.
3295 1505 3410 1561 lloc

1847 1593 1986 1646 idem
2015 1593 2129 1662 (ait
2158 1604 2381 1647 sanctus
2412 1595 2430 1662 )
2457 1603 2539 1647 est
2577 1604 2864 1663 paupertas
2911 1604 2966 1648 et
3018 1597 3403 1664 peregrinatio,

1847 1683 2092 1738 similiter
2121 1683 2421 1749 humilitas,
2449 1697 2502 1738 et
2527 1684 2744 1753 reliqua:
2777 1687 3024 1748 virtutes,
3069 1685 3187 1740 sine
3209 1687 3405 1755 quibus

1849 1774 2127 1830 humilitas
2179 1786 2323 1831 stare
2371 1791 2476 1829 non
2518 1785 2691 1845 potest
2745 1791 2758 1828 :
2799 1777 2924 1846 quia
2977 1776 3042 1830 ad
3084 1777 3254 1846 ipsam
3287 1793 3409 1847 per-

186 1863 492 1918 imitatione
545 1866 767 1930 Christi,
815 1868 1112 1936 ingreditur
1146 1867 1306 1921 vitatu
1334 1869 1742 1934 monachorum,
1777 1847 1816 1900 Β
1847 1881 2001 1934 gens,
2052 1866 2171 1919 sine
2223 1867 2304 1920 his
2351 1867 2415 1919 ad
2465 1882 2583 1920 eam
2603 1881 2708 1920 non
2737 1868 3029 1937 perveniet.
3055 1867 3209 1922 Nervi
3247 1868 3410 1938 igitur:

186 1957 297 2012 iste
347 1959 483 2013 bene
544 1947 637 2028 per
682 1970 888 2029 portam
923 1962 1221 2029 ingreditur
1245 1963 1299 2016 in
1327 1978 1470 2028 eam,
1493 1973 1547 2018 et
1580 1964 1748 2020 exibit

184 2050 259 2103 dc
317 2054 561 2118 praesenti
605 2052 715 2106 vita
744 2067 866 2107 cum
902 2052 1103 2119 laetitia,
1128 2063 1181 2108 et
1202 2069 1398 2122 pascua
1425 2055 1660 2110 inveniet
1691 2057 1744 2110 in

184 2143 460 2208 paradiso.
513 2140 683 2196 Juxta
723 2153 823 2206 est,
875 2143 1055 2198 divina
1104 2146 1462 2200 misericordia
1493 2163 1513 2199 :
1545 2147 1750 2202 miseri-

182 2234 429 2288 Cordiam
452 2235 599 2296 dicit,
633 2236 860 2305 gratiam
893 2251 1013 2306 quae
1032 2245 1116 2293 est
1133 2237 1374 2293 ell‘ectiva
1429 2240 1748 2296 humilitatis

184 2325 246 2378 in
311 2327 510 2379 anima.
566 2325 859 2397 Ignominia
898 2345 1013 2382 vero
1057 2330 1166 2383 lucc
1219 2330 1426 2398 probat.
1486 2313 1628 2386 Sane
1653 2333 1746 2402 qui

179 2431 288 2485 pro
335 2417 492 2471 nobis
540 2433 733 2487 passus
764 2427 848 2474 est
899 2418 1168 2484 Christus,
1209 2421 1447 2476 laborem
1473 2423 1656 2492 posuit
1692 2423 1747 2477 in

180 2512 303 2564 suis
327 2512 628 2580 praeceptis,
666 2520 723 2566 ut
760 2515 1024 2566 vanitates
1045 2513 1377 2568 maculanles
1430 2527 1744 2584 purgentur,

179 2612 243 2657 ct
279 2603 404 2656 mali
433 2619 610 2658 mores
637 2614 689 2660 et
714 2605 840 2659 vitia
868 2605 1273 2659 tribulationum
1314 2609 1572 2675 patientia
1600 2625 1748 2663 corn-

181 2702 490 2757 Inuteutur,
545 2705 599 2748 et
639 2710 733 2764 per
772 2695 1130 2748 humilitatem
1183 2706 1464 2750 cvomatur
1496 2700 1747 2768 superbia

179 2784 546 2851 confessione,
578 2794 632 2839 et
686 2786 1003 2850 intentione,
1027 2796 1078 2839 et
1109 2802 1309 2855 opere:
1341 2789 1596 2843 nimirum
1621 2792 1747 2859 quia

178 2877 281 2945 qui
305 2877 611 2948 religiosam
650 2879 814 2932 vitam
839 2878 1120 2947 promittit,
1151 2886 1205 2932 et
1227 2880 1406 2933 renuit
1435 2881 1575 2935 mala
1613 2883 1746 2952 pati,

181 2983 294 3020 non
328 2981 420 3035 per
456 2967 826 3036 paenitentiam
853 2968 1126 3024 Christum
1154 2971 1420 3038 sequitur,
1444 2973 1536 3026 sed
1569 2973 1752 3042 (arno-

180 3073 246 3110 re
299 3062 522 3127 proprio
581 3059 816 3128 illusus)
863 3076 1024 3128 opere
1052 3070 1214 3131 negat
1247 3062 1389 3130 quod
1430 3062 1596 3116 verbo
1621 3077 1748 3131 pro-

1846 1967 1900 2010 et
1928 1958 2025 2012 via:
2051 1968 2198 2023 sunt,
2223 1968 2277 2012 ct
2304 1974 2408 2013 non
2437 1961 2588 2029 signa
2611 1975 2732 2028 qua:
2767 1971 3034 2014 numerat.

2191 2050 2318 2106 CAP.
2351 2050 2468 2108 XX.
2495 2081 2560 2095 --
2595 2052 2675 2105 Ad
2723 2051 2946 2123 gradum
2971 2052 3060 2106 26.

1925 2141 1980 2195 Is
2037 2144 2246 2213 quidem
2301 2147 2391 2214 qui
2452 2154 2551 2198 tres
2588 2146 2757 2199 hostes
2787 2145 3033 2214 religiosa
3063 2145 3272 2214 pietate,
3299 2151 3412 2199 etc.

1847 2234 1984 2289 Octo
2030 2237 2379 2304 malignitatis
2421 2237 2547 2290 vitia
2606 2252 2727 2292 esse
2774 2252 2918 2290 nunc
2977 2236 3126 2301 dicit,
3158 2251 3254 2305 per
3290 2251 3411 2305 quae

1848 2343 1950 2382 nos
1981 2327 2230 2382 diabolus
2253 2329 2533 2398 impugnat
2560 2343 2574 2381 :
2605 2343 2668 2381 ex
2693 2328 2910 2398 quibus,
2941 2328 3035 2398 qui
3056 2330 3156 2382 tria
3191 2327 3406 2398 dejecit,

1848 2421 2090 2474 omnium
2153 2421 2434 2475 victoriam
2489 2420 2745 2474 obtinuit.
2802 2418 2940 2475 Sunt
2975 2419 3139 2490 igitur
3175 2421 3290 2475 hzec
3320 2419 3410 2473 illa

1851 2517 1974 2580 tria,
2037 2517 2090 2569 in
2143 2515 2340 2584 quibus
2379 2529 2468 2568 rex
2491 2523 2676 2569 noster
2696 2513 2946 2570 Christus
2975 2514 3028 2568 in
3055 2515 3269 2569 deserto
3291 2529 3412 2566 orn-

1850 2622 1972 2661 nem
2032 2607 2315 2660 victoriam
2363 2605 2671 2674 complevit,
2720 2605 2924 2660 scilicet
2979 2606 3124 2675 gula,
3157 2605 3408 2670 avaritia,

1848 2709 1903 2750 et
1953 2711 2088 2750 vana
2132 2697 2321 2766 gloria,
2382 2708 2728 2764 prosternens
2785 2710 2847 2750 ca
2875 2711 2970 2765 per
3001 2697 3408 2762 abstinentiam,

1849 2791 2232 2854 humilitatem,
2286 2798 2340 2842 et
2390 2788 2712 2851 orationem,
2771 2788 3042 2857 accipiens
3073 2789 3295 2857 angelos
3317 2789 3413 2841 mi-

1852 2883 2052 2936 nistros
2109 2881 2175 2936 ³³.
2230 2879 2354 2934 Nisi
2410 2881 2580 2948 prius,
2645 2881 2699 2931 in
2751 2879 2835 2931 die
2881 2880 3092 2943 animm,
3125 2894 3240 2932 sero
3288 2879 3410 2947 fiat.

1853 2968 1986 3022 Sero
2017 2976 2068 3022 ct
2102 2967 2476 3022 obtenebratio
2503 2967 2718 3030 aninne,
2755 2976 2839 3021 cst
2868 2967 3212 3036 negligentia,
3271 2967 3413 3021 obli-

1852 3061 1957 3125 vio,
1982 3070 2036 3114 et
2066 3059 2525 3126 concupiscentia.
2573 3058 2779 3113 Etenim
2826 3059 2930 3128 nisi
2989 3073 3083 3127 per
3149 3060 3412 3129 concupi-

181 3150 374 3216 ntittit,
439 3160 495 3204 et
539 3166 646 3204 non
693 3151 992 3216 Christum,
1024 3156 1116 3208 sed
1149 3156 1271 3208 vitae
1293 3154 1523 3211 labentis
1546 3170 1820 3239 concu-c
1850 3153 2134 3216 scentiam,
2161 3152 2215 3205 in
2254 3150 2608 3220 ignorantiam
2657 3160 2713 3205 et
2766 3149 3091 3204 oblivionem
3152 3161 3206 3205 et
3259 3153 3412 3206 inso-

179 3241 506 3307 pisccntiam
585 3251 640 3295 et
704 3244 1006 3308 superbiam
1065 3245 1324 3324 imitatur.
1393 3244 1541 3301 Vana
1603 3247 1747 3302 enim

179 3333 358 3400 gloria
429 3341 486 3387 et
544 3333 816 3402 superbia,
879 3336 1081 3390 servire
1125 3347 1344 3406 peccato
1365 3353 1460 3408 per
1493 3354 1748 3408 prospera

176 3433 240 3478 et
293 3424 613 3480 delectantia
661 3429 860 3496 (quasi
911 3428 1101 3499 licita)
1143 3428 1368 3493 faciunt,
1419 3439 1474 3484 et
1505 3441 1746 3486 nostram

183 3520 430 3589 tepidam
475 3521 658 3576 taliter
715 3523 1042 3578 voluntatem
1099 3525 1369 3580 illudendo
1400 3525 1668 3592 inliciunt,
1697 3535 1752 3581 et

181 3629 216 3663 ει
287 3610 445 3664 bonis
493 3613 678 3680 gratia:
726 3614 935 3667 steriles
967 3614 1242 3669 reddunt:
1283 3613 1494 3669 Natura
1536 3617 1659 3684 fert,
1692 3625 1750 3670 ut

177 3701 444 3754 sterilitas
513 3702 837 3773 deiectusque
869 3706 1136 3772 fructuum
1164 3707 1606 3780 cicerorunt(z3);
1641 3719 1746 3764 etc.

177 3793 504 3863 llypccrisis
531 3795 886 3850 observantiae
932 3798 1309 3853 mandatorum
1342 3800 1432 3854 Dei
1499 3813 1603 3866 est,
1630 3815 1751 3871 quae

178 3886 326 3939 facit
359 3887 682 3940 monachum
710 3887 837 3941 huic
861 3891 1058 3943 saeculo
1087 3890 1439 3956 conformari,
1485 3891 1540 3946 in
1591 3908 1751 3946 mun-

178 3979 351 4033 danis
413 3979 668 4048 operibus
723 3982 929 4048 extolli,
984 3993 1037 4037 et
1066 3986 1212 4038 varie
1246 3983 1508 4053 implicari
1539 4005 1553 4040 :
1583 4001 1752 4056 quare

175 4081 240 4124 et
272 4070 339 4123 ab
359 4071 616 4139 Aposmlo
641 4073 706 4136 ³¹,
738 4075 830 4143 qui
863 4076 984 4129 talis
1023 4085 1126 4142 est,
1172 4090 1278 4130 non
1309 4077 1582 4130 immerito
1611 4079 1751 4131 otio-

176 4178 286 4215 sus
312 4163 611 4231 appellatur
635 4173 688 4217 ct
729 4167 949 4220 sterilis.
985 4167 1086 4233 Qui
1134 4177 1312 4220 antem
1375 4170 1750 4222 mandatorum

179 4253 286 4308 Dei
347 4253 520 4308 ﬁdelis
576 4267 827 4323 operator
876 4260 1110 4322 exsistit,
1166 4259 1460 4313 humilibus
1490 4259 1753 4314 fructibus

177 4349 423 4415 plenus,
473 4344 726 4400 deorsum
779 4348 1124 4413 incurvatus,
1180 4350 1604 4420 longanimitatis
1660 4367 1752 4406 ra-

176 4453 312 4491 mos
340 4438 405 4492 ad
429 4439 885 4494 snbsannationes
917 4449 973 4494 et
992 4439 1270 4494 illusiones
1297 4454 1348 4495 et
1401 4443 1776 4497 cxcussiones-

176 4533 560 4594 sustinendus,
617 4532 870 4586 omnibus
916 4533 1099 4586 tradit.
1149 4532 1406 4586 Naturam
1443 4535 1602 4603 igitur
1635 4535 1750 4588 vin-
1787 4510 1828 4563 θ

174 4639 321 4679 cens
371 4624 464 4693 qui
519 4624 740 4678 humilis
784 4634 886 4688 est,
944 4624 1111 4678 altum
1171 4640 1357 4694 sapere
1405 4627 1622 4691 nescit;
1658 4628 1750 4681 sed

179 4717 515 4771 humilitatis
572 4718 792 4784 spiritus
845 4726 996 4771 actus
1016 4717 1090 4770 illi
1118 4732 1174 4771 se
1207 4716 1512 4772 conformat
1539 4721 1631 4786 qui
1669 4734 1754 4772 sc-

175 4807 485 4876 metipsum
549 4807 846 4860 exinanivit
901 4805 1078 4862 factus
1134 4807 1392 4863 obediens
1455 4823 1626 4877 usque
1685 4809 1752 4862 ad

177 4908 443 4961 mortem,
502 4906 728 4951 mortem
778 4905 956 4950 autem
1018 4897 1198 4952 crucis
1227 4897 1294 4950 ³².
1344 4897 1500 4963 Hinc,
1532 4907 1754 4953 sanctus

174 4989 345 5053 dicit,
374 4991 499 5058 quia
527 4989 762 5054 arbores,
794 4999 901 5042 etc.
936 4988 957 5059 ι
984 4987 1100 5044 Νοη
1125 4998 1229 5053 e5t,
1259 4988 1310 5040 in
1355 4998 1600 5042 creatura
1631 5004 1756 5058 par-

178 5099 319 5136 vum
343 5093 398 5134 et
430 5097 683 5151 maguum
715 5082 894 5152 ignem
927 5091 1120 5135 natura
1141 5081 1360 5147 videre;
1394 5091 1448 5134 et
1488 5096 1596 5135 non
1648 5093 1754 5145 εει,

176 5177 244 5230 in
308 5175 630 5239 humilitate,
686 5177 922 5229 materia:
979 5175 1213 5244 speciem
1271 5175 1506 5245 aliquam
1541 5175 1758 5244 penitus

179 5266 542 5341 remanere]
572 5266 629 5320 In
657 5267 870 5322 sincera
898 5267 1225 5328 humilitate,
1262 5268 1499 5321 materiae
1549 5267 1759 5336 species

181 5373 304 5411 non
367 5366 630 5419 remanet,
687 5357 814 5426 quia
849 5359 1088 5426 perfecta
1120 5357 1398 5412 humilitas
1423 5357 1556 5410 nihil
1585 5356 1761 5427 diligit

175 5449 430 5502 vitiose:
467 5455 522 5501 et
547 5448 790 5503 omnium
842 5466 963 5518 qua:
1011 5450 1113 5504 sub
1177 5449 1316 5503 ctelo
1372 5458 1498 5505 sunt
1540 5448 1755 5513 oblita;

177 5538 375 5594 solum
397 5552 517 5607 qua:
549 5550 677 5592 sunt
723 5537 816 5593 Dei
860 5541 1003 5609 sapit
1025 5549 1080 5596 et
1108 5541 1288 5596 sentit.
1323 5538 1383 5595 Si
1427 5539 1672 5609 superbia
1695 5555 1760 5593 ea:

271 5699 313 5728 ³¹
356 5696 509 5750 Ilom.
554 5714 648 5762 xn,
684 5698 736 5750 ‘2.
815 5699 857 5730 ³³
895 5697 1125 5768 Philipp.
1161 5715 1219 5761 ιι,
1247 5700 1303 5760 7,
1354 5699 1407 5752 8.

1849 3245 2066 3300 lentiam
2091 3245 2460 3308 incidet-imus,
2494 3245 2563 3298 ab
2588 3245 2923 3313 operatione,
2953 3259 3075 3313 qua:
3106 3253 3189 3298 est
3217 3259 3414 3298 secun-

1848 3340 1976 3394 dum
2034 3339 2370 3400 mandatum,
2426 3353 2532 3390 non
2593 3337 2885 3391 etlieicmur
2951 3346 3244 3402 exsortes;
3306 3337 3416 3392 nisi

1849 3445 2005 3485 mens
2059 3430 2415 3491 tenebrescat,
2467 3442 2572 3483 non
2631 3429 3059 3483 dominabuntur
3104 3429 3152 3483 ei
3206 3429 3332 3482 vitia
3360 3439 3415 3484 et

1849 3525 2147 3594 passiones:
2176 3521 2522 3580 Persuadebit
2547 3521 2640 3574 tibi
2671 3521 2748 3587 id,
2771 3522 2998 3590 penitus,
3045 3522 3091 3574 is
3139 3522 3250 3591 qui,
3307 3531 3414 3575 etc.

1851 3616 1928 3670 De
1970 3615 2163 3669 abbate
2218 3613 2401 3667 Leone
2451 3613 2602 3678 dicit,
2643 3613 2736 3682 qui
2800 3612 3038 3682 seipsnm
3093 3612 3147 3666 in
3187 3622 3413 3667 mortem

1851 3721 1951 3778 pro
1999 3707 2232 3776 quodam
2288 3704 2453 3760 fratre
2508 3705 2788 3759 liberando
2833 3704 3052 3758 tradidit
3097 3715 3415 3773 spontanee.

1857 3797 1947 3851 Vel
2002 3798 2068 3852 de
2116 3797 2346 3851 militum
2406 3798 2750 3866 magistiano,
2802 3796 2976 3864 quiin
3009 3795 3274 3848 Corintho
3315 3809 3414 3863 pro

1851 3891 2132 3960 cujusdam
2199 3890 2424 3961 virginis
2453 3890 2712 3944 servanda
2740 3887 3067 3958 virginitate.
3093 3887 3414 3959 martyrium

1851 3983 2014 4054 elegit
2067 3982 2363 4051 suscipere.
2420 3980 2801 4034 Intellectnalis
2841 3996 3004 4044 mens,
3041 3979 3413 4032 intellectualis

1851 4075 2011 4128 etiam
2065 4089 2267 4134 sensus,
2290 4082 2397 4126 etc.
2424 4071 2840 4125 Intellectualem
2887 4086 3105 4126 sensum
3132 4081 3185 4125 et
3228 4071 3416 4141 cogni-

1856 4167 2055 4220 tionem
2107 4165 2308 4229 habet;
2378 4179 2561 4232 quem,
2621 4163 2675 4216 in
2719 4163 2876 4218 nobis
2921 4172 2978 4216 et
3037 4178 3140 4216 non
3173 4164 3226 4216 in
3260 4163 3418 4216 nobis

1854 4256 2226 4318 cxsistentem,
2282 4269 2523 4321 quaerere
2604 4270 2710 4308 non
2771 4268 3070 4308 cessemus.
3147 4252 3204 4306 In
3261 4251 3420 4306 nobis

1854 4358 1938 4403 est
1971 4348 2348 4404 intellectualis
2375 4362 2590 4412 sensus,
2617 4348 2757 4402 sicut
2791 4349 3071 4402 cohaerens
3120 4356 3175 4401 et
3210 4347 3419 4402 unitns.

1856 4437 2018 4492 Menti
2049 4438 2103 4492 in
2131 4438 2278 4492 omni
2308 4439 2548 4504 homine,
2602 4453 2712 4492 non
2740 4438 2792 4492 in
2828 4438 2984 4492 nobis
3023 4452 3171 4501 vero,
3226 4452 3420 4506 quem-

1858 4528 2146 4582 admodum
2174 4528 2520 4597 passionibus
2542 4538 2762 4596 opertus
2787 4528 2840 4581 in
2877 4527 3084 4581 vitiosis
3130 4529 3419 4590 exsistens,

1859 4627 1912 4671 et
1958 4619 2078 4672 sine
2122 4617 2435 4686 operatione
2487 4629 2667 4672 manet
2720 4618 3027 4687 incognitus
3067 4627 3121 4672 et
3151 4633 3419 4687 nusquam

1858 4724 2149 4778 apparens.
2210 4709 2386 4775 Hunc,
2439 4722 2684 4774 sanctus,
2742 4726 2806 4764 ex
2865 4719 2976 4764 toto
2996 4712 3426 4780 cordcqnaarere

1859 4802 2145 4867 admouet;
2177 4802 2326 4871 quia,
2358 4817 2480 4855 cum
2504 4802 2557 4854 in
2592 4803 2750 4857 nobis
2781 4802 2966 4865 fuerit,
2987 4803 3117 4856 vitia
3170 4802 3426 4856 universa

1861 4897 2082 4965 repellet
2115 4915 2128 4950 :
2187 4911 2348 4964 quem
2378 4907 2433 4952 et
2464 4895 2708 4949 divinum
2749 4896 2900 4956 dicit.
2934 4895 3059 4964 quia
3124 4910 3220 4965 per
3267 4895 3429 4949 Chri-

1861 4989 1929 5044 sti
1963 5002 2188 5042 mortem
2245 4996 2300 5043 et
2361 4988 2688 5056 baptismum
2733 4999 2786 5042 ct
2834 4988 3081 5057 spiritum
3149 4993 3436 5050 sanctum,

1861 5095 2019 5149 quem
2047 5079 2236 5134 eﬂ'udit
2268 5078 2321 5134 in
2350 5079 2527 5141 nobis,
2554 5087 2837 5149 reparatus
2865 5087 2968 5132 est.
3005 5076 3108 5129 Pro
3136 5075 3436 5146 purgandis.

1862 5174 2124 5238 sordibus,
2156 5173 2464 5228 obedientia:
2501 5171 2693 5225 bibisse
2727 5173 2989 5238 poculum.
3019 5168 3246 5224 Sordem
3293 5167 3428 5222 dicit

1863 5264 2116 5319 advenire
2143 5273 2197 5317 et
2233 5265 2285 5317 in
2311 5278 2476 5317 carne
2521 5263 2634 5317 lieri
2678 5277 2744 5316 ex
2795 5259 3140 5313 immunditia
3193 5257 3430 5312 delecta-

1866 5356 2070 5409 tionem
2107 5374 2120 5410 :
2156 5355 2372 5409 oculum
2408 5369 2538 5407 vero
2566 5355 2761 5407 anima:
2790 5351 2923 5406 dicit
2953 5351 3284 5404 intellectum
3347 5348 3426 5402 vi-

1862 5449 2001 5502 tiosa
2032 5447 2310 5502 alleetione
2365 5447 2694 5500 inlirmatttm
2748 5454 2804 5498 et
2858 5442 3261 5498 conturbatum.
3319 5439 3426 5493 Sed

1865 5541 2009 5595 hunc
2058 5541 2272 5595 silentio
2321 5539 2568 5610 adjuvari
2619 5545 2854 5600 constat,
2914 5549 2979 5589 eo
3007 5532 3150 5603 quod
3186 5530 3428 5591 multilo-
3482 5570 3485 5572 -

1485 5699 1528 5731 ³³
1581 5697 1766 5752 Matth.
1813 5698 1940 5762 tv,l
2003 5714 2153 5767 set‘lq.

275 5812 384 5879 (‘23,)
417 5811 604 5869 illc-lius
647 5813 663 5877 (
695 5813 884 5882 opinor
910 5815 924 5868 l
955 5825 1108 5870 vetus
1154 5815 1440 5885 interpres,
1501 5819 1739 5881 qna'dant
1779 5815 2020 5870 arborum
2049 5829 2161 5881 mue
2189 5813 2433 5867 dicuntur
2454 5823 2608 5882 egtrt.
2653 5821 2754 5864 etc.
