4222 6448
756 395 894 458 12⁸19

1903 397 1956 452 S.
2003 394 2316 454 JUASNIS
2353 395 2870 453 RAITHL'ENSIS

3859 393 3998 455 12w

751 509 963 573 quium,
1013 508 1245 559 calorem
1305 508 1529 574 spiritus
1589 505 1883 574 rxstinguit
1933 507 1988 558 in
2019 507 2221 567 anima,
2261 516 2316 558 et
2349 513 2391 565 Α
2420 504 2505 556 sui
2545 520 2736 574 agrum
2786 506 2858 558 ab
2912 505 3060 557 omni
3123 505 3540 572 inquinamento
3601 515 3883 574 expurget,
3929 522 3997 560 ac

753 600 933 653 ﬂuxus
963 598 1160 662 facere,
1194 610 1445 651 naturam
1479 599 1662 651 habet.

822 689 961 746 llinc
984 701 1206 746 sanctus
1229 693 1395 744 dicit:
1439 694 1543 754 Qui
1571 691 1724 743 habet
1752 707 1907 744 aures
1937 693 2189 743 audiendi
2216 708 2316 742 au-

751 785 865 836 diat
888 787 966 836 “.
1030 782 1218 853 Itaque
1271 786 1314 836 si
1347 785 1477 836 mihi
1504 786 1856 849 obtemperare
1893 787 2069 836 cultis.
2104 785 2202 850 εἰ(
2234 785 2311 835 in-

751 874 906 940 quit)
965 871 1129 926 vultis
1175 872 1306 924 mihi
1353 872 1592 932 obedire,
1647 872 1822 924 dicam
1860 871 2013 923 vobis
2045 872 2319 937 quomodo

751 967 1058 1018 demonum
1094 964 1331 1018 infinitas
1366 979 1573 1034 pugnas
1621 962 1856 1032 fugietis.
1911 961 2029 1015 Vita
2056 979 2121 1015 cx
2172 978 2318 1015 mor-

752 1067 826 1114 te,
893 1055 1104 1116 requies
1146 1069 1213 1106 rx
1266 1053 1598 1121 passioneet
1666 1052 1867 1111 labore,
1929 1061 1982 1103 et
2039 1053 2208 1116 gloria
2251 1067 2318 1104 ex

752 1144 1046 1209 ignominia
1109 1143 1334 1204 Christi,
1390 1143 1514 1195 data
1575 1152 1630 1195 et
1682 1152 1803 1196 nata
1854 1153 1934 1194 est
1983 1140 2314 1193 hominibus.

754 1232 967 1287 Utiliter
995 1236 1188 1286 horum
1216 1235 1532 1286 memoriam
1563 1244 1725 1295 tenet,
1760 1233 1852 1302 qui
1893 1233 2135 1292 divitias,
2183 1232 2320 1284 deli-

753 1330 890 1387 cias,
947 1337 1002 1380 et
1055 1328 1367 1380 altitudines
1425 1328 1544 1380 vita:
1601 1328 1761 1393 hujus
1813 1328 2210 1395 pratereuntis,
2265 1339 2322 1379 et

751 1420 1017 1488 requiem,
1077 1434 1128 1471 et
1180 1420 1590 1478 delectationes.
1644 1432 1696 1470 et
1737 1417 2213 1486 concupiscentias
2237 1417 2320 1469 fu-

753 1512 851 1580 git,
881 1514 1086 1580 spernit
1106 1522 1160 1566 et
1183 1514 1331 1576 odit;
1395 1522 1446 1564 et
1499 1511 1877 1573 verecundius,
1927 1511 2317 1574 tribulationes,

752 1614 808 1656 et
861 1605 1076 1659 dolores
1125 1605 1317 1673 quierit
1360 1613 1416 1657 et
1437 1604 1630 1672 diligit,
1673 1613 1731 1655 ut
1759 1604 2035 1657 Christum
2059 1603 2317 1663 imitetur,

754 1695 872 1747 sine
909 1695 1067 1763 cujus
1095 1709 1281 1748 amore
1309 1705 1471 1748 nemo
1515 1696 1774 1748 salvatur.
1815 1695 2030 1747 Deliciae
2055 1691 2318 1760 (fratres)

753 1787 1081 1840 resuscitant
1111 1787 1260 1850 vitia,
1288 1798 1342 1840 et
1367 1788 1536 1856 gloria
1562 1796 1616 1840 et
1648 1786 1860 1856 requies
1888 1788 2086 1842 carnis.
2127 1799 2320 1838 omnes

751 1876 1019 1946 malignas
1055 1875 1523 1944 concupiscentias
1571 1892 1692 1944 qua:
1745 1877 1954 1928 variant
1983 1884 2039 1928 et
2070 1875 2318 1926 dividunt

752 1968 1002 2022 homines
1060 1983 1089 2021 a
1148 1967 1257 2021 Deo
1305 1976 1361 2021 et
1409 1968 1606 2022 diaboli
1656 1969 1894 2022 subdunt
1920 1966 2165 2035 imperio.
2211 1964 2315 2030 Qui

753 2071 935 2115 au‘em
981 2061 1094 2114 odit
1158 2076 1272 2123 eas,
1317 2068 1374 2114 et
1428 2060 1792 2121 abominatnr,
1821 2070 1874 2112 et
1903 2061 1993 2129 fug
2009 2069 2058 2122 ι,
2086 2075 2191 2111 non
2223 2073 2317 2110 va-

752 2153 926 2206 riatur
974 2170 1147 2222 neque
1197 2153 1457 2207 dividitur
1506 2169 1536 2204 a
1572 2153 1654 2205 via
1695 2151 1976 2213 virtutum,
2005 2152 2101 2206 sed
2139 2151 2319 2204 imita-

754 2252 845 2296 tur
895 2240 1193 2304 Christum,
1247 2252 1302 2296 et
1351 2257 1416 2296 ex
1464 2251 1576 2294 tota
1630 2239 1911 2295 aﬂectione
1966 2241 2207 2294 adhaeret
2241 2241 2314 2293 ei.

754 2333 1018 2389 Triuitute
1071 2334 1396 2388 beatissima.
1449 2335 1666 2387 Auxilio
1715 2335 1881 2405 igitur
1907 2344 1964 2387 et
1985 2334 2158 2404 gratia
2187 2349 2316 2388 san-

753 2439 853 2483 cta:
895 2427 1201 2494 Trinitatis,
1262 2439 1318 2481 et
1379 2444 1743 2498 compugnare
1778 2438 1833 2482 et
1866 2428 2120 2482 resistere
2145 2427 2320 2482 tribus

752 2520 1179 2586 generalissimis
1234 2520 1380 2574 vitiis
1429 2521 1785 2585 valebimus;
1862 2520 2034 2572 amori
2111 2519 2316 2590 glorite,

753 2614 926 2667 amori
978 2613 1430 2682 concupiscentia:
1488 2625 1542 2666 et
1592 2613 1989 2668 delectabilium
2050 2623 2104 2665 et
2142 2613 2317 2666 amori

751 2707 998 2778 pecunia:
1052 2716 1104 2760 et
1159 2706 1340 2759 omnis
1387 2705 1749 2776 cupiditatis:
1815 2722 1859 2758 Si
1919 2716 2097 2759 tamen
2127 2706 2191 2758 ad
2217 2722 2317 2773 pu-

752 2814 913 2866 gnam
940 2797 1338 2866 perrexerimns
1363 2797 1554 2850 muniti
1577 2797 1750 2850 tribus
1771 2797 2081 2859 virtutibus,
2114 2797 2320 2850 scilicet

751 2890 1104 2948 abstinentia.
1126 2890 1389 2943 charitate
1410 2899 1463 2943 et
1502 2889 1843 2943 humilitate:
1877 2904 2002 2941 nam
2043 2889 2316 2942 carnalem

751 2996 991 3035 amorem
1018 2981 1280 3034 interimit
1310 2981 1632 3035 abstinentia
1657 2997 1675 3045 ;
1706 2993 1946 3033 amorem
1977 2980 2182 3049 gloriae,
2215 2980 2318 3032 hu-

750 3071 952 3126 militas
984 3087 1263 3136 ;amorem
1295 3073 1555 3138 pecuniae,
1583 3071 1841 3134 charitas,
1859 3070 2002 3125 sicut
2021 3071 2321 3125 communi—

2417 611 2541 650 eu
2563 613 2686 650 cu
2721 599 2914 651 timore
2933 599 3236 650 casti-dial:
3269 596 3478 649 latitia
3509 597 3716 664 quidem
3758 609 3855 649 au
3911 599 3996 650 rio

2420 691 2567 741 riuus.
2597 688 2798 743 Malitia
2857 701 2944 743 est
2969 689 3132 743 fallax
3155 689 3420 758 judicia
3441 704 3633 743 eorum
3673 704 3796 756 qua
3838 690 3997 742 intel-

2419 781 2731 850 telliguutur
2757 791 2814 834 et
2837 782 3166 834 sentiuntur.
3195 779 3352 846 Quod
3377 782 3626 850 sequitur
3651 783 3860 835 abusa:
3877 783 3990 836 lii.-

2419 886 2618 923 rerum.
2675 869 2876 925 Malitia
2954 882 3040 924 est
3072 873 3340 940 malignus
3372 887 3505 926 usus
3529 887 3721 924 eorum
3750 887 3996 940 qualo-

2423 963 2509 1016 his
2572 963 2627 1015 in
2687 963 2890 1015 bonum
2915 977 2949 1016 a
2978 962 3086 1017 Deo
3112 963 3236 1016 data
3263 974 3412 1017 suat.
3449 961 3652 1016 Vitia-
3698 973 3786 1017 est
3809 972 3994 1015 motus

2418 1054 2635 1112 animae.
2685 1063 2876 1108 contra
2933 1064 3204 1120 naturam,
3265 1055 3347 1107 vel
3393 1055 3462 1108 ad
3509 1055 3812 1109 amicitiam
3860 1055 3996 1107 irra-

2420 1145 2681 1198 tionalem
2727 1148 2811 1199 vel
2854 1145 2923 1200 ad
2971 1147 3157 1199 odium
3223 1147 3596 1200 indiscretum.
3659 1145 3722 1198 lu
3760 1147 3992 1206 duabus,

2419 1236 2666 1293 maxime,
2719 1235 3048 1304 generalibus
3069 1235 3380 1286 uirtutibus.
3439 1232 3496 1286 In
3527 1233 3857 1287 abstinentia
3889 1233 3994 1284 hu-

2420 1328 2533 1378 mili
2593 1337 2647 1378 et
2706 1327 3014 1379 obedientia
3039 1325 3270 1393 simplici
3304 1343 3320 1378 :
3353 1339 3612 1394 quarum,
3645 1324 3818 1392 prima
3865 1322 3990 1384 qui-

2427 1419 2547 1470 dem
2613 1418 3060 1487 concupiscentia
3109 1428 3166 1471 et
3227 1417 3616 1471 delectationes
3685 1413 3993 1475 interimit;

2425 1510 2664 1564 secunda
2695 1524 2828 1563 vero
2855 1525 2954 1578 per
2977 1509 3448 1563 mortificationem
3509 1505 3806 1561 voluntatis
3857 1505 3994 1559 inte

2422 1605 2584 1655 ritum
2624 1603 2868 1656 roborat.

2491 1695 2650 1746 Aliud
2672 1705 2750 1746 est
2780 1695 3162 1763 cogitationum
3187 1693 3452 1746 custodia.
3505 1692 3764 1746 Custodia
3794 1691 3994 1744 mentis

2421 1799 2523 1848 est,
2549 1785 2877 1840 reformatas
2905 1797 2963 1840 es
2999 1787 3278 1840 immissas
3309 1786 3364 1838 in
3411 1794 3591 1839 mente
3615 1800 3711 1854 per
3733 1785 3991 1843 inultum,

2417 1879 2775 1948 cogitationes
2845 1888 3096 1946 potenter
3156 1878 3428 1946 expellere
3471 1894 3484 1926 :
3539 1879 3814 1931 servantia
3863 1891 3996 1930 vero

2419 1975 2619 2028 mentis
2658 1985 2775 2039 est,
2841 1975 3018 2044 ipsam
3063 1976 3288 2027 omnin
3351 1988 3461 2026 non
3519 1973 3921 2042 receptibilem,
3959 1988 3990 2024 a

2417 2067 2808 2134 cogitationm
2859 2065 3036 2120 inulto
3082 2081 3326 2123 servare.
3380 2067 3514 2119 etin
3549 2065 3752 2119 divinis
3775 2080 3994 2133 semper

2417 2158 2709 2211 extendere
2735 2168 2792 2212 et
2835 2158 3069 2212 elevare.
3126 2157 3294 2221 Item,
3339 2159 3590 2212 custodia
3644 2158 3844 2210 mentis
3886 2167 3990 2213 est.

2418 2253 2684 2319 agonibus
2732 2261 2790 2304 et
2842 2251 3186 2304 orationibus
3224 2252 3435 2319 species
3467 2251 3860 2319 cogitationum
3907 2265 3992 2302 re-

2419 2344 2638 2411 pulsare
2671 2361 2685 2394 :
2719 2343 2992 2396 servantia
3037 2357 3167 2395 vero
3201 2341 3400 2395 mentis
3447 2351 3562 2404 est,
3609 2339 3994 2408 incaptivahilc

2419 2451 2536 2498 cor,
2561 2446 2616 2488 et
2645 2434 2970 2488 incurabilis
2996 2433 3202 2488 Christi
3231 2445 3360 2488 tesn
3395 2432 3692 2486 memoris.
3723 2430 3888 2483 Aliud
3918 2439 3994 2481 est

2419 2536 2601 2579 contra
2622 2525 2962 2594 cogitationes
3023 2541 3196 2577 orare.
3254 2522 3369 2576 lloc
3406 2523 3677 2591 primum,
3727 2530 3816 2574 est
3842 2520 3994 2573 inﬁr-

2421 2633 2637 2673 morum
2662 2630 2721 2672 et
2744 2617 3074 2672 initiantiu
3101 2635 3120 2680 ;
3147 2617 3447 2672 mindum
3472 2625 3557 2669 est
3595 2612 3991 2682 proficientium

2419 2725 2472 2766 et
2517 2712 2838 2765 luctantium
2872 2710 3125 2779 (25-26);
3152 2711 3370 2763 tertium
3398 2719 3484 2762 est
3523 2706 3913 2777 pcrfectorum,
3939 2714 3995 2758 et

2419 2806 2945 2873 contemplandum,
2988 2812 3044 2857 et
3089 2802 3616 2871 incxpngnabilium.
3661 2797 3994 2866 lupossibile

2417 2906 2497 2949 est
2522 2912 2614 2963 per
2642 2906 2919 2948 natarunt.
2966 2894 3120 2950 licus
3157 2895 3415 2953 humana,
3455 2892 3775 2946 naturaliter
3823 2891 3990 2943 insta-

2419 2987 2545 3040 bilis
2573 3000 2657 3041 est
2701 2997 2757 3041 et
2795 2989 3114 3058 incorporea
3145 3005 3159 3040 :
3189 3003 3313 3056 qua:
3356 2997 3486 3041 tunc
3529 3001 3559 3038 a
3603 2999 3704 3039 suo
3745 2995 3895 3037 motu
3942 2991 3994 3035 et

2420 3080 2568 3132 \aria
2635 3079 2955 3134 seductione
3007 3080 3286 3134 stabilitur
3366 3091 3420 3133 et
3491 3078 3683 3130 necubi
3753 3076 3995 3129 errando

751 3165 926 3218 cativa
960 3172 1135 3218 necat.
1189 3161 1285 3217 Est
1343 3163 1552 3233 quidem
1601 3163 1913 3232 perdifﬁcile
1965 3179 2054 3217 eas
2113 3173 2390 3242 pertur-c
2421 3171 2717 3240 spargitur,
2768 3186 2893 3224 cum
2945 3170 3088 3235 Deo,
3121 3184 3216 3240 per
3252 3167 3510 3239 Spiritum
3541 3179 3792 3221 sanctum
3842 3164 3998 3218 unita

750 3258 1009 3310 batioues.
1064 3255 1380 3324 Ubicunque
1406 3255 1755 3325 praesumptio
1789 3256 1872 3311 vel
1907 3256 2320 3324 praeassumptio

752 3353 833 3401 vel
888 3346 1195 3416 praecaptio,
1250 3347 1364 3401 sive
1429 3347 1482 3400 in
1539 3345 1819 3416 singulari,
1879 3347 1995 3400 sive
2039 3347 2092 3398 in
2123 3345 2316 3415 plurali

749 3455 980 3494 numero
1031 3439 1291 3496 scribitur
1339 3439 1392 3493 in
1449 3439 1557 3493 hoc
1614 3439 1789 3502 libro;
1856 3449 2315 3508 pmorieratorum

750 3534 1002 3586 vitiarunt
1035 3548 1142 3586 non
1173 3531 1531 3587 voluntariam
1557 3534 1873 3585 memoriam
1902 3542 1957 3586 et
1985 3533 2315 3599 passionem,

750 3622 866 3676 sive
896 3640 989 3691 per
1029 3623 1295 3686 auditum,
1346 3623 1464 3678 sive
1515 3622 1671 3676 aliter
1717 3622 2114 3686 advenientem,
2165 3623 2316 3676 dicit.

753 3712 928 3776 Unde,
987 3715 1336 3786 praesumptio
1385 3716 1501 3770 sive
1553 3715 1967 3784 pracassumptio
2010 3725 2115 3775 est,
2145 3730 2209 3769 ex
2239 3716 2320 3768 vi-

751 3804 890 3858 tiosa
939 3804 1252 3873 operatione
1292 3813 1349 3858 et
1399 3807 1796 3858 consuetudine
1856 3805 2014 3860 nobis
2071 3806 2318 3860 immissa

749 3904 805 3949 et
861 3894 1156 3948 adveniens
1204 3909 1327 3949 cum
1382 3895 1748 3950 abstractione
1795 3895 2043 3949 tentatio.
2089 3894 2321 3964 thno-

749 3991 898 4044 niam
928 4006 993 4045 ex
1014 3999 1142 4044 ante
1170 3991 1396 4059 patratis
1420 3990 1595 4060 culpis
1629 4006 1782 4045 mens
1831 4000 1886 4046 et
1947 4001 2133 4046 nostra
2189 4005 2320 4046 caro

748 4083 1102 4137 vehementer
1155 4085 1493 4152 plerumque,
1556 4091 1616 4136 ut
1676 4083 2025 4138 cicatricibus
2098 4083 2317 4144 sauciae,

748 4173 1066 4227 earumdem
1113 4173 1389 4228 memoriis
1433 4174 1590 4244 quasi
1615 4177 1842 4244 plagam:
1867 4183 2206 4240 putrescunt,
2264 4185 2320 4229 et

751 4264 856 4318 sub
898 4265 1082 4319 multis
1149 4265 1539 4319 tentationibus
1592 4265 1974 4319 miserabiliter
2023 4266 2316 4320 incurvan-

750 4363 860 4416 tur,
894 4354 1014 4406 ideo
1043 4364 1267 4408 sanctus
1295 4355 1424 4408 dicit
1457 4373 1469 4407 :
1498 4353 1594 4408 Est
1622 4355 1829 4424 quidem
1845 4355 2182 4424 perdifﬁcile,
2210 4367 2315 4410 etc.

822 4444 1051 4500 Timoris
1104 4445 1318 4498 Domini
1371 4446 1685 4514 exemplum.
1744 4447 2138 4501 Condescendit
2163 4445 2320 4501 Pater

747 4545 948 4590 ucstra:
971 4535 1292 4597 infirmitati,
1321 4547 1375 4590 et
1391 4552 1456 4592 ex
1483 4537 1743 4600 minimis,
1793 4537 1950 4590 nobis
1974 4552 2165 4606 magna
2208 4547 2318 4591 tra-
2353 4517 2394 4569 ί)

749 4629 881 4682 dere
935 4640 1166 4682 conatur
1201 4645 1217 4681 :
1250 4629 1555 4682 erudiendo
1610 4643 1713 4682 nos
1747 4629 1995 4697 exemplo
2017 4629 2315 4683 bestiarqu

749 4728 807 4775 ut
849 4721 1055 4775 amoris
1104 4722 1423 4789 corpOralis,
1457 4723 1523 4774 ad
1561 4721 1946 4790 possidendum
1977 4722 2219 4776 divinum
2251 4723 2318 4775 ti-

750 4826 956 4865 morem
986 4821 1039 4866 et
1069 4828 1307 4867 amorem
1335 4831 1349 4866 :
1381 4823 1435 4868 et
1458 4814 1560 4868 hoc
1579 4813 1707 4882 quia
1734 4812 1970 4881 perfecte
2033 4812 2200 4866 Deum
2249 4815 2318 4864 ti-

750 4915 899 4953 mcre
951 4910 1006 4954 et
1069 4915 1254 4954 amare
1321 4916 1426 4954 11011
1486 4915 1777 4968 possumus
1831 4908 2046 4968 propter
2076 4907 2316 4950 nostram

752 4993 1071 5060 pravitatem
1101 5002 1157 5046 et
1184 4992 1573 5046 infirmitatem.
1636 4990 1691 5045 Si
1719 4995 1863 5045 enim
1896 4991 2319 5057 intclligeremus

749 5081 883 5136 illud
936 5082 1082 5152 quod
1141 5085 1399 5153 magister
1463 5084 1813 5153 perfectionis
1858 5081 2320 5136 dicitzNoliteti-

747 5189 887 5228 mere
908 5189 994 5227 eos
1023 5175 1111 5240 qui
1135 5176 1381 5227 occidunt
1406 5191 1615 5241 corpus,
1648 5175 1740 5226 sed
1759 5175 1932 5240 potius
1983 5190 2099 5226 eum
2168 5175 2320 5224 time—

751 5275 800 5314 te
828 5261 919 5331 qui
941 5271 1109 5329 potest
1151 5252 1338 5330 corpus
1361 5272 1409 5314 et
1465 5263 1694 5314 animum
1749 5261 1960 5330 perdere
2015 5263 2070 5314 in
2135 5260 2320 5330 gehen-

748 5369 873 5407 nam
896 5353 961 5409 ³³.
987 5353 1050 5407 Ει
1075 5353 1239 5408 illud:
1303 5353 1500 5424 Diliges
1557 5353 1834 5406 Dominum
1860 5352 2027 5406 Deum
2048 5363 2217 5415 tuum,
2255 5367 2320 5404 ea:

749 5449 860 5497 toto
882 5445 1036 5496 corde
1067 5454 1177 5505 tuo,
1234 5454 1289 5500 et
1311 5461 1430 5514 quae
1461 5455 1759 5514 sequuntur
1782 5445 1826 5475 ³⁸
1855 5462 1867 5497 :
1923 5461 2029 5497 non
2086 5445 2153 5498 iis
2217 5446 2322 5496 titi-

749 5551 856 5602 que
887 5551 1025 5604 opus
1059 5536 1345 5591 habemus.
1429 5534 1549 5589 Vidi
1587 5538 1708 5588 item
1742 5535 2026 5604 agricolas.
2067 5535 2122 5588 In
2166 5535 2322 5588 ittlcl-

751 5627 962 5682 lectnali
1026 5628 1275 5683 Ecclesia:
1327 5629 1502 5692 vinea,
1551 5631 1853 5682 monachus
1896 5629 2124 5682 virtutes
2163 5644 2324 5680 exeo-

749 5718 862 5774 lere
929 5729 1153 5774 vocatus
1207 5730 1338 5787 est;
1395 5719 1540 5790 quod
1566 5733 1672 5773 non
1709 5719 1972 5787 implebit,
2023 5720 2124 5774 nisi
2145 5721 2325 5774 cui-dis

2419 3264 2747 3330 copulatur:
2779 3273 2910 3316 tunc
2959 3261 3107 3333 enim
3155 3261 3341 3314 omnia
3392 3261 3446 3312 in
3490 3258 3599 3312 Deo
3646 3258 3850 3321 habet;
3900 3255 3993 3323 qui

2420 3357 2674 3407 ultimum
2700 3369 2824 3408 vere
2843 3354 3239 3420 concupitum,
3264 3367 3359 3420 per
3389 3350 3631 3418 requiem
3659 3358 3715 3401 et
3744 3356 3967 3401 contem

2421 3445 2711 3513 plationem
2756 3453 2922 3498 tenet.
2967 3441 3063 3496 Vel
3101 3443 3183 3496 sic
3217 3443 3414 3495 iterum
3473 3438 3754 3506 intellige:
3798 3436 3998 3490 Anima

2420 3539 2762 3604 incorporea,
2799 3552 2830 3588 a
2875 3549 3106 3603 corpore
3140 3534 3469 3594 continetur,
3503 3528 3648 3598 quod
3678 3539 3786 3589 est,
3822 3527 3996 3580 solius

2421 3623 2651 3678 infinita:
2688 3622 2973 3691 sapientia:
2997 3636 3063 3674 ac
3094 3619 3353 3689 potentia:
3373 3633 3513 3688 opus
3541 3627 3596 3670 et
3619 3614 3995 3668 manifestatio

2419 3729 2582 3782 super
2629 3716 2927 3766 humanam
2977 3710 3247 3764 rationem
3292 3717 3348 3761 et
3390 3721 3645 3768 sensum;
3693 3704 3788 3757 sed
3823 3704 3994 3754 multo

2419 3805 2747 3860 inelfahilius
2772 3814 2878 3867 est,
2908 3801 3184 3871 quomodo
3201 3816 3295 3869 per
3324 3797 3584 3867 Spiritum
3607 3806 3858 3850 sanctum
3891 3792 3996 3846 Do-

2420 3899 2604 3950 minus
2649 3871 2718 3948 in.
2748 3909 2811 3949 ea
2857 3897 3086 3946 manet:
3120 3889 3406 3958 quoniam,
3441 3889 3532 3956 qui
3583 3887 3820 3938 adliceret
3862 3883 4000 3944 Deo,

2420 4004 2557 4042 unus
2586 3985 2806 4056 spiritus
2840 3994 2919 4038 est
2948 3984 3017 4038 ".
3045 4011 3116 4022 —
3145 3987 3296 4048 δωρι
3334 3979 3647 4047 cupiditatis
3681 3987 3841 4046 atque
3865 3992 3994 4030 aro-

2420 4081 2560 4135 ritite
2587 4080 2829 4148 spiritus.
2893 4075 3149 4146 Suggerit
3175 4075 3386 4127 damon
3414 4070 3688 4132 avaritia,
3717 4085 3828 4123 non
3864 4069 3997 4124 dare

2419 4175 2863 4241 eleemosynam;
2894 4168 2989 4223 sed
3021 4181 3117 4236 per
3149 4164 3545 4226 humilitatem,
3593 4161 3782 4231 fugere
3811 4162 3998 4216 unita-

2423 4272 2529 4316 tem
2551 4271 2606 4318 et
2634 4276 2831 4314 nomen
2865 4256 3298 4327 eleemosynarii.
3341 4254 3611 4324 Supponit
3631 4254 3780 4306 enim
3801 4291 3819 4311 .
3847 4255 3992 4321 quod

2420 4370 2487 4408 ex
2512 4355 2619 4408 hoc
2645 4352 2925 4406 hominum
2957 4349 3406 4419 complacentiam
3428 4347 3601 4416 fugies
3632 4365 3646 4400 :
3677 4347 3823 4400 sicut
3842 4362 3995 4399 vana-

2424 4444 2610 4516 gloria:
2643 4444 2884 4509 daemon,
2912 4443 2980 4497 ad
3003 4443 3451 4505 complacendum
3485 4439 3822 4501 hominibus,
3842 4453 3996 4506 pom-

2425 4556 2553 4610 pose
2571 4553 2624 4594 et
2645 4551 2968 4610 apparenter
2989 4538 3123 4592 dare
3141 4538 3353 4593 incitat.
3381 4535 3474 4590 Sic
3492 4536 3706 4590 daemon
3729 4534 3991 4587 luxuria:

2425 4632 2736 4684 luxuriosos
2794 4630 2940 4683 enim
2974 4671 2990 4687 .
3058 4629 3126 4681 ad
3190 4627 3533 4682 tribuendum
3587 4624 3992 4692 elecmosynam

2423 4724 2742 4774 exhortatur
2792 4733 2848 4774 et
2895 4721 3144 4780 inclinat,
3196 4703 3505 4785 specialiter
3553 4714 3892 4783 virginibus.
3940 4723 3996 4766 et

2423 4825 2652 4881 corpore
2682 4809 2939 4864 formosis
2965 4847 2982 4872 ,
3035 4819 3094 4862 ut
3146 4807 3512 4862 familiaritate
3544 4807 3724 4859 taliter
3784 4803 3994 4865 habita,

2421 4917 2545 4955 cum
2592 4901 2795 4956 eisdem
2845 4901 2898 4952 in
2953 4897 3168 4952 foveam
3234 4913 3348 4953 suae
3396 4895 3717 4966 perditionis
3770 4894 3993 4947 cadant.

2424 4991 2783 5057 Quantulum
2827 4994 2944 5061 quis
2999 4992 3187 5044 horum
3240 4991 3408 5044 altero
3463 4989 3625 5056 fuerit
3667 4988 3922 5038 humilior
3974 5000 3992 5034 :

2420 5083 2654 5136 Omnino
2685 5083 2774 5136 ille
2802 5083 2895 5150 qui
2940 5091 3064 5152 post
3093 5082 3347 5144 labores,
3386 5079 3858 5133 remunerationes
3897 5092 3992 5129 ac-

2421 5174 2573 5242 cipit,
2597 5183 2682 5228 est
2702 5173 2874 5242 magis
2900 5174 3144 5228 humilis.
3171 5173 3333 5226 Aliud
3387 5182 3466 5225 est
3502 5181 3798 5239 metutum,
3840 5170 3991 5223 aliud

2425 5265 2710 5318 otiosilas.’
2746 5262 3032 5318 Peccatum
3092 5277 3328 5332 namque
3371 5271 3457 5316 est
3508 5262 3742 5329 speciei,
3806 5261 3990 5323 modi,

2427 5355 2658 5419 ordinis,
2688 5365 2744 5409 et
2780 5355 3066 5426 dignitatis
3105 5356 3322 5424 proprie
3357 5353 3635 5422 corruptio
3663 5371 3676 5405 :
3708 5353 3831 5414 vel,
3869 5343 4005 5419 ιιι-οξ

2422 5439 2632 5509 catum,
2670 5455 2755 5498 est
2777 5445 2974 5498 divina:
2999 5444 3132 5512 legis
3165 5443 3558 5512 praavaricatio,
3585 5451 3639 5495 et
3682 5442 3990 5496 cmicstium

2425 5537 2795 5590 inobedientia
2837 5535 3240 5590 mandatorum.
3268 5534 3559 5596 ()tiositas,
3590 5543 3671 5586 cst
3697 5548 3804 5584 non
3837 5531 3994 5584 labo-

2428 5643 2549 5682 rare
2576 5637 2629 5682 et
2676 5642 2787 5680 non
2843 5629 3057 5696 operari
3096 5641 3256 5694 opera
3300 5623 3416 5687 Dei,
3457 5624 3599 5677 sicut
3628 5623 3735 5676 illis
3779 5621 3992 5673 dictum

2425 5731 2509 5774 est
2535 5738 2546 5772 :
2584 5718 2726 5783 Quid
2749 5720 2904 5774 statis
2931 5728 3045 5772 tota
3073 5719 3157 5771 die
3199 5718 3352 5771 otiosi
3380 5716 3467 5768 ³⁸ἳ
3507 5715 3843 5784 Negligentia
3886 5723 3990 5772 est.

821 5813 867 5845 “
918 5813 1108 5867 Matth.
1168 5831 1243 5878 xt,
1300 5815 1381 5868 l5.
1462 5815 1507 5846 ³³
1557 5813 1745 5869 llatth.
1785 5831 1838 5880 x,
1888 5819 1966 5868 l8.
2048 5815 2090 5846 “
2120 5817 2304 5870 Matth.
2340 5832 2470 5882 sxn,
2499 5815 2587 5869 57.
2662 5813 2705 5846 ³⁷
2736 5813 2754 5867 l
2790 5814 2916 5869 Cor.
2943 5828 3019 5878 Vl,
3055 5814 3144 5867 16.

822 5910 936 5982 (94)
965 5909 1130 5968 Vetus
1155 5911 1440 5984 interpres,
1475 5912 1636 5970 etiam
1669 5911 1816 5983 legit,
1877 5916 2093 5982 ultysstts

2508 5911 2722 5970 (εδ-εδ)
2751 5910 2915 5965 Vetus
2947 5911 3235 5979 interpres,
3272 5905 3683 5977 ugouiaoutiuut.
