4222 6448
223 461 358 527 1241

1404 467 1722 528 SCHOLIA
1761 467 1840 528 IN
1868 467 2277 528 CLIMACUM-

3323 459 3456 526 1242

221 573 438 645 cperari
475 571 714 642 quidem,
753 571 846 626 sed
875 571 1164 626 insolerter
1195 578 1248 625 et
1274 570 1541 662 indevote.
1577 570 1781 625 Vitium
1813 579 1854 632 Α
1887 572 2274 640 malignitatem
2305 609 2320 634 ,
2359 577 2412 624 et
2470 568 2778 638 superbiam
2839 566 2980 622 vitae.
3032 565 3219 621 Tertio
3242 605 3258 632 ,
3309 571 3455 638 quod

216 673 337 730 est,
401 662 744 717 conﬁrmatio
787 672 841 718 et
891 662 1179 717 conversio
1232 677 1327 732 per
1363 677 1688 717 consensum
1732 673 1786 716 et

219 753 638 808 delectationem
692 751 837 807 facta
887 752 953 806 ad
995 767 1059 805 ea
1105 767 1228 821 qua:
1257 761 1473 819 nocent,
1509 764 1565 808 et
1594 752 1782 806 illicita

217 854 369 900 sunt.
393 845 601 914 Lapsus
619 855 720 904 est.
744 861 866 899 cum
891 847 956 898 ad
978 844 1351 900 inﬁdelitatem
1383 854 1478 898 aut
1503 845 1782 900 libidinem

216 945 276 992 et
308 937 594 1007 passiones
633 937 862 992 lubricat
882 952 1100 1004 corpus.
1145 935 1299 1006 Sape
1333 939 1392 1004 fit
1416 976 1432 1001 ,
1477 946 1536 990 ut
1583 938 1783 1006 requies

217 1042 312 1094 per
349 1026 679 1080 inimicitias.
738 1024 944 1095 Szpius
986 1042 1051 1080 ex
1084 1038 1290 1081 naturae
1339 1027 1650 1098 fragilitate,
1685 1034 1785 1080 aut

217 1118 554 1184 inﬁrmitate,
593 1127 689 1171 aut
730 1119 914 1181 senio,
950 1127 1044 1172 aut
1073 1134 1138 1172 ex
1186 1119 1491 1173 obedientia
1537 1119 1781 1180 Patrum,

217 1210 437 1277 requies
471 1225 578 1264 non
610 1219 786 1262 amata
819 1225 848 1262 a
873 1224 1030 1263 servo
1048 1209 1140 1263 Dei
1170 1212 1268 1270 (ait
1293 1209 1472 1280 Pater)
1502 1211 1780 1280 recipitur,

216 1312 343 1367 qua:
375 1297 570 1352 mentis
621 1298 875 1351 virtutem
923 1297 1205 1354 inimicitia
1243 1300 1479 1369 evigilat,
1515 1309 1569 1356 et
1602 1302 1784 1355 carnis

217 1387 500 1442 libidinem
531 1402 636 1441 non
667 1387 966 1443 inﬂammat
988 1407 1003 1444 :
1023 1389 1166 1445 sicut
1189 1391 1352 1444 multa
1378 1390 1560 1445 carnis
1582 1401 1785 1446 macta-

221 1477 323 1542 tio,
359 1494 464 1532 non
500 1479 774 1534 humiliter
825 1489 880 1535 et
923 1482 1157 1536 diserete
1201 1482 1339 1536 facta
1372 1483 1556 1537 carnis
1601 1491 1782 1537 motus

219 1570 415 1623 incitat
459 1580 677 1639 pr0pter
715 1562 915 1626 elatum
957 1587 1170 1640 sapere,
1209 1573 1354 1637 licet,
1399 1573 1674 1628 humiliter
1699 1573 1782 1643 je-

211 1659 556 1728 junantibus,
577 1663 868 1733 bocipsuni
891 1680 957 1718 ex
977 1666 1157 1718 divina
1186 1665 1524 1733 providentia
1557 1673 1782 1720 sanctus

214 1750 381 1806 Pater
423 1753 708 1820 similiter,
765 1755 1088 1826 quandoque
1137 1758 1452 1828 contingere
1496 1757 1684 1812 dicat:
1722 1766 1782 1811 ut

215 1841 457 1911 perfecte
488 1843 857 1907 humiliemur,
897 1854 952 1902 et
1001 1862 1107 1902 non
1140 1847 1480 1903 conﬁdamus
1513 1849 1566 1902 in
1598 1849 1778 1917 operi-

1888 663 2034 717 Deus
2061 671 2142 715 est
2168 660 2386 724 animae,
2421 659 2523 712 hoc
2557 658 2737 711 anima
2770 665 2918 711 esset
2961 657 3199 724 corpori,
3235 671 3452 712 omnem

1886 771 1916 809 a
1948 769 2007 809 se
2033 752 2423 807 animalitatein
2451 759 2506 806 et
2535 749 2857 804 feralitatem
2889 747 3155 818 repellens
3175 789 3190 812 ,
3227 756 3282 803 et
3310 749 3457 817 quod

1887 846 1998 902 Deo
2047 847 2283 898 amicum
2330 853 2413 898 est
2454 854 2506 897 et
2553 841 2944 910 beneplacitum
2995 855 3243 911 quaerens
3278 849 3334 896 et
3375 849 3458 895 te-

1889 951 2046 1000 nens,
2080 937 2212 989 nihil
2244 934 2631 989 inconveniens
2646 942 2703 988 et
2731 931 3082 987 deformeaut
3103 930 3456 986 inhonestum

1886 1037 2082 1084 contra
2111 1044 2170 1082 se
2201 1026 2494 1098 praevalere
2525 1026 2884 1094 permitteret,
2903 1033 2956 1078 et
2981 1023 3160 1078 odiret
3190 1023 3456 1093 superbiae

1885 1121 2131 1184 malum,
2184 1129 2240 1174 et
2291 1119 2460 1173 altum
2511 1133 2698 1186 sapere
2753 1115 2991 1187 lugeret,
3046 1125 3102 1170 et
3159 1115 3454 1171 humilibus

1884 1213 2236 1268 consentiret.
2266 1209 2420 1265 Tenet
2437 1227 2516 1264 me
2549 1211 2810 1264 vehemens
2864 1209 3172 1263 admiratio.
3211 1207 3286 1262 Eo
3310 1211 3453 1278 quod

1884 1306 2056 1360 multo
2101 1303 2274 1358 levius
2322 1314 2406 1358 est
2447 1304 2512 1357 ad
2565 1301 2976 1370 exsequendum
3040 1299 3298 1356 contrarii
3331 1315 3456 1355 cor-

1885 1397 2066 1468 ruptio
2095 1411 2258 1466 quam
2293 1395 2488 1458 virtus,
2530 1393 2754 1448 zelabile
2801 1393 3018 1462 quidem
3051 1402 3106 1447 et
3146 1401 3453 1462 promptum

1883 1490 2158 1558 negotium
2211 1497 2296 1542 est
2341 1487 2464 1540 ﬁliis
2517 1487 2823 1547 hominum,
2860 1485 3206 1552 animalitas;
3255 1495 3309 1538 et
3337 1486 3456 1542 ideo

1883 1580 2086 1634 dictum
2142 1590 2226 1635 est
2271 1581 2351 1633 eis
2411 1597 2425 1633 :
2497 1577 2626 1632 Filii
2675 1579 2971 1644 hominum,
3001 1595 3264 1648 usquequo
3310 1581 3456 1649 gravi

1883 1669 2037 1724 corde
2059 1669 2136 1722 "?
2162 1679 2211 1722 et
2237 1669 2430 1722 iterum
2457 1685 2470 1720 :
2511 1665 2616 1736 Ego
2641 1667 2752 1720 dixi
2768 1668 2824 1720 in
2848 1683 3062 1721 excessu
3093 1683 3244 1721 meo:
3275 1667 3456 1722 Omnis

1882 1759 2037 1812 homo
2067 1758 2292 1812 mendax
2315 1759 2381 1812 ⁸ο.
2423 1756 2587 1821 Sane,
2615 1756 2689 1810 nil
2725 1756 2799 1811 ita
2827 1757 2942 1812 leve
2961 1796 2976 1820 ,
3016 1764 3074 1810 ut
3113 1756 3227 1810 ﬁeri
3254 1756 3455 1811 malos.

1885 1851 2103 1906 etiamsi
2138 1867 2243 1904 non
2273 1850 2435 1905 fuerit
2455 1850 2520 1905 ad
2541 1849 2802 1904 malitiam
2833 1865 2934 1903 nos
2947 1848 3241 1919 quisquam
3265 1862 3453 1916 agens,

218 1935 326 1987 bus
356 1939 576 1989 nostris.
610 1935 682 1988 lli
713 1937 923 2005 quidem
961 1940 1050 2007 qui
1097 1954 1327 2007 superna
1368 1939 1603 2007 sapiunt.
1639 1916 1776 1993 Sine
1812 1916 1854 1972 Β
1881 1943 1986 1998 hoc
2015 1943 2160 1996 enim
2183 1942 2432 2012 estquod
2470 1941 2703 1995 maxime
2745 1916 3105 1996 circumvenit
3132 1939 3449 2001 bonitatem,

212 2025 418 2078 virtute
442 2026 588 2079 enim
615 2036 666 2080 et
695 2026 815 2082 sine
841 2027 1126 2097 sapientia,
1157 2043 1318 2083 nemo
1350 2029 1550 2084 salvari
1580 2037 1774 2097 potest.

215 2113 373 2170 Unde
429 2117 608 2172 omnis
654 2119 745 2188 qui
795 2117 985 2174 salutis
1027 2120 1087 2173 lit
1127 2119 1422 2190 particeps,
1479 2135 1775 2190 supernam

211 2207 584 2262 liaercilitatein
632 2219 754 2263 actu
801 2225 896 2266 seu
923 2212 1374 2282 contemplatione
1402 2214 1632 2268 sortitur
1673 2231 1686 2266 :
1721 2224 1776 2269 et

211 2298 363 2353 aliud
411 2299 648 2355 medium
698 2317 806 2355 non
843 2310 946 2358 est.
992 2303 1096 2370 Qui
1141 2319 1272 2376 ergo
1318 2306 1559 2376 neglecta
1594 2306 1774 2363 divina

210 2393 551 2459 summitate,
568 2395 778 2464 seipsos
806 2395 873 2449 ad
895 2396 1141 2466 corporis
1167 2396 1773 2463 allectimiesinelinant,

207 2492 307 2538 aut
331 2485 421 2553 qui
451 2485 678 2540 viriliter
697 2497 751 2542 et
778 2486 1042 2544 hostiliter
1063 2498 1249 2542 contra
1274 2489 1402 2543 vitia
1423 2502 1477 2544 et
1501 2489 1776 2546 daemones

204 2589 457 2646 pugnare
502 2588 755 2633 recusant
791 2595 806 2634 :
837 2581 1095 2635 abstracti
1137 2592 1192 2634 et
1237 2581 1399 2636 illecti
1427 2597 1457 2634 a
1505 2585 1772 2651 corporali

204 2669 412 2738 quiete,
453 2685 545 2736 per
587 2674 1045 2742 segregationem,
1073 2689 1102 2728 a
1135 2673 1334 2729 virtute
1367 2674 1620 2729 deorsum
1652 2691 1774 2745 per-

202 2771 364 2832 gunt.
416 2763 595 2829 Quare
645 2767 830 2820 aeterni
896 2767 1046 2836 regni
1111 2766 1428 2837 possessio,
1488 2768 1621 2824 solis
1675 2769 1772 2838 qui

202 2870 442 2924 superna
471 2859 692 2926 sapiunt
722 2858 882 2913 datur
917 2877 931 2914 :
958 2873 1057 2913 nec
1089 2869 1173 2913 est
1205 2869 1468 2914 statutum
1511 2863 1636 2917 ﬁliis
1678 2864 1772 2917 bo—

201 2943 412 2997 minum
460 2945 698 3000 medium
731 2947 876 3001 aliud
914 2948 1135 3012 salutis,
1175 2964 1338 3018 quam
1379 2964 1474 3019 per
1516 2950 1766 3006 virtutem

199 3042 261 3088 et
308 3033 592 3089 scientiam
651 3051 883 3105 superna
935 3053 1148 3107 sapere.
1202 3038 1380 3106 Quare
1435 3034 1576 3095 sicut
1631 3041 1772 3096 inter

197 3127 498 3183 morientes
555 3129 608 3182 in
662 3129 808 3185 vitiis
860 3138 914 3184 et
945 3131 1213 3201 pecuniis,
1258 3141 1314 3187 et
1359 3132 1652 3202 migrantes
1701 3134 1771 3189 ad

197 3217 374 3273 Deum
429 3236 552 3274 cum
608 3222 896 3278 virtutibus
950 3231 1004 3277 et
1039 3223 1324 3290 charitate,
1371 3235 1456 3281 est
1505 3235 1762 3293 statuere,

196 3311 271 3366 ad
330 3313 705 3382 paenitentiam
781 3313 950 3368 Deum
1033 3316 1400 3385 placandum,
1487 3318 1774 3373 cohabita—

197 3404 368 3458 tionis
439 3406 698 3472 medium,
756 3407 848 3462 sed
927 3416 1128 3463 aeterna
1213 3409 1458 3480 utrisque
1533 3411 1773 3466 redditur

197 3496 420 3550 mansio
457 3499 755 3552 secundum
799 3500 1142 3568 Operationes
1183 3512 1238 3556 et
1266 3503 1477 3558 merita.
1526 3503 1772 3573 Quapro-

195 3597 321 3655 pter
364 3597 588 3641 sanctus
614 3587 745 3643 dicit
775 3607 791 3644 :
823 3587 927 3654 Qui
959 3605 1193 3660 superna
1223 3591 1463 3662 sapiunt,
1506 3595 1772 3664 segregati

197 3691 227 3730 a
261 3677 410 3734 vitiis
442 3689 497 3734 et
536 3694 767 3749 corpore
815 3681 1237 3749 particulariter.
1283 3699 1314 3738 a
1364 3695 1544 3739 mente
1587 3695 1640 3741 et
1687 3685 1771 3740 al-

196 3771 346 3825 fectu
378 3771 446 3826 ad
478 3772 718 3829 coelestia
752 3774 984 3830 redeunt
1016 3794 1030 3830 :
1062 3777 1155 3846 qui
1183 3792 1312 3830 vero
1333 3786 1463 3831 sunt
1491 3778 1768 3844 deorsum,

195 3863 255 3917 id
283 3873 386 3925 est,
429 3866 522 3934 qui
573 3865 628 3920 in
663 3868 902 3936 peccatis
949 3879 1002 3923 et
1047 3869 1192 3924 vitiis
1250 3881 1665 3932 conversantur,
1701 3872 1768 3926 ad

195 3954 430 4023 inferos,
469 3972 752 4026 poenarum
795 3959 938 4021 loca,
978 3961 1336 4028 descendunt,
1371 3978 1470 4017 nec
1500 3963 1634 4032 ipsis
1656 3980 1769 4020 me-

194 4051 353 4105 dium
388 4052 457 4106 ad
509 4053 762 4108 meritum
805 4056 1041 4126 amplius
1095 4057 1383 4112 tribuetur.
1425 4057 1565 4112 Dicit
1601 4058 1765 4118 etiam

193 4145 346 4211 quod
380 4160 548 4200 unum
604 4157 912 4203 creatorum
952 4148 1008 4204 in
1065 4150 1279 4215 altero,
1329 4150 1381 4204 id
1429 4163 1553 4215 est,
1588 4153 1765 4206 anima

193 4237 480 4293 rationalis
506 4238 559 4292 in
579 4254 823 4308 corpore,
851 4243 1059 4312 accepit
1086 4257 1229 4306 esse,
1257 4251 1450 4310 etest;
1485 4244 1761 4308 nimirum,

192 4328 331 4397 quia
377 4344 409 4382 a
463 4344 690 4399 corpore
744 4341 990 4402 separata
1045 4335 1259 4397 anima,
1306 4343 1556 4388 naturam
1603 4336 1767 4390 habet

193 4421 254 4473 in
285 4422 579 4490 semetipsa
617 4423 851 4493 perfecte
899 4426 1230 4490 consistere,
1265 4427 1575 4496 relinquens
1606 4428 1764 4483 nobis

193 4514 473 4583 inquirere
526 4531 697 4584 quare
751 4518 932 4571 anima
987 4517 1157 4587 pejori
1200 4519 1449 4588 colligata
1497 4529 1604 4586 est,
1635 4523 1759 4590 quia

190 4615 252 4659 ct
282 4606 384 4661 hoc
413 4607 589 4676 ipsum
634 4623 756 4662 cum
799 4609 1052 4677 praedicta
1100 4610 1328 4676 ratione,
1368 4627 1539 4681 quare
1581 4613 1759 4667 anima

190 4713 320 4752 cum
356 4713 521 4753 carne
561 4699 724 4770 ligata
750 4711 851 4765 est,
885 4710 1012 4755 sunt
1040 4701 1154 4756 ista:
1187 4720 1202 4757 :

265 4787 449 4844 Primo
477 4800 536 4844 ut
557 4806 652 4860 per
680 4807 907 4862 agonem
935 4803 988 4847 et
1009 4793 1208 4848 luctam
1244 4804 1431 4849 contra
1461 4796 1689 4852 visibilia
1709 4807 1764 4851 et

187 4881 664 4949 concupiscibilia,
714 4882 939 4952 gloriam
983 4882 1308 4951 promissam
1338 4883 1614 4939 luereditet
1655 4901 1668 4937 :
1710 4895 1765 4938 et

186 4971 553 5042 quasiaurum
570 4973 624 5028 in
644 4973 882 5038 fornace,
906 4975 1430 5040 tribulationibus,et
1455 4976 1766 5032 tentationi-

185 5065 295 5118 bus
317 5072 370 5117 et
385 5062 663 5119 doloribus
681 5065 942 5129 cruciata,
963 5066 1207 5120 bravium
1224 5065 1486 5119 virtutum
1507 5065 1754 5135 accipiat.

187 5154 301 5208 Sed
330 5164 384 5208 et
417 5155 521 5210 hoc
544 5155 603 5210 ﬁt
633 5172 699 5210 ex
726 5171 938 5210 summa
977 5155 1073 5212 Dei
1102 5158 1369 5219 bonitate,
1403 5158 1494 5228 qui
1518 5159 1758 5229 disponit

185 5252 254 5298 ut
313 5261 420 5298 non
480 5254 688 5300 tantum
749 5262 852 5301 suo
905 5249 1050 5302 dono
1095 5257 1150 5304 et
1202 5249 1374 5319 gratia
1425 5249 1758 5319 accipiamus

183 5346 431 5406 sperata,
462 5339 711 5408 quinimo
756 5347 810 5393 et
844 5340 1110 5395 electione
1133 5341 1438 5397 voluntaria
1477 5350 1530 5396 et
1557 5357 1756 5412 coope-

182 5428 402 5484 ratione
427 5429 578 5484 liberi
611 5430 822 5485 arbitrii
856 5432 1031 5488 nostri
1053 5473 1068 5498 ,
1099 5433 1332 5504 benigne
1363 5443 1605 5489 nostrum
1638 5436 1752 5489 ﬁeri

180 5516 364 5571 voluit
392 5518 536 5586 quod
565 5518 768 5572 bonum
799 5527 853 5572 et
873 5533 1036 5574 suum
1059 5531 1162 5575 est.
1193 5519 1466 5589 Secundo,
1505 5531 1584 5589 ut,
1608 5523 1754 5591 quod

181 5610 341 5680 pejus
383 5618 467 5664 est
513 5610 586 5680 (id
633 5620 718 5665 est
765 5613 1008 5679 carnem)
1057 5613 1237 5667 anima
1289 5622 1504 5684 cogeret
1551 5616 1755 5670 servire

185 5701 425 5770 spiritui,
463 5710 519 5755 et
543 5701 800 5758 omnibus
843 5703 1198 5758 sensibilibus
1239 5705 1600 5775 superposita,
1635 5705 1750 5761 dis-

181 5792 421 5849 solveret
451 5803 505 5848 et
532 5793 856 5860 destrueret,
899 5811 1114 5851 omnem
1149 5799 1666 5868 concupiscmitiam,
1693 5809 1747 5855 ct

1797 3231 1840 3289 α

1794 4568 1836 4622 D

1880 2033 2210 2102 malignitas,
2258 2047 2442 2086 rarum
2476 2031 2751 2102 negotium
2786 2031 3066 2102 possessio
3109 2031 3260 2092 boni,
3299 2041 3353 2084 et
3381 2029 3450 2083 ad

1878 2124 2100 2179 bonum.
2156 2123 2514 2179 Attendentes
2565 2123 2747 2193 pauci,
2804 2123 3056 2192 quamvis
3101 2123 3330 2176 multum
3381 2121 3452 2176 sit

1876 2217 2020 2286 quod
2058 2217 2287 2271 advocat
2317 2224 2372 2271 et
2413 2215 2576 2270 trahit
2625 2215 2692 2268 ad
2735 2214 2896 2268 istud.
2943 2211 3009 2267 Et
3047 2211 3151 2266 hoc
3196 2221 3279 2266 est
3304 2211 3448 2282 quod

1876 2312 2103 2382 Agguaas
2141 2312 2400 2381 propheta
2446 2311 2579 2365 dicit
2616 2329 2629 2364 :
2675 2309 3005 2379 Interrogale
3045 2307 3339 2361 sacerdotes
3386 2306 3452 2360 de

1875 2403 2004 2474 lege,
2040 2415 2215 2457 utrum
2244 2420 2370 2456 caro
2415 2405 2753 2472 sanctificata
2791 2402 3085 2469 salicti/feet
3122 2400 3192 2452 ⁸³.
3223 2399 3287 2454 Et
3315 2415 3450 2454 con-

1875 2505 2166 2563 sequenter
2191 2493 2509 2558 ostendens,
2535 2493 2660 2563 quia
2695 2490 2983 2546 dilliculter
3027 2499 3110 2544 est
3147 2489 3449 2558 apprehen-

1876 2586 2031 2641 sibile
2064 2585 2262 2640 bonum
2314 2585 2563 2639 humana:
2609 2592 2838 2648 naturze,
2891 2591 3146 2651 tanquam
3191 2579 3352 2650 ignis,
3393 2579 3447 2632 in

1873 2694 2081 2748 aquosa
2109 2689 2164 2733 et
2201 2678 2424 2732 humida
2470 2677 2696 2732 materia
2732 2690 2746 2728 :
2783 2674 2956 2745 parati
3003 2681 3183 2728 autem
3219 2672 3283 2726 ad
3319 2671 3446 2725 mali

1873 2767 2344 2838 participationem
2396 2775 2525 2821 sunt
2569 2763 2818 2835 plurimi,
2867 2762 3010 2816 sicut
3055 2759 3258 2831 stipula
3296 2773 3446 2828 qua:-

1873 2859 2018 2924 dam,
2051 2875 2081 2913 a
2121 2859 2352 2913 scintilla
2393 2857 2534 2928 ignis
2562 2868 2616 2912 et
2650 2864 2812 2910 vento
2841 2868 3073 2909 accensa
3111 2855 3166 2907 et
3188 2866 3448 2907 consum-

1873 2961 1982 3020 pta.
2005 2948 2170 3004 Solvit
2193 2959 2371 3003 tamen
2400 2947 2563 3002 Pater
2586 2947 2963 3017 quaestionem,
2981 2946 3046 2998 ad
3066 2942 3444 3015 mysteriorum

1872 3050 2078 3095 secreta
2131 3038 2460 3109 speculanda
2513 3053 2610 3091 nos
2666 3036 2949 3090 inducens.
3009 3033 3098 3088 Ait
3139 3047 3269 3102 ergo
3324 3049 3338 3086 :
3387 3030 3455 3085 Si.

1872 3132 2052 3184 omnia
2109 3139 2291 3184 creata
2345 3138 2568 3185 servant
2615 3139 2670 3183 et
2711 3125 3080 3195 babentqnod
3125 3124 3446 3180 naturaliter

1873 3229 2200 3290 acceperunt
2234 3221 2287 3274 in
2315 3223 2611 3283 creatione,
2636 3217 2911 3288 quomodo
2937 3217 3118 3282 homo,
3141 3215 3234 3286 qui
3267 3216 3446 3286 imago

1874 3311 1970 3366 Dei
2023 3314 2162 3366 inter
2232 3321 2512 3366 creaturas
2561 3320 2678 3376 est,
2734 3311 2885 3364 carni
2926 3307 3262 3376 corruptibili
3309 3322 3442 3362 con-

1866 3405 2089 3475 junctus
2113 3405 2240 3459 est?
2270 3404 2520 3468 subaudi,
2565 3405 2694 3474 quia
2738 3402 3109 3472 per-liberum
3155 3401 3448 3456 arbitrium

1875 3486 2193 3561 honoratus,
2257 3499 2422 3552 Deum
2479 3496 2857 3561 inhonoravit,
2913 3510 3011 3550 nec
3078 3502 3258 3549 servat
3296 3492 3444 3562 quod

1875 3590 2086 3659 accepit
2120 3591 2174 3643 in
2200 3589 2511 3643 conditione
2533 3599 2589 3642 et
2619 3587 2851 3652 factura,
2887 3587 2981 3641 sed
3012 3586 3101 3640 Dei
3133 3583 3452 3639 adversario

1871 3695 2029 3736 suum
2063 3681 2280 3734 tradidit
2312 3681 2700 3750 principatum,
2736 3679 2846 3733 Deo
2881 3678 3198 3732 inohcdiens
3220 3675 3397 3730 factus
3426 3692 3446 3728 ι

1875 3773 1998 3828 ideo
2047 3774 2293 3827 lucratur
2337 3782 2592 3834 mortem,
2640 3781 2700 3826 ut
2747 3770 2874 3825 odio
2908 3771 3105 3824 habeat
3135 3777 3448 3838 peceatum,

1870 3879 1924 3920 et
1950 3866 2110 3921 ﬁnem
2157 3865 2392 3936 accipiat
2415 3867 2641 3930 malum,
2680 3874 2734 3919 et
2764 3864 2822 3918 ﬁt
2851 3863 3178 3934 benignitas,
3208 3860 3440 3931 punitio,

1869 3959 2018 4028 quia,
2056 3958 2236 4012 taliter
2276 3957 2550 4012 adhaerere
2595 3958 2723 4024 Deo,
2771 3955 3039 4011 eruditur.
3084 3953 3222 4020 Quia
3286 3968 3438 4022 ergo,

1871 4065 1968 4119 per
2025 4058 2346 4119 peccatum,
2419 4063 2529 4102 non
2605 4064 2725 4102 sum
2794 4047 2924 4102 illud
2988 4047 3131 4116 quod
3189 4045 3447 4100 conditus

1867 4157 1988 4196 sum
2035 4156 2050 4193 :
2111 4141 2232 4194 ideo
2271 4140 2713 4210 concupiscentia
2753 4148 2809 4194 et
2843 4137 3146 4210 ignorantia
3192 4139 3440 4208 plagatus

1866 4251 1985 4290 sum
2014 4275 2030 4300 ,
2069 4244 2124 4288 et
2166 4234 2545 4289 insatiabiliter
2589 4245 2783 4304 appeto
2826 4243 2879 4287 et
2919 4231 3248 4300 concupisco
3293 4231 3438 4301 quod

1867 4326 2064 4381 malum
2100 4336 2202 4382 est.
2250 4324 2352 4380 Sed
2391 4326 2516 4395 quia
2559 4327 2726 4380 semel
2771 4327 2994 4395 punitus
3033 4340 3153 4379 sum
3178 4363 3192 4386 ,
3226 4332 3281 4376 et
3310 4338 3441 4377 ern-

1865 4420 1986 4474 dior
2015 4418 2259 4488 quotidie
2281 4418 2527 4489 ﬂagellis,
2562 4428 2616 4473 et
2645 4419 2768 4484 hoc,
2797 4433 2864 4472 ne
2887 4416 3256 4472 damnationis
3276 4424 3435 4470 teter-

1867 4529 1949 4567 nze
1971 4512 2234 4582 judicium
2262 4513 2562 4577 incurram,
2595 4523 2647 4567 et
2683 4512 2771 4566 Dei
2797 4512 3018 4566 verbum
3047 4511 3113 4566 ad
3145 4525 3232 4564 me
3256 4512 3432 4579 (suam

1864 4605 2176 4675 imaginem)
2208 4605 2351 4659 venit
2385 4614 2444 4658 ut
2477 4607 2712 4659 salvaret
2737 4605 3046 4676 iimaginem
3069 4646 3084 4670 ,
3127 4613 3182 4658 et
3212 4617 3432 4656 carnem

1863 4702 2066 4757 faceret
2087 4700 2468 4761 immortalem,
2493 4708 2546 4754 et
2568 4699 2795 4767 gratiam
2823 4708 2877 4752 et
2908 4707 3224 4768 potestatem
3249 4694 3431 4760 dedit,

1865 4803 1923 4849 ut
1953 4795 2134 4848 ﬁerem
2165 4803 2217 4847 et
2244 4808 2418 4846 essem
2451 4792 2596 4845 ﬁlius
2634 4791 2726 4846 Dei
2770 4798 2825 4846 et
2866 4790 3080 4845 meres:
3124 4788 3432 4843 excusatio-

1866 4902 1988 4941 nem
2019 4899 2127 4938 non
2165 4885 2334 4939 habeo
2363 4885 2406 4939 si
2439 4883 2614 4952 ipsum
2654 4898 2761 4937 non
2801 4896 3002 4951 sequor
3023 4922 3040 4946 ,
3077 4881 3124 4936 si
3153 4881 3218 4933 ad
3253 4880 3430 4948 ipsum

1867 4993 1974 5032 non
2013 4976 2254 5046 aspicio,
2297 4976 2341 5029 si
2382 4971 2448 5029 ad
2494 4977 2666 5044 ipsum
2708 4990 2776 5028 ex
2806 4982 2922 5027 toto
2952 4972 3116 5028 corde
3153 4979 3208 5025 et
3236 4970 3429 5025 aﬂectu

1863 5071 2118 5126 continue
2139 5086 2244 5125 non
2268 5069 2470 5139 aSpiro,
2495 5069 2621 5139 quia
2646 5068 2761 5137 ipse
2783 5077 2868 5122 est
2894 5065 3036 5122 Dens
3059 5080 3219 5120 verus
3242 5073 3297 5118 ct
3319 5065 3428 5118 vita

1862 5173 2086 5218 aeterna.

1930 5256 2102 5312 Sicuti
2117 5257 2264 5311 varia
2279 5265 2398 5310 sunt
2417 5256 2763 5308 humanorum
2783 5253 3055 5307 oculorum
3076 5252 3300 5306 Iumina.
3329 5249 3425 5305 llic

1860 5342 2050 5406 novem
2077 5351 2406 5405 dill'erentias
2437 5357 2490 5402 et
2520 5348 2809 5401 varietates
2841 5344 3277 5399 obumbrationis
3308 5358 3426 5410 gra-

1861 5442 1948 5495 tiae
1973 5440 2270 5509 Spiritualis
2304 5437 2417 5492 ﬁeri
2454 5452 2486 5490 a
2515 5435 2733 5490 Christo
2763 5435 2816 5488 in
2861 5434 3044 5487 anima
3085 5447 3206 5502 quae
3250 5429 3426 5484 Deum

1859 5531 2049 5600 diligit,
2077 5540 2280 5586 narrat.
2310 5529 2546 5584 Primam
2572 5544 2699 5583 vero
2724 5527 2874 5592 dicit,
2897 5541 3017 5594 qum
3041 5525 3098 5578 ﬁt
3123 5538 3218 5592 per
3246 5523 3422 5591 lacry-

1862 5636 1978 5674 mas
2019 5620 2333 5690 corporales
2377 5621 2430 5674 in
2474 5619 2664 5689 Spiritu
2715 5613 3176 5678 conturbationis;
3220 5627 3422 5666 secun-

1857 5708 2013 5774 dam,
2054 5724 2176 5778 qua:
2201 5707 2259 5760 ﬁt
2289 5723 2382 5777 per
2408 5708 2675 5778 lacrymas
2703 5703 3006 5758 devotionis
3029 5709 3083 5754 et
3115 5699 3318 5754 amoris
3351 5699 3419 5752 ad

1859 5799 2026 5855 Deum
2055 5841 2070 5866 ,
2110 5816 2246 5870 quas
2291 5801 2600 5870 spirituales
2627 5806 2812 5862 vocat,
2852 5805 2904 5852 ct
2934 5797 3037 5850 hoc
3064 5793 3123 5848 ﬁt
3148 5794 3208 5850 in
3227 5791 3420 5864 spiritu

258 5925 302 5957 ’³
334 5923 520 5991 Matth,
563 5941 655 5992 xx,
688 5926 740 5981 6.
818 5928 862 5959 ³⁹
924 5929 1064 5985 l’sal.
1125 5933 1274 5996 n35.
1350 5933 1395 5965 ⁸ο
1454 5931 1598 5989 I’sal.
1627 5950 1746 6002 cxv,
1779 5935 1861 5990 Η.

719 5932 740 5980 ὲ.
818 5928 862 5959 ³⁹
924 5929 1064 5985 l’sal.
1125 5933 1274 5996 n35.
1350 5933 1395 5965 ⁸ο
1454 5931 1861 6002 I’sal.cxv,li.
1941 5936 1980 5968 ³³
2023 5933 2157 6006 Agg.
2199 5949 2258 6002 ll,
2301 5934 2386 5991 15.
