4222 6448
747 397 883 462 19Ᾰι3

1850 395 1910 453 S.
1952 393 2271 456 JOANNIS
2309 395 2819 457 RAITHUENSIS

3837 396 3980 460 1244

746 507 990 580 pictatis;
1037 503 1247 560 tertiam
1278 502 1408 556 dicit
1451 516 1572 570 quze
1605 501 1662 554 ﬁt
1709 515 1803 570 per
1841 501 2030 555 oculos
2061 501 2306 570 corporis
2337 512 2378 566 Α
2407 502 2578 557 sative
2612 502 2969 572 relinquimur
2999 512 3055 556 ut
3089 512 3360 558 tentemur
3387 524 3400 559 :
3433 505 3579 574 quod
3613 505 3691 560 sol
3721 508 3983 576 cognovit

745 600 964 672 quando
995 614 1088 664 per
1123 613 1185 650 ea
1235 613 1354 666 qua:
1397 595 1646 649 videntur
1673 595 1739 648 ad
1786 596 2220 662 cognoscendum
2250 605 2306 648 et

745 693 1070 750 laudandum
1119 689 1373 744 factorem
1427 702 1643 742 sursum
1695 688 1908 758 agimur
1955 698 2008 740 et
2041 688 2302 752 levamur,

745 785 1044 842 secundum
1069 780 1382 850 Apostolum
1407 798 1422 846 ;
1453 788 1701 848 quartam
1728 795 1856 833 vero
1879 780 2011 834 dicit
2039 795 2157 834 eam
2187 795 2307 849 quae

744 882 826 927 est
856 888 949 942 per
978 871 1367 926 intellectuales
1391 869 1577 924 oculos
1599 909 1615 932 ,
1652 872 1906 938 quoniam
1938 879 2120 923 noster
2149 869 2308 922 intel-

747 969 916 1022 lectus
959 967 1311 1036 intelligentia
1365 963 1780 1034 intclligibilinm
1833 963 2200 1029 illnminatur,
2255 973 2309 1018 et

746 1076 814 1114 ex
848 1060 995 1114 nullo
1024 1058 1419 1120 exsistentiutu,
1455 1056 1548 1110 sed
1578 1057 1756 1125 ignote
1789 1056 1964 1109 solum
1990 1057 2136 1110 circa
2167 1054 2309 1109 divi-

747 1169 813 1207 ua
841 1160 1106 1205 movetur.
1129 1150 1278 1204 Illam
1312 1161 1440 1202 vero
1471 1161 1592 1216 qua:
1621 1148 1679 1199 lit
1700 1160 1765 1199 ex
1801 1144 1986 1198 auditu
2011 1145 2157 1198 verbi
2182 1146 2309 1198 illu-

746 1241 1131 1304 minationem,
1177 1254 1240 1292 ex
1288 1236 1428 1302 ﬁde,
1469 1237 1522 1290 in
1569 1235 1693 1289 ﬁdei
1733 1245 1893 1305 gustu
1940 1234 2132 1290 iactam
2177 1235 2318 1291 dicit.

743 1348 868 1386 cum
935 1329 1372 1385 manilestatione
1449 1326 1664 1396 aliquali
1719 1329 2097 1398 mysteriorum
2171 1328 2304 1385 Dei:

742 1441 866 1494 qua:
894 1439 1020 1478 vero
1042 1434 1124 1476 est
1153 1437 1182 1474 θ
1213 1437 1271 1476 se
1309 1431 1479 1484 mota,
1514 1419 1567 1472 in
1599 1419 1781 1473 anima
1801 1458 1816 1482 ,
1852 1421 2140 1474 exsultatio
2162 1461 2178 1484 ,
2217 1421 2307 1476 illa

743 1511 829 1573 est
849 1557 863 1579 ,
896 1519 964 1570 dc
990 1532 1096 1585 qua
1127 1513 1362 1569 Joannes
1389 1510 1556 1566 dicit:
1595 1512 1735 1578 Quia
1763 1513 1940 1566 unctio
1967 1513 2080 1582 ejus
2107 1513 2309 1568 docebit

743 1627 838 1664 nos
874 1608 938 1662 de
977 1608 1216 1660 omnibus
1253 1606 1320 1658 δ’.
1372 1604 1504 1658 Eam
1539 1615 1716 1659 autem
1749 1620 1870 1674 qua:
1915 1619 1981 1659 ex
2011 1607 2310 1662 remotione

742 1700 1128 1769 cogitationum
1181 1697 1717 1762 est,ldiscretionctu
1763 1697 1896 1751 dicit
1939 1707 1994 1752 et
2039 1699 2308 1754 servatio-

743 1811 867 1850 nem
902 1834 920 1859 ,
975 1809 1097 1848 cum
1143 1791 1486 1861 susceptione
1543 1789 1737 1844 divina:
1790 1789 2200 1845 illuminationis
2255 1800 2310 1846 et

2403 595 2660 659 diluculo,
2683 595 2736 648 id
2763 604 2866 660 est,
2891 595 3061 649 taliter
3103 611 3202 651 nos
3222 597 3514 666 intelligere
3537 597 3665 652 fecit
3706 598 3811 652 hoc
3842 599 3979 651 utile

2404 687 2561 742 nobis
2587 701 2727 749 esse,
2747 688 2873 756 quia
2894 697 3014 757 post
3039 689 3236 743 multas
3263 689 3739 744 obtenebrationes
3768 690 3977 744 mentis

2403 783 2454 826 et
2485 774 2740 828 avaritias
2778 785 2833 828 et
2859 774 3107 829 erudeles
3137 775 3390 829 vitiorum
3433 785 3488 830 et
3531 777 3839 830 dzemonum
3877 792 3978 845 pu-

2405 880 2559 934 gnas,
2583 864 2784 931 aﬁlicti,
2803 875 3093 921 maerentes
3111 875 3167 921 et
3189 868 3479 932 humiliati,
3505 869 3664 922 iidem
3684 870 3981 924 incitamur

2405 971 2435 1010 a
2465 957 2671 1026 gratia,
2705 966 2759 1010 et
2787 958 2841 1012 in
2873 958 3032 1013 nobis
3059 959 3300 1014 roborati
3334 959 3634 1014 ﬁrmamur.
3677 960 3814 1014 Cum
3846 975 3979 1014 vero

2405 1049 2607 1104 etelesti
2635 1051 3066 1112 conversatione,
3089 1066 3186 1119 per
3218 1053 3481 1105 virtutum
3509 1053 3774 1115 habitum,
3804 1053 3977 1121 agiles

2404 1150 2459 1194 et
2488 1141 2652 1202 leves,
2683 1156 2712 1194 a
2743 1141 2972 1196 terrenis
3005 1142 3235 1213 elongati
3277 1143 3574 1209 fuerimus,
3604 1155 3734 1198 tunc
3764 1144 3978 1198 sedebit

2407 1229 2704 1293 Dominus,
2738 1239 2793 1284 et
2822 1233 3127 1300 requiescet
3156 1234 3209 1286 in
3241 1234 3562 1302 corporibus
3597 1243 3649 1289 et
3684 1235 3978 1289 animabus

2407 1322 2642 1387 nostris,
2681 1331 2735 1377 et
2778 1338 2808 1375 a
2847 1323 3085 1393 perlecta
3127 1325 3180 1378 in
3227 1326 3384 1380 nobis
3432 1326 3764 1381 habitatione
3797 1327 3980 1381 omnis

2409 1424 2591 1471 noster
2627 1428 2857 1473 conatus
2897 1427 2952 1473 et
3002 1434 3164 1473 omne
3218 1429 3464 1474 nostrum
3515 1419 3743 1473 mortale
3787 1433 3981 1487 sapere

2408 1509 2719 1578 absorptum
2761 1510 2828 1564 de
2871 1511 3048 1565 medio
3079 1512 3298 1566 tolletur
3320 1553 3334 1576 ,
3367 1521 3420 1565 et
3447 1521 3578 1565 tunc
3607 1526 3734 1564 vere
3765 1513 3980 1565 erimus

2409 1604 2504 1658 lilii
2530 1603 2654 1667 Dei,
2695 1621 2917 1676 regnum
2957 1615 3013 1660 ct
3048 1609 3413 1661 sacerdotium
3443 1607 3583 1674 ejus.
3620 1606 3979 1672 Qua'rcudum

2409 1712 2524 1750 vero
2556 1697 2705 1751 nobis
2731 1708 2828 1758 est.
2861 1708 3008 1767 quot,
3039 1700 3290 1769 quibusve
3338 1699 3532 1752 modis.
3567 1697 3622 1751 In
3654 1697 3778 1768 luga
3811 1698 3980 1752 forni-

2409 1789 2642 1843 catinnis
2678 1799 2730 1843 et
2772 1791 3012 1844 omnium
3062 1791 3492 1862 impugnantiun'.
3535 1791 3878 1849 castitatem.
3925 1791 3978 1843 in

741 1887 997 1942 scientiie.
1047 1885 1178 1940 Eam
1209 1899 1336 1938 vero
1365 1898 1484 1952 qua:
1527 1890 1706 1936 estex
1749 1881 2053 1935 obedientia
2086 1883 2302 1937 virtutis
2335 1875 2374 1930 Β
2406 1879 2530 1950 fuga
2555 1881 2970 1934 delectationum
3013 1882 3150 1952 gula:
3189 1893 3243 1936 et
3281 1881 3526 1936 omnium
3569 1881 3980 1935 adversantium

743 1993 799 2037 et
833 1979 1180 2042 humilitatis,
1224 1991 1444 2030 sensum
1485 1973 1734 2043 intelligit
1760 1987 1915 2038 esse,
1963 1988 2124 2042 quem
2159 1972 2308 2029 vitiis

742 2083 798 2127 et
824 2071 1025 2126 mundo
1047 2069 1316 2131 cruciﬁxi,
1347 2083 1376 2121 a
1408 2066 1516 2120 Deo
1541 2072 1729 2119 nostro
1758 2061 1886 2118 Jesu
1915 2065 2134 2120 Christo
2163 2067 2307 2122 acci-

741 2166 918 2234 piunt,
943 2178 1242 2231 novamque
1269 2177 1361 2230 per
1383 2158 1638 2214 cxstasim
1670 2158 1887 2212 Christo
1911 2159 2129 2212 exhibet
2157 2175 2306 2214 men-

745 2268 851 2311 tem
879 2254 1342 2326 supernaturalem
1389 2251 1804 2306 abstractionem
1866 2251 1922 2306 in
1977 2250 2142 2306 Deum
2173 2291 2189 2317 ,
2225 2253 2308 2308 di-

739 2351 835 2414 cit,
867 2364 962 2418 per
990 2345 1327 2402 fortitudinis
1353 2343 1551 2398 divinae
1575 2343 1891 2412 potentiam,
1923 2341 2119 2398 laetam
2147 2361 2162 2398 :
2189 2359 2309 2413 qua:

742 2439 1042 2511 symbolice
1087 2438 1142 2491 in
1191 2451 1391 2490 manna
1427 2434 1743 2489 abscondito
1770 2442 1824 2488 et
1861 2435 2015 2489 stella
2045 2437 2306 2491 matutina

741 2533 1033 2602 liguratur,
1069 2536 1122 2583 et
1151 2529 1291 2582 hanc
1316 2541 1476 2580 nemo
1504 2527 1652 2580 novit
1684 2527 1786 2579 nisi
1828 2526 1922 2596 qui
1956 2527 2174 2596 accipit.
2205 2525 2311 2580 Sa-

741 2625 887 2694 piens
914 2624 1086 2693 itaque
1115 2622 1278 2692 magis
1306 2629 1364 2673 ut
1394 2628 1590 2674 matres
1620 2621 1882 2688 acquirat.
1912 2618 2108 2676 Matres
2136 2621 2308 2674 virtu-

745 2730 860 2774 tum
890 2719 1042 2786 dicit,
1069 2715 1432 2786 prudentiam,
1458 2715 1850 2776 fortitudinem,
1881 2716 2310 2786 temperantiam,

739 2809 1006 2880 justitiam
1032 2847 1048 2872 ,
1087 2808 1266 2871 ﬁdem,
1301 2822 1452 2876 spem
1480 2846 1495 2870 ,
1536 2805 1964 2860 misericordiam
1988 2846 2004 2869 ,
2052 2805 2311 2860 obedien-

745 2902 875 2954 tiam
902 2940 917 2963 ,
951 2899 1336 2954 discretionem
1365 2937 1381 2962 ,
1421 2896 1782 2950 humilitatem
1809 2935 1824 2957 ,
1865 2907 1920 2948 et
1949 2895 2268 2949 charitatem
2295 2913 2309 2962 ;

745 2994 886 3049 ﬁlias
917 3008 1065 3056 vero,
1094 3006 1188 3046 cas
1214 3006 1335 3060 qua:
1359 2990 1610 3044 oriuntur
1637 3003 1701 3042 ex
1736 2987 1838 3041 his.
1869 2987 1972 3053 Qui
2003 3004 2106 3040 non
2131 2988 2314 3058 pulsa-

745 3095 834 3138 tur
855 3083 1025 3138 bellis.
1073 3082 1175 3149 Qui
1213 3082 1404 3137 vicerit
1433 3082 1707 3136 darmoues
1735 3079 2010 3150 plagantes
2039 3090 2090 3134 et
2119 3096 2312 3150 percu-

2407 1973 2739 2042 paupcrtati,
2791 1973 2847 2027 in
2892 1972 3016 2043 fuga
3058 1975 3281 2029 honoris
3313 1985 3370 2028 et
3404 1975 3648 2029 omnium
3684 1991 3810 2045 qua:
3851 1987 3981 2029 sunt

2407 2065 2652 2132 opposita
2683 2075 2736 2119 et
2763 2065 3030 2120 contraria
3059 2065 3376 2130 humilitati,
3401 2078 3454 2121 et
3488 2067 3540 2120 in
3571 2067 3695 2137 fuga
3727 2083 3981 2120 murmu»

2410 2156 2656 2218 rationis,
2675 2155 3024 2212 detractionis
3042 2157 3324 2226 etjndieii,
3357 2174 3548 2214 servus
3582 2159 3696 2224 Dei,
3730 2160 3980 2228 possidet

2408 2263 2686 2303 coronam.
2717 2248 3087 2305 Obtenebratio
3135 2252 3195 2319 fit
3243 2241 3409 2306 causa
3452 2254 3782 2322 offensionis.
3826 2252 3982 2321 Igno-

2407 2342 2583 2396 rantia
2611 2342 2863 2396 obscurat
2884 2385 2898 2408 ,
2926 2345 3362 2414 concupiscentia
3387 2345 3610 2400 oll'endit
3635 2355 3692 2400 et
3715 2347 3946 2414 ccspitat
3963 2384 3978 2404 .

2407 2435 2690 2490 delectatio
2723 2435 2808 2490 cui
2855 2437 3232 2502 consentitur,
3280 2438 3426 2494 cadit
3461 2447 3516 2494 et
3562 2439 3830 2504 moritur,
3887 2454 3979 2508 per

2408 2540 2548 2597 Opus
2574 2543 2702 2582 vero
2733 2537 2786 2583 et
2807 2544 2900 2598 per
2928 2544 3109 2593 usum,
3143 2528 3289 2585 fetet.
3323 2529 3483 2584 Aliud
3519 2540 3597 2585 est
3627 2532 3976 2598 perturbatio.

2412 2618 2621 2675 Turbat
2655 2622 3092 2690 concupiscentia
3113 2664 3128 2687 ,
3157 2622 3410 2678 diﬁ'undit
3437 2623 3661 2678 avaritia
3694 2632 3749 2677 ct
3782 2623 3980 2678 sollici-

2414 2713 2542 2766 tudo
2578 2714 2870 2777 mundana,
2904 2725 3067 2769 czeeat
3087 2715 3337 2770 voluntas
3365 2716 3603 2784 propria.
3639 2714 3781 2768 Nam
3810 2716 3979 2768 omnis

2410 2821 2612 2875 quoque
2634 2806 2721 2874 qui
2753 2805 2805 2858 in
2833 2807 3014 2859 eadem
3037 2817 3251 2874 peccata
3278 2823 3381 2860 non
3413 2807 3622 2871 incidit,
3649 2807 3803 2877 digne
3823 2807 3981 2860 etiam

2411 2898 2769 2966 paenitentiam
2797 2899 2918 2968 egit.
2954 2896 3217 2953 Pmnituit
3250 2898 3344 2952 sed
3369 2913 3476 2952 non
3503 2899 3683 2968 digne.
3703 2899 3808 2964 Qui
3837 2899 3981 2950 enim

2413 2990 2571 3059 digne
2603 2989 2858 3058 paenitet,
2896 3005 3003 3042 non
3038 2993 3194 3044 itcrat
3222 2991 3434 3059 lapsum
3461 3030 3476 3052 ,
3519 2992 3613 3046 sed
3643 2991 3928 3060 aequaliter
3955 3005 3985 3043 a

2414 3099 2472 3137 se
2493 3097 2704 3136 omnem
2735 3083 2924 3138 mortis
2953 3083 3159 3150 repellit
3186 3098 3393 3138 casum.
3433 3081 3599 3137 Nobis
3657 3092 3829 3135 tamen
3871 3098 3983 3135 om-

745 3177 940 3232 tientes
971 3191 1118 3243 eum,
1146 3175 1370 3229 viriliter
1398 3174 1478 3229 eis
1526 3172 1830 3228 resistendo
1860 3180 1914 3227 et
1949 3172 2314 3241 repercutien-
2338 3211 2380 3269 ο
2414 3190 2530 3228 nem
2558 3174 2878 3228 hilaritatem
2909 3175 3318 3229 ostendentibus.
3383 3175 3486 3242 Qui
3529 3175 3674 3231 enim
3709 3191 3775 3230 ex
3815 3175 3985 3246 pusil-

746 3270 819 3324 do
844 3285 938 3324 eos
972 3275 1132 3337 atque
1165 3265 1452 3336 plagando,
1483 3263 1610 3319 licet
1632 3264 1876 3334 plagetur
1894 3302 1909 3326 ,
1938 3263 2306 3318 coronabitur.

747 3362 938 3431 Plagas
969 3375 1200 3428 namque
1234 3357 1462 3427 suscipit
1491 3356 1585 3426 qui
1613 3363 1850 3410 tentatur
1869 3396 1884 3420 ,
1913 3364 1967 3410 et
1995 3355 2180 3425 plagas
2209 3355 2313 3408 tri-

747 3454 867 3511 buit
893 3452 988 3523 qui
1018 3451 1343 3506 tentationes
1374 3456 1622 3519 potenter
1656 3449 1939 3518 impugnat
1979 3458 2035 3503 et
2064 3447 2310 3517 repellit:

747 3546 844 3617 qui
875 3560 1000 3600 vero
1029 3542 1320 3605 consentit,
1351 3557 1458 3595 non
1487 3549 1694 3595 tantum
1720 3541 1989 3610 plagatnr,
2018 3541 2110 3594 sed
2149 3539 2314 3595 mori-

752 3649 862 3703 tur,
893 3647 946 3693 et
977 3653 1082 3692 non
1113 3643 1450 3692 coronatur:
1482 3635 1576 3703 qui
1615 3647 1744 3687 vero
1783 3648 1890 3686 non
1921 3634 2210 3696 consentit,
2247 3648 2315 3686 ex

751 3728 892 3783 virili
940 3727 1280 3790 resistentia,
1329 3725 1509 3794 plagat
1542 3725 1836 3778 dmntones.
1884 3722 2064 3788 Quare
2098 3734 2317 3792 propter

751 3817 1034 3888 angustias
1083 3825 1137 3870 et
1183 3816 1394 3870 labores
1436 3830 1575 3883 quos
1627 3813 1894 3877 sustinet,
1945 3813 2315 3868 coronabitur.

755 3906 878 3960 Tres
909 3915 1082 3960 noctes
1107 3945 1122 3971 ,
1169 3907 1222 3958 in
1255 3913 1428 3970 terra,
1479 3920 1597 3957 cum
1635 3904 1839 3972 fecisset
1879 3904 2114 3974 quidam.
2182 3905 2320 3960 Tres

750 3998 952 4069 quippe
975 4040 989 4063 ,
1021 3998 1137 4050 sine
1169 3997 1274 4050 vita
1319 3999 1371 4050 in
1407 4007 1546 4051 terra
1588 3995 1712 4050 fecit
1744 3998 1796 4050 in
1841 3997 2094 4051 universo
2123 3998 2238 4054 dies
2266 4009 2322 4054 et

754 4103 864 4145 tres
909 4099 1096 4144 noctes
1138 4088 1389 4143 Christus
1454 4088 1598 4144 Deus
1645 4098 1872 4144 noster:
1925 4091 2017 4158 qui
2066 4106 2192 4146 vero
2251 4091 2319 4145 ad

754 4181 1110 4236 imitationem
1137 4180 1338 4236 Christi
1377 4190 1654 4250 peccatum
1682 4182 1845 4234 trium
1881 4183 2138 4237 horarum
2177 4184 2320 4237 vicc-

754 4275 850 4336 rit,
885 4289 993 4327 non
1024 4273 1305 4327 morietur.
1345 4272 1503 4327 Hora:
1530 4283 1639 4327 tres
1670 4284 1798 4328 sunt
1821 4314 1836 4339 ,
1878 4275 1930 4329 in
1962 4276 2164 4330 insultu
2203 4286 2323 4330 ten-

755 4367 976 4431 tationis
1007 4373 1061 4418 et
1082 4365 1443 4434 suggestionis
1471 4365 1727 4435 receptio,
1762 4367 2068 4433 delectatio,
2103 4377 2158 4422 et
2191 4384 2322 4424 con-

764 4473 981 4523 sensus,
1012 4472 1152 4528 quas
1183 4459 1420 4513 virtuose
1449 4460 1670 4515 vincens
1693 4501 1710 4526 ,
1761 4476 1864 4514 non
1913 4461 2191 4514 morietur.
2218 4459 2317 4514 Vel

2413 3268 2710 3322 lanimitate
2737 3268 2994 3338 poenitet,
3034 3278 3087 3322 et
3118 3284 3148 3322 a
3180 3269 3319 3323 bono
3355 3270 3635 3339 proposito
3663 3268 3988 3322 obedientize

2411 3360 2645 3426 recedit,
2679 3368 2738 3414 ut
2766 3361 3004 3415 solitarie
3027 3361 3210 3424 vivat,
3244 3361 3332 3415 hic
3359 3361 3498 3416 b0aa
3526 3370 3887 3430 congregata,
3923 3376 3986 3412 ex

2411 3452 2722 3521 paenitentia
2754 3453 2846 3506 tali
2882 3453 3138 3516 resolvit,
3177 3469 3465 3522 quousque
3492 3453 3695 3507 sentiat
3724 3451 3986 3505 damnum

2413 3541 2497 3594 sui
2541 3555 2734 3595 sensus
2779 3555 2843 3596 ex
2883 3541 3252 3596 misericordia
3290 3541 3625 3595 revocatoris
3675 3540 3988 3594 cadentium

2411 3629 2540 3685 Jesu
2567 3629 2790 3685 Christi.
2824 3630 2966 3685 Sane
2987 3673 3001 3697 ,
3033 3633 3127 3702 qui
3155 3632 3222 3685 ad
3261 3631 3487 3685 meliora
3533 3646 3628 3700 per
3663 3631 3839 3698 magis
3869 3645 3988 3698 per-

2414 3722 2606 3777 fectam
2659 3724 3033 3792 paenitentiam
3088 3723 3363 3786 ascendit,
3410 3722 3549 3778 facta
3596 3723 3736 3776 mala
3785 3723 3986 3778 solvit:

2415 3815 2598 3884 itaque
2621 3823 2676 3869 et
2699 3815 2792 3884 qui
2827 3814 2893 3869 ad
2925 3815 3106 3884 pejora
3136 3815 3499 3885 progreditur,
3532 3815 3688 3868 malis
3715 3815 3857 3868 mala
3891 3829 3987 3884 ap—

2415 3921 2658 3976 ponens,
2698 3907 2982 3976 apostasitr
3021 3915 3075 3961 et
3106 3906 3442 3961 inﬁdelitatis
3479 3907 3685 3960 crimen
3733 3906 3985 3960 incurrit.

2417 4001 2568 4056 Unde
2613 4003 2935 4056 servandum
2989 4001 3145 4054 nobis
3185 4011 3308 4066 est,
3357 4001 3576 4070 quando
3616 4011 3670 4054 et
3712 4001 3989 4069 quomodo

2416 4106 2512 4159 per
2547 4105 2785 4142 amaram
2827 4097 2882 4143 et
2919 4103 3165 4158 asperam
3210 4089 3446 4157 aliquam
3491 4089 3924 4151 institutionem,
3958 4102 3990 4140 a

2419 4182 2543 4237 felle
2570 4182 2777 4237 vitiosa:
2813 4180 3244 4235 conversationis
3279 4181 3475 4249 (quasi
3506 4179 3703 4248 poculo
3729 4177 3987 4247 sumpto)

2417 4291 2699 4340 sanemur,
2754 4291 2851 4329 nec
2905 4275 3008 4329 hoc
3048 4273 3267 4342 quidem
3311 4287 3561 4341 semper,
3603 4271 3698 4326 sed
3747 4280 3990 4341 tempore

2417 4382 2678 4437 congruo.
2714 4365 2975 4435 Malisque
3003 4365 3328 4419 sensibilium
3355 4381 3530 4417 rerum
3558 4364 3715 4431 aﬂici.
3777 4364 3838 4416 Si
3869 4363 3990 4430 quis

2426 4476 2555 4531 ergo
2579 4475 2700 4512 vere
2738 4457 3055 4513 invariabile
3092 4459 3287 4512 mentis
3329 4456 3700 4526 propositum,
3744 4469 3844 4523 per
3872 4470 3992 4508 ora-

755 4549 916 4604 horas
952 4558 1065 4603 tres
1101 4549 1235 4603 dicit
1259 4591 1274 4615 ,
1305 4550 1644 4618 juventutem
1666 4591 1682 4615 ,
1717 4551 1944 4605 mediam
1976 4559 2188 4607 aetatem
2215 4590 2230 4614 ,
2268 4561 2325 4607 et
2357 4568 2401 4625 ί)
2427 4553 2628 4608 tionem
2660 4551 2770 4605 Deo
2793 4561 3069 4605 vacantem
3104 4559 3156 4604 et
3193 4549 3337 4603 circa
3362 4548 3452 4601 Dei
3493 4547 3852 4616 intelligihilia
3889 4548 3993 4599 cle-

756 4649 1110 4705 senectutem,
1141 4657 1280 4711 quas
1303 4654 1357 4696 et
1386 4643 1594 4710 vigilias
1621 4654 1732 4698 tres
1763 4641 2113 4710 Evangelium
2143 4653 2321 4699 vocat.

757 4732 854 4786 γει
882 4732 1379 4800 concupiscentiam
1409 4732 1592 4786 carnis
1618 4772 1632 4794 ,
1667 4732 2165 4801 concupiscentiam
2193 4747 2325 4786 oeu-

756 4825 932 4878 lorum
958 4862 973 4888 ,
1002 4833 1056 4878 ct
1085 4825 1394 4892 superbiam
1418 4826 1540 4878 vitae
1562 4865 1577 4890 ,
1620 4825 1671 4878 id
1695 4836 1778 4879 est
1801 4865 1814 4887 ,
1841 4841 2035 4880 vanam
2076 4826 2324 4896 gloriam,

758 4917 960 4986 gulam,
981 4925 1034 4969 et
1061 4918 1368 4981 avaritiam,
1399 4933 1558 4986 quas,
1585 4920 1708 4984 quis
1738 4919 1982 4983 vincens,
2015 4920 2326 4973 summatim

759 5012 939 5062 omnia
989 5010 1279 5078 prostravit
1311 5010 1458 5064 vitia.
1509 5010 1727 5064 Dicebat
1773 5027 1900 5064 vero
1951 5010 2169 5066 Patrum
2207 5013 2330 5081 qni-

759 5106 922 5155 dam:
953 5100 1217 5166 Quoniam
1253 5103 1354 5156 ista
1387 5103 1489 5157 tria
1521 5102 1718 5167 timeo,
1767 5105 2251 5172 peregrinationem
2299 5121 2329 5158 a

759 5210 1016 5264 corpore,
1053 5195 1516 5263 pmsentationem
1550 5196 1615 5250 ad
1644 5194 1810 5249 Deum
1838 5238 1852 5260 ,
1891 5206 1946 5250 et
1970 5196 2159 5265 judicii
2204 5213 2328 5278 seq-

759 5289 1003 5342 tcntiam.
1038 5286 1098 5341 Si
1121 5287 1330 5356 quando
1359 5304 1424 5341 ex
1451 5288 1774 5358 disciplina,
1805 5291 1982 5341 divina
2002 5330 2017 5354 ,
2051 5299 2155 5344 etc.
2188 5287 2331 5343 Prae-

759 5382 905 5434 venit
932 5380 983 5433 in
1016 5379 1478 5435 benedictionibus
1511 5381 1715 5451 gratim,
1736 5396 1918 5435 servos
1944 5395 2094 5444 suos,
2121 5393 2332 5434 amator

763 5475 1040 5528 hominum
1075 5474 1236 5540 Deus,
1259 5483 1317 5526 ut
1338 5489 1432 5528 eos
1465 5483 1656 5544 purget
1697 5491 1726 5528 a
1763 5475 1943 5538 vitiis,
1975 5483 2029 5528 et
2059 5478 2328 5543 perfectos

763 5567 1052 5622 virtutibus
1096 5566 1290 5633 l'aciat.}
1323 5567 1498 5633 Quare
1541 5567 1674 5623 dicit
1723 5567 1883 5624 Pater
1940 5569 2069 5638 quia
2111 5577 2329 5638 preptcr

766 5660 1082 5732 pravitatem
1103 5701 1116 5722 ,
1154 5659 1523 5716 inﬁrmitatem
1556 5671 1611 5718 et
1640 5661 2081 5734 ingratitudinem
2101 5661 2292 5730 dispen
2312 5691 2327 5701 -

838 5833 934 5886 ⁸³1
987 5835 1139 5889 loan.
1179 5853 1236 5901 ιι,
1279 5837 1364 5890 ‘27.

2426 4655 2607 4698 vatum
2626 4644 2850 4698 sortitus
2877 4651 2962 4696 est
2989 4643 3056 4695 ah
3083 4641 3334 4694 omnibus
3358 4639 3706 4694 sensihiIibus
3736 4638 3827 4692 hic
3849 4652 3992 4690 mor-

2427 4745 2555 4790 tuus
2583 4744 2685 4796 est,
2717 4746 2770 4788 et
2794 4734 3190 4788 delectabilium
3221 4733 3343 4785 vitae
3373 4731 3700 4785 oblivionem
3731 4731 3991 4798 possidet.

2431 4829 2573 4884 Vivit
2618 4829 2818 4898 quippe
2861 4827 3118 4891 Christo,
3160 4827 3253 4894 qui
3314 4811 3663 4879 sensibilibus
3719 4824 3989 4876 moritur:

2431 4921 2738 4978 coruscatio
2763 4919 3116 4988 praainsinuat
3146 4917 3366 4970 tonitrui
3401 4931 3592 4969 sonum
3615 4956 3630 4978 ,
3663 4924 3719 4968 ct
3739 4914 3992 4984 superbia

2432 5014 2714 5069 annuntiat
2739 5012 3025 5064 adventum
3057 5025 3208 5062 vana:
3241 5009 3442 5078 glorias.
3479 5006 3590 5060 Nisi
3625 5006 3789 5060 fuerit
3817 5007 3993 5060 anima

2433 5105 2713 5174 inquinata
2748 5103 2998 5172 superbia
3021 5141 3036 5164 ,
3072 5117 3178 5153 non
3206 5099 3792 5153 illudeturdremonum
3829 5098 3999 5166 phan-

2430 5201 2602 5253 tasiis.
2634 5197 2939 5259 Possumus,
2963 5211 3028 5248 ex
3069 5191 3403 5248 naturalibus
3437 5193 3607 5245 rebus.
3654 5191 3709 5244 Id
3742 5191 3812 5244 de
3841 5205 3999 5244 cervo

2434 5295 2488 5341 et
2527 5285 2778 5353 exemplo
2807 5281 3150 5352 proprietatis
3188 5281 3358 5349 ipsius
3383 5279 3584 5332 dictum
3625 5277 3897 5346 intelligo,
3941 5286 4000 5328 ut

2433 5389 2486 5433 ct
2516 5379 2582 5431 de
2618 5377 2884 5446 serpentis
2925 5375 3174 5442 exemplo
3201 5372 3342 5441 quod
3384 5372 3632 5439 sequitur
3671 5389 3685 5424 :
3735 5367 3856 5422 Nisi
3906 5383 3998 5434 per

2433 5482 2711 5539 angustam
2735 5478 2782 5521 et
2814 5478 3016 5521 arctam
3034 5467 3184 5536 jcjun
3197 5466 3256 5518 ii.
3305 5463 3407 5528 Qui
3446 5479 3596 5515 vana-
3619 5462 3831 5532 glorim,
3861 5463 4001 5530 gula:

2430 5576 2484 5619 et
2517 5563 2746 5617 luxurize
2775 5561 3110 5619 deserviunt,
3131 5567 3182 5611 et
3210 5557 3300 5611 llei
3335 5557 3493 5610 verba
3523 5553 3846 5625 praedicant,
3871 5564 3999 5606 sunt

2431 5658 2570 5714 sicut
2593 5654 2902 5711 meretrices
2925 5655 3278 5708 admonentes
3303 5649 3438 5704 alios
3465 5649 3532 5703 dc
3556 5647 3822 5703 castitate.
3848 5644 4000 5700 Sicut
