4222 6448
227 415 362 481 1245

1385 422 1699 482 ΞΟΗΟΙᾸΛ
1731 420 1813 481 ΙΝ
1836 420 2244 481 CLIMACUM.

3297 419 3430 485 1246

209 528 504 602 longinqua
528 538 610 585 est
633 530 703 585 ab
728 531 794 587 iis
823 531 915 602 qui
942 531 1183 603 quotidie
1210 532 1570 598 fornicamur,
1596 532 1762 587 casti-
1791 539 1837 594 Α
1866 530 2093 595 fuerint,
2131 529 2362 585 visibilis
2391 529 2708 585 obedientia:
2746 539 2799 583 et
2835 530 3017 583 utilem
3045 540 3097 583 et
3127 530 3428 587 nocituram

211 631 315 685 tas,
349 621 418 674 ita
450 631 503 675 et
539 622 606 676 ab
639 623 773 687 illis,
803 624 1160 694 spiritualium
1204 626 1461 679 virtutum
1490 640 1682 680 sensus
1712 632 1765 677 et

212 712 615 781 contemplatio.
641 713 743 779 Qui
769 716 1011 769 continet
1036 724 1299 780 ventrem,
1330 717 1581 770 diminnit
1605 715 1730 768 vitia
1747 755 1761 779 ,

210 813 267 858 et
290 807 383 874 qui
410 806 644 859 vincitur
671 808 740 860 ab
764 807 904 861 escis
925 848 939 871 ,
981 817 1139 877 auget
1183 808 1496 862 libidinosas
1530 807 1764 861 delecta-

212 898 421 952 tiones.
476 897 805 968 Principium
852 900 1071 968 quidem
1115 901 1353 970 gentium
1400 899 1654 953 Amalech
1679 898 1761 962 ⁸³,

213 990 539 1059 principium
586 1003 764 1046 autem
803 994 1093 1057 vitiorum,
1134 993 1279 1061 gula.
1342 992 1508 1061 Ligna
1533 1006 1766 1060 namque

211 1083 378 1135 inulta
411 1084 645 1137 excitant
676 1082 973 1149 ﬂammam,
1014 1084 1261 1137 ciborum
1297 1099 1423 1137 vero
1458 1084 1763 1145 multitudo,

210 1171 501 1228 luxuriam.
533 1174 981 1245 Concupiscentia
1038 1191 1174 1229 esc:e
1220 1174 1424 1245 peperit
1454 1175 1767 1229 inobedien-

212 1260 342 1312 tiam
369 1278 383 1325 ;
414 1271 468 1315 et
492 1262 720 1317 dulcedo
769 1274 961 1332 gustus
1012 1265 1171 1333 ejecit
1206 1263 1475 1317 hominem
1515 1263 1581 1317 de
1610 1277 1766 1332 para-

211 1350 381 1403 diso:
444 1352 513 1405 ita
562 1363 617 1407 et
668 1355 966 1409 ntonacltus
1018 1354 1240 1423 gulosus
1298 1354 1499 1424 frangit
1548 1351 1767 1407 castita—

210 1440 287 1496 tis
315 1440 511 1505 foedus,
552 1451 606 1497 et
650 1460 679 1497 a
729 1445 1127 1514 pulchritudine
1173 1445 1643 1513 contemplationis
1671 1444 1767 1513 eji-

210 1534 405 1589 cietur.

563 1628 714 1681 CAP.
758 1627 848 1682 IX.
871 1656 942 1668 —
969 1628 1049 1681 Ad
1077 1628 1298 1697 gradum
1327 1629 1418 1682 27.

288 1716 409 1770 Non
445 1720 743 1786 ignorantes
770 1759 786 1785 ,
826 1736 1007 1774 canent
1036 1721 1330 1790 quemdam.
1377 1721 1578 1775 Canem
1635 1720 1767 1775 dicit

210 1824 365 1864 vanae
391 1810 575 1875 gloria:
601 1813 895 1867 daemonem
920 1854 936 1879 ,
974 1816 1066 1883 qui
1100 1829 1196 1868 sua
1239 1814 1568 1884 impudentia
1593 1815 1768 1868 omni-

1863 620 2214 674 directionem
2242 660 2257 685 ,
2288 620 2389 673 sub
2418 620 2727 674 senioribus
2749 661 2765 685 ,
2811 620 3015 689 absque
3052 621 3429 677 ctenoltiorum

1864 711 2125 774 tumultu,
2153 714 2204 765 in
2238 712 2417 782 quiete
2447 725 2569 765 cum
2601 711 2900 765 reverentia
2937 720 2992 764 ct
3021 712 3255 781 perlecta
3283 729 3404 768 mor

1866 803 2158 858 tiﬁcatione
2211 812 2451 859 tenentes
2505 818 2679 872 usque
2737 804 2788 857 in
2848 805 3032 858 linem.
3098 803 3247 860 Licet
3300 822 3432 876 ergo

1866 912 2118 966 magnum
2153 896 2252 960 sit,
2290 897 2482 965 quietis
2524 896 2778 951 solitariae
2813 895 3120 966 angelicum
3153 912 3293 965 opus
3316 936 3331 959 ,
3376 906 3433 953 et

1866 990 2086 1058 majoris
2120 989 2396 1059 prolectus
2435 1004 2597 1058 quam
2630 988 2878 1043 emnobia
2903 1028 2918 1052 ,
2968 1004 3093 1044 vere
3125 992 3369 1060 purgatis
3401 1006 3431 1045 a

1869 1081 2009 1136 vitiis
2032 1123 2048 1146 ,
2080 1097 2186 1134 non
2217 1082 2329 1134 vult
2359 1081 2462 1134 hoc
2498 1081 2677 1135 dicere
2713 1090 2932 1149 propter
2961 1082 3131 1150 magis
3159 1081 3430 1145 inﬁrmos,
3460 1110 3463 1113 λ

1866 1186 2004 1240 quos
2048 1170 2237 1225 eadem
2276 1169 2616 1223 conversatio
2658 1169 2932 1239 liquefacit
2972 1179 3229 1239 tanquam
3262 1172 3433 1226 cami-

1868 1277 1970 1316 nus
2002 1259 2282 1329 plumbum
2312 1280 2325 1314 :
2368 1257 2511 1312 inest
2547 1258 2743 1326 quippe
2778 1257 3007 1311 inﬁrmis
3047 1267 3107 1310 ut
3142 1258 3433 1328 plurimum

1867 1351 2176 1406 laadentium
2210 1351 2512 1419 appetitus,
2548 1363 2719 1419 quare
2747 1348 2944 1416 saepius
2976 1348 3275 1403 recidivant
3302 1364 3436 1403 cou-

1867 1444 2030 1497 traria
2069 1452 2377 1507 sumentes,
2407 1440 2533 1510 quia
2579 1447 2798 1494 nonest
2849 1439 3193 1507 parvulorum
3218 1480 3233 1505 ,
3280 1439 3435 1495 cibus

1867 1532 2251 1602 perfectorum.

1939 1623 2075 1687 Ima,
2103 1640 2182 1677 me
2220 1630 2329 1692 ipse
2350 1623 2576 1692 quidem.
2602 1622 2710 1685 Ait,
2753 1622 2870 1690 ipse
2890 1620 3132 1690 quidem,
3166 1620 3293 1689 quid
3332 1620 3435 1674 sibi

1867 1717 2155 1785 expediens
2185 1725 2289 1780 est,
2330 1722 2637 1784 cognoscet,
2700 1715 2802 1768 nisi
2856 1713 3093 1768 studium
3140 1713 3437 1782 perlectum

1870 1806 2120 1860 habuerit
2147 1804 2509 1859 observantiae
2540 1804 2917 1858 mandatorum
2944 1812 2997 1857 et
3017 1803 3272 1856 virtuosaa
3303 1816 3438 1855 con-

210 1900 315 1953 bus
355 1899 638 1954 insidiatur
677 1902 868 1967 bonis,
894 1912 947 1957 et
973 1904 1209 1958 Currodit
1234 1904 1577 1969 curiositate,
1606 1913 1661 1956 et
1689 1903 1767 1956 lo-
1800 1885 1840 1939 Β
1869 1897 2210 1961 versationis,
2244 1897 2433 1950 Mortis
2459 1898 2776 1965 properatio.
2824 1896 2881 1951 Id
2911 1904 2994 1950 est
3032 1911 3094 1949 ex
3117 1894 3439 1963 promptitu-

209 1986 484 2053 quacitate
504 2027 518 2052 ,
543 1996 597 2041 et
621 1988 987 2056 superﬂuitate
1005 2032 1020 2055 ,
1048 1999 1101 2045 et
1129 1992 1521 2058 ostentatione,
1564 2002 1616 2046 et
1650 2006 1766 2045 ma-

212 2078 490 2149 lignitate,
530 2090 691 2150 atque
740 2082 1042 2149 corrumpit
1078 2083 1288 2139 animas
1324 2083 1765 2153 imprudentium.

212 2169 420 2235 Quietis
444 2173 642 2225 anticus
663 2213 678 2236 ,
706 2184 781 2227 est
813 2174 965 2242 fortis
992 2174 1227 2245 quidam.
1285 2174 1493 2241 Quietis
1515 2175 1770 2230 solitaria:

210 2272 427 2317 amator
449 2264 728 2334 egrediens
776 2265 844 2319 de
881 2268 1012 2321 cella
1059 2284 1181 2321 cum
1225 2269 1479 2330 silentio,
1520 2283 1771 2322 mansne-

213 2356 424 2421 tudine,
451 2357 694 2411 oratione
736 2360 955 2414 mentali
993 2370 1046 2414 et
1079 2360 1373 2424 charitate,
1412 2376 1517 2413 non
1548 2374 1770 2429 progre-

210 2445 359 2500 ditur
393 2465 406 2501 :
454 2447 725 2517 verboque
751 2490 766 2513 ,
810 2467 839 2503 ει
890 2450 1153 2519 spirituali
1191 2451 1384 2505 anima:
1422 2450 1769 2506 consistentia

212 2554 322 2592 non
367 2539 600 2606 recedit,
634 2541 757 2595 licet
791 2542 1037 2596 videatur
1062 2552 1216 2597 extra
1253 2542 1487 2613 quietem
1520 2543 1771 2598 solitudiv

210 2630 334 2694 nis,
364 2646 593 2701 corpore
630 2633 796 2687 exire.
844 2632 1095 2687 Observat
1142 2634 1376 2704 quidem,
1417 2651 1616 2689 murem
1657 2650 1772 2705 qua:

211 2719 351 2773 hunc
402 2736 660 2788 venatur,
716 2734 820 2778 etc.
883 2724 1089 2779 Murem
1154 2726 1580 2797 intelligibilem,
1640 2728 1773 2781 dicit

212 2813 543 2868 homicidam
593 2816 862 2870 diabolum
893 2857 908 2881 ,
959 2833 1117 2887 quem
1164 2819 1392 2873 intentio
1439 2820 1771 2888 quiescentis

211 2904 499 2972 vigilanter
526 2907 798 2973 observat,
826 2909 967 2963 sicut
993 2921 1109 2964 cata
1141 2926 1372 2965 murem.
1403 2909 1472 2964 Ut
1487 2910 1771 2965 monachus

212 2996 375 3050 alteri
421 2999 671 3053 monacho
743 3000 1023 3067 adiunctus
1064 3020 1082 3057 :
1132 3002 1273 3057 Duos
1328 3005 1625 3059 monachos
1684 3004 1773 3058 hic

210 3088 374 3143 Pater
423 3092 573 3159 ponit
632 3108 647 3145 :
695 3109 902 3160 unum,
949 3095 1018 3170 ab
1068 3094 1382 3150 hominibus
1429 3096 1771 3161 desolatum,

210 3176 308 3244 qui
339 3176 693 3246 corporaliter
722 3179 919 3234 dicitur
938 3190 992 3235 et
1023 3190 1105 3236 est
1135 3183 1411 3238 solitarius
1442 3184 1769 3250 monachus;
1801 3229 1841 3287 ο

210 3267 383 3321 alium
414 3284 544 3323 vero
580 3286 611 3324 a
655 3273 891 3341 propriis
919 3273 1284 3329 voluntatibus
1326 3284 1381 3331 et
1426 3276 1773 3346 cogitationi-

208 3356 321 3425 bus
355 3367 407 3413 et
435 3358 579 3414 vitiis
616 3372 922 3430 separatum
948 3405 963 3429 ,
999 3379 1157 3434 quem
1198 3366 1535 3434 spiritualem
1576 3382 1773 3422 mena-

210 3450 379 3503 chum
407 3458 457 3505 et
495 3452 797 3507 solitarium
830 3457 1103 3523 nominat;
1135 3459 1279 3513 sicut
1308 3460 1375 3514 de
1400 3460 1466 3515 iis
1495 3476 1617 3527 quae
1649 3470 1778 3515 sunt

210 3544 590 3598 tantummodo
611 3545 837 3611 animae,
865 3548 1178 3615 sollicitum,
1212 3560 1267 3604 et
1298 3552 1622 3607 monachum
1658 3570 1775 3608 mo-

211 3636 396 3690 nacho
418 3676 435 3702 ,
477 3636 529 3690 id
558 3646 640 3692 est
663 3680 679 3702 ,
723 3639 822 3693 soli
852 3637 962 3693 Deo
989 3644 1355 3697 assistentem.
1379 3642 1519 3698 Sane
1552 3662 1656 3699 non
1698 3647 1777 3701 sic

211 3726 480 3781 liberatur
513 3743 543 3781 a
590 3728 775 3797 lapsu,
809 3730 898 3798 qui
926 3731 1281 3799 corporaliter
1306 3742 1390 3788 est
1424 3734 1602 3800 solus,
1641 3738 1776 3791 sicut

213 3819 551 3885 monachus,
588 3820 842 3889 praedicto
875 3822 1036 3877 modo
1065 3838 1188 3877 cum
1216 3827 1482 3882 monacho
1507 3828 1774 3895 habitans,

210 3914 474 3983 quoniam
504 3932 569 3970 ex
600 3928 722 3972 octo
755 3921 972 3975 malitiae
1002 3921 1279 3991 spiritibus
1304 3961 1317 3979 .
1352 3924 1592 3992 quinque
1626 3925 1775 3992 prin-

211 4006 496 4074 cipaliter,
546 4008 821 4065 solitarios
864 4010 1214 4082 impugnant,
1246 4011 1522 4074 videlicet,
1556 4013 1772 4077 acedia,

213 4096 474 4162 tristitia',
517 4098 625 4162 ira,
668 4114 804 4154 vana
850 4102 1055 4170 gloria,
1080 4104 1149 4157 Yet
1179 4104 1453 4172 superbia.
1490 4104 1624 4159 Tres
1650 4119 1777 4159 vero

212 4187 534 4244 obedientes
556 4232 571 4255 ,
601 4191 754 4259 gula,
792 4192 1002 4248 luxuria
1027 4234 1041 4259 ,
1078 4207 1134 4248 et
1168 4197 1415 4251 avaritia.
1449 4195 1736 4251 Solitarius
1758 4238 1774 4262 ,

211 4290 295 4334 est
329 4279 500 4349 forma
536 4284 795 4338 terrestris
824 4286 1014 4356 angeli.
1070 4286 1124 4341 Id
1150 4300 1265 4353 est,
1305 4289 1602 4343 secundum
1634 4290 1776 4360 quod

210 4380 303 4425 est
327 4372 609 4436 possibile,
641 4389 763 4428 eum
795 4392 1029 4447 sequens
1052 4419 1067 4444 ,
1099 4379 1167 4432 ab
1194 4381 1343 4434 omni
1373 4382 1690 4451 negligentia
1723 4389 1777 4438 et

210 4462 663 4532 pusillanimitate
690 4481 844 4520 suam
879 4468 1114 4523 liberans
1138 4472 1459 4526 orationem.
1499 4472 1601 4539 Qui
1632 4474 1773 4528 enim

1867 1990 1993 2044 dine
2017 1998 2070 2044 et
2109 1990 2249 2043 bona
2275 1988 2575 2055 voluntate,
2602 2003 2696 2057 per
2718 1979 3070 2042 imitationEm
3101 1986 3225 2040 novi
3264 1985 3439 2039 homi-

1868 2081 1975 2147 nis,
2010 2080 2475 2135 mortiﬁcationem
2519 2079 2699 2133 carnis
2727 2089 2779 2133 et
2810 2080 3065 2132 vitiorum
3108 2085 3436 2141 monstrare,

1869 2173 2112 2244 nihilque
2138 2188 2430 2229 commune
2458 2172 2653 2227 habere
2678 2187 2801 2227 cum
2863 2172 3086 2235 mundo,
3118 2172 3211 2226 sed
3245 2171 3437 2241 singu—

1868 2264 1935 2319 lis
1966 2264 2113 2319 horis
2154 2263 2459 2319 desiderare
2494 2263 2653 2326 mori,
2689 2272 2741 2316 et
2776 2277 2889 2315 esse
2918 2277 3037 2314 cum
3061 2260 3290 2316 Christo.
3337 2260 3441 2313 lm-

1871 2356 2126 2425 possibile
2153 2364 2237 2410 est
2259 2355 2502 2409 habitum
2529 2369 2671 2409 vera:
2705 2354 2987 2409 charitatis
3021 2367 3141 2407 esse
3173 2352 3225 2405 in
3250 2366 3315 2406 eo
3346 2352 3441 2422 qui

1870 2449 2043 2520 diligit
2065 2448 2265 2518 aliquid
2304 2449 2515 2514 vitiose,
2541 2448 2631 2502 sed
2669 2462 2840 2516 neque
2869 2446 3067 2509 oratio,
3104 2445 3278 2515 magis
3313 2460 3441 2498 vero

1869 2542 2132 2596 orationis
2162 2542 2394 2603 macula,
2420 2551 2474 2594 et
2519 2541 2571 2594 in
2597 2540 2840 2594 oratione
2884 2538 3028 2607 ejus,
3089 2545 3439 2607 augmentum

1871 2635 1984 2700 irae,
2015 2642 2068 2688 et
2117 2633 2340 2698 furoris,
2381 2642 2436 2686 et
2468 2632 2702 2697 timoris,
2744 2642 2797 2686 et
2854 2631 3105 2685 elationis
3142 2630 3441 2700 assumptio

1870 2725 1995 2781 erit.
2038 2724 2229 2779 Sciens
2262 2741 2327 2780 ac
2380 2724 2618 2795 prudens
2684 2723 2874 2777 tacebo
2906 2723 3110 2792 reliqua
3143 2739 3156 2775 :
3185 2721 3439 2786 subaudi,

1874 2818 2057 2888 lapsus
2078 2818 2281 2880 carnis,
2324 2831 2579 2872 excessus
2619 2817 2840 2878 mentis,
2894 2824 2948 2869 et
2978 2814 3286 2869 vexationes
3340 2814 3443 2868 Sa-

1872 2919 2032 2964 tanae.
2067 2906 2353 2961 Exinanito
2393 2909 2529 2961 enim
2589 2907 2730 2976 felle,
2804 2906 2855 2959 id
2912 2914 3016 2967 est,
3073 2906 3334 2974 abuegata
3389 2914 3445 2959 et

1874 3002 2197 3057 mortiﬁcata
2221 3009 2275 3055 et
2301 3001 2428 3055 odio
2459 3000 2641 3053 habita
2666 2999 2883 3069 propria
2925 2999 3221 3060 voluntate,
3274 2997 3332 3051 ﬁt
3359 2997 3440 3052 di-

1874 3094 2104 3147 minutio
2143 3093 2418 3147 vitiorum.
2458 3091 2589 3147 Cum
2624 3092 2851 3145 medium
2902 3089 3037 3142 illud
3079 3090 3439 3159 arripuissem.

1876 3181 1991 3235 Non
2034 3182 2174 3235 clare
2219 3181 2459 3234 narravit
2505 3179 3017 3248 contemplationem
3067 3188 3315 3245 sanctus,
3376 3193 3454 3233 eo.

1874 3273 2018 3344 quod
2050 3273 2225 3328 noluit
2282 3273 2538 3327 omnibus
2596 3272 2719 3325 talia
2745 3272 3021 3326 revelare:
3052 3270 3183 3325 dicit
3239 3280 3442 3338 autem,

1873 3381 2176 3435 exsequens
2205 3367 2505 3420 orationem
2525 3365 2805 3435 vigilanter
2825 3372 2881 3419 et
2910 3364 3026 3419 sine
3046 3364 3446 3419 intermissione

1875 3468 1929 3512 et
1954 3458 2187 3530 pigritia,
2221 3458 2366 3528 quod
2400 3467 2485 3512 est
2531 3457 2769 3510 medium
2825 3456 2990 3510 trium
3045 3456 3440 3526 operationem.

1879 3551 2225 3607 lntermedius
2255 3550 2471 3620 eﬂ'ectus
2496 3566 2632 3603 sunt.
2677 3548 2733 3603 ln
2759 3548 2949 3604 mediis
2970 3548 3190 3618 (inquit)
3218 3548 3445 3603 effectus

1877 3660 1995 3698 sum
2026 3643 2270 3697 videlicet
2323 3642 2580 3712 angelicis
2626 3651 2679 3695 et
2727 3641 3185 3696 intellectualibus
3239 3642 3446 3695 ordini-

1876 3738 1999 3801 bus,
2026 3736 2166 3805 quod
2195 3744 2281 3790 est
2304 3734 2560 3800 {medium
2597 3732 2686 3785 Dei
2729 3742 2783 3787 et
2808 3734 3107 3787 hominum.
3154 3732 3231 3787 Ac
3263 3734 3445 3786 sitien-

1878 3840 1979 3880 tem
2008 3843 2085 3880 me
2117 3827 2473 3880 illuminabat.
2528 3824 2594 3878 Et
2647 3824 2982 3880 illuminatus
3031 3824 3108 3878 fui
3140 3825 3209 3880 ab
3236 3841 3303 3880 eo
3333 3826 3443 3890 (iii-

1876 3920 2015 3990 quit)
2052 3917 2556 3988 supernaturaliter.
2601 3916 2662 3969 Et
2685 3933 2800 3970 ecce
2836 3933 3023 3971 rursus
3051 3927 3167 3971 erat
3221 3919 3275 3971 in
3309 3917 3442 3973 illis.

1878 4012 1943 4065 Et
1998 4026 2124 4067 ecce
2167 4012 2386 4080 (inquit)
2449 4011 2643 4064 iterum
2685 4025 2837 4063 mens
2874 4010 3067 4063 eratin
3125 4010 3232 4064 illis
3279 4026 3447 4080 super

1877 4102 2249 4173 spiritualibus
2277 4113 2331 4157 et
2360 4100 2788 4156 immissionibus
2810 4101 3030 4167 divinis,
3063 4109 3117 4156 et
3144 4102 3199 4155 in
3223 4116 3285 4155 ea
3322 4117 3445 4171 qua:

1877 4206 1959 4251 est
2022 4195 2164 4250 circa
2216 4195 2391 4264 ipsum
2448 4193 2936 4263 contemplatione,
2967 4208 3073 4247 non
3119 4194 3327 4258 valens,
3377 4193 3444 4247 ad

1878 4290 2180 4359 principem
2206 4289 2259 4342 in
2293 4288 2471 4342 omnis
2503 4294 2768 4340 creaturae
2788 4285 3064 4339 Christum
3096 4285 3284 4348 Deum,
3315 4299 3440 4353 pro-

1878 4392 1996 4449 pter
2021 4378 2449 4435 inaccessibilem
2484 4378 2681 4443 lucem,
2708 4390 2921 4431 sursum
2970 4375 3053 4445 agi
3113 4385 3167 4430 et
3198 4377 3438 4437 extendi,

1878 4489 1942 4526 ex
1979 4473 2084 4527 hoc
2120 4471 2493 4527 desiderabam
2540 4469 2913 4537 contemplari.
2947 4468 3086 4533 Quid
3130 4468 3341 4538 quidem
3388 4469 3442 4521 in

213 4554 447 4621 gratiam
493 4554 751 4610 Paraclcti
797 4574 900 4612 non
946 4562 1194 4629 accepit,
1244 4577 1352 4617 non
1397 4564 1614 4619 habebit
1653 4582 1778 4619 ora-
1809 4569 1855 4627 Ι)
1882 4581 1941 4618 eo
1960 4576 2072 4619 erat
2110 4576 2230 4619 ante
2260 4564 2515 4617 visibilem
2563 4563 2808 4631 formam.
2879 4561 3233 4631 Inlerrogmit
3256 4575 3384 4614 vero
3412 4574 3443 4613 a

214 4645 386 4700 tionis
435 4648 857 4713 permanentiam
896 4659 950 4705 et
1006 4653 1415 4721 perpetuitatem
1445 4674 1459 4710 :
1496 4671 1617 4711 cum
1648 4672 1777 4711 vero

213 4736 533 4792 Parucletus
606 4737 771 4794 fuerit
834 4742 886 4794 in
945 4742 1161 4798 homine
1238 4753 1402 4810 tunc,
1472 4748 1665 4803 sedens
1727 4759 1782 4803 et

215 4828 546 4893 ambulans,
626 4830 901 4895 dormiens
952 4842 1005 4886 et
1087 4834 1314 4903 vigilans
1395 4836 1647 4893 laborans
1728 4848 1782 4893 et

215 4921 541 4990 quiescens,
574 4922 720 4976 solus
739 4964 753 4988 ,
782 4925 863 4977 vel
890 4940 1011 4978 cum
1047 4927 1228 4992 sociis,
1260 4928 1487 4999 loquens
1512 4941 1567 4985 et
1594 4942 1781 4987 tacens

214 5021 340 5065 orat
379 5013 637 5080 angelus,
681 5023 767 5069 est
808 5015 1111 5071 substantia
1153 5019 1533 5078 intellectualis
1568 5039 1781 5093 semper

216 5103 469 5171 mobilisj;
502 5105 725 5160 arbitrio
752 5107 947 5172 libera,
979 5109 1091 5164 Deo
1121 5111 1435 5169 ministrans
1455 5156 1469 5180 ,
1502 5115 1554 5169 itt
1586 5125 1779 5170 natura

214 5196 524 5250 immortale
546 5198 688 5265 quod
711 5208 795 5253 est
821 5200 1093 5270 accipiens
1114 5213 1168 5257 et
1195 5204 1397 5260 habens
1423 5225 1438 5261 :
1465 5207 1623 5277 cujus
1649 5210 1781 5263 sub-

213 5286 433 5339 stantia:
462 5287 829 5343 deﬁnitionem
864 5300 918 5345 et
947 5291 1174 5347 formam
1194 5336 1209 5356 .
1254 5297 1402 5351 solus
1431 5299 1657 5353 Creator
1681 5316 1781 5354 no-

212 5378 315 5429 vit.
347 5375 477 5440 Cur,
537 5395 746 5447 quwso,
781 5397 880 5434 non
914 5394 1011 5449 tot,
1042 5386 1180 5452 apud
1212 5387 1593 5443 tabennesiotas
1617 5431 1633 5455 ,
1675 5401 1778 5446 etc.

212 5468 359 5535 Quia
398 5470 621 5538 majoris
644 5472 879 5541 quietis,
924 5485 977 5530 ct
1018 5479 1298 5546 amplioris
1338 5482 1687 5548 remotionis,
1729 5493 1783 5538 et

214 5561 485 5615 nuditatis
508 5602 522 5622 ,
565 5571 619 5615 et
649 5566 914 5621 orationis
935 5609 949 5631 ,
986 5578 1038 5622 et
1070 5569 1307 5637 silentii,
1338 5573 1691 5642 scythiothte,
1729 5584 1782 5628 ct

212 5652 573 5723 intelligibilis
612 5656 932 5714 obetlicntite
976 5670 1289 5730 operatorcs
1333 5672 1388 5720 ct
1438 5679 1781 5733 possessores

291 5836 341 5867 "
367 5812 528 5890 Num.
564 5850 705 5901 xxtv,
744 5836 831 5891 20.

1884 4656 2120 4727 quodam
2167 4656 2482 4726 angelorum
2527 4654 2594 4709 de
2638 4653 2812 4708 Verbo
2842 4662 2968 4708 ante
3015 4653 3444 4723 assumptionem

1886 4750 2139 4802 humanae
2168 4757 2374 4802 naturae
2407 4766 2420 4801 :
2451 4762 2479 4799 α
2522 4762 2631 4815 quo
2660 4746 2937 4807 exclusus,
2974 4745 3169 4798 iterum
3196 4743 3447 4812 quaesivit

1885 4838 2158 4909 quomodo
2216 4851 2360 4891 nunc
2414 4835 2674 4891 exsistit?
2706 4834 2769 4889 Et
2802 4835 3011 4888 audivit
3044 4852 3057 4888 :
3093 4832 3160 4886 In
3218 4834 3445 4902 propriis

1885 4942 1932 4986 et
1962 4947 2063 4983 non
2096 4930 2151 4982 in
2178 4930 2316 4994 istis,
2348 4945 2376 4982 a
2410 4928 2650 4998 principe
2680 4927 2928 4990 visionis,
2982 4935 3171 4980 saneto
3228 4925 3444 4994 angelo,

1882 5022 2135 5078 subaudi.
2168 5021 2236 5074 Et
2266 5038 2357 5091 ego
2385 5037 2403 5073 :
2440 5020 2696 5087 Quianam
2725 5019 2982 5089 (inquam)
3019 5028 3094 5072 est
3125 5018 3313 5071 dextra
3333 5028 3447 5072 sta-

1885 5111 1960 5162 tio
1987 5110 2012 5162 ?
2037 5118 2141 5163 etc.
2176 5108 2243 5162 Et
2283 5110 2476 5162 iterum
2513 5110 2863 5176 interrogavit
2892 5127 2907 5162 :
2938 5109 3067 5174 Qua:
3092 5119 3174 5163 est
3201 5111 3443 5173 dextera,

1884 5210 1938 5257 et
1970 5202 2231 5257 thronus?
2259 5210 2311 5255 et
2344 5201 2495 5255 audit
2534 5217 2726 5256 rursus
2772 5220 2787 5255 :
2819 5199 3152 5269 lmpossibile
3188 5212 3271 5258 est
3315 5218 3445 5257 aure

1886 5294 1988 5347 ista
2019 5293 2224 5347 doceri.
2256 5292 2452 5346 lterum
2477 5292 2742 5348 desiderio
2785 5302 3013 5355 tractus,
3044 5302 3199 5362 rogat
3244 5290 3442 5349 adduci

1887 5386 1951 5439 ad
1979 5386 2106 5439 illud
2141 5394 2349 5455 tempus
2374 5384 2739 5454 perfectionis,
2766 5385 2821 5439 in
2845 5401 2955 5454 quo
2981 5386 3158 5440 videat
3180 5385 3441 5449 Verbum,

1887 5480 2044 5535 sicuti
2074 5490 2157 5536 est
2190 5481 2322 5550 :qui
2346 5481 2525 5536 denuo
2550 5480 2701 5535 audit
2755 5497 2861 5536 non
2915 5496 3035 5536 esse
3098 5480 3297 5535 viantis
3342 5481 3445 5535 hoc

1886 5572 2138 5643 accipere
2170 5586 2223 5629 et
2254 5574 2573 5643 intelligere,
2610 5572 2715 5627 nisi
2740 5574 2891 5642 prius
2918 5573 3276 5627 absorbeatur
3300 5574 3443 5641 quod

1886 5664 2114 5722 mortale
2150 5675 2231 5722 est
2260 5678 2291 5720 a
2314 5664 2443 5732 vita,
2469 5672 2524 5721 et
2560 5662 2892 5735 imperfectio
2913 5671 3114 5719 nostrae
3134 5661 3441 5731 corruptio-
