4222 6448
784 385 915 452 1247

1532 393 1592 450 S.
1631 388 1947 450 JOANN'S
1988 387 2224 448 RAITH
2285 385 2601 447 SCIIOLIA
2641 389 2716 450 ΙΝ
2742 394 3150 455 CLIMACUM.

3887 394 4031 458 1248

781 502 869 555 uis
895 499 1294 568 perticiatuvab
1323 501 1445 570 igne
1486 497 1716 567 Spiritus
1754 499 1928 552 sancti
1972 499 2154 552 omnia
2221 511 2353 551 con-
2381 499 2430 556 Α.
2457 498 2601 551 niam
2637 516 2745 555 non
2785 503 2949 558 habet
2971 503 3238 559 fervorem
3260 502 3386 558 boni
3411 503 3662 559 desiderii
3687 512 3742 558 et
3763 504 4034 559 festinau-

781 601 1046 646 sumente.
1079 591 1172 649 Est
1193 601 1370 644 autem
1407 590 1518 644 haec
1543 589 1679 642 visio
1705 589 2055 657 relinquenda
2086 588 2152 642 ad
2181 589 2348 641 inter-

780 685 1100 752 pretandum
1128 725 1142 748 ,
1173 683 1432 752 expertis.
1462 681 1727 735 Praeterea
1751 695 2057 748 exsequens
2087 681 2349 746 medium,

779 776 1042 830 orationis
1101 791 1220 844 qua:
1284 783 1404 844 post
1459 774 1720 827 virtutum
1799 773 2044 827 habitum
2092 774 2350 827 vitiorum

777 869 1166 924 cmundatioue
1214 869 1491 938 praemissa
1537 877 1716 921 mente
1745 865 2038 934 perﬁcitur,
2095 865 2148 919 in
2177 867 2353 920 medio

780 959 1043 1013 virtutum
1091 969 1144 1012 et
1190 958 1667 1028 contemplationis
1707 956 1884 1011 factus
1934 972 2094 1018 sum,
2155 955 2352 1025 inquit.

781 1051 922 1104 Sunt
948 1052 1089 1104 enim
1121 1051 1344 1105 virtutes
1366 1052 1623 1105 mortales
1637 1060 1686 1104 ct
1713 1049 1921 1118 purgati
1939 1049 2208 1104 animiseu
2227 1064 2356 1104 con-

780 1145 1450 1214 templativaeexemplares
1468 1162 1559 1199 seu
1604 1145 2016 1208 iutelleetuales,
2045 1146 2187 1200 sicut
2231 1154 2358 1199 sunt

781 1249 992 1294 contem
1001 1241 1264 1308 plationes
1279 1241 1347 1292 im
1356 1239 1873 1304 mediatmnnediatae
1883 1250 1935 1293 et
1947 1240 2202 1309 subjectae
2217 1259 2229 1302 ;
2245 1238 2358 1308 qui-

781 1329 884 1383 bus
903 1338 1032 1383 sunt
1046 1345 1296 1383 consume
1311 1330 1689 1384 exsisteutium
1711 1330 1918 1392 activae,
1934 1328 2359 1397 contemplativa:

780 1423 864 1473 vel
903 1421 1293 1476 intellectuales
1322 1432 1375 1475 et
1399 1422 1799 1476 transductivae.
1835 1420 1928 1475 Est
1955 1435 2080 1474 vero
2102 1420 2356 1474 virtutum

781 1507 1090 1565 mortalium
1113 1516 1141 1565 ti
1151 1513 1253 1574 uiS,
1277 1513 1446 1581 pictas
1463 1512 1542 1566 vel
1560 1513 1892 1580 compassio:
1910 1513 2164 1566 virtutem
2177 1521 2356 1566 autem

783 1605 949 1658 animi
975 1605 1085 1674 jam
1118 1607 1326 1674 purgati
1354 1621 1447 1660 seu
1497 1606 2067 1676 contemplativarum,
2097 1605 2221 1659 linis
2276 1615 2360 1658 est

785 1698 1180 1751 irrcmissibilis
1231 1697 1296 1750 ad
1351 1699 1632 1766 passiones
1673 1708 1726 1752 et
1773 1697 2017 1766 corporis
2071 1697 2357 1765 depositio.

783 1785 1232 1842 lntellectualium
1287 1805 1414 1842 vero
1468 1804 1559 1842 seu
1611 1787 2020 1856 exetnplarium,
2073 1786 2355 1842 deiformi-

784 1889 871 1933 tas
897 1891 953 1932 et
977 1880 1171 1950 gratia.
1203 1878 1477 1933 Virtutum
1512 1880 1676 1949 igitur
1705 1879 1902 1949 gradus
1925 1879 2136 1934 medius
2161 1888 2266 1944 est,
2290 1879 2352 1932 il-

785 1969 1071 2023 luminatio
1093 1980 1144 2023 et
1173 1970 1554 2025 intellectualis
1577 1971 1866 2040 explicatio
1908 1989 1922 2024 :
1953 1970 2047 2032 ita,
2080 1979 2135 2023 et
2165 1969 2354 2039 cogni-

785 2062 991 2114 tionqu
1022 2062 1319 2116 mediarum
1367 2063 1605 2116 medium
1641 2073 1766 2115 sunt
1821 2061 2245 2130 contemplativa
2299 2068 2356 2114 ει

786 2153 1193 2209 iutellectualia.
1246 2154 1432 2222 Igitur,
1468 2154 1696 2208 medium
1739 2155 2122 2224 exsequens,in
2166 2153 2352 2206 mediis

787 2246 963 2314 factus
993 2263 1125 2310 sum,
1171 2249 1377 2315 inquit,
1404 2248 1455 2301 id
1484 2257 1587 2312 est,
1638 2249 1922 2318 perlicieus
1967 2256 2023 2302 et
2074 2257 2354 2316 transgre-

786 2338 942 2392 diens
973 2339 1176 2391 activas
1196 2348 1251 2391 et
1276 2340 1510 2393 morales
1555 2340 1802 2402 virtutes,
1828 2351 1880 2394 et
1910 2354 1940 2392 a
1964 2338 2109 2393 vitiis
2159 2353 2355 2406 purga-

785 2439 894 2493 tus,
924 2439 978 2484 et
1009 2445 1038 2483 a
1067 2445 1296 2500 corpore
1323 2431 1624 2502 elongatus.
1672 2431 1730 2486 In
1767 2432 1960 2486 mediis
2008 2431 2181 2486 factus
2233 2447 2355 2486 sum

785 2521 1211 2588 cognitionibus,
1238 2523 1672 2590 contemplativis
1694 2533 1747 2576 et
1775 2522 2234 2578 intellectualibus
2269 2532 2353 2578 :et

785 2611 1427 2677 illuminavitsitientem,
1479 2615 1568 2668 ille
1596 2633 1627 2668 a
1667 2631 1769 2684 quo
1798 2631 1948 2669 omne
1995 2616 2177 2669 datum
2217 2617 2354 2686 opti-

787 2721 931 2757 mum
990 2715 1038 2758 et
1118 2721 1268 2759 omne
1359 2707 1553 2760 donum
1621 2709 1908 2776 perfectum
1967 2708 2052 2774 “;
2102 2718 2158 2763 ει
2227 2725 2358 2779 pur-

789 2798 936 2867 gavit
982 2814 1069 2852 me
1117 2799 1265 2852 vilus
1328 2814 1450 2868 quae
1505 2799 1702 2854 talibus
1735 2800 2138 2868 operationibus
2167 2803 2355 2870 praesi-

788 2890 897 2952 det,
937 2896 991 2942 et
1009 2903 1224 2943 onmem
1250 2890 1320 2943 ab
1347 2891 1529 2944 anima
1551 2891 1836 2960 caliginem
1864 2907 2199 2962 persequens
2229 2893 2355 2949 illu-

787 2980 1105 3034 minetionis
1135 2982 1565 3038 immissionibus
1609 2983 1990 3039 insatiabiliter
2021 3001 2108 3040 me
2164 2985 2356 3041 sitien-

785 3082 893 3126 tem
927 3074 1306 3130 circumfulsit.
1345 3077 1406 3131 Et
1446 3085 1567 3146 post
1599 3077 1700 3132 ista
1733 3076 1756 3130 ?
1783 3076 1982 3132 lterum
2002 3089 2120 3133 erat
2152 3080 2207 3134 in
2239 3081 2352 3136 illis

2455 593 2582 645 tiam
2604 602 2658 646 et
2690 595 2929 650 studium
2956 597 3148 652 salutis
3172 597 3385 651 animat.
3437 595 3612 650 Unum
3642 599 3893 666 spiritum
3938 599 4034 650 ob-

2453 701 2599 738 serva
2618 688 2940 757 vigilantius.
3002 688 3152 745 Unus
3173 691 3460 760 spirituum
3497 690 3590 760 qui
3613 705 3828 759 semper
3848 689 4034 757 impu-

2455 786 2601 847 gnat,
2621 790 2706 834 est
2737 779 3114 837 fornicationis
3143 783 3376 848 daemon,
3402 784 3636 837 maxime
3674 782 3729 836 in
3757 781 4030 851 incipien-

2455 869 2618 934 tibus,
2643 881 2697 923 et
2721 871 3165 942 impugnantibus
3189 889 3286 927 seu
3327 873 3754 943 proﬁcientibus,
3781 880 3869 925 est
3911 886 4036 924 aee-

2454 960 2556 1014 dia:
2579 961 2809 1016 damon.
2838 962 2896 1017 In
2929 965 2995 1019 iis
3015 975 3194 1019 autem
3222 965 3316 1034 qui
3358 966 3796 1035 appropinquant
3849 961 4035 1032 perfe-

2456 1054 2645 1120 ctioui,
2677 1062 2760 1109 est
2787 1057 2997 1110 tlzeulon
3020 1073 3172 1112 vame
3193 1058 3397 1127 glorias.
3429 1055 3585 1111 Nulli
3612 1059 3698 1110 cui
3729 1057 3924 1109 turrim
3951 1056 4032 1108 ιιει

2457 1142 2639 1196 collem
2673 1145 2860 1212 quietis
2922 1145 3211 1214 aediﬁcare,
3250 1155 3356 1200 etc.
3385 1144 3578 1201 Turris
3603 1146 3876 1216 signiﬁcat
3901 1158 4031 1213 per-

2459 1235 2743 1290 fectionem
2769 1241 3027 1292 virtutum
3049 1255 3174 1293 cum
3193 1239 3420 1293 scientia
3431 1239 3774 1293 aediﬁcatam.
3791 1236 4034 1303 Quicun-

2459 1342 2564 1395 que
2588 1343 2716 1398 ergo
2733 1338 2992 1398 operatus
3015 1330 3246 1384 activam
3271 1329 3460 1393 vitam,
3485 1328 3722 1398 perfecte
3739 1328 3803 1382 ad
3821 1328 4032 1397 impas-

2459 1418 2772 1473 sibilitatem
2827 1420 2988 1475 habet
3007 1422 3388 1492 aptitudinem,
3412 1431 3469 1476 et
3517 1420 3820 1488 dispositus
3843 1429 3932 1474 est
3961 1420 4030 1472 ad

2458 1511 2870 1580 acquisitionem
2891 1515 3220 1568 naturaliqu
3247 1513 3788 1583 contemplativarum
3827 1521 3888 1565 et
3942 1511 4030 1564 di-

2459 1604 2706 1657 vinarum
2734 1605 3020 1671 veritatum
3044 1615 3096 1660 et
3128 1607 3399 1662 rationum
3422 1622 3440 1672 ;
3471 1621 3566 1675 per
3585 1621 3723 1675 quas
3749 1604 4033 1673 perﬁcitur

2461 1697 2696 1766 perfecta
2722 1699 2971 1764 scientia,
3001 1707 3056 1753 et
3075 1699 3374 1768 completur
3399 1698 3687 1753 aediﬁcatio
3737 1698 3931 1760 turris,
3977 1706 4032 1752 et

2461 1789 2679 1861 quietis,
2711 1800 2767 1846 et
2786 1793 3047 1846 virtutum
3073 1790 3561 1848 Christiformium.

2839 1925 2968 1980 CAP.
2999 1923 3066 1979 Χ.
3092 1925 3257 1978 -Αά
3302 1924 3526 1996 gradum
3553 1923 3644 1979 28.

2535 2060 2684 2126 Volo,
2717 2062 2812 2128 sit,
2843 2062 3011 2132 magis
3041 2061 3196 2115 verba
3216 2061 3376 2115 menti
3400 2075 3529 2114 mete
3547 2061 3740 2126 dicere,
3765 2069 3873 2114 etc.
3901 2060 4033 2113 Sen-

2454 2172 2546 2211 sus
2567 2157 2762 2211 anima‘.
2785 2165 2869 2212 est
2899 2155 3186 2210 ineﬁ‘abilis
3209 2164 3403 2226 gustus
3443 2155 3641 2210 divinae
3689 2156 4029 2210 consolatio-

2455 2250 2540 2305 nis
2566 2266 2581 2315 ;
2608 2250 2700 2318 qui
2737 2265 2862 2304 cum
2901 2249 3188 2305 charitatis
3215 2249 3624 2319 pulchritudine
3657 2248 3736 2302 ﬁt.
3775 2247 4031 2318 Quinque

2454 2345 2620 2415 igitur
2638 2345 2802 2400 verba
2831 2360 2996 2401 sensu
3021 2359 3123 2400 suo
3160 2343 3424 2414 loquitur,
3472 2342 3568 2412 qui
3596 2344 3616 2413 (
3639 2357 3736 2412 per
3764 2340 4028 2410 Spiritum

2455 2449 2708 2502 sanctum,
2729 2438 3093 2504 sensitieatus)
3123 2437 3422 2492 secundum
3450 2437 3838 2506 proprietatem
3867 2435 4033 2488 dicta-

2453 2542 2574 2580 rum
2623 2529 2880 2581 virtutum
2931 2526 3395 2589 illuminationes,
3445 2525 3626 2579 divina
3679 2523 3935 2578 incendia
3978 2533 4032 2577 et

2454 2618 2812 2688 perfectiones
2841 2619 3110 2687 intelligit,
3137 2617 3423 2688 participat
3445 2626 3500 2672 et
3525 2625 3709 2687 gustat
3736 2616 3791 2669 in
3817 2616 3886 2671 iis
3909 2631 4032 2685 qua:

2455 2715 2604 2770 dicit.
2632 2713 2882 2782 Quinque
2907 2711 3072 2767 verba
3101 2710 3237 2766 dicit
3268 2710 3451 2766 omnis
3479 2710 3676 2764 doctor
3701 2710 3799 2779 qui
3825 2724 4028 2762 conve-

2457 2806 2662 2860 nientia
2687 2804 2920 2874 singulis
2943 2802 3200 2858 sensibus
3224 2801 3318 2872 qui
3342 2802 3395 2856 in
3421 2800 3580 2856 nobis
3615 2809 3746 2856 sunt
3777 2800 4031 2868 exemplo

2455 2895 2640 2964 aperis
2663 2903 2718 2948 et
2740 2893 2904 2948 verbo
2941 2891 3209 2948 doctrinae
3227 2890 3466 2947 remedia
3510 2891 3754 2960 apponit.
3787 2888 3856 2944 In
3919 2891 4034 2958 ipso

2455 2989 2590 3041 enim
2639 2987 2936 3055 centuplum
2992 2986 3249 3053 accipient
3301 2984 3542 3038 monac/ti
3567 2999 3585 3037 :
3612 2984 3664 3036 id
3707 2994 3794 3037 est
3845 2982 4034 3037 divina

2455 3081 2618 3134 dona.
2675 3078 2829 3146 Quod
2885 3093 3016 3132 vero
3069 3086 3156 3131 est
3198 3075 3640 3131 indezvidelicet
3687 3075 3879 3141 gratiae
3914 3090 4037 3142 qua:

786 3167 808 3236 (
837 3167 1067 3222 subaudi
1136 3168 1359 3238 mediis)
1429 3169 1609 3223 divina
1688 3169 2011 3223 illuminatio
2057 3173 2352 3226 secundum
2382 3181 2425 3238 ο
2458 3185 2555 3240 per
2578 3170 2882 3224 orationem
2914 3167 3360 3223 misericordibus
3382 3166 3662 3220 monachis
3689 3165 4036 3219 distribuun-

786 3261 1212 3329 propositionem
1237 3262 1455 3316 mentis.
1482 3261 1548 3316 Et
1573 3261 1914 3317 ﬁatumantes
1934 3262 2181 3328 aﬂ‘ectus,
2211 3279 2358 3320 eom-

785 3353 995 3422 pellunt
1033 3365 1304 3409 amantem
1338 3355 1673 3424 interrogare
1699 3371 1728 3407 a
1753 3355 1993 3424 principe
2013 3355 2264 3423 visionis,
2288 3357 2357 3412 de

785 3447 1031 3500 veritatis
1059 3448 1271 3501 visione
1334 3448 1448 3502 sive
1469 3447 1750 3517 symbolis,
1783 3457 1835 3501 et
1879 3447 1946 3501 de
1996 3446 2173 3502 Verbo
2227 3459 2355 3505 ante

784 3539 1215 3608 aSsmuptionem
1241 3539 1493 3595 humanae
1515 3550 1744 3602 natura},
1774 3551 1829 3595 et
1855 3556 1977 3610 quae
2002 3557 2352 3611 consequun-

787 3642 877 3684 tur
899 3632 1042 3685 sicut
1070 3633 1320 3699 superius
1344 3633 1613 3703 leguutur.
2223 3699 2227 3703 ι

859 3723 992 3777 Cum
1045 3723 1283 3791 procedis
1344 3733 1655 3794 congregata
1709 3727 1934 3779 custodi.
2005 3725 2062 3779 Id
2118 3739 2221 3791 est,
2293 3743 2357 3783 os

785 3828 938 3871 tuum
969 3826 1024 3869 et
1054 3832 1148 3870 cor
1209 3825 1362 3870 tuum
1402 3818 1455 3871 in
1489 3817 1855 3873 locutionibus
1890 3819 2126 3883 custodi,
2158 3835 2358 3876 cavens

788 3912 1072 3980 propalare
1107 3911 1330 3966 virtutes
1382 3915 1532 3981 quia,
1588 3927 1683 3966 ore
1730 3913 2015 3976 inutiliter,
2067 3914 2358 3970 indiscrete

786 4011 838 4056 ct
866 4019 1002 4058 vane
1026 4015 1236 4073 aperto,
1257 4004 1487 4060 virtutes
1510 4021 1632 4074 qua:
1658 4017 1892 4062 mentem
1918 4007 1984 4061 ad
2017 4006 2186 4062 Deum
2213 4008 2357 4062 exal-

785 4097 1019 4160 tabant,
1077 4098 1380 4164 perduntur
1441 4107 1495 4152 et
1546 4099 1730 4152 volant
1792 4106 1846 4152 et
1895 4099 2196 4169 disparent.
2259 4100 2358 4155 Ori

784 4191 925 4242 enim
971 4191 1183 4258 procaci
1237 4191 1624 4260 appropinquat
1674 4191 1830 4244 ruina
1870 4191 1914 4223 “
1974 4210 1988 4246 :
2066 4191 2354 4249 Silentium

785 4297 916 4336 vero
999 4292 1084 4338 est
1168 4283 1430 4338 virtutum
1519 4285 1786 4339 custodia.
1862 4284 2179 4351 Patientia,
2269 4298 2352 4342 est

789 4375 1080 4429 vexationis
1114 4377 1348 4444 quotidie
1386 4387 1695 4446 exspectata
1731 4379 1994 4447 deﬁnitio.
2047 4380 2358 4436 Secundum

788 4478 1104 4516 mensuram
1131 4463 1478 4528 humilitatis,
1511 4467 1671 4518 datur
1696 4466 1957 4534 patientia
1980 4466 2033 4519 in
2055 4467 2359 4523 tribulatio-

790 4555 952 4608 nibus
976 4564 1030 4609 ct
1055 4556 1468 4620 tentationibus,
1495 4565 1550 4610 et
1575 4559 1872 4612 secundum
1909 4559 2242 4627 patientiam.
2277 4562 2358 4615 al-

792 4650 1000 4703 levatur
1037 4665 1178 4705 onus
1207 4650 1639 4712 tribulationum.
1675 4661 1728 4706 et
1753 4654 2213 4718 consolationmn,
2265 4672 2360 4726 per

787 4757 908 4796 eam
943 4757 1195 4811 pergens,
1229 4744 1533 4813 participat.
1574 4757 1628 4799 et
1685 4747 1983 4800 secundum
2030 4749 2359 4804 consolatio-

789 4849 913 4887 nem
941 4835 1316 4904 magniﬁcatur
1339 4835 1580 4891 charitas
1606 4837 1724 4907 ejus
1768 4838 1834 4892 ad
1868 4837 2058 4905 Deum,
2085 4849 2140 4893 et
2162 4856 2359 4896 secun-

790 4926 918 4980 dum
943 4927 1291 4993 eharitatem,
1316 4930 1556 4998 possidet
1576 4930 1852 5000 gaudium.
1878 4933 2022 4988 Sane
2044 4935 2358 5002 patientiam

789 5020 996 5088 peperit
1022 5035 1146 5088 spes
1177 5032 1230 5076 et
1255 5021 1455 5086 luctus,
1481 5023 1573 5091 qui
1595 5037 1724 5078 vero
1752 5023 1870 5078 sine
1896 5025 1982 5079 his
2009 5025 2224 5081 duobus
2267 5041 2362 5082 ex-

789 5111 950 5178 stitit,
979 5113 1179 5167 acedize
1203 5119 1395 5167 ι.ει’νιιε
1425 5122 1510 5169 εει
1536 5115 1600 5168 ad
1629 5116 1813 5168 omnia
1843 5116 2012 5186 piger.
2047 5115 2165 5170 Non
2213 5119 2360 5172 enim

788 5204 885 5272 qui
913 5203 1036 5259 talis
1058 5215 1161 5267 εει,
1199 5205 1438 5274 possidet
1468 5205 1832 5261 festinautiam
1857 5208 2011 5264 bona;
2044 5211 2358 5277 voluntatis,

790 5295 885 5350 sed
919 5296 972 5350 in
994 5297 1247 5351 omnibus
1272 5298 1529 5367 operibus
1555 5299 1671 5354 suis
1697 5300 1949 5354 anxiatur
2000 5311 2055 5356 et
2093 5305 2360 5372 impotens

793 5388 850 5441 lit
906 5397 962 5442 et
989 5397 1142 5457 putat
1202 5388 1606 5457 impotentiam,
1650 5390 1894 5457 taedium,
1939 5402 1995 5446 et
2035 5394 2358 5449 discrasium

792 5479 1015 5543 acedim,
1038 5479 1408 5534 inﬁrmitatem
1433 5480 1680 5550 corporis
1707 5496 1871 5547 esse;
1922 5493 1976 5537 et
1998 5484 2071 5538 ita
2119 5487 2357 5555 seipsum

793 5574 838 5627 si
853 5584 936 5629 aut
964 5572 1239 5626 inﬁrmum
1289 5583 1534 5638 excusat,
1565 5573 1705 5646 gulae
1737 5577 1980 5632 serviens
1999 5587 2054 5632 et
2081 5581 2194 5634 otio
2222 5596 2356 5652 quo-

865 5727 1047 5785 “.Iac.
1093 5745 1130 5796 ι,
1166 5730 1249 5783 l7.
1324 5731 1368 5761 ⁸⁸
1409 5731 1567 5786 Prov.
1599 5748 1740 5798 xxw,
1779 5733 1868 5786 28.

868 5883 982 5956 (29)
1007 5879 1172 5940 Vetus
1200 5893 1486 5956 mtcrprcs.
1515 5902 1622 5953 ore,
1657 5886 1836 5940 animo
1861 5895 1910 5940 et
1937 5887 2143 5956 spiritu.

2459 3279 2549 3319 tur
2571 3264 2626 3319 in
2659 3280 2726 3318 eo
2751 3264 2895 3331 quod
2917 3273 3024 3327 εει,
3054 3263 3107 3318 id
3157 3271 3262 3328 est,
3305 3262 3413 3317 vita
3452 3275 3654 3316 acterna
3681 3270 3736 3314 ct
3777 3261 3925 3314 bona
3955 3261 4036 3314 in-

2455 3358 2826 3428 corruptibilia
2858 3374 2982 3428 quae
3007 3359 3090 3412 eis
3139 3357 3532 3412 retribuentur.
3559 3353 3670 3425 Ego
3697 3355 3855 3407 unius
3915 3356 4036 3406 sub-

2455 3451 2670 3507 stantia:
2693 3450 2829 3503 duas
2878 3451 3151 3510 essentias,
3176 3458 3282 3503 etc.
3315 3447 3479 3514 Quasi
3501 3445 3683 3500 dicat:
3705 3444 3842 3515 Ego.
3879 3445 4036 3500 diffe-

2458 3551 2642 3596 rentes
2664 3541 2811 3610 ipsas
2832 3539 3178 3595 exsistentes.
3206 3540 3371 3594 unius
3419 3539 3544 3592 dico
3572 3552 3697 3592 esse
3749 3538 4033 3606 operatio-

2456 3636 2544 3689 nis
2565 3643 2620 3689 et
2643 3633 2978 3689 substantiae.
3004 3633 3158 3697 Quod
3178 3633 3354 3686 videns
3395 3632 3566 3701 ignem
3597 3641 3646 3684 et
3663 3646 3885 3697 aquam.
3951 3629 4034 3697 lg-

2458 3737 2580 3776 uem
2607 3723 2905 3784 ardentem,
2949 3735 3015 3773 ex
3047 3719 3156 3773 Deo
3185 3718 3567 3774 devotionem:
3601 3726 3656 3772 et
3701 3733 3906 3787 aquam
3955 3718 4034 3771 la-

2458 3828 2672 3884 crymas
2702 3813 2852 3867 dicit.
2887 3810 3002 3864 Uno
3025 3826 3162 3879 stupe
3196 3809 3346 3864 verbo
3363 3810 3630 3862 incautius
3661 3812 3879 3870 entisso,
3899 3825 4028 3879 pro-

2458 3900 2589 3970 pria:
2610 3898 3101 3954 commendationis
3126 3907 3182 3953 et
3207 3898 3574 3968 gloriatiouis.
3611 3897 3778 3951 Aliud
3806 3907 3887 3952 est
3911 3915 4030 3953 cre-

2461 3994 2623 4058 brius,
2653 3993 2807 4046 corde
2858 3992 3139 4061 speculari.
3195 3990 3412 4045 Visitari
3438 3989 3676 4059 quidem,
3705 3999 3791 4044 est
3815 3990 3883 4044 ad
3908 4006 4034 4060 pro—

2460 4085 2632 4153 priam
2651 4084 3142 4140 considerationem
3171 4099 3239 4138 ex
3262 4083 3590 4138 contritione
3613 4087 4039 4153 superveniente

2459 4179 2697 4232 converti
2711 4188 2762 4233 et
2779 4176 3209 4245 contemplari,et
3225 4186 3630 4246 congregare,et
3643 4191 3834 4230 curam
3847 4193 4038 4246 gerere

2457 4273 2526 4328 de
2545 4271 2612 4327 iis
2639 4287 2761 4342 qua:
2774 4271 2985 4327 suntad
3010 4268 3262 4334 Deum,iu
3284 4269 3494 4338 seipso;
3523 4269 3745 4322 visitare
3769 4285 3904 4324 vero
3930 4279 4034 4336 est,

2460 4366 2689 4420 aliorqu
2739 4363 3094 4434 principative
3151 4370 3206 4416 et
3273 4362 3684 4418 sacerdotaliter
3731 4362 4037 4417 emundare

2461 4456 2646 4520 corda,
2676 4465 2731 4509 et
2753 4454 2960 4509 hosﬁas
2985 4452 3379 4521 accceptabiles
3425 4451 3625 4505 multas
3658 4451 3767 4504 Deo
3813 4451 4035 4518 oﬂ'erre,

2462 4551 2644 4616 verbo,
2664 4548 2910 4604 oratione
2954 4556 3010 4601 et
3048 4545 3317 4616 exemplo.
3365 4544 3612 4608 Visitare,
3644 4554 3728 4598 εει
3772 4546 4039 4600 continue

2461 4655 2514 4697 ct
2535 4643 2638 4696 lixe
2665 4642 2894 4711 teipsum
2917 4639 3286 4701 considerare,
3308 4645 3364 4691 et
3420 4636 3539 4692 sine
3573 4636 3906 4692 remissione
3951 4638 4038 4691 in-

2461 4743 2738 4789 cessanter
2757 4733 3091 4802 conspicere,
3121 4741 3176 4786 et
3198 4744 3398 4786 census
3419 4740 3582 4799 atque
3614 4728 3890 4798 potentias
3918 4730 4037 4784 sni-

2462 4841 2565 4882 mte
2589 4838 2644 4882 ει
2667 4826 2910 4896 corporis
2935 4823 3287 4894 principative
3301 4836 3650 4892 congregare,
3680 4830 3736 4875 et
3755 4837 3856 4890 per
3883 4821 4036 4877 inde—

2461 4921 2723 4976 sinentem
2749 4919 3049 4973 orationem
3073 4917 3267 4972 devote
3301 4915 3412 4970 Deo
3435 4915 3649 4970 oﬂ‘crre.
3683 4912 3884 4977 Corde,
3919 4916 4038 4969 ani-

2463 5029 2546 5066 mo
2561 5022 2610 5066 et
2628 5012 2820 5081 spiritu
2837 5009 2950 5082 (29)
2975 5051 2990 5064 .
3005 5010 3255 5064 Animam
3273 5008 3427 5073 dicit,
3455 5007 3744 5063 scusitivas
3764 5016 3824 5061 et
3846 5007 4038 5062 vitales

2463 5106 2756 5174 potentias,
2798 5104 3049 5174 spiritum
3080 5117 3251 5165 vero,
3294 5100 3678 5156 deliberativas
3720 5099 4039 5154 voluntates

2463 5208 2518 5252 et
2539 5198 2933 5254 intellectuales
2960 5196 3297 5260 affectiones,
3332 5193 3570 5266 Spiritus
3597 5191 3789 5257 etiam,
3817 5201 3907 5246 est
3923 5192 4040 5246 ani-

2465 5308 2552 5345 ma
2587 5291 2865 5346 rationalis
2894 5300 2949 5346 et
2993 5287 3391 5354 intellectualis,
3427 5296 3482 5341 et
3503 5294 3676 5340 totum
3731 5284 3922 5348 simul,
3960 5284 4038 5339 di-

2465 5383 2606 5438 citur
2638 5383 2894 5452 Spiritus.

2467 5476 2772 5547 Expliciunt
2801 5477 2990 5548 glossa:
3017 5475 3192 5530 sancti
3217 5472 3284 5527 P.
3311 5471 3385 5526 N.
3419 5471 3646 5524 Joannis
3664 5467 3878 5523 abbatis
3896 5465 4037 5536 Rag-

2848 5576 2959 5639 thu,
2987 5589 3143 5642 super
3172 5569 3396 5626 testibus
3418 5566 3660 5624 Climaci.
