4222 6448
811 373 949 442 1255
2132 362 2314 430 νΙΤΑ
2343 368 2478 428 AGA

2382 366 2721 431 .GATHI/E.
3916 366 4049 428 1256

2754 517 3127 532 ψ·

3171 513 4045 546 m

825 519 3427 553 Μ

1763 668 2046 759 VITA
2142 668 2703 758 AGATHIAE
2809 669 3368 760 MYRINIEI

1819 844 2150 918 EJUSQUE
2183 845 2430 904 LIBRIS
2463 843 3013 904 HISTORIARUM.

882 994 1145 1065 Agathias
1173 1001 1336 1047 natus
1370 999 1454 1048 est
1485 989 1707 1062 Myrina:
1732 989 1808 1060 (a)
1841 990 1895 1044 in
1929 988 2147 1045 Aiolide
2174 990 2318 1045 Asiae
2346 989 2424 1062 (ὁ)
2455 1010 2470 1046 :
2521 999 2672 1061 patre
2706 990 3038 1054 Memnonio,
3071 990 3292 1046 rhetore
3315 990 3413 1062 (ε),
3443 1001 3622 1046 matre
3642 991 3915 1054 Periclea,
3951 1008 4074 1047 rna-

832 1098 992 1143 trona
1015 1087 1360 1142 sanctissima
1384 1127 1399 1150 ,
1420 1099 1584 1154 quam
1611 1083 1838 1138 triennis
1863 1082 2046 1138 amisit
2077 1081 2176 1151 (ά).
2226 1081 2350 1136 llaec
2377 1097 2501 1137 cum
2548 1092 2762 1137 mortua
2793 1097 2857 1138 ac
2896 1083 3105 1153 sepulta
3157 1084 3231 1137 sit
3254 1082 3768 1154 Constantinopoli,
3803 1085 4073 1139 credibile

807 1191 894 1233 est
924 1189 1130 1248 patrem
1179 1194 1298 1234 sese
1353 1178 1480 1231 illuc
1512 1177 1565 1230 in
1591 1177 1779 1231 urbem
1811 1177 2015 1246 regiam
2048 1178 2365 1242 contulisse,
2408 1179 2662 1249 adquam
2699 1178 2940 1248 undique
2980 1195 3045 1234 ex
3078 1179 3374 1249 provinciis
3404 1179 3577 1235 Graeci
3629 1181 3904 1234 sermonis
3934 1196 4070 1234 con-

811 1271 1053 1324 llucbant
1099 1272 1187 1340 qui
1219 1269 1483 1324 doctrina:
1535 1269 1858 1338 ingenioque
1892 1269 2248 1323 conlidercnt.
2310 1268 2557 1325 Fratrem
2591 1270 2784 1324 habuit
2816 1270 2991 1324 virum
3025 1272 3358 1326 honoratum
3384 1311 3399 1333 ,
3426 1271 3587 1339 cujus
3629 1282 3808 1324 tamen
3856 1286 4066 1324 nomen

813 1364 1128 1432 ignoramus
1159 1363 1228 1431 (e)
1258 1383 1270 1418 :
1327 1378 1568 1418 sororem
1613 1361 1903 1432 Engeniam
1927 1403 1942 1427 ,
1976 1364 2188 1416 doctam
2226 1364 2460 1432 puellam
2482 1404 2496 1427 ,
2524 1364 2760 1418 discordi
2805 1364 3150 1417 matrimonio
3187 1379 3311 1418 cum
3341 1362 3626 1418 Theodoto
3649 1362 3892 1433 quodam
3925 1378 4064 1417 con-

799 1442 1053 1522 junCtam
1092 1453 1199 1526 (ι’).
1239 1454 1549 1524 Agathiam,
1582 1453 1878 1521 pennltima
1911 1454 2118 1524 syllaba
2147 1465 2418 1522 correpta,
2450 1471 2552 1509 nos
2583 1469 2882 1521 vocamus;
2917 1453 3088 1508 Graeci
3127 1454 3267 1508 idem
3299 1469 3518 1519 nomen,
3551 1469 3649 1523 pro
3678 1464 3953 1509 accentus
3982 1469 4062 1506 ra.

813 1549 980 1610 tione,
1009 1547 1296 1614 Agathiam
1349 1547 1632 1616 proferunt
1661 1563 1672 1597 :
1712 1545 1874 1615 idque
1905 1559 2029 1600 eum
2067 1547 2241 1615 ipsum
2264 1588 2278 1611 ,
2307 1559 2642 1617 caeterosqne
2666 1548 2812 1602 illius
2843 1550 2941 1601 aevi
2995 1547 3266 1612 homines,
3305 1546 3521 1612 fecisse,
3558 1547 3631 1601 ita
3662 1556 3722 1600 nt
3761 1547 4070 1616 pcnultima

815 1641 969 1708 longa
1001 1646 1300 1703 uterentur,
1332 1653 1395 1691 ea
1445 1637 1616 1706 ipsius
1642 1638 2049 1706 epigrammatis
2095 1648 2321 1708 apparet
2361 1639 2458 1710 (g).
2501 1640 2815 1710 Disciplinis
2857 1640 3199 1704 litterarum,
3251 1654 3412 1710 quas,
3460 1641 3554 1709 qui
3613 1639 3825 1694 liberali
3882 1641 4070 1694 animo

811 1743 1012 1797 essent,
1043 1733 1412 1803 percipiebant
1440 1743 1729 1801 antequam
1761 1747 1820 1787 se
1846 1733 1912 1786 ad
1946 1734 2126 1803 legum
2153 1733 2526 1790 Romanarum
2558 1735 2801 1790 studium
2833 1743 3234 1796 converterent,
3259 1734 3602 1788 Alexandria
3630 1733 3841 1788 studuit
3869 1752 3883 1788 :
3927 1733 4069 1787 unde

811 1845 957 1884 anno
985 1829 1092 1883 554
1117 1869 1132 1893 ,
1174 1827 1468 1882 Justiniani
1500 1829 1763 1883 vicesimo
1789 1836 2005 1893 octavo,
2055 1837 2178 1897 post
2213 1829 2530 1885 horribilem
2563 1840 2722 1884 terrae
2751 1839 2994 1894 motum,
3029 1843 3192 1899 quem
3225 1829 3550 1883 Alexandria
3599 1829 3746 1898 ipsa,
3782 1843 4068 1898 nunquam

812 1931 974 1976 antea
1010 1920 1213 1974 moveri
1247 1920 1404 1973 solita
1425 1961 1440 1985 ,
1474 1929 1750 1986 senserat,
1779 1920 2308 1991 Constantinopolim
2348 1937 2633 1994 regressus
2661 1934 2744 1977 est
2770 1923 2868 1991 (Ιι).
2909 1921 3080 1988 Quem
3112 1922 3419 1977 studiorum
3468 1923 3796 1991 juvenilium
3833 1937 4069 1977 cursum

1523 671 1670 760 DE

811 2015 904 2086 qui
938 2013 1289 2084 rcpntaverit,
1326 2029 1430 2067 non
1472 2013 1742 2068 dubitabit
1769 2012 2056 2083 Agatliiam
2089 2023 2217 2068 tunc
2241 2015 2511 2069 decimum
2533 2024 2786 2070 octavum
2809 2015 2985 2068 aetatis
3006 2029 3210 2067 annum
3242 2029 3522 2085 egressum
3550 2029 3663 2067 non
3693 2013 3883 2076 fuisse,
3917 2015 4070 2084 ejus-

811 2123 918 2178 que
951 2107 1182 2162 natalem
1229 2109 1283 2160 in
1321 2120 1525 2159 annum
1553 2103 1675 2169 536,
1710 2105 1793 2158 vel
1833 2113 2189 2174 sequentem,
2235 2105 2494 2164 incidere.
2553 2106 2688 2161 Cum
2739 2120 2868 2160 vero
2903 2106 3130 2176 Berytus
3173 2106 3264 2160 illa
3300 2106 3456 2161 clade
3477 2106 3718 2174 collapsa
3745 2116 3918 2166 esset.
3957 2123 4064 2166 non

809 2200 1034 2255 dubium
1069 2208 1154 2254 est
1176 2213 1300 2252 cum
1347 2197 1401 2250 in
1434 2196 1568 2252 urbe
1601 2198 1748 2268 regia
1777 2209 2151 2253 antecessores
2184 2198 2477 2254 audivisse.
2519 2197 2651 2266 Quae
2691 2198 2868 2253 studia
2902 2214 3025 2253 cum
3055 2197 3298 2270 quinque
3322 2214 3499 2255 annos
3528 2199 3839 2270 implerent,
3879 2213 4044 2270 quart

812 2294 866 2349 in
905 2295 1137 2364 quodam
1167 2292 1557 2362 epigrammate
1587 2290 1834 2344 meminit
1859 2291 1960 2361 (i);
1989 2300 2044 2346 et
2067 2289 2195 2346 alibi
2222 2290 2369 2361 leges
2397 2291 2675 2346 Romanas
2707 2301 2880 2346 artem
2915 2307 3070 2347 suam
3091 2307 3212 2348 esse
3243 2293 3358 2362 ipse
3385 2293 3668 2363 prolitetur
3692 2292 3798 2363 (j);
3825 2307 4060 2361 quarum

814 2387 1174 2455 cognitionem
1230 2401 1354 2440 cum
1408 2382 1621 2438 dicendi
1672 2383 1928 2439 facultate
1985 2385 2058 2438 ita
2110 2385 2395 2455 conjunxit
2452 2396 2513 2441 ut
2571 2401 2766 2441 causas
2816 2394 2942 2440 ante
2993 2385 3283 2440 tribunalia
3337 2396 3521 2440 oraret
3554 2403 3568 2440 :
3604 2385 3768 2455 idque
3793 2384 4070 2439 Constan-

815 2485 1082 2554 tinopoli,
1119 2483 1210 2537 ubi
1252 2485 1306 2536 in
1356 2483 1578 2536 basilica
1625 2481 1918 2536 clientibus
1958 2497 2176 2552 operam
2211 2483 2376 2537 dabat
2417 2483 2512 2553 (k).
2583 2483 2857 2538 Causidici
2911 2492 3043 2537 tunc
3080 2481 3400 2537 scholastici
3422 2483 3761 2536 vocabantur
3785 2481 3887 2552 (ι),
3925 2483 4071 2537 unde

812 2577 1058 2648 Agatliize
1093 2591 1392 2645 cognomen
1427 2574 1604 2628 laesit.
1645 2572 1843 2628 Tenuit
1873 2583 2054 2629 autem
2089 2575 2230 2629 istud
2264 2575 2389 2630 vita:
2428 2591 2601 2646 genus
2644 2576 2867 2637 invitus,
2899 2589 2964 2630 ac
2998 2577 3327 2630 necessitate
3359 2585 3607 2641 coactus,
3640 2584 3700 2629 ut
3724 2576 3934 2630 victum
3967 2574 4068 2630 sibi

811 2679 1081 2739 quaereret
1107 2668 1244 2740 (m):
1286 2684 1410 2722 nam
1453 2668 1520 2721 ad
1561 2667 1863 2722 ammniora
1893 2667 2067 2722 studia
2116 2683 2174 2724 se
2203 2671 2430 2725 vocabat
2468 2669 2865 2724 adolescentem
2917 2670 3145 2723 honesta
3173 2670 3445 2724 voluntas.
3488 2668 3791 2724 Exaruerat
3822 2669 4070 2724 nondum

810 2761 1015 2833 poesis,
1050 2762 1410 2831 vivebantque
1441 2760 1618 2815 adhuc
1653 2760 1704 2813 in
1736 2777 1830 2815 ore
1861 2760 2145 2815 hominum
2196 2760 2394 2818 fabulae
2423 2764 2709 2819 vetustatis
2741 2781 2755 2818 :
2809 2763 2942 2833 quin
2989 2763 3258 2819 ﬂorebant
3311 2764 3364 2818 in
3407 2763 3535 2818 aula
3579 2763 3698 2834 ipsa
3731 2771 3901 2832 atque
3931 2764 4071 2820 inter

810 2867 1063 2923 proceres
1091 2854 1184 2921 qui
1214 2853 1461 2907 versibus
1491 2853 1788 2924 pangendis
1816 2852 2042 2923 gloriam
2072 2853 2176 2909 sibi
2202 2865 2538 2926 qumrerent:
2571 2870 2883 2926 quanquam
2909 2871 3017 2909 non
3038 2856 3358 2910 imminebat
3387 2855 3566 2911 solum
3591 2870 3804 2918 verum,
3834 2855 4066 2924 jamjam

810 2945 1220 3015 ingravescebat
1248 2944 1548 3006 barbaries,
1577 2958 1698 3012 qua:
1724 2958 1871 3009 mox,
1894 2944 2168 3000 exstincto
2191 2946 2408 3014 penitus
2433 2946 2776 3014 antiquitatis
2804 2945 3033 3008 lumine,
3057 2944 3409 3002 densissimis
3439 2945 3701 3011 tenebris,
3734 2961 4071 3016 morumque

813 3037 1170 3100 immanitate,
1199 3034 1415 3089 Graecas
1442 3034 1692 3103 regiones
1721 3032 1965 3100 foedavit,
1993 3043 2384 3106 stuporemque
2408 3051 2507 3107 pro
2531 3035 2816 3106 prudentia
2850 3037 3082 3092 induxit.
3123 3038 3204 3092 Ad
3239 3037 3404 3093 hasce
3426 3037 3652 3093 delicias
3677 3038 3950 3105 Agathias
3970 3040 4068 3093 de-

815 3134 978 3196 latus,
1017 3133 1252 3204 primum
1283 3131 1550 3186 amatoria
1571 3131 1814 3186 carmina
1846 3131 2028 3186 brevia
2057 3131 2292 3202 scripsit,
2325 3149 2444 3201 qua:
2475 3133 2527 3186 in
2557 3147 2750 3186 novem
2787 3132 2976 3198 libros,
3008 3133 3321 3203 Daplmiaca
3349 3133 3665 3202 inscriptos,
3693 3133 3914 3201 collegit
3948 3132 4066 3204 (n):

813 3226 1080 3295 pluraque
1109 3233 1368 3294 praeterea
1389 3222 1634 3292 ejusdem
1663 3222 1877 3292 generis
1907 3223 2048 3277 alia:
2081 3238 2363 3292 equorum
2392 3239 2621 3278 numero
2649 3223 2817 3277 multa
2839 3235 3133 3294 supersunt
3153 3225 3570 3296 epigrammata,
3606 3240 3715 3278 non
3744 3225 4067 3280 invenusta.

813 3316 1006 3373 Postea
1031 3358 1046 3383 ,
1086 3316 1180 3371 sed
1216 3326 1473 3386 regnante
1502 3315 1682 3369 adhuc
1709 3313 2018 3369 Justiniano
2049 3316 2155 3386 (ο),
2189 3314 2439 3385 collegit,
2473 3324 2639 3383 atque
2677 3315 2730 3369 in
2789 3325 2991 3385 septem
3020 3317 3188 3371 libros
3220 3317 3478 3386 digessit,
3508 3316 3909 3387 epigrammata
3931 3358 3947 3382 ,
3993 3319 4070 3372 si-

821 3413 1038 3482 quidem
1075 3409 1191 3480 ejus
1222 3409 1382 3462 verba
1413 3407 1480 3462 ad
1515 3408 1748 3461 litteram
1774 3407 2178 3476 interpretanda
2210 3415 2339 3462 sunt
2370 3407 2737 3462 recentiorum
2758 3449 2773 3474 ,
2803 3407 3046 3462 nondum
3078 3409 3222 3462 edita
3243 3409 3321 3479 (p)
3348 3427 3362 3463 :
3405 3410 3546 3478 quod
3575 3410 3621 3463 si
3664 3409 3740 3464 ita
3767 3419 3892 3476 est,
3918 3426 4072 3480 qua-

813 3522 1032 3576 cunque
1089 3505 1142 3560 in
1185 3506 1290 3559 hoc
1319 3520 1516 3574 genere
1542 3502 1854 3558 Iustiniano
1882 3503 2227 3572 antiquiora,
2274 3511 2400 3571 post
2452 3500 2760 3572 Philippum
2794 3502 3336 3558 Thessalonicensem
3387 3503 3628 3572 scripta,
3674 3503 3934 3574 legimus.
3965 3506 4072 3559 alia

811 3613 1013 3653 corona
1038 3639 1050 3660 .
1077 3596 1232 3666 cujus
1259 3597 1464 3649 mentio
1499 3594 1679 3649 omnis
1709 3595 1950 3664 perierit,
1978 3594 2370 3664 comprehensa
2405 3593 2573 3648 fuisse
2609 3609 2833 3649 necesse
2856 3603 2957 3648 est.
2999 3593 3116 3660 Qua
3142 3609 3306 3664 opera
3326 3637 3343 3663 ,
3371 3611 3536 3665 quam
3571 3594 3865 3649 Theodoro
3893 3596 4074 3652 Decu-

813 3693 954 3748 rioni
987 3691 1060 3762 (q)
1105 3689 1420 3760 inscripsit,
1478 3689 1653 3760 palam
1692 3697 1776 3744 est
1807 3704 1933 3743 eum
1976 3690 2380 3759 potentiorum,
2415 3692 2606 3760 quales
2663 3687 2866 3744 Paulus
2897 3690 3243 3745 Silentiarius
3290 3689 3750 3761 Macedoniusque
3801 3696 4070 3750 exconsul

811 3795 991 3850 erant,
1021 3799 1255 3853 quorum
1289 3783 1521 3853 plurima
1555 3782 1841 3852 colligebat
1871 3783 2197 3851 poematica,
2232 3781 2475 3837 favorem
2502 3791 2830 3851 aucupatum
2858 3796 3002 3836 esse.
3041 3781 3115 3835 Ex
3150 3781 3234 3838 his
3263 3782 3495 3838 Paulum
3525 3782 3778 3836 laudibus
3810 3799 3920 3836 non
3963 3784 4069 3838 im—

815 3879 1026 3934 meritis
1056 3877 1288 3941 extollit,
1327 3886 1487 3944 atque
1517 3875 1734 3931 clientis
1762 3875 1953 3931 ollieiis
1985 3876 2216 3931 comiter
2245 3877 2427 3931 colere
2461 3876 2673 3930 videtur
2694 3875 2785 3946 (r).
2833 3873 2950 3929 Hoc
2990 3875 3109 3946 ipso
3137 3875 3332 3942 Paulo,
3373 3877 3476 3931 nisi
3507 3891 3596 3930 me
3619 3875 3939 3944 conjectura
3969 3878 4068 3932 de-

885 4039 962 4110 (a)
1015 4037 1265 4110 Promm,
1311 4033 1454 4110 Hist.
1518 4050 1582 4110 p._
1617 4036 1683 4110 -ξ,
1719 4034 1815 4110 ,9η
1849 4033 1936 4088 ed.
1983 4033 2164 4110 Bono.
2201 4035 2393 4104 Smyr.
2491 4034 2594 4089 sub
2625 4033 3441 4110 Palzrologis_Consta_ntinopoli
3463 4033 3788 4110 obtinuisse.
3824 4033 3941 4110 Hoc
3967 4038 4064 4106 qui

813 4104 965 4163 naeus
995 4108 1190 4161 vitiose
1217 4108 1417 4160 dicitur
1444 4106 1584 4173 apud
1615 4104 1934 4171 Eudociam,
1962 4113 2124 4175 atque
2153 4105 2205 4158 in
2248 4121 2386 4159 non-
2489 4105 3274 4174 perspexeritlacileintelliget
3287 4104 3572 4169 Ag'atliiam
3605 4113 3856 4160 nostrum
3871 4104 4066 4176 Χείμω-

816 4181 982 4233 nullis
1008 4179 1189 4232 Suidze
1217 4176 1523 4230 codicibus.
1688 4245 1695 4246 γ
1782 4243 1790 4246 _
1951 4245 1960 4246 ί
2044 4244 2052 4246 _
2195 4244 2203 4246 _
2274 4244 2283 4246 _
2488 4176 2611 4238 νεὺς
2663 4175 2840 4244 prima
2899 4185 3148 4244 correpta
3180 4175 4065 4246 protulisse.Arepudiandamque

888 4251 959 4321 (ὁ)
997 4248 1152 4321 Unde
1174 4249 1407 4321 Asianus
1420 4254 1659 4321 fucatur
1686 4245 1738 4298 in
1766 4243 2090 4321 Ant-hologia
2111 4244 2384 4321 Palatina.
2485 4260 2606 4300 esse
2634 4243 3022 4321 _corijectu_ram
3065 4243 3193 4321 quae
3235 4245 3409 4321 epig_r.
3652 4248 3861 4321 ᾳτῆσαν
3920 4243 4062 4301 Xin-

886 4313 956 4388 (ἐ)
995 4318 1227 4372 Premit].
1263 4319 1298 4369 Ι.
1325 4313 1385 4370 ⁷ο.
1418 4313 1764 4386 Epigramma
1814 4315 2086 4370 Micltaelii
2119 4317 2261 4370 inter
2304 4325 2386 4370 te-

812 4390 1090 4447 stimonia.

887 4461 964 4530 (d)
1002 4458 1185 4530 Epigr.
1220 4456 1310 4530 45.

889 4523 957 4600 (ej
997 4523 1065 4582 Ei
1096 4523 1254 4583 simul
1282 4541 1404 4600 curn
1431 4535 1588 4600 patre
1615 4533 1780 4600 atque
1804 4523 2036 4600 Agatlria
2072 4523 2238 4600 fratre
2264 4532 2380 4579 sta-

813 4594 961 4659 tuam
1000 4607 1297 4669 posuerunt
1352 4595 1623 4669 Myrinati:
1689 4594 1875 4665 Epigr.
1917 4594 2209 4648 Micltaelii.

887 4673 972 4743 (ἵ)
1003 4668 1190 4743 Epigr.
1221 4669 1310 4743 ea.
1350 4668 1438 4720 54.

887 4737 961 4812 (ὸ)
1003 4737 1183 4812 una;

885 4803 1206 4880 Κάφνιάδῐών
1246 4807 1444 4877 βίϐλων
1489 4805 1742 4875 Ἀγαϐίου
1778 4803 1964 4866 ὲννεάς
1991 4805 2106 4875 εἰμι
2137 4834 2206 4846 -

815 4883 997 4937 Ευὶίιν.
1029 4881 1096 4932 72
1129 4897 1140 4930 :

861 4900 1283 5018 piiiiaizeimp
1323 4965 1389 5018 με
1431 4943 1997 5018 πόληος-ὲνᾳλλάξιας-
2030 4944 2366 5018 ’ᾼγαθίας-έ

814 5023 967 5079 Hand
1014 5021 1168 5074 aliter
1223 5014 1273 5071 in
1325 5014 1489 5071 Latio
1518 5014 1843 5070 Prudentius
1876 5014 2256 5082 Asclepiadem,
2293 5015 2381 5070 Si-

813 5096 1011 5147 donius
1043 5089 1376 5157 Euripidem.
1410 5087 1702 5157 penultima
1741 5084 1996 5157 producta
2028 5097 2369 5157 posuerunt:

813 5167 924 5220 hic.
957 5177 1126 5216 carm.
1163 5153 1252 5222 I'X,
1284 5153 1426 5210 251]
1460 5153 1795 5211 Grc/rostrum
1837 5155 2009 5224 quatit
2035 5153 2170 5207 alter
2219 5155 2378 5209 Euri-

809 5236 978 5304 pides.
1029 5232 1132 5304 ille-
1147 5229 1445 5304 l‘sriswrh:
1471 5226 1648 5304 EA?-
1668 5225 2132 5304 -éidii’ifd‘i‘l"
2157 5227 2376 5304 ηιιξῖξάαι

813 5294 1044 5359 iitilites:
1075 5299 1145 5355 cr.
1186 5300 1317 5352 ibid.
1350 5294 1624 5360 108,592,
1667 5296 1790 5358 548,
1821 5296 1943 5352 687,
1985 5294 2109 5348 92L
2161 5297 2378 5348 Scilicet

811 5375 992 5428 cuncti
1025 5374 1126 5426 iSta
1171 5372 1240 5422 ita
1283 5369 1649 5436 proterebant,
1672 5376 1728 5419 at
1755 5365 2108 5428 Antiochiam,
2144 5365 2378 5418 Alexan-

811 5446 1008 5507 driam,
1069 5441 1352 5502 Basiliam,
1420 5438 1607 5492 eadem
1645 5437 1851 5507 syllaba
1892 5446 2164 5504 correpta.
2200 5438 2378 5507 Atque

815 5517 870 5569 in
896 5506 1212 5568 universum
1274 5510 1566 5564 tenendum
1598 5517 1705 5570 est,
1747 5506 1934 5559 Graeca
1983 5506 2375 5572 pronuntiandi

813 5586 1100 5645 rationem,
1158 5596 1324 5651 quam
1384 5579 1634 5649 permulti
1699 5576 1838 5630 inter
1876 5587 2146 5630 nostrates
2203 5577 2381 5651 medio

813 5654 960 5726 quod
1000 5648 1198 5707 vocant
1230 5666 1346 5705 ωνο
1380 5648 1563 5726 adulto
1608 5659 1781 5726 ortam
1804 5717 1816 5726 .
1840 5662 1961 5700 esse
2022 5648 2378 5726 contendunt,

815 5717 937 5797 qua:
976 5734 1200 5797 tamen,
1240 5730 1314 5797 _ut
1340 5736 1404 5774 ex
1445 5720 1744 5797 voluminis
1771 5717 2153 5797 chartaceisnct
2181 5718 2377 5797 inscri-

816 5787 1096 5867 ptionibus
1129 5793 1286 5862 pictis
1321 5798 1555 5867 constat2
1587 5787 1914 5867 in_/[_£gypto
1944 5787 2046 5841 sub
2073 5787 2379 5867 gesaribus

813 5859 1030 5938 recepta
1068 5859 1204 5929 erat,
1250 5870 1504 5933 regnante
1532 5860 1839 5916 Justiniano
1875 5875 1980 5914 non
2039 5859 2195 5914 aliter
2214 5873 2376 5928 quam

2487 4315 2662 4384 ρωνεῦ
2694 4331 2793 4386 pro
2823 4317 3091 4386 στήσαντο
3124 4316 3378 4386 Χερωνεῦ
3401 4315 3565 4370 scribi
3587 4315 3761 4384 jubet.

2560 4387 2636 4456 (Ii)
2676 4385 2812 4456 Hist.
2839 4385 2902 4451 ll,
2926 4385 3022 4456 716.
3056 4403 3108 4455 p.
3135 4385 3224 4440 99.

2561 4453 2662 4526 (Vi),
2690 4455 2869 4525 Epigr.
2907 4455 2964 4526 74.
2995 4453 3092 4526 Illo
3151 4471 3296 4510 anno
3340 4454 3495 4507 λὺται
3531 4453 3877 4526 dicebantur,
3909 4456 4059 4512 unde

2484 4524 2579 4576 τὰ’
2604 4524 2808 4595 λύσιμά
2846 4525 2953 4577 τῶν
2984 4525 3162 4596 νόμων
3188 4556 3260 4565 -
3287 4525 3640 4594 inscr.‘epigr.
3667 4525 3758 4579 23.
3776 4554 3853 4566 ——
3878 4529 4058 4597 explio

2485 4597 2595 4648 cari
2632 4610 2794 4663 posse
2836 4597 3107 4650 videntur.
3152 4596 3412 4664 Agatliias
3448 4604 3600 4648 trans
3632 4605 3848 4664 portum
3875 4597 3932 4651 in
3959 4596 4056 4650 re-

2485 4666 2643 4733 gione
2695 4666 2878 4720 Peraea
2935 4667 3272 4728 morabatur,
3326 4677 3385 4719 ut
3429 4675 3835 4732 postremorum
3861 4668 4054 4722 decem

2486 4736 2748 4790 librorum
2781 4736 3135 4805 singularium
3173 4736 3576 4790 difﬁcultatibus
3612 4736 3890 4792 solvendis
3922 4754 4054 4807 ope-

2487 4820 2600 4858 ram
2625 4808 2798 4868 daret,
2829 4807 3017 4875 procul
3045 4808 3114 4860 ab
3137 4809 3287 4862 urbis
3314 4807 3542 4874 strepitu
3571 4818 3835 4860 remotus.

2562 4877 2629 4944 (j)
2663 4878 2908 4944 Proem.
2930 4877 2967 4930 l.
2999 4893 3048 4930 c.

2556 4943 2630 5016 (is)
2671 4943 2932 5026 Hist._lll,
2967 4946 3016 5012 i,
3063 4961 3117 5016 p.
3159 4946 3282 5000 l58.
3331 4945 3486 5012 Quod
3542 4945 4049 5026 _S_myrnae_cansas

2483 5030 2671 5071 orasse
2702 5017 3072 5084 coujecerunt,
3104 5028 3390 5086 propterea
3410 5017 3558 5086 quod
3585 5017 3893 5088 Σμυρναῖον
3930 5035 4055 5088 axo-

2482 5085 2736 5138 λαστικὸν
2793 5087 2847 5138 in
2903 5085 3058 5139 libris
3116 5089 3388 5153 corruptis
3430 5089 3612 5140 vocari
3661 5089 3952 5151 vidissent,
4005 5089 4055 5141 id

2481 5171 2611 5209 vero
2666 5171 2839 5225 usque
2880 5159 2946 5210 ad
2992 5156 3340 5210 stoliditatem
3379 5167 3632 5226 argutum
3662 5167 4055 5212 estcommen-

2482 5235 2616 5280 tum.

2555 5296 2615 5364 (ι)
2651 5294 2765 5349 Jac.
2791 5293 3039 5348 Gothol'r.
3067 5294 3133 5348 ad
3149 5293 3212 5349 C.
3232 5293 3590 5362 Theml.\'lll,
3613 5297 3698 5359 l0,
3718 5296 3774 5349 2.
3789 5295 3956 5352 Tom.
3985 5297 4052 5352 ll.

2560 5367 2684 5417 6‘27.
2719 5367 2803 5417 ed.
2846 5363 2994 5417 Lins.

2522 5406 2535 5418 .
2560 5382 2684 5429 οτι,
2719 5382 2803 5417 en.
2846 5382 2994 5429 Lips.

2481 5381 2535 5436 p.
2560 5381 2684 5429 οτι,
2719 5381 2803 5417 en.
2846 5381 2994 5430 Lips.

2557 5439 2651 5506 (m)
2676 5435 2860 5510 _ﬂist.,
2881 5435 2987 5510 _lll.
3024 5439 3060 5489 Ι.
3087 5452 3135 5490 c.

2554 5511 2631 5576 (η)
2675 5507 2857 5576 Epigr.
2881 5505 2932 5558 7.

2553 5574 2629 5646 (ο)
2671 5579 2725 5648 ld
2749 5593 2814 5628 ex
2843 5574 3163 5648 Praefatione
3192 5589 3435 5648 apparet.

2560 5651 2634 5726 (ν)
2671 5647 2997 5726 Praenav-
3031 5646 3084 5726 9-

2557 5721 2631 5788 (q)
2669 5718 2727 5771 S.
2770 5717 2995 5788 Palatii,
3027 5719 3242 5788 dequo
3276 5718 3452 5774 ollicio
3489 5719 3715 5774 consule
3747 5717 3798 5774 J.
3841 5718 4051 5776 ϐοώσ-

2487 5785 2789 5869 fredurn_ad
2819 5787 2881 5869 (ξε
2912 5786 3012 5869 ’[Ιι.
3040 5785 3257 5869 ᾚᾲίὲὄ,
3288 5805 3337 5857 t;
3371 5790 3436 5855 ll,
3472 5805 3525 5860 p.
3565 5788 3686 5845 126.

2558 5861 2627 5931 (ιο)
2671 5857 2811 5915 um.
2839 5858 2903 5925 v.
2931 5860 2984 5925 9,
3005 5874 3059 5928 ι).
3087 5858 3212 5915 297.
