4222 6448
159 386 300 452 1255
1487 378 1658 437 VITA
1696 375 2075 435 AGATHI/E.
3267 372 3403 441 1255

157 502 295 574 cipit
318 541 335 565 ,
391 500 841 573 Eutychianoque
872 496 1108 568 quodam
1162 495 1507 551 hortantibus
1548 494 1651 565 (ε),
1686 504 1901 548 mortuo
1923 491 2231 547 Justiniano
2264 492 2585 561 imperatore
2622 493 2711 562 (ι),
2753 492 2820 547 ad
2852 490 3134 546 historiam
3176 494 3277 545 mvi
3319 494 3403 546 su‘i

156 594 504 652 scribendam
533 594 776 648 animum
804 592 1041 663 adjecit:
1079 605 1205 645 cum
1241 590 1308 642 ad
1339 586 1678 643 tricesimum
1723 596 1869 641 certe
1910 586 2087 639 aetatis
2118 600 2319 639 annum
2350 585 2703 653 pervenisset.
2743 582 2916 638 Credo
2937 595 3116 638 tamen
3156 596 3283 637 eum
3312 582 3406 636 diu

155 690 479 760 colligendis
526 688 904 743 tantummodo
934 684 1342 741 narrationibus
1369 698 1591 753 cperam
1624 682 1837 736 dedisse
1866 699 1879 735 :
1928 696 2164 749 namque
2189 696 2325 750 opus
2350 680 2496 749 quod
2530 680 2595 735 ad
2631 694 2732 734 nos
2756 681 3004 749 pervenit
3034 681 3172 735 adeo
3197 679 3409 748 exigua

155 782 322 837 molis
348 790 433 836 est
454 823 470 845 ,
534 790 628 843 ut,
678 796 803 834 cum
838 794 901 833 ea
929 793 1051 848 qua:
1079 777 1147 832 de
1173 776 1442 832 Chosrois
1476 778 1622 831 exitu
1656 786 1951 829 narrantur
1972 776 2269 830 acciderint
2309 790 2453 829 anno
2486 776 2609 841 ὅτι,
2649 790 2810 830 nemo
2842 776 2943 830 sibi
2976 776 3300 845 persuadeat
3328 774 3407 828 illi

154 878 557 935 conscribendo
588 879 913 932 decennium
942 876 1188 947 potuisse
1214 875 1451 944 impendi
1486 892 1501 928 :
1534 874 1646 927 imo
1674 887 1741 927 eo
1769 872 2022 941 amplius.
2065 870 2196 924 Nam
2219 886 2285 926 ne
2326 871 2429 925 ista
2461 871 2681 941 quidem
2708 872 2777 927 de
2807 871 3094 927 Persarum
3116 872 3258 941 regis
3283 871 3406 939 fuga

154 981 216 1028 et
264 981 438 1026 morte
480 986 606 1025 mox
643 980 767 1040 post
795 978 1049 1025 eventum
1101 968 1304 1037 scripta
1356 982 1514 1033 esse,
1564 965 1855 1035 perSpicue
1893 963 2172 1033 apparebit
2224 962 2595 1017 consideranti
2628 965 2727 1035 (τι).
2784 964 2942 1018 Haud
2991 973 3171 1019 tamen
3216 963 3409 1018 debilis

155 1064 473 1133 conjectura
500 1073 603 1126 est,
630 1063 851 1133 quando
882 1062 1151 1132 Agathias
1173 1061 1239 1116 de
1262 1060 1511 1116 Mauricii
1557 1059 1724 1131 gestis
1763 1058 2043 1119 narrabat,
2079 1056 2225 1111 hunc
2254 1058 2433 1112 adhuc
2462 1058 2733 1126 privatum
2758 1057 2960 1124 fuisse;
2991 1058 3190 1127 quippe
3223 1072 3408 1128 quem,

157 1157 377 1226 absque
407 1160 515 1213 ulla
547 1156 746 1212 summi
802 1154 1004 1225 fastigii
1052 1152 1606 1214 commemoratione,
1642 1150 1794 1205 Pauli
1840 1150 2009 1205 filium
2038 1191 2052 1215 ,
2083 1149 2403 1219 magistrum
2453 1148 2719 1214 militum,
2750 1159 2924 1204 vocat.
2982 1147 3037 1203 Id
3063 1164 3194 1204 vero
3222 1147 3292 1202 ad
3320 1163 3409 1201 re-

158 1239 455 1308 Imellendam
483 1250 720 1307 Fabricii
761 1250 1070 1319 opinionem
1106 1247 1407 1313 sufficeret;
1446 1247 1537 1317 qui
1571 1247 1674 1301 sibi
1707 1253 2055 1316 persuaserat
2082 1243 2367 1314 Agathiam
2388 1283 2404 1308 ,
2432 1258 2542 1313 quo
2576 1252 2816 1312 tempore
2836 1242 3101 1313 Evagrins
3124 1242 3410 1297 historiam

157 1344 394 1399 absolvit
416 1386 432 1409 ,
468 1345 674 1400 scilicet
718 1357 863 1397 anno
892 1341 1015 1403 595,
1049 1342 1290 1393 nondum
1315 1339 1594 1395 edidisse:
1628 1346 1682 1390 at
1716 1337 1836 1400 illa,
1867 1338 2180 1391 accuratius
2212 1337 2471 1406 inspectis
2500 1336 2681 1391 verbis
2706 1352 2827 1404 qua:
2852 1337 2935 1390 vir
2970 1350 3250 1405 nunquam
3287 1336 3409 1391 sine

160 1438 323 1492 laude
343 1436 851 1493 commemorandus
882 1434 1230 1487 festinantius
1252 1433 1397 1500 legit,
1419 1432 1535 1499 ipsa
1557 1446 1651 1501 per
1679 1445 1739 1485 se
1766 1429 2116 1498 concidit(v).
2138 1429 2323 1499 Itaque
2348 1431 2654 1501 Agathiam,
2679 1426 2899 1483 Tiberio
2915 1428 3096 1481 adhuc
3126 1436 3411 1498 regnante.

156 1540 292 1584 ante
317 1546 520 1584 annum
560 1528 697 1593 582,
730 1542 843 1597 quo
872 1543 1017 1581 anno
1043 1525 1342 1580 Mauricius
1395 1524 1685 1593 imperium
1719 1522 1948 1591 adeptus
1984 1533 2097 1590 est,
2127 1539 2158 1577 e
2188 1524 2292 1577 vita
2318 1524 2618 1580 decessisse
2647 1523 2901 1578 arbitror.
2943 1521 3077 1575 Nam
3112 1522 3260 1575 obitu
3292 1519 3413 1589 ejus

158 1620 369 1675 factum
400 1636 519 1675 esse
548 1621 695 1690 quod
742 1620 987 1675 historiae
1009 1634 1148 1689 opus
1175 1618 1241 1672 ad
1268 1620 1429 1671 linem
1462 1632 1570 1670 non
1604 1616 1675 1669 sit
1715 1615 2032 1684 perductum
2054 1656 2068 1681 ,
2104 1614 2363 1671 Meauder
2386 1616 2599 1681 innuit,
2628 1616 2875 1670 oratione
2908 1630 3041 1669 usus
3072 1629 3261 1679 parum
3290 1613 3417 1683 qui-

158 1718 288 1771 dem
315 1726 438 1786 apta
469 1716 544 1786 (ῃ)
572 1756 586 1779 ,
632 1716 726 1771 sed
767 1731 947 1787 prava:
986 1712 1423 1783 interpretationi
1451 1710 1676 1765 minime
1708 1710 1981 1766 obnoxia:
2038 1711 2200 1765 modo
2226 1710 2645 1766 meminerimus
2667 1708 2932 1765 Chosrois
2962 1719 3195 1763 mortem
3229 1707 3415 1779 viginti

158 1806 280 1861 fere
299 1808 462 1861 annis
495 1817 618 1876 post
652 1808 973 1861 llunnorum
1003 1804 1298 1859 adventum
1336 1804 1389 1857 in
1420 1800 1736 1865 Thraciam,
1761 1801 1855 1855 ubi
1883 1802 2061 1872 quinti
2105 1802 2229 1857 libri
2263 1803 2503 1857 narratio
2526 1803 2894 1871 abrumpitur,
2924 1803 3208 1856 accidisse.
3246 1804 3323 1855 Ac
3352 1819 3420 1857 ne

156 1906 292 1974 quis
335 1904 474 1958 forte
506 1905 815 1974 suspicetur
864 1904 930 1957 ad
979 1901 1294 1973 molestiora
1335 1898 1551 1970 negotia
1581 1898 1819 1954 delatum
1841 1937 1858 1963 ,
1894 1908 2056 1970 atque
2084 1898 2157 1953 ita
2188 1899 2303 1953 otio
2335 1899 2480 1968 quod
2533 1899 2779 1952 historia:
2823 1898 3123 1953 scribenda:
3156 1898 3419 1950 tribueret

156 1999 435 2067 privatum
475 2014 616 2064 esse,
658 2001 711 2053 in
755 1999 945 2053 eodem
979 1998 1100 2053 vitae
1138 2011 1335 2069 genere
1376 1994 1743 2066 permansisse
1784 1994 1868 2050 vel
1895 1995 2221 2066 cognomine
2259 2003 2399 2051 teste
2430 2004 2769 2065 compertum
2812 2005 2915 2049 est.
2981 1994 3102 2059 Quo
3133 2008 3418 2058 concesso,

156 2095 290 2165 quis
320 2098 505 2151 credat
536 2096 648 2152 ﬁeri
680 2097 922 2166 potuisse
949 2105 1011 2151 ut
1058 2104 1251 2167 sponte
1278 2094 1557 2149 omitteret
1615 2101 1831 2163 gratum
1865 2092 2107 2147 laborem
2150 2107 2182 2147 a
2212 2106 2322 2162 quo
2350 2091 2501 2146 omni
2546 2091 2596 2145 vi
2654 2100 2819 2160 atque
2844 2090 3003 2144 unice
3050 2088 3423 2159 persequendo

155 2191 399 2261 negetiis
423 2190 730 2247 forensibus
758 2207 818 2247 se
848 2192 1099 2248 distineri
1129 2191 1381 2261 queritur
1402 2188 1518 2261 (2)?
1550 2204 1673 2258 qua:
1707 2198 1887 2243 tamen
1921 2189 2199 2244 cumulate
2226 2186 2411 2243 oﬂ'erri
2440 2187 2576 2243 alias
2605 2187 2895 2242 lmtandum
2918 2187 3021 2241 sibi
3045 2200 3167 2240 esse
3197 2184 3420 2249 fatetur,

156 2298 233 2338 ne
264 2285 443 2354 inopia
475 2295 768 2354 prematur.
823 2281 995 2339 Nemo
1024 2295 1204 2338 tamen
1239 2281 1368 2336 hinc
1396 2280 1688 2335 concludat
1716 2280 2003 2350 Agathiam
2034 2281 2506 2336 annumerandum
2532 2296 2655 2337 esse
2692 2280 3002 2337 infelicibus
3032 2280 3139 2335 illis
3188 2282 3282 2350 qui
3304 2321 3321 2344 ,
3355 2295 3424 2334 ne

159 2375 313 2431 fame
341 2384 626 2442 vexentur,
656 2393 686 2431 a
731 2376 926 2431 litteris
962 2375 1217 2430 recedere
1241 2374 1417 2429 coacti
1459 2379 1607 2428 sunt.
1662 2369 1799 2426 Nam
1838 2372 1929 2427 illa
1960 2382 2077 2427 erat
2104 2373 2559 2429 scholasticorum
2586 2373 2826 2429 conditio
2869 2384 2929 2429 ut
2973 2389 3163 2428 eorum
3194 2373 3421 2427 avaritia

161 2468 378 2539 legibus
394 2478 538 2524 esset
562 2469 986 2539 compescenda:
1007 2482 1183 2539 neque
1206 2470 1496 2526 clientibus
1540 2469 1786 2525 caruisse
1820 2470 2106 2526 credemus
2133 2472 2311 2526 virum
2336 2470 2431 2542 qui
2461 2470 2663 2544 insigni
2695 2470 2963 2527 facundiae
2988 2471 3158 2541 gloria
3179 2479 3237 2524 et
3265 2470 3425 2525 vivus

160 2568 223 2613 et
257 2569 379 2628 post
410 2568 640 2614 mortem
668 2558 869 2614 floruit.
911 2561 1119 2631 Itaque,
1163 2560 1269 2617 nisi
1308 2561 1464 2616 lusus
1486 2568 1571 2616 est
1617 2561 1722 2616 ista
1754 2560 1823 2616 de
1853 2578 1951 2617 sua
1986 2572 2135 2618 sorte
2164 2564 2385 2633 querela
2411 2603 2426 2628 ,
2469 2562 2577 2619 illis
2613 2564 2988 2618 accensendns
3018 2562 3123 2618 erit
3151 2563 3416 2634 Agathias

161 2656 287 2726 qui,
316 2655 420 2710 nisi
448 2656 738 2710 admodum
766 2656 912 2710 laute
947 2658 1126 2711 vivere
1153 2657 1383 2727 aliisque
1409 2656 1592 2728 largiri
1624 2667 1876 2727 possunt,
1908 2672 2066 2730 egere
2091 2657 2195 2712 sibi
2217 2657 2493 2714 videntur.
2513 2656 2645 2724 Qua:
2671 2658 2889 2726 quidem
2922 2656 3111 2733 Opinio
3138 2660 3415 2727 epigram-

164 2760 319 2806 mate
360 2750 721 2806 confirmatur
749 2764 860 2819 quo
898 2750 1026 2816 ille,
1056 2762 1209 2822 pater
1234 2753 1416 2823 oppidi
1456 2756 1667 2820 dictus,
1715 2755 1771 2810 in
1821 2756 2121 2826 municipio
2163 2770 2267 2810 suo
2305 2754 2521 2819 locum,
2574 2763 2733 2809 antea
2774 2753 3031 2808 obscenis
3062 2753 3425 2809 immunditiis

163 2845 377 2901 faedum
402 2854 563 2913 atque
582 2844 983 2910 detestabilem,
1016 2860 1295 2917 purgasse,
1324 2858 1486 2917 atque
1508 2848 1742 2919 eleganti
1769 2848 2023 2913 aedilicio,
2052 2849 2241 2905 nescio
2262 2864 2395 2919 quo,
2431 2862 2657 2902 ornasse
2676 2848 2877 2902 dicitur
2903 2850 3003 2916 (a).
3033 2848 3149 2900 Alia
3181 2846 3416 2900 fortasse

163 2948 430 3009 praeterea
471 2938 687 3006 pietatis
715 2938 886 2992 ollicia
930 2939 983 2993 in
1020 2940 1249 3007 patriam
1294 2940 1525 2994 contulit
1573 2958 1587 2995 :
1642 2955 1765 3010 qua:
1808 2955 1912 2994 non
1956 2942 2138 2997 minus
2168 2951 2389 3011 propter
2436 2941 2578 2995 hanc
2604 2941 2860 2994 virtutem
2902 2956 3062 3007 quam
3090 2940 3415 3007 eloquentia:

163 3048 337 3089 causa
358 3072 374 3095 ,
402 3047 525 3086 eum
552 3047 676 3085 cum
706 3042 859 3100 patre
887 3029 1201 3087 Memnonio
1227 3041 1282 3086 et
1310 3033 1475 3087 fratre
1504 3042 1683 3087 statua
1711 3036 1927 3088 ornavit
1959 3035 2034 3102 (ὁ)
2062 3053 2076 3089 :
2139 3035 2298 3103 cujus
2334 3034 2556 3088 honoris
2576 3072 2590 3093 .
2632 3050 2755 3087 cum
2785 3034 2917 3087 olim
2948 3033 3139 3087 fuisset
3166 3032 3425 3102 vulgatis-

165 3124 379 3185 sitnus,
410 3122 504 3175 illo
539 3130 798 3190 tempore,
827 3121 879 3173 in
911 3122 1147 3189 privatos
1184 3123 1405 3186 collati,
1438 3124 1525 3177 vix
1550 3122 1692 3177 aliud
1719 3134 1967 3194 superest
1996 3125 2326 3194 exemplum.

240 3216 441 3271 Mansit
467 3225 647 3269 autem
678 3216 793 3268 viro
822 3216 1039 3270 laudato
1064 3217 1228 3271 etiam
1266 3226 1389 3286 post
1423 3218 1585 3272 funus
1609 3218 1800 3272 eadem
1840 3218 2071 3289 insignis
2096 3218 2241 3273 fama
2291 3218 2619 3288 eloquentice
2666 3234 2679 3269 :
2728 3216 2794 3270 ad
2848 3232 3013 3288 quam
3067 3217 3416 3273 referendum

161 3325 296 3367 esse
322 3308 536 3363 videtur
557 3307 702 3377 quod
730 3305 1026 3362 Menander
1048 3350 1064 3371 ,
1099 3308 1195 3377 qui
1231 3309 1351 3379 ejus
1385 3309 1666 3364 historiam
1714 3309 2091 3375 continuavit,
2133 3310 2417 3365 infantiam
2452 3325 2605 3378 suam
2643 3318 2750 3361 tam
2790 3310 3138 3363 vehementer
3168 3320 3413 3366 excusat.

171 3406 366 3474 Itaque
396 3415 544 3463 cum,
582 3400 786 3454 renatis
811 3400 913 3455 sub
937 3398 1299 3454 Basilidarum
1329 3403 1556 3472 imperio
1591 3402 1806 3463 litteris,
1838 3403 2086 3455 eamdem
2117 3402 2331 3456 laudem
2364 3412 2680 3472 appeterent
2707 3402 2887 3471 pusilli
2920 3403 3123 3472 ingenii
3148 3404 3421 3471 homines,

166 3496 459 3567 Agathiam
493 3495 814 3549 imitandum
844 3494 946 3549 sibi
976 3495 1211 3564 sumpsit
1240 3493 1349 3548 Leo
1379 3495 1675 3558 Diaconus,
1708 3505 1768 3549 ut
1797 3494 1996 3551 Hasius
2030 3512 2081 3553 v.
2120 3496 2197 3550 ill.
2236 3497 2496 3551 indicavit
2526 3516 2540 3552 :
2572 3498 2660 3553 cui
2690 3499 2836 3569 quod
2872 3500 3137 3568 placuerit
3164 3500 3218 3554 in
3250 3502 3422 3572 hujus

166 3585 480 3655 scriptoris,
511 3599 623 3655 quo
648 3586 793 3639 edito
823 3599 1179 3655 permagnum
1207 3596 1352 3641 certe
1379 3587 1521 3655 cepit
1558 3586 1786 3642 historia
1815 3587 2233 3653 incrementum,
2266 3603 2519 3643 sermone
2553 3590 2890 3661 exquirendo
2926 3591 3270 3661 splendidum
3303 3593 3425 3663 phi-

168 3682 386 3751 lologia:
408 3680 795 3735 documentum
820 3681 1011 3745 edere,
1044 3680 1096 3735 id
1134 3680 1555 3735 facundissimos
1595 3696 1845 3753 quosque
1870 3684 2111 3749 Atticos,
2143 3684 2189 3738 si
2230 3684 2354 3753 quis
2387 3684 2453 3738 ad
2483 3700 2671 3739 manes
2698 3685 2765 3739 de
2798 3683 2956 3741 factis
2989 3688 3194 3743 nostris
3236 3703 3426 3743 rumor

170 3787 390 3841 manat,
422 3792 527 3831 non
558 3777 678 3831 sine
711 3777 909 3831 invidia
940 3776 1079 3832 ferre
1108 3778 1383 3833 existimo.
1428 3778 1600 3834 llodie
1628 3779 1888 3849 Agatliias
1920 3781 2007 3835 vix
2039 3780 2294 3850 cuiquam
2326 3780 2465 3833 ultra
2499 3781 2928 3835 mediocritatem
2957 3797 3245 3852 assurgere
3274 3783 3425 3838 vide-

167 3874 321 3928 bitur
352 3888 364 3923 :
402 3870 526 3925 licet
565 3868 629 3925 G.
658 3868 700 3925 Ι.
730 3868 955 3926 Vossius
978 3910 994 3935 ,
1032 3871 1176 3925 haud
1207 3873 1341 3925 levis
1372 3873 1716 3928 auctoritatis
1748 3875 1861 3938 vir,
1894 3882 2099 3929 tersum
2134 3874 2254 3942 ejus
2285 3884 2451 3943 atque
2480 3872 2732 3928 floridum
2778 3874 2990 3928 dicendi
3023 3889 3193 3944 genus
3227 3875 3424 3941 praedi-

167 3977 280 4021 cet.
308 3964 468 4018 Certe
504 3963 617 4032 ipse
640 3977 822 4018 sermo
848 3961 1071 4018 Graecus
1092 3978 1122 4016 a
1151 3964 1405 4033 puritate,
1439 3979 1561 4032 quae
1594 3974 1773 4020 tamen
1807 3966 2030 4021 minima
2059 3967 2178 4021 laus
2203 3974 2387 4030 esset,
2418 3966 2579 4036 longe
2606 3968 2793 4031 abest;
2835 3981 2918 4030 ac,
2959 3981 3028 4021 ne
3060 3982 3091 4021 a
3123 3966 3266 4021 vitiis
3298 3968 3424 4036 qui-

167 4058 296 4112 dem
328 4056 703 4127 grammaticis
743 4053 1027 4115 immunis,
1062 4053 1203 4107 haud
1237 4068 1361 4107 raro
1390 4054 1678 4125 degeneris
1711 4055 1941 4125 loquela:
1975 4066 2103 4110 nota
2136 4055 2372 4110 fmdatur
2401 4074 2413 4109 :
2459 4066 2574 4109 tum
2605 4071 2731 4109 vero
2759 4055 2989 4109 admista
3017 4056 3375 4111 dialectorum
3404 4097 3421 4120 ,

169 4149 373 4205 Ionica:
414 4149 714 4220 przesertim
735 4186 750 4210 ,
777 4147 1171 4217 epicorumque
1198 4148 1487 4202 verborum
1519 4150 1814 4215 varietate,
1850 4150 1965 4205 sive
1988 4150 2214 4214 quaesita
2245 4150 2361 4202 sive
2388 4150 2759 4218 imprudenter
2782 4161 3056 4220 assumpta
3075 4192 3090 4214 ,
3125 4151 3425 4220 swpissime

169 4241 421 4297 offendit.
450 4242 583 4309 Qua:
612 4251 671 4295 ut
696 4242 1088 4298 condonaveris
1113 4243 1210 4296 aevi
1248 4242 1548 4297 infelicitati
1575 4283 1590 4307 ,
1626 4244 2021 4313 principumque
2048 4244 2348 4299 difﬁcultati
2395 4242 2666 4298 scribendi
2694 4243 2874 4315 lingua
2903 4242 3234 4306 emoriente,
3268 4254 3423 4298 ante-

170 4350 341 4404 quam
369 4335 551 4389 adnlta
582 4334 655 4389 sit
688 4342 850 4403 atque
874 4349 905 4387 e
935 4333 1127 4387 matris
1156 4334 1437 4388 consortio
1470 4333 1666 4387 exierit
1689 4334 1962 4405 vulgaris,
1994 4349 2100 4402 qua
2129 4333 2245 4402 jam
2279 4332 2519 4404 quotidie
2549 4342 2815 4398 utuntur;
2862 4343 3041 4385 tamen
3067 4373 3083 4397 ,
3124 4341 3181 4386 ut
3208 4332 3419 4388 laudem

170 4430 388 4485 tribuas
421 4428 679 4482 historico
699 4471 715 4493 ,
764 4428 1089 4497 sapientiam
1121 4430 1556 4498 gravitatemque
1587 4428 1870 4498 requires:
1920 4437 1976 4483 at
2015 4429 2064 4482 id
2110 4444 2217 4482 non
2250 4429 2431 4482 minus
2461 4428 2664 4481 frustra
2697 4426 2750 4479 in
2796 4424 3023 4494 Agathia
3055 4434 3263 4479 nostro.
3304 4423 3421 4478 Imo

170 4527 359 4597 potius
383 4527 629 4596 jejunum
661 4526 937 4595 ingenium
967 4526 1018 4579 in
1047 4528 1332 4581 sententiis
1352 4526 1532 4596 prodit
1561 4541 1700 4595 quas
1729 4526 2030 4594 smpissime
2063 4524 2301 4596 profert,
2337 4525 2490 4578 tritas
2517 4523 2809 4577 admodum
2851 4530 3014 4586 atque
3042 4535 3076 4575 e
3104 4520 3239 4576 locis
3268 4523 3409 4589 peti-

172 4630 263 4675 tas
298 4617 682 4673 communibus
709 4636 722 4670 :
757 4618 847 4671 ubi
875 4632 1005 4671 vero
1033 4625 1224 4689 argute
1263 4619 1409 4687 loqui
1440 4619 1659 4689 satagit,
1688 4616 2087 4687 frigidissimas.
2106 4615 2220 4670 Viri
2251 4616 2377 4671 boni
2406 4617 2649 4670 animum
2672 4630 2796 4669 cum
2828 4613 3192 4668 ostentatione
3218 4629 3328 4680 pra:
3353 4628 3410 4667 se

173 4715 282 4769 fert
313 4731 327 4766 :
359 4727 535 4781 neque
564 4723 777 4769 tamen.
809 4720 1074 4779 quantum
1110 4712 1438 4779 dignoscere.
1475 4712 1631 4775 licet,
1675 4711 1851 4766 falso:
1900 4712 2158 4765 immunis
2195 4714 2265 4765 ab
2325 4713 2683 4767 insectatione
2725 4712 2931 4780 pariter
2962 4722 3125 4781 atque
3164 4710 3232 4763 ab
3275 4711 3411 4763 adu-

179 4807 386 4865 latione
414 4822 511 4876 per
548 4807 863 4859 universum
900 4821 1037 4874 opus
1068 4824 1082 4859 :
1115 4807 1293 4875 cujus,
1335 4822 1673 4876 qumcunque
1706 4808 1758 4860 in
1810 4823 1875 4860 co
1912 4807 2324 4876 reprehenderis
2346 4848 2361 4870 ,
2398 4807 2463 4860 ad
2497 4811 2902 4876 cognoscendas
2941 4824 3029 4863 res
3051 4817 3234 4877 gestas
3267 4824 3421 4859 sum-

176 4915 329 4954 nmm
363 4900 593 4968 pretium
628 4909 791 4966 atque
826 4899 981 4950 unica
1022 4898 1228 4953 utilitas
1257 4910 1361 4954 est.
1397 4899 1581 4954 Italica
1611 4910 1791 4954 tamen
1822 4902 2034 4969 negotia
2061 4914 2251 4968 parum
2283 4902 2495 4969 cognita
2534 4900 2792 4954 habuisse
2816 4901 3049 4962 videtur,
3083 4901 3135 4955 in
3176 4899 3419 4953 orienta-

175 4996 322 5049 libus
366 4995 523 5062 Ionge
550 4994 833 5046 versatior.
867 4992 1037 5057 Quem
1076 4994 1121 5047 si
1161 4995 1433 5063 Procopio
1469 5011 1592 5049 cum
1650 4995 1867 5063 ingenio
1900 5007 2012 5048 tum
2058 4994 2201 5047 civili
2242 4995 2572 5064 militarique
2600 4995 2883 5063 prudentia
2919 4996 3077 5064 longe
3106 4994 3420 5049 inferiorem

173 5102 303 5143 esse
333 5086 581 5141 Gibhono
614 5087 771 5140 facile
798 5088 1169 5152 concesseris;
1197 5089 1437 5143 fatebere
1465 5098 1643 5144 tamen
1673 5090 1861 5144 eadem
1899 5091 2108 5145 ratione
2143 5105 2310 5159 super
2341 5100 2565 5146 cmteros
2592 5106 2804 5155 omnes,
2827 5092 2920 5161 qui
2952 5092 3231 5146 consecuti
3256 5101 3379 5144 sunt
3404 5148 3419 5166 ,

173 5181 456 5234 eminere:
494 5181 668 5232 virum
695 5190 875 5233 autem
907 5182 1078 5234 multo
1111 5183 1389 5237 meliorem
1424 5198 1545 5239 esse
1570 5182 1852 5253 Procopio.
1928 5236 1932 5241 .

246 5338 320 5403 (δ)
365 5337 613 5391 Prooem.
661 5355 713 5408 p.
752 5338 805 5393 7.
832 5340 887 5393 8.
1853 5340 1919 5393 de
1950 5353 2005 5392 re
2034 5338 2441 5408 interpretanda
2473 5352 2594 5406 qua:
2642 5337 2886 5391 Mauricii
2914 5338 3155 5392 aninnnn
3209 5351 3422 5391 movere

251 5411 327 5489 (t)‘
365 5409 499 5489 liud.
532 5423 724 5489 ptitur“
866 5478 969 5489 An
1855 5411 2088 5489 potuerit
2118 5419 2175 5462 ut
2210 5410 2440 5489 supplici
2480 5410 2588 5489 regi
2626 5411 3227 5489 ausiliuintleiiegarct.

250 5477 332 5545 (ιι)
377 5477 515 5550 μευ.
551 5479 636 5534 iv.
660 5481 745 5531 ~29.
789 5494 841 5548 p.
866 5478 990 5533 272.
1365 5549 1380 5550 ί
1858 5477 1869 5480 ⁷

1858 5477 1869 5480 ⁷
1924 5481 1996 5549 (y)
2041 5477 2103 5531 V.
2136 5481 2489 5534 testimonia:
2534 5477 2797 5549 ὡρμήθην
2829 5479 3096 5550 ἄρξατοαι
3152 5480 3288 5549 μετὰ
3324 5477 3419 5546 τὴν

253 5554 323 5613 (r)
376 5546 573 5600 Locum
616 5546 957 5617 posui’inter
998 5549 1329 5603 testimonia.
1363 5549 1539 5605 Verba
1573 5553 1620 5604 εἰ
1656 5553 1750 5605 καὶ
1854 5554 1920 5604 ἀπ

820 5550 957 5601 inter
998 5549 1329 5603 testimonia.
1363 5549 1539 5605 Verba
1573 5553 1620 5604 εἰ
1656 5553 1750 5605 καὶ
1854 5546 2158 5604 mammam
2215 5549 2487 5616 ‘AyaOioo.

180 5621 351 5688 μήπω
394 5619 582 5687 ἔτυχον
608 5618 987 5691 ᾼὲκδεδωκότες
1046 5621 1109 5671 ad
1163 5622 1458 5689 scriptores
1482 5637 1619 5691 quos
1655 5639 1752 5676 no-

947 5637 987 5681 :;
1046 5621 1109 5671 ad
1163 5622 1458 5689 scriptores
1482 5637 1619 5691 quos
1655 5639 1752 5676 no-
1930 5624 1998 5690 (ε.)
2046 5621 2182 5674 Hist.
2212 5619 2299 5684 Ill,
2337 5622 2386 5682 l,
2418 5637 2468 5687 p.
2499 5620 2614 5673 158.

178 5700 482 5743 inmaverat
542 5688 726 5742 referri
783 5704 887 5761 nou
932 5702 1206 5761 possunt:
1276 5688 1396 5760 qua:
1446 5688 1744 5759 si'Evagrii
1930 5688 2006 5755 (ul
2056 5692 2234 5761 Epigr.
2262 5694 2347 5747 7:2.

182 5776 336 5811 tuens
382 5768 547 5832 esset,
593 5761 811 5832 ratione
860 5759 1107 5832 jiibettte,
1139 5831 1142 5832 ν
1172 5759 1482 5829 scripSIsset
1542 5767 1743 5832 τυγχά-
1931 5766 2002 5829 rh)
2043 5759 2225 5832 Epigr.
2256 5763 2537 5817 Mtelmt-lii.

179 5846 382 5882 νουσιν.
416 5830 546 5881 Sunt
590 5830 677 5881 illa
722 5830 949 5881 omnino
990 5831 1287 5892 mendosa.
1324 5843 1377 5885 ct
1403 5837 1595 5886 .ncscio
1640 5830 1744 5901 qua

421 5947 685 6005 Parnm.
732 5946 845 6006 GR.
888 5945 1257 6005 LXXXVIII.
2954 5946 3027 6007 ω
