4222 6448
1282 386 1749 448 TESTIMONIA
1778 388 1877 448 DE
1907 386 2261 448 AGATHIA.

178 391 309 454 1&59
1282 388 1749 448 TESTIMONIA
1778 388 1877 448 DE
1907 388 2261 448 AGATHIA.
3250 388 3386 455 1250

174 502 361 572 copius
394 515 425 555 a
456 498 726 570 Rapliaele
756 497 1129 563 Volaterrana,
1178 498 1531 571 Pcrsonaque
1587 499 1726 570 ipso,
1750 514 1945 556 versus
1977 516 1990 553 :
2021 498 2389 569 subjiciuntur
2415 496 2575 552 antibo
2611 496 2905 558 Jornandls
2936 501 3129 568 libelli,
3163 511 3219 559 et
3252 504 3383 560 Leo-

168 594 366 647 nardus
393 592 649 648 Aretinus
673 592 741 647 de
767 592 909 647 bello
933 594 1141 648 Italico.
1171 590 1326 656 Quod
1355 589 1642 647 Fabricius
1668 591 1723 645 in
1763 590 1866 647 hac
1893 590 2130 646 editione
2174 590 2478 646 versionem
2522 590 2768 661 Agathlae
2807 608 2876 648 ex
2929 596 3253 654 recensione
3276 597 3393 652 sive

166 688 578 757 interpolatione
606 686 655 741 .l.
684 686 993 744 Leunclavii
1043 688 1226 741 haberi
1260 687 1411 752 dicit,
1470 687 1517 741 is
1559 700 1714 741 error
1739 698 1842 743 est.
1884 684 2028 740 Nihil
2067 686 2299 740 mutavit
2344 684 2739 753 Leunclavius;
2796 695 3083 745 contentus
3111 689 3250 746 locis
3280 705 3390 744 non

165 778 302 832 adeo
328 777 513 832 multis
546 777 601 831 in
634 778 880 848 margine
907 779 1302 833 correctionem
1332 777 1573 832 indicare
1606 794 1619 831 :
1645 778 1740 832 sed
1763 792 1907 839 cum,
1929 776 2080 832 ﬁnita
2102 776 2481 845 impressione,
2512 777 2950 848 Rehdigeranum
2967 780 3210 836 codicem
3230 791 3391 838 uten-

165 873 293 926 dum
311 870 624 940 accepisset,
646 885 708 926 ea
728 887 848 941 qua:
869 872 1155 943 interpres,
1181 873 1297 928 sive
1328 880 1543 942 propter
1563 872 1767 928 codicis
1791 871 2056 928 defectum
2084 872 2198 926 sive
2221 872 2292 927 ob
2318 872 2453 927 alias
2472 874 2654 929 nescio
2670 889 2809 945 qnas
2832 874 3072 931 rationes
3092 877 3389 943 ,omiserat,

164 968 329 1022 vertit
354 986 369 1021 :
397 983 505 1022 non
537 970 725 1039 paucis
759 970 896 1024 locis
920 969 1076 1039 plane
1106 970 1353 1024 insanam
1384 968 1689 1024 versionem
1716 968 1942 1026 meliore
1977 968 2242 1024 mutavit:
2271 983 2337 1025 ea
2374 969 2554 1024 omnia
2589 972 2691 1026 sub
2719 970 2881 1027 linem
2915 969 3252 1042 praelationis
3277 973 3393 1028 col-

164 1059 299 1113 lecta
330 1059 608 1128 proposuit
634 1078 648 1113 :
679 1058 961 1129 Agathiam
985 1058 1356 1128 interpolatum
1386 1058 1682 1129 inscripsit.

241 1151 446 1206 Bellum
487 1151 729 1217 Butilini,
764 1152 997 1222 primum
1028 1152 1227 1206 librum
1252 1152 1515 1222 Agathiae,
1560 1151 1891 1221 secundique
1917 1150 2152 1217 initium,
2206 1167 2440 1223 magnus
2471 1152 2692 1208 Grotius
2721 1154 2881 1209 vertit
2917 1154 2972 1208 in
3005 1153 3247 1209 Historia
3274 1151 3390 1208 Go-

165 1246 407 1312 thorum,
433 1246 798 1301 Vandalorum
824 1258 877 1303 et
904 1244 1408 1317 Langobardorum,
1438 1247 1735 1302 Amstelod.
1768 1245 1927 1311 1655,
1950 1248 1983 1301 8
2009 1262 2022 1298 :
2047 1262 2165 1302 cam
2194 1248 2498 1304 versionem
2531 1249 2652 1305 loco
2680 1246 3028 1305 Vulcaniante
3048 1265 3155 1305 non
3175 1251 3395 1322 posuis-

163 1356 247 1405 sc,
285 1352 554 1410 quatenus
578 1351 745 1410 patet,
780 1343 903 1398 licet
924 1342 1118 1396 deinde
1151 1340 1219 1396 ad
1248 1341 1484 1411 pejorem
1511 1340 1846 1396 redeundum
1879 1340 2088 1406 luisset,
2132 1340 2273 1395 male
2299 1356 2385 1397 me
2414 1341 2659 1412 panitet.

236 1436 363 1493 Haec
388 1438 668 1493 hactenus.
702 1438 840 1493 Nam
868 1437 936 1493 de
961 1436 1284 1507 Antbologia
1316 1436 1562 1508 Agatbiae
1599 1435 1886 1503 disserere,
1931 1436 2001 1490 ab
2046 1435 2149 1491 hoc
2193 1436 2313 1491 loco
2349 1437 2590 1507 meisque
2633 1436 2937 1493 rationibus
2979 1437 3214 1493 maxime
3254 1437 3394 1493 foret

165 1531 424 1589 alienum.

1039 1879 1495 1942 TESTIMONIA
1550 1881 1647 1942 ET
1676 1880 1961 1943 JUDICIA
2019 1880 2115 1941 DE
2164 1880 2523 1941 AGATHIA.

465 2059 850 2115 ΜῘΧΑΗΛΙΟΥ
883 2058 1408 2114 ΓΡΑΜΜΑΤΙΚΟΥ.

170 2154 253 2211 Ἦ
270 2154 449 2222 πόλις
522 2155 797 2225 Ἀγηοιάν
821 2153 927 2207 τὸν
947 2151 1192 2221 ῥήτορα,
1224 2152 1333 2205 τὸν
1359 2149 1709 2220 στιχαοιδύν

273 2246 514 2315 Δίζυγος
567 2248 813 2314 εὐεπίης
856 2245 1092 2314 ῥυθμὸν
1144 2243 1561 2314 ἀγασσαμένη,

217 2341 319 2405 ’.ος
339 2340 538 2407 μήτηρ
571 2338 896 2393 ἐτέλεσσεν
935 2338 1027 2405 ἐφ’
1047 2336 1182 2402 υἱέϊ,
1210 2337 1307 2390 καί
1345 2337 1490 2405 πόρε
1516 2336 1697 2403 τήνδε

242 2434 485 2496 Εἱκόνα,
517 2432 614 2485 καί
638 2430 900 2499 o'topm'c
918 2429 1188 2500 μάρτυρα
1216 2430 1312 2482 καὶ
1341 2431 1595 2499 σοφίης’
1624 2420 1627 2423 Ι

195 2525 542 2593 Μεμνόνιον
569 2523 637 2576 δὲ
663 2523 870 2589 τοκῆα,
891 2523 1254 2591 κασίγνητον
1282 2539 1346 2575 τε
1369 2522 1491 2575 σὺν
1514 2520 1677 2586 αὐτῷ

314 2618 602 2683 Ἔστησε,
624 2613 833 2683 γενεῆς
861 2615 1132 2683 σύμϐολα
1164 2612 1558 2681 σεμνοτάτης.

234 2709 529 2775 Εγλϐιιιυε,
555 2708 692 2761 Hist.
728 2708 852 2764 eccl.
885 2705 974 2771 IV,
1011 2707 1099 2769 24,
1139 2722 1201 2759 ex
1226 2706 1317 2759 ed.
1349 2704 1475 2759 Rob.
1508 2703 1684 2774 Steph.
1712 2721 1732 2759 :

157 2801 492 2872 Πέπρακται
534 2799 592 2852 δὲ
644 2800 738 2851 καὶ
789 2798 950 2866 ἕτερα
990 2796 1066 2865 τῷ
1094 2795 1283 2866 Ναρσῇ
1342 2795 1498 2862 λόγου
1535 2793 1732 2847 πολλοῦ

157 2890 319 2956 ἄξια,
360 2887 671 2941 Βουσελίνον
693 2888 785 2940 καὶ
811 2885 1169 2940 Συνδούαλδον
1198 2885 1731 2956 καταπολεμήσαντι,

157 2982 264 3033 καὶ
305 2978 375 3031 τὰ
401 2978 569 3042 πολλᾲ
594 2976 1062 3049 προσκτησαμένη)
1090 2977 1249 3047 μέχρι
1274 2976 1526 3029 Ὠκεανοῦ
1545 2993 1560 3007 ·
1592 2977 1734 3047 ἆπερ

173 3070 419 3141 Ἀγαθίᾳ
447 3070 543 3139 μὲν
568 3070 872 3139 γέγραπται
896 3067 977 3139 τῷ
1004 3069 1211 3140 ῥήτορι,
1234 3066 1389 3120 οὔπω
1412 3067 1469 3121 δὲ
1502 3070 1561 3131 ἐς
1585 3069 1735 3138 ἡμᾶς

157 3166 422 3233 ἀφῖκται.

237 3255 393 3316 Ibant,
422 3249 549 3303 ibid.
576 3247 638 3312 ν,
663 3247 757 3307 ἰΞιί
785 3265 799 3302 :
830 3245 910 3299 Τὰ
932 3244 1163 3316 ἐχόμενα
1190 3245 1247 3299 δὲ
1270 3245 1443 3315 τούτῳ
1470 3244 1569 3315 (τῷ
1593 3245 1733 3314 Προ-

156 3342 375 3412 κοπίῳ)
422 3340 655 3409 Ἀγαθῖορ
685 3337 806 3408 (sic)
835 3335 914 3406 τῷ
947 3338 1136 3408 ῥήτορι
1161 3337 1255 3391 καὶ
1286 3336 1507 3407 Ἰωάννῃ
1532 3334 1652 3405 ἐμῷ
1677 3352 1737 3387 τε

156 3434 266 3485 καὶ
308 3429 501 3500 πολίτῃ
522 3429 617 3482 καὶ
661 3431 914 3495 συγγενεῖ
951 3426 1074 3481 καθ’
1100 3426 1293 3498 εἱρμὸν
1320 3426 1620 3497 ἱστόρηται,
1646 3426 1741 3495 μέ-

155 3538 262 3591 χρι
298 3519 405 3587 τῆς
455 3518 696 3588 Χοσρόου
728 3518 821 3570 τοῦ
851 3518 972 3571 νέου
1003 3516 1141 3587 πρὸς
1196 3516 1499 3585 Ῥωμαίους
1538 3514 1739 3585 φυγῆςν

157 3612 267 3663 καὶ
293 3610 395 3678 τῆς
417 3610 497 3671 εἰς
533 3606 632 3677 τὴν
677 3604 842 3659 αὐτοῦ
893 3604 1167 3674 ξἀσιλείαν
1220 3604 1737 3668 ἀποκαταστάσεως,

154 3700 486 3773 Μαυρικίου
526 3728 596 3739 —
642 3698 1039 3766 ὑποδεξαμένου
1092 3726 1164 3738 -
1211 3694 1524 3767 βασιλικῶς,
1556 3696 1647 3750 καὶ
1670 3723 1741 3735 -

156 3794 602 3862 καταγαγόντος,
634 3792 681 3844 εί
710 3792 802 3844 καὶ
833 3792 996 3862 μήπω
1019 3789 1205 3859 ἔτυχον
1231 3788 1603 3851 ἐκδεδωκότες.

235 3885 486 3940 Joannes
513 3883 905 3937 Scnousncus
950 3880 1350 3934 Ertrmxmssts
1402 3879 1548 3931 initio
1593 3878 1741 3947 frag-

153 3977 344 4031 mnti
372 3992 393 4030 :
444 3973 524 4027 Τὰ
554 3972 653 4042 μὲν
700 3972 800 4025 ὅσα
839 3970 1091 4040 Ῥωμαῖοί
1123 3986 1183 4022 τε
1235 3971 1326 4021 καὶ
1362 3968 1535 4038 Μῆδοι
1578 3968 1742 4021 πολε-

156 4068 415 4140 μοῦντες
447 4064 693 4134 ἀλλήλοις
731 4063 925 4116 ἔπαθόν
961 4079 1019 4114 τε
1052 4064 1144 4114 καὶ
1177 4061 1264 4131 ἔδρ
1279 4077 1405 4113 ισαν
1462 4061 1601 4113 κατὰ
1639 4061 1741 4130 τὴν

166 4155 573 4214 ’1ουστινιανοῦ
590 4154 682 4207 τοῦ
708 4153 994 4224 Ῥωμαίων
1025 4154 1419 4222 αὐτοκράτορος
1444 4152 1739 4221 βασιλείαν,

151 4251 499 4319 γέγραπται
568 4243 793 4314 Ἀγαθίᾳ
852 4241 928 4312 τῷ
970 4242 1275 4312 Μυριναίῳ,
1326 4241 1478 4311 ἀνδρὶ
1528 4244 1637 4305 τοῖς
1682 4242 1741 4295 ἐν

152 4338 463 4407 Βυζαντίῳ
479 4337 699 4406 ῥήτορσι
719 4321 1070 4401 καταλεγέντι
1089 4333 1376 4400 διαφανῶς,
1404 4332 1493 4385 καὶ
1521 4334 1658 4403 μετά
1678 4350 1741 4401 γε

151 4429 487 4503 Προκὸπιον
514 4427 607 4478 τὸν
648 4424 929 4494 Καισαρὲα
969 4427 1036 4477 τὰ
1069 4425 1202 4495 πρὸς
1256 4426 1382 4485 τοὺς
1433 4423 1741 4495 βαρϐάρους

149 4519 502 4594 πραχθέντα
525 4516 921 4584 ἀναγράψαντι.

237 4614 557 4668 Maxumum
579 4608 907 4663 Pnorncron
938 4624 1025 4675 ap.
1071 4605 1293 4661 Suidam
1336 4621 1381 4659 s.
1425 4620 1478 4659 ν.
1528 4607 1739 4659 Μέναν-

146 4713 337 4779 δροςο
399 4702 675 4773 Ὧρμήθην
737 4703 829 4755 ἐπὶ
882 4701 1037 4770 τήνδε
1091 4699 1427 4769 συγγραφὴν,
1474 4697 1739 4769 ἄρξασθαι

150 4801 319 4873 μετά
358 4795 458 4866 τὴν
482 4792 777 4848 ἁποϐίωσιν
799 4792 893 4845 τοῦ
929 4792 1201 4861 ’Λγαοίου,
1240 4790 1461 4859 καὶτῆς
1503 4790 1736 4862 ἱστορίας

147 4886 515 4962 ποιήσασθαι
544 4886 643 4956 τὴν
673 4886 867 4957 ἀρχήν.

1904 2058 2099 2115 ευπολις
2126 2067 2180 2112 et
2207 2056 2444 2113 Ennocu
2472 2073 2519 2113 s.
2546 2075 2597 2113 v.
2649 2060 2939 2129 Ἀγαθίας·
2979 2063 3235 2132 Ἀγαοίας
3275 2084 3397 2139 σχο-

1831 2148 2084 2211 λαστικὸς
2134 2148 2436 2220 Σμυρναῖος
2473 2148 2746 2221 (meliores
2807 2151 2968 2207 codd.
3026 2168 3115 2224 ap.
3176 2154 3395 2210 Suidam

1832 2241 2153 2311 Μυριναῖος)
2176 2240 2206 2291 ὁ
2233 2240 2450 2311 γράψας
2482 2241 2582 2313 τὴν
2636 2242 2773 2313 μετά
2801 2243 3107 2313 Προκόπιον
3157 2247 3397 2318 ἱστορίαν

1833 2333 1926 2388 τὸν
1972 2334 2277 2406 Καισαρέα,
2336 2335 2406 2389 τά
2467 2336 2607 2390 κατὰ
2650 2336 2986 2409 Βελισάριον,
3044 2340 3139 2393 καὶ
3188 2341 3286 2405 τὰς
3338 2344 3397 2395 ὲν

1846 2420 2065 2497 Ἰταλία
2098 2428 2195 2480 καὶ
2238 2427 2297 2479 ὲν
2330 2426 2506 2500 Λιϐύῃ
2562 2427 2789 2501 πράξεις
2809 2445 2823 2459 ο
2855 2429 3097 2484 τουτέστι
3132 2432 3201 2485 τὰ
3258 2436 3399 2488 κατά

1832 2519 2057 2589 Ναρσῆν
2084 2520 2143 2572 ὲν
2175 2519 2376 2590 Ἰταλίᾳ
2403 2519 2497 2573 καὶ
2536 2520 2605 2574 τὰ
2630 2522 2687 2576 ὲν
2722 2519 2932 2594 Λαζικῇ
2954 2522 3050 2576 καὶ
3096 2524 3396 2596 Βυζαντίῳ.

1834 2606 2000 2674 Οὗτος
2033 2611 2287 2676 συνέταξε
2315 2611 2409 2664 καὶ
2438 2610 2601 2683 ἔτερα
2626 2611 2804 2682 βιϐλία
2828 2612 3079 2685 ἔμμετρά
3104 2632 3164 2669 τε
3185 2617 3280 2669 καὶ
3301 2634 3399 2670 και

1831 2703 2156 2772 ταλογάδην,
2180 2704 2247 2757 τά
2274 2720 2334 2756 τε
2361 2703 2672 2774 καλούμενα
2729 2707 3031 2775 Δαφνιακὰ,
3068 2708 3162 2762 καὶ
3184 2709 3274 2763 τὸν
3304 2709 3401 2764 κὺ-

1834 2794 1960 2847 κλον
1982 2794 2090 2846 τῶν
2129 2793 2264 2847 νέων
2311 2794 2765 2865 ἐπιγραμμάτων,
2822 2792 2898 2852 ὦν
2957 2800 3121 2864 αὐτὸς
3172 2802 3402 2873 συνῆξεν

1834 2887 1899 2939 ὲκ
1926 2884 2034 2939 τῶν
2060 2887 2203 2940 κατὰ
2233 2887 2422 2957 καιρὸν
2449 2888 2689 2958 ποιητῶν
2719 2904 2734 2919 ’
2767 2890 3083 2960 συνήκμασε
3111 2892 3169 2947 δὲ
3202 2894 3402 2965 Παύλῳ

1833 2975 1913 3046 τῷ
1928 2976 2274 3048 Σιλεντιαρίῳ
2307 2978 2400 3031 καὶ
2431 2980 2749 3051 Μακεδονίῳ
2776 2982 2853 3053 τῷ
2893 2984 3105 3056 ὑπάτῳ,
3149 2987 3245 3041 καὶ
3273 2988 3403 3062 Τρι-

1835 3067 2118 3139 ϐουνιανῷ,
2151 3068 2244 3122 ἐπὶ
2278 3070 2386 3123 τῶν
2427 3070 2801 3128 Ἱουστινιανοῦ
2831 3076 3056 3147 χρὸνων.

1908 3201 2179 3260 Senonum
2210 3205 2500 3261 Ριωτιιιιε
2546 3209 2933 3268 Amnowcuz.
2984 3214 3240 3283 ’Δγαθίου
3280 3232 3406 3288 σχοο

1837 3294 2096 3349 λαστικοῦ
2154 3296 2401 3351 Ἀσιανοῦ
2458 3300 2781 3371 Μυριναίου,
2835 3304 2897 3356 οὐ
2961 3305 3223 3374 στέφανος
3266 3307 3405 3361 ἀλλὰ

1842 3387 2132 3458 συναγωγὴ
2192 3389 2329 3442 νέων
2368 3391 2825 3463 ἐπιγραμμάτων.
2863 3396 3149 3467 Ἥκμασεν
3188 3392 3406 3461 δὀὖτος

1840 3477 1870 3529 ὁ
1908 3476 2164 3544 ’Δγαθίας
2192 3478 2285 3532 ἐπὶ
2320 3479 2698 3536 Ἰουστινιανοῦ
2736 3483 2831 3537 τοῦ
2862 3486 3129 3555 μεγάλου·
3168 3487 3405 3559 ἔγραψεν

1837 3566 1896 3619 δὲ
1921 3567 2013 3620 καὶ
2034 3568 2290 3641 ’ἱστορίαν
2316 3571 2413 3625 καὶ
2463 3572 2531 3625 τά
2576 3574 3023 3646 ἐπονομαζόμενα
3081 3580 3364 3649 Δαφνιακά
3385 3598 3401 3609 ⁸

1840 3658 2041 3729 ἔγραψε
2063 3659 2122 3712 δὲ
2151 3659 2322 3715 ταῦτα
2357 3664 2755 3736 ἐπιγράμματα
2777 3668 2941 3738 ηπρὸς
2992 3667 3265 3743 Θεόδωρον
3308 3677 3404 3726 Δε-

1838 3765 1934 3802 κου
1942 3750 2129 3820 ρίωνα.

1908 3888 2042 3943 Gsn.
2125 3888 2247 3945 Jon.
2320 3889 2538 3947 Vossius
2584 3891 2659 3947 De
2714 3894 2903 3950 histor.
2965 3895 3165 3955 Grato“
3197 3899 3378 3964 ".22.

1839 3980 2065 4035 Multum
2096 3982 2185 4035 illa
2210 3992 2454 4054 tempora
2490 3985 2720 4041 ornabat
2766 3988 3047 4056 Agatltias.
3079 4018 3150 4031 —
3196 3989 3405 4047 Dictio-

1840 4089 1910 4128 ne
1938 4076 2109 4129 utitur
2135 4084 2277 4131 tersa
2299 4087 2353 4131 et
2398 4077 2608 4133 ﬂorida.
2660 4079 2924 4135 Gentilem
2986 4081 3156 4139 fuisse
3209 4095 3405 4155 prartcr

1840 4165 1944 4219 alia
1979 4166 2365 4220 estenditillnd
2399 4170 2583 4237 φασίν.
2622 4185 2731 4240 quo
2757 4171 2897 4226 libro
2922 4188 2984 4227 ιιι
3048 4175 3220 4231 utitur
3274 4191 3400 4232 cum

1841 4272 2018 4313 sermo
2053 4259 2114 4313 ﬁt
2148 4260 2215 4313 de
2242 4260 2502 4330 martyrio
2550 4261 2611 4314 Β.
2665 4260 2945 4333 Stephani.

1840 4373 2056 4441 Gnoson,
2116 4376 2198 4428 the
2242 4375 2439 4443 history
2497 4376 2558 4443 of
2588 4376 2672 4430 the
2696 4378 2892 4432 decline
2923 4383 3027 4433 and
3060 4381 3161 4450 [αιι
3219 4385 3282 4451 of
3320 4387 3402 4437 the

2049 4490 2253 4545 Roman
2276 4493 2467 4561 enrpire
2496 4508 2515 4545 :
2547 4507 2596 4548 c.
2631 4489 2812 4558 XLlll,
2848 4509 2977 4548 ann.
3011 4494 3082 4549 47
3108 4514 3122 4551 :

1917 4627 2017 4682 We
2050 4636 2195 4681 must
2224 4642 2347 4681 now
2370 4626 2667 4697 relinquish
2702 4641 2733 4681 a
2782 4634 3075 4681 statesman
3141 4626 3245 4681 and
3289 4630 3401 4682 sol-

1844 4720 1962 4774 dier
2022 4719 2374 4790 (Procopius
2406 4724 2447 4787 ),
2514 4727 2571 4774 to
2626 4720 2809 4775 attend
2872 4721 2961 4775 the
3006 4717 3264 4789 footsteps
3289 4724 3347 4773 ol'
3372 4734 3399 4771 ει

1844 4812 2091 4883 poetand
2120 4810 2465 4867 rhetorician.
