4222 6448
239 399 2707 423 Μ*

1000 557 1281 654 ΒΟΝ.
1341 562 1916 662 VULCANII
1988 564 2614 659 EPISTOLA.

1773 783 1841 793 -φ

1287 944 1632 987 ιιιυὸτκιιιυε
1660 950 2098 997 ,ωριιεεηιιερυε
2136 953 2183 990 Vl
2195 953 2295 998 Ius.

1676 1103 1959 1144 0RD|NIBUS

1060 1265 1373 1313 IOLLANDIE
1404 1268 1475 1307 ετ
1504 1268 1869 1317 πεετειιιειιε,
1897 1269 2111 1309 οοιηαιε
2143 1266 2565 1307 νοτεητιεειιιιε.

268 1575 402 1633 Cum
438 1577 601 1633 varia:
633 1577 744 1634 sint
784 1586 928 1633 artes
962 1591 1029 1633 ac
1067 1576 1326 1643 scientiae,
1361 1579 1605 1633 societati
1642 1577 1855 1651 generis
1895 1578 2116 1633 humani
2150 1577 2522 1633 conducibiles
2562 1576 2986 1643 acnecessaria’,
3040 1578 3277 1635 illustres
3325 1594 3439 1641 am,

192 1670 537 1741 piissimique
561 1669 681 1736 viri,
711 1671 1003 1725 maximam
1034 1671 1274 1742 profecto
1295 1673 1504 1726 laudem
1548 1680 1825 1728 merentur
1852 1672 1889 1726 ii
1915 1673 2008 1742 qui
2033 1670 2101 1726 ad
2123 1686 2216 1727 eas
2255 1672 2643 1741 perdiscendas
2671 1680 2724 1726 et
2753 1671 2818 1725 ad
2842 1671 3119 1740 publicam
3154 1673 3439 1728 utilitatem

191 1765 687 1821 aceommodandas
720 1779 882 1820 omne
924 1780 1084 1821 suum
1124 1765 1364 1821 studium
1415 1775 1578 1835 atque
1611 1780 1833 1834 operam
1885 1763 2196 1819 conferunt.
2243 1761 2498 1817 Proxima
2544 1772 2627 1817 est
2654 1778 2840 1818 eorum
2866 1765 2985 1820 laus
3028 1780 3261 1835 quorum
3288 1766 3441 1820 labor

189 1857 377 1912 omnis
406 1866 568 1927 atque
620 1856 889 1911 industria
919 1865 1169 1911 versatur
1209 1856 1262 1911 in
1298 1856 1497 1926 linguis
1544 1856 1972 1925 auctoribusque
2011 1853 2212 1923 quibus
2246 1852 2351 1907 illa:
2395 1852 2527 1922 ipsae
2553 1865 2696 1907 artes
2736 1862 2864 1908 sunt
2908 1862 3149 1909 traetatte
3174 1855 3442 1924 nobisque

190 1952 411 2008 traditae
434 1952 745 2009 excolendis
774 1963 938 2023 atque
961 1952 1319 2017 illustrandis,
1350 1953 1550 2024 quique
1578 1953 1661 2006 vel
1688 1961 1895 2006 veteres
1926 1951 2224 2020 scriptores
2252 1947 2472 2003 Grrecos
2500 1963 2531 2003 e
2560 1950 2666 2003 situ
2691 1957 2745 2002 et
2791 1948 3049 2018 squalore
3076 1957 3275 2003 eruunt
3301 1959 3355 2003 et
3384 1950 3440 2004 in

188 2042 371 2095 lucem
402 2040 704 2110 proferunt,
746 2041 830 2095 vel
855 2040 969 2110 jam
1000 2048 1157 2094 antea
1195 2041 1391 2105 editos,
1435 2040 1530 2095 sed
1561 2038 1700 2094 male
1738 2039 1805 2093 ab
1838 2038 2071 2093 indoctis
2104 2036 2494 2107 interpretibus
2528 2036 2764 2100 habitos,
2793 2037 3083 2107 reﬁnguut,
3123 2048 3176 2091 et
3207 2038 3442 2107 pristino

184 2148 403 2203 suoque
441 2132 601 2187 nitori
632 2132 1034 2202 integritatique
1058 2131 1364 2186 restituunt.
1393 2130 1548 2198 Quod
1581 2130 1798 2200 quidem
1834 2130 2074 2185 studium
2114 2128 2328 2184 tametsi
2356 2128 2425 2183 oh
2452 2126 2702 2197 exiguam
2730 2144 2851 2197 qua:
2879 2128 3010 2182 inde
3039 2128 3261 2200 aﬂ'ulget
3300 2130 3434 2186 lucri

184 2239 343 2292 spem
366 2238 665 2294 perpaucos
697 2222 856 2277 hodie
884 2222 1045 2277 habet
1070 2230 1366 2277 sectatores
1399 2221 1667 2292 (plerique
1697 2222 1842 2277 enim
1874 2235 1967 2276 eas
1998 2229 2141 2275 artes
2174 2228 2477 2289 sequuntur
2504 2234 2535 2274 e
2563 2218 2765 2288 quibus
2798 2216 2973 2273 facilis
3001 2229 3084 2273 est
3122 2221 3189 2274 ad
3226 2236 3356 2290 opes
3384 2229 3441 2275 et

185 2318 429 2373 honores
462 2316 698 2391 cursus),
738 2318 868 2373 mihi
903 2326 1104 2383 tamen,
1135 2319 1228 2388 qui
1257 2318 1564 2374 studiorum
1603 2318 1917 2390 dignitatem
1950 2333 2057 2372 non
2088 2319 2301 2387 privato
2333 2324 2569 2387 quaestu,
2606 2315 2699 2371 sed
2731 2315 2947 2387 publica
2987 2316 3220 2371 utilitate
3251 2318 3431 2371 metiri

183 2410 366 2474 soleo,
397 2410 623 2466 miriﬁce
645 2426 860 2481 semper
892 2411 1115 2481 placuit.
1146 2411 1441 2467 Utilitatem
1478 2427 1605 2467 vero
1626 2428 1789 2482 quam
1825 2414 1929 2467 hoe
1966 2412 2130 2466 studii
2171 2426 2341 2477 genus
2368 2425 2553 2465 secum
2582 2410 2748 2463 trahit
2776 2410 2932 2479 longe
2964 2410 3257 2465 maximam
3287 2411 3438 2480 quis,

183 2499 444 2565 obsecro,
475 2508 558 2555 est
585 2501 721 2556 adeo
762 2502 916 2557 rudis
942 2511 1003 2556 ut
1028 2502 1081 2557 in
1120 2502 1346 2558 dubium
1380 2504 1573 2558 vocet?
1597 2502 1656 2557 Si
1683 2504 1829 2557 enim
1863 2504 1967 2558 hoc
1999 2504 2051 2556 in
2085 2502 2341 2557 confesso
2365 2510 2449 2557 est
2478 2517 2544 2556 ex
2582 2510 2825 2556 veterum
2855 2500 3170 2557 Grazcorum
3205 2500 3443 2555 fontibus

182 2596 494 2652 doctrinam
529 2614 744 2654 omnem
792 2614 914 2655 esse
946 2600 1339 2669 hauriendam;
1374 2601 1498 2672 quis
1534 2615 1641 2655 non
1670 2601 1819 2656 videt
1862 2601 2051 2672 quanti
2101 2600 2314 2654 intersit
2354 2609 2412 2654 ut
2446 2599 2522 2653 illi
2556 2598 2659 2668 ipsi
2690 2596 2867 2654 fontes
2902 2599 3023 2669 puri
3050 2606 3215 2668 atque
3246 2596 3442 2651 illimes

182 2690 618 2745 conserventur?
647 2690 989 2761 Quantopere
1028 2705 1158 2749 vero
1186 2709 1281 2749 eos
1302 2693 1686 2750 contaminarit
1706 2705 1869 2764 atque
1894 2693 2145 2763 polluerit
2173 2707 2359 2747 crassa
2390 2692 2775 2746 nonnullorum
2810 2691 3165 2760 interpretum
3201 2689 3439 2744 inscitia!

182 2794 354 2834 nemo
393 2790 478 2836 est
507 2782 668 2836 etiam
700 2781 842 2837 infra
895 2782 1325 2838 mediocritatem
1376 2782 1570 2839 doctus
1596 2783 1689 2853 qui
1730 2784 1974 2849 nesciat;
2007 2785 2260 2852 sensique
2291 2784 2405 2853 ipse
2432 2799 2558 2838 cum
2597 2783 2651 2837 in
2698 2783 2817 2837 aliis
2861 2784 3046 2839 multis
3092 2782 3435 2852 auctoribus,

188 2878 315 2924 tum
346 2886 475 2926 vero
503 2874 771 2944 przecipue
797 2874 851 2928 in
888 2873 1074 2947 Cyrilli
1105 2876 1457 2931 Alexandrini
1480 2875 1783 2937 Thesauro,
1805 2886 1859 2930 et
1888 2876 2086 2930 divinis
2108 2875 2215 2929 illis
2243 2876 2311 2929 de
2336 2873 2603 2930 Trinitate
2636 2875 2812 2939 libris,
2844 2874 2897 2929 in
2925 2875 3125 2944 quibus
3157 2873 3295 2927 nihil
3330 2873 3445 2926 fere

180 2975 430 3030 agnosco
463 2963 647 3037 Cyrilli
672 2976 865 3037 praeter
890 2968 1093 3023 nudum
1119 2970 1266 3025 illius
1293 2984 1515 3024 nomen.
1543 2969 1696 3026 Hanc
1717 2971 1899 3040 itaque
1925 2969 2199 3040 Spartam,
2226 2978 2286 3023 ut
2317 2968 2388 3022 ita
2416 2970 2617 3034 dicam,
2651 2969 3000 3039 linguariam,
3024 2969 3127 3022 hoc
3159 2974 3243 3023 est
3274 2967 3445 3020 inter-

180 3060 440 3125 pretandi
462 3060 679 3118 Gmcos
704 3073 954 3120 auctores
980 3075 1036 3119 et
1061 3065 1116 3120 in
1148 3064 1396 3121 Latinam
1418 3066 1659 3137 linguam
1684 3067 2030 3123 convertendi
2065 3067 2353 3131 rationem,
2377 3066 2543 3120 veluti
2565 3066 2726 3137 genio
2754 3074 3068 3135 naturaeque
3087 3079 3222 3119 mea!
3244 3075 3444 3118 conve-

180 3150 520 3207 nientiorem
551 3154 719 3209 semel
750 3155 1056 3225 amplexus,
1090 3157 1214 3213 dedi
1235 3171 1454 3229 Operam
1477 3159 1753 3233 hactenus
1787 3168 1845 3214 ut
1873 3175 1972 3230 pro
2004 3158 2146 3213 virili
2177 3173 2466 3225 ornarem;
2499 3168 2553 3213 et
2585 3157 2805 3226 quidem
2848 3173 2953 3212 non
2986 3173 3157 3227 pauca
3197 3167 3442 3210 veterum

182 3254 491 3300 auctorum
530 3247 854 3319 theologica,
895 3251 1295 3324 philosophica,
1327 3253 1582 3308 historica
1606 3256 1928 3325 poeticaque
1952 3255 2152 3324 scripta
2178 3255 2372 3324 partim
2402 3262 2559 3308 antea
2593 3269 2698 3308 non
2734 3254 2877 3307 edita
2909 3252 3101 3307 Latine
3131 3252 3289 3316 verti,
3315 3266 3445 3320 par-

182 3335 287 3388 tim
323 3336 467 3389 edita
514 3337 754 3407 quidem,
790 3341 885 3395 sed
930 3341 1003 3396 ita
1036 3353 1097 3397 ut
1129 3343 1436 3407 ἀνεκδότοις
1466 3344 1751 3412 ἐναλίγκια
1794 3360 1847 3399 m

1794 3346 1992 3400 merito
2031 3345 2241 3400 censeri
2288 3354 2530 3415 possent,
2565 3358 2704 3399 nova
2748 3344 3193 3415 interpretatione
3222 3342 3439 3398 donavi:

178 3442 301 3481 non
330 3428 530 3498 exiguo
559 3429 636 3483 uti
664 3445 822 3500 spero
844 3433 922 3487 rei
953 3433 1229 3497 litterariae
1254 3436 1419 3491 bono.
1456 3434 1695 3491 Tametsi
1726 3453 1794 3491 ex
1828 3437 1898 3492 iis
1925 3436 2195 3507 quaedam,
2228 3438 2414 3492 nescio
2437 3452 2548 3506 quo
2577 3438 2721 3491 malo
2750 3436 2883 3501 fato,
2924 3452 3123 3503 magno
3150 3444 3297 3491 certe
3322 3449 3445 3489 meo

177 3536 316 3574 cum
347 3520 553 3589 dolore,
584 3540 760 3595 neque
789 3528 999 3583 minore
1030 3545 1155 3585 cum
1206 3530 1551 3586 incommodo
1591 3532 1828 3601 publico,
1864 3548 2185 3600 suunnoque
2214 3533 2509 3587 multorum
2539 3534 2984 3589 doctissimorum
3014 3533 3255 3586 virorum
3298 3531 3445 3585 desi-

177 3613 368 3677 derio,
420 3622 564 3670 totos
584 3616 696 3685 jam
741 3622 1051 3687 quindecim
1091 3637 1267 3678 annos
1307 3624 1449 3692 apud
1500 3625 1894 3695 typographum
1954 3624 2041 3678 cui
2075 3638 2138 3677 ea
2183 3623 2499 3678 excudenda
2549 3624 2802 3679 dederam
2842 3624 3067 3678 haerent.
3112 3620 3268 3676 Nune
3313 3637 3445 3675 vero

176 3707 480 3776 Agathiam
536 3710 853 3766 historicum
889 3716 1154 3784 optimum
1191 3717 1282 3786 qui
1327 3716 1620 3773 Justiuiani
1672 3718 2015 3787 imperatoris
2047 3733 2131 3771 res
2176 3725 2356 3786 gestas
2396 3727 2519 3787 post
2556 3717 2884 3786 Proc0pium
2916 3715 3307 3771 Cresariensem
3353 3722 3444 3768 est

175 3810 535 3867 persecutus,
560 3801 745 3858 Griece
776 3814 903 3859 ante
933 3808 1034 3862 hac
1064 3824 1340 3879 nunquam
1369 3809 1510 3880 typis
1538 3809 1764 3876 editum,
1795 3810 1850 3864 in
1882 3810 2053 3863 lucem
2086 3809 2315 3875 emitto;
2354 3806 2659 3877 Agathiam,
2690 3809 2936 3877 inquam,
2964 3807 3140 3861 virum
3172 3820 3285 3861 sua:
3313 3812 3443 3857 atta-

174 3891 260 3946 tis
296 3892 698 3959 doctissimum,
731 3899 933 3968 quique
987 3916 1129 3955 unus
1156 3902 1302 3956 illam
1339 3901 1533 3971 διζυγα
1564 3901 1810 3971 εὐεπιην,
1842 3904 1946 3956 hoc
1977 3912 2060 3956 est
2092 3902 2341 3971 poeticen
2391 3916 2517 3955 cum
2572 3900 2831 3967 oratoria,
2882 3902 2957 3954 ita
3016 3898 3322 3967 conjunxit,
3386 3907 3444 3949 ut

175 3985 421 4039 dubium
448 3987 519 4041 sit
551 3988 605 4042 in
642 3999 759 4044 utra
790 3992 962 4062 magis
993 3994 1343 4060 excelluerit;
1375 3994 1431 4048 in
1472 4002 1701 4062 utraque
1737 4003 1885 4049 certe
1918 4008 2025 4047 non
2072 3993 2293 4047 dubiam
2320 3994 2386 4049 de
2428 3993 2684 4047 omnibus
2714 3993 2800 4047 sui
2834 3993 2934 4047 aevi
2965 3991 3324 4061 scriptoribus
3353 3988 3434 4041 vi-

173 4082 422 4135 ctoriam
457 4086 766 4153 reportavit.
804 4087 847 4141 E
885 4088 1044 4157 cujus
1096 4089 1334 4143 editione
1364 4090 1658 4158 plurimum
1700 4098 1754 4144 et
1799 4087 2048 4143 Historiae
2092 4098 2147 4142 et
2194 4089 2395 4144 Gram:
2437 4090 2637 4158 linguae
2664 4088 2983 4143 incrementi
3027 4085 3445 4152 ornamentique

174 4181 271 4227 est
302 4188 674 4231 accessurum.
705 4177 840 4230 Cum
873 4178 1018 4232 enim
1058 4179 1207 4233 varia
1236 4179 1662 4249 gravissimaque
1689 4178 1823 4233 bella
1852 4178 2112 4233 adversus
2158 4178 2609 4247 populosissimas
2639 4178 3156 4247 potentiSsimasque
3178 4178 3441 4231 natiun'es.

175 4262 437 4320 Francos
481 4268 711 4331 scilicet,
739 4267 989 4337 Gotthos,
1018 4270 1309 4336 Vandalos,
1338 4269 1562 4325 llunnos
1588 4282 1641 4325 et
1664 4268 1863 4325 Persas
1889 4280 2036 4341 gesta
2066 4271 2368 4329 describat;
2402 4279 2515 4324 tum
2538 4286 2666 4324 vero
2695 4270 2762 4324 de
2787 4285 2979 4325 eorum
3005 4269 3250 4323 moribus
3280 4279 3444 4335 atque

176 4358 480 4424 institutis,
514 4375 578 4414 ac
614 4362 884 4432 praecipue
918 4363 985 4417 de
1016 4362 1361 4419 Persicorum
1396 4378 1583 4432 regum
1622 4361 1931 4433 genealogia
1963 4379 2025 4415 ac
2068 4362 2275 4430 politia,
2314 4362 2482 4415 multa
2514 4371 2905 4416 commemorat
2944 4361 3082 4416 scitu
3124 4359 3441 4429 dignissima

175 4466 318 4521 quae
359 4452 495 4519 apud
522 4452 657 4506 alios
680 4455 973 4523 scriptores
999 4470 1267 4524 nusquam
1293 4455 1656 4523 reperiantur.
1696 4451 1881 4523 Stylus
1906 4454 2019 4521 ipse
2051 4454 2213 4521 plane
2246 4465 2328 4507 est
2358 4453 2585 4508 ﬂoridus
2613 4465 2775 4525 atque
2808 4469 3081 4515 amoenus,
3107 4452 3292 4505 multis
3318 4468 3444 4505 sen-

176 4542 489 4597 tentiarum
530 4544 825 4600 luminibus
856 4547 1180 4601 illustratus.
1220 4545 1410 4600 Verbis
1447 4559 1577 4598 vero
1607 4546 1774 4597 utitur
1803 4546 2199 4609 selectissimis,
2224 4554 2278 4599 et
2309 4544 2623 4614 frequenter
2652 4560 2683 4599 a
2720 4548 2999 4599 communi
3042 4560 3141 4598 usu
3173 4558 3239 4598 ac
3267 4543 3441 4612 signi-

175 4634 453 4688 ﬁcatione
492 4637 752 4703 remotis;
786 4637 920 4691 adeo
951 4644 1011 4690 ut
1043 4635 1242 4693 Suidas
1265 4637 1495 4708 diligens
1525 4635 1952 4708 glessographus
1986 4635 2323 4704 potissimam
2348 4634 2534 4689 Lexici
2562 4636 2645 4689 sui
2680 4645 2884 4703 partem
2925 4650 2991 4688 ex
3023 4634 3185 4703 hujus
3222 4634 3443 4703 scriptis

172 4726 557 4781 concinnarit.
584 4728 740 4783 Hune
783 4729 967 4799 itaque
988 4730 1269 4799 Agathiam
1303 4730 1624 4799 scriptorem
1661 4728 2174 4791 lueulentissimum,
2208 4742 2366 4796 quem
2409 4726 2539 4780 olim
2569 4726 2809 4781 Persona
2854 4728 2924 4781 ita
2972 4727 3231 4781 lutularat
3259 4741 3324 4779 ac
3346 4725 3438 4778 de-

174 4819 481 4884 formarat,
520 4830 579 4872 ut
621 4820 932 4890 quicunque
976 4836 1099 4875 eum
1139 4822 1425 4891 attingeret
1465 4821 1659 4874 merito
1711 4819 2076 4873 exclamaret:
2102 4819 2306 4889 Aquam
2346 4819 2628 4881 manibus;
2666 4819 3023 4890 εὐπρόσωπον
3075 4820 3442 4888 nitidiorequo

176 4909 390 4964 habitu
422 4924 452 4962 a
483 4925 569 4964 me
600 4911 857 4964 donatum
889 4911 1084 4976 vobis,,
1118 4911 1357 4966 illustres
1380 4911 1812 4980 amplissimique
1837 4909 1961 4972 viri,
1994 4910 2187 4963 merito
2222 4910 2626 4964 inscribendum
2658 4910 3060 4978 dicandnmque
3088 4910 3394 4965 existimavi
3424 4929 3434 4939 ·

172 5000 459 5068 primum,
495 5000 638 5068 quod
667 5014 733 5053 ex
759 5006 938 5053 vestra
961 4999 1238 5053 academia
1270 5001 1321 5053 in
1360 5000 1537 5053 lucem
1572 4999 1837 5069 prodeat;
1869 4999 1923 5052 in
1952 5014 2059 5067 qua
2086 5014 2210 5053 eum
2238 4997 2348 5065 jam
2382 4999 2642 5053 tredecim
2675 5000 2893 5053 circiter
2922 5015 3098 5054 annos
3125 5010 3308 5054 vestro
3348 5002 3441 5056 be-

172 5088 396 5143 nelicio
435 5088 824 5145 honestissimo
858 5092 961 5146 hoc
1004 5093 1118 5145 otio
1160 5093 1426 5147 litterario
1455 5092 1626 5156 fruar,
1661 5092 2004 5146 vehementer
2032 5107 2118 5146 me
2168 5092 2496 5147 oliicio'meo
2527 5091 2844 5147 defuturum
2876 5094 3081 5162 putavi,
3106 5094 3210 5147 nisi
3252 5093 3440 5147 darem

172 5198 423 5255 Operam
452 5191 511 5237 ut
528 5192 764 5238 exstaret
799 5184 1068 5253 publicum
1097 5184 1316 5255 aliquod
1352 5186 1645 5254 singularis
1670 5200 1808 5240 meto
1821 5200 1947 5254 erga
1974 5200 2072 5239 vos
2098 5186 2454 5240 observantiae
2483 5187 2733 5255 gratique
2761 5186 2927 5239 animi
2970 5198 3388 5241 monumentum
3423 5206 3439 5242 :

171 5277 418 5339 deinde,
456 5278 601 5342 quod
626 5291 733 5331 non
786 5277 1065 5346 indignum
1095 5278 1251 5332 vobis
1280 5278 1381 5331 hoc
1427 5278 1812 5331 munusculum
1854 5278 2173 5331 litterarium
2205 5277 2523 5343 indicarem,
2555 5293 2679 5332 cum
2711 5278 2781 5331 ob
2804 5285 3085 5331 auctorem
3129 5278 3313 5348 ipsum
3341 5281 3443 5350 qui

176 5370 347 5443 apud
371 5370 561 5424 doctos
586 5386 776 5425 omnes
801 5386 1016 5425 summo
1045 5386 1259 5440 semper
1298 5371 1401 5425 fuit
1431 5371 1484 5424 in
1515 5372 1703 5440 pretio.
1749 5381 1861 5426 tum
1887 5385 2014 5424 vero
2043 5371 2224 5442 magni
2252 5370 2392 5425 illius
2421 5370 2765 5439 imperatoris
2801 5370 2960 5439 cujus
2991 5371 3275 5426 historiam
3301 5372 3445 5429 scri-

174 5468 268 5522 bit
305 5464 563 5526 nomine;
588 5464 640 5516 in
664 5479 768 5533 qua
791 5465 1009 5532 quidem
1043 5464 1267 5518 historia
1289 5464 1460 5519 multa
1492 5468 1911 5517 conscribuntur
1942 5464 2219 5531 sapienter
2252 5463 2320 5517 ab
2345 5463 2438 5516 illo
2466 5463 2870 5531 prudenterque
2898 5464 3221 5534 excogitata,
3243 5462 3447 5520 felicis-

173 5565 450 5630 simeque
470 5561 738 5631 perfecta;
768 5575 799 5615 e
818 5562 1016 5630 quibus
1036 5561 1316 5626 nonnulla,
1342 5561 1416 5614 uti
1446 5576 1623 5629 spero,
1651 5561 1704 5614 in
1734 5576 1863 5614 usus
1889 5571 2101 5614 vestros
2139 5566 2455 5614 convertere
2486 5557 2728 5627 poteritis
2753 5558 2819 5613 ad
2846 5557 3280 5613 ﬂorentissimam
3298 5575 3446 5613 rem-

174 5654 481 5724 publicam
508 5663 741 5707 vestram
772 5653 1149 5707 stahiliendam
1188 5662 1242 5707 et
1273 5654 1510 5708 nominis
1536 5655 1701 5708 vestri
1732 5653 2121 5717 celebritatem,
2165 5667 2287 5720 qua:
2310 5668 2491 5706 rerum
2541 5667 2638 5720 pro
2667 5651 2915 5705 libertate
2940 5652 3135 5706 tuenda
3172 5660 3446 5721 gestarum

171 5744 579 5814 magnitudine
610 5745 773 5813 longe
801 5745 1015 5814 lateque
1046 5755 1130 5799 est
1170 5754 1482 5815 pr0pagata,
1531 5746 1704 5815 magis
1734 5745 2015 5815 magisque
2048 5743 2373 5815 augendam.
2415 5742 2545 5796 Mihi
2577 5743 2781 5799 interea
2801 5744 2937 5799 nihil
2963 5743 3167 5814 gratius
3202 5744 3448 5799 accidere

174 5839 431 5917 poterit,
463 5853 624 5909 quam
658 5839 702 5894 si
736 5838 1029 5907 intelligam
1062 5838 1298 5894 studium
1326 5838 1427 5893 hoc
1466 5853 1647 5893 meum
1676 5836 1851 5904 vobis,
1900 5836 2139 5893 illustres
2173 5835 2603 5906 amplissimiun
2631 5835 2754 5901 viri,
2788 5835 3042 5905 probari;
3077 5849 3445 5905 magnumque
