4222 6448
763 398 895 462 1269

893 569 1113 621 Exercitu
1135 567 1182 631 in
1201 558 1411 631 juberna
1429 566 1663 631 (ιὶυιὶςιςο.⁸
1683 558 1951 616 "hominum
1981 558 2336 631 proﬁsriscitur

1939 399 2296 457 AGATHIE
2339 399 2823 462 SCHOLASTICI

757 521 850 586 ngf
879 509 1151 586 arsere.
1175 504 1667 586 nggnliamﬁinims
1687 503 2060 586 nprwfectortrn
2366 506 2668 586 reprehendi!
2695 509 2798 569 (Ο).
2829 512 3013 586 [πνέω
3060 513 3234 586 furum
3293 511 3450 563 denuo

2379 569 2474 641 ιε).
2512 569 2790 641 ,Αίὸςιειληιβ
2822 572 3022 641 follius
3055 575 3430 641 Ctuimssponte
3476 569 3673 641 Νάήςεῖξ
3722 577 3861 641 dedit
3903 569 3976 641 ('1:
3984 587 4019 640 ξι.

3876 407 3982 470 127

3514 523 3843 580 ορνυωιαιπηι
3897 531 4020 580 mp-

759 628 963 690 Nurm,
999 629 1170 681 Varnis
1193 629 1241 680 in
1264 631 1484 680 militiam
1522 628 1702 686 uacuis,
1727 643 1879 694 prope
1903 628 2174 680 Ariminum
2197 644 2306 680 cun
2348 629 2547 681 Frmtcis
2577 628 2788 697 conﬂigit
2815 634 2920 696 (U).
2951 636 3082 699 Fuga
3106 628 3350 695 simulata,
3376 651 3456 687 eos
3478 638 3689 689 devincit
3740 640 3847 702 (V).

1354 772 1742 829 PR/EFATIU.

832 912 971 986 3-5,
991 911 1256 967 Pragclara
1285 912 1530 980 quaedam
1560 920 1614 966 et
1636 912 1788 965 beata
1822 914 2095 982 possessio
2123 913 2331 966 censeri

763 1017 943 1077 potest
971 1007 1208 1060 victoriae
1240 1005 1506 1059 bellorum
1534 1013 1589 1058 et
1645 1014 1868 1075 tropzna,
1913 1005 2074 1059 urbes
2105 1005 2339 1059 condita:

764 1111 926 1169 atque
953 1100 1289 1162 instauratae,
1319 1114 1508 1152 omnes
1537 1099 1773 1168 denique
1804 1115 2012 1166 magnae
2065 1099 2338 1154 admiran-

763 1194 956 1262 daeque
985 1207 1072 1247 res
1109 1200 1293 1262 gestae.
1325 1190 1501 1260 Atque
1531 1190 1644 1244 haec
1690 1190 1907 1261 quidem
1949 1191 2164 1262 aliaque
2192 1192 2340 1262 ejus-

764 1285 974 1342 cemodi
1003 1293 1062 1338 ut
1097 1284 1330 1338 maxime
1361 1284 1587 1351 gloriam
1616 1284 1853 1353 aliquam
1902 1286 2342 1355 voluptatemque

767 1378 884 1432 suis
910 1377 1317 1448 possessoribus
1349 1375 1596 1439 aﬂ'crant,
1624 1393 1766 1446 (ρει-θ
1798 1386 1975 1431 tamen
2005 1392 2100 1431 eos
2139 1392 2170 1430 e
2203 1378 2342 1432 vivis

766 1471 1091 1544 excedentes
1116 1469 1468 1525 comitantur.
1502 1469 1606 1523 Sed
1633 1479 1686 1524 et
1717 1469 1920 1524 oblivio
1977 1470 2344 1525 interveniens

769 1564 998 1620 oﬂ'uscat
1051 1575 1214 1634 atque
1282 1563 1547 1619 subvertit
1594 1580 1753 1621 veros
1817 1581 1999 1620 rerum
2070 1576 2344 1634 gestarum

769 1671 994 1714 eventus
1019 1674 1036 1724 ;
1064 1665 1264 1714 etcum
1292 1657 1325 1711 ii
1355 1657 1456 1727 ipsi
1481 1658 1574 1727 qui
1605 1673 1702 1712 eos
1731 1668 1953 1722 norunt,
2013 1659 2193 1713 vivere
2249 1658 2347 1712 de-

771 1752 1001 1815 sierunt,
1058 1749 1351 1806 emoritur'
1382 1751 1546 1806 etiam
1597 1762 1760 1820 atque
1787 1752 2062 1805 evanescit
2084 1766 2188 1805 una
2219 1765 2346 1805 cum

771 1843 908 1914 ipsis
958 1844 1272 1899 hominibus
1322 1859 1510 1898 earum
1560 1858 1741 1898 rerum
1788 1844 2004 1898 notitia.
2032 1843 2153 1910 Quo
2187 1842 2264 1906 fit,
2290 1853 2350 1896 ut

774 1937 918 1993 nuda
950 1937 1208 1992 memoria
1236 1936 1437 1990 fluxum
1469 1934 1728 2005 quiddam
1775 1950 2076 2006 parumque
2130 1936 2346 1991 ﬁrmum

777 2029 869 2094 sit,
938 2043 1112 2099 neque
1167 2027 1428 2096 temporis
1479 2027 1890 2081 diuturnitatem
1957 2027 2113 2082 fciat.
2162 2027 2349 2098 Neque

2745 778 3140 834 ΠΡΟΟΙΜΙΟΝ.
3178 778 3302 852 [Εά.
3336 780 3514 838 Paris.
3549 801 3604 854 p.
3637 785 3716 857 1.]

2510 915 2691 968 Καλὸν
2730 915 2828 986 μέν
2860 935 2910 970 τι
2943 918 2958 948 ¹
2999 919 3186 989 χρῆμα
3227 921 3321 973 καὶ
3362 920 3616 992 εὔδαιμον
3656 926 3801 977 νῖκαι
3847 926 4021 979 πολέ-

2442 1026 2561 1078 μων
2587 1010 2682 1061 καὶ
2705 1011 2964 1078 τρόπαια,
2989 1010 3197 1063 πόλεών
3248 1029 3308 1065 τε
3332 1013 3646 1085 ἀνοικισμοὶ
3686 1018 3780 1069 καὶ
3821 1018 4028 1086 ἀγλαΐ-

2442 1117 2644 1171 σματα,
2673 1102 2765 1156 καὶ
2805 1101 3021 1156 ἅπαντα
3055 1103 3230 1158 ὁπόσα
3259 1105 3473 1175 μεγάλα
3502 1124 3560 1161 τε
3590 1109 3686 1163 καὶ
3705 1109 4026 1178 ἀξιάγαστα

2441 1193 2598 1263 ἔργα.
2654 1193 2840 1248 Ταῦτα
2877 1194 2934 1248 δὲ
2979 1195 3171 1250 καὶτὰ
3219 1198 3399 1251 τοιάδε
3444 1199 3602 1265 δόξαν
3639 1202 3740 1272 μέν
3764 1220 3890 1256 τινα
3922 1205 4026 1258 καὶ

2441 1284 2632 1356 ἡδονὴν
2655 1288 2765 1349 τοῖς
2795 1288 3159 1358 κτησαμένοις
3177 1289 3396 1359 ἐπάγει,
3422 1291 3709 1346 ἀποδιοῦσι
3743 1294 3800 1346 δὲ
3830 1297 4024 1360 αύτοῐ;

2444 1377 2538 1431 καὶ
2570 1378 2747 1430 ἐκεῖσε
2773 1379 3080 1449 οίχομένοις
3099 1379 3218 1434 οὔτι
3252 1382 3397 1452 μάλα
3437 1383 3716 1438 ἐθέλουσιν
3759 1386 4024 1448 ἕπεσθαι.

2443 1467 2579 1522 ἀλλὰ
2605 1470 2698 1522 καὶ
2724 1468 2860 1540 λήθη
2884 1471 3313 1540 παρεμπεσοῦσα
3329 1475 3682 1528 ἐπικαλύπτει
3716 1478 3812 1529 καὶ
3844 1495 4029 1548 παρα·

2444 1559 2634 1630 τρέπει
2667 1558 2744 1630 [p.
2776 1559 2833 1632 2]
2879 1561 2977 1625 τὰς
3005 1561 3223 1632 ἀληθεῖς
3250 1563 3360 1616 τῶν
3389 1565 3644 1635 πράξεων
3680 1568 3988 1632 ἀποϐάσεις
4010 1585 4025 1598 ·

2445 1654 2547 1724 ήδη
2571 1652 2628 1708 δὲ
2663 1653 2758 1706 καὶ
2797 1653 2906 1706 τῶν
2946 1655 3324 1724 ἐπισταμένων
3353 1657 3760 1724 ἀποδιούντων,
3812 1661 4028 1732 οἴχεται

2448 1748 2544 1801 καὶ
2581 1747 2945 1818 διαδιδράσκει
2980 1749 3014 1818 ή
3053 1747 3251 1815 γνῶσις
3292 1749 3388 1802 σὺν
3418 1751 3605 1815 αὐτοῖς
3649 1752 4023 1824 σϐεννυμένη.

2448 1839 2633 1904 Οὕτως
2663 1841 2774 1910 ἄρα
2805 1841 2992 1911 μνήμη
3031 1839 3213 1912 γυμνὴ
3249 1842 3507 1913 ἀνόνητόν
3544 1861 3598 1896 τι
3628 1846 3724 1898 καὶ
3754 1846 3818 1900 ού
3859 1849 4029 1916 μόνι-

2453 1950 2573 2002 μον,
2601 1933 2723 1988 ούδὲ
2761 1932 2839 2003 τῷ
2869 1933 3066 2004 μακρῷ
3105 1936 3542 1990 συνεκτείνεσθαι
3562 1938 3581 1968 ²
3604 1939 3856 2007 πέφυκεν
3896 1942 4030 2010 χρό-

2450 2043 2544 2095 νῳ.
2575 2024 2686 2078 Καὶ
2723 2025 2823 2077 οὐκ
2858 2024 2945 2090 ἂν,
2979 2020 3155 2094 οἶμαι,
3186 2025 3219 2096 ἢ
3260 2027 3551 2098 ’πατρίδος⁸
3581 2029 4031 2100 προκινδυνεύειν

778 2140 908 2180 vero
949 2122 1184 2194 putarim
1248 2121 1512 2192 quosdam
1563 2129 1658 2176 aut
1720 2120 1958 2191 pericula
2016 2136 2115 2190 pro
2177 2121 2350 2190 patria

2453 2115 2584 2169 ἔνιοι
2621 2114 2882 2184 ἔγνωσαν,
2915 2116 2948 2187 ἢ
2979 2115 3169 2179 ἄλλους
3198 2117 3552 2188 ἀναδέχεσθαι
3585 2119 3806 2185 πόνους,
3843 2116 3906 2173 εὖ
3951 2123 4031 2174 εί-

777 2219 1046 2282 adituros,
1079 2225 1171 2270 aut
1199 2214 1335 2270 alios
1366 2214 1582 2269 labores
1617 2225 1970 2283 suscepturus
2005 2213 2196 2278 fuisse,
2225 2229 2348 2268 cum

780 2311 1007 2374 scirent,
1036 2309 1384 2380 quantumvis
1413 2308 1679 2362 maximas
1709 2322 1795 2362 res
1837 2307 2156 2375 gessissent,
2209 2308 2354 2377 peri-

781 2410 961 2453 turam
1017 2413 1124 2452 una
1179 2413 1303 2453 cum
1359 2398 1490 2468 ipsis
1553 2407 1716 2466 atque
1753 2397 2105 2451 emorituram
2137 2412 2351 2451 omnem

780 2503 970 2544 eorum
996 2486 1242 2556 gloriam,
1271 2485 1384 2540 sola
1411 2485 1652 2554 ipsorum
1680 2483 1790 2538 vita
1835 2483 2306 2553 circumscriptam
2335 2501 2350 2548 ;

785 2580 888 2634 nisi
948 2579 1218 2650 quaedam,
1273 2579 1347 2632 uti
1407 2588 1648 2648 apparet,
1678 2576 1860 2632 divina
1892 2577 2229 2647 providentia
2260 2591 2356 2630 na-

785 2682 922 2726 tura:
948 2673 1198 2725 humanae
1232 2669 1626 2724 lluxibilitatem
1659 2667 1912 2733 fulciens,
1961 2667 2202 2723 historiae
2259 2669 2357 2721 bo-

786 2780 940 2828 uum,
967 2780 1196 2834 quasque
1229 2779 1292 2816 ex
1324 2778 1386 2816 ea
1419 2760 1656 2832 alfulget,
1706 2776 1857 2831 spem
1912 2771 2057 2816 esset
2109 2760 2354 2831 elargita.

785 2855 972 2927 Neque
990 2857 1159 2919 enim,
1185 2856 1442 2918 arbitror,
1475 2853 1698 2908 oleastri
1730 2863 1825 2908 aut
1845 2855 1952 2922 apii
1985 2868 2152 2908 causa
2177 2853 2359 2925 Olym-

788 2949 1015 3020 pionicas
1075 2949 1128 3002 in
1160 2962 1379 3001 arenam
1427 2946 1555 3000 nudi
1584 2945 2006 3012 descendebant,
2041 2959 2217 3016 neque
2247 2960 2361 2998 rur-

788 3058 910 3096 sum
974 3040 1025 3112 5
1073 3041 1277 3096 strenui
1331 3040 1620 3094 bellatores
1672 3039 1974 3108 spoliorum
2037 3047 2251 3092 tantum
2304 3046 2360 3091 et

789 3134 1075 3204 praesentis
1115 3133 1249 3187 lucri
1292 3132 1594 3203 cupiditate
1641 3131 1854 3186 accensi
1901 3132 2164 3201 inaperta
2187 3129 2363 3184 mani-

790 3227 1036 3293 festaque
1065 3221 1304 3292 pericula
1331 3237 1388 3276 se
1405 3220 1811 3290 conjiciebant;
1846 3220 1941 3276 sed
1988 3225 2208 3290 utrique
2271 3234 2362 3274 so-

789 3319 914 3372 lida:
974 3329 1134 3387 atque
1176 3320 1311 3370 adeo
1375 3314 1706 3369 immortalis
1761 3314 1946 3384 gloriae
1965 3315 2364 3382 cciisequendte

790 3410 971 3466 studio
997 3409 1362 3463 inﬂammati:
1429 3423 1593 3478 quam
1653 3408 1876 3476 quidem
1921 3409 2077 3462 aliter
2137 3406 2362 3476 adipisci

2451 2209 2621 2275 δότες,
2649 2207 2744 2274 ὡς,
2775 2210 2822 2261 εί
2847 2209 2940 2262 καὶ
2974 2209 3178 2280 σφόδρα
3209 2209 3438 2279 μέγιστα
3469 2211 3747 2281 δράσαιεν,
3786 2230 4030 2266 συναπο-

2452 2303 2625 2357 λείται
2657 2303 2722 2354 τὸ
2741 2303 2895 2366 κλέος
2933 2304 3116 2367 αὐτοῖς
3161 2303 3258 2356 καὶ
3301 2303 3714 2376 διαρρυήσεται,
3768 2306 3922 2376 μόνῳ
3953 2305 4033 2372 τῷ

2456 2392 2556 2463 βίῳ
2582 2392 2761 2446 αὐτῶν
2790 2395 3294 2464 ἐκμεμετρημένονο
3320 2396 3367 2448 εί
3397 2395 3471 2466 μή
3490 2413 3596 2462 τις,
3621 2397 3695 2460 ὡς
3716 2395 3886 2461 ἔοικε,
3914 2397 4034 2450 θεία

2455 2483 2766 2555 προμήθεια
2783 2483 2841 2536 τὸ
2871 2484 3095 2547 ἀσθενὲς
3123 2483 3225 2555 τῆς
3253 2483 3466 2553 φύσεως
3496 2487 3900 2558 ἀηρῤωννῦσα
3920 2489 3940 2519 ⁸
3965 2488 4036 2540 τά

2457 2579 2521 2630 ἐκ
2543 2578 2640 2646 τῆς
2673 2576 2912 2646 ἱστορίας
2935 2578 3300 2646 ἐπεισήγαγεν
3326 2575 3510 2645 ἁγαθά
3540 2578 3639 2630 καὶ
3668 2580 3768 2641 τὰς
3817 2579 4036 2631 ἐνθένδε

2456 2668 2696 2732 ἐλπίδας.
2727 2668 2802 2721 Οὐ
2829 2668 2956 2739 γὰρ,
2983 2663 3158 2738 οἶμαι,
3187 2669 3400 2722 κοτίνου
3419 2687 3486 2738 γε
3513 2671 3677 2723 ἕνεκα
3700 2671 3797 2723 καὶ
3823 2671 4036 2723 σελίνου

2457 2761 2508 2813 oi
2530 2759 2941 2828 Ὀλυμπιονῖκαι
2962 2761 3021 2812 ἐν
3035 2760 3154 2822 ταῖς
3182 2759 3491 2830 κονίστραις
3517 2760 3906 2821 ἐναπεδύοντο,
3927 2760 4040 2812 ούδ⁹

2459 2845 2526 2904 αὗ
2563 2849 2616 2901 οἱ
2657 2848 2853 2917 ἀγαθοὶ
2886 2848 2996 2902 τῶν
3039 2849 3290 2920 πολέμων
3335 2850 3635 2918 ἀγωνισταὶ
3681 2850 3944 2920 λαφύρων
3977 2865 4038 2918 γε

2463 2941 2624 3010 μόνον
2669 2939 2762 2992 καὶ
2810 2937 2905 2993 τοῦ
2952 2940 3266 3011 παραυτίκα
3303 2940 3594 3012 κερδαλέου
3645 2942 3949 3010 ἐφιέμενοι,
3986 2943 4041 3003 ἐς

2460 3028 2735 3101 προῦπτόν
2786 3049 2846 3084 τε
2907 3033 2998 3084 καὶ
3041 3031 3277 3102 διαφανῆ
3329 3032 3572 3085 κίνδυνον
3625 3034 3766 3100 σφᾶς
3839 3033 4042 3094 αὐτοὺς

2461 3122 2716 3191 ἀφιᾶσινο
2743 3121 2877 3174 ἀλλά
2899 3121 3058 3190 δόξης
3082 3123 3379 3192 ἀμφότεροι
3402 3121 3561 3176 ἕκατι
3592 3121 3817 3191 βεϐαίας
3848 3138 3913 3172 τε
3947 3122 4044 3173 καὶ

2462 3213 2764 3284 ἀκηράτου,
2787 3212 2855 3282 ήν
2885 3213 2985 3282 οὐχ
3011 3207 3124 3265 οἷόν
3144 3229 3206 3265 τε
3231 3212 3406 3275 ἄλλως
3427 3213 3851 3284 καρπώσασθαι.
3889 3214 3924 3283 ή
3945 3212 4044 3282 τῆς

2467 3303 2708 3372 ἱστορίας
2744 3303 2941 3366 αὐτοὺς
2981 3301 3526 3374 ἀπαθανατιζούσηςο
3563 3303 3662 3374 οὐχ
3698 3297 3791 3356 οἷα
3816 3303 3891 3356 τὰ
3937 3305 4043 3357 Ζα-

2470 3392 2712 3462 μόλξιδος
2743 3393 2953 3463 νόμιμα
3003 3394 3096 3446 καὶ
3133 3395 3168 3465 ή
3209 3393 3405 3464 Γετικὴ
3451 3393 3886 3466 παραφροσύνη,
3930 3393 4045 3446 ἀλλ’

792 3519 904 3558 non
964 3503 1294 3573 potuissent,
1352 3501 1457 3555 nisi
1497 3499 1722 3553 historia
1762 3513 1858 3552 eos
1890 3498 1958 3553 ab
1988 3497 2206 3552 interitu
2244 3497 2363 3549 vin-

2465 3487 2541 3550 ὡς
2573 3487 2788 3555 ἀληθῶς
2815 3488 3002 3559 τρόπῳ
3033 3487 3136 3539 τινὶ
3180 3485 3310 3557 θείῳ
3336 3503 3396 3538 τε
3425 3486 3521 3538 καὶ
3559 3486 3835 3555 ἀθανάτῳ,
3866 3487 3966 3537 καὶ
4003 3478 4046 3550 ᾧ

791 3596 1009 3649 dicante
1067 3602 1229 3662 atque
1282 3592 1620 3647 immortales
1673 3591 1984 3656 eiiiciente;
2029 3603 2136 3643 non
2171 3599 2228 3642 ut
2260 3586 2366 3641 Za-

795 3686 1052 3742 molxidis
1079 3685 1322 3739 instituta
1351 3695 1405 3739 et
1446 3683 1630 3739 Getica
1669 3683 2042 3746 deliramenta,
2101 3680 2194 3735 sed
2243 3695 2367 3734 vere

793 3789 851 3834 et
881 3777 1042 3832 modo
1073 3778 1310 3847 quodam
1341 3776 1525 3829 divino
1559 3787 1721 3844 atque
1785 3773 2102 3832 immortali,
2148 3785 2368 3840 quoque

795 3868 915 3926 solo
976 3868 1220 3922 mortalia
1280 3868 1396 3922 haec
1449 3866 1759 3937 perpetuari
1789 3872 2036 3935 possunt.
2072 3862 2366 3932 Haudqua-

797 3975 960 4030 quam
1027 3960 1188 4031 igitur
1237 3959 1392 4015 facile
1442 3959 1604 4013 fuerit
1650 3958 1896 4012 oratione
1923 3957 2169 4026 persequi
2203 3965 2367 4024 atque

794 4071 1115 4111 enumerare
1141 4056 1322 4110 omnia
1353 4055 1553 4124 quibus
1591 4053 1815 4108 historia
1844 4053 2139 4106 humanam
2199 4051 2365 4105 vitam

795 4149 1006 4219 expleat
1040 4148 1201 4203 bona.
1231 4145 1302 4203 Ut
1326 4163 1455 4201 vero
1495 4147 1809 4203 summatim
1859 4145 2060 4208 dicam,
2110 4143 2364 4213 equidem

797 4241 942 4297 civili
975 4240 1316 4310 philosophia
1356 4255 1474 4294 eam
1516 4255 1624 4292 non
1659 4238 1968 4292 inferiorem
2013 4237 2318 4291 censuerim
2349 4252 2365 4301 ;

760 4394 765 4402 ,
799 4332 906 4408 nisi
928 4333 1090 4387 etiam
1133 4331 1256 4399 plus
1279 4329 1418 4388 forte
1449 4330 1697 4384 utilitatis
1724 4329 1995 4382 conferat.
2052 4325 2176 4381 Ilaec
2219 4325 2366 4380 enim

798 4425 964 4480 veluti
1009 4441 1198 4480 severa
1244 4424 1488 4494 quaedam
1542 4421 1871 4490 minimeque
1911 4419 2104 4473 blanda
2146 4418 2369 4472 domina

795 4518 952 4589 jubet
974 4532 1038 4571 ac
1060 4515 1360 4581 praescribit
1391 4531 1512 4583 qua:
1535 4514 1708 4581 Sequi,
1740 4527 1862 4580 qua!
1893 4509 2077 4580 fugere
2101 4518 2369 4580 oporteat,

801 4605 1152 4664 suasionibus
1179 4607 1292 4658 suis
1320 4604 1424 4656 vim
1458 4602 1862 4672 quodammodo
1885 4601 2372 4668 necessitatemque

800 4697 1209 4754 commisceus:
1249 4695 1362 4749 haec
1422 4709 1568 4765 vero,
1631 4691 2047 4746 oblectamentis
2124 4689 2372 4759 plurimis

2470 3580 2615 3650 μόνῳ
2642 3578 2864 3632 δύναται
2891 3579 2962 3631 τὰ
2991 3578 3161 3648 θνητά
3195 3583 3251 3642 ἐς
3288 3579 3374 3632 ἀεὶ
3405 3579 3778 3633 διαδιώσκειν.
3820 3579 4040 3648 Ῥᾴδιον

2472 3673 2570 3741 μὲν
2601 3666 2694 3724 οὖν
2722 3672 2922 3741 ἥκιστα
2966 3670 3032 3724 ἂν
3056 3669 3142 3738 εἴη
3174 3670 3390 3723 ᾶπαντα
3415 3669 3668 3735 διεξιέναι
3713 3671 3810 3720 καὶ
3833 3670 4040 3737 ἀπαρι-

2469 3763 2744 3833 θμεῖσθαι,
2783 3762 2996 3814 ὁπόσων
3028 3761 3247 3830 ἀγαθῶν
3279 3765 3313 3831 ή
3362 3761 3572 3830 ἱστορία
3597 3760 3690 3812 τὸν
3733 3759 3850 3828 βίον
3883 3760 4047 3829 ἐμπί-

2469 3859 2635 3928 πλησι
2661 3857 2750 3910 τὸν
2789 3855 3125 3926 ἀνθρώπειον
3156 3872 3172 3888 ο
3199 3855 3276 3919 ὡς
3305 3855 3362 3908 δὲ
3403 3853 3704 3924 συλλήϐδην
3734 3855 3938 3915 εἰπεῖν,
3967 3850 4045 3906 οἷ-

2471 3951 2567 4022 μαί
2611 3967 2674 4019 γε
2721 3949 2888 4019 αὐτὴν
2945 3947 3261 4016 φιλοσοφίας
3315 3947 3416 4016 τῆς
3457 3946 3742 4016 πολιτικῆς
3788 3946 3852 3998 ού
3901 3946 4049 4014 μάλα

2473 4041 2917 4114 μειονεκτεῖσθαι,
2937 4043 2984 4094 εί
3021 4042 3094 4112 μή
3117 4059 3168 4093 τι
3199 4040 3292 4093 καὶ
3327 4039 3526 4109 μᾶλλον
3557 4038 3822 4106 ὀνίνησιν.
3852 4038 3924 4090 Ἢ
3951 4039 4049 4106 μὲν

2468 4138 2596 4206 γὰρ,
2627 4137 2714 4189 οἷα
2749 4152 2833 4198 τις
2856 4133 3135 4202 ἀστεμςῑὴς
3160 4132 3419 4185 δέσποινα
3457 4133 3553 4184 καὶ
3577 4129 3924 4192 ἀθώπευτος,
3955 4147 4048 4180 κε·-

2469 4228 2614 4280 λεύει
2646 4227 2740 4280 καὶ
2781 4225 3052 4278 διαταττει
3089 4222 3172 4295 [P.
3223 4221 3303 4294 3],
3334 4223 3534 4276 ὁποίων
3576 4238 3637 4274 τε
3682 4221 3908 4290 ἔχεσθαι
3955 4220 4051 4274 καὶ

2469 4322 2628 4374 ὁποῖα
2654 4317 2965 4386 διαφεύγειν
2994 4316 3259 4385 προσήκει
3300 4355 3316 4376 ,
3347 4313 3536 4384 ὥσπερ
3563 4313 3642 4384 τῷ
3676 4314 3923 4366 πείθοντι
3949 4332 4050 4368 και

2469 4407 2779 4480 ταμιγνύσα
2804 4407 2864 4459 τὸ
2887 4405 3192 4473 ἀναγκάζον
3213 4420 3228 4435 ·
3263 4406 3298 4472 ή
3321 4404 3380 4456 δὲ
3416 4404 3497 4473 τῷ
3525 4404 3774 4472 θέλγοντι
3806 4404 4050 4472 πλείστῳ

2470 4501 2727 4572 χρωμένη
2774 4500 2866 4552 καὶ
2898 4493 3006 4551 οἷον
3048 4497 3430 4568 καρυκεύουσα
3470 4499 3567 4562 τὰς
3597 4499 3949 4566 ἀπαγγελίας
3979 4502 4046 4568 τῇ

2473 4594 2716 4664 ποικιλίᾳ
2743 4593 2850 4646 τῶν
2890 4591 3376 4662 παραδειγμάτων,
3433 4593 3529 4644 καὶ
3561 4593 3890 4663 παριστῶσα
3916 4593 3940 4624 ⁸
3974 4592 4050 4660 τῷ

2473 4687 2635 4755 λόγῳ,
2677 4687 2736 4738 ἐν
2780 4680 2862 4748 οἷς
2892 4701 2950 4736 τε
2995 4683 3416 4752 εὐδοκιμήκασιν
3463 4682 3742 4752 ἄνθρωποι
3788 4683 4051 4754 εὐϐουλία

801 4801 984 4856 utens,
1021 4806 1085 4844 ac
1117 4789 1278 4843 veluti
1308 4789 1566 4843 condiens
1600 4795 1863 4856 praecepta
1895 4784 2155 4837 varietate
2187 4796 2366 4835 exmn-

2439 4777 2807 4871 ’χρησάμενοι
2832 4775 2925 4828 καὶ
2961 4773 3300 4844 δικαιοσύνῃ,
3339 4773 3436 4826 καὶ
3468 4773 3596 4826 ἔνθα
3623 4773 3930 4845 διήμαρτον
3957 4774 4050 4828 τοῦ

802 4884 1040 4952 plorum,
1105 4891 1159 4937 et
1215 4882 1284 4936 ob
1349 4880 1536 4934 oculos
1595 4892 1801 4947 ponens
1850 4875 2049 4946 quibus
2101 4874 2152 4927 in
2212 4873 2372 4926 rebus

804 4977 1055 5030 homines
1118 4973 1399 5042 prudentia
1455 4971 1776 5039 justitiaque
1833 4969 1915 5021 usi
1977 4966 2232 5035 praeclare
2259 4979 2370 5017 rem

806 5065 1094 5138 gesserint.
1145 5063 1344 5133 quibus
1401 5063 1562 5116 etiam
1630 5062 1683 5114 in
1734 5059 1918 5122 rebus,
1943 5057 2024 5111 vel
2053 5054 2221 5109 animi
2246 5068 2377 5107 con-

809 5158 976 5220 trario
1026 5156 1211 5225 aliquo
1260 5157 1344 5210 vel
1396 5151 1626 5208 fortuna:
1669 5153 1833 5208 ductu
1887 5158 2049 5216 atque
2077 5147 2315 5217 impulsu
2344 5161 2375 5199 a

2475 4871 2864 4941 προσήκοντος,
2893 4867 2926 4938 ἦ
2953 4867 3176 4937 γνώμης
3203 4867 3347 4930 τινὸς
3373 4868 3618 4930 ἐναντίας
3644 4867 3680 4935 ἢ
3708 4866 3881 4938 τύχης
3910 4871 4050 4939 ἡγη-

2476 4962 2739 5032 σαμένης,
2764 4959 3014 5014 λανθάνει
3038 4961 3157 5021 ταῖς
3179 4958 3374 5028 ψυχαῖς
3403 4960 3585 5029 ἠρέμα
3609 4959 3707 5022 τὰς
3733 4960 3941 5029 ἀρετὰς
3964 4964 4051 5013 ἐσ-

2476 5053 2776 5117 οικίζουσα.
2803 5051 2876 5105 Τὸ
2905 5052 3014 5122 γὰρ
3056 5051 3324 5121 προσηνὲς
3362 5050 3549 5114 αύταίς
3587 5051 3682 5104 καὶ
3729 5051 4049 5121 αὐθαίρετον

2482 5145 2682 5216 μᾶλλόν
2721 5160 2774 5196 τι
2816 5143 3084 5210 ἐμφύεται
3133 5141 3228 5194 καὶ
3263 5141 3601 5212 προσιζάνει.
3648 5141 3794 5209 Ἐγὼ
3829 5144 3932 5212 μὲν
3962 5139 4050 5197 οὖν

809 5259 960 5304 recto
988 5249 1312 5309 aberrarint,
1337 5247 1526 5302 leniter
1555 5263 1618 5300 ac
1643 5243 1854 5315 placide
1901 5242 2129 5295 virtutes
2177 5237 2366 5292 animi:

2479 5234 2652 5288 ταῦτα
2698 5235 2763 5286 ἐκ
2792 5231 3048 5284 πλείστου
3102 5231 3318 5284 σκοπῶν
3359 5249 3418 5284 τε
3450 5233 3542 5285 καὶ
3572 5232 4046 5301 διαλογιζόμενος,

809 5340 1072 5397 insinuat.
1123 5339 1324 5394 Blanda
1355 5339 1500 5392 enim
1563 5348 1618 5392 et
1660 5335 1954 5391 voluntatis
1988 5343 2185 5388 nostra:
2233 5332 2379 5386 arbi-

809 5434 920 5490 trio
943 5432 1304 5502 elcctionique
1333 5431 1579 5500 exposita
1624 5428 1835 5484 facilius
1858 5427 2057 5482 animis
2123 5424 2378 5480 humanis

811 5525 1109 5581 illabuntur
1149 5535 1310 5593 atque
1361 5524 1754 5578 adinurescuut.
1814 5520 1926 5586 Ego
1986 5521 2168 5588 itaque
2232 5517 2374 5570 hanc

2480 5323 2859 5394 ὑπεράγασθαι
2901 5323 3000 5393 μὲν
3042 5323 3242 5392 χρῆναι
3279 5323 3530 5394 ήγούμην
3570 5325 3664 5378 καὶ
3717 5327 3936 5389 κοινοὺς
3961 5327 4050 5378 ἀν-

2484 5420 2672 5488 υμνείν
2704 5415 2996 5486 εὐεργέτας
3019 5415 3144 5478 τοὺς
3169 5417 3383 5479 ὁπόσοις
3407 5417 3428 5446 ⁸
3466 5417 3568 5485 ἤδη
3601 5418 3658 5469 αἱ
3683 5416 3886 5470 τοιαίδε
3914 5434 4051 5489 πραο

2483 5511 2742 5583 γματεῖαι
2773 5507 3218 5579 διαπεπόνηνται.
3253 5508 3329 5561 Oti
3376 5509 3484 5580 μὴν
3518 5509 3885 5580 ἐγχειρητέα⁷
3933 5511 4050 5579 ἐμοὶ

885 5703 901 5734 ⁸
943 5700 1124 5768 μέντοι
1154 5697 1218 5752 R.
1295 5700 1315 5730 ⁵
1351 5697 1787 5768 συνεκτείνεσθαι
1815 5695 1904 5768 3.,
1935 5695 2133 5768 Interp.
2167 5693 2366 5762 extend:

2439 5691 2801 5768 συνεκτείνειν
2845 5689 2992 5768 vulg.
3020 5691 3232 5758 πέφυκε
3263 5689 3406 5754 vulg.
3445 5705 3484 5768 ν.
3503 5685 3898 5768 ἐφξλκυσρκδν
3928 5687 3981 5739 h.
4011 5687 4041 5739 Ι.

812 5783 867 5827 ct
895 5760 1093 5840 passim
1125 5769 1304 5823 addidi
1332 5783 1395 5821 ex
1433 5766 1496 5820 Β.
1572 5769 1593 5800 ³
1631 5769 1664 5834 ἦ
1695 5766 1948 5834 πατρίδος
1973 5766 2059 5829 IL,
2083 5760 2258 5832 ilntpr.
2295 5760 2366 5830 ρτ.

819 5841 1022 5898 testim
1061 5839 1148 5901 Β..
1171 5840 1485 5901 παριστάσα
1514 5839 1654 5901 vulg.
1733 5838 1755 5870 ⁸
1782 5837 2010 5900 ὁπόσους
2035 5835 2158 5890 Par.
2183 5836 2238 5889 αί
2268 5833 2366 5889 add

2439 5763 2621 5825 ταινία,
2663 5761 2808 5823 vnlg.
2839 5760 2870 5828 ἢ
2901 5761 2989 5811 καὶ
3025 5775 3170 5827 πατρ

2442 5835 2510 5899 L,
2536 5831 2812 5901 om.t'ulg.
2889 5831 2908 5861 ⁷
2942 5833 3146 5900 ἐγχειρ.

819 5839 1022 5898 tuon
1061 5839 1148 5907 8.,
1171 5840 1485 5913 παριστάσα
1514 5839 1654 5909 vulg.

3141 5775 3190 5827 ρ.
3269 5767 3287 5789 ⁸
3319 5755 3676 5826 ἀναῤῥωνῦσα
3716 5755 3775 5809 R.
3851 5757 3876 5788 ⁸
3910 5773 4047 5826 παρ·

2889 5831 2908 5861 ⁷
2942 5833 3146 5900 ἐγχειρ.
3184 5830 3291 5898 γὰρ
3321 5831 3443 5898 ἐμοὶ
3487 5828 3549 5879 li.
