4222 6448
209 404 340 466 1275

1367 400 1902 466 HISTORIARUM
1934 401 2164 466 LIBER
2189 405 2240 467 Ι.

3267 401 3410 466 1276

200 513 630 581 διεσπούδασται,
664 516 698 581 ἢ
736 515 894 586 μόνον
921 515 1160 571 ἐπαινεῖν
1186 532 1245 568 τε
1277 517 1370 570 καὶ
1394 518 1635 586 ,ἄγασθαι
1668 521 1760 574 καὶ
1786 519 1834 577 Α
1861 516 1867 572 1

1743 521 1760 572 ι
1786 519 1834 577 Α
1861 516 2142 572 historiam
2171 515 2390 588 quidem
2431 515 2668 572 scribere
2687 532 2748 572 sc
2769 517 3112 586 proﬁtentur,
3159 514 3410 586 titulique

203 607 403 678 πέραν
441 607 536 660 τοῦ
588 609 882 676 ἀναγκαίου
913 624 928 638 °
978 610 1103 673 τοὺς
1153 609 1209 662 δὲ
1261 609 1358 678 ήδη
1389 595 1752 679 ’τεθνηκότας,

203 698 372 751 ὁποῖοί
401 715 544 762 τινες
570 699 663 752 καὶ
691 698 980 768 ἐτύγχανον
1005 699 1176 765 ὄντες,
1215 701 1248 770 ἢ
1293 700 1582 763 κακίστους
1619 701 1754 754 ἁπο-

203 788 425 843 καλοῦσι
457 789 552 843 καὶ
591 789 659 842 τὰ
699 791 855 844 κοινὰ
896 790 1327 861 λυμηναμένους,
1374 791 1432 862 ἢ,
1475 792 1535 844 τὸ
1564 791 1694 858 γοῦν
1709 791 1754 824 ⁸⁸

203 881 420 934 ἔλαττον
436 881 627 944 δεινὸν,
658 880 1110 952 κατολιγωροῦσιν
1133 881 1332 944 αὐτῶν,
1358 883 1434 945 ὡς
1457 883 1590 952 μηδέ
1619 883 1755 953 μνή-

204 991 313 1044 μης
333 974 476 1038 τινὸς
507 975 871 1045 μεταδιδόναι·
905 975 1078 1046 ταύτῃ
1109 991 1169 1027 τε
1193 975 1394 1028 οἴονται
1416 973 1484 1028 τὰ
1511 975 1754 1042 παρόντα

201 1062 264 1120 εὖ
291 1066 496 1121 τιθέναι
532 1068 628 1121 καὶ
663 1068 725 1120 τὸ
753 1068 840 1120 ἀεὶ
868 1066 1100 1138 κρατοῦν
1131 1066 1588 1136 ἐκθεραπεύοντες
1611 1066 1755 1134 ὠφέ-

201 1157 354 1209 λειαν
390 1157 540 1226 σφίσι
581 1156 917 1230 πορίζεσθαι,
955 1156 1138 1217 κακῶς
1165 1157 1518 1227 ἐπιστάμενοι
1549 1157 1624 1221 ὡς
1662 1159 1758 1211 καὶ

200 1250 402 1314 αὐτοὺς
445 1249 616 1321 δήπου
658 1252 785 1312 τοὺς
828 1250 965 1320 πρὸς
1011 1249 1190 1302 αὐτῶν
1225 1249 1648 1319 ἐπαινουμένους
1693 1249 1754 1303 οὐ

203 1341 351 1408 μάλα
380 1342 447 1396 τὰ
465 1343 640 1396 τοιάδε
670 1343 915 1408 ἀρέσκει,
943 1340 1338 1411 λογιζομένους,
1365 1342 1441 1406 ὡς
1459 1343 1556 1413 οὐχ
1578 1343 1758 1398 ἱκανὸν

201 1431 356 1483 ἔσται
388 1431 449 1484 τὸ
493 1433 593 1501 τῆς
635 1431 921 1496 κολακείας
970 1431 1224 1504 ἀρίδηλον
1268 1432 1369 1504 τὴν
1406 1432 1536 1505 ιλιιτερλ⁸
1579 1433 1758 1488 αὐτῶν

198 1522 358 1588 δόξαν
389 1523 698 1593 βεϐαιῶσαι.
733 1518 888 1579 Οὗτοι
920 1524 1019 1596 μὲν
1049 1520 1142 1578 οὖν
1171 1522 1658 1596 ξυγγραφόντωνδτ,
1682 1525 1758 1591 ὥς

199 1631 279 1683 πη
310 1615 462 1682 φίλον
490 1616 672 1680 αὐτοῖς
715 1617 810 1670 καὶ
857 1615 1186 1686 εἰθισμένον,
1231 1617 1356 1688 ἐμοὶ
1386 1617 1444 1670 δὲ
1475 1616 1538 1671 τὸ
1573 1618 1758 1688 ἀληθί-

200 1705 391 1768 ζεσθαι
419 1707 546 1778 περὶ
580 1707 830 1761 πλείστου
856 1706 1061 1770 ἑκτέον,
1088 1708 1146 1770 ἐς
1167 1708 1196 1761 ὃ
1224 1725 1278 1762 τι
1304 1708 1541 1779 χωρήσει
1559 1708 1626 1764 ⁸³.
1643 1709 1758 1763 Ms-

1853 611 2143 680 promissio
2192 610 2296 665 hoc
2344 625 2462 680 pra:
2517 624 2578 665 se
2627 609 2776 674 fert;
2849 607 3177 677 experientia
3233 615 3413 660 tamen

1853 704 1969 773 ipsa
2031 702 2272 757 historiae
2326 702 2738 772 appellationem
2802 701 3051 755 fucantes
3105 700 3411 769 deprehen-

1853 795 2074 849 duntur.
2103 795 2208 849 Eos
2229 793 2372 848 enim
2417 793 2511 863 qui
2574 793 2750 847 adhuc
2810 794 2865 846 in
2914 791 3052 845 vivis
3098 799 3241 856 sunt,
3295 789 3411 843 sive

1853 901 2007 956 reges
2034 886 2146 940 sive
2173 885 2373 954 alioqui
2405 885 2551 940 viros
2576 884 2832 947 illustres,
2872 899 2980 936 non
3033 882 3207 937 solum
3257 896 3415 937 com-

1855 977 2243 1049 memoratione
2263 989 2442 1030 rerutn
2467 983 2740 1043 gestarum
2763 973 3001 1036 laudant,
3036 974 3093 1025 in
3146 986 3255 1039 quo
3299 986 3410 1024 non

1853 1066 2015 1121 nimis
2031 1072 2346 1134 peccarent:
2376 1065 2467 1119 sed
2500 1064 2752 1118 omnibus
2776 1062 3130 1130 conspicuum
3180 1059 3407 1119 faciunt,

1854 1158 1989 1213 nihil
2045 1157 2192 1210 aliud
2237 1156 2385 1226 ipsos
2436 1169 2652 1224 operam
2711 1153 2946 1216 dedisse.
2989 1167 3150 1220 quam
3181 1160 3237 1205 ut
3255 1149 3411 1203 laude

1854 1248 2312 1319 admirationeque
2358 1261 2498 1316 quos
2554 1245 2740 1299 volunt
2786 1249 3203 1313 prosequantur,
3269 1240 3411 1294 ultra

1854 1355 2016 1410 quam
2044 1354 2140 1409 par
2169 1348 2293 1394 est:
2327 1351 2420 1393 eos
2444 1351 2572 1390 vero
2615 1335 2708 1404 qui
2770 1334 2880 1404 jam
2929 1350 2960 1388 e
3018 1332 3150 1385 vivis
3222 1346 3413 1386 exces-

1855 1440 2060 1496 serunt,
2088 1430 2489 1501 qualescunque
2511 1427 2750 1491 fuerunt,
2781 1435 2875 1479 aut
2903 1425 3168 1494 pessimos
3216 1430 3407 1477 vocan'

1854 1530 1905 1577 et
1930 1537 2108 1578 rerum
2148 1519 2482 1590 publicarum
2518 1525 2857 1582 vastatores;
2904 1525 2998 1570 aut
3037 1518 3056 1585 (
3103 1513 3247 1584 quod
3308 1513 3417 1566 uti-

1855 1627 1961 1682 que
1987 1612 2167 1666 minus
2189 1625 2350 1680 grave
2375 1617 2460 1665 est
2487 1607 2530 1678 ),
2557 1610 2629 1663 ita
2651 1624 2745 1664 eos
2796 1616 3172 1670 contemnunt,
3237 1614 3295 1658 ut
3343 1618 3414 1658 ne

1857 1704 2121 1759 memoria
2150 1702 2366 1771 quidem
2399 1701 2504 1755 ulla
2567 1699 2876 1769 dignentur.
2931 1698 3105 1767 Atque
3156 1696 3230 1749 ita
3291 1708 3414 1749 sese

204 1799 480 1868 μνήσομαι
507 1799 564 1853 δὲ
611 1800 720 1853 τῶν
762 1801 864 1854 ὅσα
893 1801 1044 1871 παρά
1089 1818 1149 1855 τε
1189 1800 1482 1870 Ῥωμαίοις
1524 1801 1618 1854 καὶ
1649 1800 1759 1853 τῶν
1788 1812 1871 1871 ,ιι

1745 1817 1759 1852 ο
1788 1848 1830 1871 η
1857 1811 1970 1850 rem
2024 1803 2341 1865 praesentem
2397 1792 2598 1862 optime
2650 1805 2871 1846 curasse
2897 1791 3232 1851 existimant,
3267 1802 3412 1843 sent-

201 1889 493 1960 βαρὸἁρων
520 1893 631 1954 τοῖς
657 1890 923 1955 πλείστοις
947 1893 1006 1956 ἐς
1029 1893 1145 1946 τόδε
1173 1891 1267 1946 τοῦ
1293 1893 1483 1964 καιροῦ
1512 1894 1756 1965 ἐπράχθη
1787 1881 1832 1908 υ
1859 1906 1868 1960 |

1745 1912 1756 1965 ι
1787 1881 1832 1908 υ
1859 1903 2058 1960 perque
2087 1885 2478 1958 potentioribus
2501 1893 2842 1938 assentantes
2867 1883 3088 1952 privatis
3115 1881 3229 1935 suis
3271 1895 3412 1934 com-

199 1981 567 2053 ἀξιαφήγητα,
588 1984 648 2038 οὺ
672 1984 829 2055 μόνον
849 1985 951 2038 ὑπὸ
973 1986 1178 2057 ἀνδρῶν
1200 1985 1279 2040 ἔτι
1306 1985 1560 2056 βιούντων
1577 1987 1757 2058 τυχὸν,

201 2071 406 2140 μᾶλλον
455 2075 554 2146 μὲν
597 2072 690 2130 οὖν
712 2078 760 2110 δ’
801 2077 893 2131 καὶ
934 2077 1042 2133 τῶν
1081 2077 1179 2150 ἥδη
1219 2079 1619 2150 ἀποιχομένων,
1665 2081 1760 2134 καὶ

197 2165 438 2219 οὐδενότι
474 2169 701 2240 παρήσω
729 2168 836 2222 τῶν
871 2171 1028 2240 λόγου
1061 2171 1247 2236 ἀξίων.
1281 2171 1568 2241 Τοιγάρτοι
1593 2173 1643 2226 εἰ
1666 2172 1760 2226 καὶ

199 2254 278 2324 μὴ
314 2256 574 2328 πρότερον
621 2258 680 2320 ἐς
722 2258 784 2311 τὸ
815 2257 1146 2330 ξυγγράφειν
1189 2258 1495 2330 προῆγμαι,
1534 2257 1568 2329 ἢ
1600 2257 1757 2328 μόνον

195 2348 258 2413 ἐξ
278 2349 403 2402 ὅτου
431 2351 712 2415 ’1ουστίνος
732 2352 760 2404 ὁ
781 2349 898 2413 νέος
913 2352 962 2383 ⁸⁸
981 2351 1081 2421 τὴν
1103 2351 1474 2422 αὐτοκράτορα
1496 2351 1758 2422 μετῆλθεν

196 2439 396 2508 ἀρχὴν,
432 2441 808 2495 Ἰουστινιανοῦ
829 2442 1168 2513 τεθνηκότος,
1203 2441 1319 2495 ἀλλ’
1347 2442 1520 2511 ἔγωγε
1549 2443 1642 2496 καὶ
1666 2445 1758 2496 ἐπὶ

194 2531 326 2593 τοὺς
370 2531 625 2602 ἀνωτέρω
674 2532 898 2602 χρόνους
947 2532 1398 2604 ἀναδραμοῦμαι,
1446 2534 1540 2587 καὶ
1586 2533 1759 2590 ὁπόσα

193 2620 353 2674 οὔπω
394 2623 564 2694 ἐτέρῳ
612 2624 748 2694 τῳ⁸¹
799 2624 1196 2693 ἐκπεπόνηται,
1248 2624 1422 2679 ταῦτα
1464 2625 1521 2678 δὲ
1563 2627 1758 2680 οἰκεῖον

195 2712 497 2781 ποιήσομαι
543 2712 721 2783 ἔργον.
775 2714 857 2768 Τὰ
908 2715 1006 2784 μὲν
1034 2713 1144 2785 γάρ
1188 2713 1413 2768 πλείστα
1461 2714 1568 2769 τῶν
1617 2716 1759 2770 κατά

193 2803 326 2866 τοὺς
377 2803 750 2856 Ἰουστινιανοῦ
807 2803 1030 2874 χρόνους
1089 2805 1507 2876 γεγενημένων,
1572 2807 1758 2880 ἐπειδὴ

193 2894 492 2964 Προκοπιῳ
515 2893 649 2965 tif)"
684 2895 871 2966 ῥήτορι
897 2895 974 2966 τῷ
1002 2896 1401 2966 Καισαρείαθεν
1425 2897 1484 2960 ἐς
1510 2896 1569 2951 τὺ
1599 2898 1756 2969 ἀκρι-

1858 1983 2032 2038 modis
2064 1979 2402 2036 consuluisse
2433 1995 2450 2046 ;
2484 1993 2588 2032 non
2643 1976 2774 2032 satis
2822 1976 3206 2044 intelligentes,
3264 1973 3412 2043 quod

1857 2091 1927 2132 ne
1975 2075 2105 2144 ipsis
2151 2073 2367 2144 quidem
2421 2086 2559 2142 quos
2604 2069 2855 2125 laudibus
2906 2070 3243 2131 extulerunt,
3299 2069 3412 2122 haec

1856 2167 1984 2224 talia
2010 2166 2296 2221 admodum
2329 2164 2603 2235 placeant;
2649 2159 3019 2232 reputantibus
3041 2159 3263 2223 scilicet,
3297 2174 3416 2212 ma—

1857 2260 2108 2316 nifestam
2143 2257 2358 2312 illorum
2387 2255 2749 2310 adulationem
2795 2267 2985 2324 parum
3025 2253 3238 2306 lirmum
3292 2264 3414 2305 esse

1856 2352 2044 2423 gloriae
2075 2348 2598 2418 existimationisque
2666 2347 2906 2416 ipsorum
2964 2343 3416 2399 stabilimentum.

1864 2445 2115 2501 Scribant
2139 2443 2322 2512 itaque
2345 2441 2399 2495 hi
2430 2456 2526 2511 pro
2555 2454 2652 2495 sua
2685 2437 2908 2492 libidine
2930 2445 2986 2492 et
3039 2451 3187 2491 more
3212 2453 3227 2500 ;
3282 2435 3413 2489 mihi

1860 2539 2022 2591 lixum
2073 2543 2159 2588 est
2207 2532 2507 2594 veritatem,
2553 2527 2731 2599 quoad
2785 2527 2905 2596 ejus
2932 2527 3047 2583 lieri
3095 2525 3279 2596 possit,
3311 2527 3410 2594 ιι

1858 2627 2028 2698 sequi.
2060 2626 2358 2694 Persequar
2401 2630 2581 2676 autem
2662 2633 2996 2689 quaecunque
3047 2617 3416 2672 memorabilia

1861 2730 1970 2776 tam
2003 2735 2032 2774 a
2066 2717 2328 2772 Romanis
2361 2729 2525 2785 quam
2564 2712 2812 2766 barbaris
2854 2710 3102 2780 plurimis
3131 2710 3230 2763 hac
3283 2719 3418 2762 tem-

1857 2821 2063 2882 pestate
2088 2816 2216 2863 sunt
2244 2816 2413 2878 gesta,
2459 2821 2564 2860 non
2596 2818 2783 2858 eorum
2843 2812 3048 2856 tantum
3107 2801 3199 2870 qui
3239 2801 3419 2854 adhuc

1859 2903 2088 2959 fortasse
2126 2902 2334 2964 vivunt,
2383 2899 2494 2952 imo
2542 2910 2672 2951 vero
2701 2893 2874 2964 magis
2895 2894 3057 2948 etiam
3092 2907 3277 2947 eorum
3322 2891 3420 2960 qui

193 2984 292 3048 ϐὲς
330 2986 765 3057 ἀναγέγραπται.
807 2987 1062 3057 παριτέον
1095 2989 1280 3043 ἐκεῖνα
1311 2988 1521 3059 ἔμοιγε,
1565 2990 1661 3045 ἀτε
1691 2992 1756 3064 δή
1853 2999 1860 3065 ξ

1752 3017 1756 3064 ι
1853 2995 1965 3066 jam
1995 2995 2382 3058 decesserunt;
2431 2988 2676 3057 nihilque
2708 3002 2774 3041 cx
2806 2986 2896 3051 iis,
2945 3000 3066 3055 quae
3116 2992 3419 3037 memoratu

190 3075 562 3146 ἀποχρώντως
586 3079 851 3149 εἰρημένα
873 3094 890 3109 ο
931 3077 1015 3150 [Ρ.
1043 3078 1099 3151 8]
1123 3079 1192 3134 τὰ
1215 3079 1271 3133 δὲ
1295 3082 1410 3150 μετ’
1430 3081 1654 3148 ἐκεῖνον,
1681 3081 1756 3146 ὼς

1751 3099 1756 3142 :
1858 3087 2020 3156 digna
2046 3086 2385 3147 videbuntur,
2415 3081 2683 3137 omittam.
2743 3078 3010 3145 Quocirca
3055 3077 3268 3130 tametsi
3313 3090 3418 3129 non

192 3161 310 3222 οἷόν
337 3185 418 3232 τε,
446 3167 720 3234 διεξιτέον.
759 3171 1024 3242 Προοίμια
1059 3170 1160 3242 μὲν
1184 3170 1290 3243 γὰρ
1318 3171 1465 3241 αὑτῷ
1489 3171 1587 3242 τῆς
1615 3174 1752 3226 ἰστο⁹
1781 3176 1828 3237 C
1858 3199 1859 3204 η

1751 3205 1752 3209 η
1781 3176 1828 3237 C
1858 3182 2008 3252 prius
2038 3181 2103 3234 ad
2126 3176 2462 3233 scribendam
2505 3173 2786 3227 historiam
2837 3185 2924 3224 me
2985 3167 3209 3232 contuli,
3253 3182 3418 3238 quam

194 3262 324 3324 ρίας
375 3262 654 3333 Ἀρκάδιος
689 3263 950 3325 ἅποὸιοὺς
982 3263 1234 3337 ἐποιήθη,
1287 3266 1381 3319 καὶ
1421 3265 1499 3336 τῷ
1551 3265 1759 3319 ἐκείνου
1860 3307 1861 3316 η

1754 3285 1759 3314 ι
1860 3288 1925 3328 ex
1960 3286 2067 3340 quo
2091 3279 2333 3338 tempore
2355 3264 2602 3322 Justinus
2650 3262 2830 3333 iunior
2883 3262 2949 3316 ad
2995 3260 3277 3324 imperium
3326 3275 3421 3313 ac-

194 3353 351 3406 παιδὶ
401 3354 736 3426 Θεοδοσίῳ⁸³
789 3355 1114 3427 Ἰσδιγέρδης
1161 3358 1190 3409 ὁ
1239 3356 1463 3428 Περσῶν
1515 3355 1762 3427 βασιλεὺς
1860 3397 1861 3404 η

1755 3375 1762 3418 :
1860 3365 2042 3425 cessit,
2105 3369 2320 3414 mortuo
2379 3355 2723 3411 Justiniano:
2777 3353 2843 3408 ad
2893 3351 3172 3421 superiora
3238 3360 3422 3405 tamen

191 3444 449 3515 κηδεμὼν
511 3448 910 3519 γεγενημένος,
971 3448 1040 3503 τά
1095 3465 1156 3501 τε
1215 3449 1542 3522 Οὑαραράνῃ
1565 3448 1610 3481 ⁸³
1668 3449 1762 3503 καὶ

1754 3467 1762 3502 ι
1859 3454 2021 3509 etiam
2047 3459 2286 3518 tempora
2317 3461 2622 3512 recurrant;
2667 3454 2721 3500 et
2774 3458 3112 3514 quaecunque
3141 3457 3170 3495 a
3205 3440 3421 3494 nemine

195 3538 420 3612 Περόζῃ
454 3539 856 3611 ξυνενεχθέντα,
889 3541 982 3594 καὶ
1025 3541 1173 3605 ὅπως
1219 3542 1474 3612 Κιὸἀδης
1515 3540 1762 3612 βασιλεὺς
1861 3586 1862 3593 η

1756 3559 1762 3601 :
1861 3545 2039 3600 adhuc
2081 3543 2188 3597 alio
2241 3550 2368 3595 sunt
2423 3539 2718 3601 elaborata,
2774 3536 2906 3591 mihi
2955 3534 3261 3599 vindicabo,
3297 3548 3423 3602 pro-

196 3633 481 3697 καταστάς
509 3632 784 3704 ἀφῄρηται
818 3635 917 3705 τήν
940 3634 1114 3705 ἀρχὴν
1136 3635 1229 3688 καὶ
1250 3632 1366 3696 εἶτα
1387 3635 1578 3688 θᾶττον
1596 3634 1761 3704 αὐτὴν

1756 3651 1761 3677 ν
1863 3635 2147 3708 priumque
2201 3646 2335 3702 opus
2396 3628 2644 3685 eﬂiciam.
2674 3625 2937 3696 Pleraque
2961 3626 3103 3680 enim
3133 3622 3423 3678 Justiniani

189 3723 583 3794 ἀνεκομίσατο,
631 3725 777 3787 ὅπως
820 3742 879 3777 τε
924 3725 1128 3795 Ἀμιδα
1145 3725 1190 3757 ⁸⁵
1234 3725 1347 3794 ἥλω
1395 3725 1530 3796 πρὸς
1574 3724 1758 3789 αὐτοῦ,

1753 3764 1758 3786 ι
1863 3723 2192 3796 temporibus
2218 3729 2364 3792 gesta
2389 3735 2510 3774 cum
2537 3717 2834 3786 Procopius
2898 3712 3247 3769 Caesariensis
3294 3711 3420 3764 rhe-

207 3814 562 3867 Ἀναστασίου
595 3815 880 3885 Ῥωμαίων
901 3813 1294 3885 βασιλεύοντος,
1315 3815 1409 3868 καὶ
1430 3816 1588 3879 ὅσους
1609 3811 1763 3879 αὖθις
1862 3828 1874 3872 1

1756 3833 1763 3877 :
1862 3828 1947 3872 tor
1971 3823 2220 3870 accurate
2245 3810 2649 3881 conscripserit,
2686 3808 2815 3862 mihi
2860 3805 3230 3878 prmterennda
3274 3803 3423 3871 judi-

197 3904 324 3974 μετ’
349 3905 553 3958 ἐκεῖνον
584 3905 868 3967 Ἰουστῖνος
893 3905 922 3957 ὁ
946 3905 1255 3976 πρεσϐύτης
1282 3905 1340 3957 ἐν
1361 3904 1494 3975 τῷδε
1519 3903 1596 3975 τῷ
1618 3905 1764 3976 ἔργῳ
1861 3938 1864 3955 ι

1755 3923 1764 3956 ι
1861 3909 2000 3975 cavi,
2031 3917 2090 3961 ut
2135 3905 2290 3976 plene
2310 3903 2440 3960 satis
2480 3909 2746 3967 tractata;
2777 3913 2897 3970 qua:
2924 3912 3052 3952 vero
3101 3905 3224 3964 post
3271 3896 3422 3948 illum

190 3991 465 4057 διεδέξατο
492 3994 708 4058 πόνους.
744 3993 900 4064 Ἑξῆς
929 3994 985 4047 δὲ
1007 3995 1132 4058 τοὺς
1161 3995 1461 4064 Περσικοὺς
1491 3993 1764 4064 πολέμους

1755 4011 1764 4056 ῖ
1863 4002 2192 4064 acciderunt,
2256 4012 2352 4067 pro
2399 3995 2540 4050 virili
2597 3988 2985 4064 persequenda.
3059 3988 3229 4043 Orsus
3274 3988 3422 4042 enim

190 4083 387 4136 ὀπόσοι
430 4083 494 4154 δὴ
537 4085 674 4155 πρός
712 4101 770 4136 τε
814 4083 1070 4154 Καϐἀδην
1097 4085 1192 4138 καὶ
1219 4083 1467 4155 Χοσρόην
1497 4084 1639 4154 ἀμφὶ
1664 4085 1765 4136 Συ-

193 4176 327 4246 ρίαν
354 4177 446 4230 καὶ
491 4177 801 4247 Ἀρμενίαν,
844 4176 938 4230 καὶ
968 4175 1067 4246 μέν
1092 4175 1156 4246 δὴ
1192 4176 1287 4230 καὶ
1328 4176 1396 4228 τὰ
1424 4174 1615 4240 Λαζῶν
1641 4175 1763 4244 ὅρια

205 4266 569 4338 Ἰουστινιανῷ
598 4267 678 4339 τῷ
723 4267 1008 4337 Ῥωμαίων
1053 4267 1414 4338 αὐτοκράτορι
1446 4265 1764 4320 διαπεπολέ-

195 4377 426 4434 μηνται,
445 4362 664 4424 τούτους
689 4362 746 4416 δὲ
769 4362 1012 4424 ἅπαντας
1033 4362 1099 4413 ἐκ
1122 4359 1231 4413 τῶν
1259 4358 1564 4431 Προκοπίου
1593 4357 1765 4426 λόγων

191 4455 400 4527 ἄριστα
434 4455 501 4508 ἂν
533 4451 845 4523 διαγνοίης,
891 4451 1160 4522 Γελίμερά
1174 4451 1223 4483 ⁵⁸
1262 4467 1324 4504 τε
1363 4449 1454 4503 τὸν
1487 4449 1760 4516 Βανδίλον,

191 4547 297 4600 καὶ
330 4545 649 4616 Καρχηδόνα
677 4545 775 4617 τὴν
803 4543 976 4606 πόλιν,
1012 4542 1106 4596 καὶ
1134 4541 1233 4613 τὴν
1270 4541 1558 4611 ξύμπασαν
1581 4539 1763 4612 χώραν

189 4638 310 4691 τῶν
341 4637 561 4707 ’Ἄφρων
601 4636 709 4690 ἀπὸ
756 4634 1070 4704 Βονιφατίου
1111 4650 1170 4686 τε
1216 4634 1308 4686 καὶ
1343 4631 1632 4702 Γεζερίχου
1670 4631 1764 4684 καὶ

189 4729 299 4800 τῆς
328 4728 388 4780 ἐν
416 4728 496 4798 τῷ
520 4727 644 4781 τότε
672 4727 1024 4789 ἀποστάσεως
1057 4724 1268 4788 πολλοῖς
1299 4723 1524 4796 ὕστερον
1555 4723 1766 4794 χρόνοις

206 4819 574 4891 Ἰουστινιανῷ
608 4819 988 4883 δουλωϐεἷσαν,
1023 4819 1118 4873 καὶ
1144 4817 1308 4870 πάλιν
1337 4817 1435 4887 τῆς
1478 4815 1766 4886 Ῥωμαίων

192 4913 558 4983 ἐπικρατείας
593 4913 756 4984 μέρος
771 4912 816 4943 ⁸⁷
849 4910 1243 4981 γεγενημένην.
1272 4908 1425 4962 Μετὰ
1454 4905 1511 4960 δὲ
1533 4905 1634 4978 τήν
1657 4906 1766 4960 τῶν

194 5005 472 5064 Βανδίλων
516 5007 833 5065 κατάλυσιν.
883 5005 979 5060 καὶ
1020 5005 1122 5058 ὅσα
1170 5004 1222 5056 oi.
1269 4999 1660 5071 Μαυρούσιοι⁵⁸
1703 4997 1764 5053 τὸ

273 5253 479 5325 ’δπέρα

1793 4511 1840 4568 D

1862 4104 1946 4152 est
2005 4095 2093 4148 ille
2145 4091 2425 4148 historiam
2486 4104 2639 4144 suam
2699 4103 2728 4141 a
2773 4094 2944 4140 morte
2985 4082 3222 4146 Arcadii,
3259 4092 3425 4150 utque

1864 4189 1974 4245 ﬁlio
2015 4187 2160 4240 illius
2194 4177 2827 4249 Theodosio'lsdigerdes
2866 4183 3014 4229 tutor
3059 4172 3221 4227 fuerit
3268 4171 3422 4224 insti-

1865 4290 2033 4344 tutus,
2056 4287 2110 4333 et
2141 4278 2210 4331 ab
2239 4275 2305 4330 iis
2341 4288 2464 4343 quae
2503 4269 2795 4325 Vararanre
2846 4275 2901 4322 et
2949 4267 3161 4322 Peroza:
3212 4263 3424 4343 accide-

1863 4382 2008 4436 runt,
2033 4379 2087 4426 et
2112 4385 2222 4440 quo
2249 4376 2406 4438 pacto
2425 4363 2669 4420 Cabades
2700 4377 2792 4416 rex
2813 4367 3050 4421 creatus,
3081 4371 3245 4427 regno
3288 4370 3425 4409 exu-

1869 4475 1956 4521 tus
1983 4461 2144 4518 fuerit
2173 4459 2424 4526 idemque
2456 4465 2642 4524 postea
2681 4449 3032 4521 recuperarit,
3061 4456 3227 4518 utque
3274 4445 3424 4499 Anti-

1864 4559 1987 4615 dam
2027 4556 2129 4625 ipsi
2195 4548 2487 4608 Anastasio
2538 4544 2912 4601 Romanorum
2959 4542 3070 4612 regi
3125 4537 3422 4609 eripuerit;

1864 4655 2096 4721 quantos
2124 4658 2310 4700 rursus
2332 4649 2455 4712 post.
2474 4640 2620 4694 hunc
2645 4636 2890 4692 Justinus
2919 4635 3101 4688 senior
3127 4632 3253 4686 huic
3279 4629 3424 4698 Operi

1865 4719 2077 4797 labores
2101 4733 2439 4806 impenderit.
2469 4730 2815 4799 Persequitur
2845 4724 3038 4780 deinde
3093 4722 3232 4776 bella
3295 4719 3424 4774 Per-

1865 4834 2004 4899 sica,
2049 4834 2315 4900 quotquot
2365 4822 2624 4877 adversus
2670 4818 2941 4873 Cabadetn
3007 4823 3062 4870 et
3131 4812 3424 4866 Chosroem

1866 4927 2011 4984 circa
2058 4921 2268 4992 Syriam
2296 4914 2715 4983 Armeniamque
2751 4921 2803 4966 et
2835 4925 2928 4978 per
2981 4907 3242 4962 Lazorum
3291 4919 3424 4958 con-

1869 5020 1995 5076 ﬁnia
2041 5013 2384 5071 Justinianus
2458 5007 2828 5064 Romanorum
2886 5005 3180 5074 imperator
3237 4997 3422 5070 gessit.

507 5253 571 5309 ιι.
599 5254 794 5326 Lugd.,
814 5254 1112 5326 ὑπὲρ-οὐδ.
1150 5325 1153 5326 ν
1190 5254 1236 5285 ⁸⁸
1272 5255 1335 5308 τὸ
1365 5252 1496 5322 γοῦν
1523 5253 1616 5315 Β..
1638 5253 1753 5326 τόγ’
1799 5245 1891 5305 οὖν
1930 5247 2122 5318 Lugtl.,
2153 5265 2174 5300 τ

1799 5245 1891 5305 οὖν
1930 5247 2122 5318 Lugd.,
2153 5247 2276 5315 τόγε
2300 5238 2393 5299 οὗν
2439 5241 2575 5326 εδει.
2637 5238 2684 5270 ⁸⁷
2710 5225 3420 5326 ξυγγρὶάφρνξεςῆᾕςξεριξὶο

195 5328 250 5358 ιε
282 5296 1112 5396 salirai'L—"QZJQEJQC"uilli;
1145 5296 1334 5396 ιρευιὶἷ
1377 5296 1743 5396 amisss.
1769 5296 1855 5396 Δ«ἐξ

1871 5296 2694 5396 vcorfupiun'tresse.éé-hitror.
2720 5296 2889 5396 'lii‘ll'll
2932 5296 3064 5396 ’θρὶξ
3105 5296 3418 5396 alist'ti'nll”

195 5369 693 5464 imorcorruptiotfa
723 5381 738 5447 ἓ
765 5369 947 5450 έκτέον
988 5395 1107 5463 (sic)
1138 5390 1196 5447 εὖ
1225 5395 1306 5448 ὅτι
1339 5369 1862 5465 χῗΝυὶὶῗτζὲῥίπλέίε

1754 5369 2355 5465 πλείστου-ποῖηῖτέονέῦ
2387 5383 2548 5436 εἰδότι
2586 5379 2895 5465 suae)?“
2919 5369 3222 5465 xgopﬁalalti'r
3255 5369 3421 5465 Legg-

193 5471 406 5546 liantur
455 5438 582 5519 oli't’n
612 5468 854 5534 quaedam
886 5467 937 5519 in
971 5438 1213 5536 margine
1238 5465 1300 5518 li.
1329 5438 1518 5521 litteris
1543 5438 1818 5535 quadratis
1839 5463 2056 5529 scripta,
2083 5438 2203 5546 quae
2243 5438 2385 5546 nunc
2441 5467 2595 5546 eras-la
2621 5438 2777 5546 finit.
2808 5438 2818 5446 ⁷
2851 5446 2895 5477 δ’
2920 5438 3017 5546 δὲι
3045 5438 3417 5546 addidiexgnl'l.

224 5537 323 5546 -.
460 5537 481 5546 -
600 5537 716 5546 ..
852 5537 866 5546 .
1071 5535 1198 5546 ..
1346 5539 1356 5546 .
1599 5536 1703 5546 ..
2650 5534 2899 5546 --ην
3193 5527 3271 5546 η...
3392 5525 3417 5546 ρ

189 5539 248 5571 ⁸⁸
287 5536 619 5600 Ίουστῖνοςὸ
661 5537 820 5599 νέος..
850 5537 1015 5605 lntpr.
1055 5535 1297 5590 Justinus
1339 5539 1446 5604 ipse
1497 5548 1541 5588 et
1582 5536 1783 5603 junior.

2236 5509 2446 5588 δηνέος.
2543 5523 2586 5554 ⁵¹
2619 5520 2788 5591 ἑτέρῳ
2841 5534 2901 5591 τε
3115 5509 3274 5591 "ﬁt?
3298 5518 3425 5591 ante

192 5611 374 5662 Καισ.
401 5606 524 5659 add.
541 5578 615 5659 ἷικ
641 5605 706 5659 Β.
751 5578 828 5638 “‘3
858 5578 986 5662 r6§i
1001 5578 1859 5676 ’ΘεοδόσίῷῠηίΙἸΙῖ-Ἰιῖίιὶιίῖείνίιπρι

1663 5615 1715 5676 at,
1739 5603 1943 5676 imperii
1968 5578 2423 5676 procura'tionefn,’
2461 5594 2587 5676 scil;
2604 5578 2802 5676 ,καὶζτῇ
2827 5582 3128 5676 ..βασξιλείὲιζ

189 5679 326 5748 διἰςΔ
366 5677 456 5742 IL,
497 5676 712 5748 165117."
745 5679 890 5748 vulg.
960 5676 1009 5748 f"
1038 5667 1362 5748 υὺαραράνῃ
1387 5675 1475 5748 Ν.,
1499 5667 1848 5748 Οἷίδαρ.ἰ.6ᾁνῂΔ

745 5679 890 5748 vulg.
960 5676 1009 5748 f"
1038 5667 1362 5748 υὺαραράνῃ
1387 5675 1475 5748 Ν.,
1499 5667 2232 5748 Οὖαραθᾲνηῐίηυὺαράνῃ
2261 5667 2404 5748 vulg.

2478 5594 2579 5646 scil.
2612 5577 2802 5658 καῖέῇ
2857 5582 3120 5655 βασιλείᾳ.
3173 5577 3426 5700 166:7]?-

2478 5665 2524 5695 ⁵⁸
2565 5658 2788 5729 ’Λμιδον
2827 5657 2888 5709 Β.
2950 5655 3008 5729 -ξδ
3040 5650 3304 5729 ίέλίμερα
3384 5683 3425 5705 ..

2144 5670 2154 5684 ο

190 5716 635 5826 ῖξέξςμςρνγιςῑεξςξ
647 5716 659 5744 ι
675 5716 920 5826 satis.
939 5716 1850 5826 ll.,“.:.;ffr;iz;.;};a;_g;ima?32g

1984 5716 2232 5826 §:}E'ii'."
2266 5716 2448 5793 ii'i'iio
2471 5734 2519 5787 οί
2557 5716 2890 5798 Μαυρούσιοι
2950 5723 3012 5780 Β.
3044 5716 3203 5778 habet
3237 5716 3422 5788 οἶμαι.

195 5812 354 5874 Satis
385 5812 670 5873 \bl'lbllllilt:
689 5827 772 5874 est
795 5812 1077 5889 Agathiunt
1114 5812 1398 5892 scripsisSc
1423 5812 1502 5872 Ξοξ
1528 5819 1708 5889 Μαυρ.
1735 5812 1885 5885 οἶμαι
1910 5831 1960 5869 τ.
1991 5812 2038 5869 Ξ.
