4222 6448
207 379 338 440 ίὲἷε)

1384 380 1920 441 HISTORIARUM
1945 378 2175 439 LIBER
2214 378 2260 437 ἰ.

3307 379 3446 443 1280

198 493 250 521 η
437 493 449 506 .
518 500 521 503 .
582 494 621 508 υ
673 497 684 507 .
799 496 808 508 .
896 470 914 503 α
1198 494 1215 515 ,η
1456 494 1470 513 .

198 493 357 561 Λεσοη
383 510 395 522 ·
434 508 545 560 εγω
576 510 634 546 οε
669 512 726 557 ες
756 511 823 546 τα
860 494 1091 565 ἐχόμενα
1122 510 1346 557 τούτων,
1386 497 1451 561 ἐφ
1504 494 1647 564 ἆπερ
1672 492 1766 545 καὶ
1796 498 1836 551 Α

1796 498 1836 551 Α
1865 504 1972 560 que
2028 499 2240 545 sextum
2287 500 2342 543 et
2387 490 2704 543 vicesimum
2755 488 2905 558 regni
2972 487 3267 545 Justiniani
3316 505 3446 548 sunt

196 586 292 655 τὴν
321 587 496 657 ἀρχὴν
545 586 810 657 ὡρμήθην
865 588 1019 650 ἰέναι,
1073 586 1169 640 καὶ
1196 587 1261 657 δὴ
1295 584 1390 640 ἐπὶ
1414 585 1583 639 ταῦτα
1633 582 1770 656 εἶμι,

198 678 291 729 καὶ
316 677 380 748 δὴ
408 677 601 748 ἔχομαι
630 677 741 730 τών
774 679 1133 749 πραγμάτων.

1881 593 2051 652 gesta.
2091 587 2167 637 Ac
2194 583 2492 651 Procopius
2531 584 2748 652 quidem
2788 582 2843 635 iu
2900 581 3004 648 his,
3066 584 3143 637 uti
3188 584 3443 642 arbitror.

1882 675 2042 730 linem
2072 675 2309 730 historia:
2353 689 2466 730 sua:
2496 673 2643 729 facit.
2698 675 2811 744 Ego
2870 691 2997 729 vero
3050 676 3135 732 his
3201 678 3447 747 proxima

194 781 250 823 et
280 771 691 838 consequentia,
729 780 789 823 ut
843 771 1000 825 initio
1060 772 1193 826 mihi
1250 771 1590 841 propositum
1649 769 1774 833 fuit,
1807 782 2162 839 persequens,
2196 782 2286 821 res
2334 767 2481 838 ipsas
2519 767 2822 836 aggredior.

266 865 353 934 (A.
382 862 444 918 C.
474 862 601 928 552)
634 863 704 916 α’.
752 863 968 934 Ἐπειδὴ
992 864 1152 928 Τεῒας
1179 866 1207 918 ὁ
1234 864 1371 935 μετά
1399 864 1643 919 Τώτιλαν
1664 864 1774 917 τῶν

193 955 409 1008 Γὸτθων
442 955 669 1027 ἡγεμὼν
701 956 995 1021 καταστὰς,
1034 958 1505 1027 ἀνακαλεσάμενος
1558 956 1643 1029 [Ρ.
1681 954 1771 1027 ll]

194 1052 291 1115 τὰς
310 1052 357 1083 ⁷⁸
375 1049 635 1121 δυνάμεις
652 1050 743 1103 καὶ
759 1050 1014 1122 πόλεμον,
1036 1051 1297 1106 πανσυδεὶ
1316 1050 1453 1122 πρός
1468 1066 1527 1103 τε
1548 1048 1776 1120 Ναρσῆν

200 1142 296 1194 καὶ
324 1141 628 1212 Ῥωμαίους
646 1142 1106 1212 παραταξάμενος
1122 1142 1333 1213 ἡσσήοη
1347 1158 1406 1194 τε
1425 1140 1564 1194 κατὰ
1576 1140 1775 1211 κράτος

195 1229 291 1284 καὶ
316 1229 479 1283 αὐτοῦ
507 1229 758 1301 πολεμῶν
783 1230 1069 1303 διεφθάρη,
1097 1231 1231 1284 οἵτε
1250 1229 1643 1302 περισωθέντες
1665 1230 1771 1283 τῶν

194 1320 433 1384 Γότθων,
459 1320 797 1391 ἐγκειμένων
827 1320 980 1389 σφίσι
1022 1320 1308 1391 Ῥωμαίων
1337 1320 1433 1372 καὶ
1457 1319 1557 1372 οὐκ
1590 1318 1769 1370 ἀνιέν-

194 1426 327 1475 των,
353 1407 667 1479 πιεζόμενοι
697 1413 819 1474 ταῖς
850 1426 910 1463 τε
934 1411 1257 1482 ἐπιδρομαῖς
1285 1410 1382 1465 καὶ
1410 1410 1493 1463 ὅτι
1520 1411 1580 1463 ἐν
1608 1408 1771 1481 χώρῳ

192 1500 409 1572 ἀνύδρῳ
454 1500 751 1572 ἐτύγχανον
797 1499 1216 1572 ξυνειλεγμένοι,
1264 1500 1494 1564 σπονδὰς
1533 1500 1773 1554 τίθενται

1951 861 2004 918 l.
2043 858 2204 914 Teias
2235 858 2538 914 Gethorum
2566 869 2691 928 post
2712 858 2942 914 Totilam
2965 857 3098 926 dux,
3131 859 3451 918 instauratis

1879 951 2051 1022 copiis
2075 967 2199 1004 cum
2226 951 2424 1005 bellum
2450 952 2580 1007 totis
2601 950 2810 1006 viribus
2837 951 3049 1008 Narseti
3080 950 3450 1024 Romanisque

1880 1043 2174 1108 intulisset,
2211 1044 2409 1113 insigni
2452 1044 2604 1099 clade
2650 1053 2893 1114 accepta.
2941 1045 2995 1099 in
3046 1044 3163 1100 acie
3200 1046 3451 1115 przelians

1880 1136 2059 1204 periit.
2095 1135 2255 1190 Gothi
2288 1136 2382 1207 qui
2419 1147 2727 1204 evaserant,
2778 1135 3041 1192 Romanis
3093 1139 3304 1208 absque
3340 1138 3447 1193 ulla

1880 1228 2287 1284 intermissione
2309 1231 2781 1299 persequentibus,
2812 1229 2983 1300 pressi
3010 1231 3244 1287 assiduis
3272 1231 3449 1286 insul-

1878 1319 2024 1376 tibus
2071 1329 2122 1375 ct
2161 1320 2407 1376 siccitate
2451 1321 2713 1385 locorum,
2765 1323 2966 1393 inquas
3007 1336 3068 1377 se
3113 1331 3448 1392 receperant,

1875 1408 2026 1477 pacis
2056 1408 2397 1465 conditiones
2438 1424 2563 1464 cum
2605 1407 2829 1463 Narscte
2876 1410 3098 1475 ineunt;
3142 1417 3202 1463 ut
3240 1410 3455 1466 scilicet

1875 1514 2005 1555 suas
2028 1499 2105 1554 illi
2137 1510 2314 1557 terras
2343 1500 2610 1571 intrepide
2637 1500 2901 1564 habitent,
2930 1502 3154 1572 regique
3176 1501 3450 1558 Romano-

200 1592 335 1664 πρὸς
366 1592 616 1663 Ναρσῆν,
650 1592 736 1661 ἐφ’
840 1594 938 1664 τὴν
970 1595 1068 1665 μέν
1094 1592 1302 1646 οἰκείαν
1327 1591 1496 1656 ἀδεῶς
1525 1591 1773 1662 νέμοιντο

1876 1606 1997 1645 rum
2036 1593 2294 1661 deinceps
2331 1602 2577 1661 pareant.
2627 1592 2755 1649 Rrec
2800 1608 2925 1647 eum
2970 1594 3046 1648 ita
3089 1594 3157 1650 iis
3208 1594 3263 1649 in
3317 1594 3451 1651 locis

194 1685 401 1756 χώραν,
450 1684 659 1756 βασιλεῖ
688 1684 746 1739 δέ
761 1685 809 1718 ⁸⁰
847 1684 956 1738 τῶν
990 1683 1277 1754 Ῥωμαίων
1307 1684 1567 1757 κατήκοοι
1596 1682 1772 1735 τολοι-
1808 1751 1842 1757 _

1808 1751 1842 1757 _
1877 1681 2193 1747 cessissent,
2222 1683 2544 1737 videbantur
2569 1683 2824 1738 omnibus
2852 1683 2986 1739 bella
3019 1685 3072 1738 in
3102 1683 3255 1739 Italia
3287 1684 3448 1741 ﬁnem

314 1776 356 1807 ³⁸
392 1751 544 1839 ὄντες
570 1774 866 1830 διατελοῖεν
898 1791 913 1806 ·
963 1751 1149 1845 ἐπειδὴ
1180 1772 1354 1829 ταῦτα
1382 1751 1510 1845 τῇδε
1553 1773 1772 1845 ἐχώρει,
1807 1751 1849 1810 Β

1807 1751 1849 1810 Β
1876 1781 2037 1827 nacta
2064 1791 2078 1827 :
2107 1788 2232 1827 eum
2263 1774 2446 1843 potius
2487 1774 2747 1844 praeludia
2778 1775 3007 1829 aliorum
3050 1775 3315 1831 bellorum
3363 1792 3452 1832 cs—

194 1867 375 1921 ὲδόκει
410 1866 510 1937 μὲν
535 1868 708 1923 ᾶπασι
744 1868 916 1937 πέρας
947 1864 1090 1936 ἐχειν
1122 1865 1190 1920 τὰ
1219 1866 1329 1921 τῶν
1357 1867 1415 1918 ἐν
1451 1865 1651 1938 Ἰταλίᾳ
1677 1884 1774 1919 πο-

1875 1876 2015 1918 sent.
2058 1864 2267 1920 Censeo
2287 1867 2433 1919 enim
2459 1880 2634 1920 aavum
2674 1864 2779 1921 hoc.
2822 1876 3072 1921 nostrum
3108 1882 3388 1937 nunquam
3420 1881 3450 1919 a

195 1960 381 2029 λέμων
398 1959 443 1990 ⁸²
467 1974 483 1989 ·
539 1960 612 2013 τά
652 1960 711 2012 δέ
740 1954 810 2030 ἧν
850 1958 962 2029 ἄρα
990 1958 1271 2029 προοίμια.
1303 1951 1473 2027 Οἶμαι
1499 1958 1609 2027 γὰρ
1655 1957 1772 2011 οὐδὲ

1873 1953 2029 2009 bellis
2053 1954 2283 2010 liberum
2316 1955 2582 2023 futurum,
2622 1957 2735 2011 imo
2768 1958 2951 2027 potius
2984 1968 3245 2028 perpetuo
3282 1960 3450 2012 dura-

194 2049 500 2121 ὲπιλείψειν
523 2050 651 2105 ποτέ
678 2050 772 2104 τὸν
799 2049 971 2104 αἰῶνα
995 2049 1154 2121 ἡμῶν
1177 2048 1249 2104 τὰ
1275 2048 1480 2113 τοιάδε,
1513 2050 1697 2121 μένειν
1717 2049 1775 2102 δι

1873 2056 1999 2102 tura
2041 2056 2205 2119 atque
2247 2049 2381 2104 adeo
2420 2048 2706 2105 invalitura
2736 2050 2838 2121 15
2876 2052 3115 2121 quandiu
3168 2054 3284 2107 hzec
3334 2053 3452 2121 ipsa

194 2144 253 2205 ἐς
282 2143 373 2196 ἀεὶ
411 2143 507 2197 καὶ
531 2144 821 2216 ἀκμάζειν,
867 2142 927 2209 ἐς
957 2145 1006 2198 τ’
1033 2144 1101 2199 ἀν
1130 2145 1165 2217 ἡ
1192 2142 1331 2215 αὑτὴ
1374 2142 1536 2213 φύσις
1563 2141 1773 2214 ἀνθρώ-

1876 2150 2073 2195 natura
2114 2142 2396 2196 hominum
2424 2142 2714 2198 exstiterit.
2744 2140 2801 2197 Si
2834 2145 2983 2198 enim
3015 2144 3180 2200 altius
3217 2160 3330 2200 rem
3363 2160 3451 2199 re-

194 2250 320 2286 πων
346 2229 404 2308 ᾖ,
434 2234 557 2287 ἐπεὶ
602 2236 698 2288 καὶ
725 2233 933 2288 ἀνωθεν
958 2235 1115 2305 ἡμῖν,
1164 2233 1240 2297 ώς
1268 2231 1400 2295 ἔπος
1422 2232 1617 2296 εἰπεῖν,
1652 2248 1775 2285 συνι-

1874 2243 2145 2302 petamus,
2183 2248 2290 2288 una
2332 2248 2457 2289 eum
2506 2234 2624 2305 ipsa
2653 2235 2763 2290 vita
2792 2235 3182 2306 propemodum
3215 2237 3448 2292 dixerim

192 2325 412 2396 εισῆλθε
429 2325 508 2397 τῷ
531 2325 647 2397 βίῳ.
672 2327 783 2380 Καὶ
801 2321 897 2380 οὖν
923 2326 1097 2397 μεστὴ
1118 2325 1218 2396 μὲν
1241 2325 1276 2396 ἡ
1299 2324 1539 2395 ποίησις,
1558 2322 1773 2394 πλήρης

1875 2323 2085 2379 invecta
2135 2334 2264 2380 sunt
2322 2325 2499 2392 bella;
2553 2336 2717 2397 atque
2762 2327 2835 2382 ita
2886 2328 3048 2398 plena
3095 2340 3180 2386 est
3234 2330 3448 2399 poesis,

191 2418 251 2471 δὲ
298 2417 555 2488 ξύμπασα
600 2419 811 2489 ἱστορία
853 2417 1110 2489 πολέμων
1155 2435 1216 2471 τε
1258 2422 1353 2473 καὶ
1389 2417 1771 2489 παρατάξεων.

1874 2417 2033 2484 plena
2065 2418 2245 2473 omnis
2276 2414 2507 2473 historia
2532 2418 2799 2475 bellorum
2827 2432 2882 2477 et
2911 2424 3246 2492 praeliorum,
3276 2439 3452 2495 neque

190 2509 292 2560 καὶ
319 2509 418 2561 οὐκ
450 2508 518 2562 ἂν
546 2508 674 2563 ἄλλο
711 2526 766 2561 τι
797 2506 981 2578 εὕροις
1010 2506 1094 2580 [Ρ.
1113 2506 1204 2580 12]
1240 2510 1300 2561 ἐν
1326 2508 1512 2580 τῇδε⁸³
1538 2509 1680 2563 κατὰ
1709 2508 1772 2561 τὸ

1874 2508 2173 2579 quidquam
2212 2510 2266 2565 in
2303 2510 2388 2566 his
2437 2514 2745 2583 comperias
2790 2514 3015 2571 uberius
3054 2517 3447 2587 conscriptum.

194 2598 400 2668 μᾶλλον
420 2597 908 2671 ἀναγεγραμμένον
926 2616 942 2632 ⁸
970 2600 1141 2653 αῐτιον
1163 2599 1221 2653 δέ
1242 2594 1399 2671 οἶμαι
1424 2598 1629 2657 τούτων
1652 2598 1771 2669 οὐχ,

1874 2600 2109 2656 Causam
2139 2616 2270 2657 vero
2300 2603 2497 2659 horum
2521 2606 2852 2671 censuerim,
2883 2623 3016 2674 non,
3058 2616 3118 2664 ut
3151 2610 3306 2665 multi
3337 2622 3449 2666 sta-

190 2693 333 2762 ὃπερ
379 2692 429 2745 oi
480 2691 667 2746 πολλοί
703 2708 889 2761 φασιν,
934 2690 1180 2763 ἀστέρων
1208 2708 1269 2745 τε
1315 2690 1544 2763 πορείας
1576 2692 1671 2745 καὶ
1711 2691 1774 2745 τὸ

1875 2696 2058 2753 tuunt,
2100 2689 2383 2745 stellarum
2432 2706 2629 2748 cursus
2677 2701 2732 2747 et
2770 2693 2942 2749 fatum
2989 2704 3152 2765 atque
3181 2698 3450 2753 absurdas

194 2784 548 2856 μεμαρμένον
563 2784 611 2817 ⁸⁵
630 2784 726 2839 καί
752 2802 905 2849 τινας
928 2784 1274 2855 παραλόγους
1292 2784 1556 2853 ἀνάγκας.
1580 2785 1643 2838 El
1664 2786 1773 2856 γὰρ

1873 2780 2138 2850 quasdam
2166 2782 2540 2839 necessitates.
2572 2784 2629 2840 Si
2650 2786 2794 2841 enim
2813 2785 2910 2843 fati
2942 2789 3240 2846 necessitas
3264 2792 3449 2846 omnia

189 2881 263 2933 τά
296 2879 394 2949 τῆς
424 2881 797 2949 πεπρωμένης
825 2880 885 2932 ἐν
914 2881 1051 2932 πᾶσι
1081 2878 1256 2949 νικῴη
1273 2879 1342 2945 ⁸⁸,
1370 2879 1691 2951 ἀφαιρεθείη
1715 2879 1773 2933 δέ

1874 2879 2200 2941 permearet,
2232 2873 2535 2943 eriperetur
2574 2874 2890 2932 hominibus
2934 2878 3221 2934 arbitraria
3260 2880 3452 2936 volun-

188 2969 303 3022 τῶν
320 2967 623 3040 ἀνθρώπων
649 2968 712 3021 τὸ
738 2969 1067 3039 προαιρετὸν
1096 2968 1191 3021 καὶ⁵
1218 2967 1485 3033 ἑκούσιον,
1508 2968 1770 3040 παραινέ-

1876 2963 2007 3020 tatis
2032 2962 2246 3031 electio,
2280 2976 2336 3020 et
2366 2966 2585 3036 quidem
2616 2979 2883 3038 praecepta
2912 2970 3097 3029 omnia
3122 2980 3176 3026 et
3209 2983 3357 3029 artes
3384 2990 3449 3029 ac

192 3077 312 3124 σεις
351 3060 450 3128 μὲν
481 3060 701 3124 ἁπάσας
744 3061 841 3113 καὶ
871 3059 1067 3131 τέχνας
1102 3060 1200 3115 καὶ
1255 3060 1601 3125 διδασκαλίας
1636 3060 1773 3115 κενά
1799 3106 1844 3131 η

1799 3106 1844 3131 η
1873 3053 2181 3126 disciplinae
2211 3071 2364 3112 vana:
2404 3057 2737 3129 inutilesque
2777 3071 2960 3116 essent
2980 3064 3294 3130 censenda;
3324 3078 3449 3119 era-

190 3155 289 3207 καὶ
322 3154 573 3226 ἄχρηστα
618 3152 934 3225 νομιοῦμεν,
978 3154 1282 3225 οίχήσονται
1319 3154 1375 3208 δέ
1417 3153 1637 3226 φροῦδοι
1676 3154 1771 3211 καὶ
1799 3148 1845 3170 υ

1799 3148 2017 3203 “lida:
2077 3151 2243 3205 etiam
2294 3149 2497 3207 fuerint
2560 3149 3001 3222 inlrugil‘erazque
3052 3168 3283 3219 eorum,
3353 3156 3445 3225 qui

186 3246 433 3317 ἄκαρποι
460 3248 516 3301 αί
547 3246 655 3301 τῶν
684 3246 884 3319 ἄριστα
899 3246 946 3277 ⁸⁸
976 3245 1235 3316 βιούντων
1264 3246 1495 3310 ἐλπίδες.
1531 3248 1608 3301 Οὐ
1640 3247 1768 3316 μέν·

1869 3241 2073 3313 optime
2095 3242 2262 3298 vitam
2296 3257 2454 3299 suam
2487 3242 2799 3310 instituunt,
2827 3260 2969 3314 spes.
2999 3242 3105 3301 Sed
3126 3261 3227 3301 nec
3248 3244 3442 3312 Deum,

187 3356 274 3393 τοι
304 3338 419 3392 ἀλλ’
445 3339 566 3393 οὐδὲ
590 3339 652 3393 τὸ
676 3339 817 3393 θεῖον
848 3339 1039 3401 αἴτιον,
1083 3338 1159 3402 ὣς
1196 3355 1259 3407 γε
1289 3339 1391 3409 ἐμὲ
1421 3340 1764 3408 γιγνώσκειν,

1867 3342 2131 3405 quantum
2156 3350 2280 3391 mea
2304 3333 2410 3391 fert
2432 3337 2721 3401 sententia,
2759 3337 2990 3393 caedium
3015 3348 3071 3393 et
3093 3338 3442 3396 conﬂictuum

188 3430 371 3499 φόνων
395 3447 455 3484 τε
482 3431 576 3485 καὶ
605 3430 937 3499 συμπλοκῶν
970 3429 1220 3502 ἡγεῖσθαι
1249 3431 1535 3502 προσήκει.
1564 3431 1637 3484 Τὸ
1657 3433 1766 3503 γὰρ

1866 3434 2150 3482 auctorem
2190 3439 2417 3482 censere
2478 3435 2710 3497 Oportet.
2769 3426 3051 3482 Summam
3101 3430 3245 3485 enim
3297 3432 3442 3486 illam

188 3524 397 3594 ἀγαθὸν
436 3526 614 3578 ἐκεῖνο
643 3527 737 3577 καὶ
764 3524 1087 3587 ἀλεξίκακον
1118 3522 1298 3594 φόνιόν
1337 3542 1397 3578 τε
1426 3527 1521 3580 καὶ
1548 3524 1767 3596 φιλοπό-

1865 3513 2167 3570 bonitatem
2223 3516 2511 3585 omnisque
2562 3516 2689 3570 mali
2727 3516 3148 3588 proﬂigatricem
3202 3521 3445 3577 caedibus

187 3620 358 3687 λεμον
386 3615 496 3670 οὔτ’
526 3616 593 3670 ἀν
626 3618 803 3686 ἔγωγε
838 3618 1096 3688 φήσαιμι,
1136 3614 1259 3671 οὔτε
1300 3617 1507 3672 είπὸντι
1540 3617 1763 3671 πιστεύ-

1865 3603 2126 3674 bellisque
2168 3608 2423 3675 gaudere,
2460 3620 2559 3660 nec
2606 3606 2723 3676 ipse
2769 3606 3024 3676 dixerim,
3063 3625 3165 3665 nec
3200 3611 3253 3665 id
3299 3612 3443 3666 aliir-

189 3725 376 3778 σαιμι.
416 3708 507 3773 Ἐς
533 3708 589 3761 δὲ
619 3708 934 3774 πλεονεξίαν
978 3726 1039 3763 τε
1079 3710 1173 3762 καὶ
1206 3709 1415 3764 ἀδικίαν
1446 3710 1503 3764 αί
1535 3711 1643 3763 τῶν
1670 3712 1766 3765 ἀν-

1866 3699 2038 3752 manti
2078 3698 2464 3768 acquieverim.
2506 3698 2802 3755 Hominum
2844 3715 2975 3757 vero
3003 3703 3173 3758 animi
3223 3705 3277 3758 in
3320 3707 3442 3776 plus

189 3800 431 3871 θρώπων
451 3800 618 3870 ψυχαὶ
642 3800 939 3870 αὐθαίρετα
964 3800 1484 3865 κατολισθαίνουσαι,
1517 3800 1764 3871 πολέμων

1865 3790 2099 3846 habendi
2160 3790 2510 3860 cupiditatem
2560 3802 2616 3850 et
2672 3792 2994 3862 iniustitiam
3056 3795 3439 3866 prolabentes,

185 3908 253 3945 τε
269 3891 317 3924 ⁸⁷
353 3891 447 3945 καὶ
486 3889 738 3963 ταραχῶν
784 3890 998 3944 ἅπαντα
1047 3891 1396 3963 ἐμφοροῦτιν,
1445 3890 1655 3945 ἐνθένδε
1704 3908 1763 3945 τε

1864 3882 2026 3938 bellis
2053 3881 2236 3937 omnia
2262 3891 2317 3938 et
2337 3883 2665 3940 tumultibus
2702 3883 2968 3953 miscent;
2995 3895 3158 3957 atque
3192 3887 3320 3943 hinc
3357 3889 3441 3943 in-

183 3983 407 4055 δλεθροι
452 3982 807 4053 ξυμϐαίνουσι
862 3982 1081 4050 πολλοὶ,
1132 3984 1229 4037 καὶ
1294 3983 1413 4055 γένη
1463 3982 1764 4055 ἀνθρώπων

1864 3974 2058 4030 teritus
2100 3976 2393 4045 multaeque
2430 3975 2675 4046 gentium
2721 3975 3122 4035 interneciones
3163 3982 3436 4047 eveniunt,

184 4076 517 4148 ἀνάρπαστα
565 4074 841 4144 γίγνεται,
890 4075 985 4129 καὶ
1039 4076 1231 4147 μυρίαι
1283 4075 1440 4130 ἄλλαι
1488 4076 1762 4129 ώδίνονται

1864 4066 2275 4137 innumerasque
2330 4066 2453 4122 alite
2507 4067 2850 4124 calamitates
2908 4069 3180 4126 oriuntur.
3235 4070 3438 4127 Eodem

184 4171 383 4242 κῆρες.
412 4168 569 4223 Οῦτω
583 4168 631 4200 ⁸⁸
665 4168 774 4240 γὰρ
798 4168 862 4237 δὴ
893 4167 988 4222 καὶ
1009 4166 1130 4221 τότε
1159 4169 1209 4221 οί
1240 4166 1427 4221 Γότθοι
1454 4167 1639 4237 ἐπειδὴ
1663 4168 1760 4231 τὰς

1862 4160 2024 4217 modo
2049 4160 2213 4215 etiam
2243 4171 2355 4215 tum
2385 4162 2647 4233 temporis
2680 4161 2842 4218 Gothi
2874 4163 2996 4219 ictis
3029 4162 3326 4220 ftederihus
3353 4166 3438 4221 di-

186 4260 427 4324 σπονδάς
458 4259 673 4331 θέμενοι
704 4258 799 4312 καὶ
827 4257 1194 4328 διακριθέντες
1221 4259 1271 4311 oi
1304 4257 1404 4329 μὶν
1437 4258 1615 4312 αὐτῶν
1634 4258 1763 4316 είσυ

1861 4251 2074 4321 rempti,
2124 4252 2369 4307 nonnulli
2416 4266 2605 4309 eorum
2643 4254 2735 4324 qui
2785 4255 2927 4310 intra
2969 4255 3174 4311 Padum
3209 4256 3436 4312 ﬂuvium

180 4352 285 4406 τοῦ
329 4352 505 4406 Πάδου
554 4351 818 4423 πρότερον
866 4349 1212 4420 διαιτώμενοι
1264 4349 1510 4420 ποταμοῦ
1534 4389 1549 4415 ,
1604 4348 1660 4411 ἔς
1700 4366 1761 4401 τε

1862 4344 2150 4414 degebant,
2186 4344 2241 4397 in
2268 4342 2526 4401 Tusciam
2568 4354 2622 4401 et
2650 4344 2949 4417 Liguriam,
2993 4356 3047 4402 et
3089 4362 3199 4417 quo
3240 4350 3440 4419 cuique

179 4444 463 4503 Τουσκίαν
484 4444 582 4497 καὶ
608 4442 925 4513 Λιγουρίαν,
958 4442 1053 4495 καὶ
1078 4440 1161 4495 ὅθι
1189 4440 1403 4511 ἑκάστῳ
1435 4440 1677 4511 θυμῆρές
1702 4457 1762 4494 τε
1794 4447 1839 4503 ι)

1794 4447 1839 4503 ι)
1867 4438 2079 4493 libitum
2110 4439 2216 4511 ιθ
2242 4448 2360 4493 erat
2407 4450 2828 4508 concesserunt;
2865 4441 2954 4495 alii
2987 4457 3116 4497 vero
3141 4451 3294 4498 trans
3326 4442 3433 4497 Pa-

177 4534 260 4610 ἧν
286 4538 385 4590 καὶ
416 4534 743 4605 εἰθισμένον,
770 4533 1008 4604 ἐχώρουν
1030 4549 1045 4563 ⁸
1082 4532 1132 4585 οἱ
1157 4531 1214 4585 δὲ
1242 4530 1419 4598 ἐκτὸς,
1456 4531 1763 4597 διαϐάντες,

1864 4528 1993 4583 dum
2019 4528 2165 4583 circa
2197 4525 2448 4584 Venetias
2488 4527 2664 4599 sparsi
2696 4529 2749 4583 in
2792 4531 3029 4585 castellis
3055 4540 3109 4585 et
3136 4532 3431 4601 oppitlulis,

178 4625 339 4697 ἀμφὶ
375 4624 627 4679 Βενετίαν
665 4624 762 4678 καὶ
794 4622 864 4676 τά
897 4622 1023 4693 τῇδε
1047 4620 1282 4693 φρούρια
1306 4622 1404 4674 καὶ
1436 4619 1762 4690 πολίσματα,

1861 4619 2062 4691 quibus
2101 4628 2411 4685 assuerant,
2436 4621 2827 4675 consederunt.
2859 4620 2995 4675 Cum
3038 4620 3222 4691 itaque
3248 4622 3350 4678 hoc
3380 4623 3429 4677 iu

176 4714 337 4793 ᾗπερ
367 4717 461 4770 καὶ¹
488 4716 546 4769 ἐν
583 4714 663 4786 τῷ
690 4714 798 4785 πρὸ
820 4712 938 4779 τοῦ,
973 4712 1359 4768 ἐσκεδάννυντο
1385 4728 1401 4746 ο
1450 4712 1638 4784 ἐπειδὴ
1668 4708 1762 4767 οὖν

1858 4724 2000 4769 statu
2034 4722 2216 4769 essent
2244 4727 2331 4768 res
2351 4711 2677 4778 Gothorum,
2713 4712 2937 4768 decebat
2977 4712 3125 4783 ipsos
3162 4724 3316 4782 pacta
3342 4714 3433 4784 ju-

179 4813 252 4864 ὲν
277 4806 454 4861 τοῖσδε
493 4806 788 4876 ἐτύγχανον
825 4804 998 4870 ὅντες,
1033 4804 1309 4876 προσῆκον
1337 4804 1534 4868 αὐτοὺς
1559 4803 1630 4858 τὰ
1660 4804 1759 4875 μὲν

1856 4814 1972 4860 rata
2004 4820 2063 4861 re
2093 4806 2206 4875 ipsa
2232 4804 2502 4875 lactisque
2531 4804 2856 4859 conﬁrmare
2884 4813 2938 4859 et
2971 4805 3234 4868 stabilire,
3258 4815 3312 4860 et
3344 4821 3442 4861 res

176 4899 488 4971 ὠμοσμένα
509 4898 557 4931 "
602 4900 713 4963 τοῖς
763 4896 943 4967 ἔργοις
989 4896 1170 4961 αὐτοῖς
1216 4897 1550 4967 ἐμπεδῶσαι,
1584 4895 1655 4949 τά
1697 4896 1757 4950 δέ

179 4992 430 5063 σφέτερα
458 4990 519 5043 ἐν
538 4988 618 5060 τῷ
636 4988 872 5058 ἀσφαλεῖ
889 4988 1214 5059 κατέχοντας
1224 4988 1271 5020 ⁹⁰
1298 4987 1558 5042 κινδύνων
1582 4988 1758 5061 ἀπηλ-

179 5083 389 5155 λάχθαι
430 5080 696 5154 χρονὶων,
743 5081 836 5135 καὶ
876 5078 1028 5151 μόλις
1074 5078 1206 5149 γοῦν
1247 5078 1356 5133 τῶν
1397 5078 1585 5133 δεινῶν
1623 5082 1757 5135 ἀνα-

175 5177 421 5232 πνεῦσαι
443 5192 460 5207 ο
497 5175 548 5229 οί
577 5174 654 5240 δὲ,
683 5172 960 5244 ἐλάχιστον
992 5173 1324 5244 ἐπισχόντες,
1354 5171 1630 5243 νεωτέρων
1662 5168 1758 5227 αὖ·

179 5271 271 5334 θις
300 5267 515 5336 ἐφίεντο
536 5265 892 5337 πραγμάτων,
915 5263 1011 5319 καὶ
1030 5266 1088 5328 ἐς
1107 5265 1281 5335 ἀρχὴν
1314 5264 1498 5336 ἐτέρου
1520 5264 1647 5317 πολέ
1656 5281 1759 5334 μου

176 5362 532 5419 καθίσταντο.
576 5360 727 5414 Ἐπεί
759 5376 820 5412 τε
848 5358 1003 5414 αὐτοὶ⁸
1046 5358 1185 5411 κατὰ
1230 5359 1370 5427 σφᾶς
1395 5355 1579 5410 οὐκέτι
1623 5357 1758 5428 πρὸς

1862 4911 1991 4952 suas
2012 4896 2066 4950 in
2098 4906 2212 4952 tuto
2250 4896 2612 4961 continentes,
2646 4909 2768 4950 sese
2816 4909 2847 4950 a
2884 4896 3159 4950 diuturnis
3174 4896 3431 4966 periculis

1861 4988 2160 5053 vindicare,
2183 4997 2344 5057 atque
2366 4987 2661 5059 aliquando
2688 4986 2907 5042 tandem
2946 4988 3014 5042 ab
3051 4987 3310 5041 aerumnis
3341 5003 3429 5041 re-

1863 5083 2093 5153 spirare.
2127 5087 2197 5136 At
2216 5095 2345 5135 vero
2378 5096 2501 5136 cum
2529 5094 2625 5150 per
2643 5079 3028 5135 brevissimum
3061 5090 3276 5149 tempus
3307 5094 3441 5134 sese

1863 5172 2283 5237 continuissent,
2306 5186 2497 5227 rursus
2528 5186 2615 5225 res
2640 5186 2812 5229 novas
2834 5173 3030 5236 moliti,
3051 5172 3276 5226 alterius
3303 5170 3426 5225 belli

1863 5264 2073 5318 semina
2110 5263 2374 5334 iecerunt.
2407 5262 2656 5333 Cumque
2688 5263 2792 5333 ipsi
2824 5278 2921 5332 per
2948 5277 3008 5319 se
3042 5265 3279 5335 impares
3304 5275 3429 5317 sese

1859 5357 2186 5427 iudicarent,
2223 5357 2314 5427 qui
2350 5356 2609 5426 deinceps
2648 5371 2770 5411 cum
2814 5354 3075 5411 Romanis
3116 5357 3428 5427 pneliaren-

283 5589 332 5621 ⁷⁸
366 5585 840 5656 ἀνακαλεσάμενος
874 5585 971 5649 τὰς
1002 5584 1179 5656 addidi
1220 5600 1283 5656 εἶκ
1327 5583 1417 5645 RH
1451 5582 1625 5656 1W!"-
1656 5586 1950 5656 “unum-«3

1756 5600 1910 5656 munt
1934 5585 2053 5654 jam
2109 5586 2395 5656 contractis
2435 5582 2775 5656 rgrercitibtts.
2808 5580 3009 5656 Verum
3033 5590 3157 5656 ante
3190 5580 3423 5656 πολεμον

175 5659 481 5715 articulum
529 5652 799 5711 desidero.
834 5657 1061 5710 πανσυδὶ
1092 5655 1155 5707 R.
1228 5654 1275 5686 ⁸ο
1303 5656 1360 5708 δὲ
1398 5652 1619 5710 οᾶάζΒ.
1668 5655 1813 5719 (CL).

569 5652 799 5711 esidcro.
834 5657 1061 5710 πανσυδὶ
1092 5655 1155 5707 R.
1228 5654 1275 5686 ⁸⁸
1303 5656 1360 5708 δὲ
1398 5652 1619 5710 θᾶάξΒ.
1668 5655 1813 5719 (CL).
1891 5652 2141 5708 "10mm
2174 5654 2236 5707 ll.

1740 5727 1785 5756 ⁸³
1822 5725 1978 5795 νίκην
2024 5726 2087 5779 R.
2162 5726 2209 5757 ⁸⁸
2229 5727 2425 5792 ἄριστα
2458 5724 2544 5785 IL,
2602 5726 2820 5793 ἄριστον
2843 5724 2984 5792 vulg.

1179 5798 1224 5829 ’⁸³
1246 5795 1522 5865 summa
1549 5795 1626 5849 R.’
1688 5796 1732 5829 9°
1756 5796 2071 5865 κατέχοντες
2112 5795 2170 5847 li.

174 5730 362 5784 τοῖσδε
418 5729 586 5799 vulg._
635 5727 683 5759 ³³
715 5725 1180 5799 μεμαρμένονΒ..
1212 5798 1217 5799 ν
1249 5743 1485 5797 μεμορμ.
1517 5727 1663 5799 vnlg.

188 5804 229 5831 λέ
262 5800 410 5853 οὓτω
443 5796 537 5853 Β(
566 5796 761 5867 LugdL,
789 5797 959 5859 οὓτως
979 5798 1101 5853 cdd.

2313 5657 2359 5686 “
2384 5654 2476 5707 τοῦ
2522 5684 2592 5695 -
2618 5654 2867 5723 πολέμων
2895 5653 3015 5707 Par.
3089 5651 3135 5681 ⁸³
3159 5651 3283 5722 τῇδε
3329 5650 3420 5703 Β.

2313 5743 2425 5775 me.
2458 5724 2543 5775 IL.
2602 5726 2820 5775 ἄριστον
2843 5724 2984 5775 vulz.
3060 5720 3105 5752 ³⁷
3128 5739 3183 5775 τε
3206 5722 3329 5775 add.
3353 5718 3420 5775 R.

3128 5739 3183 5775 τε
3206 5739 3329 5778 ααυ.
3353 5739 3421 5775 ιι.
