4222 6448
774 381 901 450 1281

1941 373 2294 438 AGATHIJE
2335 369 2818 434 SCHOLASTICI

3875 365 4021 433 1282

774 515 886 567 tur;
922 502 1103 558 st-atim
1135 501 1200 556 ad
1231 500 1470 556 Francos
1497 514 1555 554 se
1579 506 1989 562 converterunt,
2038 493 2231 550 melius
2257 506 2344 546 res

2455 487 2758 558 Ῥωμαίους
2787 483 3072 556 ἀξιόμαχοι
3101 483 3268 555 (omo
3287 480 3448 548 εἶναι,
3483 483 3680 538 αὐτίκα
3705 485 3856 556 παρά
3884 488 4019 548 τοὺς

774 609 909 647 suas
958 594 1234 646 habituras
1289 594 1409 657 rati,
1460 591 1852 658 utilitatemque
1896 603 1958 642 se
2014 587 2139 640 inde
2176 585 2334 651 longe

771 684 1103 737 uberrimam
1133 693 1502 752 percepturos,
1535 681 1581 736 si
1613 695 1735 733 eum
1757 677 2002 731 ﬁnitimis
2033 683 2087 729 et
2115 673 2333 743 propin-

775 774 902 844 quis
935 774 1191 828 societate
1231 774 1362 826 inita
1399 773 1595 825 bellum
1625 768 1837 824 facilius
1868 768 2258 821 instaurarent.

2435 579 2716 651 Φράγγους
2751 578 3068 648 ἐτράποντο,
3095 579 3317 647 ἄμεινον
3346 578 3528 644 σφίσιν
3558 578 3740 640 αὐτοίς
3771 579 3842 631 τά
3870 595 4020 647 παρ-

2435 669 2565 722 όντα
2588 669 2804 722 ἔσεσθαι
2831 669 3128 738 κρίνοντες,
3160 669 3255 720 καὶ
3282 667 3378 737 τὴν
3403 667 3667 736 ὠφέλειαν
3699 669 3757 730 ὲς
3792 669 3879 721 ὅτι
3915 669 4024 736 μάο

2437 760 2594 814 λιστα
2647 761 3063 834 διαρκεστάτην,
3101 762 3216 830 είγε
3267 761 3325 827 ἐξ
3356 761 3571 830 ὁμόρων
3610 777 3670 812 τε
3715 760 3811 812 καὶ
3840 761 4019 812 ἀστυ-

771 865 1032 935 γειτόνων
1059 866 1370 937 ξυμμαχίαν
1399 865 1726 934 ὲπαγόμενοι
1766 858 1885 916 εἶτα
1901 863 1946 894 ⁹¹
1981 861 2173 914 θᾶττον
2209 858 2654 928 ἀναμαχίσοιντο.

845 961 901 1014 ‘2.
944 961 1083 1017 Sunt
1110 962 1253 1015 enim
1287 961 1480 1017 Franci
1513 960 1660 1015 Italis
1691 960 1889 1015 accola:
1913 968 1967 1014 et
1996 955 2336 1021 contermini,

777 1052 910 1105 olim
966 1052 1094 1105 dicti
1140 1050 1432 1116 Germani;
1475 1052 1621 1120 quod
1676 1049 1899 1120 quidem
1940 1047 2073 1104 satis
2107 1054 2336 1102 constat.

777 1141 915 1198 Nam
956 1144 1100 1199 circa
1135 1142 1383 1198 Rhenum
1413 1143 1636 1198 ﬂuvium
1667 1144 1929 1208 habitant,
1960 1149 2016 1195 et
2053 1141 2342 1195 continen-

779 1244 889 1292 tem
917 1237 964 1290 ei
992 1235 1351 1307 adiacentem,
1383 1239 1787 1308 maximamque
1816 1235 2114 1291 Galliarum
2137 1242 2343 1305 partem

780 1343 1072 1402 occupant,
1124 1349 1228 1387 non
1270 1333 1490 1403 quidem
1534 1333 1648 1402 jam
1695 1333 1824 1387 olim
1865 1330 1934 1385 ab
1969 1331 2104 1401 ipsis
2139 1343 2348 1400 posses-

757 1437 920 1488 .‘sam,
968 1423 1061 1477 sed
1097 1423 1363 1490 posterius
1413 1423 1761 1492 acquisitam.
1799 1419 2096 1476 Massiliam
2120 1433 2346 1490 quoque

782 1513 975 1567 urbem
1016 1521 1218 1576 tenent,
1253 1512 1438 1568 lonum
1489 1512 1780 1567 coloniam.
1831 1509 1982 1566 Hanc
2027 1509 2175 1566 enim
2217 1509 2347 1564 olim

781 1603 1091 1660 Phocenses
1121 1618 1188 1659 ex
1214 1605 1342 1660 Asia
1364 1621 1395 1659 a
1426 1603 1595 1660 Medis
1618 1604 1759 1676 pulsi
1798 1604 2160 1668 incoluerunt,
2189 1603 2348 1658 Dario

785 1696 1066 1768 Hystaspis
1108 1698 1221 1754 lilio
1258 1699 1400 1769 apud
1434 1697 1629 1756 Persas
1671 1709 1966 1770 regnante;
2001 1705 2056 1754 et
2085 1713 2232 1753 nunc
2279 1712 2347 1751 ex

783 1787 1096 1844 Graecanica
1140 1797 1222 1846 est
1253 1790 1559 1847 barbarica.
1596 1789 1780 1845 Patria
1816 1789 1962 1845 enim
2010 1789 2088 1844 rei
2118 1788 2347 1858 publica:

2516 955 2580 1024 β’.
2621 953 2906 1025 Πρόσοικοί
2925 972 2985 1008 τε
2999 955 3045 986 ⁹¹
3069 953 3176 1023 γάρ
3197 955 3304 1007 είσι
3323 956 3390 1025 τῇ
3426 953 3624 1024 Ἰταλίᾳ
3644 953 3737 1007 καὶ
3754 953 4026 1023 ἀγχιτέρ-

2447 1063 2606 1116 μονες
2649 1046 2710 1098 τὸ
2748 1045 2901 1113 γένος
2943 1046 3053 1099 τῶν
3079 1047 3364 1116 Φράγγων.
3416 1043 3540 1100 Εἶεν
3591 1045 3636 1098 δ’
3664 1047 3732 1099 ἂν
3779 1038 3933 1098 οὗτοι
3972 1047 4023 1096 οί

2444 1137 2612 1190 πάλαι
2638 1135 3024 1206 ὀνομαζόμενοι
3052 1135 3338 1206 Γερμανοί.
3368 1136 3538 1205 Δῆλον
3563 1135 3622 1190 δέ
3645 1153 3659 1166 ⁸
3701 1134 3847 1204 ἀμφὶ
3885 1133 4023 1202 Ῥῆ-

2439 1245 2531 1280 νον
2561 1229 2670 1299 γὰρ
2711 1229 2953 1299 ποταμὸν
2995 1227 3202 1281 οἰκοῦσι
3243 1227 3342 1281 καὶ⁵
3385 1228 3488 1298 τὴν
3537 1229 3708 1300 ταύτῃ
3760 1228 4022 1298 ἤπειρον.

2444 1317 2626 1389 ἔχουσι
2678 1318 2736 1372 δὲ
2750 1319 2796 1350 ⁸⁸
2842 1319 2937 1372 καὶ
2967 1318 3209 1372 Γαλλιῶν
3251 1317 3320 1372 τά
3368 1317 3618 1382 πλεῖστα,
3648 1318 3712 1370 ού
3746 1318 4022 1390 πρότερον

2445 1411 2582 1480 πρὸς
2608 1411 2789 1464 αὐτῶν
2823 1411 3182 1481 κατεχόμενα,
3227 1410 3343 1465 ἀλλ’
3373 1410 3599 1482 ὕστερον
3628 1408 4020 1478 ὲπικτηθέντα.

2450 1504 2547 1558 καὶ
2575 1503 2677 1575 τὴν
2716 1503 3034 1558 Μασσαλίαν
3083 1503 3259 1567 πόλιν,
3310 1504 3437 1567 τοὺς
3493 1503 3685 1557 Ἰώνων
3730 1501 4020 1565 ἀποίκους.

2451 1594 2670 1662 Ταύτην
2694 1593 2804 1666 γάρ
2825 1595 2891 1666 δὴ
2917 1595 3085 1649 πάλαι
3106 1596 3352 1658 Φωκαεῖς
3375 1595 3434 1661 ἐξ
3478 1595 3664 1660 Ἀσίας
3690 1594 3798 1648 ὑπὸ
3822 1595 4024 1666 Μήδων

2449 1683 2778 1750 ἀναστάντες
2826 1685 3138 1756 κατῴκισαν
3151 1686 3220 1750 ⁸⁵,
3268 1685 3496 1755 Δαρείου
3541 1685 3637 1738 τοῦ
3689 1686 4025 1739 ’Υστάσπεω

2451 1777 2676 1848 Περσῶν
2726 1775 3116 1848 βασιλεύοντος,
3159 1777 3257 1832 καὶ
3299 1777 3394 1831 νῦν
3450 1776 3511 1842 ἐξ
3559 1776 3867 1847 Ἑλληνίδος
3904 1780 4025 1830 ἐστὶ

785 1881 1258 1938 administratione
1301 1883 1534 1954 abjecta,
1580 1884 1961 1954 imperantium
1993 1883 2205 1954 legibus
2237 1883 2346 1938 uti-

2422 1868 2760 1941 ,ﬂap6aptxﬂ
2781 1885 2796 1900 ο
2846 1869 2946 1939 τὴν
2993 1869 3102 1940 γάρ
3150 1869 3378 1941 πάτριον
3409 1869 3820 1940 ἀποϐεϐληκυῖα
3870 1869 4024 1922 πολι-

786 1982 898 2030 tur.
947 1972 1172 2029 Videtur
1215 1990 1344 2029 vero
1382 1975 1544 2030 etiam
1578 1974 1759 2041 hodie,
1787 1974 1890 2044 17
1917 1989 2024 2030 non
2057 1973 2348 2031 admodum

785 2065 1016 2134 pristina
1058 2067 1357 2122 incolarum
1407 2067 1666 2139 dignitate
1719 2066 1965 2123 inferior.
2015 2066 2153 2123 Sunt
2203 2067 2348 2123 enim

787 2156 979 2212 Franci
1027 2174 1135 2212 non
1176 2171 1530 2228 campestres,
1561 2173 1620 2216 ut
1659 2159 1773 2216 fere
1803 2160 2048 2230 plerique
2088 2159 2352 2214 barbaro-

787 2264 932 2313 rum,
969 2251 1062 2305 sed
1093 2259 1148 2305 et
1175 2252 1381 2321 politia,
1413 2262 1473 2306 ut
1496 2252 1812 2323 plurimum,
1847 2260 2073 2306 utuntur
2103 2249 2347 2306 Romana

787 2351 843 2395 et
879 2342 1086 2410 legibus
1136 2344 1362 2410 iisdem;
1396 2344 1639 2399 eamdem
1681 2346 1842 2399 etiam
1881 2352 2257 2400 contractuum
2296 2351 2352 2398 et

787 2436 1097 2505 nuptiarum
1146 2436 1408 2490 rationem
1454 2445 1509 2491 et
1552 2436 1720 2490 divini
1760 2436 2000 2490 numinis
2035 2435 2239 2490 cultum
2275 2443 2354 2489 te-

787 2538 938 2584 nent.
961 2528 1256 2584 Christiani
1279 2529 1427 2584 enim
1464 2545 1656 2584 omnes
1681 2540 1828 2593 sunt,
1857 2529 2266 2598 rectissimeque
2286 2527 2354 2582 de

791 2621 902 2675 Deo
943 2621 1202 2675 sentiunt.
1241 2620 1452 2676 [labent
1481 2634 1535 2676 et
1573 2623 1922 2690 magistratus
1964 2621 2017 2674 in
2050 2621 2273 2676 urbibus
2300 2629 2357 2676 et

787 2712 1132 2778 sacerdotes;
1184 2711 1322 2767 festa
1372 2713 1536 2766 etiam
1581 2711 1805 2782 perinde
1851 2721 2012 2782 atque
2061 2727 2163 2767 nos
2216 2712 2354 2768 celeh

787 2801 969 2862 brant,
988 2807 1042 2852 et
1079 2813 1178 2868 pro
1223 2798 1454 2854 barbara
1501 2799 1722 2853 natione
1755 2798 1910 2854 valde
1945 2798 2076 2853 mihi
2106 2799 2356 2854 videntur

789 2888 980 2942 civiles
1010 2897 1066 2942 et
1087 2888 1316 2951 urbani;
1350 2889 1631 2958 nihiloque
1668 2905 1700 2943 a
1733 2890 1892 2944 nobis
1921 2889 2158 2957 differre,
2189 2907 2354 2961 quam

790 2979 1135 3034 solummodo
1154 2980 1438 3034 barbarico
1467 2982 1666 3035 vestitu
1697 2990 1755 3035 et
1782 2981 1978 3051 linguae
2004 2982 2352 3051 proprietate.

791 3067 906 3139 Ego
939 3079 1086 3124 certe
1139 3083 1234 3124 eos
1279 3085 1404 3124 cum
1456 3070 1527 3124 ob
1573 3070 1682 3124 alia
1731 3071 1929 3139 quibus
1978 3071 2184 3140 praediti
2227 3079 2357 3127 sunt

793 3161 960 3225 bona,
1005 3171 1119 3215 tum
1167 3176 1296 3216 vero
1337 3162 1407 3215 ob
1439 3172 1684 3216 mutuam
1722 3162 1862 3216 inter
1895 3177 1954 3217 se
1995 3162 2261 3232 justitiam
2303 3172 2358 3219 et

787 3253 1135 3308 concordiam
1187 3267 1533 3322 summepere
1582 3253 1772 3307 miror.
1831 3252 2160 3324 Frequenter
2207 3255 2355 3310 enim

788 3343 901 3412 jam
924 3353 978 3397 et
1001 3345 1130 3398 olim
1163 3355 1217 3398 et
1244 3359 1362 3398 mea
1388 3354 1544 3399 aetate
1569 3344 1729 3398 modo
1756 3343 1898 3398 inter
1929 3356 2058 3409 tres,
2089 3346 2253 3400 modo
2283 3347 2358 3401 in-

796 3445 878 3489 ter
913 3434 1094 3505 plures
1125 3435 1302 3488 diviso
1325 3435 1456 3504 ipsis
1490 3435 1738 3504 imperio,
1779 3432 2062 3505 nunquam'
2095 3437 2358 3492 adversus

794 3540 917 3580 sese
947 3535 1135 3579 mutuo
1164 3525 1362 3579 bellum
1397 3525 1654 3589 movisse,
1690 3539 1865 3593 neque
1906 3525 2052 3579 civili
2092 3527 2358 3594 sanguine

797 3615 1031 3685 patriam
1079 3615 1397 3684 inquinasse
1428 3624 1664 3670 constat.
1697 3615 1860 3685 Atqui
1909 3616 1968 3669 tit
2009 3614 2139 3678 fere,
2168 3623 2229 3670 ut
2267 3615 2358 3670 ubi

796 3707 976 3776 magni
1009 3715 1138 3760 sunt
1171 3706 1443 3760 exercitus
1494 3706 1716 3776 :equalis
1754 3715 1848 3760 aut
1902 3705 2079 3760 dubiae
2113 3706 2253 3759 inter
2299 3720 2360 3761 se

799 3797 1070 3868 potentiae,
1113 3796 1185 3850 ibi
1220 3798 1384 3850 etiam
1427 3797 1592 3850 animi
1646 3797 1903 3850 elatiores
1955 3795 2359 3865 inﬂatioresque

797 3889 1048 3955 evadant,
1107 3899 1162 3943 et
1206 3888 1509 3942 ambitiosa
1567 3889 1941 3942 aemulationes
1983 3898 2039 3942 et
2083 3888 2150 3942 de
2186 3889 2360 3958 primo

798 3976 1023 4030 honoris
1065 3975 1235 4045 gradu
1264 3975 1638 4029 contentiones
1677 3975 1877 4042 aliique
1920 3976 2188 4028 innumeri
2231 3974 2360 4030 aﬂ'e-

799 4075 922 4120 ctus
952 4064 1272 4119 tumultibus
1302 4065 1408 4134 18
1429 4073 1484 4119 et
1505 4064 1863 4118 seditionibus
1891 4064 2172 4132 gignendis
2195 4065 2362 4131 aptis-

798 4157 924 4212 simi
975 4156 1327 4212 suboriantur
1357 4175 1370 4210 :
1405 4157 1545 4224 apud
1599 4157 1721 4212 illos
1775 4165 1979 4220 tamen,
2039 4156 2254 4211 tametsi
2304 4157 2360 4210 in

799 4265 964 4318 quam
1011 4249 1278 4318 plurimos
1324 4248 1660 4318 principatus
1691 4263 1787 4303 eos
1827 4262 1950 4303 esse
1981 4247 2183 4302 divisos
2225 4263 2360 4301 con-

805 4342 999 4409 tingat,
1032 4341 1166 4394 nihil
1200 4340 1307 4394 tale
1342 4356 1441 4395 usu
1474 4341 1653 4405 venit;
1699 4340 1792 4395 sed
1820 4340 1864 4393 si
1893 4355 2014 4408 qua:
2052 4337 2188 4393 forte
2222 4337 2362 4392 inter

802 4432 1073 4501 principes
1097 4432 1305 4484 oriatur
1323 4429 1708 4492 controversia,
1738 4444 1928 4483 omnes
1952 4429 2167 4497 quidem
2190 4427 2362 4481 aciem

807 4527 1084 4578 instruunt
1133 4534 1389 4591 tanquam
1441 4522 1508 4576 ad
1558 4521 1865 4576 bellandum
1925 4535 2145 4589 remque
2193 4520 2360 4574 armis

801 4614 1196 4670 decernendam
1219 4631 1234 4678 ;
1259 4611 1453 4667 deinde
1477 4612 1639 4666 simul
1667 4612 2013 4677 conveniunt,
2037 4613 2362 4682 conspicata:

803 4719 933 4757 vero
955 4719 1073 4757 sese
1098 4703 1353 4771 utrinque
1380 4701 1569 4771 copiae,
1598 4701 1782 4756 statim
1811 4701 2018 4770 ahjeeta
2040 4700 2356 4764 oﬂ'eusione,

803 4796 871 4848 ad
900 4793 1248 4848 concordiam
1272 4792 1523 4852 redeunt,
1551 4791 1847 4861 iubentque
1876 4799 1931 4844 ut
1955 4792 2221 4860 principes
2241 4790 2362 4859 jure

805 4887 985 4954 potius
1009 4885 1412 4938 controversias
1440 4884 1769 4948 decernant;
1800 4882 1884 4938 sin
1916 4883 2116 4947 minus,
2148 4891 2205 4935 ut
2245 4881 2361 4935 sin-

804 4975 977 5046 gulari
1013 4975 1153 5028 inter
1183 4987 1242 5026 se
1270 4973 1566 5026 certamine
1595 4981 1776 5040 agant,
1817 4980 1871 5025 et
1904 4986 2122 5024 suorum
2148 4969 2361 5039 ipsimet

807 5068 1042 5136 capitum
1093 5065 1392 5135 periculum
1449 5067 1663 5119 adeant.
1711 5063 1891 5133 Neque
1937 5063 2081 5116 enim
2124 5062 2358 5132 aaquitati

805 5172 902 5217 aut
931 5161 1114 5231 patria:
1142 5161 1521 5215 consuetudini
1562 5169 1983 5215 consentaneum
2019 5167 2259 5223 censent,
2304 5167 2362 5212 ut

807 5255 1029 5326 privata
1070 5253 1314 5322 ipsorum
1363 5251 1655 5306 simultatis
1699 5266 1865 5307 causa
1900 5266 1985 5305 res
2022 5250 2234 5320 publica
2279 5249 2358 5303 la-

2447 1958 2618 2025 τείαν,
2646 1959 2758 2020 τοῖς
2787 1957 2895 2012 τῶν
2915 1957 3258 2026 κρατούντων
3283 1959 3480 2030 χρῆται
3512 1956 3762 2026 νομίμοις
3773 1957 3844 2009 ⁸⁸.
3895 1958 4026 2009 Φαί-

2449 2050 2695 2104 νεταιοδὲ
2723 2052 2817 2104 καὶ
2843 2050 2938 2105 νῦν
2967 2051 3028 2104 οὐ
3063 2050 3206 2122 μάλα
3236 2051 3336 2120 τῆς
3366 2050 3523 2116 ἀξίας
3549 2049 3634 2124 [Ρ.
3660 2049 3748 2122 15]
3780 2051 3891 2103 τῶν
3921 2067 4025 2102 1:9.-

2449 2141 2618 2198 λαιῶν
2644 2143 2942 2214 οἰκητόρων
2969 2142 3368 2215 καταδεεστέρα
3382 2143 3450 2196 ’⁸.
3486 2145 3607 2196 Είσὶ
3629 2145 3739 2214 γάρ
3765 2144 3819 2196 οί
3844 2132 4025 2212 05.n-

2450 2250 2535 2303 γοι
2554 2234 2614 2286 οὐ
2637 2234 2884 2306 νομάδες,
2912 2233 3099 2305 ὥσπερ
3123 2233 3314 2305 ἀμέλει
3328 2233 3374 2266 ’⁷
3399 2234 3531 2287 ἔνιοι
3561 2234 3668 2288 τῶν
3700 2234 4022 2305 βαρϐάρων.

2449 2327 2589 2380 ἀλλά
2628 2329 2722 2380 καὶ
2745 2328 2991 2399 πολιτεία
3012 2328 3088 2390 ὡς
3115 2328 3185 2381 τά
3229 2326 3399 2381 πολλά
3429 2327 3668 2397 χρῶνται
3715 2326 4021 2396 Ῥωμαϊκῇ.

2453 2421 2550 2474 καὶ
2577 2421 2761 2491 νόμοις
2787 2425 2900 2486 τοῖς
2929 2423 3135 2487 αὐτοῖς,
3171 2423 3267 2476 καὶ
3293 2421 3362 2475 τά
3397 2420 3532 2474 ἀλλα
3559 2421 3761 2491 ὁμοίως
3790 2421 3939 2490 ἀμιξί
3967 2437 4023 2471 τε

2450 2511 2520 2565 τὰ
2548 2511 2846 2581 συμϐόλαια
2888 2512 2982 2566 καὶ
3027 2513 3258 2582 γάμους,
3307 2512 3403 2566 καὶ
3431 2511 3528 2582 τὴν
3553 2509 3648 2564 τοῦ
3674 2511 3834 2564 θείου
3864 2513 4024 2582 θερα-

2453 2606 2615 2658 πείαν
2630 2605 2675 2636 ³⁸
2707 2603 3036 2674 νομίζουσιν.
3078 2605 3392 2676 Χριστιανοὶ
3418 2606 3528 2674 γάρ
3556 2605 3796 2666 ἅπαντες
3821 2607 4016 2673 τυγχά-

2451 2709 2634 2746 νουσιν
2663 2692 2814 2757 ὄντες
2844 2694 2939 2747 καὶ
2962 2696 3028 2764 τῇ
3052 2694 3318 2765 ὀρθοτάτη
3343 2694 3614 2766 χρώμενοι
3637 2695 3767 2766 δόξῃ
3785 2711 3801 2724 ·
3842 2694 4021 2764 ἔχουσι

2452 2783 2508 2836 δὲ
2540 2782 2636 2836 καὶ
2660 2782 2924 2855 ἄρχοντας
2967 2784 3026 2838 ἑν
3053 2787 3174 2847 ταίς
3215 2785 3402 2838 πόλεσι
3431 2788 3525 2840 καὶ
3573 2787 3758 2857 ίερείς,
3800 2789 3903 2840 καὶ
3927 2789 4026 2848 τὰς

2455 2875 2646 2945 ἑορτὰς
2671 2875 2870 2946 ὁμοίως
2895 2876 3026 2945 ἡμίν
3051 2874 3382 2942 ἐπιτελοῦσι,
3413 2878 3528 2940 καὶ,
3572 2875 3649 2941 ὡς
3671 2880 3732 2930 ἑν
3761 2877 4024 2949 βαρϐάρῳ

2454 2966 2622 3034 γένει,
2665 2966 2852 3037 ἔμοιγε
2888 2966 3104 3020 δοκοῦσι
3139 2967 3344 3038 σφόδρα
3374 2963 3517 3021 εἶναι
3555 2968 3776 3038 κόσμιοί
3823 2986 3885 3022 τε
3933 2971 4025 3022 καὶ

2455 3056 2788 3111 ἀστειότατοι
2836 3057 2931 3111 καὶ
2972 3057 3124 3111 οὐδέν
3167 3059 3278 3110 τι⁹⁹
3321 3057 3467 3127 ἐχειν
3506 3057 3568 3110 τδ
3610 3058 3952 3122 διαλλάττον,
3993 3060 4026 3128 ἢ

2461 3149 2620 3217 μόνον
2645 3146 2708 3200 τὸ
2736 3146 3068 3218 βαρϐαρικὸν
3101 3147 3202 3217 τῆς
3235 3148 3426 3218 στολῆς
3467 3149 3563 3202 καὶ
3592 3147 3652 3201 τὺ
3696 3147 3799 3219 τῆς
3841 3153 4028 3220 φωνῆς

2381 3221 2425 3280 c
2459 3237 2678 3302 ίδιάζον.
2715 3240 2958 3308 ’Δγαμαι
2988 3239 3097 3309 γὰρ
3140 3239 3336 3303 αὐτοὺς
3374 3242 3434 3304 ις
3468 3241 3538 3293 τὰ
3569 3240 3806 3310 μάλιστα
3850 3242 4026 3308 ἔγωγε

2455 3329 2566 3383 τῶν
2583 3347 2644 3384 τε
2670 3329 2846 3384 ἀλλων
2864 3325 2939 3386 ὧν
2960 3331 3169 3401 ἔχουσιν
3190 3330 3411 3398 ἀγαθῶν
3434 3333 3532 3384 καὶ
3556 3331 3656 3400 τῆς
3679 3334 3739 3393 ὲς
3764 3332 4030 3400 ἀλλήλους

2454 3423 2798 3495 δικαιοσύνης
2821 3440 2883 3478 τε
2919 3424 3016 3477 καὶ
3044 3426 3319 3494 ὁμονοίας.
3359 3424 3626 3489 Πολλάκις
3654 3426 3764 3496 γὰρ
3796 3426 3903 3497 ἤδη
3934 3429 4027 3478 καὶ

2456 3517 2740 3588 πρότερον,
2766 3515 2862 3570 καὶ
2883 3517 2983 3585 μὲν
3011 3517 3076 3587 δὴ
3100 3519 3196 3571 καὶ
3217 3516 3297 3587 τῷ
3313 3519 3330 3548 ⁸
3367 3517 3487 3570 κατ’
3512 3518 3612 3587 ἐμὲ
3639 3519 3844 3588 χρόνῳ,
3870 3519 4029 3587 τιχδν

2455 3607 2514 3660 δὲ
2548 3608 2639 3660 καὶ
2670 3610 2726 3670 ἐς
2753 3607 2984 3671 πλείους·
3015 3609 3287 3679 ἡγεμόνας
3311 3611 3333 3640 ¹
3375 3609 3475 3678 τῆς
3501 3610 3678 3678 αρχῆς
3707 3609 3896 3673 αὐτοῖς
3931 3627 4030 3679 με-

2460 3699 2810 3769 μερισμένης,
2832 3698 3116 3752 οὐπώποτε
3137 3698 3368 3769 πόλεμον
3388 3700 3590 3771 ἤραντο
3613 3700 3733 3752 κατ’
3756 3700 4027 3769 ἀλλήλων.

2456 3789 2578 3841 οὐδὲ
2603 3790 2794 3859 αἵματι
2822 3789 3069 3859 ἐμφυλίῳ
3095 3789 3194 3859 τὴν
3230 3789 3462 3862 πατρίδα
3490 3789 3734 3857 ἔγνωσαν
3765 3791 4024 3860 μιαίνειν.

2457 3881 2649 3933 Καίτοι
2698 3880 2822 3933 ἔνθα
2862 3880 2928 3934 ἂν
2959 3880 3188 3952 μεγάλαι
3219 3881 3474 3952 δυνάμεις
3519 3882 3797 3953 ίσόρροποί
3843 3900 3905 3936 τε
3934 3886 4028 3936 καί

2458 3973 2786 4043 ἀμφήριστοι
2805 3974 3144 4039 άναφανεῖεν,
3167 3970 3400 4026 ἐνταῦθα
3425 3974 3637 4041 ἀνάγκη
3655 3974 3676 4004 ³
3701 3975 4028 4044 φρονήματα

2459 4065 2722 4133 φύεσθαιδ
2755 4065 2964 4136 σκληρά
2990 4067 3085 4118 καὶ
3118 4065 3352 4133 ὀγκώδη,
3387 4065 3688 4136 φιλοτιμίαι
3716 4083 3803 4131 τε,
3831 4068 4027 4137 ὥσπερ

2460 4158 2624 4219 εἰκὸς,
2659 4157 2936 4212 ὠδίνονται
2962 4157 3058 4210 καὶ¹
3095 4159 3545 4224 φιλοπρωτείαι⁵,
3595 4159 3690 4209 καὶ
3717 4157 3857 4211 ἄλλα
3890 4160 4028 4211 ἀττα

2463 4248 2630 4324 μυρία
2657 4248 2910 4318 ταραχῶν
2940 4265 3000 4300 τε
3042 4249 3138 4301 καὶ
3187 4248 3427 4301 στάσεων
3470 4248 3820 4318 γονιμώτατα
3853 4249 4025 4316 πάθη.

2461 4340 2648 4407 Ὅμως
2677 4341 2804 4410 παρ’
2834 4338 3058 4403 ἐκείνοις
3101 4341 3151 4392 εί
3195 4341 3289 4392 καί
3314 4341 3372 4402 ἐς
3401 4338 3658 4401 πλείστας
3686 4341 3819 4402 ὅσας
3851 4341 4026 4410 ἀρχάς

2459 4429 2671 4498 τύχοιεν
2712 4429 3045 4500 διῃρημένοι,
3079 4429 3231 4483 οὐδὲν
3255 4431 3284 4482 ὃ
3310 4431 3402 4483 τι⁶
3429 4429 3629 4483 τοιόνδε
3665 4431 4024 4502 ξυμφέρεται.

2477 4521 2613 4574 Ἀλλ’
2640 4522 2794 4585 είπερ
2824 4521 2930 4589 ἀρα
2959 4521 3052 4575 καί
3096 4538 3215 4574 τινα
3237 4522 3255 4552 ⁷
3295 4520 3411 4592 ἔριν
3442 4525 3556 4585 τοῖς
3588 4522 3903 4591 βασιλεῦσιν
3929 4525 4024 4592 ἑγ-

2463 4611 2710 4678 γενὲσθαι
2757 4610 3129 4681 ξυνενεχοείη,
3175 4611 3602 4682 παρατάττονται
3637 4612 3739 4682 μὲν
3786 4613 4022 4676 ἅπαντες

2457 4702 2530 4763 ὡς
2559 4703 2953 4772 πολεμήσοντες
2997 4703 3094 4756 καὶ
3139 4705 3252 4764 τοῖς
3294 4703 3479 4766 ὅπλοις
3524 4702 4021 4772 διακριθησόμενοι.

2459 4795 2552 4848 καὶ
2571 4789 2688 4847 εἷτα
2714 4795 2876 4864 ὁμόσε
2907 4793 3172 4864 χωροῦσιν
3193 4809 3210 4822 ’
3243 4795 3440 4858 ἰδόντες
3467 4795 3522 4847 δὲ
3551 4794 3814 4864 ἀλλήλους
3841 4797 4023 4849 ἑκατέ-

2459 4884 2628 4954 ρωθεν
2657 4887 2690 4955 ἡ
2722 4884 2947 4954 πληοίις,
2973 4885 3168 4939 αὐτίκα
3196 4887 3255 4938 τὸ
3281 4884 3600 4956 χαλεπαίνον
3623 4888 4021 4951 άποϐαλόντες¹¹

2459 4978 2517 5039 ἐς
2555 4975 2930 5046 ὁμοφροσύνην
2975 4977 3382 5047 μεταχωροῦσι,
3433 4979 3526 5031 καὶ
3571 4980 3696 5040 τοὺς
3750 4981 4022 5050 ἡγεμόνας

2461 5069 2740 5122 κελεύουσι
2759 5069 2881 5141 δίκῃ
2905 5069 3101 5138 μᾶλλον
3121 5069 3188 5120 τὰ
3216 5070 3488 5138 ἀμερεεολα
3511 5071 3989 5141 διευκρινήσασθαι
4006 5090 4017 5098 δ

2462 5161 2509 5212 εί
2537 5160 2594 5212 δὲ
2624 5160 2718 5230 μὴ,
2753 5159 2944 5229 μόνους
2972 5161 3209 5224 ἐκείνους
3231 5159 3608 5228 ἀγωνίζεσθαι.
3638 5161 3732 5214 καὶ
3762 5164 3822 5214 ἐν
3840 5163 4020 5232 σφίσιν

2464 5252 2644 5313 αὐτοῖς
2667 5249 3104 5315 διακινδυνεύειν,
3126 5251 3202 5314 ὡς
3233 5251 3330 5320 οὐχ
3362 5251 3506 5305 ὅσιον
3532 5253 3592 5304 ὃν
3617 5252 3740 5304 οὐδὲ
3770 5253 4017 5323 πάτριον,

876 5507 920 5538 ⁸⁸
962 5507 1018 5568 ἐς
1050 5499 1170 5558 εἶτα
1192 5503 1255 5557 Β.
1287 5503 1704 5572 ἀναμαχέσοιντο
1736 5501 1824 5559 Η..
1859 5499 2346 5572 ἀναμαχέοιντογιιῖ

2472 5501 2518 5531 ⁹¹
2542 5516 2600 5572 τε
2627 5499 2750 5554 add.
2781 5499 2848 5554 fr.
2867 5511 2921 5556 et
2938 5500 3006 5572 Β.
3032 5503 3098 5571 τῇ
3139 5501 3336 5572 Ἰταλίᾳ
3364 5499 3452 5567 3.,
3482 5503 3578 5572 τῆς
3593 5500 3822 5572 Ἰταλίας
3838 5502 4017 5572 τηις..

807 5577 1008 5642 ταύτης
1031 5575 1097 5628 ιι.
1170 5577 1217 5607 ⁸³
1247 5575 1302 5626 δὲ
1328 5568 1416 5637 ιι.’,
1447 5568 1508 5640 γε
1539 5574 1682 5639 vulg.
1735 5574 1799 5642 ,νδ
1820 5570 2164 5642 κατῴκησαν.
2237 5568 2544 5642 ⁹⁵νομίμοις
2573 5569 2660 5632 R.,
2687 5571 2869 5640 νόμοις
2893 5571 3039 5642 vulg.
3074 5568 3161 5604 ”⁹⁶
3180 5568 3592 5642 καταδεέστερον
3623 5570 3687 5622 ιι.
3753 5571 3803 5642 "7
3825 5568 4019 5640 ἀμέλει

810 5665 920 5701 (illi.
954 5664 1020 5700 II'.

811 5720 902 5771 καὶ
930 5728 1054 5771 ante
1081 5717 1139 5773 ἐς
1169 5732 1276 5769 οιιι.
1324 5715 1392 5768 fr.

1093 5645 1140 5677 ⁸⁸
1173 5646 1274 5714 τήν
1323 5661 1383 5696 τε
1410 5639 1700 5712 υεραπείαν
1717 5641 1787 5694 ﬂ.
1862 5642 2028 5714 ’fhxal
2050 5640 2200 5714 οὐδέν
2221 5655 2288 5714 ⁸τι
2313 5640 2346 5690 fl

2422 5650 2462 5690 et
2495 5639 2582 5702 IL,
2616 5639 2760 5714 vulg.
2783 5639 3014 5714 οὐδέντέ
3073 5644 3101 5714 ν¹
3127 5643 3222 5695 καὶ
3261 5642 3338 5712 τῷ
3374 5644 3462 5704 Β..
3499 5639 3612 5714 ﬁxa).
3654 5644 3712 5694 ἑν
3739 5641 3815 5714 τῷ
3845 5639 4017 5714 ΑνιιΑΙπ.

1469 5696 1488 5743 ὶ
1515 5696 1794 5782 ἡγεμόνας
1833 5711 1990 5782 add,
2023 5726 2084 5762 ea
2116 5709 2179 5760 ﬂ.
2316 5725 2344 5760 e

2425 5696 2869 5782 ιιψτξρνίηὶῖίρεε.
2942 5713 2963 5742 ³
2989 5713 3201 5781 ἀνάγκη
3241 5696 3363 5767 οιΙὶΙ.
3387 5696 3662 5782 θίίὶεόεῃι
3736 5711 3757 5740 ⁸
3786 5696 4018 5779 ξύεσθαι

815 5791 878 5840 ιι.
914 5787 1104 5856 l.ugd.,
1141 5786 1333 5853 φύεται
1361 5785 1482 5856 ιιιίιΙ.
1512 5780 1568 5834 τε
1600 5780 1707 5839 tun.
1731 5783 1804 5836 Ἡ.
1876 5781 2346 5856 ξιξιλοπρῳτείαιῇ

2429 5817 2455 5856 ._
2490 5781 2846 5856 φιξ.οςτρωτίαι
2897 5783 3042 5856 vulg.
3087 5780 3228 5840 etii.

3327 5785 3347 5814 ‘
3389 5785 3452 5836 οὐ
3493 5784 3554 5836 τὸ
3609 5779 3674 5835 ιι.
3729 5796 3826 5851 pro
3858 5782 3887 5834 ὃ
3945 5798 4014 5832 τι.

814 5859 833 5889 τ
866 5845 1101 5911 τιναῚὶξ
1135 5845 1187 5911 et
1219 5856 1309 5922 hu,
1336 5855 1436 5908 τιν’
1498 5857 1636 5927 vulg.
1712 5856 1734 5885 ⁸
1761 5845 2113 5912 ἀποϐαλόντες
2136 5850 2204 5904 ίί·.
2238 5857 2290 5904 ct
2313 5845 2346 5900 ll

2433 5845 2819 5913 ἀποϐάλλοντες
2846 5852 2986 5921 vulg.
