4222 6448
190 365 327 430 1283

1367 363 1901 426 HISTORIARUM
1931 364 2164 424 LIBER
2193 365 2246 425 I.

3288 365 3423 438 1281

182 477 317 540 ιδίας
344 477 522 533 αὐτῶν
555 477 716 533 ἕνεκα
744 476 1064 550 δυσμενείας
1095 477 1164 532 τὰ
1196 476 1351 530 κοινὰ
1380 471 1751 550 πημαίνεσθαι

1857 472 2160 528 hefactetur
2186 481 2241 527 et
2260 470 2621 527 subvertatur.
2647 469 2944 528 Confestim
2974 473 3157 542 itaque
3186 480 3240 528 et
3265 490 3420 529 exer-

179 569 274 622 καὶ
299 570 724 642 ἀνατετράφθαι.
782 570 959 634 Εὐθὺς
997 570 1098 640 δὴθ
1127 564 1220 624 οὖν
1253 568 1351 632 τάς
1375 566 1439 622 τε
1468 567 1753 637 φάλαγγας

176 661 476 726 διαλύουσι,
529 663 626 715 καὶ
672 662 742 716 τὰ
769 662 910 716 ὅπλα
945 661 1205 724 τίθενται,
1255 660 1350 714 καὶ
1388 659 1635 712 τολοιπὸν
1671 660 1751 712 εί-

178 753 318 825 ρήνη
347 749 504 817 αὖθις
525 754 620 806 καὶ
644 754 938 824 ἡμερότης,
966 753 1240 822 φοιτήσεις
1257 769 1316 805 τε
1338 752 1468 824 παρ’
1491 750 1750 821 ἀλλήλους

177 837 475 914 ἀφύλακτοι
527 846 623 899 καὶ
666 843 957 916 ἐπιμιξίαι,
1020 846 1115 900 καὶ
1169 844 1374 917 φροῦδα
1423 846 1628 915 οίχεται
1682 842 1749 895 τὰ

175 938 344 992 δεινά.
376 937 560 1002 Οῦτως
591 939 698 1011 ἄρα
730 941 914 1001 αὐτοῖς
938 939 998 992 τὺ
1025 938 1126 1011 μὲν
1151 940 1390 1008 ὑπήκοον
1420 937 1625 992 δίκαιον
1651 935 1747 989 καὶ⁵

178 1029 491 1099 φιλόπατρι,
536 1028 598 1081 τὸ
648 1029 705 1082 δέ
754 1046 818 1099 γε
863 1030 1026 1102 ἄρχον
1074 1029 1299 1100 εὐμενὲς
1343 1032 1402 1083 ἐν
1441 1030 1614 1083 δέοντι
1654 1031 1748 1084 καὶ

176 1126 453 1196 πειθήνιον
476 1142 492 1157 ⁸
523 1125 696 1181 ταῦτά
722 1144 806 1180 τοι
830 1126 926 1180 καὶ
947 1126 1244 1180 διατελοῦσι
1269 1125 1498 1196 δύναμιν
1524 1124 1744 1196 βεϐαίαν

174 1215 410 1287 ἔχοντες,
447 1218 537 1272 καὶ
563 1218 747 1288 νόμοις
782 1221 1052 1292 χρώμενοι
1098 1220 1211 1282 τοῖς
1242 1219 1423 1283 αὐτοῖς
1448 1234 1463 1248 ο
1513 1216 1609 1271 καὶ
1635 1217 1745 1271 τῶν

177 1308 280 1378 μὲν
308 1310 524 1363 οἰκείων
550 1311 705 1364 οὐδὲν
733 1311 763 1364 ὅ
794 1328 847 1365 τι
897 1310 1332 1383 ἁποὸεόληκότες
1351 1351 1368 1377 ,
1415 1309 1644 1363 πλείστα
1685 1309 1744 1364 δὲ

171 1399 276 1453 ὅσα
309 1402 756 1472 ἐπικτησάμενοι.
802 1401 1125 1473 Δικαιοτύνη
1173 1403 1284 1474 γὰρ
1323 1401 1416 1456 καὶ
1453 1400 1673 1472 φιλότης
1697 1401 1741 1432 ¹⁰

171 1482 256 1551 οἷς
297 1489 361 1543 ἂν
406 1490 734 1562 ἑντραφείη,
775 1491 1066 1562 εὐδαίμονα
1108 1492 1288 1564 τίθησι
1330 1491 1600 1544 πολιτείαν
1645 1489 1768 1584 καὶε

176 1579 429 1650 μόνιμον,
465 1581 559 1635 καὶ
587 1583 788 1653 ἥκιστα
820 1581 1098 1654 πολεμίοις
1129 1584 1424 1654 ἁλώσιμον.

243 1671 316 1738 γ’.
373 1669 531 1724 Οῦτω
585 1673 685 1741 μὲν
733 1667 827 1725 οὖν
863 1675 912 1727 οί
940 1673 1180 1746 Φράγγοι
1221 1674 1418 1746 ἄριστα
1465 1671 1733 1743 βιοῦντες,

172 1761 329 1830 σφ’ὦν
360 1778 421 1814 τε
457 1760 638 1815 αὐτῶν
665 1762 889 1818 καὶτῶν
936 1763 1243 1835 προσοίκων
1282 1762 1563 1834 κρατοῦσι,
1603 1764 1729 1816 παῖε

1851 564 2022 619 citum
2052 565 2292 631 solvunt,
2322 572 2378 638 et
2408 580 2559 619 arma
2591 565 2887 636 deponunt,
2915 580 3153 637 paceque
3179 565 3417 622 redinte-

1850 666 2004 727 grata
2030 666 2147 712 tuto
2169 672 2360 712 rursus
2390 657 2531 710 inter
2568 671 2627 711 se
2652 665 2982 721 commeant,
3009 657 3238 714 sublatis
3261 676 3291 713 e
3314 675 3420 714 mc-

1847 744 1941 798 dio
1961 742 2391 800 difﬁcultatibus.
2416 744 2566 799 Adeo
2590 745 2733 814 apud
2761 745 2881 800 illos
2903 743 3102 799 subditi
3125 745 3420 815 suntjustio

1849 836 1938 891 tiae
1982 845 2036 892 et
2078 838 2268 908 patriae
2313 837 2575 904 studiosi;
2616 838 2888 908 principes
2942 852 3094 902 vero,
3137 839 3229 894 ubi
3278 855 3419 909 opus

1847 934 1952 994 est,
1985 927 2184 998 placidi
2213 938 2269 983 et
2303 928 2759 984 obsecundantes.
2790 927 2994 984 Idcirco
3022 930 3210 1000 utique
3231 940 3287 986 et
3319 929 3417 984 tir-
3471 915 3473 918 f

1847 1033 1992 1073 niam
2039 1019 2242 1090 degunt
2285 1019 2543 1092 habentes
2583 1019 2918 1090 potentiam,
2974 1021 3167 1077 iisdem
3206 1021 3416 1088 legibus

1848 1120 2084 1178 utentes,
2133 1128 2230 1168 sua
2287 1123 2534 1177 tuentes,
2575 1115 2820 1185 nihilque
2864 1115 3204 1182 amittentes,
3250 1130 3414 1184 quam

1843 1203 2078 1274 plurima
2107 1219 2235 1260 vero
2271 1203 2639 1275 acquirentes.
2663 1204 2880 1261 Justitia
2910 1207 3054 1260 enim
3089 1217 3144 1261 et
3175 1205 3414 1260 amicitia

1845 1295 1936 1351 ubi
1977 1297 2179 1368 vigent,
2213 1297 2428 1352 beatam
2471 1296 2797 1368 ﬁrmamque
2823 1297 3064 1388 eﬂiciupt
3085 1311 3200 1354 rem
3233 1298 3415 1371 publi-

1841 1403 1962 1445 cam
1993 1397 2049 1445 et
2083 1401 2427 1462 nequaquam
2452 1390 2700 1446 hostibus
2723 1391 3162 1462 expugnabilem.

1907 1663 1960 1717 3.
2003 1661 2198 1717 Franci
2239 1661 2423 1733 itaque
2455 1663 2560 1718 hoc
2597 1665 2761 1720 modo
2808 1665 3012 1736 optime
3041 1665 3206 1722 vitam
3250 1681 3404 1722 suam

1835 1753 2198 1820 instituentes,
2221 1763 2277 1810 et
2303 1755 2407 1810 sibi
2447 1755 2552 1826 ιθ
2580 1755 2711 1821 ipsis
2735 1766 2788 1811 et
2825 1757 3070 1814 finitimis
3107 1757 3401 1830 imperant-

169 1823 263 1916 δες
296 1854 360 1905 ἐκ
384 1853 638 1925 πατέρων
661 1853 700 1885 ¹¹
721 1853 818 1925 τὴν
844 1823 1120 1926 βασιλείαν
1145 1823 1729 1926 διαδείόμενοιίᾏλλὰ
1759 1823 1770 1878 1

1847 1845 1960 1902 Filii
1999 1846 2243 1918 patribus
2287 1848 2343 1902 in
2394 1823 2620 1918 regnum
2663 1849 2980 1906 succedunt.
3027 1849 3132 1904 Sed
3184 1823 3255 1905 eo
3277 1851 3410 1904 tern‘

167 1944 283 2016 γὰρ
313 1945 406 1998 καὶ
435 1946 492 2009 ἐς
531 1947 707 2000 ἐκεῖνο
744 1949 789 1979 ¹¹
821 1948 916 2002 τοῦ
959 1949 1176 2020 καιροῦ,
1217 1949 1308 2002 ὅτε
1351 1948 1416 2021 δὴ
1449 1949 1500 2002 οἱ
1543 1947 1728 2001 Γότθοι

176 2037 258 2100 ὡς
325 2039 524 2100 αὐτοὺς
578 2039 1004 2110 ἐπρεσϐεύοντο,
1050 2042 1220 2113 ⁷τρεῖς
1277 2041 1460 2104 αύτοτς
1518 2041 1739 2117 ὴγεμόη

167 2144 262 2190 νες
297 2127 392 2200 [Ρ.
430 2127 535 2200 14]
566 2129 859 2201 ἐτύγχανον
886 2130 1056 2195 ὄντες.
1081 2133 1196 2186 Ούκ
1217 2132 1325 2186 ἀπὸ
1342 2133 1542 2204 τρόπου
1566 2133 1622 2185 δέ
1646 2149 1735 2203 μοι

167 2213 485 2271 εἶναιδοκεῖ
518 2219 693 2291 βραχύ
747 2239 800 2274 τι
829 2221 1038 2276 ἄνωθεν
1078 2223 1368 2295 ἀρξαμένῳ
1410 2221 1506 2276 τοῦ
1543 2225 1732 2292 γένους

167 2308 267 2358 καὶ
293 2305 402 2359 τῶν
426 2306 852 2378 ξυνενεχθέντων
883 2311 928 2342 ¹³
977 2309 1054 2382 τῷ
1081 2311 1187 2381 πρὸ
1230 2311 1325 2365 τοῦ
1365 2310 1619 2381 ἐλάχιστα
1641 2311 1721 2365 δι-

171 2397 469 2468 εξελθόντι,
499 2399 688 2455 ἔπειτα
709 2403 769 2465 ἐς
796 2402 1037 2466 ἐκείνους
1061 2403 1110 2456 οἳ
1131 2402 1197 2474 δὴ
1226 2405 1283 2457 ἐν
1312 2403 1390 2474 τῷ
1425 2407 1544 2457 τότε
1569 2405 1734 2475 ἐκρά-

166 2506 323 2556 τουν,
361 2490 459 2562 τὴν
507 2491 781 2564 ἐκδρομὴν
837 2494 1188 2549 καταπαῦσαι
1241 2495 1338 2550 τοῦ
1376 2496 1555 2564 λόγου.
1603 2496 1734 2549 Χιλ-

166 2581 419 2654 δίϐερτος
450 2584 494 2616 ⁸⁸
526 2585 626 2655 μὲν
664 2587 774 2658 γὰρ
815 2589 911 2642 καὶ
946 2587 1283 2660 Χλωθάριος,
1325 2588 1407 2641 ἔτι
1448 2589 1505 2642 δὲ
1536 2588 1732 2642 Θευδέ-

170 2690 328 2746 ριχος
363 2676 459 2728 καὶ
503 2677 866 2749 Χλωθομῆρος
908 2679 1127 2749 ἀδελφοὶ
1180 2681 1520 2751 ἐγεγένηντο.
1572 2673 1731 2735 Οὗτοι

167 2762 228 2816 δὲ
257 2764 446 2836 ἐπειδὴ
473 2765 655 2830 αὐτοῖς
680 2767 989 2833 Χλωθοαῖος
1014 2770 1042 2821 ό
1077 2770 1261 2841 πατὴρ
1309 2771 1608 2842 ἐτεθνήκει,
1650 2771 1731 2826 δι-

168 2853 458 2924 ενείμαντο
471 2855 708 2927 τέτραχα
733 2857 831 2930 τὴν
866 2858 1160 2929 βασιλείαν,
1193 2860 1334 2915 κατά
1353 2879 1412 2914 τε
1432 2862 1612 2926 πόλεις
1639 2861 1733 2915 καὶ⁸

169 2943 306 3014 ἐθνη
348 2947 406 3008 ἐς
455 2947 580 2999 ὅσον
607 2944 759 3019 οἶμαι
788 2949 898 3002 τῶν
945 2950 1073 3003 ἴσων
1113 2951 1325 3023 ἑκάστῳ
1359 2955 1621 3022 μετεῖναι.
1655 2953 1732 3006 Ού

170 3035 358 3107 πολλῷ
379 3038 436 3090 δὲ
475 3037 704 3110 ὕστερον
753 3041 1122 3114 Χλωθομῆρος
1169 3043 1313 3096 κατὰ
1358 3042 1732 3114 Βουργουζιώ-

169 3145 284 3179 νων
333 3130 769 3201 ἐπιστρατεύσας
814 3131 994 3202 (γένος
1031 3132 1088 3186 δὲ
1124 3133 1284 3186 τοῦτο
1325 3133 1600 3198 Γοτθικὸν,
1630 3133 1729 3186 αύ-
1757 3155 1798 3212 c

167 3215 403 3284 τουργόν
457 3231 515 3268 τε
549 3218 862 3288 περιφανῶς
893 3219 937 3250 ⁸⁸
968 3217 1039 3272 τὰ
1071 3219 1354 3290 πολέμια),
1404 3223 1462 3274 ἐν
1491 3221 1639 3291 αὐτῷ
1667 3221 1732 3290 δὴ

165 3302 251 3374 τῷ
308 3306 530 3377 πολέμῳ
580 3310 814 3381 ἀκοντίῳ
861 3309 929 3364 τὰ
979 3311 1177 3382 στέρνα
1222 3312 1435 3376 τυπεὶς,
1475 3313 1733 3386 ἀνῃρέθη.

166 3395 441 3460 Ιιεσόντος
471 3397 530 3450 δὲ
574 3400 760 3464 αὑτοῦ,
816 3401 1002 3472 ἐπειδὴ
1023 3400 1122 3472 τὴν
1159 3402 1339 3473 κόμην
1376 3405 1426 3456 οί
1472 3405 1737 3475 Βουργου-

166 3483 366 3549 ζίωνες
394 3487 725 3561 καθειμένην
747 3493 842 3546 καὶ
884 3491 1084 3562 ἄφετον
1117 3492 1412 3546 ἐθεάσαντο
1441 3496 1534 3548 καὶ
1575 3497 1735 3568 μέχρι

164 3575 269 3629 τοῦ
335 3581 678 3651 μεταφρένου
740 3583 1184 3654 κεχαλασμένην,
1241 3583 1441 3638 αὐτίκα
1493 3585 1737 3654 ἔγνωσαν

163 3668 264 3720 τὸν
302 3669 545 3739 ἡγεμόνα
576 3671 686 3725 τῶν
735 3673 1011 3744 πολεμίων
1053 3675 1453 3738 ἀποκτανόντες
1478 3678 1540 3730 ¹⁶.
1573 3678 1737 3748 Θεμι-

162 3757 264 3810 τὺν
296 3760 405 3830 γὰρ
428 3763 543 3823 τοῖς
570 3760 855 3831 βασιλεῦσι
877 3764 986 3818 τῶν
1012 3765 1279 3835 Φράγγων
1307 3765 1588 3821 οὐπώποτε
1617 3769 1733 3822 κεί-

167 3849 390 3918 ρεσθαι,
440 3851 556 3904 ἀλλ’
601 3853 960 3924 ἀκειρεκόμαι
1001 3855 1060 3908 τέ
1107 3858 1247 3909 εἰσιν
1287 3857 1350 3908 ἐκ
1392 3858 1596 3911 παίδων
1625 3859 1731 3926 ἀεὶ,

165 3942 272 3995 καὶ
302 3942 694 4015 παρῃώρηνται
732 3947 916 4008 αὐτοῖς
973 3947 1213 4010 ἅπαντες
1250 3943 1310 4000 εὖ
1346 3947 1490 4017 μάλα
1516 3949 1608 4001 ἐπὶ
1627 3949 1733 4002 τῶν

162 4033 340 4105 ὤμων
365 4035 413 4086 οἱ
443 4035 712 4106 πλόκαμοι
740 4051 754 4066 ο
799 4037 922 4090 ἐπεὶ
968 4037 1063 4090 καὶ
1096 4039 1148 4090 οἱ
1188 4039 1509 4109 ἐμπρόσθιοι
1540 4041 1604 4093 ἐκ
1636 4040 1730 4093 τοῦ

165 4124 431 4191 μετώπου
461 4127 796 4198 σχιζόμενοι,
829 4129 914 4198 ἐφ’
945 4130 1180 4202 ἑκάτερα
1221 4132 1493 4201 φέρονται.
1522 4132 1597 4185 Ού
1627 4133 1732 4205 μὴν

175 4213 378 4285 ὥσπερ
407 4217 459 4269 οί
488 4215 596 4269 τῶν
621 4216 878 4287 Τούρκων
915 4235 975 4271 τε
1019 4221 1114 4274 καὶ
1146 4221 1390 4292 Ἀὁάρων
1422 4224 1461 4253 ¹τ
1491 4224 1731 4294 ὰπέκτη-

161 4324 253 4359 τοι
285 4309 382 4360 καὶ
410 4309 689 4379 αὐχμηροὶ
721 4313 814 4364 καὶ
860 4313 1158 4382 ρυπῶντες,
1192 4316 1288 4367 καὶ
1322 4317 1531 4388 ἐνέρσει
1559 4319 1732 4389 ἀπρε-

166 4397 299 4460 πῶς
356 4399 854 4470 ἀναπεπλεγμένοι,
909 4401 1045 4455 ἀλλὰ
1088 4402 1346 4474 ῥύμματα
1377 4407 1486 4477 γὰρ
1514 4408 1732 4462 ἐπιϐάλ-

1837 1953 1989 2010 pore,
2014 1955 2124 2010 quo
2157 1939 2320 1994 Gothi
2367 1939 2687 2010 legationem
2723 1940 2790 1996 ad
2828 1956 2924 1998 eos
2965 1942 3253 2006 miserunt,
3293 1950 3404 1998 tres

1836 2030 1970 2100 ipsis
2008 2039 2164 2085 erant
2199 2030 2502 2099 principes;
2549 2045 2722 2100 neque
2764 2047 2894 2086 vero
2921 2031 3019 2088 abs
3055 2048 3116 2088 re
3157 2032 3406 2089 facturus

1837 2122 1972 2178 mihi
2008 2121 2214 2186 videor,
2241 2122 2286 2176 si
2310 2122 2472 2192 paulo
2495 2122 2658 2177 altius
2690 2123 2916 2193 repetito
2945 2139 3163 2195 genere,
3193 2125 3403 2179 brevis-

1835 2213 2082 2283 simeque
2099 2212 2369 2266 enarratis
2392 2212 2467 2267 iis
2487 2213 2582 2284 qui
2607 2221 2766 2268 antea
2788 2228 2882 2270 eos
2910 2223 3188 2277 rexex-unt,
3218 2215 3272 2269 in
3307 2216 3398 2278 iis,

1835 2305 1931 2376 qui
1966 2319 2032 2360 eo
2057 2312 2298 2374 tempore
2339 2304 2699 2376 imperabant,
2742 2294 3098 2376 digressionis
3126 2308 3286 2361 linem
3319 2305 3401 2362 fc-

1834 2374 1982 2451 cero.
2007 2374 2623 2464 Cliildibertus‘quidem
2666 2405 2720 2450 et
2741 2374 3111 2464 Clilotharius,
3139 2407 3398 2466 przeterea

1833 2501 1963 2542 vero
1987 2485 2356 2540 Theodericus
2394 2496 2448 2540 et
2488 2484 2904 2542 Chlothomerus
2932 2486 3172 2557 germani
3207 2485 3401 2541 fratres

1834 2579 2177 2650 fuerunt.lHi,
2199 2583 2423 2636 mortuo‘
2436 2589 2585 2650 patre
2604 2577 2941 2644 Chlothoaeo,
2961 2577 3016 2633 in
3031 2587 3266 2648 qualuor
3278 2593 3403 2648 par-

1833 2681 1915 2728 tes
1939 2688 2166 2743 regnum
2195 2673 2397 2741 partiti,
2427 2671 2728 2728 secundum
2763 2670 2935 2726 urbes
2951 2679 3007 2726 et
3029 2672 3283 2741 populos,
3324 2672 3400 2726 ita

1831 2775 1894 2819 ut
1927 2779 2112 2835 aequas
2157 2763 2357 2834 singuli
2423 2763 2722 2830 portiones,
2776 2774 2836 2816 ut
2884 2762 3138 2828 arbitror,
3187 2763 3400 2832 accipe-

1832 2861 1973 2907 rent.
1999 2850 2114 2907 Non
2138 2852 2310 2906 multo
2338 2861 2462 2922 post
2494 2860 2735 2922 tempore
2756 2850 3180 2909 Chlotbomerus
3201 2854 3397 2909 adver-

1832 2959 1928 2999 sus
1981 2942 2348 3014 Burgusiones
2395 2943 2699 2999 exercitum
2738 2943 2944 2997 ducens
2990 2942 3168 3013 (natio
3213 2953 3396 3000 autem

1833 3032 1948 3088 haec
1987 3031 2218 3088 Gothica
2255 3042 2341 3089 est
2365 3048 2462 3102 per
2500 3047 2560 3088 se
2601 3030 2874 3086 laboriosa
2913 3041 2966 3087 et
3005 3032 3195 3088 bellica
3239 3034 3399 3090 laude

1838 3124 2027 3194 clara),
2057 3123 2112 3178 in
2143 3124 2262 3194 ipso
2288 3121 2502 3193 praelia,
2531 3129 2720 3192 pectus
2754 3121 2938 3191 iaculo
2964 3121 3127 3188 ictus,
3169 3122 3393 3177 interiit.

1837 3213 1958 3281 Quo
2005 3213 2153 3267 humi
2197 3213 2412 3284 iacente
2455 3211 2828 3284 Burgusiones
2869 3214 3194 3282 promissam
3250 3213 3398 3270 illius

1836 3305 2128 3374 laxamque
2164 3318 2376 3358 comam
2403 3313 2459 3358 et
2485 3304 2554 3357 ad
2597 3303 2850 3374 scapulas
2897 3318 3068 3374 usque
3097 3304 3398 3376 pertingen-

1836 3402 1942 3448 tem
1986 3393 2305 3463 conspicati,
2355 3392 2643 3449 confestim
2687 3393 3074 3449 intellexerunt
3111 3410 3170 3450 se
3199 3396 3394 3451 ducem

1836 3488 2072 3544 hostium
2111 3487 2465 3542 interfecisse.
2504 3484 2758 3542 Solemne
2782 3487 2929 3545 enim
2956 3500 3042 3542 est
3060 3485 3394 3544 Francorum

1833 3580 2053 3649 regibus
2079 3593 2357 3651 nunquam
2385 3577 2594 3633 tonderi
2619 3595 2634 3632 ι
2663 3578 2755 3633 sed
2776 3593 2806 3634 a
2839 3579 3024 3648 pueris
3050 3578 3254 3634 intonsi
3277 3594 3395 3634 ma-

1833 3683 1992 3738 nent;
2031 3673 2281 3727 czesaries
2328 3680 2438 3726 tota
2476 3672 2730 3727 decenter
2767 3672 2927 3726 eisin
2974 3671 3232 3728 humeros
3271 3687 3395 3744 pro-

1831 3763 2066 3835 pendct,
2114 3764 2357 3818 anterior
2404 3779 2561 3819 coma
2607 3779 2637 3818 e
2687 3763 2865 3818 fronte
2904 3763 3279 3819 discriminata
3339 3767 3394 3820 in

1833 3865 2125 3925 utrumque
2147 3857 2287 3910 latus
2311 3856 2535 3911 deflexa.
2559 3855 2746 3926 Neque
2777 3872 2905 3911 vero
2934 3859 3392 3926 quemadmodum

1829 3945 2024 4000 Turcis
2055 3955 2109 4001 et
2128 3947 2318 4002 Araris
2351 3948 2563 4018 impexa
2587 3948 2670 4018 {iis
2691 3958 2745 4004 et
2778 3949 3026 4018 squalida
3063 3950 3394 4022 sordidaque

1831 4046 1911 4094 est
1933 4039 2041 4108 20
2061 4054 2244 4102 coma,
2269 4040 2354 4096 vel
2387 4040 2801 4110 complicatione
2841 4013 3150 4097 indecente'r
3171 4043 3394 4109 cirrata,

1830 4131 1925 4187 sed
1963 4141 2260 4201 smegmata
2288 4133 2436 4186 varia
2479 4133 2583 4202 ipsi
2626 4134 2728 4188 sibi
2762 4133 3042 4200 adhibent,
3078 4135 3396 4206 diligenter-

1830 4235 1936 4290 que
1955 4229 2178 4283 curant;
2205 4219 2366 4289 idque
2391 4221 2538 4276 velut
2560 4221 2772 4292 insigne
2791 4223 3062 4292 quoddam
3089 4225 3396 4296 eximiaque

1831 4313 2058 4368 honoris
2084 4313 2439 4386 praerogativa
2483 4315 2632 4382 regio
2657 4315 2838 4383 generi
2883 4315 3025 4384 apud
3064 4330 3161 4370 eos
3200 4317 3398 4371 tribui-

1833 4413 1940 4458 tur.
1967 4402 2178 4457 Subditi
2221 4405 2364 4457 enim
2391 4404 2734 4459 orbiculatim
2768 4406 3083 4472 tondentur,
3109 4422 3285 4478 neque
3313 4410 3394 4464 eis

158 4486 355 4541 λουσιν
380 4490 562 4551 αὐτοῖς
593 4490 637 4522 ¹⁸
661 4491 904 4557 ποικίλα,
957 4493 1054 4546 καὶ
1101 4495 1158 4557 ἐς
1181 4493 1243 4547 τὺ
1268 4496 1492 4565 ἀκριϐὲς
1522 4497 1729 4564 διαξαί-
1762 4484 1770 4538 Ῑ

1847 4495 2182 4564 prolixiorem
2217 4510 2426 4552 comam
2452 4496 2594 4550 alere
2623 4495 2782 4552 facile
2802 4499 3152 4567 permittitur.
3184 4498 3394 4572 Burgu-

157 4595 344 4632 νουσι.
398 4580 570 4633 Τοῦτο
613 4581 672 4634 δὲ
703 4583 892 4654 ὥσπερ
929 4601 983 4637 τι
1034 4585 1319 4655 γνώρισμα
1353 4587 1394 4618 ¹⁹
1423 4589 1518 4642 καὶ
1565 4590 1730 4662 γέρας

155 4670 448 4741 ἐξαίρετον
484 4673 562 4742 τῷ
613 4673 869 4746 βασιλείῳ
909 4677 1055 4744 γένει
1102 4678 1348 4732 ἀνεῖσθαι
1375 4681 1724 4750 νενόμισταιο

154 4764 292 4814 ἐπεὶ
323 4763 384 4814 τό
412 4780 474 4830 γε
506 4765 745 4834 ὑπήκοον
773 4768 1070 4838 περίτροχα
1102 4769 1148 4800 ²⁰
1173 4769 1470 4840 κείρονται,
1515 4773 1608 4826 καὶ
1640 4791 1728 4826 κο-

159 4856 280 4923 μᾴν
344 4854 528 4918 αὐτοῖς
571 4857 884 4926 περαιτέρω
922 4858 982 4909 ού
1051 4857 1194 4928 μάλα
1233 4861 1463 4929 ἐφεῖται.
1510 4863 1641 4915 Τότε
1662 4865 1725 4935 δὴ

153 4940 259 4995 οὖν
288 4942 387 4994 τοῦ
417 4943 789 5015 Χλωθομήρου
809 4947 909 5017 τὴν
943 4949 1184 5019 κεφαλὴν
1218 4951 1266 5003 οί
1296 4951 1726 5020 Βουργουζίωνες

153 5036 560 5104 αποτεμόντες,
587 5040 810 5102 καὶτοῖς
833 5040 971 5109 ἀμφ’
992 5041 1155 5094 αὐτὸν
1176 5044 1578 5114 στρατεύμασιν
1596 5047 1727 5100 ἀνα-

149 5125 460 5192 δείξαντες,
513 5128 787 5197 ψοφοδεεῖς
836 5131 1032 5184 αὐτίκα
1092 5135 1416 5205 πεποίηνται
1484 5137 1728 5203 ἅπαντας

1833 4588 2016 4642 siones
2057 4587 2240 4656 itaque
2266 4587 2490 4656 praeciso
2539 4587 2910 4644 Chlothomeri
2953 4591 3146 4660 capite,
3170 4605 3295 4646 cum
3326 4593 3391 4646 il-

1833 4679 1926 4734 lud
1953 4680 2128 4750 c0piis
2146 4695 2266 4750 quae
2289 4680 2494 4734 circum
2521 4695 2646 4734 eum
2684 4689 2842 4736 erant
2858 4691 3245 4749 ostentassent,
3273 4699 3392 4739 ma-

1833 4787 1992 4844 gnam
2021 4773 2201 4827 statim
2239 4772 2651 4841 trepidationem
2685 4773 3226 4847 desperationemque
3251 4776 3392 4849 infe-

1833 4873 2046 4931 cerunt,
2085 4864 2329 4932 adeoque
2356 4864 2436 4918 eis
2471 4865 2641 4919 animi
2676 4874 2824 4921 metu
2857 4867 3185 4934 ceciderunt,
3227 4880 3289 4924 ut
3335 4871 3388 4927 in

1830 4966 2108 5028 posterum
2146 4957 2345 5012 bellum
2387 4959 2748 5012 detrectarent
2782 4978 2794 5012 :
2823 4969 2877 5014 et
2911 4960 3142 5015 victores
3168 4962 3389 5031 quidem

1829 5063 1892 5104 ex
1921 5049 2087 5102 animi
2118 5047 2198 5102 sui
2245 5049 2533 5111 sententia,
2565 5059 2618 5102 et
2645 5049 2846 5118 quibus
2886 5059 3132 5119 oportere
3166 5053 3390 5108 videba-

1831 5151 1920 5198 tur
1959 5139 2362 5196 conditionibus
2389 5149 2444 5195 et
2472 5143 2666 5212 pactis,
2698 5143 2838 5197 bello
2867 5157 2985 5198 sese
3025 5143 3385 5201 exsolvernnt.

225 5370 350 5452 ’.δὴ
385 5372 447 5424 ιι.
470 5372 632 5452 οιίςη
661 5390 717 5425 τε
749 5374 948 5452 vnlg.”
980 5377 1024 5452 ξο
1059 5377 1277 5452 φιλότης
1296 5377 1380 5452 ΔΒ.
1418 5379 1484 5434 fr.
1505 5396 1633 5452 _mg.
1670 5381 1770 5451 Lug

1859 5394 1911 5437 et
1939 5381 2104 5450 lntpr.
2141 5382 2390 5452 Charitas,
2431 5382 2705 5452 φιλοτιμία
2725 5383 2871 5451 vulg.
2904 5451 2921 5452 ﬂ
2947 5384 2987 5414 ¹¹
3043 5384 3290 5452 πατέρων
3317 5381 3384 5439 R.

146 5456 206 5497 et
246 5443 351 5505 ἡ..
407 5443 624 5511 πατρῶν
686 5444 829 5512 vulg.

909 5447 950 5523 ξ’
982 5447 1038 5510 ἐς
1072 5447 1244 5523 ἐκεῖνο
1285 5448 1388 5513 CL,
1420 5453 1476 5511 ἐς
1499 5447 1706 5523 ἐκείνου
1735 5447 1770 5504 ν

1847 5469 1903 5523 ιη
1941 5455 1996 5523 ἐς
2025 5447 2202 5504 κείνου
2240 5451 2302 5506 Β.
2381 5454 2425 5485 ¹³
2443 5447 2873 5523 ’ξυνενεχθέντων
2902 5451 2965 5506 Β.
2994 5451 3061 5506 fr.
3089 5463 3143 5507 et
3169 5447 3330 5523 l'ntpr.

145 5503 716 5604 (ἐξίεᾼςοηιὶςξξεεηιῃ
737 5503 1067 5604 ξύνεχόχτων
1128 5518 1270 5604 vulg.
1309 5503 1392 5604 Λίί
1419 5503 1770 5604 ᾳξζελλίῆερτο

1847 5503 2111 5604 ἱππεύει
2153 5503 2239 5575 ea.
2279 5503 2364 5604 pr_.
2406 5503 2835 5604 μὲᾯ-γὰῥκιιξς
2861 5503 3216 5604 Tagi-41s
3241 5503 3386 5604 mg;

144 5581 483 5662 ξίλωθάριοξ
511 5582 574 5636 Β.
601 5594 656 5637 et
677 5583 782 5662 _fr.,
835 5581 1115 5662 Ᾱωθᾲριος
1135 5581 1283 5662 vulg.
1305 5588 1624 5662 Θευὸέριχος
1735 5606 1765 5644 e

1847 5581 2242 5660 r.,3306éptxo;
2267 5581 2418 5661 vulg:
2487 5581 2884 5662 ¹³’πὲριφανιῖ›ς’
2935 5581 3025 5656 lt,

146 5653 343 5728 Lugd.
374 5661 429 5705 et
459 5650 550 5728 fr?
606 5655 698 5705 καὶ
724 5650 1018 5728 περιφανὲς
1048 5657 1170 5728 edd.
1207 5650 1275 5710 τᾶ
1304 5650 1501 5728 στέρνᾶ
1532 5650 1643 5713 nni.
1677 5661 1745 5716 fr.

151 5742 274 5801 ξιον
310 5722 371 5801 ll:
413 5734 466 5774 et
509 5722 700 5801 lnl_pr.,
739 5722 884 5801 vnlg.
935 5725 1242 5801 βαρ-ὀάρων.
1321 5728 1362 5801 ξδ
1401 5722 1582 5794 αὐτοῖς
1627 5730 1718 5796 Β..

1847 5733 1983 5794 υτοίς
2039 5733 2181 5801 vulg.

149 5797 200 5824 ιο
227 5792 538 5862 περίτροχα
585 5793 649 5847 ιι.
682 5804 733 5850 et
771 5792 863 5858 fta,
900 5792 1216 5866 περίτροχον
1249 5798 1393 5870 vulg.

3095 5593 3388 5694 πξιιερξιέξε

1820 5661 1866 5692 ¹⁶
1932 5662 2324 5724 ἀποκτανόντες
2387 5663 2482 5733 Β..
2531 5661 2886 5725 ἀπεκτονότες
2918 5664 3063 5733 vulg.
3097 5732 3103 5733 γ
3141 5661 3182 5694 ⁸⁷
3227 5662 3387 5733 Ἀϐά-

2261 5733 2303 5764 ¹⁹
2332 5732 2499 5805 γέρας
2539 5734 2811 5803 ἐξαίρετον
2867 5733 2958 5787 καὶ
3008 5731 3289 5805 γνώρισμα
3316 5731 3384 5786 “‘-
