4212 6438
201 363 332 434 1297

1384 367 1925 433 IIISTORIARUM
1954 369 2187 433 LIBER
2220 367 2272 430 Ῐ.

3334 359 3479 428 1298

192 499 256 536 κε
303 481 352 515 ⁸³
403 481 685 553 βιαιότατα
733 481 1220 553 παραστήσασθαι.
1248 481 1385 537 Οὔτε
1417 483 1526 554 γάρ
1555 487 1623 556 τῇ
1654 483 1779 554 νίκῃ

1888 496 1967 535 ma
1995 483 2045 535 vi
2082 482 2339 551 subigere
2373 478 2585 533 statuit.
2616 475 2806 547 Neque
2839 474 2986 556 enim
3013 473 3098 528 vir
3129 474 3218 528 ille
3243 476 3468 534 victoria

194 574 341 644 πέρα
393 574 490 627 τοῦ
547 572 772 644 μετρίου
823 573 1231 642 φρυαττόμενος
1281 575 1340 638 ἐς
1381 575 1775 646 ἀπειροκαλίαν

193 666 421 735 ἐπῆρτο,
461 664 609 727 οὔτε,
638 665 778 734 ὅπερ
819 665 1006 736 ἕτερος
1043 666 1108 718 ἂν
1131 656 1441 731 ἐπεπόνθει,
1469 668 1528 728 ἐς
1562 666 1777 738 ῥᾳστώ-

193 772 290 825 νην
311 772 369 808 τε
401 755 448 787 ’⁵
473 756 566 808 καὶ
597 755 931 826 ἡδυπάθειαν
955 756 1093 826 μετά
1115 758 1240 822 τοὺς
1266 758 1460 821 πόνους
1483 758 1775 824 ἐξέκλινεν,

191 845 308 898 ἀλλ’
338 845 520 911 εὐθὺς,
557 848 702 909 ὅπως
732 843 878 918 εἶχεν
910 849 1104 918 ὁρμῆς,
1145 850 1375 920 κινήσας
1418 850 1508 902 τὸν
1542 850 1776 919 στρατὸν

191 938 286 990 ἐπὶ
312 938 410 1009 τὴν
438 938 637 1008 Κύμην
662 939 878 1010 ἐχώρει·
907 939 1146 1008 πόλισμα
1175 939 1232 992 δὲ
1261 941 1517 994 ⁹ίτσιλικὸν
1549 943 1581 1010 ἡ
1611 941 1776 1011 Κύμη

191 1027 554 1098 ἐχυρώτατον,
593 1028 688 1082 καὶ
743 1024 856 1082 οἷον
897 1030 958 1083 οὐ
1006 1032 1183 1102 ῥᾷστα
1227 1031 1508 1101 πολεμίοις
1551 1031 1775 1087 ἁλῶναι.

192 1118 438 1190 Ἰϐρυται
475 1119 573 1190 μὲν
596 1121 704 1191 γὰρ
727 1121 816 1176 ἐπὶ
847 1121 996 1192 λόφῳ
1026 1124 1070 1154 ³⁵
1096 1123 1202 1175 τινὶ
1222 1123 1575 1194 δυσπροσόδῳ
1603 1141 1661 1177 τε
1686 1125 1779 1177 καὶ

191 1210 433 1265 ἀνάντει⁸
466 1210 580 1264 ἔστι
620 1211 676 1264 δὲ
723 1212 816 1265 καὶ
850 1214 906 1266 ἐν
938 1216 1190 1284 περιωπῇ
1230 1213 1324 1266 τοῦ
1374 1215 1644 1282 πελάγους
1685 1215 1780 1270 τοῦ

192 1299 562 1371 Τυρσηνικοῢ.
610 1303 734 1355 Ἐπὶ
775 1302 886 1372 γὰρ
933 1307 997 1374 τῇ
1031 1306 1171 1375 ἀκτῇ
1210 1307 1239 1358 ὁ
1271 1306 1435 1376 λόφος
1468 1306 1672 1376 ἀνέχει,
1704 1307 1782 1371 ὼς

193 1391 294 1444 καὶ
317 1391 456 1460 ἀμφ’
481 1392 524 1424 ⁸⁸
558 1393 720 1446 αὐτὸν
745 1394 916 1463 δήπου
949 1395 1041 1447 τὸν
1075 1396 1320 1465 πρόποδα
1348 1395 1559 1467 ροχθεῖν
1601 1415 1655 1450 τε
1689 1403 1784 1452 καὶ

198 1480 566 1552 περικλείσθαι
599 1483 660 1536 τὸ
698 1483 896 1552 ῥόθιον,
923 1483 1034 1537 ἄνω
1069 1485 1124 1538 δέ
1161 1485 1341 1556 ἔρυμα
1372 1486 1781 1559 περιϐέϐληται,

192 1568 430 1642 πύργοις
465 1588 524 1624 τε
566 1573 660 1626 καὶ
696 1573 954 1637 ἐπάλξεσι
990 1575 1383 1645 καρτερώτατα
1428 1576 1785 1648 ἐξειργασμέ-

192 1679 308 1716 νον.
339 1663 555 1733 Τωτίλᾳ
578 1680 638 1716 τε
671 1659 764 1718 οὖν
787 1665 880 1719 καὶ
914 1666 1044 1738 Teii;
1072 1667 1116 1697 ‘7
1143 1669 1255 1732 τοὶς
1284 1667 1564 1736 βασιλεῦσι
1593 1671 1786 1740 πρότε-

197 1772 293 1826 ρον
322 1755 431 1809 τῶν
471 1755 686 1811 Γότθων
711 1758 1120 1828 γεγενημένοις,
1152 1759 1326 1812 όπόσα
1356 1760 1588 1830 ἐπίτιμά
1626 1777 1683 1814 τε
1717 1757 1785 1833 ἦν

1888 582 2084 643 prmtev
2134 575 2357 628 modum
2402 569 2739 624 i-nsolescens
2771 551 3086 622 indecenter
3115 566 3467 637 ell‘erebatur;

1883 681 2084 734 neque,
2118 665 2263 733 quod
2298 664 2420 716 aliis
2470 661 2720 716 accidere
2758 659 2915 724 solet,
2951 670 3073 730 post
3111 659 3328 715 labores
3358 660 3472 715 otio

1884 758 2256 826 voluptatique
2284 758 2387 827 31
2422 771 2483 811 se
2532 754 2812 820 tradebat;
2855 753 2947 808 sed
2991 751 3280 808 confestim
3323 763 3474 807 moto

1883 851 2126 905 cxrrcitu
2163 849 2228 903 ad
2268 852 2473 903 Cumas
2505 847 2794 918 processit.
2842 846 2938 900 Est
2973 861 3102 900 vero
3127 846 3177 900 id
3213 845 3472 916 oppidum

1884 942 2129 996 Italicum
2178 941 2649 1002 munitissimum,
2699 953 2877 1008 neque
2922 937 3080 993 facile
3135 946 3468 1009 expugnata.

1887 1035 2061 1090 Situm
2095 1036 2241 1088 enim
2280 1047 2364 1089 est
2411 1035 2462 1087 in
2496 1033 2670 1086 arduo
2699 1033 2937 1100 quodam
2963 1041 3016 1086 et
3054 1030 3323 1085 dillicilem
3355 1031 3477 1084 adi-

1888 1137 2000 1183 tum
2033 1129 2264 1182 habente
2306 1129 2465 1188 colle,
2495 1126 2735 1181 etvt-luti
2784 1127 3000 1194 specula
3040 1125 3209 1179 maris
3237 1122 3478 1195 Tyrrhe-

1889 1226 1962 1280 tti.
1999 1225 2250 1279 Imminet
2300 1225 2446 1278 enim
2490 1225 2657 1277 littori
2705 1223 2881 1287 collis,
2917 1223 2989 1276 ita
3020 1231 3079 1276 ut
3106 1222 3173 1275 ad
3221 1220 3341 1290 ejus
3379 1233 3477 1289 pe-

1888 1318 2009 1373 dem
2053 1317 2250 1371 iluctus
2283 1317 2453 1371 maris
2498 1316 2622 1369 illisi
2683 1315 3044 1383 frangantur;
3083 1313 3310 1367 editiore
3352 1311 3474 1364 loco

1890 1412 2032 1465 vallo
2064 1411 2306 1466 cinctum
2334 1420 2435 1474 est,
2471 1409 2827 1477 turribusque
2854 1417 2908 1462 et
2933 1405 3358 1477 propugnaculis
3387 1419 3476 1457 va-

1890 1505 2174 1559 lidissima:
2205 1512 2514 1558 structurae.
2549 1500 2604 1555 ln
2639 1502 2743 1555 hoc
2774 1500 2957 1568 itaque
2990 1497 3364 1554 munitissimo
3394 1504 3474 1548 ttt-

1893 1596 2213 1664 tissimoque
2263 1595 2460 1663 oppido
2497 1593 2710 1648 Totilas
2752 1602 2806 1646 et
2835 1590 2993 1646 Tcias
3025 1589 3234 1660 priores
3263 1586 3476 1642 Gotho-

1892 1701 2010 1740 rum
2067 1700 2223 1756 reges
2263 1685 2528 1754 quidquid
2585 1682 2716 1752 ipsis
2751 1690 2869 1735 erat
2910 1682 3270 1750 pretiosarum
3312 1688 3477 1746 atque

1892 1777 2338 1832 admirandarum
2384 1791 2566 1830 rerum
2599 1774 2896 1845 repositum
2935 1772 3232 1844 habebant.
3254 1770 3374 1836 Quo
3401 1767 3476 1822 si-

196 1847 299 1900 καὶ
320 1845 626 1915 ἀξιάγαστα
649 1846 760 1901 τῶν
796 1849 1114 1918 κτημάτων,
1148 1851 1205 1903 ἐν
1235 1849 1369 1920 τῷδε
1405 1850 1485 1921 τῷ
1517 1853 1784 1922 φρουρίῳ,

1894 1871 2008 1924 mul
2053 1885 2117 1923 ac
2157 1867 2358 1924 Narscs
2406 1869 2661 1933 venisset,
2717 1880 2934 1921 summa
2976 1864 3025 1917 vi
3068 1863 3364 1926 contendit,
3418 1869 3477 1912 ut

192 1937 276 2002 ὡς
314 1937 531 2008 βέϐαιον
555 1937 639 2000 ὃν,
672 1940 1022 2007 ἐφυλάττετο.
1068 1941 1332 1996 Ἐνταῦοα
1363 1943 1418 1996 δὲ
1446 1938 1539 1998 οὖν
1571 1947 1599 1998 ὀ
1634 1946 1787 2016 Ναρ-

195 2031 304 2101 σῆς
326 2030 676 2101 ἀφικόμενος,
703 2031 832 2104 περὶ
879 2033 1132 2088 πλείστου
1166 2037 1402 2090 ἐποιεῖτο
1436 2037 1576 2091 ἑλεῖν
1615 2056 1673 2092 τε
1710 2038 1786 2102 ὡς

191 2127 432 2197 τάχιστα
464 2127 525 2182 τὸ
551 2129 753 2199 χωρίον
789 2130 884 2182 καὶ
906 2130 1015 2183 τῶν
1045 2132 1348 2201 χρημάτων
1378 2134 1670 2204 κρατῆσαι,
1711 2135 1787 2198 ὡς

196 2221 344 2292 μήτε
379 2222 427 2275 oi
457 2221 644 2275 Γότθοι
674 2223 1014 2293 ὁρμητήριον
1051 2223 1292 2291 ἀσφαλὲς
1327 2224 1522 2296 ἔχοιεν,
1559 2227 1709 2298 αὐτῷ
1739 2229 1784 2260 ⁸³

191 2330 260 2369 τε
291 2316 360 2370 τά
384 2318 482 2388 τῆς
514 2316 672 2385 νίκης
701 2315 1011 2370 τελεώτατα
1041 2319 1097 2382 ἐς
1124 2320 1152 2372 ὅ
1180 2336 1232 2374 τι
1269 2319 1504 2389 μάλιστα
1535 2321 1786 2391 ἐξειργα-

196 2408 358 2479 σθείη
391 2411 456 2464 ⁸³.
507 2409 816 2479 Ἀλίγερνος
865 2411 974 2484 γὰρ
1015 2413 1044 2465 ὁ
1077 2412 1208 2466 Τεΐα
1251 2413 1517 2477 νεώτατος
1554 2414 1785 2484 ἀδελφὸς

192 2499 297 2554 ’τοῦ
331 2501 600 2572 ἡγεμόνος
641 2503 749 2556 τῶν
786 2502 1001 2557 Γὸτθων
1035 2504 1396 2573 γενενημένου
1434 2506 1499 2569 ³ο,
1544 2504 1688 2558 ἔνδον
1719 2523 1782 2574 γε

192 2583 269 2658 ἦν
299 2589 394 2642 τοῦ
424 2590 732 2661 περιϐόλου,
765 2592 860 2645 καὶ
887 2593 1446 2663 στράτευμα,·ὀπ5σον
1467 2591 1575 2649 οἷόν
1602 2614 1662 2650 τε
1693 2593 1778 2668 ἦν,

193 2681 340 2751 ἀμφ’
367 2681 530 2735 αὐτὸν
564 2683 812 2754 ἀγείρας,
843 2685 995 2738 οὐδέν
1037 2702 1091 2738 τι
1123 2689 1396 2758 εἰρηναῖος)
1444 2689 1778 2744 ﬁculis-33:0-

193 2774 300 2826 καὶ
327 2775 408 2827 ὅτι
452 2775 551 2844 μὲν
587 2776 752 2838 Teia;
799 2777 858 2830 ἐν
892 2777 971 2846 τῷ
1013 2777 1232 2847 πολέμῳ
1275 2778 1535 2849 ἀνῄρητο,
1583 2783 1678 2834 καὶ
1715 2783 1783 2837 τὰ

193 2863 314 2916 τῶν
351 2864 563 2918 Γότθων
600 2866 904 2936 πράγματα
940 2871 1241 2940 ἐκεκμήκει
1272 2887 1330 2923 τε
1363 2871 1403 2901 ⁸¹
1441 2870 1522 2942 [Ρ.
1561 2871 1652 2943 ‘20]
1689 2875 1782 2926 καὶ

194 2955 491 3020 διελέλυτο,
521 2957 621 3026 ἤδη
661 2975 764 3010 που
792 2960 850 3021 ἐς
875 2959 938 3012 τὸ
967 2961 1195 3031 ἀκριϐὲς
1227 2963 1479 3032 ἠκηκόει,
1516 2965 1544 3017 ό
1586 2964 1643 3018 δὲ
1672 2967 1782 3020 οὐδ’

193 3044 278 3109 ὣς
298 3046 343 3078 ιι
369 3045 530 3110 ἀνίει,
558 3047 678 3101 οὐδὲ
708 3048 808 3118 τὴν
841 3048 1252 3119 ξυνενεχθεῖσαν
1289 3051 1555 3121 ἐδείμαινε
1589 3055 1778 3125 τύχην,

1894 1977 2060 2031 quam
2089 1960 2357 2014 citissime
2381 1968 2434 2014 et
2462 1959 2659 2028 Oppido
2695 1967 2749 2012 et
2790 1955 3035 2026 pecuniis
3080 1954 3365 2024 potiretur,
3409 1964 3477 2004 ne

1891 2052 2086 2108 Gothis
2124 2063 2236 2107 tuta
2267 2051 2391 2107 belli
2423 2051 2603 2114 sedes,
2635 2051 2776 2104 unde
2817 2049 3025 2102 Italiam
3059 2045 3478 2100 excursionibus

1891 2147 2241 2210 infestarent,
2277 2144 2697 2214 relinqueretur,
2727 2157 2902 2211 eoque
2930 2139 3132 2210 oppido
3169 2148 3478 2207 expugnato

1889 2241 2044 2310 plena
2105 2238 2467 2306 absolutaque
2519 2236 2747 2290 victoria
2811 2235 3131 2288 ciliceretm.
3187 2231 3477 2300 Aligerntts

1887 2333 2035 2386 enim
2080 2331 2344 2386 minimus
2376 2339 2505 2383 natu
2531 2327 2700 2382 frater
2725 2327 2889 2392 Teize,
2921 2327 3014 2395 qui
3044 2325 3343 2379 Gothorum
3365 2323 3472 2376 dux

1887 2424 2086 2488 fuerat,
2133 2423 2274 2477 intra
2320 2420 2577 2491 oppidum
2625 2429 2745 2474 erat
2787 2428 2840 2473 et
2863 2419 3088 2473 collecto
3131 2434 3237 2470 non
3280 2415 3478 2485 exiguo

1885 2517 2128 2570 exercitu
2163 2515 2298 2569 nihil
2339 2513 2626 2584 paciﬁcum
2664 2512 2848 2566 animo
2878 2511 3137 2580 agitabat.
3177 2519 3288 2562 tum
3328 2508 3476 2576 quod

1887 2603 2110 2658 Teiasiu
2137 2602 2276 2658 bello
2333 2616 2508 2657 caesus
2543 2608 2708 2665 esset,
2736 2609 2849 2653 tum
2879 2600 3024 2669 quod
3057 2597 3358 2652 Gothorum
3389 2610 3476 2649 res

1885 2697 2236 2751 labefactatas
2258 2695 2657 2762 dissipatasque
2689 2694 2846 2762 plane
2865 2692 3234 2746 intellexisset.
3259 2688 3479 2758 Nequa-

1893 2801 2059 2856 quam
2092 2787 2277 2855 itaque
2311 2785 2552 2838 animum
2584 2783 2979 2852 despondebat,
3023 2798 3198 2851 neque
3236 2782 3478 2835 adversae

1886 2878 2116 2934 fortunae
2160 2879 2303 2934 ictus
2351 2878 2805 2947 pertimescebat,
2856 2879 2949 2932 sed
2984 2885 3039 2930 et
3081 2877 3185 2931 loci
3235 2875 3373 2929 situs
3424 2883 3480 2930 et

1885 2987 2066 3025 rerum
2113 2972 2218 3042 32
2271 2970 2706 3025 necessariarum
2752 2968 3024 3024 allluentia
3052 2970 3171 3037 ejus
3199 2968 3478 3022 conliden-

1883 3065 2014 3118 tiatn
2045 3063 2522 3131 arrogantiamque
2571 3063 2644 3114 ita
2685 3062 2937 3131 angebat,
2976 3071 3033 3116 ut
3069 3060 3227 3116 facile
3253 3059 3482 3114 hostiles

193 3135 340 3190 ἀλλά
365 3136 444 3207 τῷ
471 3155 530 3190 τε
562 3137 723 3209 χώρῳ
753 3138 974 3202 πίσυνος
995 3140 1086 3193 καὶ
1109 3143 1174 3211 τῇ
1203 3141 1314 3195 τῶν
1346 3143 1658 3211 ἀναγκαίων
1687 3146 1780 3198 εὐ-

320 3226 334 3243 .
439 3228 464 3243 Α
593 3228 604 3242 .
797 3230 840 3243 ..
877 3225 902 3243 τ
979 3230 1000 3243 ..
1177 3233 1190 3243 .
1252 3234 1266 3243 .
1294 3234 1306 3243 .
1372 3234 1384 3243 .
1612 3237 1621 3243 .
1701 3234 1725 3243 -

1888 3158 2123 3215 insultus
2160 3175 2220 3215 se
2263 3159 2608 3228 repulsurum
2650 3165 2915 3228 speraret.

195 3226 391 3299 πορίᾳ,
438 3228 640 3298 θρασύς
697 3246 756 3282 τε
796 3230 840 3262 ³³
874 3225 943 3300 ἦν
977 3230 1056 3285 ἔτι
1106 3233 1200 3286 καὶ
1244 3234 1497 3306 ὑψαύχην
1539 3237 1633 3289 καὶ
1671 3234 1779 3300 οἷος

192 3317 525 3388 ἀμύνεσθαι,
567 3321 631 3390 ἦν
656 3338 740 3384 τις
763 3322 928 3376 ἐπίοι.

276 3407 345 3461 θ’.
376 3409 553 3474 Εὐθὺς
582 3411 646 3481 δὴ
675 3407 768 3465 οὖν
801 3413 830 3464 ὁ
864 3412 1084 3482 Ναρσῆς
1118 3414 1584 3483 ἐγκελευσάμενος
1623 3433 1787 3488 προσ-

194 3501 310 3574 ῆγε
345 3502 436 3556 τὸν
459 3503 712 3573 στρατόν.
737 3505 799 3557 Οἱ
828 3503 884 3556 δὲ
912 3505 1010 3557 σὺν
1037 3503 1218 3574 πολλῷ
1247 3505 1394 3576 πόνῳ
1418 3507 1476 3568 ἐς
1501 3507 1561 3560 τὸ
1588 3507 1788 3576 γεώλο-

196 3611 308 3663 φον
330 3594 650 3658 ἀναϐάντες,
682 3596 776 3648 καὶ
797 3594 875 3664 τῷ
915 3596 1159 3667 φρουρίῳ
1193 3597 1547 3664 πελάσαντες,
1587 3600 1786 3654 αὐτίκα

193 3686 320 3748 τοῖς
345 3683 612 3754 δορατίοις
638 3684 920 3754 ἠκόντιζον
949 3685 1057 3738 τῶν
1087 3688 1144 3739 ἐν
1166 3687 1286 3750 ταῖς
1310 3685 1564 3752 ἐπάλξεσι
1597 3706 1786 3758 φαινο-

201 3775 411 3846 μένων,
429 3777 523 3828 καὶ
548 3776 617 3828 τὰ
637 3777 767 3843 τόξα
797 3778 1036 3848 ἐπήχουν
1053 3779 1204 3848 Θαμά
1227 3781 1332 3832 τῶν
1354 3780 1523 3848 βελῶν
1539 3785 1787 3855 ἀναπεμ-

199 3865 483 3934 πομένων,
517 3865 802 3934 σφενδόναι
839 3883 899 3919 τε
934 3866 1192 3938 ἐφέροντο
1228 3869 1532 3940 μετάρσιοι,
1567 3873 1660 3925 καὶ
1686 3890 1790 3945 μη-

195 3957 500 4028 χανήματα
537 3957 710 4010 ὁπόσα
737 3957 875 4029 πρὸς
914 3959 1272 4028 τειχομαχίαν
1315 3961 1545 4027 ἀνεῖται,
1570 3962 1787 4018 ἅπαντα

196 4051 460 4102 ἐκινεῖτο.
491 4051 554 4102 Οἱ
581 4049 637 4103 δὲ
664 4050 808 4120 ἀμφὶ
837 4051 928 4103 τὸν
970 4050 1278 4122 Ἀλίγερνον
1301 4053 1403 4106 ἀνά
1423 4055 1492 4108 τά
1519 4056 1792 4128 μεταπύρ-

196 4159 304 4210 για
342 4143 438 4195 τοῦ
467 4144 680 4212 τείχους
718 4142 1141 4214 ξυνειλεγμένοι,
1185 4146 1246 4198 οὐ
1290 4147 1636 4219 σχολαίτερον
1664 4152 1791 4204 ἀντ-

196 4232 586 4296 ἀκοντίζοντες
621 4251 679 4286 τε
715 4234 811 4286 καὶ
847 4233 1280 4299 ἀντιτοξεύοντες
1322 4237 1664 4307 διεμάχοντο,
1707 4238 1790 4292 λί-

196 4326 340 4387 θους
361 4341 422 4376 τε
461 4326 526 4377 ἐκ
555 4325 753 4395 χειρῶν
785 4325 1054 4394 μεγάλους
1077 4327 1423 4393 ἐπαφιέντες,
1449 4329 1543 4382 καὶ
1568 4329 1792 4401 φιτροὺς

195 4415 306 4468 καὶ
337 4415 604 4480 πελέκεις,
630 4415 724 4468 καὶ
751 4416 888 4486 ὅπερ
922 4415 988 4470 ἂν
1021 4417 1080 4470 οὐ
1112 4418 1301 4490 πόρρω
1327 4420 1424 4490 τῆς
1451 4422 1640 4490 χρείας
1675 4422 1791 4476 ἐδό-

195 4524 320 4570 κει,
356 4511 623 4577 μηχαναῖς
651 4526 711 4561 τε
733 4509 972 4580 ἐχρῶντο
997 4510 1092 4563 καλ⁵
1114 4513 1492 4584 ἀμυντηρίοις,
1524 4515 1619 4570 καὶ
1642 4515 1794 4569 οὐδὲν

190 4600 230 4652 ὃ
267 4615 325 4652 τι
361 4602 610 4670 παρεῖτο.
641 4602 722 4656 Τά
749 4618 813 4670 γε
851 4602 958 4673 μὴν
1006 4603 1320 4674 Ἀλιγέρνου
1354 4606 1664 4678 τοξεύματα
1699 4611 1793 4664 καὶ

195 4689 362 4760 μάλα
411 4692 522 4753 τοῖς
565 4691 858 4762 Ῥωμαίοις
924 4693 1152 4764 ἀρίδηλα
1198 4691 1287 4766 ἦν.
1343 4697 1532 4769 Ῥοίζῳ
1580 4716 1639 4752 τε
1683 4700 1793 4773 γὰρ

191 4779 395 4846 πολλῷ
421 4782 511 4833 καὶ
533 4782 797 4853 ταχυτῆτι
825 4783 886 4836 οὐ
924 4784 1209 4856 σταθμητῇ
1245 4786 1290 4818 ³⁵
1320 4787 1390 4840 τὰ
1425 4789 1636 4842 ἐκείνου
1661 4791 1792 4858 ἐφέρ

194 4887 342 4943 ρετο
375 4871 525 4942 βέλη·
561 4873 637 4934 ὼς
668 4875 828 4944 εἴπερ
863 4877 958 4929 καὶ
989 4878 1046 4939 ἐς
1076 4878 1219 4931 λίθον
1256 4882 1376 4934 τινὰ
1406 4881 1696 4950 ἐμπέσοιεν
1721 4884 1789 4950 ³³,

185 4964 232 5034 ἦ
271 4963 462 5032 ἔτερόν
509 4981 560 5016 τι
594 4966 830 5037 σκληρὸν
863 4968 959 5019 καὶ
988 4969 1312 5038 ἀτέραμνον,
1359 4970 1791 5044 διαρῤἡγνυσθαι

184 5056 360 5110 ἆπαν
387 5057 449 5124 τῇ
484 5057 576 5126 βίᾳ
602 5058 700 5126 τῆς
739 5057 941 5130 ῥύμης.
975 5059 1276 5114 Παλλάδιον
1305 5062 1436 5131 γοῦν
1459 5065 1666 5119 ἐκεῖνον
1703 5063 1791 5137 (ἦν

183 5145 261 5199 δὲ
303 5144 370 5198 οὐ
414 5147 524 5199 τῶν
568 5147 1040 5220 ἐρῤᾳθυμημένων
1090 5153 1136 5185 ³⁸³
1169 5153 1320 5224 παρά
1359 5154 1438 5224 τῷ
1469 5155 1662 5227 Nape?)
1692 5160 1736 5190 "
1762 5162 1792 5214 ό

277 5348 334 5421 ’ξ
355 5347 560 5421 ἔγνωκε
602 5347 693 5411 IL,
728 5349 889 5421 ἐγνω
918 5352 1063 5421 vnlg.

183 5418 404 5489 σεσθαι
476 5419 620 5489 vnlg.
698 5419 746 5451 "
775 5437 834 5472 τε
861 5421 985 5475 add.
1017 5418 1095 5478 ⁷η.

180 5491 276 5545 ad
317 5487 616 5562 inferiorem
640 5491 1046 5562 partemkvnlg.
1079 5498 1190 5551 καί.

177 5574 252 5647 σεξ
315 5559 403 5612 ed.
446 5574 551 5647 pr.n
606 5561 649 5589 “'
681 5559 1350 5647 i07§1.13.,£¢5t05-Vlli5.

180 5633 242 5707 ξι
280 5643 347 5707 τε
375 5626 483 5681 om.
515 5626 577 5682 ﬂ.
753 5626 863 5707 οὔδ’
885 5626 961 5695 ὣς
985 5633 1070 5702 ιι,
1105 5626 1354 5704 οὐδαμιῗᾶς
1387 5639 1531 5707 vnlg.

1442 5569 1484 5642 ’f‘
1519 5559 1876 5642 ἐξεργασθείη
1911 5559 1998 5626 Ἰί.

1626 5643 1670 5673 ⁸³
1703 5659 1759 5694 τε
1784 5642 1872 5704 8.,
1899 5659 1960 5708 γε
1987 5641 2131 5708 vulg.

1957 3426 2012 3481 9.
2047 3424 2241 3480 Statim
2277 3424 2462 3494 itaque
2490 3422 2690 3479 Narses
2727 3437 2859 3478 suos
2888 3421 3228 3488 adhortatus,
3268 3421 3480 3477 exercio

1888 3531 2002 3578 tum
2052 3520 2253 3590 oppido
2311 3518 2574 3574 admovit.
2625 3517 2704 3572 Illi
2753 3531 2883 3573 vero
2929 3532 3054 3571 cum
3105 3517 3160 3570 in
3191 3515 3477 3570 editiorem

1890 3613 2084 3670 collem
2117 3612 2358 3676 maximo
2387 3611 2574 3666 labore
2605 3609 3074 3675 conscendissent,
3095 3617 3148 3663 et
3171 3622 3480 3678 propugna-

1891 3705 2020 3760 culo
2042 3705 2593 3774 appropinquassent,
2633 3701 2814 3771 jacula
2854 3699 2908 3754 in
2937 3714 3033 3755 eos
3053 3700 3146 3770 qui
3185 3699 3250 3752 ad
3283 3700 3483 3769 pinnas

1889 3811 2174 3852 murorum
2208 3793 2946 3864 consistebanttorquebant,
2971 3799 3025 3846 et
3063 3807 3225 3848 arcus
3250 3792 3478 3846 assidua

1892 3890 2216 3960 sagittarum
2243 3887 2570 3944 remissione
2614 3886 2961 3959 clangebant,
3003 3885 3184 3941 fundze
3222 3886 3275 3940 in
3307 3885 3478 3939 altum

1892 3986 2329 4051 excutiebantur,
2375 3993 2429 4039 et
2482 3983 2750 4039 machina:
2784 3989 3053 4053 quotquot
3091 3980 3478 4050 oppugnationi

1894 4096 2178 4136 murorum
2211 4080 2535 4143 inserviunt,
2557 4093 2746 4135 omnes
2786 4077 3234 4133 admovebantur.
3265 4076 3480 4146 Aliger—

1896 4177 1950 4232 ni
1975 4191 2105 4232 vero
2143 4176 2345 4231 milites
2380 4191 2410 4230 e
2439 4175 2611 4229 muris
2642 4173 2708 4229 ad
2751 4172 3070 4228 intermedia
3097 4170 3328 4225 turrium
3354 4183 3480 4238 spa-

1897 4269 1971 4323 tia
2006 4268 2240 4331 collecti,
2267 4267 2438 4321 nihilo
2467 4268 2690 4338 segnius
2713 4265 2895 4336 iacula
2929 4265 3142 4332 telaque
3165 4272 3480 4329 retorquen-

1899 4369 1977 4414 tes
2002 4358 2434 4429 propugnabant,
2456 4372 2584 4412 saxa
2609 4357 2848 4429 ingentia
2892 4355 3144 4410 manibus
3164 4353 3216 4406 in
3241 4352 3480 4407 subeun-

1901 4461 1981 4508 tes
2031 4453 2335 4518 mittebant,
2383 4462 2437 4507 et
2487 4461 2712 4508 truncos
2751 4458 2803 4505 et
2854 4463 3076 4504 secures
3117 4455 3172 4501 et
3217 4443 3479 4515 quidquid

1826 4562 1869 4618 ο
1899 4553 2266 4615 opportunum
2312 4545 2435 4598 usui
2481 4544 2802 4604 videbatur;
2835 4538 3108 4594 machinis
3138 4536 3324 4590 itidem
3361 4544 3481 4589 ute-

1897 4633 2098 4687 bantur
2130 4631 2621 4700 instrumentisque
2651 4626 3036 4699 propulsanda:
3060 4624 3244 4680 hostili
3269 4623 3478 4677 violen-

1898 4720 1988 4774 tiae
2022 4719 2258 4785 idoneis,
2303 4719 2548 4788 nihilque
2574 4717 2800 4772 omnino
2828 4715 3198 4772 omittebatttr.
3233 4711 3360 4766 Tela
3397 4725 3481 4765 ve-

1896 4825 1958 4866 ro
1992 4825 2116 4880 quae
2153 4809 2394 4877 Aligerni
2426 4808 2599 4878 ipsius
2631 4807 2885 4862 manibus
2914 4805 3326 4867 emittebantur,
3372 4801 3480 4855 llo-

1897 4901 2043 4956 ntani
2071 4916 2181 4971 prae
2229 4901 2458 4954 aliorum
2492 4900 2611 4954 telis
2641 4899 2800 4954 facile
2817 4897 3249 4969 cognoscebant.
3281 4894 3477 4961 Magno

1896 4992 2039 5045 enim
2079 4991 2314 5046 stridore
2337 5000 2390 5046 et
2417 4991 2703 5046 velocitate
2725 4988 2947 5044 immani
2976 4987 3121 5042 illius
3145 4986 3356 5056 sagittae
3382 4985 3479 5037 de-

1900 5080 2240 5145 ferebantur,
2297 5081 2438 5135 adeo
2491 5090 2549 5135 ut
2595 5083 2649 5135 itt
2703 5095 2891 5134 saxum
2937 5077 3156 5147 aliquod
3207 5083 3302 5131 aut
3330 5074 3478 5129 aliud

1899 5172 2158 5242 quiddam
2205 5173 2403 5228 durum
2445 5165 2735 5243 fructuque
2772 5169 2988 5226 difﬁcile
3035 5169 3247 5234 delatae,
3304 5176 3475 5222 totunt

1109 5351 1386 5432 βιαὶότατα
1513 5357 1680 5420 lttlnr.
1712 5378 1784 5415 sui

1888 5379 1916 5432 rt
1948 5362 2017 5424 vi.
2050 5361 2348 5432 βιαιότερον
2372 5361 2526 5432 ivulg.
2559 5356 3019 5432 παραστήσασθαι
3051 5354 3437 5432 [ἓν-παραστή
3473 5385 3476 5390 -

1184 5426 1229 5456 ’³
1254 5437 1402 5502 ῥῃῖῳ
1427 5427 1516 5502 lii,
1540 5432 1632 5485 sed
1669 5447 1856 5502 margo
1887 5426 2060 5502 λόφῳξ
2089 5433 2183 5502 καὶ
2213 5426 2418 5502 postea
2469 5426 2591 5502 aqu.
2629 5429 2693 5482 ιι.

1267 5497 1310 5570 ξτ
1344 5497 1557 5570 Τωτίλᾳ
1572 5509 1625 5554 cl
1649 5502 1780 5570 Τεῖξι

1888 5543 1922 5564 .,
1963 5493 2179 5555 Τωτιλα
2213 5493 2293 5554 ὀι
2324 5501 2484 5564 Teia;
2518 5499 2665 5562 Palu.
2707 5499 2917 5570 Τὼτιλα
2951 5493 3262 5570 ρι’Τεϊα-Ιὶ.
3301 5493 3473 5563 Lugd.

2775 5421 2821 5461 ’δ
2852 5430 2945 5481 καὶ
2970 5429 3106 5496 ἀμφ’
3139 5426 3202 5478 fl.
3225 5421 3278 5479 et
3301 5421 3475 5496 μηνὶ.

2095 5573 2139 5604 ³⁸
2171 5571 2536 5640 γεγενημένος
2579 5571 2640 5623 ll.
2684 5584 2736 5624 et
2760 5639 2783 5640 ί
2803 5569 2968 5640 Intpr.
2995 5567 3104 5640 γὰρ
3135 5565 3220 5640 Β.
3281 5579 3382 5635 pro
3411 5580 3477 5631 γε

2231 5637 2698 5710 ’δζοὺήσταθμητῇ
2759 5639 2824 5692 Η.
2895 5637 3095 5710 Lttgtl._
3133 5637 3200 5710 in_
3261 5640 3480 5710 m_g_._et

515 5713 608 5794 ..ις
649 5699 987 5794 ’τελιγέρνηςν
1036 5698 1585 5794 amoenae:-
1734 5714 1784 5781 ξι

1888 5698 2050 5794 sete-.3.
2081 5698 2792 5794 ἰξ.-εξ.8υἰι1.,.ἐμπέςέέιεν
2834 5698 3004 5779 Πιιεῖ
3055 5707 3100 5739 ⁵⁸
3134 5706 3242 5760 τῶν
3305 5698 3476 5776 ἐρρα-

178 5768 543 5839 οεδμημένων
568 5768 632 5822 ll.
662 5778 715 5825 et
770 5768 960 5842 lntprl,
992 5775 1071 5847 τῷ
1092 5768 1530 5851 ὲρῤᾲου’;.ιημένῳ
1553 5782 1694 5850 ναις,
1767 5768 1784 5814 ἐ

1891 5789 1975 5837 ost
2005 5781 2194 5837 Ναοσῇ
2226 5781 2290 5834 ιι.
2323 5768 2485 5836 ουτίὸ
2511 5768 2827 5843 Παλλάδιος.
