4212 6438
747 381 766 442 1
779 384 882 446 299

1922 384 2272 444 AGATIIL'E
2305 383 2790 451 SCIIOLASTICI

3851 394 4001 455 1300

741 495 874 549 illud
899 495 1128 564 impetus
1163 496 1409 550 violentia
1443 496 1856 567 perfringerent.
1876 496 2173 551 Palladium
2200 496 2308 550 ita-
2336 503 2370 558 Α

2374 531 2384 557 ι
2412 499 2727 566 Παλλάδιος,
2762 506 2894 559 ἀλλὰ
2918 510 3324 576 στρατεύματός
3349 525 3404 561 τε
3431 510 3615 578 ἡγεῖτο
3647 511 3998 579 Ῥωμσῐκοῧ,

741 602 850 654 qne
888 588 1036 641 illum
1068 589 1203 658 (erat
1232 599 1413 644 autem
1454 591 1502 644 is
1535 604 1643 643 non
1684 590 1893 659 vulgari
1929 591 2070 659 apud
2106 588 2306 644 Narse-

741 686 849 733 tem
884 678 1025 743 loco,
1065 679 1157 734 sed
1195 690 1248 735 et
1283 679 1509 736 Romani
1550 681 1825 737 exercitus
1855 682 2050 736 ductor
2084 690 2222 748 erat,
2254 693 2308 736 et

740 787 772 827 e
805 773 1092 843 praecipuis
1124 775 1435 829 cohortium
1487 774 1797 845 praefectis),
1847 775 2022 842 illum,
2060 777 2304 846 inquam,

741 863 1087 932 conspicatus
1128 864 1234 935 33
1279 865 1566 934 Aligernus
1603 866 1777 921 ferrea
1824 866 1990 922 lorica
2036 867 2303 932 indutum,

741 969 1046 1025 magnaque
1081 955 1406 1011 conﬁdentia
1437 971 1596 1012 muro
1623 956 2018 1023 imminentem,
2055 957 2304 1029 sagittam

738 1041 794 1096 in
825 1058 950 1097 eum
977 1060 1041 1099 ex
1070 1044 1214 1098 edito
1249 1053 1487 1114 torquet,
1529 1059 1636 1116 qua
1684 1045 1869 1100 statim
1920 1055 2090 1101 totum
2129 1046 2306 1100 homi-

740 1150 864 1189 nem
894 1152 988 1204 per
1012 1145 1226 1191 scutum
1248 1146 1303 1192 et
1335 1137 1559 1191 loricam
1593 1136 1843 1208 trajecit:
1871 1145 2150 1207 tantopere
2174 1137 2308 1192 vlri-

735 1225 839 1280 bus
867 1225 1003 1282 alios
1024 1228 1335 1297 superabat,
1368 1227 1666 1297 validaeque
1694 1228 1744 1282 ei
1767 1236 1920 1282 erant
1949 1227 2016 1281 ad
2045 1237 2308 1298 torqueno

736 1315 866 1370 dum
905 1330 1095 1372 arcum
1141 1333 1356 1372 manus.
1392 1316 1574 1373 Multis
1612 1318 1796 1387 itaque
1827 1317 2082 1387 deinceps
2111 1319 2305 1376 diebus

734 1406 1067 1475 ejuscemodi
1113 1408 1452 1464 velitationes
1486 1418 1618 1464 sunt
1647 1409 1865 1473 habitae,
1893 1409 2215 1478 neutrisque
2237 1425 2305 1465 ex

737 1494 909 1550 animi
940 1496 1207 1551 sententia
1243 1512 1331 1550 res
1377 1497 1759 1566 procedebant.
1805 1481 1941 1550 Nam
1967 1507 2022 1552 et
2043 1495 2306 1551 Romanis

734 1597 890 1655 turpe
914 1586 1195 1640 videbatur
1215 1587 1282 1650 si,
1299 1587 1495 1643 infecta
1529 1603 1608 1652 re,
1631 1603 1809 1658 neque
1836 1590 2053 1643 redacto
2075 1589 2128 1644 in
2151 1598 2307 1659 pote-

732 1686 929 1732 statem
963 1677 1185 1748 oppido,
1231 1679 1588 1745 recederent,
1633 1693 1685 1734 et
1725 1679 1888 1734 Gothi
1945 1689 2128 1748 aperte
2170 1681 2306 1737 satis

731 1769 1049 1824 videbantur
1077 1771 1359 1826 obsidione
1383 1771 1450 1826 ad
1479 1771 1803 1827 deditionem
1832 1785 1940 1826 non
1967 1770 2200 1826 venturi.

2409 591 2502 644 καὶ
2552 595 2610 644 ἐν
2645 597 2758 658 τοῖς
2796 597 3073 666 μεγίστοις
3128 601 3440 669 ταξιάρχοις
3480 602 3525 632 ³⁸
3572 601 3796 668 ἐτέλει),
3860 601 3997 654 ἰδὼν

2405 680 2538 748 γοῦν
2560 682 2606 714 ³⁸
2637 683 2943 756 ’Δλίγερνος
2965 687 3148 752 αὐτὸν,
3179 688 3383 760 σιδήρῳ
3399 706 3457 741 τε
3485 688 3993 758 τεθωρακισμένον,

2406 772 2503 826 καὶ
2536 776 2842 845 φρονήματι
2869 776 2963 841 ξὺν
2985 777 3164 848 πολλῷ
3289 783 3458 851 τείχει
3487 781 3536 813 ⁸⁸
3564 783 3991 850 ἐπιτρερόμενον,

2406 864 2601 936 ἀφίησι
2641 865 2795 938 βέλος
2821 869 2970 940 αὑτῷ
2999 872 3064 924 ἐκ
3085 870 3180 924 τοῦ
3212 871 3510 942 μετεώρου,
3539 874 3635 926 καὶ
3670 872 3869 924 αὐτίκα
3903 872 3994 924 δι-

2405 955 2734 1027 επερόνησεν
2786 958 2878 1013 τὸν
2926 959 3094 1032 ἄνδρα
3151 959 3397 1030 διαμπάξ
3439 960 3587 1030 αύτῷ
3631 959 3838 1030 θώρακι
3888 961 3993 1012 καὶ

2404 1045 2611 1100 ἀσπίδι·
2664 1047 2806 1102 οὕτω
2852 1050 2916 1120 δή
2961 1068 3017 1104 τι
3059 1049 3106 1083 ’⁵⁸
3149 1052 3375 1122 δυνάμει
3420 1070 3480 1105 τε
3523 1051 3631 1104 τῶν
3670 1051 3717 1083 δ’
3763 1051 3992 1104 πολλῶν

2406 1137 2623 1211 περιῆν,
2656 1139 2752 1192 καὶ
2783 1140 3051 1210 καρτεραὶ
3096 1141 3243 1212 αύτῷ
3274 1141 3465 1212 ἐρύσαι
3507 1141 3660 1206 τόξον
3689 1143 3744 1193 αι
3774 1144 3986 1211 χεῖρες·

2405 1226 2626 1290 πολλαῖς
2687 1229 2786 1298 μὲν
2841 1225 2936 1285 οὖν
2988 1230 3086 1285 καὶ
3139 1231 3339 1302 ἐφεξῆς
3395 1232 3628 1303 ἡμέραις
3683 1234 3732 1290 οί
3781 1230 3989 1289 τοιοίδε

2405 1318 2792 1390 άκροΰολισμοὶ
2851 1321 3147 1390 ἐγίγνοντο,
3198 1324 3294 1376 καὶ
3348 1323 3499 1377 οὐδὲν
3535 1323 3656 1377 οὐδὲ
3694 1323 3990 1392 ὁποτέροις

2406 1409 2716 1479 προύχώρει
2758 1409 2866 1463 τῶν
2894 1411 3273 1465 ἐλπισθέντων·
3310 1415 3422 1476 τοῖς
3451 1429 3510 1465 τε
3547 1413 3656 1482 γάρ
3686 1412 3989 1482 Ῥωμαίοις

2405 1500 2627 1570 αἰσχρὸν
2658 1499 2830 1555 ἐδόκει
2861 1502 2894 1572 ή
2923 1501 3268 1574 ἀναχώρησις
3290 1504 3420 1574 πρὶν
3440 1503 3896 1575 παραστήσασθαι
3926 1504 3990 1555 τὸ

2404 1589 2624 1659 χωρίον,
2667 1589 2764 1642 καὶ
2807 1591 2858 1643 οἱ
2906 1590 3091 1645 Γότθοι
3135 1591 3343 1663 ἔνδηλοι
3383 1588 3524 1665 ἦσαν
3559 1593 3635 1656 ὡς
3663 1593 3710 1624 ⁸³
3733 1593 3887 1646 ούδεν
3928 1607 3987 1645 τι

2408 1680 2608 1751 μᾶλλον
2634 1679 3008 1746 ἐνδωσείοντες
3027 1686 3095 1754 τῇ
3126 1682 3431 1755 πολιορκίᾳ.

802 1861 890 1916 lt).
918 1859 1122 1917 Narses
1162 1863 1347 1931 itaque
1392 1861 1610 1932 indigne
1637 1861 2131 1932 molestissimeque
2157 1861 2302 1919 fere-
2333 1833 2370 1893 Β

2374 1841 2380 1888 ί
2479 1870 2530 1918 ι’.
2570 1865 2794 1936 Ναρσης
2821 1864 2887 1936 δὴ
2903 1860 2997 1919 οὖν
3023 1865 3070 1898 ⁸⁸
3097 1867 3127 1920 ό
3164 1865 3465 1937 στρατηγός
3493 1865 3726 1937 ἧσχαλλέ
3742 1883 3800 1919 τε
3833 1866 3984 1931 άγαν

730 1949 844 2013 bat,
879 1951 924 2005 si
968 1950 1232 2006 Romanis
1269 1951 1485 2022 longius
1533 1961 1744 2022 tempus
1790 1952 1844 2005 in
1878 1966 2136 2021 perquam
2182 1954 2301 2008 exi-

736 2041 826 2109 gui
855 2042 1038 2112 oppidi
1064 2043 1464 2113 expugnatione
1486 2051 1634 2098 esset
1660 2043 1963 2097 terendum.
1994 2041 2301 2099 Fluetuanti

735 2136 920 2203 itaque
955 2134 1058 2204 ipsi
1107 2135 1430 2205 singulaque
1460 2133 1810 2203 perpendenti
1857 2133 2034 2187 visum
2082 2133 2299 2188 tandem

731 2234 818 2281 cst
850 2225 1240 2295 propugnaculi
1271 2223 1727 2294 expugnationem
1760 2222 1862 2276 hoe
1882 2230 2039 2291 pacto
2072 2230 2297 2278 tentare.

731 2318 812 2371 Ad
842 2316 1160 2372 orientalem
1192 2315 1347 2371 collis
1370 2314 1564 2369 ﬂexum
1603 2322 1817 2368 antrum
1847 2311 2118 2383 quoddam
2169 2315 2301 2371 sub-

730 2413 850 2461 erat
894 2404 1042 2460 omni
1068 2418 1137 2459 ex
1169 2406 1332 2473 'parte
1377 2410 1579 2457 tectum
1621 2400 1886 2471 valdeque
1921 2415 2135 2463 cavum,
2164 2402 2300 2458 adeo

731 2506 794 2553 ut
843 2497 1003 2569 adyta
1035 2495 1284 2566 quaedam
1317 2494 1500 2548 nativa
1539 2492 1762 2548 haberet
1798 2501 1854 2547 et
1877 2493 2056 2546 sinum
2108 2493 2302 2563 ingen-

733 2601 843 2644 tem
869 2605 933 2644 ac
953 2580 1283 2660 profundum
1312 2586 1481 2641 instar
1509 2583 1773 2640 barathri.
1806 2582 1864 2637 In
1900 2583 2003 2638 hac
2025 2583 2180 2639 aiunt
2203 2584 2303 2639 hae

731 2681 937 2736 bitasse
961 2680 1088 2736 olim
1123 2678 1364 2733 Italicam
1390 2675 1649 2747 Sibyllam
1684 2675 1908 2731 numine
1929 2675 2186 2741 amatam,
2216 2677 2301 2733 di-

731 2774 936 2836 vinam,
963 2783 1018 2826 et
1040 2770 1444 2826 sciscitantibus
1465 2768 1644 2822 futura
1667 2765 1775 2838 35.
1799 2767 2110 2836 praedicere.
2134 2769 2300 2824 Aiunt

731 2879 860 2919 vero
884 2865 1046 2918 etiam
1075 2860 1304 2916 AEneam
1327 2858 1580 2913 Anchisae
1605 2858 1773 2911 tilium
1800 2871 1925 2912 cum
1953 2871 2021 2912 eo
2041 2857 2298 2926 venisset,

735 2955 992 3026 Sibyllam
1029 2955 1078 3008 ei
1111 2952 1294 3008 omnia
1319 2965 1438 3020 qua:
1457 2949 1710 3018 deinceps
1733 2947 2050 3003 acciderunt
2071 2947 2296 3004 dixisse.

735 3048 913 3117 Super
947 3047 1088 3101 hanc
1139 3045 1323 3112 itaque
1355 3040 1669 3111 speluncam
1708 3054 1835 3109 pars
1877 3039 2123 3108 quaedam
2157 3054 2296 3095 mte-

731 3140 884 3194 nium
919 3135 1267 3232 incumbebat
1303 3143 1466 3204 atque
1483 3131 1832 3232 innitebatur.
1865 3132 2018 3231 Quod
2040 3147 2166 3232 cum
2184 3131 2301 3232 ani-
2325 3172 2370 3232 Ο

731 3228 1113 3284 madvertisset
1148 3224 1368 3291 Narses,
1404 3237 1503 3293 pro
1533 3237 1591 3277 se
1621 3220 1798 3275 facere
1827 3220 2059 3283 censuit,
2087 3221 2300 3277 immis-

731 3323 919 3391 sisque
951 3320 1132 3376 statim
1163 3317 1215 3373 in
1246 3316 1364 3372 illas
1392 3315 1533 3369 antri
1559 3312 1923 3368 concavitatcs
1947 3312 2077 3366 viris
2105 3327 2300 3382 qnam-

731 3411 981 3484 plnrimis
1005 3408 1354 3465 atl‘erentibus
1382 3419 1566 3462 secum
1596 3405 1956 3460 instrumenta
1976 3403 2301 3460 exscinden-

732 3506 818 3560 dis
860 3503 1008 3558 saxis
1049 3510 1102 3556 et
1136 3497 1489 3556 sull‘odiendis
1540 3497 1716 3552 muris
1760 3495 1976 3562 idonea,
2015 3495 2302 3552 exeavavit

734 3595 994 3666 paulatim
1042 3601 1206 3662 atque
1236 3591 1438 3646 excidit
1481 3588 1624 3643 antri
1661 3601 1986 3651 convexum,
2015 3601 2120 3656 qua
2151 3595 2302 3656 parte

733 3685 1204 3757 propugnaculum
1249 3682 1299 3736 ei
1342 3679 1706 3744 innitebatur;
1739 3691 1916 3746 eoque
1964 3675 2177 3730 tandem
2205 3689 2302 3730 ex-

732 3776 1032 3834 scindenda
1064 3783 1118 3829 ct
1142 3773 1453 3828 abradendo
1483 3770 1658 3826 basim
1691 3766 1901 3822 mdiﬁcii
1934 3766 2215 3836 processit,
2243 3775 2303 3821 ut

729 3868 842 3937 jam
883 3864 1096 3919 initium
1133 3860 1468 3916 fundamenti
1517 3857 1832 3914 nudaretur.
1866 3853 2004 3911 Tum
2038 3865 2214 3911 erecta
2245 3855 2298 3910 in

731 3957 982 4012 ordinem
1012 3955 1162 4024 tigna
1190 3952 1489 4014 substituit,
1530 3965 1652 4020 quae
1685 3957 1859 4004 totum
1896 3947 2038 4002 muri
2087 3947 2300 4017 pondus

733 4053 1120 4107 sustentarent,
1154 4057 1221 4096 ne
1253 4041 1513 4112 paulatim
1559 4039 1798 4094 resoluta
1845 4051 2132 4107 compages
2177 4052 2300 4092 cor-

732 4147 935 4200 rueret,
965 4145 1020 4192 et
1046 4133 1206 4190 Gothi
1231 4132 1362 4201 quid
1397 4140 1646 4200 ageretur
1670 4127 1855 4184 statim
1883 4137 2294 4197 cognoscerent.

733 4227 868 4282 Nam
903 4223 1106 4296 alioqui
1133 4222 1317 4278 statim
1362 4219 1516 4275 initio
1547 4229 1917 4284 occurrentes,
1941 4225 2297 4288 reparataque

727 4320 943 4389 jactura
987 4313 1303 4370 ﬁrmissime
1345 4310 1602 4379 deinceps
1645 4323 1745 4364 sua
1787 4307 2174 4365 custodissent.
2219 4308 2297 4364 Ne

733 4411 918 4479 itaque
941 4405 1163 4463 omnino
1189 4418 1310 4474 quae
1329 4401 1625 4472 agebantur
1645 4399 1724 4455 eis
1755 4398 2168 4465 innotescerent,
2198 4413 2295 4453 ne-

2404 1956 2498 2011 καὶ
2535 1955 2910 2026 ἐχαλέπαινεν,
2941 1959 2992 2010 εί
3026 1955 3217 2027 χρόνος
3250 1958 3366 2019 τοῖς
3403 1956 3694 2026 Ῥωμαίοις
3726 1954 3892 2018 πολὺς
3920 1957 3984 2008 ἐν

2402 2047 2667 2120 ἐλαχίστῳ
2700 2047 2960 2120 πολιχνίῳ
2995 2047 3304 2120 τετρίψεται
3338 2049 3407 2103 ⁸⁸.
3439 2048 3682 2102 Ἀλύοντι
3711 2048 3769 2102 δέ
3797 2050 3844 2102 oi
3879 2050 3981 2102 καὶ

2399 2140 2606 2198 ἕκαστα
2646 2139 3072 2209 γνωματεύοντι,
3124 2138 3300 2205 ἔδοξεν
3331 2138 3529 2209 χρῆναι
3567 2140 3981 2212 ἀποπειρᾶσθαι

2399 2230 2493 2285 τόῦ
2523 2232 2782 2304 φρουρίου
2811 2233 3070 2303 ἀμηγέπη
3100 2232 3147 2263 ⁸⁸
3173 2231 3358 2303 τρόπῳ
3380 2232 3588 2306 τοιῷδε.
3629 2233 3717 2286 Ἐν
3741 2233 3819 2302 τῷ
3836 2233 3980 2303 πρὸς

2397 2321 2551 2391 ἥλιον
2601 2322 2892 2392 ἀνίσχοντα
2935 2322 3031 2375 τοῦ
3075 2321 3238 2390 λόφου
3271 2323 3634 2394 τετραμμένῳ
3674 2323 3718 2353 ⁸⁷
3761 2322 3979 2389 ἀγκῶνι

2399 2412 2595 2483 ἄντρον
2623 2429 2676 2466 τι
2708 2412 2933 2466 ὕπεστιν
2961 2411 3286 2483 άμφηρεφές
3306 2429 3366 2466 τε
3399 2415 3494 2466 καὶ
3523 2411 3975 2483 γλαφυριῖιτατον,

2398 2503 2475 2562 ὡς
2498 2503 2670 2557 άδυτά
2703 2519 2765 2556 τε
2799 2501 2944 2572 ἔχειν
2978 2503 3260 2572 αὐτόματα
3291 2503 3337 2536 ⁸⁸
3367 2502 3461 2557 καὶ
3502 2501 3665 2566 κῦτος
3711 2502 3844 2572 εὐρὺ
3876 2505 3979 2556 καὶ

2402 2593 2778 2665 βαραθρῶδεςο
2829 2591 3061 2647 ἐνταῦθα
3104 2594 3171 2662 δὴ
3202 2593 3370 2648 πάλαι
3405 2593 3540 2662 φασὶ
3571 2593 3670 2662 τὴν
3703 2592 3978 2646 Σίϐυλλαν

2399 2685 2498 2754 τὴν
2523 2685 2689 2752 πάνυ,
2709 2685 2811 2756 τὴν
2842 2683 3071 2756 Ἰταλὴν,
3088 2684 3528 2756 ἐνδιαιτωμένην,
3546 2684 3904 2754 φοιϐόληπτόν
3925 2684 3977 2715 ⁸⁸

2398 2791 2462 2828 τε
2517 2775 2602 2847 [Ρ.
2631 2774 2724 2846 ει]
2774 2771 2915 2830 εἶναι
2960 2776 3055 2830 καὶ
3094 2774 3300 2840 ἔνθουν,
3349 2774 3444 2829 καὶ
3476 2775 3874 2846 προαγορεύειν
3900 2775 3977 2831 τὰ

2401 2867 2637 2938 ἐσόμενα
2658 2867 2706 2899 ⁸⁸
2738 2870 2850 2931 τοῖς
2893 2865 3334 2937 πυνθανομένοις.
3372 2866 3606 2934 Λέγεται
3633 2865 3691 2918 δέ
3716 2883 3846 2920 ποτε
3876 2867 3976 2920 καὶ

2401 2957 2621 3012 Δίνείαν
2643 2958 2688 2989 ⁸⁸
2717 2957 2810 3010 τὸν
2843 2957 3096 3028 ’Δγχίσου
3127 2956 3294 3010 αὐτοῦ
3322 2956 3654 3026 ἀφικόμενον
3679 2957 3895 3011 ἅπαντά
3921 2960 3977 3012 οί

2399 3051 2499 3122 τὴν
2534 3049 2794 3103 Σίϐυλλαν
2821 3050 2986 3118 φάναι
3012 3049 3082 3103 τά
3119 3049 3343 3120 ὕστερον
3379 3050 3975 3124 ξυνενεχθέντα.⁹]”πὲρ

2401 3141 2603 3211 ταύτην
2631 3140 2697 3212 δὴ
2720 3135 2814 3194 οὖν
2829 3139 2925 3211 τὴν
2941 3140 3228 3210 σπήλυγγα
3241 3141 3285 3172 ³⁸
3304 3139 3467 3211 μέρος
3492 3158 3546 3194 τι
3564 3141 3658 3196 τοῦ
3685 3143 3972 3213 περιϐάλω

2403 3231 2690 3306 ἐρήρειστο
2745 3232 2841 3286 καὶ
2885 3233 3216 3301 ἐφειστήκει.
3280 3232 3506 3302 Ναρσῆς
3554 3232 3612 3286 δὲ
3654 3233 3814 3287 τοῦτο
3846 3236 3974 3288 ἐπι-

2403 3325 2752 3394 φρασάμενος
2777 3323 2914 3393 πρὸς
2948 3321 3114 3376 αὐτοῦ
3163 3318 3299 3376 εἶναι
3327 3323 3502 3392 ᾠήθη,
3532 3325 3625 3376 καὶ
3648 3320 3741 3378 οὖν
3771 3326 3974 3379 αὐτίκα

2401 3413 2601 3483 ἄνδρας
2645 3413 2722 3476 ὡς
2770 3397 3056 3476 πλείστους
3101 3411 3206 3465 ὑπὸ
3259 3411 3327 3465 τά
3373 3413 3527 3466 κοῖλα
3576 3413 3829 3482 ἐμϐαλὼν
3871 3415 3970 3470 τοῦ

2402 3503 2688 3576 σπηλαίου,
2712 3505 2919 3574 ὄργανα
2945 3503 3205 3573 φέροντας
3233 3502 3494 3574 λιθοτόμα
3521 3505 3614 3558 καὶ
3634 3505 3969 3576 τειχωρύχα,

2400 3594 2754 3659 ἐξεκόλαπτεν
2781 3592 2965 3662 ἡρέμα
3015 3592 3108 3644 καὶ
3143 3591 3387 3662 διέτεμεν
3424 3593 3472 3624 ⁸³
3509 3592 3604 3646 τοῦ
3641 3595 3838 3666 ἄντρου
3875 3598 3970 3651 τὸν

2400 3685 2618 3754 ὄροφον,
2669 3681 2797 3736 ἐνθα
2844 3682 2902 3734 τὺ
2959 3681 3137 3751 ἔρυμα
3175 3682 3431 3752 ἧδραστο,
3481 3683 3575 3737 καὶ
3619 3685 3676 3746 ἐς
3712 3685 3971 3741 τοσοῦτον

2400 3776 2690 3840 ἐξέκοπτεν
2719 3775 2812 3826 καὶ
2831 3772 3173 3840 διεκάθαιρεν
3197 3772 3292 3843 τὴν
3324 3772 3478 3842 βάσιν
3505 3775 3606 3844 τῆς
3633 3777 3965 3846 οἰκοδομίας,

2399 3864 2458 3926 ἐς
2498 3865 2622 3917 ὅσον
2651 3861 2750 3931 ἢδη
2784 3862 2881 3930 τὴν
2900 3862 3074 3931 ἀρχὴν
3100 3858 3192 3914 τοῦ
3221 3859 3467 3930 θεμελίου
3496 3863 3965 3933 ἀπογυμνοῦσθαι.

2399 3955 2532 4009 Τότε
2561 3955 2617 4007 δὲ
2649 3952 2782 4018 ξύλα
2795 3949 2963 4022 ’ὄρθια
2989 3953 3048 4005 ἐν
3080 3953 3268 4022 κόσμῳ
3309 3953 3662 4024 ύπεστήριζε,
3694 3955 3871 4028 ταύτῃ
3904 3975 3966 4011 τι

2397 4048 2608 4116 ἀνεῖχεν
2631 4045 2776 4098 ἅπαν
2812 4042 2873 4095 τὸ
2899 4041 3061 4112 ἄχθος
3088 4041 3184 4095 τοῦ
3213 4042 3452 4112 τείχους,
3481 4044 3558 4107 ὼς
3589 4045 3664 4114 μὴ
3697 4045 3966 4118 ὖπυρῤἐοι

2397 4137 2538 4192 κατά
2571 4136 2744 4206 βραχὺ
2774 4135 2869 4187 καὶ
2891 4132 3158 4187 διαλύοιτο
3185 4135 3219 4204 ἡ
3251 4134 3502 4204 ἁρμονία,
3527 4136 3875 4204 συναίσθησίς
3904 4156 3964 4192 τε

2395 4228 2492 4282 τοῦ
2516 4226 2793 4298 δρωμένου
2831 4226 3024 4292 ταχεῖα
3057 4223 3296 4291 γίγνοιτο
3322 4227 3433 4287 τοῖς
3477 4225 3710 4290 Γότθοις.
3748 4223 3826 4282 Ἶι
3854 4230 3966 4301 γάρ

2399 4321 2466 4373 ἂν
2505 4317 2623 4371 κατ’
2662 4316 2837 4387 ἀρχάς
2882 4313 3043 4376 εὐθὺς
3080 4312 3511 4383 ἐπιϐοηθοῦντες,
3536 4317 3629 4370 καὶ
3665 4315 3728 4369 τὺ
3764 4335 3965 4375 nemo.

2399 4413 2490 4475 θὺς
2516 4411 2870 4480 άκεσάμενοι,
2896 4409 3246 4477 διεφύλαττον
3263 4409 3508 4463 τολοιπὸν
3540 4411 3588 4443 ³⁵
3612 4411 3960 4480 βεϐαιόταταο

733 4515 800 4555 ve
829 4497 1014 4568 fragor
1041 4509 1305 4550 caesorum
1337 4505 1594 4547 saxorum
1636 4489 2002 4553 exaudiretur,
2034 4496 2147 4542 tum
2183 4488 2290 4542 uti-
2327 4488 2370 4544 D

2396 4505 2484 4558 ἵνα
2514 4503 2570 4556 δέ
2616 4501 2691 4572 μὴ
2734 4501 2964 4570 πάμπαν
2989 4499 3061 4554 τά
3086 4499 3380 4570 ποιούμενα
3422 4502 3708 4571 ἐπιγνοῖεν,
3747 4506 3884 4576 μηδὲ
3912 4509 3962 4540 ⁸⁸

732 4606 840 4661 que
865 4590 1142 4645 Romanus
1167 4583 1438 4642 exercitus
1465 4595 1674 4638 summa
1705 4581 1755 4636 vi
1781 4579 1834 4632 in
1862 4578 2144 4633 editiorem
2175 4594 2294 4632 mu-

733 4699 856 4739 rum
879 4683 1138 4752 impetum
1159 4676 1412 4739 faciebat,
1440 4671 1652 4744 magnis
1676 4669 2009 4725 clamoribus
2035 4679 2086 4723 et
2115 4683 2292 4723 armo-

734 4791 857 4832 rnm
923 4769 1382 4840 complosionibus
1450 4763 1717 4822 excitatis.
1775 4760 2064 4815 Tumultus
2115 4760 2297 4830 itaque

733 4877 851 4923 erat
875 4867 1014 4925 ultra
1038 4877 1201 4934 quam
1228 4874 1326 4931 par
1350 4867 1466 4914 erat
1489 4871 1716 4926 magnus
1742 4864 1795 4910 et
1818 4853 2124 4908 turbulenta
2146 4852 2293 4907 obsi-

731 4960 846 5014 dio.
876 4956 1014 5012 Cum
1036 4968 1163 5009 vero
1187 4951 1301 5022 jam
1341 4964 1534 5004 murus
1563 4962 1668 5016 qua
1703 4953 1818 5000 erat
1858 4943 1910 4997 in
1941 4943 2082 4997 antri
2119 4942 2294 5012 longi-

732 5048 972 5105 tudinem
1001 5052 1282 5116 porrectus
1309 5050 1454 5095 totus
1482 5039 1748 5096 suﬂossus
1777 5046 1830 5089 et
1861 5051 1889 5089 e
1911 5036 2125 5090 sublimi
2161 5050 2292 5105 pen-

805 5253 848 5284 ³⁸
870 5249 1180 5318 ταξιάρχοις
1207 5249 1296 5310 IL,
1348 5246 1661 5318 ταξιάρχαις
1697 5243 1840 5318 vnlg.

2394 4591 2489 4646 τοῦ
2519 4591 2764 4658 πατάγου
2809 4590 2907 4659 τῆς
2957 4588 3220 4657 λατομίας
3260 4590 3519 4655 ἐπαῖοιεν,
3559 4591 3679 4645 τότε
3700 4593 3765 4663 δὴ
3792 4595 3852 4658 ἐς
3877 4597 3964 4653 ὅτι

2400 4680 2636 4750 μάλιστα
2655 4677 2984 4746 ἐπεφέροντο
3011 4676 3058 4708 ³⁸
3085 4676 3289 4730 ἀνωθεν
3315 4677 3393 4748 τῷ
3427 4677 3595 4749 τείχει
3627 4681 3656 4732 ό
3680 4681 3790 4735 τῶν
3827 4683 3964 4736 Ῥω-

2401 4771 2578 4844 μαίων
2607 4767 2854 4838 στρατδς,
2886 4767 3244 4831 ἀλαλάζοντες
3273 4769 3368 4822 καὶ
3396 4771 3814 4841 ἐπικροτοῦντες
3833 4791 3849 4806 ο
3869 4775 3962 4828 θό-

2402 4863 2565 4934 ρυϐός
2583 4879 2644 4915 τε
2680 4858 2747 4932 ἦν
2783 4861 2924 4932 πέρα
2955 4859 3046 4913 τοῦ
3095 4860 3396 4927 ἀναγκαίου
3442 4860 3610 4925 πολὺς
3654 4863 3750 4916 καὶ
3787 4881 3961 4936 ταρα-

2398 4953 2573 5024 χώδης
2614 4953 2649 5023 ἡ
2682 4951 2985 5021 πολιορκία.
3014 4949 3165 5002 Ἐπεὶ
3215 4949 3273 5003 δὲ
3318 4951 3460 5004 ἅπαν
3496 4951 3595 5022 ἤδη
3620 4951 3683 5005 τὸ
3706 4955 3884 5024 τεῖχος
3909 4955 3960 4988 ετ

2398 5044 2591 5097 ὁπόσον
2641 5039 2718 5110 τῷ
2754 5042 2934 5110 ἄντρῳ
2971 5039 3320 5108 παρετέτατο,
3363 5038 3633 5108 ἐκκρεμὲς
3672 5056 3733 5092 τε
3763 5036 3832 5112 ἦν
3866 5043 3962 5096 καὶ

1917 5242 1960 5274 ³⁸
1987 5239 2114 5308 γοῦν
2147 5238 2211 5293 ll.
2230 5239 2368 5309 vulg

2374 5275 2388 5291 .
2416 5235 2530 5292 οὖν.
2570 5238 2740 5309 ξᾼλίγ.
2763 5239 2923 5309 αὐτὸν
2947 5237 3037 5295 Β..
3072 5238 3234 5292 αὑτὸν
3275 5239 3440 5308 Ἀλιγ.
3473 5241 3617 5309 ynlg.
3643 5259 3703 5294 τε
3735 5242 3860 5296 add.
3886 5241 3958 5300 Β.

734 5323 778 5354 ’³ο
807 5307 966 5389 τάχεί
1014 5307 1292 5393 RZ‘nlntpr.
1331 5307 2060 5393 _nimieiceleritajeml‘iupn
2083 5308 2318 5393 legebat
2360 5325 2370 5357 ι

2374 5324 2453 5393 pp:
2498 5307 2698 5393 πολλῷ,
2754 5307 2932 5393 πολλῷ
2991 5308 3300 5393 τεητάχειῒ
3357 5307 3954 5393 '.“Pro'rt_Suid..tﬂ.

733 5392 778 5422 δ’
805 5383 915 5444 τῶν
951 5403 1062 5442 om.
1097 5386 1161 5440 ll.
1211 5383 1283 5418 ’⁸³
1317 5386 1390 5447 ὡς
1439 5385 1565 5440 add.
1617 5383 1680 5437 ll.

1787 5381 1834 5412 “
1865 5379 1928 5449 δὴ
1958 5375 2050 5433 οὖν
2083 5375 2184 5436 IL:
2206 5377 2345 5449 γοῦν
2365 5375 2512 5449 vulg.

2614 5376 2660 5408 "
2693 5376 3003 5458 τετρίψξται
3065 5378 3164 5458 ll...
3206 5376 3536 5458 ’τετρίψῆται
3576 5380 3718 5450 vulg.
3744 5376 3956 5458 ,χρῆχᾶι

732 5443 858 5515 add.
895 5457 958 5511 Β.
997 5467 1047 5512 et
1075 5455 1225 5510 Snid.
1255 5470 1299 5508 s.
1331 5443 1386 5507 νζ
1413 5453 1612 5509 ἀλύειν.
1688 5450 1734 5481 ⁸⁸
1757 5449 1850 5503 τοῦ
1890 5443 2146 5517 ιρρουρίου
2167 5443 2370 5517 ἀμηγέςι

2374 5462 2428 5513 ιη
2451 5443 2516 5508 ῐις
2545 5443 2806 5517 ἐμηγέῖεή
2822 5443 2915 5517 vir?
2937 5446 3194 5517 φρουρίου
3215 5443 3360 5517 vuls-
3385 5443 3447 5479 ’⁸⁷
3477 5443 3836 5517 τετραιὶμέίὶῲ
3855 5443 3952 5513 '11-.

731 5513 1121 5598 τετραμμένων
1143 5525 1286 5595 vulg.
1312 5522 1417 5576 Pro
1433 5524 1622 5595 ἄντρον
1652 5538 1703 5572 τι
1734 5519 1798 5572 ll.
1823 5513 2088 5640 άνὲίῖρον.
2160 5513 2219 5547 ⁸⁸⁷
2241 5513 2370 5567 ἀντιὶ

733 5600 923 5640 lar-una
955 5595 1111 5640 estin
1142 5592 1210 5640 Β-
1312 5595 1355 5624 ⁸⁸
1396 5599 1524 5640 πότε
1577 5591 1670 5640 καὶ
1715 5588 1930 5640 Αίνείαν
2008 5625 2022 5640 .
2056 5587 2149 5638 καὶ
2194 5584 2370 5637 Λίνεία

2374 5531 2530 5584 ιματα
2551 5513 2619 5567 Β.
2650 5513 2683 5516 ’“
2714 5514 2759 5545 ⁸ο
2790 5513 3233 5584 φοιὸολήπτοντες
3255 5513 3377 5569 Par.
3418 5517 3464 5548 ”
3490 5513 3597 5570 Pro
3631 5513 3704 5570 τά
3726 5513 3956 5587 ἐσόμενα

2374 5601 2408 5635 ιν
2467 5583 2595 5636 ποτὲ
2649 5585 2790 5640 rule.
2897 5585 2942 5616 "
2970 5584 3254 5640 σπήλυγγα
3309 5583 3413 5640 Β...
3448 5585 3761 5640 σπήλυγγον
3807 5587 3950 5640 vuln.

733 5588 925 5656 lacuna
950 5588 1039 5649 est
1061 5595 1112 5648 in
1142 5592 1210 5648 ll.
1238 5588 1263 5595 “
1312 5595 1355 5624 ⁸⁸
1396 5588 1544 5644 ποτε⁷
1577 5591 1670 5644 καὶ
1715 5588 1930 5649 Αίνείαν

732 5667 778 5698 ι³
807 5665 1054 5732 διέτεμεν
1112 5662 1200 5727 ιι,
1260 5661 1527 5732 διέτεμνεί
1563 5661 1708 5732 vnlg.

730 5729 1126 5809 ἰ.ιιςι1.,Ἰι]ιῐιι·.
1197 5748 1334 5795 ncvc,
1381 5730 1456 5794 μὴ
1511 5731 1573 5787 δὴ
1631 5729 1772 5796 vnlg.

2008 5625 2022 5647 ,
2056 5587 2149 5638 καὶ
2194 5583 2408 5637 Λίνείαν
2467 5583 2595 5636 ποτὲ
2649 5585 2790 5650 vulg.

1820 5657 1867 5688 "'
1922 5655 2267 5722 διεφύλαττον
2285 5653 2541 5722 ίτολοιπὺν
2594 5653 2684 5716 IL,
2739 5652 3148 5718 διεφυλάττοντο
3181 5653 3533 5719 λοιποννιιιθι.

1847 5728 1893 5754 ⁵⁸-
1917 5721 2240 5795 ὲπειςέροντο
2280 5721 2370 5790 lt,
2395 5722 2735 5792 imgipovzat
2755 5722 2898 5792 vulg.

2897 5585 2942 5616 "
2970 5583 3254 5652 σπήλυγγα
3309 5583 3413 5648 R.,.
3448 5585 3761 5652 σπήλυγγον
3807 5583 3951 5662 rulg.

2897 5653 3148 5694 iri-Barrus
3181 5653 3364 5694 ὶσιιττλιι
3390 5655 3530 5694 vuln,
3639 5655 3686 5686 ⁵³
3717 5655 3847 5694 σηπιΕέ
3878 5654 3919 5694 n

2975 5670 3148 5706 ττοντο
3181 5654 3364 5707 λοιπον
3390 5655 3533 5719 vulg.
3639 5655 3686 5686 ⁵³
3716 5655 3849 5724 μηδὲ
3877 5654 3950 5716 Il;

2975 5723 3018 5753 ³⁷
3048 5722 3103 5778 τ’)
3141 5726 3316 5793 τεῖχος
3347 5724 3468 5779 add.
3492 5722 3554 5778 ιι.
3594 5733 3645 5780 ct
3675 5725 3838 5789 lnlpr.
