4212 6438
243 376 376 440 1301

1427 389 1964 458 IIISTORIARUM
1995 401 2226 463 LIBER
2253 403 2300 462 Ι.

3353 421 3491 488 1302

236 491 534 562 μετέωρον,
549 491 642 544 καὶ
663 491 845 562 μόνοις
873 492 1198 565 ἐπεϐεϐήκει
1230 494 1274 527 ⁸⁸
1299 499 1411 559 τοῖς
1442 497 1639 566 ξύλοις,
1678 503 1714 557 ἀ
1751 505 1815 576 δὴ

1919 509 2078 566 dulus
2111 525 2276 580 esset,
2318 523 2369 569 et
2393 525 2600 570 tantum
2632 518 2794 586 tignis
2817 521 3045 577 firmiter
3079 525 3132 580 in
3167 528 3334 585 altum
3365 549 3489 590 ere-

230 580 568 652 ὁρθοστάδην
600 581 895 652 ἐτύγχανον
927 586 1316 657 ὲρηρεισμένα,
1345 590 1466 648 τότε
1481 591 1545 661 δὴ
1571 592 1813 660 φυλλάδα.

232 676 519 742 νήσαντες,
548 673 642 724 καὶ
669 674 696 726 ὃ
728 690 780 725 τι
807 675 904 741 τῆς
930 675 1061 745 ὕλης
1091 678 1355 746 ταχυδαές
1381 695 1439 733 τε
1481 683 1574 735 καὶ
1599 679 1727 738 αὖον
1740 685 1810 752 ⁸⁹,

232 766 334 818 καὶ
361 761 482 818 εἶτα
520 763 810 830 ὑποθέντες
859 767 976 837 πῦρ
1001 784 1061 820 τε
1101 768 1448 834 ἐναύσαντες,
1509 774 1668 836 ἐκτὸς
1710 777 1814 828 ἀπ-

230 852 491 924 εχώρουν.
523 857 635 910 Οὐκ
669 856 727 918 ἐς
761 856 980 924 μακρὰν
1019 856 1076 909 δὲ
1115 857 1212 927 τῆς
1244 858 1440 926 φλογὸς
1469 859 1732 930 ἀρθείσης
1755 862 1802 894 ⁸⁸

229 945 304 996 τὰ
322 943 421 1014 μὲν
447 948 792 1016 στηρίγματα
809 946 969 1009 εὐθὺς
986 947 1083 999 ἀνθ
1093 949 1400 1016 ρακούμενα
1425 949 1810 1020 κατεθραύετο,

231 1037 329 1090 καὶ
361 1038 500 1108 πρὸς
543 1038 640 1108 τὴν
689 1037 960 1093 ἀντίθεσιν
1008 1038 1241 1091 ἐνεδίδου
1275 1055 1288 1068 ·
1331 1039 1423 1091 τοῦ
1452 1041 1508 1093 δέ
1539 1039 1813 1113 ἐρύματος

228 1129 428 1182 ὁπόσον
461 1129 548 1180 ἐπ’
583 1129 764 1192 αὐτοῖς
789 1129 828 1159 ⁶¹
855 1129 1108 1198 ᾐωρεῖτο,
1140 1127 1396 1196 ὐφίζανεν
1416 1130 1612 1200 ἀθρόον
1645 1132 1690 1163 ⁸³
1719 1133 1814 1185 καὶ

231 1218 660 1273 κατωλίσθαινεν
686 1223 751 1290 τῇ
786 1220 1061 1290 κενότητι,
1095 1218 1296 1290 πύργοι
1322 1237 1382 1273 τε
1407 1223 1455 1274 οἱ
1482 1222 1691 1277 ἐνθένδε
1720 1224 1813 1278 καὶ

231 1310 625 1382 προμαχεῶνες
653 1310 984 1375 ἐξαπιναίως
1029 1310 1440 1383 ἀπορραγέντες
1474 1313 1584 1367 τῶν
1615 1314 1809 1379 ἄλλων,

231 1401 295 1464 ἐς
334 1401 396 1453 τὸ
440 1401 649 1470 πρανὲς
679 1399 1102 1471 ἐξεκυλίσθησαν
1122 1418 1136 1432 ·
1165 1401 1200 1471 ἦ
1235 1418 1294 1454 τε
1333 1401 1471 1473 πύλη
1507 1404 1540 1474 ἡ
1569 1403 1704 1474 τῷδε
1734 1404 1813 1476 τῷ

235 1492 398 1562 μέρει
447 1493 864 1561 προσαραρυία,
929 1489 1338 1555 ξυνεκέκλειστο
1405 1491 1506 1561 μὲν
1555 1487 1614 1546 εὖ
1671 1492 1816 1563 μάλα

233 1583 588 1654 βεϐαιότατα,
620 1583 696 1647 ὼς
722 1582 787 1654 δὴ
821 1582 1096 1654 πολεμίων
1126 1584 1428 1654 παρόντων,
1458 1585 1548 1638 καὶ
1576 1585 1646 1638 τὰ
1666 1585 1812 1639 κλεῖ-

232 1675 343 1746 θρα
365 1674 470 1728 ὑπὸ
491 1675 601 1728 τῶν
629 1675 888 1744 φυλάκων
911 1673 1210 1745 κατείχετο,
1234 1676 1265 1745 ἠ
1295 1675 1353 1729 δὲ
1392 1676 1577 1740 αὐτοῖς
1599 1677 1812 1748 μοχλοῖς

231 1783 298 1820 τε
330 1769 425 1820 καὶ
470 1765 841 1836 βαλανάγραις
884 1765 1283 1835 ἐκτιναχθεῖσα,
1315 1758 1373 1831 ἐς
1401 1768 1500 1838 τὴν
1530 1769 1689 1838 ὴῖονα
1717 1770 1812 1823 καὶ⁸

231 1859 336 1922 τὰς
371 1859 633 1922 σπιλάδας
665 1860 952 1929 ἐρήριπτο,
984 1859 1100 1929 ἀμα
1139 1875 1198 1911 τε
1247 1858 1464 1914 ἅπαντα
1497 1861 1566 1916 τά
1597 1861 1642 1893 ⁵³
1675 1861 1812 1932 ξυμ-
1845 1853 1887 1908 Β

233 1951 528 2022 πεπηγότα
553 1953 635 2004 ἐτι
667 1950 947 2016 magno,
964 1950 1196 2020 σταθμοὶ
1218 1951 1314 2005 καὶ
1337 1954 1519 2020 γεῖσον
1535 1955 1630 2008 καὶ
1654 1955 1816 2026 ὑπερ-

234 2040 427 2112 θύριον
468 2039 563 2094 καὶ
587 2041 637 2094 οἱ
661 2039 838 2110 θαιροὶ
858 2039 937 2110 τῷ
957 2041 1094 2111 οὐδῷ
1142 2042 1187 2074 ⁸⁸
1220 2044 1648 2115 ἐνηρμοσμένοι·
1691 2045 1815 2099 τού-

231 2134 420 2188 τωνῆὲ
434 2135 832 2202 γεγενημένων,
847 2135 960 2197 τοῖς
999 2133 1294 2205 Ῥωμαίοις
1324 2136 1520 2207 ῥαδίως
1558 2136 1812 2192 τολοιπὸν

235 2225 512 2295 εἰσιτητέα
556 2220 694 2278 εῖναι
746 2224 922 2279 ἐδόκει
972 2224 1077 2278 ἀνὰ
1111 2225 1175 2278 τὸ
1226 2227 1485 2297 πόλισμα,
1535 2230 1630 2284 καὶ
1663 2246 1816 2301 περι-

233 2317 408 2370 οπτέα
431 2316 542 2370 τῶν
562 2316 857 2388 πολεμίων,
883 2318 1200 2389 ἡμάρτανον
1231 2319 1288 2374 δὲ
1315 2321 1412 2375 καὶ
1432 2321 1511 2384 ὣς
1537 2321 1640 2392 τῆς
1667 2321 1816 2376 ἐλπί-

231 2408 344 2471 δος.
370 2408 649 2480 Σήραγγές
670 2425 730 2461 τε
758 2407 869 2478 γάρ
896 2425 1042 2473 τινες
1078 2408 1174 2462 καὶ
1200 2409 1525 2481 ἀπορρῶγες
1549 2411 1596 2444 ⁸⁸
1634 2411 1729 2466 τοῦ
1750 2429 1813 2466 τε

231 2500 400 2568 λόφου
461 2503 552 2554 καὶ
594 2499 702 2552 τῶν
746 2499 956 2554 ενδοθεν
999 2501 1480 2573 περιαυλισμάτων
1527 2504 1623 2556 ἐπὶ
1671 2502 1815 2572 μέγα

232 2587 325 2660 μ’.
353 2587 444 2660 22]
469 2589 904 2659 ἐκτεινόμεναιθσ,
939 2590 1259 2662 κρημνῶδες
1288 2591 1527 2662 ἀτεχνῶς
1567 2595 1662 2648 καὶ
1689 2592 1814 2647 δυσ-

230 2681 462 2751 έμϐολον
511 2683 608 2752 οὐχ
641 2676 808 2753 ἧσσον
862 2681 1258 2736 ἀπεδείκνυσαν
1297 2683 1359 2737 τὸ
1414 2683 1636 2754 χωρίον.
1702 2686 1815 2740 Kal.

232 2773 462 2844 Ναρσῆς
497 2772 596 2844 μὲν
625 2771 1068 2844 θαρσαλεώτερον
1097 2773 1174 2844 τῷ
1194 2775 1441 2846 φρουρίῳ
1468 2771 1624 2840 αὖθις
1643 2793 1814 2848 προσ-

235 2862 483 2925 ἐὸαλλεν,
526 2862 602 2926 ὡς
643 2863 738 2918 καὶ
795 2863 1044 2917 αὐτοϐοεὶ
1089 2864 1238 2918 ἆπαν
1267 2865 1719 2936 ἀναρπασόμενος
1745 2866 1811 2898 ⁸⁷·

232 2954 348 3007 τῶν
391 2953 448 3006 δὲ
491 2954 704 3007 Γότθων
751 2953 982 3008 ἐνταῦθα
1033 2954 1464 3026 ξυνειλεγμένων
1517 2958 1612 3010 καὶ
1655 2958 1817 3011 παντὶ

237 3044 415 3098 σθένει
449 3045 822 3116 ἀμυνομένων,
847 3045 1187 3118 ἀπεκρούετο
1207 3047 1302 3100 καὶ
1327 3046 1480 3102 οὐδέν
1509 3065 1562 3102 τι
1599 3049 1806 3119 μᾶλλον

233 3131 384 3206 εἶχεν
410 3136 643 3191 ἀνύτειν.

324 3232 413 3283 ια’.
471 3228 622 3281 Ἐπεὶ
646 3227 703 3280 δὲ
753 3228 976 3299 πολέμῳ
1020 3247 1079 3282 τε
1125 3231 1219 3284 καὶ
1257 3230 1302 3262 ⁸⁸
1334 3231 1654 3302 ἐπιδρομαῖς
1677 3233 1818 3289 ἑλεῖν

231 3318 409 3389 δήπου
455 3319 514 3372 τὸ
559 3319 756 3390 χωρίον
783 3320 1018 3374 ἀδύνατα
1054 3321 1100 3353 ⁸⁸
1130 3315 1219 3392 ἦν,
1250 3320 1390 3389 ἔγνω
1427 3322 1501 3394 μὴ
1531 3323 1718 3397 ἁπάσῃ
1750 3325 1816 3396 τῇ

237 3411 467 3480 στρατιᾷ
495 3413 552 3463 ὲν
578 3411 754 3464 τοῖσδε
783 3412 1176 3477 διαπονεῖσθαι,
1203 3413 1318 3466 ἀλλ’
1358 3415 1415 3477 ἐς
1447 3414 1818 3485 Φλωρέντειαν

233 3501 333 3556 καὶ
389 3501 795 3566 Κεντουκέλλας
838 3506 933 3557 καὶ
980 3506 1117 3560 ἄλλα
1167 3507 1304 3562 ἅττα
1353 3507 1666 3578 πολίσματα
1717 3509 1817 3579 τῆς

234 3591 510 3655 Τουσκίας
536 3591 716 3664 χώρας
741 3593 904 3658 εὐθὺς
933 3595 1248 3663 ἀφικέσθαι,
1275 3596 1495 3651 ἅπαντά
1516 3615 1576 3650 τε
1596 3597 1663 3651 τά
1691 3599 1816 3668 τῇδε

233 3685 721 3754 καταστησάμενος
772 3689 1105 3757 προτερῆσαι
1156 3686 1256 3758 τὴν
1308 3689 1575 3759 ἐπήλυσιν
1618 3691 1664 3721 "°
1708 3690 1817 3745 τῶν

233 3777 536 3848 πολεμίων.
565 3778 702 3847 Ἤδη
717 3777 826 3849 γὰρ
846 3778 994 3850 αὐτῷ
1021 3781 1064 3811 ⁷¹
1095 3779 1367 3852 Λεύθαρις
1392 3784 1485 3835 καὶ
1511 3782 1816 3846 Βουτιλῖνος

232 3867 335 3919 καὶ
365 3867 435 3920 τὰ
470 3867 734 3936 Φράγγων
761 3868 819 3920 δὲ
843 3869 888 3899 ⁷⁸
923 3869 1018 3922 καὶ
1064 3869 1385 3940 Ἀλαμανῶν
1425 3871 1818 3943 στρατεύματα

230 3956 370 4010 εἴσω
413 3957 507 4010 τοῦ
553 3959 730 4012 Πάδου
769 3962 1014 4030 ποταμοῦ
1062 3962 1387 4031 ἠγγέλλοντο
1436 3965 1710 4032 παρεῖναι,
1741 3957 1817 4018 ὧν

231 4047 302 4116 δὴ
341 4047 506 4100 ’ἑνεκα
533 4049 762 4118 κινήσας
793 4050 870 4113 ὡς
898 4050 1131 4120 τάχιστα
1157 4051 1218 4104 τὸ
1249 4053 1498 4106 πλεῖστον
1529 4053 1624 4108 τοῦ
1655 4071 1818 4124 στρα-

229 4137 330 4188 τοῦ
361 4137 454 4190 ἐπὶ
483 4139 688 4208 ταύτην
707 4139 1094 4210 ἐχώρει.Ἐπεὶ
1119 4141 1174 4196 δέ
1205 4143 1463 4213 Φιλίμουθ
1494 4147 1522 4198 ὁ
1550 4144 1658 4197 τῶν
1690 4145 1816 4210 ξυν-

231 4226 521 4295 επομένων
572 4228 618 4260 ⁷³
665 4229 931 4302 Ἐρούλων
986 4233 1291 4304 στρατηγὸς
1327 4235 1389 4288 οὐ
1418 4235 1637 4299 πολλαῖς
1678 4237 1815 4308 πρό-

231 4335 397 4389 τερον
427 4321 662 4390 ἡμέραις
701 4321 841 4392 νόσῳ
866 4323 912 4353 “
955 4323 1118 4388 ἀλοὺς
1147 4326 1449 4395 ἐτεθνήκει,
1482 4326 1590 4380 ἔδει
1618 4326 1677 4380 δὲ
1707 4327 1818 4398 ἄρα

231 4409 437 4472 αὐτοὺς
485 4411 576 4462 ὑπ’
619 4412 735 4482 ἰδίῳ
771 4415 878 4466 τινὶ
922 4414 966 4446 ⁷⁸
1000 4415 1290 4469 τάττεσθαι
1336 4417 1585 4488 ἡγεμόνι,
1620 4420 1816 4473 αὐτίκα

1915 603 2018 658 ctis
2062 614 2480 671 sustentaretur,
2523 608 2625 679 35
2667 619 2781 664 tum
2819 624 2970 669 strue
3007 614 3264 673 foliorum
3311 621 3492 675 arido-

1913 708 2034 746 rum
2055 703 2110 748 et
2129 696 2389 766 quidquid
2409 698 2635 753 alterius
2665 700 2826 756 siccae
2847 719 3076 775 qua-que
3110 706 3267 763 facile
3295 725 3494 766 accen-

1913 785 1968 838 di
2006 797 2189 854 posset
2230 789 2469 845 materia:
2503 790 2570 845 ad
2601 807 2820 847 manum
2855 807 2991 860 erat,
3031 798 3196 868 tignis
3222 801 3493 870 subjecta,

1913 874 2144 943 igneque
2167 875 2434 941 immisso,
2457 880 2719 948 spelunca
2744 897 3113 942 excesserunt.
3138 887 3325 960 Neque
3357 893 3492 946 mul-

1913 978 1969 1021 to
2000 978 2122 1036 post
2157 983 2187 1022 a
2222 967 2438 1025 ﬂatinna
2486 975 2743 1041 excitata,
2772 980 3142 1036 sustentacula
3184 984 3274 1036 illa
3305 986 3488 1040 statim

1913 1066 2131 1124 perusta
2173 1060 2598 1127 conﬂagrarunt,
2639 1067 2974 1138 ponderique
3009 1084 3326 1139 cesserunt;
3361 1093 3490 1145 pro-

1915 1147 2205 1216 pugnaculi
2241 1166 2370 1206 vero
2403 1154 2669 1224 quidquid
2699 1157 2932 1214 sublime
2960 1175 3025 1216 ac
3077 1166 3378 1232 pendulum.
3422 1170 3493 1222 ti-

1914 1241 2034 1310 gnis
2072 1243 2181 1298 illis
2217 1255 2580 1302 sustentatum
2615 1249 2792 1306 fuerat
2820 1291 2835 1315 ,
2875 1270 2942 1309 eo
2979 1272 3204 1313 vacuum
3247 1263 3492 1318 subsedit

1912 1343 1968 1388 et
1991 1339 2238 1405 corruit;
2285 1349 2462 1395 turres
2513 1357 2643 1398 vero
2691 1346 3011 1416 minoraque
3061 1356 3486 1424 promtgnacula,

1914 1439 2036 1493 quae
2073 1427 2271 1483 ibidem
2299 1441 2474 1495 erant,
2502 1443 2719 1501 repente
2761 1436 2828 1488 ab
2854 1439 2974 1492 aliis
3019 1441 3239 1507 avulsae,
3267 1445 3320 1497 in
3351 1460 3486 1514 pne-

1913 1531 2042 1586 ceps
2069 1519 2334 1583 ruebant;
2374 1533 2529 1591 porta
2555 1524 2672 1593 ipsa
2712 1527 2765 1580 in
2796 1527 2899 1581 hac
2941 1533 3160 1598 regione
3203 1549 3480 1591 murorum

1912 1605 2037 1669 sita,
2065 1608 2418 1674 validissime,
2451 1619 2638 1681 utpote
2669 1617 3027 1684 praesentibus
3049 1619 3320 1686 hostibus,
3342 1625 3485 1678 clau-

1913 1712 1971 1752 sa
1999 1698 2302 1764 tenebatur,
2340 1709 2394 1755 et
2415 1702 2594 1758 claves
2626 1722 2654 1758 a
2686 1709 3002 1765 custodibus
3028 1713 3484 1779 asserrahantur;

1916 1798 2025 1843 tota
2061 1804 2192 1846 vero
2225 1793 2329 1847 ista
2365 1807 2472 1848 una
2515 1809 2637 1850 cum
2673 1798 2790 1852 suis
2824 1800 3071 1855 vectibus
3113 1810 3168 1856 et
3215 1805 3489 1875 repagulis

1915 1893 2147 1937 excussa
2181 1881 2232 1937 in
2269 1884 2420 1940 littus
2447 1893 2502 1940 et
2531 1901 2660 1941 saxa
2691 1890 2961 1944 maritima
2991 1901 3077 1946 est
3115 1895 3374 1964 collapsa,
3417 1898 3490 1952 si-

1915 1973 2140 2043 mulque
2191 1976 2375 2030 omnia
2414 1992 2536 2046 qua:
2557 1977 2633 2032 illi
2684 1981 3035 2036 adhaerebant
3075 1984 3294 2054 abrepta
3339 1995 3488 2053 sunt,

1916 2074 2337 2135 antepagmenta
2361 2067 2608 2123 videlicet
2629 2077 2683 2123 et
2711 2073 3132 2140 superliminare
3161 2086 3215 2131 et
3242 2077 3490 2134 cardines

1917 2156 2196 2214 liminares
2231 2158 2280 2213 ei
2307 2160 2570 2229 coaptati.
2605 2158 2701 2216 His
2732 2165 2987 2232 peractis,
3029 2165 3202 2222 facilis
3234 2168 3491 2240 deinceps

1914 2247 2179 2306 Romanis
2207 2251 2258 2304 in
2287 2251 2548 2321 oppidum
2576 2253 2858 2322 ingressus
2888 2256 3192 2323 videbatur,
3230 2268 3284 2314 et
3317 2261 3492 2316 hostis

1915 2337 2369 2392 contemnendus.
2415 2336 2520 2394 Sed
2567 2350 2620 2396 et
2656 2341 2744 2396 hic
2781 2357 2878 2409 spe
2904 2359 3002 2398 sua
3055 2354 3184 2400 sunt
3223 2347 3489 2404 frustrati.

1916 2428 2110 2484 lliatus
2133 2430 2276 2484 enim
2298 2431 2516 2501 quidam
2547 2441 2600 2486 et
2626 2434 2854 2502 abrupta
2883 2435 3126 2490 locorum
3151 2446 3259 2493 tam
3291 2439 3347 2494 in
3375 2441 3494 2511 ipso

1915 2520 2053 2577 colle
2084 2537 2249 2591 quam
2290 2523 2344 2576 in
2375 2523 2582 2578 ambitu
2613 2523 2870 2580 interiore
2895 2525 3187 2596 inlongum
3219 2538 3491 2597 protensa,

1915 2611 2146 2667 arduum
2180 2627 2366 2668 revera
2398 2614 2678 2684 nihiloque
2712 2616 2893 2672 minus
2920 2633 3083 2688 quam
3112 2630 3269 2676 antea
3300 2636 3495 2678 accen-

1916 2717 1979 2756 su
2004 2701 2218 2757 dillicile
2239 2704 2497 2773 oppidum
2532 2707 2850 2763 reddebant.
2881 2706 3081 2766 Narses
3111 2711 3304 2765 iterato
3341 2727 3494 2768 sum-

1917 2793 2023 2848 mis
2047 2795 2259 2850 viribus
2289 2796 2342 2849 in
2365 2795 2475 2867 36
2512 2796 2770 2866 oppidum
2795 2799 3057 2869 impetum
3091 2799 3242 2866 facit,
3273 2803 3496 2872 perinde

1916 2899 1982 2938 ac
2021 2885 2248 2955 jamjam
2299 2897 2467 2942 totum
2517 2890 2862 2957 direptnrus;
2905 2892 3099 2948 Gothis
3154 2908 3284 2948 vero
3323 2908 3387 2948 ea
3429 2908 3494 2948 ex

1917 2985 2070 3046 parte
2092 2978 2428 3046 conglobatis
2453 2980 2816 3050 omnibusque
2847 2983 3055 3038 viribus
3079 2999 3296 3039 murum
3332 2993 3496 3039 tuen--

1917 3065 2084 3130 tibus,
2125 3068 2428 3138 repellitur,
2476 3085 2653 3140 neque
2691 3072 2987 3144 quidquam
3018 3087 3197 3145 operte
3221 3075 3382 3146 pretii
3412 3075 3497 3131 ef-

1843 3183 1886 3240 C
1921 3156 2066 3213 fecit.

1993 3245 2080 3300 il.
2113 3243 2252 3300 Tum
2287 3244 2507 3307 Narses.
2541 3263 2665 3303 cum
2701 3263 2877 3320 neque
2903 3250 3046 3306 bello
3077 3267 3256 3323 neque
3294 3253 3348 3308 vi
3386 3253 3496 3308 ulla

1919 3337 2178 3407 oppidum
2209 3337 2330 3407 capi
2371 3347 2576 3407 posset,
2599 3341 2788 3395 statuit
2824 3356 2935 3396 non
2986 3341 3299 3398 universum
3335 3357 3496 3397 exer-

1919 3428 2088 3483 citum
2120 3429 2174 3482 in
2198 3427 2474 3483 laboriosa
2511 3429 2614 3484 hac
2644 3429 2928 3486 obsidione
2957 3431 3225 3498 detinere,
3247 3433 3340 3489 sed
3367 3432 3501 3488 Flo-

1921 3519 2156 3574 rrntiam
2209 3529 2265 3575 et
2309 3519 2710 3575 Centumcellas
2749 3530 2803 3576 et
2844 3521 2950 3576 alia
2990 3523 3238 3592 quaedam
3282 3521 3510 3578 Tusciae-

1917 3612 2112 3681 oppida
2155 3611 2336 3665 statim
2372 3626 2431 3666 se
2469 3611 2790 3678 transferre,
2833 3613 3106 3683 rebusque
3131 3613 3388 3670 omnibus
3421 3613 3494 3669 ibi

1920 3702 2235 3757 constitutis
2277 3701 2516 3756 hostium
2547 3702 2839 3758 adventum
2872 3713 3231 3760 antevertere.
3265 3703 3495 3760 Nuntia-

1921 3794 2080 3850 batur
2116 3794 2261 3849 enim
2296 3793 2614 3850 Leutherim
2641 3806 2696 3852 et
2734 3797 3032 3853 Butilinum
3062 3809 3117 3854 et
3157 3799 3502 3858 Francorum

1918 3885 2455 3956 Alemannorumque
2477 3887 2663 3956 cepias
2700 3887 2842 3962 intra
2873 3888 3076 3944 Padum
3109 3891 3362 3946 venisse:
3387 3907 3494 3962 qua

1917 3975 1986 4029 de
2018 3989 2186 4029 causa
2217 3983 2422 4044 quanta
2468 3977 2644 4044 potuit
2683 3957 2979 4043 celeritate,
3015 3979 3310 4032 maximam
3340 3993 3496 4033 exer-

1917 4065 2062 4120 citus
2095 4071 2304 4133 partem
2336 4078 2403 4118 eo
2427 4064 2704 4120 ductabat.
2743 4067 2878 4122 Cum
2906 4081 3037 4122 vero
3072 4067 3382 4122 Philimut-h-
3405 4083 3493 4124 se-

1916 4154 2198 4225 quentium
2219 4167 2278 4210 se
2303 4152 2626 4210 Herulorum
2647 4157 2756 4211 dux
2783 4157 2969 4224 paucis
2988 4166 3113 4214 ante
3132 4158 3325 4216 diebus
3348 4173 3496 4215 mor-

1917 4245 1987 4299 bo
2014 4253 2302 4316 correptus
2341 4246 2588 4310 obiisset,
2625 4263 2689 4303 ac
2715 4265 2938 4304 necesse
2971 4258 3135 4313 esset,
3180 4262 3242 4304 ut
3273 4263 3494 4320 prope.)

1916 4337 2082 4392 alicui
2111 4352 2334 4408 suaeque
2355 4339 2598 4393 nationis
2620 4338 2745 4395 duci
2782 4341 3101 4405 subessent;
3136 4357 3260 4396 cum
3295 4341 3492 4398 Fulca-

1920 4430 2020 4484 rim
2072 4430 2256 4484 statim
2313 4429 2448 4499 ipsis
2495 4430 2856 4484 contribulem
2902 4429 3190 4485 Phanithei
3239 4440 3493 4500 nepotem

231 4502 264 4553 ὅ
292 4519 357 4569 γε
385 4503 684 4576 Φούλκαριν
723 4507 908 4570 αὐτοῖς
934 4507 1029 4561 τὸν
1053 4509 1324 4578 ὁμόφυλον
1353 4512 1677 4582 ἐπιστήσας,
1723 4511 1815 4564 τὸν

1921 4520 2272 4591 praefecisset,
2291 4520 2452 4590 jussit
2477 4531 2536 4575 ut
2561 4536 2667 4576 una
2699 4537 2821 4576 cum
2848 4520 3055 4577 Joanne
3085 4521 3340 4576 Vitaliani
3361 4521 3493 4586 lilio,

231 4593 493 4647 Φανιθέου
540 4597 876 4667 ἀδελφιδοῦν,
915 4601 1200 4654 ἐκέλευσεν
1245 4600 1364 4669 ἅμα
1399 4603 1619 4676 Ἰωάννῃ
1673 4603 1818 4672 τῷ⁷⁶

235 4684 584 4747 Βιταλιανοῦ,
627 4690 722 4742 xa‘t
752 4691 887 4760 πρός
910 4708 972 4759 γε
995 4692 1310 4764 Βαλεριανῴ
1348 4695 1445 4747 καὶ
1489 4695 1817 4767 Ἀρταϐάνῃ,

235 4773 337 4825 καὶ
387 4773 485 4842 μὲν
531 4775 594 4846 δὴ
628 4777 722 4830 καὶ
761 4777 941 4842 ἄλλοις
984 4783 1311 4851 στρατηγοῖς
1357 4783 1450 4834 καὶ
1480 4783 1816 4854 ταξιάρχοις,

238 4866 338 4930 ξὺν
369 4867 507 4937 τῴ⁷⁷
533 4869 737 4922 πλείονι
768 4870 861 4922 καὶ
893 4871 1260 4942 ἀλκιμωτάτῳ
1283 4872 1519 4943 στρατῷ,
1549 4872 1645 4937 τὰς
1692 4875 1816 4930 Ἀλ-

237 4973 366 5018 πεις
388 4957 449 5007 τὸ
477 4956 599 5026 ὅρος
633 4956 1033 5026 περιελθόντας,
1064 4959 1091 5012 ὂ
1118 4958 1182 5030 δὴ
1207 4961 1265 5013 ὲν
1290 4961 1440 5032 μέσῳ
1457 4962 1726 5026 Τουσκίας
1753 4980 1814 5016 τε

234 5046 340 5113 τῆς
371 5043 576 5114 χώρας,
604 5046 697 5098 καὶ
721 5047 1008 5117 Αἱμιλείας
1034 5049 1216 5119 ἀνέχει
1245 5051 1312 5116 ⁷⁸,
1341 5051 1483 5121 ἀμφὶ
1519 5052 1610 5106 τὸν
1641 5054 1816 5108 Πάδον

242 5135 457 5189 ἱκέσθαι
479 5135 569 5188 τὸν
593 5137 855 5207 ποταμὸν,
883 5139 1047 5193 αὐτοῦ
1065 5157 1124 5194 τε
1154 5143 1813 5217 στρατοπεδευσαμένους,

1919 4621 1972 4669 et
2005 4622 2263 4682 prmterea
2299 4612 2589 4667 Valeriano
2617 4623 2671 4667 et
2715 4614 3008 4672 Artabano,
3042 4613 3274 4683 aliisque
3299 4613 3495 4684 praefe-

1921 4699 2022 4752 ctis
2046 4708 2100 4752 et
2129 4699 2379 4763 ducibus,
2402 4715 2640 4769 cumque
2661 4700 2872 4770 majore
2896 4710 2951 4754 et
2975 4701 3311 4755 validissima
3337 4716 3494 4755 exer-

1922 4789 2063 4843 citus
2111 4799 2283 4858 parte,
2336 4790 2554 4860 Alpium
2590 4790 2736 4860 iugo,
2778 4791 2924 4859 quod
2977 4791 3117 4845 inter
3147 4789 3402 4845 Tusciam
3439 4800 3495 4845 et

1920 4878 2026 4948 3'7
2077 4878 2356 4934 IEmiliam
2404 4881 2698 4951 prominet,
2750 4880 3060 4945 circumito,
3095 4869 3252 4936 circa~
3287 4879 3494 4934 Padum

1921 4967 2121 5022 ﬂumen
2149 4985 2208 5024 se
2242 4971 2522 5041 reciperet,
2561 4970 2746 5040 ibique
2784 4970 2904 5024 ﬁxis
2929 4969 3143 5033 castris,
3185 4969 3495 5024 munitiori-

1925 5057 2135 5127 busque
2179 5059 2310 5114 locis
2349 5059 2765 5130 pra-occupatis,
2804 5058 3038 5112 hostium
3089 5057 3326 5112 insnltus
3369 5070 3496 5126 pro-

1921 5147 2165 5216 pulsaret
2197 5157 2251 5203 et
2290 5148 2636 5218 reprimeret;
2671 5157 2724 5204 et
2755 5148 2800 5203 si
2825 5162 2920 5202 eos
2964 5146 3181 5217 penitus
3207 5145 3497 5218 proﬂigare

312 5320 360 5352 ⁵⁸
387 5319 789 5401 ἐπιϐεὸῄκειβ.
865 5321 912 5354 ⁵⁹
936 5323 1064 5401 Po‘s‘t
1097 5323 1226 5381 αὖον
1254 5329 1420 5401 Ινιιιρτ.
1449 5331 1655 5401 legisse
1681 5331 1816 5385 videt

1936 5334 2048 5395 τοῖς
2079 5331 2255 5398 ξύλοις
2297 5332 2556 5388 :collecta
2598 5335 2823 5388 materfa
2887 5332 3125 5400 actigm's
3190 5331 3492 5401 supposita__.

239 5388 482 5468 [ξφ-καὶ
547 5388 664 5468 εἶτα
697 5391 749 5468 ξι
765 5405 898 5468 _scr.
936 5392 1193 5468 Δμάλιστα
1240 5400 1315 5468 ν⁶⁴ζ
1340 5388 1624 5468 ’ἀρθεῖσαν
1658 5401 1722 5455 Β.

1835 5402 1874 5432 ⁸⁸
1903 5403 2100 5465 αὐτοὺς
2129 5402 2194 5456 ll.

2299 5403 2344 5434 υ
2385 5404 2595 5472 ἀθρόως
2627 5404 2690 5458 Β,
2740 5404 2814 5472 7⁸³³
2841 5403 2910 5472 τᾲ
2959 5397 3099 5472 add,
3125 5397 3297 5472 θυι(
3352 5401 3396 5430 ⁸⁸
3416 5397 3495 5472 ςτῷ

238 5458 386 5542 ρζῦδῶ
417 5459 506 5522 Ν.,
533 5460 830 5542 τῶνοὺδῶν
861 5458 1029 5542 vulg"
1061 5468 1124 5542 τῇ
1153 5467 1256 5537 ὁδῷ
1288 5467 1366 5542 Β.Δ
1405 5458 1586 5542 Ἰηιριζ.
1624 5470 1816 5525 incisut

1916 5458 2149 5542 integrum
2182 5473 2386 5527 omisit.
2462 5458 2508 5505 δ’
2533 5458 2855 5542 ἀπορρῶγες
2878 5470 2969 5542 IL,
2993 5470 3328 5542 eadem“;
3344 5458 3491 5538 vung

240 5529 290 5558 “
323 5529 723 5608 _éxta_t_vé_;tsvat
783 5531 878 5608 ιιι,
902 5529 1249 5608 ἐκτεινόμενα
1279 5537 1424 5608 vulg.

1531 5539 1577 5570 ⁸⁷
1644 5539 2080 5610 ἀναρπασόμενοι
2115 5540 2179 5594 Β.

2283 5544 2326 5575 ⁶¹
2360 5544 2452 5594 καὶ
2477 5557 2584 5595 om.
2605 5538 2691 5598 li.—
2778 5543 2820 5574 ω
2853 5541 3088 5594 ἀδύνατα
3107 5538 3208 5596 ⁷η..
3235 5538 3497 5591 ἀδύνατον

241 5599 392 5682 iulg.
421 5666 436 5682 .
468 5600 512 5630 ⁷ο
553 5600 813 5682 ἐπήλξσιιν
844 5601 908 5682 R;
940 5602 1090 5682 (_Cl.),
1115 5599 1399 5682 ’ἐπίλυσινν
1416 5608 1581 5682 νιιΙεζΞΔ
1638 5610 1683 5682 "_
1707 5599 1816 5662 αὖτ<

1916 5599 1968 5674 ιζ,
2000 5611 2168 5664 αὐτοῦ
2194 5613 2352 5682 νιιις.Δ
2415 5611 2460 5682 ’f
2489 5611 2545 5664 δὲ
2575 5613 2698 5666 add.
2761 5612 2822 5664 ll.
2901 5611 2945 5643 ⁷³
2975 5610 3089 5682 τῶν
3102 5607 3497 5682 ξυνεπομένων

339 5666 394 5748 ἐξ.
421 5666 588 5755 Ιὲιρι-Ϋ,
618 5666 811 5755 _’(ﬁCl..),
841 5670 920 5755 Ξῷ
952 5666 1309 5755 ξρνεπομένῳ
1325 5679 1471 5755 vnlg.
1510 5666 1592 5755 ’⁷1⁸
1628 5679 1816 5755 oderth

1944 5666 2033 5755 l'l._
2048 5682 2139 5733 ὑπ’
2175 5666 2378 5755 addidi,
2421 5681 2593 5755 lntpr.
2621 5683 3004 5755 confirmatae:
3053 5666 3400 5755 1"‘tttl‘tat'ltl‘.

242 5737 292 5768 ⁷⁸
319 5737 396 5808 τῷ
435 5735 524 5808 lli,
549 5736 645 5808 τοῦ
669 5735 812 5808 vulg.
842 5735 1234 5799 Βίταλιανοῖῖθι

1275 5731 1583 5822 Βαλεξιανῷ
1718 5731 2036 5822 (nisinisi:
2048 5731 2143 5822 iet

2738 5751 2782 5782 ⁷⁷
2817 5751 2910 5816 ξὺν
2941 5749 3016 5816 τῷ
3053 5747 3142 5808 Β..
3172 5748 3268 5813 ξὺν
3301 5739 3500 5814 καὶῷ

241 5806 392 5877 vulg.
469 5806 514 5837 ⁷³
554 5806 782 5878 ἀνέχει.“
805 5807 894 5867 Sic
952 5813 1091 5883 vulg.
1124 5824 1178 5870 et
1209 5806 1599 5887 Ιιιιρι’.,ἀνέλει
1636 5806 1786 5875 ιιξθι

1916 5835 2010 5892 .ng.
2035 5806 2346 5876 ἀνέλκεταιῖ
2382 5806 2458 5877 ίιὶ.
2490 5806 2613 5877 ποτῖ
2650 5821 2738 5883 Β..
2786 5806 2896 5875 oni.
2936 5806 3183 5872 articulo.
