4212 6438
724 377 854 440 1307

1899 383 2254 442 AGATllle
2288 385 2768 463 SCIIQLASTICI

3825 382 3992 445 I308

717 485 978 538 facturos.
1014 480 1150 538 Tum
1199 481 1397 540 Narses
1441 497 1654 543 erectos
1688 486 1972 542 confestim
2010 505 2105 544 eos
2134 499 2278 544 stare
2307 503 2351 557 Α

2326 503 2351 557 ι
2380 493 2666 560 περιόντας
2703 508 2717 522 ⁸
2745 493 2840 546 ac:
2887 491 2952 561 δὴ
2977 505 3084 562 γαρ
3111 492 3295 555 αὐτοῖς
3323 491 3581 546 ἀδύνατον
3602 487 3741 544 εἶναι
3765 491 3989 545 δοκοῦν

713 575 901 642 jussit,
923 581 978 627 et
1009 575 1294 642 Oppidanis
1317 577 1642 644 spectandos
1665 577 1875 644 posuit,
1907 578 2088 634 salvos
2117 589 2280 648 atque

2376 585 2504 644 τοὺς
2542 583 2844 646 τεθνεῶτας
2894 584 3208 644 ἀναϐιῶναι,
3257 585 3674 654 εὖπρεπεστατιι
3729 583 3991 654 ἡγοῦντο

718 663 1036 718 incolumes.
1074 663 1137 717 lli
1172 680 1299 718 vero
1325 679 1422 719 eos
1444 667 1773 734 conspicati,
1799 669 2032 736 perculsi
2057 670 2277 738 quidem

720 753 969 815 fuerunt,
1005 765 1064 808 ut
1094 769 1190 824 par
1209 764 1345 819 erat,
1372 758 1665 826 spectaculi
1693 758 1960 822 novitate,
1985 759 2077 812 sed
2109 774 2175 811 ne
2206 760 2277 812 ita

718 846 934 913 quidem
980 861 1171 900 omnes
1218 847 1390 914 pactis
1427 848 1676 901 standum
1725 850 2056 911 censebant,
2107 863 2280 916 neque

717 939 941 992 deerant
985 939 1076 1006 qui
1127 949 1460 995 recusarent.
1500 941 1859 1008 Posteaquam
1903 941 2047 994 enim
2090 955 2280 1009 supcr-

718 1031 874 1085 stites
902 1040 955 1084 et
978 1031 1156 1086 salvos
1183 1045 1314 1086 suos
1335 1041 1461 1084 sunt
1484 1031 1799 1100 conspicati,
1823 1032 2022 1085 animis
2049 1047 2114 1085 ex
2147 1047 2281 1086 Inae-

719 1137 836 1175 rore
863 1131 916 1174 et
947 1122 1132 1176 dolore
1159 1121 1226 1175 ad
1256 1123 1452 1176 bonam
1482 1138 1630 1192 spem
1655 1123 1954 1185 conversis,
1984 1122 2059 1175 uti
2091 1124 2280 1189 vulgus

715 1213 873 1274 solet,
903 1213 968 1264 ad
1002 1212 1274 1280 ingenium
1304 1213 1602 1276 redierunt,
1632 1213 1864 1280 vicitque
1894 1214 2136 1280 perﬁdia.
2163 1210 2282 1277 Quo

715 1302 934 1370 quidem
974 1302 1208 1357 vesania:
1256 1317 1379 1356 cum
1426 1303 1501 1356 illi
1548 1313 1731 1356 essent
1769 1303 2020 1368 abrepti,
2055 1302 2277 1366 Narses,

714 1408 929 1446 summa
974 1403 1132 1447 utens
1171 1393 1340 1447 animi
1387 1392 1794 1460 magnitudine.
1844 1394 2025 1446 statim
2065 1393 2282 1448 obsides

715 1484 916 1538 liberos
957 1482 1023 1536 ad
1065 1498 1196 1538 suos
1238 1483 1477 1548 remisit,
1513 1485 1678 1538 nullis
1718 1483 1962 1537 redimiis
2002 1485 2278 1552 acceptis,

714 1591 888 1644 neque
913 1576 1021 1629 ulla
1051 1577 1408 1630 conventione
1431 1575 1540 1646 42
1571 1576 1640 1630 ab
1672 1577 1807 1632 urbe
1835 1585 2070 1630 extorta.
2096 1577 2282 1630 Admi-

715 1667 964 1720 rantibus
1001 1681 1128 1720 vero
1164 1665 1398 1722 Lucanis
1421 1705 1437 1730 ,
1465 1675 1521 1720 ct
1546 1681 1656 1736 quo
1689 1667 1922 1722 consilio
1963 1667 2018 1720 id
2065 1666 2285 1722 fecisset

713 1757 1112 1826 nmbigentibus
1145 1778 1158 1812 :
1189 1755 1312 1811 Non
1337 1767 1415 1812 est
1450 1759 1550 1811 mei
1575 1758 1970 1828 moris,inquit,
1997 1758 2208 1812 adulari
2232 1769 2284 1814 et

2379 672 2550 744 ταύτῃ
2568 672 2698 738 γοῦν
2727 671 3118 725 ἀποσείσασθαι
3147 673 3208 724 τὸ
3239 673 3539 741 ἐπίκλημα,
3563 671 3658 725 καὶ
3688 672 3782 724 ἐπὶ⁵
3815 674 3989 738 σφᾶς

2378 765 2573 828 αὐτοὺς
2592 765 2662 818 τὰ
2685 766 2870 819 δίκαια
2893 765 3224 836 μεταθεῖναι.
3243 765 3376 818 Τότε
3397 766 3462 834 δὴ
3475 764 3569 818 οἷν
3590 768 3617 818 ὁ
3635 767 3864 834 Ναρσῆς
3888 767 3989 830 ὲγο

2379 856 2791 924 πλευσὰμενος,
2818 856 3066 926 ἀνίστησί
3095 873 3155 907 τε
3186 857 3383 918 αὐτοὺς
3401 856 3616 926 ἀθρόον,
3634 858 3725 908 καὶ
3750 856 3986 908 ἐπεδεί-

2379 965 2573 1001 κνυντο
2595 951 2708 1012 τοῖς
2737 949 3034 1018 ὁμοφύλοις
3054 949 3184 1002 σῶοί
3213 967 3274 1002 τε
3295 952 3390 1003 καὶ
3418 951 3671 1020 ἀδήλητοι
3693 953 3758 1004 ’⁸.
3801 953 3877 1003 υἱ
3919 953 3986 1005 δὲ

2379 1041 2653 1102 ἐπιδόντες
2679 1041 2895 1105 αὐτοὺς,
2920 1041 3352 1110 κατεπλήττοντο
3399 1041 3518 1110 μὲν.
3546 1040 3734 1113 ὥσπερ
3779 1044 3983 1109 εἰκὸς,

2378 1131 2457 1201 τῷ
2485 1131 2777 1200 παραλόγῳ
2804 1132 2898 1200 τῆς
2918 1131 3066 1193 θέας.
3084 1132 3144 1184 ού
3167 1131 3272 1202 μὴν
3286 1131 3409 1184 ούδέ
3434 1131 3507 1193 ὣς
3532 1133 3771 1192 ἅπαντες
3802 1135 3984 1184 ἐκτε-

2379 1224 2491 1276 λεῖν
2515 1224 2582 1275 τὰ
2604 1222 2988 1290 ώμωμοσμένα
3015 1221 3184 1292 ᾤοντο
3215 1225 3432 1292 χρῆναι,
3448 1223 3564 1276 ἀλλ’
3609 1219 3747 1294 ἦσαν
3780 1225 3830 1276 οἳ
3873 1227 3986 1277 καὶ

2381 1313 2637 1383 ἀνήνοντο
2659 1312 2726 1366 ’³.
2771 1312 2986 1380 Ἐπειδὴ
3013 1311 3124 1380 γὰρ
3157 1312 3340 1374 αὐτοῖς
3372 1313 3642 1381 περιῆσαν
3669 1314 3718 1365 οἱ
3747 1314 3983 1382 ἄνδρες,

2381 1403 2474 1454 καὶ
2491 1403 2553 1454 τὸ
2587 1401 2786 1467 ἀλγοῦν
2801 1401 2901 1468 τῆς
2923 1399 3149 1469 γνώμης
3180 1402 3277 1454 καὶ
3310 1401 3610 1471 ἀνιώμενον
3636 1405 3692 1464 ἐς
3723 1403 3784 1454 τὸ
3809 1403 3984 1454 εὔελ-

2382 1509 2443 1544 πι
2473 1489 2902 1560 μετεϐέϐλητοίδ,
2922 1490 3104 1554 πάλιν,
3137 1491 3231 1544 ἅτε
3263 1489 3330 1559 δὴ
3357 1492 3564 1561 ὅμιλος,
3593 1493 3652 1556 ἐς
3679 1495 3745 1546 τά
3763 1495 3981 1562 πρότε-

2386 1599 2452 1654 ρα
2483 1582 2805 1652 ἐπανῄεσαν,
2830 1581 2921 1635 καὶ
2944 1583 3014 1635 τά
3034 1581 3134 1649 τῆς
3168 1581 3426 1646 ἀπιστίας
3457 1584 3632 1637 ἐνίκα.
3682 1585 3768 1646 Ἐς
3803 1584 3983 1636 τοῦτο

2381 1673 2438 1726 δέ
2467 1673 2646 1726 αὐτῶν
2659 1672 2978 1743 ἀϐελτερίας
2995 1673 3358 1742 ἐληλακότων,
3377 1675 3603 1744 Ναρσῆς
3616 1679 3644 1728 ὁ
3660 1676 3982 1746 στρατηγὼ

2386 1765 2552 1835 πολλῇ
2582 1763 2863 1835 χρώμενος
2892 1766 2960 1834 τῇ
2991 1763 3458 1834 μεγαλοφροσύνῃ.
3501 1765 3694 1832 ἀφίησι
3731 1765 3977 1828 τούτους

713 1864 850 1901 arma
878 1864 967 1917 spe
993 1850 1214 1903 lactare.
1245 1847 1387 1902 Nam
1413 1849 1571 1903 etiam
1601 1849 1795 1919 absque
1831 1850 1911 1904 his
1935 1892 1950 1915 ,
1987 1851 2091 1904 nisi
2118 1866 2275 1920 quam
2313 1840 2350 1892 Β

2318 1840 2350 1892 Β
2380 1855 2672 1918 εύθὺς,καὶ
2688 1855 2745 1918 ἐς
2765 1854 2834 1906 τὰ
2853 1855 3029 1907 οἰκεία
3059 1854 3356 1923 ἐκπέμπει,
3389 1853 3513 1907 οὔτε
3535 1854 3704 1926 λύτρα
3730 1856 3981 1924 κομισά-

715 1940 968 1994 citissime
1003 1939 1316 1994 deditionem
1339 1941 1551 2010 faciatis
1570 1983 1586 2008 ,
1615 1942 1724 1995 Ιιωσ
1743 1980 1758 2006 ,
1790 1942 1988 2013 inquit,
2020 1959 2108 1997 ros
2131 1942 2279 1996 subi-

715 2041 834 2098 gent
851 2048 870 2095 ;
902 2031 1166 2101 simulque
1214 2032 1328 2088 base
1365 2031 1554 2101 dicens
1577 2073 1593 2098 ,
1637 2049 1800 2089 enses
1827 2035 1908 2090 eis
1949 2035 2276 2089 ostentabat.

716 2123 947 2177 Obsides
985 2124 1166 2192 itaque
1187 2124 1417 2189 dimisit,
1445 2135 1500 2180 et
1525 2124 1736 2180 civibus
1761 2127 1878 2182 suis
1904 2126 2118 2189 redditi,
2147 2125 2282 2180 Nar-

716 2223 908 2276 setem,
932 2214 1163 2269 coetibus
1194 2215 1472 2268 hominum
1505 2215 1755 2280 immisti,
1785 2217 2016 2272 summis
2035 2217 2281 2272 laudibus

714 2303 1026 2368 cﬂ‘erebant,
1044 2305 1467 2377 comitatemque
1495 2323 1602 2376 qua
1631 2308 1838 2377 excepti
1867 2319 2053 2362 essent
2087 2309 2281 2378 praedi-

716 2395 912 2448 cabant
941 2405 994 2449 et
1021 2397 1166 2466 quod
1198 2397 1410 2453 blandis
1441 2399 1852 2469 commodisque
1876 2399 2118 2454 moribus
2145 2414 2282 2468 prae-

716 2489 862 2541 ditus
883 2498 1060 2552 esset,
1085 2489 1338 2560 quodque
1381 2491 1706 2560 singularem
1740 2492 1906 2544 animi
1956 2491 2284 2559 magnitudi-

717 2594 840 2632 nem
864 2579 1092 2648 justitiae
1115 2581 1298 2636 studio
1327 2588 1686 2648 temperaret,
1720 2584 1920 2650 passim
1953 2581 2283 2634 mussitaba-

719 2679 842 2738 tur;
899 2673 1328 2742 videbanturque
1373 2673 1425 2726 bi
1457 2687 1738 2727 sermones
1784 2672 1932 2726 brevi
1969 2673 2088 2741 plus
2115 2687 2281 2742 quam

715 2776 866 2815 arma
888 2761 1151 2823 eﬂecturi,
1182 2763 1551 2817 demulcentes
1579 2773 1848 2832 quotquot
1879 2779 1909 2817 e
1941 2763 2100 2830 vulgo
2125 2773 2282 2818 erant

716 2852 1164 2906 conitcntinsiores
1205 2863 1258 2906 et
1299 2852 1781 2916 inconstantiores,
1829 2862 1885 2908 et
1935 2855 2278 2924 quampluri-

715 2956 836 2995 mos
866 2942 931 2995 ad
958 2942 1328 2997 Romanorum
1351 2954 1529 3014 partes
1551 2945 1867 3000 sectandum
1925 2947 2278 3000 concitaturi.

2386 1963 2568 2018 μενος,
2601 1945 2726 1999 οὔτε
2749 1944 2877 1998 ἀλλο
2902 1963 2956 1998 τι
2980 1945 3078 2016 τὴν
3121 1946 3278 1999 πόλιν
3309 1946 3592 2016 ὁμολογεῖν
3623 1949 3978 2015 ἀναγκάσας.

2383 2038 2496 2092 Θαυ
2504 2037 2780 2108 μαζόντων
2795 2036 2850 2088 δὲ
2865 2035 2972 2089 τῶν
2987 2037 3298 2100 Λουκανῶν,
3319 2039 3414 2091 καὶ
3431 2038 3553 2091 ὅτου
3569 2038 3632 2108 δὴ
3651 2039 3816 2092 ἕνεκα
3837 2040 3978 2092 τοῦ-

2384 2145 2445 2181 το
2466 2128 2714 2198 δράσειεν
2729 2125 3286 2195 ἀμφιγνοούντων·ού
3301 2127 3568 2192 σύνηθες
3578 2128 3709 2195 ἐμοι
3736 2128 3947 2198 πέμψῃ
3960 2170 3976 2188 _

2378 2217 2786 2288 βωμολοχίαις
2807 2233 2869 2270 τε
2899 2217 2996 2272 καί
3020 2218 3341 2285 γλίσχραις
3365 2216 3616 2269 ἐλπίσιν
3657 2217 3980 2284 ἐγκαλλω-

2384 2308 2675 2369 πίζεσθαι.
2725 2304 2899 2376 Οἵμαι
2953 2306 3064 2376 γὰρ
3100 2307 3200 2360 καί
3237 2307 3464 2360 τούτων
3482 2307 3651 2370 ἄνευ,
3687 2310 3737 2360 εὶ
3766 2307 3854 2376 μὴ
3889 2309 3979 2371 ὡς

2383 2401 2639 2470 τάχιστα
2677 2399 2921 2465 ἑκόντες
2966 2395 3121 2452 εἶναι
3157 2399 3204 2431 ⁸⁸
3249 2398 3758 2466 κροσχωρήσοιτε,
3804 2401 3980 2451 ἀλλὰ

2386 2492 2575 2548 ταῦτὰ
2609 2509 2675 2562 τε
2730 2490 2892 2559 ὑμᾶς
2935 2489 3456 2558 παραστήσονται,
3493 2492 3585 2542 καὶ
3628 2491 3743 2558 ἅμα
3790 2490 3982 2557 λέγων

2384 2580 2730 2634 ἐπεδείκνυεν
2771 2579 2838 2632 τὰ
2873 2578 3020 2649 ξίφη.
3067 2580 3132 2631 Οἱ
3183 2579 3280 2649 μὲν
3313 2578 3378 2650 δὴ
3428 2577 3621 2649 ἄνδρες
3655 2579 3980 2648 ἀφειμένοι,

2385 2673 2612 2734 καὶτοῖς
2639 2670 2932 2740 ὁμοφύλοις
2965 2671 3382 2740 ἀναμιχθέντες,
3418 2671 3478 2722 ἐν
3517 2671 3763 2741 εὐφημίᾳ
3791 2672 3979 2742 πολλῇ

2383 2764 2477 2819 τὸν
2506 2764 2732 2834 Ναρσῆν
2753 2763 3032 2817 ἐποιοῦντο
3059 2764 3154 2816 ἐπὶ
3173 2765 3302 2826 τοὺς
3325 2763 3613 2830 ξυλλόγους
3634 2763 3936 2830 φοιτῶντες
3959 2781 3977 2794 ο

2385 2855 2695 2926 ἐμέμνηντο
2724 2855 2781 2908 δὲ
2811 2855 2910 2923 τῆς
2935 2855 3166 2926 κομιδῆς
3193 2871 3252 2906 τε
3285 2854 3382 2908 καὶ
3413 2855 3730 2923 ἐπιμελείας
3756 2856 3980 2924 ὁπόσης

2385 2943 2574 3012 ἔτυχον
2621 2943 2755 3011 πρὸς
2791 2940 2958 2994 αὑτοῦ
2981 2982 2997 3005 ,
3041 2944 3124 2996 ὅτι
3164 2958 3224 2994 τε
3265 2940 3530 3010 μειλίχιος
3567 2943 3662 2995 καὶ
3690 2943 3976 3011 εὐόμιλος,

714 3031 810 3084 καὶ
837 3032 900 3085 τὸ
944 3033 1318 3104 μεγαλουργὸν
1343 3035 1455 3104 ἔχοι
1485 3035 1563 3106 τῷ
1597 3035 1790 3103 δικαίῳ
1827 3037 2291 3109 ἀνακεκραμένον,
2319 3033 2624 3104 ἑκασταχοῦ
2644 3033 2692 3064 ³⁸
2730 3031 3093 3102 ἐψιθυρίζετο.
3133 3032 3242 3084 Καὶ
3276 3032 3501 3101 ἔμελλον
3529 3032 3636 3103 ἀρα
3657 3033 3756 3085 οὐκ
3776 3036 3836 3096 ἐς
3862 3051 3982 3102 μα-

715 3120 853 3188 κραν
881 3122 989 3174 οἶδε
1012 3122 1062 3174 οἱ
1103 3122 1250 3189 λόγοι
1282 3123 1500 3194 μείζονα
1529 3124 1638 3177 τῶν
1676 3125 1856 3178 ὅπλων
1890 3124 1974 3198 [Ρ.
2004 3126 2096 3198 25]
2145 3121 2594 3194 διαπράττεσθαι,
2631 3117 3072 3188 κατακηλοῦντες
3114 3118 3210 3172 τοῦ
3242 3118 3486 3190 πλήθους
3535 3121 3733 3174 ὁπόσον
3784 3120 3981 3193 φίλερι

716 3217 812 3269 καὶ
843 3216 1234 3283 παλίμϐουλον,
1277 3219 1372 3272 καὶ
1397 3218 1474 3282 ὡς
1504 3219 1786 3284 πλείστους
1806 3221 2120 3276 ἀναπείσειν
2149 3223 2219 3274 τὰ
2256 3219 2544 3288 Ῥωμαίων
2584 3215 2819 3270 ἑλέσθαι.
3624 3269 3629 3273 .

787 3306 875 3362 14.
911 3306 1137 3365 Narsete
1171 3326 1299 3365 vero
1331 3310 1511 3366 adhuc
1534 3313 1871 3368 obsidionem
1904 3323 2162 3384 urgente,
2185 3328 2283 3367 co-
2310 3317 2352 3374 C

2323 3317 2352 3374 C
2457 3311 2539 3364 ιδ’.
2576 3311 2698 3363 Ἔτι
2747 3311 2805 3363 δὲ
2850 3309 2945 3363 τοῦ
2979 3307 3198 3380 Ναρσοῦ
3234 3311 3302 3380 τῇ
3335 3309 3624 3382 πολιορκίᾳ
3659 3313 3986 3382 προσκαθη’

718 3401 818 3470 pia:
844 3399 1211 3456 Romanorum
1242 3403 1296 3460 in
1325 3402 1604 3459 Emiliam
1628 3405 1830 3468 missae,
1853 3405 2094 3461 sinistris
2121 3420 2286 3460 even-

717 3494 864 3547 tibus
892 3493 1155 3561 perculsa:
1177 3503 1357 3560 erant,
1387 3506 1442 3550 ct
1465 3496 1622 3550 valde
1643 3536 1660 3562 ,
1693 3497 1770 3551 uti
1798 3512 1897 3566 par
1921 3505 2058 3563 erat,
2090 3496 2287 3553 animis

715 3591 1098 3639 consternatae.
1131 3584 1268 3639 Cum
1299 3585 1442 3640 enim
1473 3601 1584 3655 quo
1617 3587 1794 3642 missa:
1824 3597 1981 3642 erant
2011 3587 2288 3658 pervenis-

718 3682 880 3739 sent,
919 3673 1076 3728 initio
1112 3675 1330 3744 quidem
1372 3677 1668 3746 prudenter
1705 3677 2059 3745 ordinateque
2103 3677 2282 3732 omnia

718 3765 995 3833 gerebant,
1032 3774 1085 3819 et
1116 3765 1288 3820 sicubi
1317 3767 1498 3822 vicum
1527 3767 1764 3836 aliquem
1787 3779 1882 3822 aut
1901 3769 2156 3838 oppidum
2191 3769 2287 3822 de-

718 3853 1012 3923 pz-mdaturi
1060 3855 1247 3922 ibant,
1282 3857 1399 3912 acie
1428 3873 1593 3928 quam
1627 3859 1832 3928 optime
1861 3859 2123 3914 instructa
2161 3875 2286 3928 pro-

719 3942 1012 4009 cedebant,
1064 3960 1240 4015 neque
1276 3947 1491 4016 longius
1521 3963 1688 4019 quam
1727 3963 1826 4019 par
1867 3959 1986 4006 erat
2031 3966 2290 4006 excurre-

718 4034 870 4099 bant,
902 4051 1076 4106 neque
1107 4036 1215 4108 ω
1247 4037 1301 4092 in
1335 4039 1579 4096 diversas
1607 4048 1790 4110 partes
1822 4042 2065 4111 palantes
2093 4044 2292 4098 distra-

719 4127 1024 4194 bebantur,
1071 4128 1165 4182 sed
1207 4129 1427 4185 ordines
1494 4145 1625 4188 suos
1673 4133 2000 4198 servabant,
2043 4135 2290 4190 excubiis

717 4217 935 4284 quidem
990 4233 1022 4273 a
1073 4228 1224 4289 tergo
1265 4223 1588 4290 opportunis
1623 4223 1681 4278 in
1730 4224 1865 4278 locis
1903 4227 2288 4292 manentibus,

715 4309 982 4376 quadrata
1026 4325 1156 4363 vero
1201 4312 1321 4366 acie
1374 4311 1679 4379 instructa,
1721 4314 2011 4384 prmdaque
2045 4315 2191 4369 omni
2232 4316 2285 4370 in

2393 3401 2591 3470 μένου,
2649 3400 2719 3454 τά
2770 3403 2826 3462 ἐς
2874 3400 3160 3470 Αἰμίλειαν
3205 3398 3468 3453 σταλέντα
3504 3400 3616 3452 τῶν
3675 3401 3982 3468 Ῥωμαίων

2391 3498 2776 3563 στρατεύματα
2792 3493 2859 3554 ’⁷,
2893 3491 3218 3561 ἐταράττετο
3243 3493 3358 3552 τοῖς
3386 3491 3746 3562 ξυνενεχθείσι
3765 3494 3836 3555 ⁸³,
3871 3495 3980 3547 καὶ

2387 3581 2680 3653 δυσθυμία,
2714 3582 2903 3652 ὥσπερ
2931 3583 3098 3646 εἰκὸς,
3134 3583 3301 3654 πολλῇ
3335 3583 3584 3636 ἑαλώκει.
3625 3584 3980 3654 Ἐπειδὴγάρ

2389 3672 2584 3726 αὐτόσε
2610 3671 2888 3740 ἀφίκοντο,
2923 3671 2992 3725 τά
3029 3673 3129 3743 μὲν
3159 3675 3354 3742 πρῶτα
3385 3673 3484 3727 σὺν
3512 3671 3765 3743 εὐϐουλία
3786 3690 3850 3726 τε
3871 3682 3979 3727 καὶ

2388 3760 2542 3825 τάξει
2565 3761 2780 3814 ᾶπαντα
2817 3760 3105 3831 ἔπραττον.
3137 3763 3247 3814 Καὶ
3279 3762 3454 3814 εἵπου
3484 3763 3518 3832 ἢ
3550 3762 3746 3830 κώμην
3780 3764 3909 3816 τινὰ
3936 3766 3977 3834 ἢ

2391 3853 2630 3922 πόλισμα
2671 3852 2934 3921 δυσμενὲς
2971 3852 3283 3923 ληῖσόμενοι
3317 3854 3507 3923 ᾔεσαν,
3549 3851 3979 3924 ξυντεταγμένοι

2393 3937 2452 3994 εὖ
2486 3942 2632 4010 μάλα
2662 3943 2921 4013 ἐχώρουν,
2955 3944 3048 3997 καὶ
3072 3945 3132 3996 ού
3158 3946 3346 4016 πόρρω
3367 3945 3462 3998 τοῦ
3498 3945 3722 4016 μετρίου
3750 3945 3852 4009 τὰς
3877 3949 3984 4000 ἐπ-

2393 4032 2608 4096 ελάσεις
2635 4033 2914 4086 ἐποιοῦντο
2936 4050 2952 4066 ο
2986 4035 3128 4086 αἵτε
3160 4035 3538 4104 ἀναχωρήσεις
3586 4035 3769 4097 αὐτοῖς
3801 4036 3863 4086 ού
3891 4035 3981 4088 δι-

2389 4124 2752 4194 εσπασμέναι,
2782 4123 2897 4177 ἀλλ’
2926 4126 2985 4177 ἐν
3013 4125 3205 4194 κόσμῳ
3243 4125 3542 4192 ἐγίγνοντο,
3574 4125 3684 4177 τῶν
3713 4125 3814 4193 μὲν
3847 4125 3980 4178 dar.-

2392 4216 2746 4284 σθοφυλάκων
2774 4218 2832 4269 ἐν
2864 4215 2941 4286 τῷ
2966 4215 3144 4269 δέοντι
3187 4216 3350 4286 χώρῳ
3381 4215 3686 4285 μενόντων,
3719 4217 3778 4278 ἐς
3811 4215 3982 4270 πλαί-

2394 4326 2508 4363 σιον
2532 4310 2589 4363 δὲ
2625 4309 2724 4379 τῆς
2765 4309 3042 4377 φάλαγγος
3079 4308 3436 4378 ταττομένης.
3468 4309 3566 4360 καὶ
3585 4307 3687 4376 τὴν
3733 4306 3886 4361 λείαν
3913 4309 3981 4372 ἐς

717 4399 958 4455 medium
992 4410 1204 4470 recepta
1227 4443 1242 4467 ,
1279 4412 1339 4458 ut
1368 4418 1532 4473 quam
1566 4404 1879 4459 ﬁrmissime
1907 4405 2288 4476 tutissimeque
2318 4412 2362 4467 D

2318 4412 2362 4467 ι)
2393 4401 2558 4472 μέσον
2578 4399 3089 4470 ἀπολαμσὴνούσης,
3106 4399 3181 4459 ὡς
3193 4399 3260 4452 ἂν
3281 4398 3604 4468 βεϐαιότατα
3627 4398 3975 4462 διασώζοιτο.

717 4501 1106 4548 asservaretur.
1139 4492 1212 4547 Ita
1239 4509 1366 4548 vero
1393 4497 1524 4564 ipsis
1549 4495 1704 4550 initio
1728 4496 1944 4551 hostilia
1971 4497 2089 4552 loca
2119 4513 2288 4567 popu-

716 4582 983 4648 lantibus,
1025 4584 1211 4651 paucis
1239 4592 1364 4653 post
1392 4585 1582 4639 diebus
1615 4585 1800 4639 omnia
1847 4586 1900 4640 in
1950 4587 2285 4642 contrarium

717 4687 871 4727 versa
899 4687 1116 4740 pessum
1139 4674 1337 4730 ierunt.
1364 4674 1608 4730 Fulcaris
1631 4675 1778 4730 enim
1802 4674 2126 4731 Herulorum
2151 4676 2283 4744 dux,

713 4773 972 4819 strenuus
999 4765 1215 4833 quidem
1241 4767 1363 4829 ille.
1389 4768 1638 4837 nihilque
1668 4768 1826 4838 plane
1853 4768 2128 4824 hosticum
2170 4767 2283 4824 l'or-

715 4857 923 4915 midare
949 4858 1176 4924 solebat,
1209 4860 1387 4916 audax
1430 4875 1560 4914 vero
1595 4873 1649 4916 et
1679 4861 2021 4918 inordinatus
2048 4869 2197 4924 erat,
2229 4873 2286 4916 et

715 4947 781 5001 ad
809 4963 902 5003 res
929 4949 1196 5019 gerendas
1232 4951 1719 5021 cxsequendasque
1748 4968 1852 5006 non
1881 4953 1955 5006 ita
1985 4952 2120 5007 bene
2141 4967 2286 5008 com-

717 5051 959 5109 paratus.
991 5038 1178 5110 Neque
1221 5042 1365 5095 enim
1409 5041 1645 5111 praefecti
1681 5057 1743 5096 ac
1782 5043 1938 5098 ducis
1967 5043 2132 5098 dceus
2163 5057 2286 5098 esse

716 5131 994 5195 censebat,
1013 5134 1183 5187 aciem
1217 5131 1486 5188 instruere
1513 5141 1677 5203 atque
1704 5133 1994 5203 disponere
2017 5151 2030 5188 :
2063 5135 2156 5189 sed
2180 5135 2286 5189 sic-

719 5222 810 5276 ubi
856 5221 972 5291 ipsc
1006 5222 1058 5274 in
1100 5223 1294 5292 prmlio
1315 5225 1647 5292 conspicuus
1675 5223 1920 5293 aliosque
1951 5239 2288 5290 praecurrens

717 5326 1022 5381 magnoque
1057 5311 1258 5382 impetu
1291 5322 1345 5368 ct
1377 5313 1572 5370 ardore
1599 5313 1766 5368 animi
1798 5314 1852 5369 in
1883 5315 2089 5369 hostem
2121 5312 2287 5368 ferre-

2387 4491 2544 4546 Ούτω
2570 4493 2628 4545 δὲ
2666 4492 2844 4546 αὐτῶν
2877 4491 2939 4544 τό
2960 4507 3024 4559 γε
3058 4489 3182 4544 κατ’
3207 4490 3384 4560 ἀρχὰς
3416 4489 3486 4542 τὰ
3525 4490 3760 4559 πολέμια
3792 4490 3981 4560 χωρία.

2387 4582 2832 4654 λυμαινομένων,
2895 4581 3107 4650 ὀλίγαις
3171 4579 3396 4650 ὕστερον
3464 4579 3701 4649 ἡμέραις
3754 4579 3978 4632 ἅπαντα

2382 4675 2586 4746 διέρρει
2620 4674 2690 4728 τά
2725 4672 3039 4744 πραχθέντα
3093 4671 3189 4724 καὶ
3227 4670 3619 4742 ἀνετέτραπτο.
3664 4668 3978 4738 Φούλκαρις

2384 4765 2492 4836 γὰρ
2525 4765 2554 4817 ὁ
2580 4764 2690 4817 τῶν
2730 4762 2998 4835 Ἐρούλων
3026 4760 3332 4832 στρατηγὸς
3373 4759 3619 4829 ἀνδρεῖος
3651 4759 3751 4828 μὲν
3792 4759 3975 4828 δήπου

2383 4852 2452 4928 ἦν
2482 4857 2548 4921 ⁸⁸,
2587 4855 2686 4911 καὶ
2721 4853 2955 4908 ούδενότι
3007 4851 3264 4920 πολέμιον
3329 4848 3594 4916 ἐπεφύκει
3645 4847 3974 4917 δειμαίνειν,

2386 4949 2592 5022 θρασὺς
2612 4948 2669 5000 δὲ
2695 4946 2791 5000 καὶ
2815 4943 3154 5016 ταραχώδης,
3176 4942 3271 4995 καὶ
3295 4941 3357 4994 τὸ
3383 4940 3712 5011 δραστήριον
3735 4939 3800 4992 ού
3825 4938 3977 5008 μάλα

2391 5043 2450 5095 ἐν
2481 5041 2654 5094 δέοντι
2700 5038 3060 5108 κεκτημένος,
3115 5033 3421 5105 στρατηγοῦ
3455 5049 3516 5086 τε
3556 5031 3653 5084 καὶ
3701 5031 3976 5102 ἡγεμόνος

2391 5133 2452 5185 οὐ
2483 5131 2545 5184 τὸ
2576 5131 2801 5198 κοσμεῖν
2830 5128 2922 5180 καὶ
2940 5125 3244 5180 διατάττειν
3268 5124 3366 5195 τὴν
3389 5123 3647 5192 φάλαγγα
3671 5121 3975 5192 γνιῖιρισμα

2392 5216 2532 5274 εἶναι
2563 5221 2746 5289 ἠγεῖτο
2770 5234 2783 5247 ’
2818 5217 2932 5270 ἀλλ’
2971 5215 3130 5268 εἵπου
3177 5213 3474 5283 προφανεὶς
3497 5212 3544 5243 ³⁸
3573 5213 3634 5264 ἐν
3675 5213 3827 5281 μάχῃ
3875 5214 3977 5265 καὶ

2393 5310 2815 5382 προαλλόμενος,
2840 5307 3000 5378 θυμῷ
3023 5323 3083 5359 τε
3117 5305 3315 5376 ἀθρόον
3341 5302 3509 5375 ἐμϐα)
3521 5302 3597 5354 ὼν
3628 5303 3687 5362 ἐς
3709 5304 3840 5365 τοὺς
3872 5302 3975 5355 ἀνα

789 5491 834 5521 ”
864 5487 1126 5560 ἀδήλῳτοι
1165 5486 1230 5540 R.
1257 5487 1528 5560 ἐπιδόντες
1556 5488 1620 5554 ﬂ,
1661 5487 1922 5560 ἐσιδόντες
1953 5488 2097 5558 vulg.
2173 5489 2452 5560 “ﬁvﬁyow

2309 5485 2880 5560 ήνοντοΒ-ε-ἀνήνηντο
2907 5481 3053 5548 vulg.
3129 5479 3176 5560 ’.⁸
3203 5477 3576 5560 μεταβέϐλητο
3599 5476 3665 5560 R.
3742 5479 3787 5560 ξ’
3827 5469 3972 5560 εἶναι

721 5557 764 5612 ιι
791 5568 844 5611 ιιι
877 5557 1072 5626 l.ugd.,
1101 5573 1212 5610 om.
1242 5559 1385 5628 vulg.

1461 5561 1506 5591 “
1528 5558 1828 5628 ἑκασταχοῦ
1862 5557 1949 5620 IL,
1969 5557 2243 5627 πανταχοῦ
2266 5557 2412 5626 vulg.

2490 5559 2532 5587 ³⁷
2556 5553 2654 5609 Ubi
2687 5545 2980 5609 asteriscos
3004 5545 3183 5618 posui,
3204 5545 3530 5604 exciderunt
3553 5548 3718 5618 verba
3740 5545 3974 5618 διαφδα-

725 5631 880 5698 ρῆναι
905 5616 1442 5698 πυνθανόμενος,“ξιιιι
1470 5630 1554 5698 bis
1575 5616 1796 5698 similia.
1817 5616 1983 5698 Intpi'.
2011 5629 2097 5680 ubi
2126 5616 2388 5680 ἀρνείιιιῖ

2308 5616 2390 5680 lit;
2400 5656 2469 5666 —
2493 5635 2756 5698 acceptum
2779 5616 3156 5698 detrimentum
3171 5619 3452 5698 intellexit.
3530 5616 3576 5698 ’ξ
3599 5617 3971 5698 ξυνενεχρεῖξι

725 5695 789 5753 ll.
816 5695 1298 5768 iuvayftsiatt'ttlg.
1346 5767 1355 5768 ί
1409 5697 1454 5728 ³⁸
1477 5695 1544 5767 ἦν
1571 5697 1634 5762 li,
1670 5714 1782 5752 om.
1818 5695 1958 5765 vulg.

725 5770 868 5840 vulg.
902 5767 1302 5839 προαλλόμενος
1343 5767 1407 5834 Il,
1441 5769 1722 5842 προαλαμε
1738 5786 1815 5831 ρος
1847 5772 1987 5838 vulg.

2065 5699 2109 5731 ⁵ο
2145 5697 2438 5769 προφανεὶς
2506 5695 2550 5749 ιι
2583 5685 2637 5750 et
2672 5694 2868 5764 Lugd.,
2922 5690 3205 5761 προφανὴς
3245 5705 3362 5746 var.
3393 5687 3587 5760 .Lugd.
3647 5696 3728 5755 atq

2310 5697 2438 5761 ινεὶς
2506 5695 2550 5749 ιι
2583 5685 2637 5750 οὶ
2672 5694 2868 5764 Lugd.,
2922 5690 3205 5761 προφανὴς
3245 5705 3362 5746 var.
3393 5687 3587 5760 .Lugd.
3647 5696 3806 5756 atqu:
3841 5685 3973 5740 inde
