4212 6438
256 384 392 456 1317

1441 382 1976 447 HISTORIARUM
2016 384 2247 448 LIBER
2273 388 2321 447 Ι.

3374 393 3510 464 1318

254 514 392 564 καις
435 494 642 551 διόδον
674 495 794 562 τοῖς
847 494 1154 565 πολεμίοις
1183 493 1686 564 παρασχομένων,
1741 493 1838 548 καὶ

1943 499 2184 565 viamque
2222 497 2424 565 factum
2463 503 2690 551 vestrum
2726 496 3180 567 interpretabitur,
3214 507 3265 554 et
3305 517 3508 571 rerum,

257 588 527 656 ἐφέντων
574 586 804 652 αὐτοῖς,
880 581 946 639 οἵ
988 586 1318 650 βούλοιντο
1367 587 1497 638 κατ’
1557 583 1848 649 ἐξουσίαν

254 679 446 740 lerat;
477 678 585 733 Καὶ
618 677 732 748 ἐγὼ
769 678 888 748 μὲν
923 677 1114 732 οὐδέν
1173 695 1230 732 τι
1297 677 1579 746 φλαῦρον
1617 675 1845 744 εἶποιμι

251 769 321 836 ἐς
364 768 538 838 ὑμᾶς,
583 769 774 836 ἄλλος
817 769 887 823 δέ
925 786 1015 836 τις
1063 769 1208 836 ἴσως
1256 768 1383 838 ἐρεῖ
1403 767 1713 840 μαλακίαν
1757 763 1842 822 εἴ·

251 877 354 914 ναι
406 860 474 914 τὸ
504 858 726 930 χρῆμα,
767 860 866 915 καί
896 858 1014 913 τῶν
1058 857 1234 927 κοινῇ
1263 859 1687 913 συνοισόντων
1717 859 1840 912 ὀλι-

251 951 496 1020 γωρίαν.
541 953 610 1005 Et
629 943 720 1021 Ῐιὴ
764 951 876 1021 τὰρ
922 950 1210 1020 semidocta
1269 950 1490 1006 θᾶττον
1546 951 1616 1017 ἐς
1669 951 1828 1017 Πάρ-

249 1057 374 1108 μαν
400 1042 856 1109 ἐπανελθόντες,
895 1042 1142 1110 Ναρσῆς
1174 1042 1292 1111 μὲν
1325 1043 1546 1096 οὔποτε
1619 1039 1840 1106 ἀνήσει

1941 602 2059 655 qua:
2097 585 2167 639 ad
2207 586 2475 654 publicum
2518 584 2709 639 bonum
2743 595 2994 655 spectent,
3041 588 3351 658 neglectum.
3391 590 3514 648 Nisi

1940 676 2078 728 enim
2109 689 2268 744 quant
2293 675 2524 743 primum
2556 673 2816 730 Parmam
2842 692 2930 730 vos
2961 678 3278 746 receperitis,
3313 677 3514 736 Narses

1938 766 2149 836 quidem
2187 765 2604 834 indignationem
2627 808 2642 830 ,
2697 782 2856 835 quam
2895 765 3002 836 52
3035 769 3210 822 animo
3243 787 3338 824 suo
3385 788 3514 826 con-

1937 856 2104 924 cepit,
2143 870 2244 908 non
2280 857 2516 923 deponet,
2541 841 2711 924 neque.
2734 856 2933 911 desinet
2971 855 3114 910 vobis
3148 859 3430 925 imputare,
3465 862 3513 916 si

1934 945 2062 1016 quid
2095 944 2302 999 adversi
2337 950 2384 999 ei
2419 946 2700 1002 acciderit.
2731 945 2922 1001 Cavete
2965 963 3108 1014 vero,
3153 949 3256 1004 viri
3303 953 3511 1021 optimi,

1948 1053 2011 1090 ne
2039 1044 2087 1089 et
2122 1035 2412 1100 imperator
2447 1036 2592 1089 vobis
2619 1044 2942 1089 succenseat.

253 1133 660 1201 χαλεπαίνων,
729 1133 828 1186 καί
877 1131 1332 1202 καταιτιώμενος
1376 1131 1530 1202 ὑμᾶς
1592 1131 1712 1186 τῶν
1756 1129 2087 1198 ἐσομένων,
2124 1125 2180 1179 ει
2206 1123 2274 1193 γέ
2319 1141 2375 1178 τι
2418 1125 2757 1180 ἀντίπαλον
2791 1124 3200 1194 ξυνενεχθείη.
3228 1127 3516 1184 Σκοπεῑτσ

251 1225 346 1286 δὲ,
415 1219 462 1278 ὦ
503 1223 750 1288 λῷστοι,
796 1223 956 1290 ὅπως
1005 1223 1092 1293 μὴ
1157 1224 1254 1278 καί
1280 1223 1585 1289 βασιλεὺς
1643 1221 1964 1293 νεμεσήσῃ
1994 1219 2038 1272 ¹.

330 1322 415 1387 ιη’.
447 1314 611 1369 Ταῦτ’
647 1317 668 1348 ³
697 1316 1032 1380 ἀκούσαντες
1064 1319 1115 1369 οἱ
1153 1317 1455 1386 στρατηγοὶ
1483 1317 1579 1369 καὶ
1605 1313 1826 1386 Ναρσοῦ

251 1403 395 1461 εἶναι
429 1408 748 1476 ἐγνωκότες,
788 1408 860 1472 ὡς
891 1408 990 1478 μὲν
1018 1409 1078 1461 ού
1101 1407 1285 1461 δίκαια
1313 1408 1496 1476 σφίσιν
1519 1406 1822 1476 ἐπικαλοίη,

250 1499 434 1568 λέγειν
476 1501 498 1532 ⁵
531 1501 631 1554 οὐκ
679 1496 860 1570 εἶχον,
920 1499 1149 1568 σκήψεις
1193 1499 1252 1553 δέ
1309 1516 1464 1564 τινας
1503 1499 1826 1570 προΐσχοντο

2005 1309 2094 1364 18.
2137 1308 2234 1365 His
2267 1309 2492 1375 auditis,
2521 1307 2783 1378 praefecti,
2811 1318 2865 1362 et
2903 1324 2931 1362 a
2979 1309 3202 1365 Narsete
3242 1311 3357 1364 haec
3387 1326 3513 1379 pro-

1933 1401 2102 1456 ﬁeisci
2131 1416 2234 1455 non
2265 1402 2598 1470 ignorantes,
2642 1399 2841 1468 injuste
2869 1401 3086 1468 quidem
3125 1415 3244 1455 sese
3285 1401 3515 1456 insimu-

1931 1486 2030 1545 lari
2058 1491 2237 1546 dicere
2276 1506 2382 1544 non
2411 1497 2681 1558 poterant,
2717 1489 2811 1543 sed
2836 1490 3216 1544 excusationes
3250 1492 3510 1560 quasdam

252 1593 352 1644 καὶ
378 1590 577 1655 αἰτίας,
611 1590 688 1654 ὡς
740 1590 850 1661 ἄρα
906 1591 1043 1660 πρὸς
1092 1591 1353 1662 ἀνάγκης,
1404 1590 1823 1660 μετανασταϊεν,

1934 1581 2334 1652 praetendebant
2378 1593 2432 1637 et
2465 1595 2681 1644 causas,
2715 1579 2859 1650 quod
2903 1580 3153 1636 videlicet
3192 1581 3514 1637 necessitate

252 1679 353 1733 ἅτε
391 1680 491 1732 οὐκ
523 1680 643 1732 ἐνὸν
671 1681 728 1732 ἐν
759 1683 870 1741 τοῖς
914 1680 1046 1750 περὶ
1063 1680 1296 1750 Πάρμαν
1315 1680 1534 1750 χωρίοις
1567 1677 1677 1732 τῶν
1700 1679 1833 1732 ἐδω-

253 1772 430 1841 δίμων
494 1773 606 1833 τοῖς
660 1769 1018 1842 στρατιώταις
1045 1772 1102 1834 ἐς
1142 1771 1204 1824 τὸ
1260 1769 1517 1840 ἀποχρῶν
1563 1768 1832 1840 μεταλαγ-

252 1864 474 1932 χάνειν·
520 1863 654 1933 μηδὲ
687 1862 796 1934 γὰρ
861 1865 1118 1934 παρεῖναι
1169 1861 1440 1932 Ἀντίοχον
1465 1861 1698 1916 ἐνταῦθα
1739 1861 1832 1914 τὸν

256 1954 506 2024 ὕπαρχον
536 1953 580 2018 ⁸,
607 1946 652 2020 ᾧ
687 1953 758 2006 τά
801 1952 984 2008 τοιάδε
1045 1953 1295 2006 ἀνεῖταιο
1358 1952 1420 2006 ού
1473 1953 1657 2023 μέντοι
1717 1952 1831 2006 ἀλλ’

253 2047 382 2100 οὐδὲ
427 2045 488 2098 τὸ
535 2043 759 2115 χρυσίον
796 2043 856 2097 τὸ
888 2042 1080 2108 εἰωθὸς
1144 2043 1331 2107 αὐτοῖς
1386 2042 1830 2114 διανενεμῆσθαι.

255 2139 529 2206 Στέφανος
584 2137 648 2207 δὴ
678 2133 770 2191 οὖν
799 2137 874 2200 ὡς
901 2137 1133 2205 τάχιστα
1161 2137 1220 2188 ἐν
1261 2135 1521 2208 Ῥαϐέννῃ
1569 2135 1835 2205 ἀφιιίόμε-

256 2249 371 2294 νος,
403 2230 495 2284 τόν
518 2248 577 2283 τε
605 2229 844 2299 ὕπαρχον
861 2228 1071 2283 ἐνθένδε
1096 2227 1171 2292 ὡς
1186 2229 1312 2292 τοὺς
1334 2228 1673 2298 στρατηγοὺς
1697 2228 1834 2298 ἠγα-

256 2340 349 2391 γε,
374 2322 551 2375 καὶτὰ
569 2320 842 2390 ἀμφίϐολα
857 2319 932 2382 ὠς
960 2313 1072 2372 οἷόν
1101 2335 1159 2373 τε
1191 2313 1260 2389 ἦν
1291 2318 1648 2389 άκεσάμενος.
1687 2318 1833 2372 ἐπει-

259 2429 358 2466 σεν
397 2415 611 2466 ᾶπαντα
640 2413 661 2442 ⁵
681 2410 878 2466 αὐτίκα
907 2411 1358 2483 παλινδρομῆσαι,
1393 2410 1488 2465 καὶ
1521 2405 1675 2474 αὖθις
1695 2411 1833 2482 προς

257 2507 364 2576 τὴν
416 2505 648 2577 Πάρμαν
689 2506 709 2538 ⁷
766 2503 1350 2576 στρατοπεδεύσασθαι.
1408 2503 1632 2558 Ἐπεὶδὲ
1661 2503 1834 2556 ταῦτα

257 2598 700 2669 διαπραξάμενος
742 2598 764 2630 ⁸
817 2598 875 2660 ἐς
920 2596 1136 2651 Λοῦκαν
1191 2598 1453 2666 ἐπανῆκε,
1499 2595 1719 2668 θαρσεῖν
1773 2611 1834 2647 τε

261 2694 472 2760 ἔφασκε
503 2691 581 2761 τῷ
615 2690 830 2762 Ναρσῇ.
866 2691 960 2744 καὶ
1007 2692 1104 2743 σὺν
1130 2688 1441 2760 προμηθείᾳ
1479 2687 1696 2760 ἔχεσθαι
1723 2687 1834 2741 τῶν

263 2783 632 2854 πραγμάτων.
690 2781 843 2852 Μηδὲ
895 2781 1004 2852 γὰρ
1056 2781 1486 2852 παρενοχλήσειν
1535 2778 1685 2850 αύτῷ
1709 2780 1834 2842 τοὺς

265 2873 583 2943 πολεμίους,
613 2871 732 2926 ἀλλ’
765 2870 1046 2943 εἴργεσθαι
1098 2873 1198 2934 τὰς
1229 2870 1450 2924 ἐκείνων
1478 2869 1677 2940 ὁρμὰς,
1727 2869 1836 2922 τῶν

1934 1672 2106 1727 coacti
2142 1670 2377 1727 statione
2422 1685 2520 1725 sua
2549 1670 2880 1733 cessissent;
2928 1662 3126 1741 qt'tippe
3153 1672 3243 1742 qui
3289 1688 3358 1727 ex
3401 1672 3513 1727 cir-

1933 1764 2222 1834 cumiectis
2246 1763 2458 1818 Parnm
2493 1764 2628 1819 locis
2659 1778 2766 1818 non
2803 1763 2940 1819 satis
2987 1773 3326 1820 commeatus
3367 1766 3513 1820 mili~

1933 1858 2081 1913 tibus
2113 1856 2353 1912 nancisci
2379 1857 2712 1927 potuissent;
2751 1871 2929 1927 neque
2971 1856 3299 1912 Antiochum
3327 1858 3513 1927 praesi-

1933 1950 2078 2014 dem,
2122 1950 2210 2004 cui
2251 1963 2312 2004 ea
2364 1964 2497 2005 cura
2547 1949 2840 2004 commissa
2881 1957 3020 2014 erat,
3061 1949 3195 2018 ipsis
3234 1949 3510 2016 adfuisse;

1934 2043 2027 2097 sed
2062 2056 2236 2112 neque
2269 2041 2536 2112 stipendia
2577 2051 2837 2096 consueta
2880 2041 3013 2112 ipsis
3043 2043 3340 2112 persoluta.
3392 2041 3513 2098 Ste-

1933 2135 2145 2204 phanus
2178 2134 2363 2204 itaque
2402 2149 2615 2189 summa
2663 2133 2940 2188 celeritate
2981 2132 3291 2189 Ravennam
3332 2149 3514 2190 rever-

1933 2243 2050 2291 sus,
2093 2236 2148 2282 et
2195 2227 2477 2298 praesidem
2521 2227 2670 2282 illinc
2715 2227 2782 2280 ad
2825 2225 3108 2296 praefectos
3156 2227 3362 2282 militiae
3389 2242 3516 2296 per-

1931 2315 2107 2380 duxit,
2132 2328 2185 2370 et
2205 2315 2617 2371 diﬂicultatibus
2635 2315 2914 2381 omnibus,
2937 2316 3117 2385 quoad
3141 2316 3254 2370 lieri
3281 2327 3514 2386 poterat,

1933 2406 2190 2471 sublatis,
2238 2407 2514 2477 persuasit
2559 2408 2844 2471 omnibus,
2897 2416 2959 2462 ut
3017 2415 3270 2463 revocato
3324 2409 3516 2464 itiuete

1934 2514 2154 2554 rursum
2178 2499 2243 2554 ad
2268 2497 2521 2554 Parmam
2549 2507 2727 2555 castra
2757 2497 3138 2554 transferrent.
3163 2499 3258 2554 llis
3284 2515 3414 2554 vero
3443 2501 3513 2554 ita

1934 2593 2204 2662 peractis,
2261 2590 2466 2647 Lucam
2517 2607 2790 2648 reversus.
2861 2591 3074 2647 Narseti
3131 2592 3307 2657 dixit,
3371 2593 3516 2648 bono

1935 2687 2209 2739 animout
2253 2693 2417 2748 esset,
2449 2685 2812 2751 alacriterqne
2859 2684 3168 2738 institutum
3213 2700 3373 2739 suum
3424 2701 3518 2738 ur-

1937 2783 2106 2844 geret.
2137 2775 2320 2844 Neque
2348 2776 2492 2830 enim
2523 2775 2624 2845 ipsi
2650 2773 2941 2828 oblaturos
2967 2774 3174 2836 hostes,
3203 2775 3294 2829 sed
3319 2772 3519 2828 Roma-

1936 2881 2133 2922 norum
2181 2867 2423 2937 legiones
2453 2875 2761 2936 opportuna
2793 2880 3011 2920 rursum
3045 2865 3160 2920 loca
3209 2864 3518 2920 insidentes

279 2964 606 3034 Ῥωμαϊκῶν
639 2965 818 3028 αὐτοῖς
850 2964 871 2996 ⁹
904 2964 1203 3032 ταγμάτων
1255 2963 1315 3015 ἐν
1361 2962 1534 3016 δέοντι
1567 2957 1722 3024 αὖθις
1747 2962 1838 3030 ἐφ-

1945 2959 2182 3029 ipsorum
2237 2959 2471 3028 impetus
2505 2972 2874 3027 repressuras.
2915 2955 3115 3011 Narses
3152 2957 3331 3024 itaque
3373 2955 3523 3010 dein-

266 3057 624 3127 εζορευόντων.
666 3057 890 3128 Ναρσῆς
935 3056 1000 3128 δὴ
1046 3055 1131 3128 [Ρ.
1168 3054 1260 3126 50]
1314 3051 1406 3110 οὖν
1462 3055 1712 3110 τολοιπὺν
1742 3057 1842 3110 οὐκ

267 3148 499 3202 ἀνεκτὸν
527 3145 668 3204 εἶναι
714 3148 1035 3220 ἡγούμενος,
1086 3149 1136 3201 εί
1192 3149 1434 3218 μέλλοιεν
1487 3149 1537 3202 οῖ
1579 3148 1844 3209 Λουκανοὶ

270 3239 624 3293 ἐπιπλεῖστον
675 3240 942 3310 ἀντέχειν,
975 3239 1116 3292 οὕτω
1157 3257 1273 3303 πως
1305 3238 1566 3309 ἀνειμένα
1625 3240 1842 3310 πολιορ-

273 3327 556 3399 κούμενοι,
588 3325 821 3392 ἐπέλαζε
861 3329 906 3359 ¹⁶
943 3331 1054 3391 τοῖς
1102 3327 1338 3398 τείχεσιν
1405 3329 1641 3398 ἀφειδῶς
1667 3344 1682 3360 '
1750 3331 1846 3384 καὶ

273 3419 477 3474 αὐτίκα
513 3420 574 3473 αἴ
602 3436 661 3473 τε
694 3418 969 3482 ἑλεπόλεις
1026 3421 1264 3490 μηχαναὶ
1328 3420 1689 3490 προσήγοντο,
1754 3421 1846 3474 καὶ

275 3511 386 3568 ἀνᾶ
438 3512 538 3575 τὰς
573 3511 790 3582 τύρσεις
823 3512 1078 3582 πυρφόρα
1110 3513 1434 3583 ἐρῤίπτοντο
1472 3511 1625 3582 βέλη.
1671 3509 1739 3566 Oi
1787 3528 1847 3564 τε

276 3607 340 3667 ἐς
367 3604 437 3658 τά
487 3602 838 3675 μεταπύργια
892 3602 1230 3672 φαινόμενοι,
1270 3602 1554 3657 ἐϐάλλοντο
1600 3601 1766 3666 λίθοις
1787 3619 1847 3655 τε

276 3695 376 3749 καὶ
422 3695 742 3766 τοξεύμασιν
768 3709 782 3725 ο
830 3695 921 3748 καὶ
973 3693 1282 3764 διετέμνετό
1350 3695 1498 3749 ἐστιν
1548 3687 1611 3748 οὗ
1664 3695 1699 3766 ἠ
1751 3693 1847 3748 τοῦ

277 3786 570 3855 περιϐόλου
627 3785 932 3854 οἰκοδομία,
981 3785 1077 3839 καὶ
1116 3783 1303 3838 ἅπασα
1361 3784 1476 3837 ίδέα
1525 3783 1697 3838 κακοῦ
1749 3801 1850 3838 πε-

281 3876 558 3946 ριεστήκει
602 3873 700 3942 τὴν
730 3874 902 3927 πόλιν.
946 3873 1010 3928 Οί
1049 3871 1150 3943 μὲν
1181 3868 1275 3928 οὖν
1315 3873 1578 3944 πρότερον
1615 3873 1850 3945 ὀμηρεύ·

279 3981 477 4028 σαντες
513 3965 635 4018 τότε
684 3965 748 4034 δὴ
809 3965 970 4018 πλέον
1019 3965 1060 3996 ³⁸
1101 3963 1372 4036 ἔπρασσον
1401 3965 1459 4028 ἐς
1485 3965 1529 3998 ⁸⁸
1557 3966 1683 4027 τοὺς
1720 3965 1851 4019 Ῥω·

280 4058 500 4129 μαίους.
535 4057 644 4111 Καὶ
669 4059 797 4126 τόγε
847 4059 935 4111 ἐπ’
967 4056 1214 4120 ἐκείνοις,
1253 4057 1479 4128 τάχιστα
1544 4057 1613 4113 ἂν
1666 4058 1850 4112 ἅπασα

275 4150 313 4219 ἡ
378 4147 528 4210 πόλις
564 4146 829 4217 ὑπεκλίυη
857 4161 872 4178 ο
916 4145 1010 4199 νῦν
1051 4146 1108 4200 δὲ
1139 4149 1189 4200 οἱ
1219 4146 1327 4202 τῶν
1357 4147 1624 4216 Φράγγων
1678 4149 1851 4218 ἁρμοο

279 4243 428 4302 arci,
475 4239 525 4292 οἳ
553 4239 617 4310 δὴ
647 4238 942 4310 ἐτύγχανον
988 4238 1136 4293 ἔνδον
1161 4238 1255 4292 ἐπὶ
1290 4241 1502 4311 φρουρᾷ
1541 4239 1636 4293 τοῦ
1661 4239 1850 4304 ἄστεος

1943 3063 2070 3118 ceps
2101 3064 2441 3121 nequaquam
2477 3048 2760 3103 ferendum
2805 3056 2979 3110 ratus,
3019 3047 3294 3102 Lucenses
3323 3045 3520 3100 diutis-

1945 3142 2083 3197 sime
2114 3142 2369 3196 resistere
2395 3140 2680 3195 remissius
2711 3138 2813 3208 53
2848 3139 3126 3202 obsessos,
3165 3153 3324 3192 muro
3351 3138 3520 3190 intre-

1944 3233 2066 3302 pide
2105 3231 2596 3302 appropinquavit,
2651 3231 2947 3299 statimque
2994 3230 3261 3284 machinae
3307 3229 3520 3300 oppidis

1944 3323 2222 3392 capiendis
2263 3322 2682 3378 accommodata:
2720 3321 3173 3384 admovebantur,
3214 3329 3268 3375 et
3318 3321 3370 3374 in
3401 3321 3524 3390 pin-

1949 3429 2047 3468 nas
2090 3414 2517 3484 interioremque
2559 3411 2822 3467 ambitum
2868 3427 3152 3466 murorutn
3194 3411 3362 3480 ignita
3415 3411 3520 3466 trla

1947 3504 2363 3570 etuittebantur;
2398 3505 2604 3573 quique
2650 3503 2702 3556 in
2753 3502 2984 3556 turrium
3021 3501 3320 3557 intervallis
3357 3517 3525 3556 com-

1948 3597 2243 3665 parebant,
2297 3593 2446 3650 saxis
2495 3603 2551 3648 et
2601 3594 2816 3663 sagittis
2866 3595 3239 3664 petebantur:
3287 3593 3521 3663 quadam

1948 3684 2112 3738 etiam
2142 3699 2206 3738 ex
2239 3691 2390 3753 parte
2415 3681 2615 3737 mantia
2644 3683 2754 3751 jam
2779 3690 2938 3736 erant
2965 3681 3166 3747 diruta,
3193 3691 3356 3750 atque
3386 3683 3526 3735 adeo

1947 3785 2110 3827 omne
2139 3769 2264 3823 mali
2293 3783 2464 3838 genus
2507 3769 2693 3822 urbem
2725 3768 3028 3837 premebat.
3058 3765 3197 3820 Tum
3224 3768 3406 3838 itaque
3431 3769 3523 3837 qui

1950 3868 2109 3915 antea
2149 3857 2367 3913 obsides
2395 3857 2631 3922 fuerant,
2665 3856 2919 3911 obnixius
2949 3871 3048 3926 pro
3079 3854 3340 3910 Romanis
3379 3859 3524 3926 apud

1951 3967 2080 4009 suos
2127 3950 2390 4020 agebant;
2428 3965 2600 4020 neque
2643 3964 2736 4019 per
2781 3949 2928 4018 ipsos
2975 3948 3144 4012 stetit,
3187 3963 3298 4019 quo
3343 3951 3524 4006 minus

1950 4045 2204 4099 universa
2251 4043 2445 4098 civitas
2502 4042 2567 4096 ad
2623 4040 2952 4096 deditionem
3003 4041 3290 4095 inclinaret
3331 4058 3345 4094 :
3381 4056 3524 4096 nunc

1950 4151 2080 4191 vero
2118 4134 2452 4190 Francorum
2509 4133 2879 4188 moderatores
2925 4133 3015 4202 qui
3065 4132 3212 4186 intus
3254 4142 3408 4186 erant
3453 4133 3520 4186 ad

1951 4228 2261 4298 praesidium
2311 4225 2728 4294 custodiamque
2775 4224 2925 4278 urbis
2967 4222 3268 4285 constituti,
3311 4222 3521 4279 infestis

279 4329 741 4397 ὲγκαταστάντες,
787 4329 1057 4382 ἐνέκειντο
1083 4329 1514 4401 παροτρύνοντες
1569 4331 1838 4402 πολεμεῖν,

1955 4321 2154 4375 animis
2184 4336 2279 4375 eos
2323 4318 2389 4374 ad
2430 4319 2777 4390 pugnandum
2821 4316 3189 4379 concitabant,
3237 4325 3402 4384 utque
3437 4331 3526 4370 ar-

280 4418 382 4471 καὶ
429 4419 543 4480 τοῖς
615 4417 800 4480 ὅπλοις
853 4416 1162 4471 διωθεῖσθαι
1203 4419 1302 4490 τὴν
1355 4419 1690 4490 πολιορκίαν.
1743 4421 1851 4473 Αύ-

278 4508 413 4560 τίκα
439 4506 503 4578 δὴ
552 4502 646 4559 οὖν
699 4507 759 4560 αἴ
781 4523 841 4559 τε
874 4506 1040 4560 πύλαι
1069 4507 1523 4572 ἀνεπετάννυντο,
1550 4508 1647 4559 κα)⁸
1679 4507 1849 4559 ἐπεκ-

279 4596 490 4668 δρομὰς
533 4596 874 4662 ἐξαπιναίους
904 4595 948 4627 ¹³
973 4595 1030 4658 ἐς
1053 4595 1178 4658 τοὺς
1218 4595 1521 4665 Ῥωμαίους
1550 4594 1848 4660 ἐποιοῦντο,

279 4689 456 4760 ταύτῃ
505 4690 742 4758 οἰόμενοι
793 4686 1162 4761 περιέσεσθαι.
1204 4687 1344 4740 Ἀλλ’
1397 4687 1618 4756 ἔμελλον
1670 4688 1724 4740 οἴ
1793 4705 1856 4756 γε

280 4782 419 4852 δρᾷν
464 4781 562 4849 μὲν
595 4779 852 4850 ἐλάχιστα
873 4780 996 4842 τοὺς
1032 4779 1344 4848 πολεμίους,
1376 4777 1585 4849 μεγάλα
1616 4778 1671 4831 δὲ
1699 4778 1858 4850 ἡλίκα

283 4871 681 4942 πημαίνεσθαι.
731 4873 794 4925 Ol
823 4871 932 4941 γὰρ
981 4871 1046 4937 δὴ
1101 4872 1342 4924 πλεῖστοι
1397 4870 1508 4923 τῶν
1567 4869 1859 4924 Λουκανῶν

281 4964 393 5034 ἠδη
444 4963 904 5033 ἀναπεπεισμένοι
946 4962 1050 5016 ὑπὸ
1108 4962 1218 5016 τῶν
1273 4962 1420 5015 ἐνδον
1481 4961 1856 5031 πρασσόντων,

1957 4412 2061 4466 mis
2091 4413 2428 4466 obsidionem
2457 4410 2858 4479 propulsarent.
2894 4407 3085 4460 Statim
3116 4408 3296 4477 itaque
3325 4405 3528 4476 apertis

1958 4498 2131 4570 portis
2181 4496 2519 4566 repentinam
2558 4494 2614 4549 in
2668 4493 2944 4550 Romanos
2993 4493 3334 4563 eruptionem
3383 4489 3528 4546 fece-

1959 4599 2107 4658 runt,
2137 4587 2515 4643 existimantes
2547 4600 2616 4658 se
2647 4585 2750 4641 hac
2793 4586 3004 4640 ratione
3045 4583 3159 4639 fore
3197 4582 3526 4654 superiores.

1958 4684 2062 4738 Sed
2093 4698 2152 4737 re
2194 4681 2310 4752 ipsa
2341 4679 2444 4735 visi
2484 4687 2611 4734 sunt
2652 4679 2704 4733 hi
2733 4694 2896 4748 quam
2947 4677 3235 4732 minimum
3281 4677 3532 4731 hostibus

1961 4774 2251 4843 profuisse,
2284 4773 2393 4827 imo
2423 4772 2606 4843 potius
2635 4771 2873 4826 maximo
2901 4770 3100 4824 damno
3128 4783 3226 4824 eos
3261 4768 3529 4824 all'ecisse.

1957 4867 2209 4937 Plerique
2258 4865 2403 4920 enim
2447 4864 2722 4920 Lucenses
2766 4862 3014 4935 persuasi
3049 4863 3162 4932 jam
3197 4862 3266 4916 ab
3313 4861 3400 4926 iis,
3437 4861 3533 4930 qui

1958 4961 2104 5014 intus
2137 4973 2232 5014 eos
2257 4958 2326 5013 ad
2357 4957 2684 5013 deditionem
2729 4956 3120 5022 sollicitabant,
3155 4954 3223 5008 de
3263 4952 3530 5006 industria

285 5054 738 5115 ἐθελοκακοῦντες
780 5054 1063 5123 ἐμάχοντο.
1143 5052 1295 5105 Ἐπεὶ
1358 5052 1416 5106 δὲ
1456 5053 1658 5116 αὐτοῖς,
1707 5051 1838 5122 θαμὲ

1966 5052 2148 5106 minus
2189 5059 2414 5106 strenue
2443 5048 2776 5118 pugnabant.
2820 5046 3116 5116 Postquam
3161 5058 3291 5099 vero
3331 5059 3391 5098 re
3421 5041 3533 5096 l‘re-

285 5145 674 5215 πειρωμένοις,
729 5144 878 5198 οὐδὲν
955 5144 1064 5197 τῶν
1108 5144 1469 5198 ἐλπισθέντων
1524 5141 1832 5216 προύχώρει

1963 5150 2194 5214 quenter
2223 5151 2426 5197 tentata
2452 5141 2590 5195 irriti
2612 5149 2797 5196 essent
2825 5150 3082 5205 conatus,
3114 5147 3168 5192 et
3199 5136 3381 5191 multis
3407 5148 3533 5190 suo-

286 5237 450 5298 ἁλλὰ,
482 5238 710 5300 πολλοὺς
747 5236 856 5289 τῶν
881 5237 1158 5307 σφετέρων
1174 5236 1592 5302 ἀποϐάλλοντες,
1626 5236 1838 5308 αἰσχράς

1965 5251 2082 5289 runt
2115 5234 2437 5290 desideratis
2469 5233 2698 5303 turpiter
2730 5245 3031 5302 parumque
3060 5242 3323 5299 generose
3348 5227 3535 5296 pedem

287 5342 352 5380 τε
384 5327 477 5381 καὶ
517 5327 763 5394 ἀγεννεῖς
818 5317 1192 5398 ἀναχωρήσεις
1238 5325 1536 5391 ἐποιοῦντο,
1602 5320 1758 5387 αὖθίς
1801 5341 1838 5378 τη

1972 5337 2116 5384 retro
2138 5327 2281 5382 ferre
2323 5337 2670 5398 cogerentur,
2711 5324 2996 5393 denuoque
3043 5323 3186 5376 intra
3221 5333 3409 5374 muros
3454 5335 3538 5374 re-

363 5544 389 5578 ³
420 5544 694 5616 νεμεσήσῃ
726 5545 790 5605 R.
818 5546 1110 5617 νεμεσήσοι
1138 5546 1286 5616 vulg.
1361 5547 1382 5578 ³
1403 5545 1572 5600 ταῦτα
1600 5545 1666 5600 R.
1741 5545 1764 5578 ⁸
1792 5547 1838 5602 λέ

288 5616 388 5673 hic
417 5624 472 5669 et
529 5629 651 5669 mox
714 5617 992 5673 enat-cltum
1034 5616 1212 5669 habet.
1317 5615 1337 5646 ‘
1362 5615 1577 5670 ἅπαντα
1643 5630 1753 5669 om.
1791 5618 1833 5671 ιι

1934 5566 1970 5600 ιν
1995 5547 2057 5601 R.
2099 5561 2211 5602 om.
2242 5546 2295 5602 in
2343 5547 2486 5610 ord.,
2531 5547 2583 5600 in
2621 5561 2728 5615 mg.
2753 5544 2949 5598 εἰπεῖν.
3026 5543 3046 5574 ⁸
3078 5542 3342 5613 ὕπαρχον.
3374 5540 3538 5610 lntpr.

1953 5619 1971 5649 ⁷
2006 5618 2141 5673 πρὸς
2177 5620 2240 5673 τῆ
2270 5618 2472 5673 ﬁdem.
2496 5619 2561 5671 [ι.
2665 5619 2686 5648 ³
2723 5614 3182 5673 διαπραξάμενος.
3210 5615 3374 5673 lntpr.
3402 5610 3541 5664 breri

289 5618 388 5673 hic
417 5624 472 5669 et
529 5629 651 5669 mox
714 5618 992 5683 opai-cltum
1034 5618 1212 5669 habet.
1317 5618 1337 5646 '
1362 5618 1577 5670 ἅπαντα
1643 5630 1753 5669 om.
1791 5618 1855 5674 ιι.
1953 5619 1971 5649 ⁷
2006 5618 2141 5687 πρὸς
2177 5620 2241 5688 τῇ
2270 5618 2472 5688 [lappa
2496 5619 2561 5671 [ι.
2665 5619 2686 5648 ³
2723 5618 3182 5684 διαπραξάμενος.
3210 5618 3374 5683 lntpr.
3402 5618 3540 5664 breri

289 5685 555 5758 peractis._
578 5752 593 5758 _
640 5684 670 5758 _’
685 5687 955 5758 αύτοῖςνιῆ.
991 5688 1171 5758 intpr._
1196 5685 1792 5758 Romanisrexercitibus
1821 5688 1902 5740 Itis
1930 5717 1994 5729 —
2022 5687 2364 5756 instantibus,
2393 5687 2542 5758 αὐτῷ
2579 5685 2775 5758 vu'g._
2805 5685 2848 5715 ¹⁰
2879 5683 3144 5737 ἐπέλαϐεν
3179 5683 3242 5738 li.
3342 5682 3381 5717 ⁸¹
3415 5681 3543 5735 Post

290 5752 460 5811 πλέον
495 5752 616 5810 add.
639 5754 805 5825 intpr.
836 5757 1034 5811 civibus
1064 5752 1257 5824 optime
1288 5757 1626 5812 consulendo.
1712 5757 1754 5788 "
1783 5759 1838 5822 ἐς

1934 5803 1936 5816 ,
1971 5758 2049 5822 εἰς
2080 5759 2223 5827 vulg.
2305 5752 2358 5790 ¹³’
2384 5752 2713 5822 ἐξαπιναίως
2741 5753 2806 5809 R.
