4212 6438
221 378 352 445 I321

1390 385 1928 449 HISTORIABUM
1966 383 2193 446 LIBER
2226 387 2273 446 Ι.

3306 387 3443 454 1322

285 497 356 547 κ’.
397 490 488 544 Ἓν
514 491 688 562 τούτῳ
711 491 770 548 δὲ
809 492 1112 566 Ἀλίγερνος
1142 497 1172 549 ό
1192 497 1542 588 Φρεδιγέρνου
1581 498 1625 530 ³¹
1669 499 1768 570 μὲν
1795 504 1841 560 Α
1935 498 1948 550 ε

1795 504 1841 560 Α
1935 496 2028 551 20.
2065 497 2271 551 Interea
2328 512 2454 552 vero
2507 499 2794 571 Aligernus
2843 499 3163 566 Fredigerni
3222 502 3441 572 quidem

219 587 372 646 παῖς.
399 583 624 652 ἀδελφὸς
639 584 695 638 δὲ
713 587 846 661 Τετα
859 587 1241 658 γεγενημένος,
1255 585 1316 644 οὗ
1329 583 1393 662 δὴ
1409 593 1502 644 καὶ
1517 593 1779 662 πρότερον

201 676 566 746 -ὲπεμνήσθην
589 677 650 730 ὲν
670 679 736 748 τῇ
773 677 873 740 τῆς
900 679 1095 749 Κύμης
1120 680 1432 752 πολιορκίᾳ·
1457 678 1610 746 οὗτος
1636 683 1702 754 δὴ
1729 687 1776 718 aa

212 769 244 820 ὁ
278 767 599 838 ’Δλίγερνος,
626 769 812 840 ἐπειδὴ
837 771 886 824 οἱ
909 773 1148 842 Ψράγγοι
1179 775 1237 836 ές
1265 773 1362 844 τὴν
1395 773 1620 828 Ἰταλίαν
1647 791 1781 844 παρ-

212 861 374 929 ῆσαν,
404 862 496 914 καὶ
531 863 589 926 ἐς
622 862 818 925 αὐτοὺς
846 863 943 935 ἤδη
973 865 1043 918 τὰ
1079 867 1186 918 τῶν
1228 867 1268 918 Γ
1269 868 1437 920 ότθων
1476 868 1778 940 πράγματα

217 950 537 1022 μετεχώρει,
564 952 721 1022 μόνος
757 970 821 1021 γε
853 953 1094 1024 πέφηνεν
1131 956 1252 1009 τότε
1302 957 1479 1020 συνεὶς
1519 958 1578 1011 τὸ
1604 957 1776 1022 ξυνοῖ-

215 1059 330 1108 σον,
366 1048 459 1097 καὶ
490 1042 884 1114 στοχαζόμενος
907 1046 1015 1098 τῶν
1047 1046 1362 1115 μελλόντων.
1397 1049 1777 1120 Βουλευομένῳ

214 1135 325 1206 γὰρ
365 1135 514 1205 αὐτῷ
549 1137 593 1170 ³³
621 1138 748 1206 περὶ
777 1137 884 1189 τῶν
917 1139 1216 1210 παρόντων,
1249 1140 1546 1211 προσῆλθεν
1577 1143 1775 1195 ἐννοεῖν

211 1228 288 1290 ὡς
312 1228 399 1299 ἄρ’
435 1229 484 1281 οἱ
512 1229 750 1299 Φράγγοι
784 1229 982 1300 σκῆψιν
1011 1231 1111 1299 μέν
1137 1249 1260 1286 τινα
1293 1233 1382 1284 καὶ
1405 1233 1775 1304 προκάλυμμα

211 1320 483 1389 εὐπρεπὲς
529 1319 590 1371 τὸ
635 1320 734 1388 τῆς
763 1319 1073 1389 ξυμμαχίας
1098 1320 1270 1391 ὄνομα
1309 1320 1581 1375 ποιοῦνται
1608 1322 1675 1386 ³⁸,
1700 1323 1776 1386 ὡς

209 1408 278 1478 δὴ
309 1409 634 1480 μετακλητοι
658 1411 970 1480 ἀφιγμένοι,
999 1411 1058 1462 τὸ
1095 1411 1151 1464 δὲ
1177 1410 1493 1481 βουλόμενον
1523 1412 1700 1467 αὐτῶν
1727 1413 1773 1446 ³³

217 1498 312 1566 τῆς
336 1499 556 1570 γνώμης
593 1500 776 1570 ’ἐτερόν
803 1517 851 1554 τι
891 1504 1150 1568 φανεῖται·
1178 1503 1239 1555 ού
1263 1503 1372 1574 γὰρ
1409 1502 1770 1574 ἐθελήσουσιν,

211 1591 264 1641 εί
290 1591 380 1641 καὶ
407 1589 512 1642 τῶν
555 1589 835 1660 Ῥωμαίων
860 1591 1212 1663 περιέσοιντο,
1243 1597 1640 1666 παραχωρῆσαι
1662 1597 1774 1658 τοῖς

211 1677 428 1740 Γότθοις
454 1677 555 1746 τῆς
596 1678 842 1744 Ἰταλίας,
871 1681 987 1734 ἀλλ’
1019 1680 1164 1753 έργῳ
1194 1680 1491 1754 προτέρους
1533 1683 1772 1746 ἐκείνους

211 1769 728 1836 καταδουὶώςονται,
746 1766 825 1836 οἷς
844 1773 922 1844 τῷ
941 1772 1084 1844 λόγῳ
1104 1774 1328 1844 ἥκουσιν
1347 1775 1767 1844 ἑπαμυνοῦντες,

1887 588 2051 653 ﬁlius,
2085 587 2250 642 frater
2277 604 2402 643 vero
2428 589 2593 652 Teia,
2627 593 2781 660 cujus
2815 592 2976 646 etiam
3003 602 3160 648 antea
3203 594 3446 650 mentio-

1883 696 2005 734 nem
2033 681 2262 735 fecimus
2291 682 2345 735 in
2369 683 2651 738 obsidione
2679 683 2996 750 Cumarum,
3026 684 3132 756 56
3158 697 3443 754 postquam

1883 770 2076 827 Franci
2105 773 2159 828 in
2205 773 2408 829 Italiam
2441 776 2735 839 venissent,
2761 787 2814 832 et
2848 778 3148 832 Gothorum
3195 793 3286 834 res
3326 766 3445 834 om-

1880 879 1981 919 nes
2021 865 2088 918 ad
2128 867 2277 936 ipsos
2301 879 2482 922 essent
2514 869 2796 933 devolutze,
2827 870 2976 924 solus
3001 872 3151 925 visus
3178 879 3280 935 est,
3312 872 3440 941 quid

1882 958 2190 1012 consultum
2245 967 2301 1012 et
2338 974 2405 1012 ex
2457 975 2516 1014 re
2567 970 2734 1024 esset,
2783 961 3117 1030 cognovisse,
3157 970 3212 1015 et
3260 960 3441 1017 lutura

1881 1047 2215 1116 prrevidisse.
2246 1048 2570 1105 Deliberanti
2616 1052 2761 1105 enim
2811 1051 2913 1120 ipsi
2957 1052 3024 1106 de
3060 1052 3312 1120 praesenti
3355 1068 3442 1107 re-

1881 1151 2003 1191 rum
2048 1146 2212 1206 statu,
2251 1140 2364 1194 haec
2409 1141 2664 1210 cogitatio
2711 1141 2764 1194 in
2823 1150 3056 1195 mentem
3103 1142 3270 1205 venit,
3298 1143 3442 1210 quod

1880 1225 2076 1282 Franci
2129 1229 2432 1298 speciosum
2477 1230 2693 1299 quidem
2739 1230 2952 1284 titulum
3005 1243 3072 1284 ac
3119 1239 3439 1298 praetextum

1881 1319 2170 1387 captabant
2225 1320 2504 1375 societatis
2558 1319 2763 1376 bellica:
2823 1335 2945 1375 cum
2999 1319 3194 1376 Gothis
3246 1321 3436 1386 initae,

1879 1412 2077 1480 quippe
2109 1413 2204 1482 qui
2231 1413 2390 1466 acciti
2417 1412 2730 1478 venissent;
2757 1413 2900 1482 quod
2932 1429 3059 1468 vero
3091 1414 3290 1468 animis
3323 1417 3440 1469 suis

1878 1502 2179 1571 agitabant,
2209 1503 2352 1558 aliud
2373 1503 2624 1573 quiddam
2647 1518 2707 1558 re
2735 1503 2851 1573 ipsa
2875 1504 3269 1574 appariturum.
3303 1503 3442 1558 Fore

1876 1595 2021 1647 enim
2058 1593 2295 1660 videbat,
2322 1607 2383 1650 ut
2425 1595 2638 1650 etiamsi
2677 1594 2938 1651 humanis
2981 1597 3287 1666 superiores
3313 1613 3442 1650 eva-

1875 1681 2085 1751 derent,
2115 1682 2308 1740 Gothis
2340 1683 2488 1740 Italia
2515 1700 2622 1740 non
2655 1684 2927 1751 cederent;
2958 1687 3076 1753 sed,
3107 1686 3213 1740 illis
3240 1701 3296 1741 re
3325 1687 3440 1756 ipsa

1876 1775 2067 1842 primis
2093 1777 2354 1843 subactis,
2382 1778 2582 1848 quibus
2623 1779 2898 1850 suppetias
2928 1779 3108 1834 verbis
3151 1779 3311 1834 laturi
3346 1795 3440 1834 νο·-

209 1860 477 1932 ἇρχοντάς
503 1879 562 1916 τε
588 1863 768 1927 αὐτοῖς
814 1865 1162 1937 ὲπιστήσουσι
1204 1864 1500 1936 Φράγγους,
1548 1866 1642 1917 καὶ⁵
1668 1864 1774 1933 ἀφ·
1805 1858 1848 1914 Β

1805 1858 1848 1914 Β
1873 1878 2086 1934 nerant,
2117 1867 2356 1924 Francos
2387 1870 2661 1940 principes
2707 1872 2786 1927 eis
2819 1870 3189 1940 imposituros,
3222 1870 3442 1940 patriis-

209 1953 529 2025 αιρήσονται
551 1955 657 2008 τῶν
679 1955 920 2026 πατρίων
940 1953 1184 2025 νομίμων
1205 1954 1250 1986 ³⁸
1270 1953 1482 2017 αὐτούς.
1503 1953 1690 2008 Ταῦτα
1707 1955 1772 2028 δὴ

208 2038 309 2097 οὖν
348 2045 405 2097 ὲν
437 2045 611 2117 ἑαυτῷ
640 2045 790 2116 θαμά
814 2044 1154 2116 λογιζόμενος
1187 2046 1282 2100 καὶ
1309 2045 1617 2108 ἀνελίττων,
1658 2045 1774 2115 ἄμα

210 2136 275 2190 δὲ
302 2136 395 2188 καὶ
423 2137 465 2169 ³⁷
493 2140 557 2208 τῇ
587 2136 868 2209 πολιορκία
912 2137 1252 2207 πιεζόμενος,
1297 2136 1516 2206 ἄμεινόν
1550 2153 1604 2189 τι
1649 2155 1776 2192 κατ-

211 2226 412 2296 εφάνη,
437 2229 535 2296 τήν
567 2244 622 2280 τε
649 2227 694 2259 ³⁸
723 2227 878 2282 πόλιν
922 2229 1018 2283 καὶ
1065 2229 1134 2282 τὰ
1175 2230 1429 2300 χρήματα
1459 2229 1538 2300 τῷ
1579 2230 1770 2302 Ναρσῇ

209 2315 564 2386 παραδοῦναι,
595 2317 690 2372 καὶ
715 2317 958 2373 τολοιπδν
983 2318 1296 2391 Ῥωμαῖκῆς
1327 2320 1644 2391 μεταλαχεῖν
1676 2337 1772 2373 πο·-

205 2390 442 2472 λιτείαςξ
465 2407 723 2464 κινδύνων
745 2427 804 2464 τε
827 2409 1184 2479 ἀπογενέσθαι
1211 2390 1306 2464 καὶ
1328 2390 1674 2482 βαρϐαρικῶν
1698 2411 1777 2465 δι-

204 2499 545 2570 αιτημάτων.
570 2501 756 2555 Ὀσιον
795 2501 904 2574 γὰρ
947 2501 1084 2572 ᾤετο
1115 2499 1271 2570 εἶναι,
1303 2504 1352 2555 εἰ
1388 2503 1462 2573 μὴ
1491 2503 1616 2564 τοὺς
1645 2503 1774 2555 Γότ-

208 2592 339 2654 θους
395 2590 570 2645 ενεστι
614 2593 712 2663 τὴν
760 2591 846 2664 [Ρ.
881 2593 973 2664 52]
1008 2592 1234 2648 Ἰταλίαν
1287 2593 1603 2665 κεκτῆσθαι,
1649 2595 1776 2658 τοὺς

205 2682 343 2752 γοῦν
362 2684 425 2738 ὲκ
452 2683 678 2738 παλαιοῦ
699 2685 986 2756 οἰκήτοράς
1010 2702 1070 2738 τε
1106 2688 1198 2739 καὶ
1219 2685 1480 2755 ἰθαγενεῖς
1501 2686 1560 2738 τὸ
1581 2686 1775 2740 ἀνέκα-

207 2773 306 2828 θεν
334 2773 379 2806 ³⁸
411 2775 680 2845 ἡγεμόνας
712 2773 878 2845 αὐτὴν
907 2775 1356 2845 ἀνακομίσασθαι,
1386 2776 1478 2829 καὶ
1507 2777 1579 2846 μὴ
1613 2776 1774 2847 μέχρι

206 2863 412 2926 παντὸς
442 2864 550 2915 τῶν
579 2862 852 2934 σφετέρων
891 2864 1331 2934 ἀποστερεῖσθαι.
1374 2865 1559 2918 Ταῦτα
1588 2866 1652 2936 δὴ
1680 2863 1774 2919 οὖν

204 2954 372 3015 αὑτός
397 2971 457 3007 τε
479 2954 741 3008 ἐπιτελεῖν
767 2955 829 3006 τὸ
860 2956 1022 3025 μέρος
1051 2954 1300 3023 ἐγνώκει,
1337 2957 1433 3010 καὶ
1455 2956 1626 3011 ἅπασι
1661 2960 1774 3021 τοῖς

205 3045 503 3116 ὁμοφύλοις
558 3045 906 3115 παράδειγμα
948 3045 1226 3112 εὐδουλίας
1267 3048 1314 3079 ⁸⁸
1355 3047 1628 3118 γενέσθαι.
1663 3049 1774 3102 Καὶ

1873 1975 1980 2030 que
2016 1960 2225 2031 legibus
2254 1975 2350 2017 eos
2394 1976 2516 2017 esse
2568 1962 2913 2033 spoliaturos.
2949 1961 3072 2018 Haec
3104 1963 3286 2032 itaque
3315 1977 3438 2017 cum

1873 2047 2182 2118 frequenter
2214 2064 2398 2105 secum
2428 2059 2718 2122 reputaret,
2755 2061 2810 2106 et
2840 2065 2964 2104 cum
3002 2051 3184 2105 animo
3222 2067 3323 2106 suo
3353 2067 3440 2106 re—

1873 2138 2129 2204 volveret,
2181 2138 2452 2211 simulque
2494 2140 2777 2196 obsidione
2817 2147 3172 2210 premeretur,
3215 2142 3439 2196 consul-

1873 2229 2143 2284 tissimum
2192 2230 2310 2286 fore
2352 2231 2632 2302 judicavit,
2682 2232 2728 2286 si
2779 2231 2968 2286 urbem
3019 2246 3147 2287 cum
3195 2232 3441 2301 pecuniis

1872 2322 2128 2376 omnibus
2163 2321 2374 2379 Narseti
2404 2324 2658 2388 traderet,
2687 2338 2751 2378 ac
2785 2325 3038 2392 deinceps
3067 2323 3440 2382 Romanorum

1875 2410 2123 2468 instituto
2155 2429 2219 2468 ac
2251 2414 2496 2470 moribus
2529 2415 2750 2480 viveret,
2784 2415 3038 2484 periculis
3065 2423 3120 2470 et
3150 2416 3438 2472 barbarico

1873 2503 2086 2559 vivendi
2130 2520 2280 2560 more
2318 2507 2496 2562 valere
2519 2507 2712 2576 jussis.
2750 2505 2990 2576 Equum
3026 2508 3171 2562 enim
3205 2509 3257 2563 ei
3285 2508 3435 2564 vide-

1875 2591 2052 2658 batur,
2082 2593 2128 2648 si
2159 2592 2318 2650 Gothi
2348 2594 2555 2649 Italiam
2590 2595 2836 2650 obtinere
2870 2611 2976 2650 non
3010 2605 3254 2665 possent,
3287 2604 3436 2651 vete-

1874 2698 1960 2738 res
2001 2695 2146 2740 certe
2187 2686 2308 2756 ejus
2343 2686 2672 2742 habitatores
2709 2696 2762 2741 et
2797 2687 3079 2758 indigenas
3116 2688 3185 2742 ab
3226 2688 3437 2758 origine

1874 2779 2038 2830 duces
2059 2792 2176 2831 eam
2209 2794 2546 2848 recuperare,
2585 2795 2760 2849 neque
2789 2789 3050 2850 perpetuo
3077 2779 3193 2835 suis
3217 2780 3438 2836 sedibus

1874 2867 2138 2923 fraudari.
2167 2868 2291 2926 Ilaec
2321 2872 2501 2942 itaque
2527 2880 2582 2927 et
2625 2873 2741 2941 ipse
2771 2886 2870 2925 sua
2901 2888 2967 2926 ex
3000 2881 3154 2942 parte
3177 2883 3437 2943 praestare

1875 2960 1931 3014 in
1975 2962 2217 3016 animum
2258 2979 2417 3018 suum
2453 2964 2760 3029 inducebat,
2808 2974 2862 3019 et
2894 2964 3114 3033 reliquae
3145 2965 3289 3034 genti
3322 2979 3436 3022 sua:

1872 3055 2154 3124 prudentis
2178 3053 2282 3126 57
2305 3056 2520 3111 consilii
2546 3056 2852 3125 exemplum
2883 3066 3137 3111 statuere.
3167 3055 3302 3110 Cum
3331 3057 3436 3112 ita-

202 3136 390 3190 τοίνυν
420 3138 529 3198 τοῖς
558 3136 901 3207 πολιορκοῦσι
932 3138 1222 3208 Ῥωμαίοις
1248 3138 1557 3207 διαγγείλας
1589 3141 1772 3212 πρότε-
1796 3188 1839 3245 C

1770 3171 1772 3180 ι
1796 3188 1839 3245 C
1870 3160 1977 3214 que
1999 3145 2371 3200 obsidentibus
2403 3144 2663 3200 Romanis
2692 3146 2844 3217 prius
2875 3147 3200 3212 nuntiasset,
3235 3161 3433 3217 cupere

209 3245 308 3300 ρον
342 3228 417 3291 ὼς
449 3227 618 3281 ἐθέλοι
639 3227 684 3259 ⁸¹
713 3229 847 3300 πρὸς
876 3230 966 3284 τὸν
999 3231 1298 3301 στρατηγὸν
1335 3232 1491 3295 ἱέναι,
1525 3249 1620 3285 και
1652 3229 1770 3286 εἶτα

204 3322 495 3394 ἀφειμένον
531 3321 702 3393 αύτῷ,
731 3323 1126 3393 παραγίγνεται
1147 3323 1192 3355 ⁸⁸
1213 3325 1270 3388 ὲς
1294 3323 1586 3390 κλάσσεις,
1614 3319 1676 3378 οὒ
1707 3325 1774 3396 δὴ

203 3415 305 3468 τὸν
362 3413 587 3485 Ναρσῆν
643 3414 935 3485 διατρίϐειν
970 3416 1278 3469 ἐπέπυστο·
1340 3417 1548 3487 ἵδρυται
1605 3417 1662 3471 δὲ
1713 3418 1777 3471 τὸ

206 3505 470 3578 φρούριον
497 3507 556 3558 ὲν
579 3508 646 3577 τῇ
680 3504 968 3576 Ῥαϐέννης
991 3507 1298 3578 περιοικίδι.
1329 3509 1440 3562 Καὶ
1466 3507 1531 3579 δὴ
1561 3509 1618 3570 ές
1651 3509 1775 3579 ὄψιν

205 3596 358 3666 αύτῷ
385 3599 702 3668 ἀφιγμένος,
736 3599 836 3662 τὰς
866 3615 925 3651 τε
950 3598 1097 3662 κλεῖς
1135 3599 1235 3669 τῆς
1282 3599 1479 3672 Κύμης
1513 3601 1774 3671 ἐνεχείρι-

208 3707 273 3743 σε
293 3689 360 3755 ⁸³,
392 3689 486 3742 καὶ
517 3689 732 3744 ἅπαντα
756 3690 1194 3760 ὑπηρετήσασθαι
1218 3690 1486 3762 ὡμολόγει
1512 3692 1647 3763 πρὸς
1679 3694 1773 3746 εὑ-

204 3779 360 3843 νιίας
391 3779 556 3851 αὐτῷ·
588 3780 682 3834 καὶ
702 3779 762 3843 ὃς
790 3780 1084 3851 ἁπεδέχετό
1115 3798 1174 3835 τε
1202 3782 1365 3836 αὐτὸν
1388 3782 1490 3852 τῆς
1521 3799 1772 3854 προσχω-

206 3871 445 3944 ρήσεως.
496 3872 591 3924 καὶ
637 3871 876 3942 μείζοσιν
925 3871 1151 3942 ἀγαθοῖς
1198 3873 1565 3945 ἐπηγγέλλετο
1619 3876 1772 3929 ἀντι-

203 3963 518 4035 δωρεῖσθαι·
565 3965 686 4019 τότε
730 3964 790 4019 δὲ
833 3963 1014 4030 εὐθὺς,
1045 3965 1351 4038 ἀπόμοιραν
1387 3968 1486 4038 μέν
1512 3985 1632 4021 τινα
1663 3967 1772 4020 τῶν

203 4057 355 4126 ἀμφὶ
384 4056 482 4126 τὴν
507 4056 702 4127 Κύμην
731 4057 1302 4128 στρατοπεδευομένων
1332 4059 1614 4113 ἐκέλευσεν
1643 4059 1773 4112 ετσω

201 4147 303 4201 τοῦ
333 4147 616 4217 περιϐόλου
642 4148 916 4215 γενέσθαι,
946 4149 1115 4220 αὑτήν
1161 4166 1221 4202 τε
1258 4149 1357 4221 τὴν
1394 4149 1548 4203 πόλιν
1576 4151 1668 4204 καὶ
1704 4153 1770 4205 τά

203 4240 465 4311 χρήματα
490 4240 971 4311 παραληψομένους
1000 4243 1094 4293 καὶ
1121 4239 1335 4294 ἅπαντα
1360 4243 1417 4294 ὲν
1441 4241 1521 4313 τῷ
1541 4242 1772 4313 ἀσφαλεῖ

203 4331 652 4400 διαφυλάξοντας.
683 4333 726 4384 Τ
729 4332 756 4384 δ
800 4333 857 4385 δὲ
893 4331 1076 4386 λοιπὸν
1123 4335 1436 4404 στράτευμα
1479 4337 1538 4387 ἐν
1566 4335 1771 4405 ἑτέροις

205 4423 505 4492 πολίσμασι
542 4439 600 4475 τε
652 4423 744 4476 καὶ
777 4423 1053 4494 φρουρίοις
1092 4427 1413 4496 ἀναχωρεῖν,
1447 4426 1521 4490 ὡς
1567 4426 1632 4479 ἂν
1675 4427 1771 4480 καὶ

1871 3251 1931 3292 se
1959 3235 2273 3306 praefectum
2307 3237 2577 3292 exercitus
2612 3237 2782 3302 adire,
2818 3237 2980 3308 idque
3015 3237 3064 3292 ei
3103 3238 3432 3308 permissum

1870 3335 2035 3386 esset.
2078 3327 2144 3379 ad
2172 3325 2387 3382 Classes
2415 3329 2578 3393 venit,
2627 3327 2718 3382 ubi
2771 3327 3048 3383 Harsetem
3087 3330 3290 3384 morari
3338 3343 3430 3384 co-

1871 3417 2150 3486 gnoverat.
2180 3413 2352 3468 Situm
2389 3429 2515 3469 vero
2560 3426 2644 3470 est
2668 3416 2722 3470 id
2751 3416 3036 3470 castellum
3062 3415 3116 3469 in
3164 3431 3296 3487 agro
3323 3413 3432 3471 Ra-

1870 3515 2132 3571 vennate;
2181 3520 2418 3576 cumque
2463 3506 2514 3560 ei
2551 3506 2606 3560 in
2664 3518 3018 3576 conspectum
3071 3509 3328 3574 venisset,
3376 3520 3433 3565 et

1870 3598 2049 3653 claves
2083 3597 2234 3651 urbis
2262 3597 2560 3650 Cumarum
2595 3597 2696 3668 ipsi
2731 3598 2785 3652 in
2817 3613 3014 3652 manus
3035 3600 3278 3666 tradidit,
3306 3615 3432 3655 om-

1871 3689 2069 3759 niaque
2100 3704 2198 3743 sua
2231 3687 2486 3743 benevola
2511 3688 2684 3744 oIIicia
2714 3690 2764 3744 ei
2798 3690 3006 3746 detulit.
3051 3689 3274 3757 Narses,
3305 3707 3427 3747 eum

1870 3778 2241 3833 advenientem
2265 3777 2493 3848 benigne
2511 3779 2847 3848 complexus,
2874 3781 3172 3850 majoribus
3187 3798 3309 3836 eum
3334 3784 3430 3839 bo-

1870 3865 1958 3920 uia
2001 3878 2478 3921 remuneraturum
2529 3869 2780 3938 promisit
2817 3886 2832 3924 :
2879 3871 3169 3940 statimque
3224 3882 3428 3942 partem

1869 3959 2148 4028 copiarum
2183 3958 2382 4014 Cumas
2413 3961 2779 4016 obsidentium
2818 3963 2872 4016 in
2919 3965 3106 4017 urbem
3139 3965 3310 4029 misit,
3336 3965 3429 4034 qui

1868 4061 1924 4106 et
1965 4051 2140 4120 ipsam
2189 4061 2243 4105 et
2277 4053 2558 4121 pecuniam
2588 4067 2804 4106 omnem
2837 4053 3158 4123 reciperent,
3203 4065 3431 4124 tutoque

1870 4144 2050 4196 omnia
2075 4153 2459 4198 conservarent
2480 4183 2496 4205 ,
2523 4144 2746 4213 reliquis
2771 4146 2942 4214 copiis
2968 4147 3022 4200 in
3044 4146 3148 4200 alia
3175 4147 3430 4216 oppidula

1869 4241 1925 4288 et
1965 4235 2184 4288 castella
2230 4234 2480 4290 secedere
2518 4235 2701 4304 ibique
2747 4235 3034 4291 hibernare
3068 4236 3256 4306 jussis.
3299 4237 3431 4304 Quae

1869 4326 2088 4395 quidem
2120 4326 2302 4381 omnia
2345 4326 2418 4380 ita
2460 4334 2676 4396 peracta
2705 4335 2853 4380 sunt.
2901 4327 3258 4396 Posteaquam
3301 4343 3430 4382 vero

1872 4417 2193 4475 Herulnrum
2222 4419 2492 4473 exercitus
2534 4417 2752 4488 proprio
2779 4418 2984 4487 iiterum
3028 4419 3166 4472 duce
3203 4410 3430 4472 fuit'or-

203 4511 258 4564 οἳ
300 4510 345 4542 ⁸⁸
383 4511 802 4583 διαχειμάσοιεν.
841 4515 950 4569 Καὶ
974 4514 1115 4568 οὕτω
1142 4516 1358 4570 ἅπαντα
1377 4515 1424 4548 ⁸⁵
1452 4517 1768 4586 ἐπράττετο.
1803 4532 1847 4587 ι)

1765 4559 1768 4570 ,
1803 4532 1847 4587 υ
1871 4511 2051 4576 batus,
2088 4509 2202 4564 duo
2241 4522 2420 4564 autem
2471 4509 2612 4563 inter
2652 4525 2747 4564 eos
2789 4517 2972 4564 essent
3015 4509 3119 4564 viri
3165 4510 3428 4578 insignes,

219 4603 378 4657 Ἐπεὶ
399 4603 457 4656 δὲ
486 4605 515 4656 ό
544 4604 655 4657 τῶν
690 4604 954 4675 Ἐρούλων
979 4605 1204 4675 στρατὸς
1227 4605 1429 4660 οἰκείου
1459 4603 1615 4671 αὖθις
1634 4609 1771 4678 λήγε-

209 4692 373 4763 μόνος
398 4693 643 4763 ἑχήρευε,
681 4692 773 4745 δύο
802 4693 860 4746 δὲ
893 4693 1040 4762 ἄνδρ’
1072 4693 1118 4725 ⁸⁸
1140 4694 1308 4764 ἧστην
1337 4696 1395 4748 ὲν
1430 4696 1610 4758 αὐτοῖς
1645 4699 1768 4749 ἐπι-

205 4786 373 4854 σήμω
404 4800 465 4836 τε
501 4784 598 4836 καὶ
630 4784 976 4854 ἀμφηρίστω,
1009 4784 1324 4856 ἐμερίζοντο
1361 4787 1395 4856 ή
1430 4785 1638 4856 πληθὺς
1680 4785 1768 4854 ἐφ’

207 4874 469 4946 ἑκάτερον
511 4877 629 4938 ταῖς
668 4874 929 4944 γνώμαις.
963 4877 1035 4928 Τὸ
1069 4877 1168 4947 μὲν
1205 4879 1312 4949 γάρ
1339 4894 1394 4930 τι
1425 4878 1603 4932 αὐτῶν
1641 4883 1769 4950 περὶ

201 4966 462 5020 πλείστου
490 4964 582 5018 τὸν
624 4965 813 5035 ’Δροὺθ
865 4967 1161 5032 ἐποιοῦντο,
1192 4971 1284 5022 καὶ
1323 4968 1537 5022 ἅπαντα
1586 4969 1768 5038 σφίσιν

201 5058 429 5127 ἄμεινον
449 5055 615 5126 ᾤοντο
635 5055 849 5108 ἔσεσθαι
872 5057 924 5110 εί
944 5073 1006 5124 γε
1031 5057 1235 5120 ἐκεῖνος
1256 5058 1456 5128 ἡγοῖτο*
1485 5058 1611 5120 τοὺς
1637 5057 1695 5110 δὲ
1719 5055 1766 5090 ⁸⁷

206 5152 238 5202 ό
278 5149 532 5204 Σινδουάλ
578 5151 830 5220 ἢρεσκεν,
861 5149 956 5204 ac;
1005 5150 1068 5220 δὴ
1112 5149 1434 5220 δραστήριος
1465 5150 1524 5211 ἐς
1559 5149 1628 5202 τὰ
1665 5147 1768 5218 μά-

205 5244 387 5306 λιστα,
421 5243 514 5296 καὶ
556 5238 616 5295 εὖ
653 5241 721 5295 τά
753 5240 986 5311 πολέμια
1023 5241 1346 5311 ἠσκημένος.
1380 5234 1474 5304 Οἷς
1507 5239 1570 5293 δὴ
1598 5239 1646 5270 ⁸⁸
1672 5239 1767 5292 καὶ

1871 4600 2158 4672 dubiaeque
2195 4602 2336 4656 inter
2375 4615 2436 4656 se
2475 4602 2819 4672 praestantiae,
2855 4601 3001 4654 varie
3043 4600 3095 4654 iu
3141 4612 3433 4670 utrumque

1872 4693 2106 4748 militum
2162 4693 2327 4746 animi
2379 4702 2434 4747 et
2484 4692 2662 4747 studia
2718 4693 3064 4747 inclinarunt.
3116 4689 3229 4745 Una
3283 4693 3430 4748 enim

1871 4783 2142 4839 exercitus
2189 4797 2316 4852 pars
2363 4781 2538 4835 Arutb
2592 4780 2812 4834 maximi
2865 4780 3112 4845 faciebat,
3169 4781 3432 4848 planeque

1872 4875 1976 4929 sibi
2010 4874 2388 4944 persuadebat,
2427 4874 2608 4927 omnia
2639 4873 2832 4927 melius
2866 4885 3201 4934 successura,
3244 4871 3290 4926 si
3343 4872 3432 4925 ille

1873 4966 2005 5036 ipsis
2038 4965 2143 5020 dux
2184 4965 2438 5030 daretur;
2473 4965 2628 5019 alteri
2663 4965 2798 5034 parti
2829 4965 3001 5033 magis
3039 4964 3278 5032 placebat
3303 4960 3432 5017 Sin-

1872 5057 2018 5121 dual,
2065 5067 2122 5110 ut
2170 5067 2426 5112 strenuus
2470 5055 2704 5109 maxime
2745 5064 2799 5108 et
2842 5055 2895 5106 in
2942 5070 3000 5107 re
3037 5053 3226 5108 bellica
3280 5051 3434 5107 valde

1872 5148 2224 5203 exercitatus.
2251 5148 2349 5204 Cui
2373 5146 2590 5217 quidem
2618 5148 2755 5216 parti
2779 5145 2942 5199 etiam
2968 5145 3267 5198 assentiens
3293 5141 3434 5196 Nar-

1874 5255 1981 5300 ses,
2024 5241 2170 5294 hunc
2212 5241 2293 5296 eis
2337 5241 2528 5295 ducem
2570 5237 2810 5310 praefecit
2835 5237 2945 5308 58
2973 5234 3230 5305 misitque
3266 5235 3432 5290 etiam

1479 5373 1710 5429 VARhE
1772 5373 2174 5431 LECTIONES.

281 5497 324 5528 ⁸¹
369 5493 721 5563 Φρεδιγέρνου
761 5491 805 5544 Β
853 5500 907 5545 et
963 5492 1150 5559 iutpr.,
1182 5490 1498 5559 Φεδιγέρνου
1528 5489 1675 5556 vulg.

209 5570 277 5622 Β,
318 5566 507 5622 ann.
585 5564 630 5594 ³⁸
651 5561 927 5614 ποιοῦνται
981 5559 1046 5622 R,
1101 5560 1369 5622 πριῶνται
1437 5561 1580 5622 vulg.
1632 5560 1675 5593 "

266 5615 277 5625 ,
318 5584 421 5636 ap:
446 5584 507 5616 ﬂ.

1775 5491 1820 5522 "
1838 5484 1992 5553 οὗτος
2021 5488 2086 5558 δὴ

585 5559 630 5594 ⁸⁸
651 5561 927 5614 ποιοῦνται
981 5559 1046 5622 R,
1101 5560 1369 5630 πριῷνται
1437 5561 1580 5630 vulg.
1632 5560 1677 5593 "
1708 5559 1979 5630 αὐτοῖςῐὶ.

2132 5490 2176 5543 R
2211 5498 2264 5544 et
2310 5488 2501 5552 Lugd.,
2561 5483 2714 5550 οὗτος
2745 5486 2803 5540 δὲ
2850 5485 2973 5540 edd.
3051 5485 3097 5516 ³⁸
3120 5483 3267 5552 αὐτῷ
3319 5500 3432 5540 om.

2055 5553 2100 5590 ³⁸
2131 5560 2376 5627 νομίμων
2414 5559 2479 5621 Β,
2523 5559 2702 5626 νόμων
2731 5555 2872 5627 vulg.
2949 5553 3211 5627 "_<:itu53_
3249 5555 3343 5607 καὶ
3366 5554 3432 5627 Β,

205 5623 330 5708 ἅμα
356 5623 446 5688 ὶιαὶ
476 5633 669 5712 vulg.“
698 5633 946 5712 “Elusa
998 5630 1042 5682 ιι
1091 5623 1392 5712 ρι’ῇιλυβιίη
1425 5623 1616 5712 τήν”γε
1663 5631 1788 5710 edd.
1862 5629 1906 5660 ³³
1938 5623 2206 5712 ἀνέκαθεν
2228 5623 2299 5712 Il,
2333 5628 2503 5712 Lugd.
2545 5623 2861 5712 etub'uindas’.
2894 5641 2955 5712 ιιι
3002 5623 3437 5712 ἰθαιγεὶνηςὶάνέ-

209 5692 378 5762 iam
428 5692 600 5758 edd."
627 5703 672 5736 ⁸⁸
702 5692 980 5762 εὐϐουλίας
1025 5715 1134 5752 om.
1164 5698 1232 5764 ῐί,
1269 5692 1404 5765 i'ntp.
1450 5692 1507 5752 ut
1541 5692 1724 5753 ceteris
1765 5701 2042 5767 sutegentia
2096 5698 2332 5767 exemplo
2371 5692 2522 5765 foret.
2595 5696 2638 5728 ⁸⁸
2693 5695 2872 5767 ὲθέλοιί
2917 5695 3030 5767 I{._._
3056 5692 3248 5767 ἐθέλει
3283 5695 3430 5762 vulg.

208 5782 256 5811 ⁸³
291 5775 648 5847 παραγίνεται
693 5773 840 5847 vulg.

217 5837 526 5909 Inﬁrmata
571 5842 710 5896 οὕτω
759 5837 903 5912 vulg.
978 5839 1024 5870 “
1045 5837 1202 5908 ἄνδρε
1231 5837 1298 5894 R.

485 5936 750 5995 ΡΑτῐιοῐ..
783 5935 900 5996 Gn.
935 5933 1295 5995 LXXXVIII.

1371 5840 1413 5871 ⁸⁷
1443 5841 1567 5902 τοὺς

915 5771 960 5802 ⁸³
997 5769 1287 5837 ἐνεχείρισε
1331 5767 1398 5832 Β,
1432 5767 1724 5837 ἐνεχείριζε
1763 5768 1910 5837 vulg.
1983 5769 2029 5800 ⁸⁸
2055 5771 2149 5820 καὶ
2168 5768 2276 5822 οἵδε
2300 5768 2364 5822 R.
2412 5768 2534 5837 διαχ

1084 5785 1287 5838 χειρισε
1331 5785 1398 5832 ιι,
1432 5785 1724 5891 ενεχειὲιςε
1763 5785 1910 5837 vutg.
1983 5785 2029 5800 ν’
2055 5785 2276 5822 καιοιοε
2300 5785 2364 5822 ιε.
2412 5785 2792 5837 οιαχειμασειει

1084 5839 1202 5908 νδρε
1231 5837 1298 5894 R.
1371 5840 1413 5871 ⁸⁷
1443 5841 1567 5902 τοὺς
1629 5839 1653 5892 ὲ
1687 5837 1729 5891 Β
1759 5847 1814 5894 ει
1840 5837 2038 5908 Lugd.,
2057 5840 2170 5902 τοῖς
2197 5837 2253 5892 δὲ
2277 5837 2400 5904 edd,
2476 5839 2522 5871 ⁸⁸
2545 5834 2626 5900 οἷς
2646 5836 2701 5889 δὲ
2725 5835 2792 5892 ιι.

1983 5769 2029 5800 ⁸⁸
2055 5771 2149 5820 καὶ
2168 5761 2276 5822 οἶδε
2300 5761 2379 5822 R.
2412 5768 2813 5836 διαχειμάσειεν
2845 5765 2908 5818 Β.
2985 5763 3032 5794 ⁸⁸
3059 5761 3204 5816 οὕτω
3224 5761 3435 5818 ἅπαντα

3045 5927 3119 5988 42
