4212 6438
208 399 345 465 1325

1374 386 1911 448 HISTORIARUM
1937 385 2165 477 LIBER
2189 388 2241 447 Ι.

3281 387 3415 453 1326

204 517 325 578 τοὺς
353 514 548 577 ἵππους
580 510 933 582 ἀναθορόντες
955 502 1116 578 (ἦσαν
1137 505 1194 559 δέ
1225 501 1415 574 ἄνδρὲς
1451 506 1512 568 ἐς
1540 517 1758 575 τριακο-
1787 514 1831 562 Α
1856 516 1867 553 l

1756 531 1758 541 ι
1787 514 1831 562 Α
1856 516 1964 555 non
2005 501 2117 571 jam
2157 503 2395 572 palantes
2422 506 2650 574 sparsim
2682 505 3032 574 vagabantur,
3061 519 3238 575 neque
3275 505 3419 560 arbi-

205 605 350 668 σίους
379 605 447 676 ⁸⁸)
479 603 839 674 ἐφωμάρτουν
863 617 923 653 τε
950 599 1045 651 καὶ
1070 597 1368 666 ἐπήλαυνον
1401 595 1484 648 ίθὺ
1519 595 1627 647 τῶν
1660 611 1756 647 πο-

204 696 422 767 λεμίων.
455 697 518 748 Οξ
541 695 597 747 δὲ
629 693 892 754 ἐσιδόντες
929 689 1126 750 αὐτοὺς
1170 688 1441 750 ἐπιόντας,
1489 685 1760 755 σποράδην

206 788 305 858 μὲν
323 786 449 840 οὑκέ
463 804 505 839 τι
538 785 762 854 ἠλῶντο,
792 781 935 844 οὐδὲ,
969 778 1140 850 οἶμαι,
1165 778 1265 847 τῆς
1299 777 1446 840 λείας
1487 777 1759 846 ἐμέμνην-

204 896 265 932 το
289 879 332 910 ⁸⁸
350 894 365 908 ο
393 876 703 949 ἡθροίζοντο
729 876 788 929 δέ
812 874 902 926 ἐπὶ
932 873 1070 941 σφᾶς
1093 870 1348 934 ἅπαντες,
1377 867 1436 921 τό
1457 884 1517 920 τε
1543 867 1760 920 ἱππικὸν

204 969 298 1023 καὶ
320 967 370 1020 ei
403 965 577 1032 πεζοὶ,
618 966 714 1019 καὶ
748 967 804 1028 ἐς
836 962 1088 1031 φάλαγγα
1119 958 1511 1024 ξυνετάττοντοο
1545 956 1761 1027 βαθεῖαν

207 1059 308 1129 μὲν
336 1057 450 1112 οὕτι
475 1057 617 1128 μάλα
639 1057 778 1127 (πῶς
801 1055 906 1126 γὰρ
931 1048 1042 1107 οἷόν
1066 1067 1129 1104 τε
1152 1047 1219 1122 ἦν
1244 1050 1305 1102 ού
1331 1049 1532 1119 σφόδρα
1556 1048 1762 1101 πολλῶν

205 1149 370 1204 αὐτοῦ
403 1149 742 1219 ἀφιγμένων;
765 1150 804 1209 ),
830 1144 1100 1218 καρτερὰν
1131 1143 1186 1196 δέ
1223 1143 1371 1212 ὅμως
1401 1141 1479 1212 τῷ
1509 1157 1764 1194 συνασπι-

207 1241 331 1312 σμῷ
362 1241 456 1295 καὶ
491 1240 570 1310 τῷ
597 1241 664 1293 τά
697 1239 834 1309 κέρα
856 1239 914 1289 ἐν
952 1236 1140 1306 κόσμῳ
1167 1232 1588 1287 συννενευκέναι.
1617 1234 1677 1284 Ui
1707 1231 1764 1285 δὲ

218 1335 477 1404 Ῥωμαῖοι
518 1332 704 1403 ἐπειδὴ
740 1333 797 1394 ἐς
826 1329 981 1394 τόξου
1009 1343 1071 1395 γε
1097 1327 1196 1397 ἠδη
1229 1324 1388 1396 βολὴν
1424 1324 1762 1393 ἐγεγένηντο,

207 1426 437 1497 ἐμμίξαι
471 1424 571 1495 μὲν
603 1423 698 1477 καὶ
727 1419 993 1492 συρρἀαι
1021 1421 1134 1482 τοῖς
1170 1417 1448 1484 πολεμίοις
1486 1410 1545 1468 εὖ
1590 1432 1767 1486 παρα-

207 1516 560 1588 τεταγμένοις
591 1515 790 1585 ἦκιστα
817 1512 982 1582 ᾤοντο
1011 1511 1228 1583 χρῆναι,
1259 1507 1553 1578 τοξεύμασι
1588 1508 1646 1561 δέ
1673 1507 1767 1560 καὶ

207 1609 594 1678 ἀκουτίσμασιν
650 1603 1138 1678 ἀκροϐολιζόμενοι,
1205 1602 1502 1672 ἐπειρῶντο
1567 1599 1766 1669 σφῆλαι

207 1700 336 1762 τοὺς
362 1699 765 1769 πρωτοστάτας,
792 1695 887 1749 καὶ
916 1693 1202 1766 διαρρῆξαι
1231 1691 1329 1764 τὴν
1373 1690 1648 1746 πύκνωσιν
1673 1688 1766 1742 τοῦ

211 1788 484 1861 μετώπου.
528 1786 666 1840 Ἀλλ’
691 1788 885 1840 ἐκεῖνοι
920 1786 1037 1848 ταῖς
1071 1783 1292 1837 ἀσπίσιν
1318 1783 1512 1852 ἄριστα
1537 1797 1766 1851 περιπε-

209 1879 516 1952 φραγμένοι
545 1880 613 1940 “,
651 1877 864 1930 ἵσταντο
883 1875 1178 1944 ἁστεμφεῖς
1207 1872 1300 1927 καί¹
1323 1872 1586 1943 ἀδὸνητοι,
1615 1870 1769 1924 οὐδα-

209 1967 318 2040 μοῦ
360 1969 421 2023 τὸ
454 1968 674 2038 συνεχὲς
721 1967 820 2036 τῆς
862 1964 1067 2029 τάξεως
1113 1963 1465 2025 διασπῶντες,
1509 1963 1631 2014 ἐπεὶ
1677 1963 1770 2015 καὶ

210 2060 346 2133 ὕλης
375 2059 515 2123 τινὸς
542 2059 732 2121 λασίας
776 2057 1126 2130 κυρήσαντες,
1155 2055 1342 2125 ὥσπερ
1382 2052 1612 2124 ἐρύματι
1660 2055 1770 2117 τοῖς

1861 601 1975 644 trnr
2004 592 2198 662 praeda:
2225 608 2494 649 memores
2525 605 2695 659 erant,
2729 595 2822 650 sed
2851 597 3096 662 protinus
3120 609 3240 650 sese
3264 597 3418 665 equi-

1862 692 1942 738 tes
1982 685 2306 754 peditesque
2351 698 2782 758 congregarunt,
2828 687 2976 741 etin
3016 703 3183 742 unum
3228 703 3421 757 agmen

1861 787 2315 846 composuerunt;
2345 794 2453 833 non
2481 780 2698 849 quidem
2730 781 2857 834 illud
2883 779 3106 834 densum
3138 779 3252 850 (qui
3276 779 3422 834 enim

1861 867 1970 921 ﬁeri
1986 881 2215 938 poterat,
2231 885 2352 925 cum
2374 886 2480 926 non
2504 874 2792 927 admodum
2817 872 2971 928 multi
2987 887 3053 926 eo
3072 872 3423 942 venissent?),

1861 962 2093 1015 validum
2120 971 2319 1026 tamen,
2342 979 2464 1019 cum
2487 973 2724 1020 scutatos
2746 965 2884 1020 inter
2907 982 2965 1021 se
2983 973 3262 1021 consertos
3276 966 3427 1033 equi-

1862 1060 1976 1106 tum
2008 1055 2104 1108 alze
2137 1055 2428 1124 cingerent.
2466 1057 2693 1112 Romani
2731 1072 2858 1111 vero
2892 1073 3013 1112 cum
3035 1058 3146 1128 jam
3171 1059 3311 1111 intra
3338 1058 3427 1112 teli

1860 1144 2061 1213 jactum
2111 1148 2516 1217 pervenissent,
2549 1166 2739 1205 manus
2782 1151 3000 1220 quidem
3049 1165 3336 1206 conserere
3377 1158 3431 1203 et

1865 1237 2150 1310 confligere
2175 1256 2295 1294 cum
2327 1242 2574 1296 hostibus
2603 1243 2866 1298 instructa
2895 1244 3009 1298 acie
3037 1243 3304 1299 stantibus
3333 1257 3430 1297 ne-

1865 1345 2135 1400 quaquam
2176 1333 2430 1402 expedire
2462 1336 2796 1400 censebant;
2837 1337 3046 1406 sagittis
3083 1350 3212 1389 vero
3253 1344 3307 1388 et
3343 1335 3429 1402 ja-

1865 1421 2002 1476 culis
2033 1424 2321 1478 velitantes
2343 1425 2571 1493 primam
2598 1426 2768 1481 aciem
2788 1426 3112 1481 labefactare
3131 1425 3429 1495 frontisque

1865 1513 2183 1568 densitatem
2214 1516 2524 1588 diﬁ‘ringere
2554 1517 2912 1572 conabantur.
2944 1517 3013 1574 At
3046 1517 3118 1570 illi
3144 1532 3266 1572 cum
3296 1517 3432 1570 inter

1865 1618 1924 1657 se
1951 1607 2122 1660 scutis
2147 1607 2348 1676 optime
2385 1618 2567 1663 essent
2595 1609 2906 1677 constipati,
2947 1609 3086 1663 firmi
3115 1607 3434 1678 immotique

1867 1696 2102 1761 stabant,
2135 1699 2391 1768 nullaque
2425 1713 2490 1754 ex
2522 1709 2673 1768 parte
2701 1699 2836 1753 aciei
2869 1701 3182 1755 continuum
3212 1700 3433 1754 convel-

1869 1784 2084 1853 lebant;
2121 1788 2390 1859 siquidem
2430 1802 2483 1846 et
2515 1792 2738 1847 densam
2778 1793 3067 1863 quamdam
3102 1794 3292 1847 silvam
3342 1809 3436 1845 na-

1866 1875 1980 1940 cti‘,
2009 1880 2295 1937 arboribus
2326 1893 2384 1936 ut
2413 1883 2555 1937 vallo
2592 1885 2901 1940 utebantur.
2949 1883 3068 1938 Jatn
3112 1899 3236 1938 vero
3273 1884 3437 1937 etiam

1873 1967 2103 2023 telorum
2130 1971 2278 2040 jactu
2310 1988 2369 2027 se
2395 1975 2705 2038 tuebantur,
2730 1989 2849 2043 qua:
2875 1973 3046 2045 patria
3073 1973 3311 2044 ipset-um
3337 1973 3440 2026 Iin-

1876 2075 1978 2128 gua
2010 2077 2248 2132 angones
2281 2077 2567 2121 vocantur.

209 2156 447 2226 δένδροις
471 2153 555 2226 [Ρο
577 2152 670 2226 5‘]
699 2153 954 2225 ἐχρῶντοο
981 2151 1119 2222 Ἤδη
1145 2151 1202 2204 δὲ
1225 2151 1319 2203 καὶ
1337 2151 1449 2212 τοῖς
1473 2147 1712 2217 ἀγγωσιν
1730 2149 1777 2182 ⁸⁸
1813 2153 2076 2224 ἠμύνοντο
2144 2159 2447 2230 βάλλοντεςτ
2482 2161 2624 2216 οὕτω
2665 2163 2772 2235 γὰρ
2817 2164 3000 2225 αὐτοῖς
3071 2161 3139 2215 τὰ
3175 2160 3444 2231 ἐπιχώρια

206 2250 417 2322 δόρατα
447 2249 848 2319 ἐπωνόμασται.

287 2345 391 2417 ιβ’.
446 2346 533 2409 Ὠς
583 2344 641 2398 δὲ
693 2343 844 2397 οὐδὲν
889 2341 1272 2411 ἐπημαίνοντο,
1331 2340 1778 2412 διαλογισάμενος

210 2437 435 2491 ἅπαντα
460 2437 489 2489 ὁ
517 2436 760 2508 Ναρσῆς,
794 2433 1130 2508 βαρϐαρικήν
1153 2450 1276 2490 τινα
1312 2432 1644 2506 στρατηγίαν
1687 2434 1780 2487 καὶ

215 2527 424 2599 μᾶλλον
478 2529 588 2590 τοῖς
652 2525 870 2590 Οὗννοις
941 2523 1383 2596 μεμελετημένην
1451 2524 1776 2594 ἐμηχανᾶτο.

231 2621 484 2676 Ἐκέλευε
523 2620 629 2691 γὰρ
666 2620 793 2682 τοὺς
822 2617 956 2688 ἀμφ’
979 2617 1138 2670 αὑτὸν
1168 2615 1500 2688 στρέψαντας
1523 2615 1592 2670 τὰ
1615 2615 1778 2682 νῶτα,

218 2714 284 2777 ἐς
304 2713 374 2768 τὰ
396 2713 568 2767 ὀπίσω
596 2713 894 2782 ἀναχωρεῖν
924 2708 1322 2782 προτροπάδην,
1356 2709 1430 2772 ώς
1452 2709 1516 2778 δὴ
1546 2708 1780 2772 δεδιότας

219 2806 322 2858 καὶ
358 2804 674 2874 φεύγοντας,
709 2803 802 2855 καὶ
835 2800 1177 2854 ἐκκαλεῖσθαι
1210 2801 1334 2864 τοὺς
1367 2799 1679 2870 Βαρδάρους
1707 2800 1782 2863 ὡς

219 2893 497 2947 ἀπωτάτω
534 2890 634 2958 τῆς
662 2891 836 2960 νάπης
874 2890 976 2942 ἀνὰ
1010 2890 1079 2941 τά
1115 2887 1244 2958 ψιλά
1272 2886 1367 2941 τοῦ
1405 2887 1605 2941 πεδίουο
1635 2886 1783 2958 αύτῷ

220 2983 338 3055 γὰρ
373 2983 440 3035 τὰ
481 2981 642 3034 λοιπά
671 2981 774 3050 ἐφη
808 2981 1079 3050 μελήσειν.
1107 2980 1218 3032 Καὶ
1242 2981 1290 3032 οί
1321 2980 1418 3050 μὲν
1447 2979 1587 3033 κατά
1614 2978 1785 3032 ταῦτα

223 3074 467 3139 ἐποίουν,
490 3074 584 3128 καὶ
607 3073 830 3141 ἔφευγον
855 3072 903 3104 ⁸⁸
923 3089 939 3105 ο
981 3071 1031 3123 οἱ
1064 3071 1122 3124 δέ
1146 3073 1385 3143 Φράγγοι
1413 3074 1481 3143 τῇ
1513 3073 1658 3144 φυγῇ
1697 3069 1785 3136 ἐξ-

223 3163 590 3237 ηπατημένοι,
617 3163 713 3216 καὶ
738 3161 933 3232 ἀληθὲς
955 3162 1014 3216 τὸ
1033 3161 1146 3226 δέος
1170 3159 1307 3216 εἶναι
1329 3163 1783 3234 ὑποτοπήσαντες,

226 3255 431 3311 αὐτίκα
462 3254 747 3328 θαρραλέοι
770 3254 871 3326 τήν
900 3270 960 3306 τε
993 3254 1246 3323 φάλαγγα
1267 3253 1537 3318 διέλυσαν,
1568 3254 1661 3306 καὶ
1686 3253 1787 3323 τῆς

227 3345 367 3417 ὕλης
399 3345 750 3412 ὑπεκὸἁντες,
775 3345 834 3408 ἐς
854 3344 953 3415 τὴν
973 3345 1152 3411 δίωξιν
1178 3344 1484 3414 ἠπείγοντο.
1509 3345 1617 3397 Καὶ
1641 3344 1788 3414 πρῶ-

226 3455 320 3491 τοι
356 3439 454 3508 μὲν
491 3437 700 3502 ἐξέθεον
728 3436 779 3489 οἱ
813 3436 1058 3490 ἱππόται·
1086 3426 1302 3491 εἵποντο
1327 3438 1384 3492 δὲ
1426 3437 1522 3491 καὶ
1550 3436 1660 3490 τῶν
1690 3455 1790 3491 πε-

227 3527 346 3594 ζῶν
368 3527 552 3581 ὁπόσοι
591 3526 953 3599 ἀλκιμώτατοι
989 3529 1082 3581 καὶ
1122 3527 1406 3591 ποδώκειςο
1438 3528 1528 3582 καὶ
1555 3527 1792 3592 ἅπαντες

1954 2343 2048 2398 22.
2097 2339 2235 2396 Cum
2274 2341 2458 2412 itaque
2497 2340 2632 2395 nihil
2661 2339 2846 2394 damni
2887 2340 3214 2410 acciperent.
3244 2337 3445 2396 Narses

1880 2438 2063 2496 omnia
2090 2451 2273 2493 secum
2306 2446 2586 2506 reputans,
2621 2433 2912 2487 barbarum
2943 2431 3215 2502 quoddam
3249 2441 3447 2488 strata-

1880 2545 2034 2600 gema
2064 2537 2119 2583 et
2146 2525 2357 2582 Hunnis
2386 2525 2560 2594 magis
2601 2525 2858 2579 usitatum
2894 2525 3242 2590 excogitavit.
3273 2522 3448 2578 Jussit

1879 2621 2023 2676 enim
2058 2634 2185 2675 suos
2212 2627 2358 2687 terga
2385 2624 2654 2672 vertentes
2678 2623 2976 2670 retrorsum
2994 2615 3316 2669 concitatius
3337 2615 3442 2686 61

1881 2711 2033 2774 ferri,
2058 2710 2225 2764 veluti
2253 2708 2444 2762 timore
2463 2706 2738 2776 perculsos
2751 2705 3056 2777 'fugamque
3076 2719 3445 2776 capessentes,

1885 2813 1945 2858 ut
1979 2801 2188 2858 scilicet
2213 2815 2275 2856 ea
2309 2801 2519 2854 ratione
2561 2799 2777 2853 barbari
2821 2813 2983 2868 quam
3031 2799 3392 2853 remotissime
3418 2815 3450 2854 e

1885 2893 2020 2949 silva
2052 2891 2104 2945 in
2125 2899 2368 2961 apertum
2387 2905 2639 2959 campum
2663 2897 3050 2944 evocarentur:
3078 2890 3284 2959 reliqua
3304 2892 3449 2944 enim

1887 2985 1990 3040 sibi
2021 2999 2165 3041 cura:
2195 2982 2310 3036 fore
2332 2983 2486 3036 dixit.
2526 2981 2689 3052 Atqui
2721 2982 2776 3035 hi
2803 2979 3020 3048 quidem
3047 2991 3105 3036 ut
3133 2982 3448 3036 mandatum

1885 3073 1966 3128 eis
1996 3079 2135 3137 erat,
2171 3070 2356 3141 fugam
2389 3072 2738 3140 arripuerunt
2765 3088 2780 3137 ;
2817 3069 3012 3126 Franci
3045 3085 3172 3126 vero
3206 3071 3327 3142 fuga
3358 3073 3453 3128 de-

1885 3164 2027 3235 cepti
2050 3173 2103 3218 et
2133 3179 2318 3218 verum
2359 3163 2606 3218 timorem
2631 3179 2751 3218 esse
2787 3165 2912 3228 rati,
2943 3163 3228 3220 confestim
3255 3166 3452 3220 animis

1887 3258 2028 3328 pleni
2052 3256 2220 3311 aciem
2243 3257 2481 3321 solvunt,
2511 3257 2755 3324 silvaque
2777 3258 3002 3327 egressi,
3026 3256 3292 3326 fugimtes
3311 3257 3452 3311 acri-

1888 3359 1969 3402 ter
1990 3347 2371 3416 insequuntur;
2396 3360 2460 3400 ac
2487 3346 2646 3416 primi
2673 3347 2890 3416 quidem
2918 3347 3450 3415 evolaruntequites,

1889 3440 2258 3509 sequebantur
2287 3454 2414 3494 vero
2441 3455 2504 3492 ex
2549 3439 2820 3508 peditibus
2863 3448 3133 3509 quotquot
3171 3439 3366 3494 robore
3401 3451 3457 3493 et

1894 3531 2088 3600 pedum
2119 3530 2393 3586 celeritate
2422 3531 2657 3585 maxime
2687 3531 2957 3595 valebant;
2983 3546 3280 3600 omnesque
3297 3546 3454 3587 acer-

227 3621 468 3690 ἀφειδῶς
497 3620 542 3653 ⁸³
575 3621 861 3684 ἐνέκειντο,
894 3621 968 3684 ώς
1012 3620 1172 3675 αὑτὸν
1209 3621 1272 3692 δή
1312 3638 1412 3675 που
1449 3621 1540 3674 τὸν
1570 3621 1792 3691 Ναρσῆν
1815 3611 1865 3674 C

1815 3611 1865 3674 C
1893 3623 2029 3678 t-ime
2059 3639 2169 3677 rem
2204 3623 2487 3693 urgebant,
2515 3631 2772 3691 tanquam
2801 3621 3078 3679 Narsetem
3110 3623 3288 3691 ipsum
3315 3622 3456 3690 jam-

228 3712 435 3766 αύτίκα
466 3711 612 3782 μάλα
636 3711 1012 3783 ζωγρήσοντες
1044 3713 1111 3775 ⁸⁸,
1140 3713 1234 3764 καὶ
1271 3713 1417 3784 πόνῳ
1470 3712 1562 3778 ξὺν
1604 3712 1792 3785 βραχεῖ

229 3803 412 3870 πέρας
439 3803 625 3856 εὐκτὸν
653 3802 997 3873 ἐπιθήσοντες
1021 3803 1219 3857 ἅπαντι
1243 3803 1320 3873 τῷ
1344 3804 1581 3874 πολέμῳ.
1608 3804 1714 3856 Kal.
1741 3805 1792 3857 οί

233 3894 344 3966 μὲν
374 3894 667 3965 εὐκοσμίας
706 3894 922 3966 ἀπάσης
950 3895 1380 3965 ἐπιλελησμένοι,
1422 3895 1586 3966 χύδην
1610 3912 1668 3949 τε
1702 3897 1795 3949 καὶ

230 3985 525 4055 ἀφύλακτα
564 3985 820 4056 ἐχώρουν,
851 3984 1141 4055 γεγηθότες
1182 3985 1276 4038 καὶ
1306 3985 1664 4056 εὐωχούμενοι
1696 3985 1795 4048 τῆς

232 4077 475 4138 ἐλπίδος.
503 4077 564 4129 Ol
595 4076 652 4129 δὲ
685 4075 937 4146 Ῥωμαῖοι
973 4077 1075 4131 ἀνὰ
1123 4076 1191 4132 τά
1231 4077 1416 4146 πρόσω
1460 4079 1715 4149 ἐφέροντο
1750 4079 1794 4108 ⁸⁷

233 4167 556 4238 ἀφειμένοις
598 4168 707 4228 τοῖς
739 4167 944 4233 ἵπποις,
987 4169 1152 4240 φαίης
1193 4185 1254 4222 τε
1298 4168 1365 4223 ἃν
1412 4169 1608 4232 αὐτοὺς
1654 4168 1800 4240 ἔργῳ

232 4258 540 4330 τρέσαντας
563 4256 838 4322 ἀλεείνειν,
869 4257 1010 4311 οὕτω
1033 4258 1096 4330 δή
1123 4277 1176 4313 τι
1205 4259 1250 4290 ⁸³
1270 4259 1540 4327 ἐγγύτατα
1562 4257 1656 4311 τοῦ
1677 4259 1800 4328 ἀλη-

237 4350 373 4415 θοῦς
415 4351 475 4404 τὸ
502 4351 728 4405 δεδιέναι
765 4349 1138 4422 ὑπεκρίνοντο.
1174 4351 1328 4404 Ἐπεὶ
1352 4350 1410 4404 δέ
1452 4351 1502 4404 οἱ
1535 4348 1800 4421 βάρῦαροι

236 4448 308 4499 ἐν
333 4443 522 4516 γυμνῷ
675 4440 751 4513 τῷ
788 4441 952 4511 πεδίῳ
974 4441 1372 4507 ἐσκεδάννυντο,
1409 4442 1508 4512 τῆς
1554 4442 1684 4512 ὕλης
1727 4443 1801 4506 ὡς

237 4533 584 4608 ’πορρωτάτω
635 4520 1092 4597 ἀποσπασθέντες,
1139 4536 1260 4586 τότε
1310 4533 1374 4604 δη
1437 4533 1652 4604 ἀθρόον,
1707 4534 1802 4586 τοῦ

240 4627 556 4698 στρατηγοῦ
595 4629 954 4699 σημήναντος,
996 4626 1415 4698 ἐπιστρέψαντες
1457 4629 1506 4680 oi
1545 4627 1805 4697 Ῥωμαῖοι

239 4721 375 4784 τοὺς
407 4720 625 4783 ἵππους,
653 4719 747 4772 καὶ
769 4720 826 4782 ἐς
852 4718 1108 4772 τάναντία
1139 4719 1278 4786 σφᾶς
1313 4718 1505 4780 αὐτοὺς
1535 4716 1804 4783 ἐξελίξαν-

239 4829 361 4878 τες,
391 4811 413 4875 9
422 4810 747 4880 ὑπηντίαζον
795 4813 908 4874 τοῖς
955 4810 1240 4865 διώκουσιν
1281 4809 1667 4880 ἀντιμέτωποι,
1713 4810 1808 4863 καὶ

1887 3715 2000 3784 jam
2033 3715 2214 3768 vivum
2254 3716 2505 3784 capturi,
2546 3723 2601 3768 et
2636 3715 2786 3768 nullo
2817 3713 2927 3768 fere
2959 3716 3175 3783 negotio
3209 3722 3453 3783 optatum

1893 3807 2054 3862 linem
2081 3807 2177 3860 toti
2202 3807 2340 3860 bello
2367 3807 2692 3875 imposituri.
2719 3806 2896 3876 Atque
2923 3805 2978 3859 hi
3002 3806 3221 3874 quidem
3249 3803 3456 3859 ordinis

1894 3899 2072 3953 omnis
2101 3897 2251 3950 obliti
2283 3899 2514 3966 sparsim
2548 3896 2794 3966 nihilque
2823 3897 2928 3951 sibi
2956 3907 3210 3951 caventes
3233 3910 3457 3964 procur-

1896 3992 2076 4044 rebant
2107 4031 2122 4054 ,
2166 3989 2460 4059 gaudentes
2505 3990 2752 4059 bonaque
2794 4005 2891 4058 spe
2937 4005 3057 4044 sese
3105 3989 3456 4043 oblectantes.

1897 4079 2125 4134 Romani
2160 4095 2290 4133 vero
2319 4078 2506 4134 cﬂ'nsis
2543 4079 2771 4133 habenis
2807 4081 2873 4132 ad
2907 4079 3178 4133 anteriora
3213 4077 3460 4133 fereban—

1899 4182 2022 4225 tur:
2056 4171 2266 4226 diceres
2301 4180 2447 4226 certe
2479 4185 2575 4226 eos
2619 4186 2678 4224 re
2715 4171 2830 4240 ipsa
2868 4169 3223 4226 formidantes
3255 4171 3461 4240 fugere,

1899 4265 2032 4318 adeo
2053 4263 2298 4332 proxime.
2315 4277 2440 4316 vero
2463 4278 2712 4332 pavorem
2735 4263 3080 4318 simulabant.
3104 4262 3463 4330 Posteaquam

1902 4369 2029 4410 vero
2057 4355 2270 4408 barbari
2292 4355 2404 4422 jam
2429 4369 2524 4423 per
2544 4354 2746 4408 nudum
2771 4369 3022 4423 campum
3045 4354 3273 4422 dispersi
3299 4368 3464 4422 quam

1903 4447 2218 4516 longissime
2248 4461 2278 4500 a
2309 4447 2442 4499 silva
2471 4458 2653 4500 essent
2673 4445 2869 4512 avulsi,
2894 4459 3005 4499 tum
3039 4461 3164 4500 vero
3182 4445 3467 4501 confestim

1904 4540 2057 4609 signo
2089 4554 2184 4607 per
2223 4538 2502 4592 Narsetem
2547 4538 2695 4601 dato,
2732 4537 2964 4591 Romani
3006 4538 3284 4592 conversis
3314 4537 3468 4606 equis

1906 4629 1958 4683 iu
1981 4629 2242 4683 adversos
2267 4643 2386 4684 sese
2404 4627 2758 4697 explicantes,
2785 4630 3232 4697 persequentibus
3249 4628 3303 4682 in
3325 4626 3473 4683 fron-

1908 4730 2014 4776 tem
2043 4727 2416 4792 occurrerunt,
2444 4727 2498 4773 et
2529 4718 2583 4772 in
2611 4719 2896 4772 universos
2926 4718 3206 4786 inopinato
3236 4717 3313 4771 rei
3343 4733 3473 4786 per-

1908 4811 2091 4865 culsos
2120 4811 2301 4865 caesim
2329 4809 2682 4879 punctimque
2712 4807 3025 4872 saeviebant,
3057 4817 3219 4876 atque
3245 4807 3320 4861 ita
3349 4806 3472 4876 luga

244 4906 501 4964 ἅπαντας
523 4901 600 4973 τῷ
616 4903 998 4975 ἀπροσδοκήτῳ
1032 4903 1590 4974 καταπεπληγμένους
1617 4900 1808 4955 ἐπαιον
1839 4948 1885 4975 η

1839 4948 1885 4975 “
1911 4904 2044 4972 ipsis
2091 4905 2143 4956 in
2191 4900 2621 4972 persecutionem
2665 4901 2784 4955 vice
2827 4915 2982 4954 versa
3019 4901 3205 4955 cessit.
3254 4901 3475 4970 Equites

242 4993 488 5064 ἀφειδῶς
518 4993 611 5048 καὶ
645 4993 935 5060 ἀντώθουν,
965 4994 1060 5047 καὶ
1087 4996 1144 5056 ἐς
1171 4991 1430 5057 παλίωξιν
1469 4994 1536 5046 τὰ
1568 4992 1667 5064 τῆς
1707 5009 1810 5061 φυ-

244 5088 358 5158 γῆς
411 5085 727 5156 μετεχώρει.
761 5087 824 5139 Οί
862 5087 960 5156 μέν
990 5081 1084 5138 οὖν
1115 5086 1336 5139 ἱππόται
1377 5085 1487 5138 τῶν
1519 5084 1810 5156 βαρϐάρων

1839 4948 1885 5004 1)

1914 4999 2094 5064 itaque
2125 4995 2481 5048 barbarorum
2515 5010 2623 5047 non
2655 4994 2850 5062 ignari,
2881 5009 2991 5062 quo
3020 4992 3073 5046 in
3105 4993 3346 5063 periculo
3371 5006 3481 5046 ver-

1913 5097 2186 5147 sarentur,
2217 5100 2378 5155 quam
2400 5086 2682 5140 celerrime
2699 5085 2807 5156 62
2829 5085 2894 5138 ad
2917 5086 3107 5139 silvam
3140 5085 3481 5154 reliquasque

247 5175 660 5246 ξυναισθόμενοι
683 5175 776 5229 τοῦ
805 5178 1152 5248 περιστάντος
1174 5176 1439 5242 κινδύνου,
1467 5178 1560 5230 καὶ
1582 5177 1812 5248 τάχιστα

1913 5178 2097 5247 copias
2126 5176 2476 5244 refugientes,
2505 5177 2734 5232 salutem
2778 5177 2881 5231 sibi
2921 5187 3142 5230 strenua
3177 5176 3300 5246 fuga
3333 5189 3481 5244 qua:-

245 5269 617 5341 ἐκδραμόντες
643 5269 746 5323 ἀνά
765 5269 861 5340 τὴν
887 5269 1016 5339 ὓλην
1045 5265 1197 5332 αὖθις
1220 5271 1312 5323 καὶ
1348 5271 1409 5323 τὸ
1466 5270 1614 5340 σφῶν
1646 5288 1810 5341 στρα-

1919 5270 2164 5333 sierunt;
2199 5268 2403 5336 pedites
2435 5283 2563 5322 vero
2591 5269 2816 5338 turpiter
2847 5268 2994 5332 caesi,
3023 5283 3146 5322 cum
3175 5284 3240 5320 ne
3264 5280 3480 5320 manum

244 5356 496 5423 τόπεδον,
524 5357 745 5427 ἄσμενοι
777 5357 1137 5421 ἀπεσώζοντο.
1169 5361 1232 5414 υἱ
1252 5361 1309 5414 δὲ
1339 5360 1493 5425 πεζοὶ
1517 5362 1816 5415 ἐκτείνοντο

1921 5361 2136 5430 quidem
2173 5359 2354 5413 tuendi
2386 5359 2470 5412 sui
2503 5375 2667 5414 causa
2699 5370 2994 5425 moverent,
3018 5359 3294 5427 inopinata
3321 5356 3483 5411 vicis-

245 5448 489 5514 ἀκλεῶς,
518 5450 652 5520 μηδέ
679 5453 836 5520 χεῖρα
866 5455 1031 5506 κινεῖν
1063 5453 1411 5516 ὑποστάντες.
1444 5453 1580 5507 ἀλλά
1598 5454 1677 5525 τῷ
1711 5473 1816 5510 πα-

250 5537 475 5613 ραλόγῳ
500 5539 596 5610 τῆς
622 5539 915 5611 μεταθολῆς
944 5539 1254 5610 τεθηπότες,
1284 5542 1374 5594 καὶ
1399 5538 1509 5595 οἷον
1538 5543 1819 5614 παράφρο-

1923 5450 2160 5506 situdine
2201 5449 2532 5503 consternati
2573 5459 2628 5503 ct
2668 5449 3069 5518 quodammodo
3106 5459 3280 5503 mente
3319 5448 3484 5516 capti.

1923 5542 2124 5599 Omnes
2169 5542 2350 5611 itaque
2391 5541 2623 5612 sparsim
2659 5542 2932 5610 jacebant,
2969 5543 3132 5598 veluti
3177 5556 3336 5596 suum
3377 5539 3490 5594 fere

1537 5658 1768 5716 \‘AlllE
1826 5657 2208 5718 LEC'I'IONES

330 5744 377 5776 ⁸⁸
404 5744 461 5796 ἐ·
494 5745 832 5816 τριακοσίους
879 5748 942 5813 Β,
979 5749 1035 5810 ἐς
1058 5749 1181 5812 τοὺς
1230 5769 1257 5801 τ

851 5750 942 5832 νη,
979 5750 1035 5810 ἐς
1058 5750 1181 5832 12'};
1230 5767 1334 5832 Ἑρ..
1367 5751 1510 5820 vulg.
1572 5752 1629 5832 ’ξ’
1676 5753 2001 5832 ἐμέμνηντοἶ
2049 5750 2419 5832 Sicnctlrrexi.
2458 5752 2514 5817 ἐγ

1826 5768 2001 5832 νηντόἶ
2049 5750 2419 5832 Sicncqrrexi.
2458 5750 2799 5832 ἐγίγνοντοιι
2825 5751 3044 5832 συνιείς.
3121 5753 3164 5784 ⁸³
3193 5764 3489 5832 περιπεφρ.

251 5818 332 5876 Β,
364 5830 532 5894 πεφρ.
563 5817 718 5894 vulg.
784 5819 827 5894 ξ’
844 5817 1078 5894 ἄγνωσιν
1099 5819 1161 5872 li.
1237 5817 1545 5894 ξ’δ-ἐφευγον
1571 5821 1635 5886 Β,
1679 5817 1886 5894 ἔφυγον
1912 5840 1914 5847 ‘

874 5819 1161 5894 μγνωοςινιὶ.
1237 5817 1545 5894 ξ’δ-ἕφεγυγον
1571 5821 1635 5886 Β,
1679 5817 1886 5894 ἔφυγον
1912 5823 2097 5894 vuig.__
2136 5823 2180 5853 ⁸⁸
2215 5820 2335 5894 Pro
2379 5819 2537 5894 ἀφειδ

250 5900 456 5948 σαντες
486 5887 550 5945 Β.
625 5889 666 5918 ⁸⁷
703 5889 976 5959 ἐφέροντο.
1015 5887 1177 5958 lntpt'.
1205 5887 1674 5946 addit’Ariminum
1705 5887 1903 5949 uersus.

1224 5887 1674 5946 Iddit’Ariminum
1705 5887 1903 5949 uersus.
1979 5887 2184 5943 ⁸⁸οὖ-νσ)
2210 5891 2267 5934 δέ
2302 5908 2350 5932 -ι
2379 5889 2420 5930 Ὠ
2480 5889 2627 5944 ’π”οι
2653 5891 2718 5961 δὴ
2740 5887 2887 5963 vulg.

2136 5823 2180 5853 es
2218 5820 2335 5892 7pm
2380 5820 2614 5892 ἐφειξῶς
2650 5821 2696 5892 ll
2726 5837 2836 5892 mg,
2875 5823 3110 5892 ἀφόϐως.
3196 5823 3240 5854 ⁸⁸
3265 5820 3497 5892 ςςωγρήο
