4212 6438
276 369 410 438 1329
1405 373 1879 435 HISTORIARU

1868 372 1942 433 [Μ
1971 376 2201 439 LIBER
2232 380 2311 439 II.
3351 392 3487 459 1330

269 487 588 559 περιοικίδα,
654 485 821 557 ᾔεσαν
875 485 980 539 ἀνά
1035 485 1103 540 τά
1161 486 1489 574 πρόσωῗίὲν
1523 487 1696 574 δεξιᾷΔ
1719 488 1819 574 μέν
1845 491 1881 546 Α

1868 491 1893 547 ι
1920 490 2191 559 regionem
2226 491 2298 546 ita
2331 491 2557 562 dictam,
2590 498 2883 564 venissent,
2908 512 3020 557 tum
3050 505 3263 574 partitis
3290 509 3484 573 copiis.

266 558 478 642 ἔχοντες
499 572 566 625 τὰ
595 570 907 638 Τυρσηνικά
940 570 1173 639 πελάγη,
1204 571 1295 623 ἐπὶ
1320 558 1521 642 θάέερα
1546 571 1603 624 δὲ
1638 571 1820 634 αὐτοῖς

1922 576 2190 636 Butilinus
2211 584 2425 651 quidem
2450 558 2574 641 cum
2596 591 2803 660 majore
2822 558 3482 665 validioreque

266 663 633 734 παρετέταντο
649 664 705 716 αί
721 661 814 715 τοῦ
836 664 881 696 τ’
916 662 1099 715 Ἰονίου
1119 662 1319 717 κόλπου
1342 665 1624 734 ῥηγμῖνες.
1669 663 1822 717 Ἐπεὶ

265 755 325 806 δὲ
382 755 439 816 ἐς
482 754 713 823 Σάμνιον
749 754 847 822 τὴν
902 752 1085 823 χώραν
1120 752 1260 806 οὕτω
1313 752 1650 823 καλουμένην
1715 756 1819 823 ἀφ-

269 848 460 905 ίκοντο,
513 844 746 899 ἐνταῦθα
797 843 1143 915 διεκρίθησαν
1170 844 1256 912 ἐφ’
1282 843 1545 915 ἑκατέραν
1569 844 1815 914 πορείαν.

264 939 374 991 Καὶ
425 936 726 999 Βουτιλῖνος
788 935 887 1005 μὲν
936 934 1052 1004 ἅμα
1096 933 1174 1006 τῷ
1211 934 1417 988 πλείονι
1449 935 1544 988 καὶ
1573 935 1819 1005 ἀλκιμω-

269 1030 408 1098 τάτῳ
446 1025 682 1097 στρατῷ.
725 1026 828 1080 ἀνά
867 1025 964 1089 τάς
987 1026 1328 1096 Τυρσηνικάς
1365 1026 1551 1095 ἠϊόνας
1580 1025 1814 1097 ἐχώρει·

264 1122 358 1173 καὶ
386 1117 717 1187 Καμπανίας
752 1135 811 1171 τε
832 1116 904 1170 τά
937 1117 1161 1170 πλεῖστα
1198 1116 1469 1186 ἐληῖσατο,
1509 1118 1601 1171 καὶ
1629 1117 1727 1188 μὲν
1750 1117 1815 1188 δὴ

261 1214 358 1265 καὶ
383 1211 683 1273 Λευκανίας
738 1209 931 1279 ἐπέϐη,
985 1208 1080 1263 καὶ
1131 1204 1252 1263 εἶτα
1303 1207 1535 1279 Βρεττίᾳ
1569 1208 1616 1240 ⁸⁸
1648 1224 1816 1279 προτ-

260 1302 506 1366 έϐαλλεν,
541 1301 636 1355 καὶ
659 1301 819 1372 μέχρι
840 1299 935 1354 τοῦ
959 1299 1201 1371 πορθμοῦ
1228 1299 1517 1370 προῆλθεν,
1546 1300 1606 1363 δς
1628 1300 1691 1371 δὴ
1727 1301 1815 1365 Σι-

261 1392 445 1445 κελίαν
465 1408 526 1444 τε
549 1391 646 1462 τὴν
674 1390 839 1460 νῆσον
878 1389 1054 1443 καὶτὸ
1083 1388 1260 1459 τέρμα
1278 1388 1378 1459 τῆς
1417 1389 1646 1453 Ἰταλίας
1673 1390 1810 1443 ἀπο-

259 1483 453 1552 κρίνει.
494 1482 762 1551 Δεύθαρις
811 1480 869 1535 δὲ
922 1479 993 1533 τά
1054 1479 1215 1533 λοιπά
1273 1479 1657 1551 στρατεύματα
1713 1484 1813 1535 ἐπ-

257 1574 545 1642 αγόμενος,
563 1572 848 1625 Ἀπουλίαν
863 1571 906 1603 ⁸¹
932 1570 1088 1642 ἔλαχε
1111 1569 1350 1625 σίνεσθαι
1365 1572 1458 1625 καὶ
1470 1572 1808 1644 Καλαϐρίανο

258 1668 352 1719 καὶ
379 1666 481 1727 ἓως
495 1666 541 1698 ⁸⁸
583 1663 898 1735 Ὑδροῦντος
928 1664 1025 1733 τῆς
1049 1663 1253 1726 πόλεως
1282 1664 1446 1728 ἵκετο,
1478 1664 1512 1735 ἢ
1535 1665 1598 1734 δὴ
1618 1666 1711 1718 ἐπὶ
1733 1665 1810 1737 τῷ

254 1756 483 1828 αἰγιαλῷ
502 1756 714 1827 ἵδρυται
725 1756 823 1825 τῆς
840 1754 1112 1826 Ἀδριάδος
1134 1755 1421 1826 θαλάττης,
1438 1756 1558 1810 ὅθεν
1575 1760 1603 1810 ό
1629 1757 1809 1821 Ἰόνιος

252 1849 479 1919 ἄρχεται
507 1848 723 1911 κόλπος.
756 1848 912 1901 Ὅσοι
934 1847 1033 1917 μὲν
1061 1842 1154 1901 οὖν
1202 1846 1380 1900 αὐτῶν
1415 1847 1656 1918 Φράγγοι
1690 1847 1809 1903 ἰθαο
1838 1831 1881 1887 Β

250 1942 427 2006 γενεῖς
450 1938 745 2008 ἐτύγχανον
778 1936 950 2001 ὄντες,
981 1930 1125 1990 οὗτοι
1161 1935 1219 1990 δὲ
1252 1936 1423 2005 φειδοῖ
1455 1937 1623 2007 πολλῇ
1669 1938 1809 2005 ἀμφὶ

248 2023 321 2078 τὰ
350 2023 472 2094 ἱερά
503 2024 597 2077 καὶ
622 2022 881 2095 εὐλαϐείᾳ
910 2022 1168 2094 ἐχρῶντο,
1193 2024 1288 2077 ἆτε
1321 2024 1386 2096 δὴ
1436 2024 1506 2078 τὰ
1546 2025 1683 2096 όρθά
1712 2027 1806 2079 καὶ

246 2115 300 2169 οῖ
326 2116 370 2148 ⁸³
394 2114 487 2169 τοῦ
512 2114 815 2187 κρείττονος
844 2114 971 2186 πέρι
1023 2113 1229 2185 νόμιμα
1258 2116 1624 2187 προσιέμενοι,
1665 2112 1806 2190 ᾖπέρ

249 2223 343 2275 μοι
379 2206 479 2275 ἤδη
512 2205 739 2277 ἐρρήθη,
787 2205 881 2257 καὶ
942 2204 1296 2276 παραπλήσια
1352 2208 1465 2269 τοῖς
1515 2206 1807 2277 Ῥωμαίοις

244 2297 676 2370 ίερουργοῦντες.
698 2297 771 2351 Τδ
796 2297 854 2351 δὲ
899 2297 1257 2368 ’Δλαμανικδν
1300 2298 1445 2353 ἀπαν
1476 2300 1664 2371 (ἕτερα
1694 2302 1802 2373 γὰρ

242 2390 475 2455 ἐκείνοις
500 2390 558 2452 ἐς
582 2389 739 2444 τοῦτο
782 2388 951 2459 δοκεῖ)
988 2389 1177 2461 ἐδῄουν
1207 2391 1334 2455 τοὺς
1375 2395 1511 2456 νεὼς
1547 2392 1799 2462 ἀψειδῶς,

242 2483 343 2536 καὶ
389 2481 743 2551 ἀπηγλάῖζον.
794 2481 1001 2547 Πολλὰς
1056 2484 1155 2553 μὲν
1198 2484 1307 2555 γὰρ
1346 2483 1578 2549 κάλπεις
1628 2486 1801 2557 ῖεράς.

240 2572 417 2626 πολλά
469 2572 527 2625 δὲ
580 2573 1016 2644 περιρραντήρια
1056 2573 1369 2643 πάγχρυσα,
1423 2573 1800 2645 συχνάδὲκύ-

240 2664 413 2717 πελλα
437 2664 485 2696 ⁸⁸
513 2664 609 2717 καὶ
652 2666 811 2729 κανᾶ,
860 2665 953 2717 καὶ
1011 2665 1113 2718 ὃσα
1160 2666 1283 2727 ταῖς
1341 2667 1630 2735 μυστικαῖς
1675 2668 1800 2735 ἀγι-

240 2753 450 2817 στείαις
478 2754 707 2818 ἀνεῖται,
737 2753 910 2808 ταῦτα
933 2753 992 2807 δὲ
1032 2754 1446 2824 ἀφαιρούμενοι,
1478 2754 1694 2810 ἅπαντα
1724 2759 1801 2809 οῖ-

237 2848 368 2899 κεῖα
390 2846 645 2915 κτήματα
691 2844 989 2900 ἐποιοῦντο.
1022 2845 1148 2909 Τοῖς
1190 2846 1250 2898 δὲ
1292 2846 1413 2901 οὐδὲ
1454 2846 1584 2901 τάδε
1620 2847 1666 2881 ⁸⁸
1693 2850 1799 2902 ἀπ-

236 2936 400 3007 έχρη,
423 2936 560 2991 ἀλλά
577 2936 676 3000 τάς
698 2953 757 2990 τε
784 2936 985 3007 ὀροφὰς
1012 2936 1120 2989 τῶν
1150 2938 1308 3009 ἱερῶν
1326 2938 1639 3010 ἀνακτόρων
1667 2957 1799 2994 κατ-

234 3026 484 3090 έϐαλλον,
533 3029 628 3081 καὶ
669 3027 770 3090 τάς
821 3028 1093 3098 κρηπῖδας
1133 3028 1413 3083 ἀνεκίνουν
1440 3047 1455 3061 ·
1522 3030 1703 3104 λύθρῳ
1735 3050 1795 3086 τε

233 3117 309 3170 τὰ
330 3117 531 3187 τεμένη
558 3121 918 3189 περιερρεῖτο,
960 3119 1054 3172 καὶ
1082 3120 1148 3173 τὰ
1180 3120 1306 3191 λήῖα
1331 3122 1630 3192 ἐμιαίνετο,
1662 3126 1791 3177 πολ-

1919 677 2072 736 parte
2098 667 2437 740 Tyrrhenum
2470 676 2618 733 littus
2644 679 2875 749 legebat,
2904 692 2958 737 et
2987 691 3153 738 totam
3181 685 3295 740 fere
3316 684 3481 739 Cam-

1919 760 2134 829 paniam
2159 761 2585 832 deprardabatur,
2615 771 2744 839 quin
2767 784 2821 827 et
2847 775 3139 829 Lucaniam
3167 785 3222 829 et
3242 775 3481 831 Bruttios

1917 850 2111 906 deinde
2139 853 2354 921 invasit,
2390 867 2444 912 et
2480 859 2547 913 ad
2581 859 2776 917 fretum
2822 879 3019 936 usque.
3052 868 3195 935 quod
3234 868 3478 923 Siciliam

1917 943 2149 999 insulam
2177 958 2231 1002 et
2261 948 2396 1005 fines
2423 949 2590 1007 Italia:
2618 954 2840 1022 dirimit,
2880 958 3161 1026 pervenit:
3194 959 3479 1014 Lvutharis

1916 1050 2045 1091 vero
2073 1037 2310 1108 reliquas
2346 1042 2533 1109 copias
2563 1044 2767 1102 ducens
2798 1049 3049 1117 Apuliam
3083 1057 3138 1104 et
3170 1049 3475 1106 Calabriam

1916 1126 2226 1195 infestabat,
2253 1132 2584 1202 Hydruntem
2615 1150 2790 1205 usque
2828 1154 3168 1209 progressus,
3193 1157 3315 1211 quze
3353 1146 3475 1213 qui-

1914 1217 2036 1272 dem
2076 1221 2206 1276 urbs
2236 1221 2289 1275 in
2320 1224 2499 1280 littore
2524 1225 2785 1283 Adriatici
2821 1231 2986 1286 maris
3018 1242 3103 1287 est
3139 1234 3240 1287 sita
3270 1250 3285 1299 ;
3334 1236 3475 1288 unde

1915 1309 2099 1367 Ionius
2137 1315 2293 1370 sinus
2341 1317 2552 1373 initium
2602 1318 2787 1375 habet.
2834 1320 3114 1392 Quotquot
3157 1326 3340 1394 itaque
3364 1325 3472 1397 65

1912 1418 2101 1460 eorum
2135 1404 2329 1461 Franci
2356 1419 2508 1464 erant
2537 1411 2821 1483 indigenae,
2857 1414 3080 1468 multam
3113 1418 3471 1472 reverentiam

1912 1496 2274 1568 pietatemque
2296 1500 2438 1556 circa
2469 1504 2663 1573 templa
2693 1505 3017 1561 exercebant
3037 1516 3245 1577 ,utpote
3268 1521 3469 1565 rectam

1911 1592 1980 1648 de
2011 1591 2121 1648 Deo
2144 1595 2465 1671 sententiam
2505 1599 2758 1668 amplexi,
2797 1609 2860 1655 ut
2898 1618 3059 1673 supra
3088 1603 3220 1669 dixi,
3250 1604 3471 1660 eadem-

1910 1700 2017 1755 que
2049 1700 2172 1740 cum
2200 1685 2465 1743 Romanis
2489 1702 2645 1744 sat-ra
2673 1692 3310 1751 colentes.'Alemannica
3340 1711 3472 1753 vero

1910 1791 2040 1845 gens
2067 1777 2317 1833 universa
2349 1780 2529 1844 (aliter
2559 1783 2703 1837 enim
2736 1783 2792 1838 bi
2823 1783 2966 1840 circa
2998 1786 3312 1858 religionem
3343 1798 3472 1846 sunt

1908 1869 2106 1932 allecti)
2140 1873 2333 1941 templa
2363 1872 2724 1931 irreverenter
2750 1876 3096 1947 diripiebant,
3130 1880 3355 1950 suisque
3376 1897 3469 1935 or-

1904 1965 2174 2019 namentis
2200 1965 2521 2034 spoliabant,
2551 1969 2749 2025 multas
2780 1970 2998 2039 quidem
3021 1973 3233 2028 amulas
3261 1989 3467 2043 sacras,

1904 2056 2020 2110 sive
2041 2070 2166 2112 vasa
2189 2056 2434 2112 lustralia
2457 2067 2511 2113 et
2531 2046 2817 2131 aspergilla
2844 2076 2910 2118 ex
2932 2079 3071 2132 puro
3091 2080 3250 2130 auro,
3271 2081 3465 2135 quam-

1903 2148 2167 2219 plurimos
2196 2150 2362 2205 etiam
2401 2151 2601 2207 calices
2643 2163 2698 2208 et
2738 2169 2996 2221 acerras,
3037 2167 3091 2211 et
3126 2173 3467 2229 quaecunque

1900 2242 2144 2313 mysticis
2188 2242 2526 2299 caeremoniis
2567 2246 2890 2315 peragendis
2926 2258 3083 2303 erant
3120 2260 3461 2315 consecrata,

1900 2333 2219 2402 spoliantes,
2245 2333 2479 2405 propriis
2499 2335 2615 2391 suis
2634 2338 3070 2405 possessionibus
3093 2340 3461 2399 ascribebant.

1900 2422 2008 2479 Sed
2037 2438 2104 2478 ne
2131 2423 2216 2479 bis
2246 2424 2463 2494 quidem
2498 2425 2662 2481 rebus
2685 2427 2948 2493 contenti,
2972 2439 3115 2487 tecta
3141 2430 3256 2503 ipse
3280 2446 3464 2488 sacco-

1898 2526 2017 2568 rum
2059 2511 2383 2581 templorum
2421 2513 2733 2581 diruebant,
2762 2525 2818 2572 et
2849 2516 3198 2577 fundamenta
3232 2524 3463 2580 subver-

1897 2598 2111 2661 tebant;
2144 2612 2444 2667 cruoreque
2466 2608 2522 2653 et
2555 2601 2708 2656 sanie
2739 2600 2963 2658 delubra
2991 2604 3460 2675 circumﬂuebant,

1897 2698 2025 2738 arva
2058 2684 2220 2737 etiam
2266 2694 2582 2756 segetesque
2619 2686 3000 2755 polluebantur
3022 2730 3038 2754 ,
3075 2706 3198 2747 cum
3238 2709 3333 2763 per
3366 2710 3462 2751 eas

1896 2775 2099 2846 passim
2139 2774 2403 2831 cadavera
2430 2776 2697 2847 insepulta
2718 2793 2907 2847 sparsa
2931 2780 3196 2849 iacerent.
3222 2783 3328 2840 Sed
3351 2800 3458 2841 non

1895 2870 2066 2924 multo
2100 2877 2225 2939 post
2251 2870 2432 2926 divina
2464 2870 2699 2926 vindicta
2731 2881 2815 2928 est
2843 2873 3152 2930 subsecuta.
3182 2876 3289 2933 Alii
3315 2879 3459 2935 enim

1894 2961 2057 3025 bello,
2089 2962 2182 3016 alii
2213 2962 2404 3018 morbo
2427 2963 2723 3034 perierunt,
2752 2980 2926 3035 neque
2953 2966 3242 3037 quisquam
3270 2983 3479 3025 eorum

1896 3054 2059 3122 priori
2100 3070 2196 3125 spe
2240 3055 2440 3125 potitus
2471 3066 2573 3111 est.
2622 3057 2893 3127 Injustitia
2935 3059 3080 3113 enim
3118 3067 3173 3115 et
3203 3060 3296 3116 Dei
3326 3074 3479 3116 con--

1816 3163 1862 3223 ο
1894 3155 2128 3215 temptus
2152 3146 2405 3219 fugienda
2425 3149 2639 3216 quidem
2662 3165 2876 3219 semper
2895 3158 2951 3205 et
2970 3152 3127 3207 noxia
3150 3161 3297 3217 sunt,
3319 3167 3458 3223 pra!-

234 3207 406 3278 λαχοῦ
450 3209 659 3279 νεκρῶν
701 3210 923 3277 ἀτάφων
962 3212 1461 3282 περιερριμμένων.
1516 3214 1656 3266 Ἀλλ’
1692 3216 1791 3269 οὐκ
1819 3207 1862 3223 ‘-

1891 3236 2048 3305 cipue
2080 3207 2293 3292 verovin
2324 3239 2525 3308 prae-liis
2553 3248 2609 3294 et
2650 3239 3009 3295 conﬂictibus.
3043 3241 3278 3296 Patriam
3312 3242 3456 3296 enim

234 3301 299 3361 ἐς
332 3300 546 3370 μακρὰν
578 3302 774 3362 αὐτοὺς
817 3302 888 3354 τά
931 3302 1141 3356 ἐνθένδε
1184 3304 1447 3375 μετῆλθεν
1489 3306 1788 3377 μηνίματα.

234 3394 306 3445 0i
346 3392 445 3462 μὲν
472 3392 581 3463 γὰρ
609 3393 848 3465 πολέμῳ,
876 3393 936 3446 τὺ
960 3395 1017 3448 δέ
1043 3412 1096 3448 τι
1127 3396 1304 3449 αὐτῶν
1333 3398 1473 3468 νόσῳ
1502 3398 1789 3471 διεφθάρη,

232 3483 335 3537 καὶ
350 3483 522 3547 οὐδεὶς
540 3485 687 3548 ὅστις
700 3484 953 3538 ἀπώνατο
972 3485 1071 3554 τῆς
1085 3486 1354 3559 προτέρας
1377 3488 1609 3554 ἐλπίδος.
1653 3491 1791 3545 Ἀδι-

231 3574 334 3629 κία
364 3574 472 3645 γὰρ
496 3575 589 3629 καὶ
631 3575 765 3630 Θεοῦ
791 3576 1163 3648 ἀθεραπευσία
1207 3580 1414 3647 φευκτά
1446 3582 1545 3651 μὲν
1582 3581 1668 3635 ἀεὶ
1696 3585 1792 3636 καὶ

232 3665 550 3737 ἀσύμφορα,
583 3667 813 3737 μάλιστα
844 3667 900 3719 δὲ
931 3668 988 3720 ἐν
1014 3667 1092 3738 τῷ
1135 3669 1533 3740 προσπολεμεῖν
1568 3671 1662 3724 καὶ
1682 3689 1790 3725 πα-

233 3756 618 3827 ρατάττεσθαι.
673 3756 894 3827 Πατρίδι
945 3758 1043 3827 μὲν
1088 3759 1195 3829 γὰρ
1238 3760 1539 3832 ἐπαρήγειν
1582 3762 1676 3815 καὶ
1699 3763 1788 3815 νό-

233 3866 363 3917 μοις
389 3847 654 3917 πατρίοις,
694 3853 788 3901 καὶ
828 3851 939 3912 τοῖς
985 3850 1156 3903 ταῦτα
1212 3850 1625 3923 λυμαινομένοις
1666 3855 1791 3924 ἥκι-

230 3956 339 3992 στα
363 3939 592 4008 ἐφιέναι,
615 3940 750 3995 ἀλλά
794 3940 954 3993 παντὶ
994 3941 1170 3995 σθένει
1214 3942 1535 4012 ἀμύνεσθαι,
1566 3945 1708 3998 ὅσιόν
1734 3963 1789 4000 τι

228 4032 302 4084 ἂν
329 4033 413 4101 εἴη
462 4034 554 4085 καὶ
599 4033 743 4103 μάλα
782 4036 1046 4102 γενναῖον.
1087 4035 1240 4089 Ὀσοι
1286 4036 1343 4089 δὲ
1371 4037 1595 4109 κέρδους
1635 4038 1788 4094 ἕκατι

228 4124 331 4176 καὶ
383 4125 701 4195 δυσμενείας
753 4126 971 4195 ἀλόγου,
1034 4128 1197 4198 μηδὲν
1246 4129 1526 4201 ἐπίκλημα
1577 4130 1805 4188 ἔνδικον

228 4216 467 4284 ἔχοντες,
498 4216 685 4271 ἔπειτα
710 4218 966 4286 φοιτῶσιν
991 4222 1095 4275 ἀνά
1130 4222 1228 4293 τὴν
1250 4223 1489 4289 ὀθνείαν,
1520 4224 1645 4289 τοὺς
1681 4243 1791 4297 μη-

224 4303 323 4356 δὲν
364 4304 691 4375 ἠδικηκότας
747 4306 1038 4377 σινόμενοι,
1095 4304 1238 4363 οὗτοι
1278 4309 1329 4362 δέ
1381 4309 1637 4376 ἀλαζόνες
1681 4318 1793 4371 εἰσὶ

226 4410 328 4460 καὶ
353 4409 665 4472 ἀτάσθαλοι,
702 4410 827 4465 οὔτε
874 4412 1031 4483 θέμιν
1065 4415 1286 4481 εἰδότες,
1342 4416 1465 4471 οὔτε
1505 4418 1667 4489 μέλον
1690 4422 1791 4476 αό-

1888 3328 2171 3400 patriaque
2208 3330 2455 3384 instituta
2499 3344 2863 3401 propugnare,
2900 3347 3071 3401 eaque
3099 3333 3457 3401 pessumdare

1890 3418 2244 3475 molientibus
2272 3420 2557 3487 obsistere,
2584 3421 2944 3491 omnibusque
2978 3437 3074 3476 eos
3098 3422 3304 3477 viribus
3330 3437 3457 3493 pro-

1888 3510 2128 3582 pulsare,
2171 3527 2386 3582 aequum
2432 3528 2565 3569 sane
2604 3513 2768 3570 fuerit
2794 3515 3056 3585 valdeque
3086 3529 3452 3585 generosum:

1888 3604 1983 3673 qui
2015 3620 2143 3660 vero
2172 3605 2303 3659 lucri
2336 3620 2523 3670 causa,
2549 3614 2605 3660 et
2632 3605 2946 3671 hostilitate,
2980 3622 3104 3676 qua
3130 3608 3275 3662 nulla
3304 3607 3453 3677 justa

1889 3710 2057 3750 causa
2085 3696 2285 3751 nitatur
2307 3738 2323 3762 ,
2357 3697 2532 3751 aliena
2567 3697 2679 3768 66
2714 3697 2977 3753 invadunt
3000 3738 3014 3762 ,
3053 3713 3149 3754 eos
3186 3715 3221 3754 ιι
3255 3700 3450 3769 quibus

1890 3788 2040 3843 nulla
2085 3789 2283 3857 injuria
2328 3798 2457 3844 sunt
2496 3791 2774 3859 provocati
2823 3790 3140 3849 infestantes
3164 3833 3188 3857 ,
3219 3793 3273 3848 bi
3310 3802 3454 3849 certe

1889 3879 2075 3932 vesani
2107 3879 2369 3948 impiique
2396 3879 2636 3947 fuerint;
2667 3895 2841 3951 neque
2877 3881 3009 3952 quid
3039 3884 3131 3952 ius
3160 3900 3224 3937 ac
3265 3884 3346 3937 fas
3383 3886 3455 3936 sit

1890 3977 2112 4033 norunt,
2138 3985 2314 4038 neque
2344 3970 2411 4025 iis
2442 3985 2588 4025 cura:
2609 3980 2692 4025 est
2715 3986 2783 4025 an
2814 3970 2955 4027 Deus
2976 3973 3254 4029 maleﬁciis
3280 3974 3450 4029 offen-

1890 4059 2067 4114 datur.
2102 4058 2311 4115 Idcirco
2342 4063 2620 4117 acerrima
2649 4077 2743 4118 eos
2782 4078 2957 4132 pana!
3000 4075 3221 4121 manent
3258 4081 3453 4132 resque

1892 4150 2025 4220 ipsis
2064 4151 2117 4205 in
2155 4161 2427 4209 extremas
2460 4162 2621 4222 atque
2648 4153 3075 4211 irremediabiles
3117 4157 3452 4213 calamitates

1890 4242 2163 4305 desinunt,
2194 4244 2406 4299 tametsi
2437 4245 2505 4300 ad
2534 4245 2697 4301 breve
2716 4247 2937 4316 aliquod
2964 4257 3176 4317 tempus
3197 4262 3451 4318 prospere

1892 4348 2003 4388 rem
2035 4349 2223 4405 gerere
2254 4335 2558 4393 videantur.
2592 4338 2673 4392 Ac
2712 4338 2838 4392 talia
2866 4338 3083 4408 quidem
3117 4339 3279 4393 etiam
3321 4350 3451 4394 tunc

1890 4424 2202 4483 Leutltarim
2226 4427 2994 4499 ButilinumqueJectantibus
3016 4430 3189 4501 copiis
3201 4445 3449 4485 evenere.

223 4504 343 4564 τοῖς
363 4505 411 4555 el
433 4502 663 4558 τὺθεῖον
677 4508 881 4577 νεμεσᾷ
905 4507 951 4539 ⁵⁸
972 4510 1084 4569 τοῖς
1104 4510 1465 4579 γιγνομένοις.
1525 4513 1813 4588 Τοιγάρτοι
1854 4521 2035 4574 ποιναί
2062 4539 2127 4590 γε
2162 4524 2359 4587 αὐτοὺς
2407 4525 2656 4594 μετίασιν
2695 4525 2962 4597 ἀκριϐεῖς,
3003 4527 3095 4580 καὶ
3144 4526 3327 4594 σφίσιν
3392 4528 3451 4589 ἐς

222 4598 561 4666 ἀνηκέστους
592 4602 875 4672 συμφορὰς
898 4602 969 4655 τά
1016 4604 1317 4675 πράγματα
1355 4607 1698 4672 τελευτῶσιν,
1772 4614 1822 4667 εἰ
1856 4617 1950 4669 καὶ
2005 4617 2099 4670 ἐπὶ
2169 4620 2340 4691 βραχὺ
2397 4622 2691 4694 εὐημερεῖν
2748 4621 3076 4692 νομισθεῖεν.
3112 4622 3304 4677 Ὀποῖα
3354 4623 3449 4675 καὶ

219 4690 349 4744 τότε
382 4694 493 4757 τοῖς
532 4693 675 4763 ἀμφὶ
698 4696 968 4767 Δεύθαρίν
988 4716 1047 4752 τε
1072 4700 1163 4752 καὶ
1214 4701 1516 4755 Βουτιλῖνον
1565 4704 1869 4779 βαρϐάροις
1892 4709 2111 4782 ξυνέϐη.

301 4810 364 4881 β’.
430 4812 643 4884 Ἐπειδὴ
694 4819 802 4886 γὰρ
829 4818 875 4848 ⁸⁷
908 4817 1080 4872 ταῦτα
1127 4819 1371 4891 ἔδρασαν,
1420 4823 1512 4875 καὶ
1545 4825 1679 4878 πολύ
1723 4844 1775 4881 τι
1810 4834 1849 4887 [ι

1946 4831 2000 4884 ‘2.
2032 4829 2167 4885 Nam
2206 4833 2259 4887 lii
2300 4833 2461 4888 rebus
2500 4834 2647 4889 hisce
2684 4832 3021 4903 perpetratis,
3058 4848 3182 4888 cum
3211 4831 3323 4901 jam
3356 4830 3443 4885 in-

220 4900 483 4972 λαφύρων
513 4906 889 4988 περιεϐάλοντο
914 4909 1118 4980 χρῆμα,
1137 4910 1237 4981 ἤδη
1271 4929 1328 4965 τε
1356 4912 1416 4965 τὸ
1446 4913 1542 4985 ἔαρ
1570 4915 1618 4948 ⁸⁸
1644 4934 1785 4991 παρ-

220 4994 455 5063 ῳχήκει,
515 4996 611 5049 καὶ
640 4997 675 5066 η
699 4998 793 5051 τοῦ
830 4999 1018 5070 θέρους
1050 5001 1297 5071 ἤκμαζεν
1329 5003 1466 5075 ὥρα,
1500 5008 1787 5080 Αευθαρίῳ

225 5083 351 5152 μὲν,
386 5083 596 5157 θατέρῳ
620 5087 727 5141 τῶν
754 5090 1055 5160 ἡγεμόνων,
1101 5090 1408 5166 βουλομένῳ
1439 5097 1485 5128 ⁸⁸
1512 5093 1580 5169 ἦν
1602 5098 1784 5151 οἶκαδε

221 5175 618 5246 ἀπονοστῆσαι,
649 5178 745 5232 καὶ
787 5180 883 5234 τοῦ
927 5181 1084 5237 δλϐου
1126 5184 1523 5256 ἐμπιπλᾶσθαι.
1562 5190 1785 5244 Ἕστελ⁴

1891 4929 2101 4990 gentem
2138 4924 2433 4992 spoliorum
2475 4925 2583 4978 vim
2617 4933 3049 4985 coacervasseut,
3084 4923 3271 4991 etiam
3306 4938 3445 4991 prm—

1888 5012 2125 5081 terlapso
2154 5030 2278 5069 vere
2308 5016 2510 5084 vigeret
2546 5025 2746 5081 aestas;
2780 5017 2935 5071 alteri
2969 5017 3186 5085 quidem
3219 5016 3441 5078 ducum,

1888 5102 2148 5158 Leutbari
2175 5106 2440 5169 videlicet,
2476 5109 2528 5161 in
2571 5108 2757 5163 animo
2784 5119 2901 5163 erat
2942 5107 3160 5162 domum
3206 5109 3441 5172 reverti,

1885 5205 1940 5248 et
1977 5196 2176 5265 opimis
2206 5198 2399 5267 spoliis
2430 5200 2543 5256 suis
2579 5200 2724 5267 frui,
2763 5200 3073 5270 utmtiisque
3111 5200 3178 5256 ad
3222 5202 3441 5256 fratrem

1516 5388 1746 5447 VARhE
1783 5391 2069 5450 LECTION
2081 5396 2179 5452 ES.

301 5546 344 5577 "’
369 5549 428 5648 ειιὶ
454 5550 547 5650 “to?
574 5554 660 5650 illa
688 5553 1246 5650 coi‘vplg.“”.vulc.
1279 5564 1421 5650 ρριιῇ.
1460 5567 1883 5650 ἓρετξὶωλιιίο)ἰ
1942 5572 1985 5604 ⁸¹
2005 5573 2291 5650 Ἀποληῖιν
2329 5574 2399 5639 R,
2446 5574 2773 5650 ξΑπρυληξίαν
2802 5581 2946 5645 vulg.
3020 5579 3066 5611 9‘
3091 5577 3162 5641 ὡς
3187 5581 3310 5635 cdd.
3335 5580 3445 5650 ἠδὲ

222 5614 315 5709 Ῐῖοι
369 5617 417 5648 ⁸³
438 5620 595 5709 ξξὶηοξ
624 5621 677 5674 Ιί-
706 5626 806 5707 ξιαὶ
825 5614 916 5709 a._"
952 5614 1429 5709 ’δξιύιιτελιι-εξόιῖί⁸
1459 5614 1650 5691 ⁸⁵Γτάδε
1694 5639 1759 5704 R,
1785 5614 1953 5693 ταῦτα
1975 5617 2123 5709 vulg:

2196 5646 2243 5723 ξ’
2270 5646 2503 5713 νεμεσᾷν
2656 5644 2719 5723 ς⁸⁷
2748 5644 2943 5723 ἐπειδὴ.
2961 5650 3068 5720 γὰρ
3094 5650 3158 5713 Β,
3193 5652 3311 5723 ἐπεῖ

224 5686 744 5789 ζ
764 5710 824 5748 τε
867 5697 965 5769 ἔαρ
1016 5699 1080 5767 Β,
1114 5703 1256 5772 quod
1278 5686 1881 5780 ipraeferre-tiwlrsi—‘ipo-st

225 5755 271 5787 "
306 5755 674 5827 βουλευομένῳ
707 5761 766 5816 ἢ.
