4212 6438
764 378 785 440 l
798 379 899 440 339

1927 371 2282 436 AGATHI/E
2307 369 2790 435 SCHOLASTICI

3829 364 3964 430 1350

755 495 888 543 sunt
916 484 1178 550 obductae,
1210 484 1281 539 ita
1310 494 1370 539 ut
1415 499 1695 553 perparum
1728 484 1855 556 ligni
1892 498 1923 538 a
1958 483 2175 537 laminis
2202 480 2309 534 fer-
2336 479 2418 538 Δι

2301 506 2309 518 ι
2336 479 2386 538 Α
2411 498 2492 536 σοι
2509 480 2579 548 ⁸⁸,
2613 486 2705 538 καὶ
2747 485 2807 547 ἐς
2842 484 2939 546 τάς
2966 483 3310 553 ἀγχεμάχους
3339 479 3666 552 παρατάξεις
3697 479 3839 549 πρὸς
3866 482 3964 543 τὰς

761 575 874 629 reis
902 573 1100 627 nudum
1138 573 1526 642 conspiciatur,
1556 582 1719 643 atque
1749 574 1883 627 adeo
1922 574 2008 626 vix
2043 581 2153 626 tota
2187 572 2309 626 ima:

756 665 926 721 hasta:
954 667 1171 734 cuspis;
1206 680 1369 734 supra
1410 680 1540 718 vero
1578 665 1644 719 ad
1672 665 2063 719 extremitatem
2094 664 2308 734 spiculi,

756 759 951 811 adunci
989 758 1207 826 quidam
1254 771 1541 812 mucrones
1576 757 1827 826 utrinque
1878 757 2203 827 prominent,
2239 770 2309 811 ex

758 850 875 918 ipso
902 849 1108 916 spiculo
1143 850 1313 904 instar
1352 848 1691 902 hamulorum
1735 847 1937 912 reﬂexi,
1974 857 2029 903 et
2055 847 2308 904 deorsum

754 954 1059 1012 vergentes.
1098 940 1156 995 In
1194 938 1443 995 conﬂictu
1478 940 1656 1009 itaque
1700 936 1940 994 Francus
1970 938 2123 992 miles
2163 938 2310 992 hunc

753 1048 1020 1103 augonem
1062 1032 1227 1102 jacit;
1290 1033 1435 1102 quod
1482 1033 1645 1087 telum
1693 1031 1739 1085 si
1785 1030 1999 1100 corpori
2046 1029 2308 1084 inﬂictum

758 1126 938 1189 fuerit,
961 1126 1192 1195 adigitur
1218 1126 1434 1196 quidem
1467 1125 1571 1194 75
1599 1125 1763 1188 intro,
1789 1125 1865 1178 uti
1890 1123 2181 1178 verisimile
2202 1131 2306 1190 est,

755 1220 961 1287 cuspis,
981 1232 1154 1287 neque
1182 1218 1228 1273 is
1250 1218 1342 1287 qui
1370 1217 1508 1272 ictus
1533 1226 1637 1283 est,
1670 1232 1842 1286 neque
1861 1215 2000 1270 alius
2021 1216 2308 1285 quisquam

757 1309 916 1363 facile
945 1307 1111 1362 telum
1151 1308 1377 1362 evellere
1418 1316 1631 1377 potest;
1665 1306 1887 1361 obstant
1927 1307 2071 1361 enim
2104 1306 2310 1361 acumi-

759 1401 869 1454 nati
902 1401 979 1454 illi
1022 1400 1223 1455 hamuli
1251 1400 1415 1455 altius
1448 1413 1529 1453 cat
1553 1399 1597 1453 si
1627 1398 1967 1465 inhaerentes,
2002 1408 2058 1452 et
2086 1398 2311 1452 acerbos

756 1490 1033 1545 cruciatus
1066 1490 1320 1552 excitant,
1358 1489 1492 1543 adeo
1522 1495 1582 1541 ut
1606 1488 1766 1542 etiam
1790 1487 1835 1542 si
1869 1488 2078 1543 hostem
2105 1502 2311 1558 nequa-

756 1600 921 1653 quam
955 1583 1109 1638 letale
1147 1584 1343 1636 vulnus
1374 1580 1649 1648 accepisse
1680 1580 1975 1650 contingat,
2013 1595 2076 1633 ex
2119 1595 2185 1633 eo
2227 1589 2310 1632 ta-

760 1691 884 1730 men
920 1675 1167 1728 intereat.
1202 1674 1257 1727 Si
1292 1660 1419 1727 vero
1456 1682 1611 1728 scuto
1662 1674 1953 1741 impactum
1981 1671 2162 1736 fuerit,
2196 1680 2309 1725 sta-

759 1762 858 1817 tim
886 1777 953 1816 ex
997 1778 1062 1816 eo
1094 1750 1407 1832 propendet,
1445 1773 1499 1817 et
1544 1762 1943 1829 circumagitur,
1996 1762 2177 1815 inlima
2222 1762 2309 1815 sui

758 1866 910 1926 parte
948 1855 1125 1910 solum
1153 1870 1372 1910 verrens
1403 1862 1458 1909 et
1504 1869 1749 1909 versans.
1778 1854 1830 1908 ls
1868 1869 1995 1908 vero
2028 1854 2121 1924 qui
2168 1854 2309 1911 ictus

757 1956 862 2012 est,
894 1962 1068 2017 neque
1097 1946 1260 2001 telum
1286 1954 1441 2002 scuto
1461 1947 1686 2003 evellere
1707 1947 1867 2011 valet,
1899 1947 2132 2002 hamulis
2160 1961 2311 2002 mor-

755 2040 912 2095 dicus
939 2039 1345 2105 inhaerentibus,
1376 2054 1552 2110 neque
1571 2054 1701 2095 ense
1726 2048 2026 2109 amputare,
2054 2042 2196 2110 quod
2224 2040 2311 2094 ni-

758 2132 954 2186 mirum
1000 2132 1066 2186 ad
1094 2132 1299 2201 lignum
1328 2133 1631 2203 pertingere
1668 2147 1775 2186 non
1802 2132 1991 2200 possit,
2023 2132 2211 2187 ferreis
2235 2134 2312 2188 la-

759 2225 942 2287 minis,
968 2224 1163 2294 quibus
1188 2224 1239 2279 id
1270 2226 1560 2280 obductum
1588 2233 1691 2290 est,
1720 2224 2139 2291 obsistentibus;
2166 2227 2310 2295 quod

757 2316 922 2372 simul
955 2332 1019 2371 ac
1047 2316 1240 2372 viderit
1276 2316 1539 2381 Francus,
1572 2317 1857 2372 confestim
1892 2319 2025 2387 pede
2065 2318 2306 2385 insultat,

757 2418 812 2463 et
856 2410 1175 2478 proculcaus
1218 2409 1380 2464 imam
1427 2410 1659 2475 hastam,
1702 2420 1913 2466 scutum
1944 2411 2179 2479 pondere
2225 2413 2310 2468 sui

752 2502 1002 2571 corporis
1030 2500 1301 2572 deprimit,
1336 2502 1405 2556 ita
1433 2512 1511 2565 ut,
1543 2506 1800 2573 gestantis
1833 2520 1996 2558 manu
2024 2519 2144 2560 sese
2174 2520 2313 2559 non-

756 2593 887 2647 nihil
928 2595 1140 2650 laxante
1170 2611 1235 2649 ae
1259 2598 1585 2660 remittente,
1618 2605 1778 2666 caput
1807 2606 1860 2652 et
1888 2607 2077 2667 pectus
2099 2598 2310 2653 nuden-

753 2694 859 2741 tur.
896 2688 1032 2741 Tum
1073 2689 1183 2753 ille,
1217 2690 1421 2743 nudum
1453 2690 1659 2744 hostem
1705 2707 1878 2761 neque
1910 2692 2175 2746 munitum
2214 2706 2311 2745 na-

752 2785 900 2843 ctus,
929 2778 1086 2834 facile
1119 2781 1372 2845 trucidat,
1396 2783 1510 2837 sive
1539 2784 1715 2837 securi
1747 2783 1975 2836 frontem
2003 2783 2218 2849 feriens,
2239 2784 2312 2838 si-

754 2888 820 2926 ve
847 2873 950 2927 alia
991 2875 1146 2929 hasta
1185 2875 1435 2945 jugulum
1468 2877 1764 2946 trajiciens.
1817 2880 1894 2931 Ac
1933 2879 2057 2932 talis
2093 2879 2310 2947 quidem

750 2972 840 3018 est
867 2963 1198 3020 Francorum
1233 2976 1528 3035 armatura,
1555 2978 1719 3037 atque
1751 2968 1824 3023 ita
1853 2969 1919 3023 ad
1943 2970 2184 3039 praelium
2216 2985 2313 3040 ap-

754 3057 1107 3127 parabantur.

824 3322 877 3378 6.
908 3321 1105 3381 Narscs
1136 3341 1261 3381 vero
1289 3327 1519 3383 Romani
1547 3333 1816 3404 exercitus
1845 3342 2042 3402 praetor
2067 3334 2155 3388 ubi
2196 3334 2310 3389 haec

757 3414 1031 3481 cognovit,
1064 3415 1251 3468 statim
1295 3424 1351 3471 et
1398 3416 1514 3486 ipse
1560 3419 1810 3474 universo
1853 3423 2091 3475 exercitu
2138 3422 2306 3476 lloma

752 3503 990 3571 educto,
1037 3520 1145 3561 non
1187 3509 1372 3576 procul
1409 3510 1478 3562 ab
1517 3509 1766 3565 hostibus
1802 3520 1982 3566 castra
2021 3514 2181 3578 locat,
2215 3516 2308 3571 sed

757 3596 900 3650 unde
928 3606 982 3651 et
1002 3600 1259 3669 strepitus
1290 3601 1538 3656 exaudiri
1573 3610 1629 3656 et
1661 3604 1856 3657 vallum
1895 3607 2131 3676 conspici
2180 3624 2309 3676 pos-

754 3698 853 3741 set.
879 3686 989 3745 Hoc
1020 3691 1200 3761 itaque
1225 3693 1387 3747 modo
1414 3710 1537 3749 cum
1560 3695 1667 3749 duo
1687 3699 1957 3753 exercitus
1985 3698 2037 3753 in
2062 3710 2307 3757 mutumn

753 3791 1106 3849 conspectum
1135 3784 1427 3850 venissent,
1476 3798 1728 3843 accurate
1776 3791 2027 3861 utrinque
2054 3795 2198 3848 acies
2226 3796 2310 3847 in-

753 3872 1120 3939 struebantur,
1155 3878 1510 3947 praasitliaque
1537 3890 1589 3935 et
1606 3883 1855 3938 excubite
1907 3885 2239 3952 locabantur,
2258 3896 2311 3941 et

755 3956 922 4012 duces
945 3960 1160 4014 ordines
1188 3962 1454 4021 militares
1483 3967 1723 4022 obibant.
1753 3968 1908 4037 ‘Spes
1952 3986 2077 4024 vero
2121 3980 2175 4026 ct
2201 3990 2311 4026 me-

757 4058 869 4115 tus,
899 4050 1006 4121 76
1029 4053 1292 4123 variaeque
1324 4058 1630 4112 animorum
1666 4060 2064 4128 lluctuatioues,
2104 4074 2157 4117 ct
2193 4064 2313 4133 qui-

756 4156 971 4211 cunque
992 4143 1212 4201 allectus
1246 4147 1508 4217 inopinati
1536 4152 1602 4204 de
1630 4153 1790 4209 rebus
1833 4156 2039 4223 magnis
2066 4155 2311 4210 decerta-

757 4237 892 4290 turis
933 4236 1168 4292 suboriri
1192 4240 1389 4305 solent,
1418 4258 1561 4296 nunc
1591 4246 1691 4298 hos
1747 4262 1896 4300 nunc
1927 4248 2047 4304 illos
2071 4249 2309 4304 incesse-

756 4325 909 4381 bant.
946 4329 1134 4384 Omnia
1165 4348 1295 4386 vero
1325 4332 1489 4388 Italia:
1518 4336 1711 4405 oppida
1740 4338 1903 4392 dubia
1937 4356 2312 4413 suspensaque

757 4421 1050 4487 haerebant,
1070 4424 1159 4478 cui
1178 4426 1389 4480 tandem
1409 4429 1545 4495 parti
1561 4430 1828 4484 cederent.
1855 4431 2059 4488 Interea
2083 4433 2301 4503 Franci,

2407 575 2639 645 ἐμϐολάς
2663 576 2993 645 ἐφικνεῖσθαι
3009 576 3075 629 δ’ί.
3104 575 3320 628 τούτων
3346 575 3402 628 δὲ
3426 575 3485 626 τὸ
3518 573 3762 626 πλεῖστον
3796 575 3965 642 μέρος

2409 666 2611 739 σιδήρῳ
2655 668 2916 722 πάντοθεν
2959 667 3290 738 περιέχεται,
3337 666 3413 728 ὡς
3456 665 3733 734 ἐλάχιστόν
3759 682 3814 718 τι
3844 665 3966 717 δια-

2348 772 2374 834 ;
2406 758 2692 827 φαίνεσθαι
2714 759 2807 812 τοῦ
2839 759 3017 824 ξύλου,
3048 760 3145 813 καὶ
3175 758 3325 829 μόλις
3345 759 3465 813 ὅλον
3485 757 3577 810 τὸν
3601 758 3964 827 σαυρωτῆραο

2406 851 2520 907 ἀνω
2548 852 2606 906 δὲ
2633 853 2777 922 ἀμφὶ
2806 854 2865 907 τὸ
2892 853 3060 922 ἄκρον
3090 852 3188 923 τῆς
3230 852 3434 922 αἰχμῆς
3486 850 3769 921 καμπύλαι
3817 850 3967 911 τινὲς

2407 943 2588 1007 ἀκίδες
2636 944 2908 1014 ἐξέχουσιν
2949 945 3284 1015 ἑκατέρωθεν
3324 943 3385 1009 ἐξ
3431 943 3601 1013 αὐτῆς
3643 943 3818 1013 δήπου
3866 942 3968 1011 τῆς

2407 1029 2788 1101 ἐπιδορατίδος,
2815 1031 3001 1102 ὥσπερ
3020 1033 3289 1104 ἄγκιστρα
3302 1033 3347 1064 ⁵⁷
3376 1032 3849 1102 ὑπογναπτόμενα,
3873 1034 3968 1085 καὶ

2408 1120 2467 1182 ἐς
2491 1120 2559 1172 τά
2581 1119 2732 1173 κάτω
2757 1118 2841 1191 [Ρ.
2872 1120 2965 1193 41]
2993 1123 3297 1175 νενεύκασι.
3331 1120 3441 1174 Καὶ
3470 1116 3564 1173 οὖν
3588 1119 3781 1190 ἀφίησι
3801 1118 3970 1186 τυχὸν

2408 1212 2467 1264 ἐν
2494 1211 2775 1284 συμπλοκῇ
2803 1210 2990 1267 τοῦτον
3028 1213 3094 1283 δὴ
3128 1213 3221 1267 τὸν
3253 1212 3476 1281 ἄγγωνα
3502 1211 3753 1283 Φράγγος
3783 1212 3930 1283 ἀνήρ
3949 1228 3964 1243 ·

2407 1305 2505 1357 καὶ
2543 1305 2594 1357 εί
2640 1305 2737 1375 μὲν
2769 1305 2982 1375 σώματί
3026 1322 3130 1359 που
3175 1306 3500 1377 ἐγχρίψειεν,
3543 1304 3809 1359 εἰσδύεται
3868 1306 3970 1376 μὲν

2407 1397 2558 1458 εἵσω,
2585 1395 2771 1467 ὥσπερ
2796 1397 2962 1462 εἰκὸς,
2987 1398 3023 1468 ἠ
3053 1396 3240 1469 αἰχμὴ,
3275 1396 3399 1451 οὗτε
3429 1397 3485 1450 δέ
3512 1397 3673 1451 αὐτὸν
3702 1397 3797 1451 τὸν
3834 1396 3969 1467 βλη-

2408 1487 2568 1541 θέντα
2614 1488 2735 1543 οὔτε
2774 1490 2932 1545 ἄλλον
2973 1492 3164 1546 τινά⁶⁸
3212 1490 3402 1562 ἐρύσαι
3451 1490 3647 1562 ῥᾳδίως
3689 1490 3871 1543 ἔνεστι
3907 1491 3971 1543 τὸ

2407 1579 2554 1650 δόρυ.
2602 1581 2856 1652 Εἷργουσι
2890 1581 3000 1653 γάρ
3036 1584 3094 1636 αἱ
3136 1583 3317 1647 ἀκίδες
3361 1581 3510 1636 ἐνδον
3550 1582 3869 1652 ἐνεχόμεναι
3900 1585 3966 1651 τῇ

2411 1674 2572 1742 σαρκὶ
2588 1674 2654 1737 δ’,
2701 1675 2795 1729 καὶ
2830 1675 3157 1748 πικροτέρας
3201 1676 3500 1743 ἐπάγουσαι
3528 1675 3575 1708 ⁸⁸
3607 1675 3706 1737 τὰς
3752 1674 3967 1737 ὀδύνας,

2410 1764 2548 1816 ὥστε
2574 1764 2622 1816 εί
2650 1765 2745 1818 καὶ
2774 1764 2849 1836 μὴ
2874 1764 3095 1835 καιρίαν
3120 1766 3212 1819 τὸν
3242 1765 3496 1837 πολέμιον
3531 1766 3809 1837 τρωθῆναι
3848 1763 3972 1831 ξυν-

2412 1855 2676 1926 ενεχθείη,
2708 1857 2842 1910 ἀλλὰ
2869 1857 3040 1930 ταύτῃ
3072 1873 3138 1926 γε
3160 1856 3537 1930 διαφθαρῆναι.
3573 1859 3636 1911 Ei
3661 1858 3719 1911 δέ
3751 1874 3817 1926 γε
3852 1859 3969 1921 Ec"-

2407 1949 2611 2003 ἀσπίδα
2638 1951 2860 2021 παγείη,
2887 1950 3263 2021 ἀποκρέμαται
3309 1950 3408 2019 μὲν
3439 1951 3636 2005 αὐτίκα
3672 1951 3732 2015 ἐξ
3774 1951 3969 2019 αὐτῆς,

2408 2041 2504 2094 καὶ
2546 2039 2997 2111 ξυμπεριάγεται,
3034 2039 3331 2111 συρομένου
3351 2041 3397 2073 ⁸³
3438 2041 3497 2093 ἐν
3541 2040 3619 2111 τῷ
3646 2040 3837 2109 ἐδάφει
3874 2040 3968 2094 τοῦ

2409 2128 2801 2198 ἀπολήγοντος·
2832 2131 2861 2181 ό
2886 2128 2942 2182 δέ
2969 2128 3183 2199 βληθεὶς
3208 2129 3331 2183 οὔτε
3358 2129 3700 2195 ἐξελκύσαι⁵³
3725 2132 3889 2185 τοῦτο
3905 2133 3969 2203 δὴ

2408 2221 2628 2276 δύναται
2660 2220 2721 2275 τὸ
2759 2222 2885 2294 δόρυ
2929 2222 3016 2276 διά
3048 2222 3148 2294 τὴν
3182 2223 3417 2277 εἴσδυσιν
3440 2224 3550 2277 τῶν
3582 2225 3805 2291 ἀκξδων,
3846 2226 3967 2278 οὗτε

2409 2311 2550 2381 ξίφει
2575 2316 2869 2385 διατεμεῖν.
2899 2315 2977 2385 τῷ
3005 2317 3079 2387 μὴ
3106 2316 3441 2385 ἐφικνεῖσθαι
3476 2317 3571 2371 τοῦ
3613 2317 3799 2383 ξύλου,
3834 2319 3967 2371 ἀλλα

2407 2407 2498 2462 τὸν
2519 2408 2733 2479 σίδηρον
2754 2409 3179 2476 παρατετάσθαι.
3215 2410 3464 2466 Ἐπειδὰν
3483 2410 3541 2465 δὲ
3557 2409 3717 2465 τοῦτο
3740 2412 3907 2465 ἐσίδοι
3924 2411 3973 2446 ⁸⁵

2404 2501 2436 2553 ὁ
2456 2501 2723 2569 Φράγγος,
2754 2504 2783 2554 ὁ
2812 2500 2868 2554 δὲ
2900 2501 3094 2571 ἀθρόον
3121 2500 3313 2563 ἐπιϐάς
3336 2500 3417 2572 τῷ
3447 2502 3568 2556 ποδὶ
3591 2504 3687 2556 καὶ
3716 2505 3969 2573 ὲμπατή-

2410 2609 2506 2655 σας
2555 2592 2645 2644 τὸν
2706 2592 3063 2663 σαυρωτῆρα,
3114 2594 3433 2665 καταϐρίθει
3478 2594 3579 2665 τὴν
3626 2596 3830 2651 ἀσπίδα
3878 2600 3972 2651 καὶ

2408 2682 2659 2750 κατάγει,
2707 2681 2783 2744 ὡς
2827 2684 3162 2754 ύποχαλάσαι
3205 2685 3303 2752 τὴν
3349 2683 3442 2738 τοῦ
3488 2685 3747 2756 φέροντος
3790 2690 3968 2757 χεῖρα,

2407 2775 2503 2828 καὶ
2526 2774 2873 2845 γυμνωθῆναι
2905 2773 3002 2844 τὴν
3033 2774 3269 2844 κεφαλὴν
3313 2776 3409 2828 καὶ
3436 2775 3500 2829 τὸ
3545 2775 3786 2847 στέρνον.
3834 2777 3974 2829 τότε

2350 2856 2355 2861 ’
2406 2867 2472 2935 δὴ
2501 2864 2593 2922 οὖν
2620 2868 2781 2921 αὐτὸν
2798 2870 2844 2903 ⁸⁸
2872 2870 3149 2941 ἄφρακτον
3178 2870 3381 2933 ἐκεῖνος
3411 2868 3545 2922 ἐλὼν
3572 2869 3770 2941 ῥαδίως
3798 2871 3975 2924 ἀπόλ-

2408 2961 2582 3024 λυσιν,
2625 2961 2658 3031 ἢ
2713 2959 2774 3013 τδ
2826 2962 3075 3030 μέτωπον
3122 2961 3341 3016 πελέκει
3389 2956 3654 3029 πατάξας,
3700 2962 3975 3035 ἢνδόραττ

2409 3051 2579 3122 ἐτέρῳ
2640 3051 2740 3122 τὴν
2786 3054 3041 3122 φάρυγγα
3095 3038 3368 3117 διελάσας
3417 3053 3652 3123 Τοιαύτη
3704 3056 3802 3124 μὲν
3856 3059 3977 3118 τοῖς

2405 3144 2677 3212 Φράγγοις
2708 3145 2743 3215 ἡ
2772 3145 3003 3210 ὅπλισις,
3033 3147 3129 3199 καὶ
3158 3146 3216 3198 ἐν
3235 3144 3408 3199 τοῖσδε
3434 3145 3504 3199 τὰ
3530 3146 3588 3209 ἐς
3610 3145 3704 3199 τὸν
3733 3145 3979 3213 πόλεμον

2408 3236 2895 3306 παρεσκευάζοντο.

2477 3327 2551 3394 ς’.
2577 3330 2801 3400 Ναρσῆς
2822 3330 2876 3383 δὲ
2894 3330 2923 3381 ὁ
2939 3330 2985 3362 ⁸⁸
3004 3329 3112 3383 τῶν
3132 3328 3417 3400 Ῥωμαίων
3434 3330 3755 3401 στρατηγὸς,
3778 3331 3981 3402 ἐπειδὴ

2405 3422 2581 3476 ταῦτα
2615 3422 2862 3491 ἐγνώκει,
2904 3422 3101 3476 αὐτίκα
3130 3423 3225 3486 ὅγε
3252 3422 3449 3476 ἅπαντι
3474 3422 3551 3492 τῷ
3584 3421 3797 3491 στρατῷ
3830 3424 3982 3493 ἄρας

2408 3515 2472 3568 ἐκ
2499 3513 2600 3584 τῆς
2642 3514 2878 3584 Ῥώμης,
2915 3512 3397 3583 στρατοπεδεύεται
3425 3513 3485 3565 οὐ
3519 3514 3703 3585 πόρῤω
3729 3514 3841 3565 τῶν
3878 3531 3985 3567 τοσ-

2406 3606 2630 3675 λεμίων,
2659 3606 2773 3660 ἀλλ’
2800 3606 2923 3659 ὅσον
2950 3605 3196 3673 πατάγου
3226 3621 3284 3659 τε
3313 3606 3548 3669 ἀκούειν,
3580 3606 3670 3658 καὶ
3696 3605 3890 3675 διορᾷν
3916 3606 3987 3660 τὸ

2408 3700 2753 3769 χαράκωμα*
2801 3697 2942 3750 οὕτω
2989 3696 3048 3750 δὲ
3094 3696 3205 3749 τῶν
3247 3696 3673 3767 στρατευμάτων
3714 3694 3987 3767 ἀλλήλοις

2409 3774 2806 3860 ἀναφανέντων,
2834 3789 3003 3859 πολλὴ
3035 3790 3133 3859 μὲν
3163 3788 3502 3861 ἑκατέρωθεν
3520 3789 3762 3859 ὑπῆρχεν
3782 3791 3987 3859 παρά-

2408 3884 2577 3949 ταξις,
2626 3882 2817 3935 πολλαὶ
2856 3882 2913 3935 δὲ
2943 3881 3198 3951 φρουραὶ,
3247 3881 3345 3934 καὶ
3386 3880 3701 3952 άγρυπνίαι,
3737 3882 3836 3934 καὶ
3866 3883 3988 3935 τῶν

2413 3974 2732 4044 στρατηγῶν
2758 3974 2860 4027 ἀνά
2905 3973 2973 4026 τά
3015 3971 3193 4042 πλήθη
3236 3974 3681 4043 περινοστήσεις·
3725 3972 3892 4036 ἐλπὶς
3925 3974 3989 4028 δὲ

2412 4068 2506 4121 καὶ
2533 4066 2647 4128 δέος
2679 4064 2777 4118 καὶ
2804 4062 3133 4133 παλιμὼλία
3148 4063 3216 4125 ⁵⁷,
3248 4064 3344 4115 καὶ
3371 4063 3470 4116 ὃσα
3496 4064 3611 4125 τοῖς
3638 4060 3761 4131 περὶ
3789 4064 3987 4130 μετά-

2411 4158 2517 4210 λων
2561 4157 2980 4225 ἀγωνιουμένοις
3009 4155 3053 4187 ⁸⁸
3098 4154 3382 4223 παράλογα
3437 4154 3746 4221 ἐγγίγνεται
3793 4155 3985 4223 πάθη.

2409 4251 2596 4305 ἄλλοτε
2656 4249 2836 4310 ἄλλοις
2884 4246 3144 4314 ἐπεφοίτα
3170 4262 3187 4278 ·
3234 4245 3305 4299 τά
3329 4245 3387 4298 δὲ
3416 4246 3514 4314 τῆς
3544 4243 3770 4306 Ἰταλίας
3812 4246 3988 4298 πολε-

2411 4362 2592 4415 σματα
2611 4342 2857 4413 μετέωρα
2883 4336 2952 4411 ἦν
2983 4339 3196 4393 ἅπαντα
3215 4338 3309 4392 καὶ
3340 4336 3684 4406 δεδονημένα,
3709 4336 3792 4405 ἐφ’
3812 4338 3922 4401 οὓς
3937 4342 3987 4372 ³*

2410 4434 2475 4487 ἂν
2506 4434 2599 4487 καὶ
2641 4431 2940 4501 χωρήσοιεν
2989 4426 3411 4499 ἀμφιγνοοῦντα.
3460 4428 3549 4479 Ἐν
3594 4426 3766 4497 τούτῳ
3812 4428 3883 4481 δδ
3934 4432 3987 4482 οὶ

754 4513 1030 4581 proximos
1092 4514 1240 4571 vicos
1296 4528 1609 4584 vastantes,
1681 4534 2046 4579 commeatum
2126 4537 2305 4585 trans-
2339 4504 2417 4567 D‘

2339 4504 2384 4560 D
2411 4525 2649 4598 φράγγοι
2675 4524 2773 4587 τὰς
2794 4520 3054 4594 ἐχομένας
3084 4519 3277 4591 κώμας
3304 4519 3576 4591 δῃοῦντες,
3602 4518 3670 4572 τὰ
3690 4520 3987 4590 ἐπιτήδεια

753 4602 1043 4659 vehebant.
1072 4606 1226 4674 Quod
1262 4609 1351 4663 ubi
1376 4611 1755 4667 animadvertit
1788 4613 2011 4679 Narses,
2044 4631 2110 4671 au
2145 4635 2306 4678 suum

749 4696 988 4752 dedecus
1019 4698 1119 4754 huc
1145 4701 1413 4769 pertinere
1436 4704 1689 4758 censebat
1724 4706 2057 4778 molesteque
2080 4712 2307 4779 ferebat,

752 4791 801 4846 si
823 4791 1057 4847 hostium
1085 4795 1302 4849 calones
1323 4795 1398 4850 ita
1432 4797 1609 4853 libere
1626 4799 1740 4856 loca
1771 4819 1933 4872 quam
1962 4807 2196 4863 maxime
2224 4810 2307 4865 vi-

753 4881 877 4935 cina
932 4882 1352 4951 pertransirent,
1399 4888 1621 4957 perinde
1657 4906 1722 4946 ac
1754 4891 1802 4946 si
1839 4894 2044 4949 nullum
2097 4898 2305 4954 hostem

753 4970 1036 5027 vidissent.
1078 4972 1258 5030 Visum
1290 4976 1473 5049 itaque
1513 4979 1561 5035 ei
1598 4996 1705 5036 non
1736 4994 1822 5038 est
1870 4987 2101 5054 amplius
2132 4990 2181 5044 id
2230 4990 2307 5045 fe-

754 5062 1002 5132 rendum,
1037 5066 1132 5121 sed
1161 5068 1414 5127 omnibus
1451 5072 1659 5128 viribus
1696 5077 2117 5146 prohibendum.
2160 5080 2305 5137 Cha-

2415 4618 2594 4687 σφίσιν
2617 4612 2915 4683 ἀναφανδὸν
2941 4608 3266 4681 διεκόμιζον.
3305 4608 3527 4679 Ναρσῆς
3556 4608 3613 4661 δὲ
3637 4606 3793 4661 τοῦτο
3826 4608 3985 4675 ἰδὼν,

2410 4708 2599 4781 αἶσχος
2641 4708 2836 4761 οἰκεῖον
2884 4706 3069 4777 ἡγεῖτο
3111 4702 3206 4757 καὶ
3251 4699 3621 4772 ἐχαλέπαινεν,
3660 4700 3775 4767 εἴγε
3821 4701 3985 4772 ἐξείη

2410 4806 2523 4866 τοῖς
2559 4800 2668 4855 τῶν
2706 4797 2989 4869 δυσμενῶν
3025 4794 3348 4865 ἀχθοφόροις
3381 4791 3523 4846 οὔτω
3554 4792 3616 4861 δή
3651 4792 3795 4845 τοι⁶⁶
3828 4794 3989 4846 am-

2414 4896 2608 4967 μένους
2659 4892 2929 4963 ἐγγύτατα
2972 4886 3427 4958 διαπορεύεσθαι,
3489 4884 3673 4957 ὥσπερ
3731 4885 3987 4939 οὐδενότι

2408 4988 2696 5044 ἀντίπαλον
2726 4984 3037 5055 θεωμένοις.
3089 4979 3292 5034 Ἐδόκει
3319 4973 3414 5033 οὖν
3440 4977 3589 5049 αύτῷ
3624 4978 3726 5031 οὐκ
3751 4979 3987 5048 ἐπιτρε-

2408 5079 2548 5135 πτέα
2580 5079 2845 5144 τολοιπὸν,
2879 5075 3018 5131 ἀλλὰ
3047 5074 3210 5129 παντὶ
3240 5070 3416 5127 σθένει
3442 5069 3822 5126 διακωλυτέον.
3864 5070 3987 5126 Χα-

2036 5234 2268 5292 VARUE
2301 5232 2699 5294 LECTIO‘NES.

827 5392 874 5425 "
904 5395 1065 5475 δεήσῃ
1094 5394 1159 5453 R.
1234 5399 1632 5475 “ﬁetxvaicﬁat
1662 5401 1728 5475 Β,
1759 5402 2103 5475 ἀφικνεῖσθαι
2162 5405 2311 5475 vulg.

757 5473 936 5543 (uoltu,
976 5464 1437 5543 unsyapgrtdpeva
1477 5471 1642 5537 vulg.,
1675 5464 2135 5543 ὑπογαμπτόμενα
2163 5464 2330 5542 Lugd.
2360 5488 2477 5527 tm.

2402 5402 2447 5434 δ’
2472 5402 2744 5471 ἀγγιστρα
2780 5398 2927 5471 vulg.
2984 5394 3442 5471 ὑπογναπτόμένα
3468 5395 3533 5461 li,
3579 5396 3743 5464 intpr.
3782 5409 3986 5471 coarc-

2583 5471 2627 5502 δ⁸
2676 5465 2803 5549 ούτε
2823 5465 2982 5549 ἄλλον
3012 5465 3136 5549 τινὰ
3162 5465 3395 5549 a_dd._'R,
3429 5468 3594 5549 intpr.
3636 5479 3793 5534 neque
3833 5466 3985 5549 tua

756 5535 1053 5613 quisquam.
1086 5535 1171 5613 ﬂ“
1200 5535 1514 5613 ἐνεχόμεναι
1555 5535 2040 5613 ﬁgant-Impia
2074 5535 2272 5598 cervice
2303 5544 2464 5613 latius
2488 5542 2683 5613 horren;
2712 5542 2825 5613 (?)-_
2876 5536 3121 5613 ﬁlum;-
3176 5537 3386 5613 ιεδθδὲι
3431 5535 3695 5613 ἐπάτουν
3727 5552 3742 5589 ³
3790 5535 3982 5613 Eli?"-

756 5605 811 5683 '_‘_
839 5607 918 5683 ig“
942 5620 1065 5683 om_._
1086 5604 1153 5683 Β,
1199 5608 1270 5683 ’⁸⁸
1291 5604 1697 5683 compago-1R,
1724 5604 1993 5683 ἁυρομένὴ
2024 5616 2169 5683 vulg.
2244 5615 2290 5646 ⁸³
2322 5604 2771 5683 οὕτε-ἐξελκύσαι
2792 5607 3016 5683 ΒΕΖΗ,
3036 5604 3174 5683 fine
3224 5604 3553 5683 ξυνελκύσαι
3581 5605 3727 5683 vulg.
3799 5604 3854 5635 ”
3898 5609 3990 5660 ἐν-

761 5672 945 5751 ῳοςιι.
1019 5674 1066 5707 ³³
1097 5676 1255 5751 αὐτὸν
1277 5672 1399 5733 add.
1431 5672 1495 5734 ex
1528 5672 2010 5749 R,impr.'/w‘ueni.
2086 5672 2147 5716 ’δ’
2152 5685 2179 5737 ὁ
2199 5685 2324 5738 add.
2348 5698 2413 5737 ex
2437 5672 2535 5751 ιι]
2581 5681 2623 5751 υτ
2654 5672 2986 5751 παλιμσὸλίαέ
3036 5677 3105 5751 Β,
3145 5676 3493 5751 mamma
3532 5672 3705 5751 ιιιξειιῖ
3751 5688 3764 5725 ι
3802 5689 3890 5751 ἵης
3933 5690 3989 5729 οι

762 5742 915 5821 _S_ui_d.
952 5758 1139 5821 s._v.,_
1190 5747 1348 5821 idque
1397 5742 1746 5821 explicat_:'-i)
1789 5752 2184 5821 εὐμετάϐλητος
2222 5749 2648 5821 γνὼμηηιυςά.
2704 5742 2844 5821 corr.
2894 5742 3298 5819 παλιμὸουλίαι,
3334 5747 3476 5817 quod
3524 5742 3668 5815 vulg.
3732 5743 3985 5801 exhibet.

744 5810 813 5900 _”
840 5810 1345 5889 ἀγωνιζομένοιςῖὶ.
1420 5810 1579 5890 ⁸⁹’ὲφ’
1598 5812 1678 5885 οἷς
1700 5810 1766 5877 li.
1843 5810 1887 5855 ‘°
1921 5810 2177 5895 Wtw'ﬁﬂ
2196 5810 2277 5878 τοι
2301 5810 2371 5891 Ιξ,
2401 5810 2543 5876 οὕτω
2562 5810 2626 5892 δή
2666 5836 2717 5872 τι
2740 5818 2882 5889 vulg.
