4212 6438
196 358 322 422 1341

1358 366 1895 427 HISTORIARUM
1947 367 2175 427 LIBER
2197 370 2278 428 II.

3260 371 3398 439 1342

197 476 403 544 ράγγης
417 475 459 507 ⁶¹
483 475 538 529 δέ
557 493 641 539 τις
666 476 805 548 ἀνὴρ
839 478 1137 550 ’Δρμένιος,
1162 480 1492 561 ἐνηρίθμητο
1520 482 1619 551 μὲν
1637 485 1749 546 τοῖς
1776 490 1825 543 Α
1851 499 1860 536 l

1737 500 1749 546 :
1776 490 1825 543 Α
1851 499 2042 552 ranges
2065 501 2209 545 vero.
2249 487 2332 542 vir
2363 487 2583 555 quidam
2612 485 2919 554 Armenius,
2946 487 3210 545 Romanis
3226 493 3367 547 tribu
3386 524 3400 534 -

203 563 528 635 Ῥωμαϊκοῖς
575 568 919 639 ταξιάρχοις,
973 570 1448 642 ἀνδρειότατοςθδέ
1496 570 1563 645 ἦν
1596 578 1652 638 ἐς
1682 577 1750 630 τὰ

197 655 428 724 μάλιστα
459 658 552 711 καὶ
585 662 876 730 φρενήρης,
906 662 1001 716 καὶ
1044 665 1102 714 ἐν
1144 663 1317 717 δέοντι
1366 665 1748 733 φιλοκίνδυνος.

193 748 379 819 Τούτῳ
422 751 486 821 δὴ
535 748 626 805 οὗν
671 753 748 823 τῷ
792 755 1056 825 Χαράγγῃ
1113 756 1334 826 (ἵδρυτο
1369 759 1477 829 γάρ
1511 759 1654 828 ἀμφὶ
1690 760 1749 812 τὸ

191 841 370 911 τέρμα
402 844 495 896 τοῦ
531 845 889 914 στρατοπέδου
931 846 1295 917 πλησιαίτατα
1330 850 1439 902 τῶν
1478 851 1749 921 πολεμίων

194 935 680 1004 ἐσκηνωμένος⁶²),
734 938 1163 1009 παρακελεύεται
1195 942 1224 993 ὁ
1272 942 1494 1014 Ναρσῆς
1542 944 1749 997 ἐπιέναι

192 1026 307 1087 τοῖς
329 1025 715 1094 άμαξελάταις,
743 1032 837 1084 καὶ
880 1030 964 1103 [Ρ.
991 1032 1081 1104 42]
1116 1034 1355 1088 σίνεσθαι
1389 1036 1585 1098 αὐτοὺς
1629 1036 1750 1090 καθ’

193 1116 224 1168 ὃ
267 1135 321 1170 τι
367 1118 434 1171 ἂν
478 1120 726 1186 δύναιτο,
777 1122 852 1184 ὡς
889 1122 955 1177 ἂν
986 1125 1179 1193 μηκέτι
1225 1125 1373 1193 χιλὸν
1421 1126 1753 1194 διακομίζειν

192 1208 456 1278 τολμῷεν.
506 1211 613 1263 Καὶ
656 1211 714 1275 ὃς
743 1211 935 1283 ἀθρόον
965 1213 1399 1284 ἐξιππασάμενος
1421 1217 1466 1247 ⁸³
1495 1215 1611 1285 ἅμα
1645 1216 1753 1269 ὀλί-

192 1313 313 1363 γοις
339 1298 432 1351 τοῦ
448 1300 594 1370 ἀμφ’
622 1302 782 1355 αὐτὸν
800 1304 1094 1372 τάγματος,
1112 1305 1209 1368 τὰς
1235 1305 1332 1375 μὲν
1351 1305 1515 1368 ἄλλας
1535 1306 1748 1376 ἁμάξας

193 1389 529 1461 ἀφαιρεῖται,
560 1394 654 1447 καὶ
684 1397 809 1460 τοὺς
839 1398 1069 1465 άγοντας
1093 1399 1289 1452 κτείνει
1315 1416 1330 1431 ο
1389 1400 1516 1470 μίαν
1543 1399 1599 1452 δέ
1630 1415 1752 1451 τινα

193 1483 375 1535 αὐτῶν
403 1485 576 1557 χόρτῳ
610 1490 953 1560 σεσαγμένην
978 1491 1151 1561 ἀγρίῳ
1183 1508 1243 1544 τε
1275 1493 1369 1544 καὶ
1397 1493 1749 1563 γεγηρακότι,

194 1575 522 1650 προσάγει⁶⁸
575 1577 654 1648 τῷ
698 1579 910 1650 πύργῳ,
952 1580 1012 1635 ὃν
1057 1582 1120 1652 δὴ
1166 1583 1255 1636 ἐπὶ
1282 1582 1381 1651 τῆς
1425 1583 1662 1652 γεφύρας
1703 1586 1753 1638 oi

192 1664 437 1746 Φράγγοι
466 1666 757 1735 ἐτύγχανον
797 1670 1225 1742 ἐξειργασμένοι,
1257 1668 1399 1746 ᾖπέρ
1426 1692 1515 1744 μοι
1540 1677 1753 1745 εἴρηται

193 1742 359 1822 πρόετε
369 1772 477 1825 ρον.
505 1758 614 1810 Καὶ
635 1755 727 1811 οὖν
748 1759 979 1815 ἐνταῦθα
1004 1762 1379 1832 προσπελάσας
1397 1765 1495 1833 τὴν
1516 1766 1748 1834 ἄμαξαν.

1848 572 1934 625 nis
1964 588 2226 628 accensus
2252 588 2386 637 erat,
2413 586 2668 630 strenuus
2685 576 2971 645 imprimis,
2992 586 3045 631 et
3068 577 3323 645 prudens,
3346 588 3402 633 et

1850 663 1903 716 in
1944 665 2205 720 adeundis
2233 666 2485 735 periculis
2515 666 2790 722 moderate
2820 667 3018 721 audax.
3052 668 3190 722 Huic
3219 669 3401 738 itaque

1847 755 2116 826 Charangi
2146 764 2324 821 (erant
2358 760 2500 812 enim
2534 758 2654 827 ejus
2689 758 2920 813 tentoria
2952 758 3004 812 iu
3030 761 3285 815 extremis
3310 775 3403 815 ca-

1848 846 1979 899 stris
2015 862 2176 916 quam
2213 846 2457 915 proxime
2505 848 2739 902 hostium
2777 849 2904 919 lixa)
2946 849 3165 904 mandat
3202 849 3402 907 Narses

1850 938 1989 991 utin
2034 954 2292 993 curruum
2337 949 2580 995 vectores
2624 940 2882 1009 impetum
2933 939 3179 1002 faceret,
3216 942 3403 1012 eisque

1848 1040 2104 1099 quantum
2135 1041 2318 1100 posset
2340 1042 2573 1095 noceret,
2608 1047 2675 1086 ne
2707 1032 2939 1100 amplius
2980 1032 3175 1102 pabula
3220 1043 3400 1087 trans-

1851 1121 2042 1176 vehere
2078 1124 2357 1180 auderent.
2398 1122 2515 1191 Ipse
2543 1138 2669 1177 vero
2708 1121 2991 1178 confestim
3031 1123 3218 1192 paucis
3250 1138 3281 1177 e
3305 1138 3403 1178 sua

1850 1212 2055 1282 legione
2106 1214 2377 1281 equitibus
2433 1228 2616 1268 secum
2660 1213 2870 1278 ductis,
2930 1214 3133 1282 reliqua
3183 1213 3405 1285 quidem

1851 1305 2085 1373 plaustra
2130 1305 2399 1372 intercipit
2438 1313 2492 1360 et
2529 1315 2774 1360 vectores
2817 1304 3069 1360 trucidat.
3120 1304 3161 1358 E
3203 1305 3405 1374 quibus

1852 1396 1955 1465 77
2000 1396 2257 1465 plaustris
2301 1412 2466 1451 unum
2529 1397 2701 1451 multo
2751 1398 2917 1451 rurali
2964 1396 3227 1466 aridoque
3276 1395 3403 1451 feno

1850 1498 2106 1542 Onustum
2151 1487 2285 1540 turri
2321 1488 2588 1553 admovet,
2615 1501 2779 1555 quam
2823 1484 2863 1538 F
2869 1486 3014 1541 rauci
3047 1486 3100 1539 in
3124 1494 3286 1555 ponte
3304 1500 3404 1539 ex-

1850 1590 2177 1643 struxerant,
2205 1580 2360 1647 cujus
2389 1595 2551 1650 supra
2584 1580 2913 1633 mentionem
2939 1577 3062 1633 feci.
3088 1578 3199 1634 lloc
3224 1579 3404 1649 itaque

1852 1675 2095 1743 plaustro
2123 1672 2193 1727 ita
2231 1672 2297 1726 ad
2351 1672 2541 1725 turrim
2577 1671 2813 1736 admoto,
2847 1670 3024 1741 ignem
3058 1669 3182 1724 feno
3204 1670 3406 1723 immit-

1855 1766 1936 1817 tit.
1978 1762 2180 1830 lugenti
2231 1776 2356 1815 vero
2412 1759 2631 1813 flamma
2678 1767 2896 1829 repente
2956 1758 3197 1823 sublata,
3246 1757 3405 1813 facile

192 1843 310 1916 πῦρ
344 1824 597 1917 ἐμϐάλλει
624 1848 701 1918 τῷ
728 1851 924 1921 χόρτῳ,
962 1824 1223 1923 μεγίστης
1254 1854 1311 1907 δὲ
1343 1824 1753 1923 φλογδςέξαπί-
1785 1824 1825 1877 Β
1854 1876 1855 1879 η

1739 1824 1825 1896 ἔῃ
1854 1824 2102 1909 universa
2147 1854 2313 1908 turris
2369 1860 2554 1921 utpote
2611 1824 2788 1921 lignea
2843 1849 3214 1919 conflagravit.
3262 1848 3402 1904 Tum

190 1950 294 2001 νης
315 1934 359 1965 ⁸⁵
413 1936 691 2006 ἀρθείσης,
751 1939 945 2008 ῥαδίως
993 1940 1180 1993 ἅπασα
1226 1943 1260 2012 ή
1306 1942 1495 2014 τύρσις
1536 1946 1754 2017 ἐνεπίμ-

192 2039 393 2091 πρατο,
427 2026 519 2079 ἅτε
543 2028 607 2096 δὴ
638 2027 813 2092 ξύλοις
839 2032 1234 2103 ἐσκευασμένη.
1266 2036 1326 2087 Οἱ
1354 2034 1410 2087 δὲ
1438 2034 1624 2106 ἄνδρες
1646 2036 1754 2091 τῶν

192 2115 486 2188 βαρϐάρων
533 2119 719 2173 ὁπόσοι
781 2123 873 2175 ἐπὶ
929 2126 1142 2196 φρουρᾷ
1195 2127 1520 2198 ἐτετάχατο,
1569 2131 1753 2203 ἐπειδὴ

188 2208 493 2277 ἀμύνεσθαι
514 2212 611 2265 οὐκ
631 2213 909 2284 ἠδύναντο,
940 2217 1053 2271 ἀλλ’
1077 2219 1177 2289 ἤδη
1207 2236 1308 2273 που
1335 2221 1428 2274 καὶ
1446 2225 1596 2278 αὐτοὶ
1620 2242 1755 2291 πυρ-

192 2298 477 2353 πολεῖσθαι
510 2302 760 2372 ῆμελλον,
793 2305 1036 2373 ἔγνωσαν
1070 2309 1307 2379 μεθεῖναι
1333 2310 1393 2364 τὸ
1420 2313 1636 2384 χωρίον,
1660 2314 1756 2367 καὶ

189 2394 248 2445 οἱ
280 2393 376 2463 μὲν
402 2394 551 2464 μόλις
580 2396 787 2450 ἐνθένδε
812 2398 1184 2464 διεκπεσόντες
1212 2402 1302 2455 ἐπὶ
1322 2403 1380 2456 τὺ
1414 2405 1562 2472 σφῶν
1587 2421 1752 2475 στρα-

192 2486 418 2539 τόπεδον
450 2489 881 2559 καταφεύγουσιν
906 2507 919 2519 ·
954 2494 1001 2544 οί
1025 2492 1080 2546 δὲ
1114 2492 1369 2565 Ῥωμαῖοι
1390 2498 1485 2565 τῆς
1514 2496 1753 2568 γεφύρας

190 2583 486 2651 ἐγκρατεῖς
501 2583 545 2613 ⁸⁸
567 2583 901 2652 ἐγεγένηντο.
928 2583 1143 2639 Τούτων
1166 2586 1222 2639 δέ
1254 2586 1396 2640 οὕτω
1427 2585 1755 2660 ξυνενεχθέν-

187 2689 325 2735 των,
356 2673 549 2726 αὐτίκα
582 2675 629 2726 οἱ
674 2675 915 2743 Φράγγοι
960 2678 1222 2747 ταραχῆς,
1272 2677 1345 2742 ὡς
1373 2679 1433 2732 τὸ
1459 2680 1625 2748 εἰκὸς,
1672 2683 1756 2734 ἐν-

188 2765 555 2835 επίμπλαντο.
578 2768 672 2820 καὶ
696 2769 832 2838 πρὸς
849 2768 915 2822 τά
942 2768 1078 2822 ὅπλα
1108 2771 1364 2840 ἐχώρουν.
1390 2772 1756 2841 Σφαδάζοντες

187 2857 276 2927 τῷ
305 2858 460 2929 θυμῷ
485 2860 577 2913 καὶ
604 2859 919 2925 λυττῶντες,
954 2862 1201 2932 κατέχειν
1243 2880 1301 2916 τε
1349 2866 1406 2915 ἐν
1435 2866 1644 2929 ἑαυτοῖς
1688 2868 1755 2921 τὰ

178 2950 522 3021 φρονήματα
547 2952 646 3006 οὐκ
677 2952 935 3022 ἠδύναντο
950 2954 1015 3018 ⁸⁷,
1052 2954 1189 3008 ἀλλά
1217 2956 1499 3027 τολμητίαι
1529 2974 1593 3025 γε
1618 2954 1756 3028 ἦσαν

189 3042 345 3111 πέρα
371 3041 464 3094 τοῦ
497 3042 712 3113 μετρίου
743 3043 836 3096 καὶ
867 3043 1172 3115 θαρραλέοι,
1210 3046 1285 3109 ὡς
1312 3047 1507 3117 μηκέτι
1531 3048 1757 3118 ἠρεμεῖν

1852 1947 2063 2003 barbari
2091 1945 2428 2016 quotquotin
2470 1944 2589 2014 ejus
2629 1942 2880 2013 praesidio
2928 1950 3081 1997 erant
3117 1940 3391 2007 collocati,

1851 2058 1973 2095 cum
2007 2056 2132 2095 eam
2179 2039 2313 2093 tueri
2337 2053 2441 2092 non
2485 2045 2725 2106 possent,
2769 2035 2980 2104 ipsique
3029 2033 3280 2089 incendio
3306 2032 3407 2088 illo

1852 2133 2072 2203 perituri
2118 2132 2465 2192 viderentur,
2524 2128 2810 2183 stationem
2862 2126 3211 2180 deserendam
3266 2140 3397 2181 cen-

1853 2233 2109 2289 suerunt;
2132 2240 2196 2277 ac
2222 2221 2503 2277 difﬁculter
2531 2219 2745 2290 quidem
2769 2216 3133 2286 inde,delapsi,
3162 2218 3231 2272 ad
3249 2232 3405 2272 exer-

1852 2318 2017 2372 citum
2061 2318 2301 2385 ipsorum
2367 2312 2760 2383 confugerunt;
2807 2309 3036 2364 Romani
3078 2325 3205 2365 vero
3243 2318 3408 2381 ponte

1853 2409 2153 2479 potiuntur.
2188 2405 2284 2461 llis
2306 2407 2382 2461 ita
2418 2404 2675 2474 peractis,
2709 2401 2905 2458 Franci
2949 2401 3132 2457 statim
3150 2402 3410 2469 tumultu,

1855 2503 1935 2557 uti
1970 2517 2066 2571 par
2095 2508 2232 2566 erat,
2288 2498 2428 2568 pleni
2466 2498 2530 2553 ad
2564 2512 2713 2551 arma
2756 2495 3065 2559 convolant,
3116 2494 3409 2551 frementes

1854 2598 1935 2652 ira
1957 2608 2012 2651 et
2039 2594 2232 2659 rabidi,
2259 2604 2314 2649 et
2350 2608 2562 2649 summa
2593 2592 2760 2646 animi
2804 2590 3118 2659 impotentia
3153 2590 3410 2661 correpti,

1854 2689 2104 2756 ultraque
2139 2687 2353 2740 modum
2395 2686 2625 2739 audaces
2655 2692 2713 2738 et
2753 2681 3090 2752 praeﬁdentes
3132 2696 3241 2736 non
3269 2681 3413 2737 ultra

1857 2778 2245 2849 quiescendum
2290 2776 2393 2832 sibi
2450 2774 2762 2837 censebant,
2802 2788 2979 2843 neque
3022 2773 3409 2839 cunctandum,

1858 2873 1953 2927 sed
1984 2888 2049 2925 eo
2072 2871 2189 2941 ipso
2217 2870 2305 2925 die
2333 2868 2577 2939 pra-lium
2618 2864 3098 2931 committendum;
3122 2871 3413 2934 quantum-

1855 2964 1938 3018 vis
1981 2960 2314 3016 Alemanniei
2352 2968 2503 3013 vates
2545 2957 2923 3027 praedixissent
2969 2955 3065 3011 illo
3108 2954 3197 3011 die
3223 2954 3413 3011 conﬂi-

1857 3053 2088 3124 gendum
2132 3067 2241 3106 non
2280 3058 2552 3115 esse,aut
2595 3050 2798 3107 scirent
2840 3066 2898 3107 se
2931 3052 2996 3107 ad
3028 3066 3194 3105 unum
3223 3065 3414 3106 omnes

188 3131 407 3224 ἐθέλειν
434 3134 565 3203 μηδὲ
589 3134 891 3224 διαμέλλειν
908 3136 973 3198 ⁸⁸,
1007 3136 1122 3189 ἀλλ’
1150 3137 1457 3209 αὐθημερὸν
1480 3140 1757 3210 παρατάτ-
1781 3166 1824 3224 c

1750 3166 1824 3224 ιο
1860 3146 2148 3215 perituros.
2175 3141 2286 3213 Ego
2324 3157 2456 3197 vero
2485 3143 2555 3196 ita
2589 3143 2844 3197 existimo
2865 3183 2880 3204 .
2905 3142 3116 3197 etiamsi
3154 3141 3413 3212 postridie

187 3222 388 3275 τεσθαι
416 3239 430 3254 ο
477 3224 570 3277 καὶ
612 3223 783 3278 ταῦτα
835 3228 1228 3299 προειρημένον
1263 3230 1446 3293 αὐτοῖς
1496 3231 1599 3285 ὑπὸ
1636 3231 1755 3286 ’τῶν
1796 3222 1811 3224 -

1750 3250 1755 3277 ι
1796 3222 1811 3224 _
1853 3249 1946 3293 aut
1991 3237 2096 3290 alio
2137 3237 2205 3291 ab
2247 3235 2347 3290 hoc
2391 3235 2480 3288 die
2520 3234 2763 3303 praelium
2803 3234 3151 3288 commissum
3201 3232 3413 3298 fuisset,

203 3312 590 3383 ’Δλαμανικῶν
624 3314 886 3388 μάντεων,
940 3318 1016 3391 μὴ
1043 3318 1151 3374 δεῖν
1180 3319 1391 3391 ἐκείνης
1421 3319 1521 3392 τῆς
1543 3323 1756 3393 ἡμέρας

189 3398 582 3478 διαμάχεσθαι,
614 3408 647 3479 ἢ
684 3407 1010 3477 γιγνώσκειν
1038 3410 1113 3475 ὡς
1143 3411 1308 3480 ἀρδην
1341 3411 1575 3473 ἅπαντες
1619 3416 1758 3468 ἀπο-

191 3497 434 3551 λοῦνται.
484 3493 650 3568 Οἶμαι
693 3500 792 3568 μὲν
838 3494 933 3555 οὖν
980 3503 1029 3553 εί
1079 3502 1175 3555 καὶ
1207 3505 1270 3573 τῇ
1300 3502 1616 3573 ύστεραίᾳῆ
1666 3504 1760 3556 καὶ

194 3590 322 3643 καθ’
355 3591 543 3660 ἐτέραν
581 3593 614 3662 ἡ
644 3592 880 3664 ξυμϐολὴ
907 3594 1167 3661 ἐγεγόνει,
1204 3595 1417 3658 πάντως
1434 3596 1478 3626 ⁸⁸
1508 3595 1573 3648 ἂν
1600 3595 1757 3648 τοῦτο

193 3684 374 3736 ἐκεῖνο
398 3684 781 3751 ἐπεπόνθεσαν,
812 3686 947 3757 ὅπερ
974 3688 1068 3740 καὶ
1095 3688 1152 3739 ἐν
1179 3686 1258 3756 τῷ
1284 3686 1403 3740 τότε
1450 3688 1648 3757 ἀπέϐη.
1681 3688 1754 3739 (ὶὺ

1852 3329 2102 3385 eumdem
2159 3328 2336 3396 plane,
2383 3326 2478 3394 qui
2529 3336 2658 3380 tunc
2693 3325 2813 3390 fuit,
2870 3337 3121 3379 eventum
3170 3324 3414 3379 futurum

1855 3421 2044 3476 fuisse.
2076 3419 2259 3488 Neque
2305 3420 2449 3472 enim
2485 3418 2646 3471 unius
2674 3418 2779 3473 diei
2820 3418 3125 3473 immutatio
3162 3418 3260 3471 hoc
3284 3415 3415 3471 επο-

1854 3512 2059 3569 cisset.
2099 3508 2386 3576 quominus
2448 3507 2736 3576 impietatis
2787 3524 2900 3562 suae
2947 3522 3135 3577 poenas
3182 3507 3411 3560 luerent.

1859 3597 2127 3651 Czeterum
2162 3595 2277 3648 sive
2310 3594 2410 3648 hoc
2445 3595 2516 3647 ita
2545 3596 2807 3661 evenerit,
2849 3596 2963 3649 sive
2987 3596 3147 3648 etiam
3184 3593 3416 3651 fortasse

1860 3687 1970 3757 78
1994 3685 2360 3739 Alamannicis
2391 3685 2607 3740 vatibus
2634 3701 2962 3754 quocunque
3001 3685 3216 3740 tandem
3255 3686 3418 3740 modo

193 3774 309 3844 γὰρ
336 3774 399 3845 δή
432 3792 535 3828 που
571 3777 604 3846 ἡ
653 3779 752 3847 τῆς
786 3777 995 3847 ἡμέρας
1025 3778 1291 3847 ἐναλλαγὴ
1336 3779 1645 3848 ἀπέχρησεν
1692 3779 1757 3832 ἂν

1754 3799 1757 3821 ι
1864 3777 2043 3831 futura
2078 3775 2517 3844 praedicentibus,
2550 3783 2697 3829 certe
2730 3789 2835 3829 non
2865 3790 3059 3828 vanum
3102 3774 3417 3842 uequeirri-

193 3867 384 3930 αὐτοῖς
407 3868 464 3929 ἐς
489 3867 548 3919 τὸ
579 3867 653 3937 μὴ
677 3869 851 3938 ούχὶτο
882 3869 1069 3934 ποινὰς
1093 3870 1346 3925 ἀποτίσαι
1373 3864 1445 3923 ὧν
1474 3871 1760 3941 ἐτύγχανον

1754 3888 1760 3917 ι
1864 3878 1974 3922 tum
2023 3867 2072 3921 id
2114 3866 2426 3921 vaticinium
2480 3866 2666 3921 multis
2710 3877 2787 3919 est
2831 3865 3030 3918 visum.
3087 3862 3215 3930 Quo
3260 3874 3417 3934 pacto

195 3956 555 4027 ἠσεϐηκότες.
589 3958 731 4028 Πλὴν
760 3959 872 4014 ἀλλ’
902 3960 1049 4029 ὅμως
1082 3960 1192 4012 εἴτε
1222 3958 1362 4012 οὓτω
1388 3959 1616 4030 ξυμϐάν,
1653 3960 1760 4013 εἴτε

1752 3978 1760 4012 ι
1861 3970 2036 4013 autem
2066 3959 2319 4028 deinceps
2349 3958 2555 4027 reliqua
2583 3966 2734 4028 gesta
2770 3957 2900 4023 sint,
2933 3966 3185 4011 accurate
3212 3956 3415 4024 statim,

195 4048 298 4100 καὶ
328 4047 457 4109 ίσως
488 4046 594 4100 τῶν
627 4048 1003 4118 Ἀλαμανικῶν
1031 4048 1416 4120 χρησμολόγων
1442 4050 1546 4120 ὅτῳ
1569 4049 1633 4120 δὴ
1672 4046 1765 4103 οὖν

1218 4048 1416 4117 ολόγων
1442 4050 1546 4120 ὅτῳ
1569 4049 1633 4120 δὴ
1672 4046 1765 4103 οὖν
1870 4052 2046 4120 quoad
2075 4052 2193 4118 ejus
2224 4050 2335 4104 fieri
2374 4050 2590 4118 poterit,
2618 4049 2881 4104 dicentur.

193 4139 390 4210 τρόπῳ
432 4139 501 4193 τὰ
551 4140 784 4208 ἐσόμενα
827 4141 1304 4212 ἐπιφρασαμένων,
1349 4142 1412 4194 ού
1455 4143 1608 4195 κενὸν
1646 4146 1759 4204 τοῖς
1801 4144 2010 4205 πολλοῖς
2040 4143 2157 4197 οὐδὲ
2186 4142 2535 4212 ἀτελεύτητον
2603 4141 2778 4204 ἔδοξεν
2841 4137 2977 4194 εἶναι
3015 4139 3077 4193 τὸ
3111 4138 3416 4210 μάντευμα.

198 4234 391 4296 Ὅπως
420 4231 476 4286 δὲ
503 4232 610 4285 τῶν
636 4232 830 4302 ἐφεξῆς
857 4235 1061 4287 ἕκαστα
1095 4233 1365 4305 ἐπράχθη,
1398 4232 1595 4286 αὐτίκα
1624 4235 1683 4296 ἐς
1704 4236 1765 4287 τὸ
1801 4237 2021 4306 ἀκριῦὲς
2051 4236 2125 4300 ὡς
2151 4229 2264 4290 οἷόν
2284 4236 2341 4288 τέ
2373 4251 2462 4305 μοι
2491 4232 2779 4297 λελέξεται.

271 4323 341 4386 ζ’.
392 4322 449 4376 Ὀ
479 4325 577 4393 μὲν
603 4322 710 4395 γάρ
741 4323 849 4376 τῶν
876 4325 1140 4395 Φράγγων
1182 4324 1315 4389 λεὼς
1348 4319 1451 4379 ὧδέ
1484 4343 1597 4389 πως
1622 4324 1767 4396 εἶχεν
1799 4332 1841 4386 D

1755 4345 1767 4378 ρ
1799 4332 1841 4386 D
1940 4330 1990 4383 7.
2029 4327 2221 4383 Franci
2276 4328 2457 4398 itaque
2489 4328 2563 4381 ita
2614 4326 2813 4381 animis
2855 4324 3192 4387 mstuabant,
3223 4332 3280 4378 et
3303 4323 3418 4393 jam

193 4414 399 4485 ὁρμῆς.
446 4416 539 4467 καὶ
592 4414 691 4485 ἤδη
741 4415 925 4479 αὐτοῖς
947 4416 988 4447 τί
1034 4416 1103 4470 τά
1130 4417 1269 4470 ὅπλα
1310 4419 1764 4489 μετεκεχείριστο.

1753 4458 1764 4474 .
1868 4436 2016 4476 arma
2053 4422 2447 4489 corripuerant.
2492 4416 2686 4472 Naises
2724 4416 2885 4471 etiam
2925 4431 3054 4471 suos
3089 4415 3313 4469 armavit
3336 4430 3416 4470 ca-

211 4503 507 4569 Ἐξὼπλισε
553 4505 611 4558 δὲ
662 4507 755 4559 καὶ
802 4509 831 4561 ὁ
882 4508 1101 4579 Ναρσῆς
1144 4510 1269 4572 τοὺς
1308 4510 1626 4580 Ῥωμαίους,
1673 4512 1768 4564 καὶ
1867 4528 1874 4565 ε

1755 4518 1768 4564 ι
1867 4511 2107 4579 strisque
2138 4508 2346 4573 eduxit,
2374 4506 2550 4561 donec
2575 4505 2643 4559 ad
2675 4505 2908 4559 medium
2933 4503 3073 4558 inter
3096 4502 3233 4558 duos
3260 4517 3418 4556 exer-

198 4596 445 4666 ὐπεξῆγε
474 4596 568 4650 τοῦ
598 4599 981 4669 στρατοπέδου,
1009 4602 1092 4671 ἐφ’
1120 4593 1164 4668 ᾧ
1190 4601 1248 4653 ἐν
1281 4602 1585 4672 μεταιχμίῳ
1610 4601 1758 4671 γενέο

200 4690 353 4751 σθαι,
391 4681 561 4759 οὗπερ
608 4688 714 4743 ἔδει
760 4691 957 4755 αὐτοὺς
1005 4694 1063 4756 ἐς
1111 4692 1365 4761 φάλαγγα
1410 4692 1765 4762 καταστῆναι.

212 4783 308 4835 Ἐν
338 4774 384 4850 ᾧ
406 4781 463 4835 δὲ
504 4782 566 4835 τὸ
604 4783 919 4854 στράτευμα
948 4784 1247 4855 ἐκεκίνητο,
1274 4785 1369 4837 καί⁵
1400 4786 1499 4856 ἠδη
1542 4787 1571 4838 ό
1604 4800 1768 4856 στρα-

197 4871 375 4940 τηγὸς
420 4870 499 4943 τῷ
544 4872 693 4943 ἵππῳ
739 4872 1159 4943 ἐπεὸεϐήκει⁷²,
1213 4873 1532 4943 ἀγγέλλεται
1576 4876 1645 4939 οἱ,
1697 4872 1773 4936 ὡς

206 4960 469 5031 Ἐρουλός
497 4978 581 5026 τις
610 4963 771 5034 ἀνὴρ,
820 4963 881 5017 οὐ
916 4963 1024 5017 τῶν
1065 4964 1276 5017 πολλῶν
1304 4965 1432 5035 παρ’
1459 4966 1640 5027 αὐτοῖς
1680 4963 1773 5017 καὶ

199 5052 682 5118 διαλανθανόντων,
708 5055 824 5108 ἀλλ’
853 5056 1183 5127 εὐπατρίδης
1203 5059 1259 5110 ἐν
1287 5060 1400 5119 τοῖς
1431 5058 1660 5125 μάλιστα
1682 5057 1775 5109 καὶ

200 5145 479 5217 ἀρίδηλος,
528 5147 623 5200 ἕνα
670 5149 778 5201 τῶν
821 5149 1036 5202 οἰκείων
1083 5148 1426 5220 θεραπόντων
1463 5148 1774 5212 ἀπεκτονὼς

1867 4603 2004 4658 citus
2032 4602 2266 4670 spatium
2296 4598 2553 4663 venisset,
2599 4595 2691 4652 ubi
2736 4594 3015 4665 oportebat
3040 4608 3134 4648 eos
3162 4592 3215 4647 in
3246 4593 3420 4647 aciem

1867 4692 2099 4761 disponi.
2131 4690 2337 4745 Interea
2364 4704 2493 4744 vero
2529 4687 2659 4742 dum
2698 4685 2971 4742 exercitus
3000 4692 3201 4747 movet,
3230 4692 3286 4738 et
3305 4683 3419 4752 jam

1870 4792 2072 4853 prator
2099 4796 2298 4851 equum
2330 4780 2740 4842 conscenderat,
2774 4776 3053 4832 nuntiatur
3084 4774 3185 4845 ipsi
3244 4773 3418 4829 Heru-

1869 4874 1978 4929 lum
2009 4873 2298 4943 quemdam
2346 4886 2451 4926 non
2480 4886 2513 4925 e
2542 4869 2727 4925 multis
2749 4869 2887 4923 inter
2918 4867 3085 4938 ipsos,
3116 4880 3291 4935 neque
3320 4865 3419 4921 ob-

1858 4970 2107 5028 scurum,
2133 4964 2224 5018 sed
2252 4963 2484 5018 nobilem
2525 4960 2794 5032 imprimis
2827 4959 3200 5027 illustremque
3221 4956 3419 5020 virum,

1869 5057 2156 5128 quemdam
2189 5074 2221 5112 e
2246 5055 2555 5112 domesticis
2595 5055 2709 5109 suis
2748 5052 2953 5116 servis,
2985 5050 3129 5123 quod
3156 5048 3335 5119 aliqua
3363 5047 3422 5102 in

1868 5164 1927 5203 re
1955 5147 2289 5218 deliquisset,
2313 5146 2618 5202 miserrime
2635 5142 2995 5200 interfecisse.
3022 5139 3217 5196 Statim
3238 5139 3422 5209 itaque

1469 5300 1695 5356 VARIE
1735 5298 2021 5356 LECTION
2030 5299 2132 5354 ES.

356 5418 649 5497 Xapdymg
668 5419 712 5474 Β
740 5428 794 5497 et
817 5420 993 5497 intpr.
1017 5422 1109 5497 hic
1138 5432 1207 5497 _e_t_
1225 5436 1377 5497 mox.
1398 5419 1553 5497 Vulg.
1574 5418 1957 5488 Χαναράγγης,
1979 5416 2151 5497 quod,
2188 5424 2340 5497 puto,
2370 5413 2629 5497 memoria
2657 5428 2722 5467 ex
2761 5409 3007 5497 ProcOpii
3033 5408 3420 5497 feracissim-

204 5474 483 5560 petlitabat
507 5474 786 5554 scribenti,
816 5474 1114 5546 iturineiiiori
1140 5474 1210 5545 ibi
1235 5474 2022 5560 di1;nitatisvuomeu.essin?i
2059 5474 2433 5560 ἐσκηνξομέγος
2475 5474 3121 5560 Ιὶοηὲσκηνῃμέννέγυιῧο
3193 5479 3238 5560 ξ’
3271 5474 3421 5560 ἔξιμε-

208 5555 392 5620 ὲνάσας
444 5558 508 5613 R.
585 5561 629 5590 “
652 5560 802 5615 Suid.
836 5578 883 5616 s.
912 5578 963 5615 v.
996 5555 1333 5630 σεσαγμένηῆ
1368 5580 1381 5613 :
1428 5560 1767 5630 παρεισάγει.
1842 5560 1886 5590 ⁸⁵
1909 5555 2276 5677 ἐξαπίνηςΒ,
2314 5555 2639 5620 ἐξαπιναίως
2669 5570 2724 5607 νει

208 5645 275 5677 rx
304 5628 369 5677 Κ-
409 5630 569 5677 itttnr-
610 5629 831 5677 Romani
854 5652 881 5677 ε
907 5633 1122 5677 ινραιὸαἱιι
1153 5643 1305 5677 nmtte
1340 5632 1642 5677 nntimttur:
1676 5628 1824 5677 addit.
1863 5628 2025 5677 igitur
2048 5626 2107 5677 εὐ
2148 5627 2229 5677 ύε.
2278 5623 2427 5677 Vulc.
2471 5625 2611 5677 coni.
2661 5621 2724 5676 κύ

205 5645 275 5678 ex
304 5628 369 5691 li,
409 5630 569 5698 intpr.
608 5629 881 5685 Romanis
907 5623 1305 5701 vestigiu'ponté
1340 5623 1643 5699 potia-ritur;
1674 5623 1824 5682 addit
1863 5628 2025 5698 igitur
2048 5623 2229 5689 εὐθύς.
2278 5623 2427 5680 Vulc.
2471 5625 2611 5692 conj.
2661 5623 2859 5747 κύῖἐοι.

206 5697 277 5747 Β.
304 5697 712 5747 ἀνεπίμπλαντο
748 5702 892 5747 vulg-
968 5702 1013 5733 ⁸⁸
1041 5701 1341 5747 διαμέλλειν
1364 5702 1425 5747 ll-
1448 5699 1723 5747 διααέλειν
1751 5699 1891 5747 vuln.
1967 5699 2010 5729 ⁸⁵
2038 5697 2235 5747 πάντες
2282 5695 2347 5747 ﬂ.
2421 5695 2471 5728 "
2500 5696 2571 5747 μὴ
2604 5693 2723 5747 οὑνὶ
2794 5733 2809 5747 .
2840 5710 2859 5747 t

968 5702 1013 5733 “
1032 5692 1350 5769 διαμέλλειν
1364 5702 1426 5768 ιι,
1448 5692 1723 5771 διαμέλειν
1751 5692 1911 5769 vulg:
1967 5699 2010 5729 "
2038 5697 2235 5760 πάντες
2282 5695 2347 5749 ιι.
2421 5695 2471 5728 ⁷⁵
2498 5696 2572 5766 μὴ
2604 5693 2723 5764 οὐχὶ
2742 5692 2810 5760 R,
2839 5692 2914 5765 μή

206 5697 277 5756 Β.
304 5697 712 5767 ἀνεπίμπλαντο
748 5702 893 5764 vulg.

205 5768 323 5831 τοῖς
350 5767 415 5836 li,
446 5770 595 5841 αὐτῷ
627 5771 769 5842 vulg.
842 5773 889 5806 "
910 5767 1225 5841 ἐπιϐεϐηκει
1254 5772 1319 5825 li.

2885 5554 2930 5584 “

2960 5622 3003 5654 ⁸⁷
3026 5622 3422 5689 ἐνεπίμπλαντο

2948 5692 3012 5746 οὐ
3030 5688 3182 5761 vulg.
3249 5684 3297 5721 "
3323 5684 3420 5738 αὑ-

2211 5554 2276 5616 R,
2314 5553 2639 5620 ἐξαπιναίως
2669 5554 2807 5621 vulg.

1967 5699 2010 5729 "
2038 5697 2235 5760 πάντες
2282 5695 2347 5749 Η.
2421 5695 2471 5728 ⁷⁵
2498 5696 2572 5766 μὴ
2604 5693 2723 5764 οὐχὶ
