4212 6438
235 401 369 469 1345

1418 386 1953 466 HISTORIARUM
1980 403 2211 463 LIBER
2241 404 2321 464 Il.

3313 403 3447 475 1346

229 515 493 588 ἐνειμένοι
529 515 575 547 ’⁸
624 519 720 571 καὶ
772 518 945 589 κράνη
998 516 1507 589 καρτερώταταετδν
1530 533 1792 571 συνασπι-
1820 521 1868 578 Α

1781 545 1792 557 -
1820 521 1868 578 Α
1897 512 2301 583 lidissimasque
2318 512 2496 584 galeas
2514 522 2807 583 gestantes,
2838 514 3158 569 testudinem
3190 514 3444 584 fecerant;

231 581 366 675 σμὺν
402 607 742 678 ἐπεποίηντοο
778 581 901 678 ἑξῆς
922 581 978 662 δὲ
1005 581 1225 663 οῖ’ἀλλοι
1257 612 1314 674 ἐς
1346 581 1506 679 βάθος
1543 610 1791 680 ἀλλήλοις

228 696 494 750 ἐνέκειντο
524 697 593 761 ⁸⁸,
628 699 732 762 ἕως
758 702 836 762 είς
858 702 982 763 τοὺς
1004 702 1270 770 οὐραγοὺς
1305 705 1349 734 ’⁷
1383 704 1411 755 ὁ
1439 701 1788 773 ξυλλοχισμὸς

229 787 500 841 ἐτελεύταο
539 789 600 842 τὸ
633 790 689 842 δέ
728 790 879 859 ψιλὸν
930 792 1073 846 ἅπαν
1108 793 1201 845 καὶ
1245 794 1522 863 ἑκηϐόλον,
1568 793 1789 847 ὄπισθεν

226 876 471 946 περιέθει
492 880 584 931 καὶ
608 880 866 950 ἀνέμενεν
888 882 979 934 τὸν
1005 883 1214 952 καιρὸν,
1245 884 1403 953 ἡνίκα
1429 885 1537 938 δέοι
1561 883 1789 953 ἀκροϐο-

224 968 490 1033 manu.
536 970 888 1043 Ἀπεκέκριτο
939 974 995 1027 δὲ
1047 975 1207 1038 τόπος
1249 973 1296 1008 ⁸⁸
1344 979 1454 1039 τοῖς
1496 975 1786 1047 Ἐρούλοις,

224 1059 325 1127 τῆς
358 1058 442 1130 [Ρ.
478 1059 569 1133 44]
604 1063 881 1130 φάλαγγος
906 1064 966 1116 τὸ
1007 1064 1348 1134 μεσαίτατον,
1370 1067 1463 1119 καὶ
1488 1061 1557 1136 ἦν
1589 1066 1668 1118 ἔτι
1693 1082 1785 1119 xe-

225 1149 334 1213 νὸς,
355 1151 416 1204 οὐ
442 1151 550 1222 γάρ
572 1170 658 1205 πω
687 1155 881 1207 ἐκεῖνοι
908 1156 1179 1226 παρῆσαν.
1215 1156 1303 1208 Ἐν
1321 1158 1493 1225 τούτῳ
1519 1157 1576 1209 δὲ
1596 1156 1785 1226 ἄνδρες

222 1240 317 1293 δύο
346 1242 395 1280 ⁸ο
428 1243 535 1295 τῶν
576 1243 841 1315 Ἐρούλων
872 1245 1183 1317 (ἐτύγχανον
1210 1248 1316 1317 γάρ
1357 1247 1455 1317 ἤδη
1488 1248 1784 1317 ηὐτομολη-

225 1332 382 1394 κότες
407 1334 554 1405 παρά
581 1337 706 1399 τοὺς
740 1336 1027 1406 πολεμίους
1050 1338 1213 1409 ὀλίγῳ
1242 1338 1562 1409 ἔμπροσθεν,
1593 1338 1669 1401 ὡς
1691 1340 1785 1393 καὶ

223 1426 437 1492 ἀγνοεῖν
471 1426 533 1497 δή
564 1444 666 1479 που
700 1430 767 1482 τὰ
807 1428 1033 1500 ὕστερον
1059 1430 1103 1461 ’⁸
1130 1429 1206 1500 τῷ
1233 1429 1479 1483 Σίνδουαλ
1504 1430 1783 1500 βεϐουλευ-

224 1515 389 1587 μένα)
416 1516 781 1589 ἐξωτρυνέτην
816 1521 1060 1583 ἅπαντας
1087 1523 1215 1583 τοὺς
1252 1520 1553 1592 βαρϐάρους
1585 1521 1661 1582 ὡς
1689 1521 1783 1575 τά-

220 1625 382 1678 χιστα
410 1610 691 1678 ἐπιφοιτᾷν
719 1611 830 1673 τοῖς
872 1610 1179 1681 Ῥωμαίοις·
1203 1612 1503 1677 Εὐρήσετε
1533 1614 1641 1682 γὰρ
1673 1616 1777 1671 αὑ·

220 1698 389 1763 τοὺς,
418 1699 552 1769 ἔφη,
593 1700 855 1769 ταραχῆς
886 1718 951 1755 τε
992 1701 1088 1755 καί
1116 1703 1419 1774 ἀκοσμίας
1432 1705 1780 1775 aratasqu-

217 1789 501 1857 σμένους,
534 1791 640 1844 τοῦ
668 1793 787 1860 μὲν
822 1792 1162 1860 Ἑρουλικοῦ
1201 1794 1461 1863 στρατοῦ
1501 1801 1779 1865 χαλεπαι-

1892 614 2017 675 post
2048 606 2148 658 hos
2173 620 2300 657 vero
2349 602 2439 656 alii
2469 603 2633 657 densa
2680 605 2821 657 inter
2858 617 2915 657 se
2937 604 3078 658 serie
3114 604 3355 668 stabant,
3395 606 3450 660 in

1890 709 2048 767 agros
2075 709 2247 763 usque
2273 693 2608 747 desinentes.
2636 691 2898 747 Universa
2935 708 3063 747 vero
3104 694 3238 749 levis
3265 709 3449 749 arma-

1887 795 2031 849 tura,
2057 784 2428 855 sagittariique
2451 799 2506 838 et
2535 783 2836 839 funditores
2857 800 2886 838 a
2923 793 3073 853 tergo
3096 797 3250 841 erant
3277 787 3447 841 collo-

1896 874 2028 940 cati,
2060 874 2309 928 velitaudi
2340 884 2552 944 tempus
2575 877 2932 945 Opperientes.
2967 875 3181 930 Herulis
3224 892 3352 931 vero
3391 878 3448 931 in

1887 964 2065 1017 medio
2092 964 2259 1017 totius
2285 963 2519 1033 agminis
2546 964 2698 1018 locus
2732 971 2852 1019 erat
2899 964 3241 1034 designatus;
3272 980 3447 1035 neque

1886 1054 2031 1108 enim
2059 1055 2236 1109 adhuc
2269 1055 2343 1109 illi
2372 1055 2722 1109 advenerant.
2758 1055 2965 1110 Interea
2994 1059 3102 1109 duo
3129 1054 3447 1125 Heruli,qui

1886 1148 2048 1215 paqu
2077 1156 2201 1201 ante
2229 1148 2294 1201 ad
2324 1148 2508 1201 hostes
2536 1146 2869 1211 defecerant,
2894 1147 3031 1201 adeo
3058 1156 3119 1202 ut
3135 1147 3265 1217 quid
3293 1156 3447 1217 post-

1885 1254 1948 1293 ea
1991 1239 2200 1294 consilii
2243 1240 2472 1308 cepisset
2510 1238 2614 1308 81
2661 1237 2907 1301 Sindual,
2947 1238 3279 1308 ignorarent,
3329 1239 3429 1292 bar

1886 1327 2049 1382 baros
2083 1342 2273 1382 omnes
2313 1327 2630 1391 incitabant,
2662 1338 2720 1380 ut
2749 1344 2909 1396 quam
2946 1328 3209 1382 citissime
3242 1327 3446 1383 Roma-

1884 1436 1983 1476 nos
2008 1422 2369 1482 adorirentur,
2405 1421 2733 1477 allirt'nantes
2767 1422 2880 1475 fore
2906 1431 2964 1476 ut
2995 1423 3135 1492 apud
3154 1436 3251 1477 eos
3266 1423 3447 1477 omnia

1886 1514 2150 1569 tumultus
2192 1524 2246 1567 et
2277 1514 2697 1583 perturbationis
2742 1515 2898 1584 plena
2930 1524 3110 1568 esseut
3145 1515 3446 1585 deprehen-

1882 1608 2034 1670 suri,
2091 1606 2233 1676 quod
2294 1606 2549 1660 nimirum
2598 1605 2920 1661 Herulorum
2989 1606 3158 1676 copiae
3198 1605 3448 1676 indigna-

1882 1699 2074 1755 bunda:
2101 1699 2458 1753 secessionem
2487 1697 2738 1753 fecissent
2758 1698 3115 1769 przeliumque
3156 1713 3262 1753 una
3291 1698 3446 1753 adire

1881 1790 2277 1856 detrectarent;
2300 1790 2597 1861 etreliqum
2634 1789 2995 1844 multitudinis
3032 1788 3200 1843 animi
3225 1788 3442 1843 illorum

217 1883 452 1935 νόντων
478 1883 574 1935 καὶ
603 1882 1096 1951 ξυγκινδυνεύειν
1117 1889 1538 1958 ἁναινομέννων,
1579 1890 1683 1943 τοῦ
1715 1890 1782 1943 δὲ
1813 1868 1854 1922 Β

1781 1912 1782 1918 η
1813 1868 1854 1922 Π
1883 1882 2182 1937 defectione
2201 1893 2385 1937 essent
2408 1884 2759 1937 consternati.
2783 1881 2941 1937 llisce
2974 1880 3243 1936 ita-dictis
3298 1880 3444 1934 Buti-

217 1974 418 2028 ἄλλον
460 1974 733 2044 πλήθους
763 1976 837 2045 τῇ
869 1978 1115 2032 ἐκείνων
1156 1980 1489 2034 ἀποστάσει
1529 1996 1784 2033 καταπε-

218 2065 589 2136 πληγμένον.
649 2068 870 2133 Τούτοις
916 2069 974 2123 δέ
1024 2071 1053 2122 δ
1091 2071 1387 2134 Βουτιλίνος
1429 2072 1784 2127 ἀνεπέπειστο

220 2157 537 2228 ρᾳδίως,τῷ
560 2157 860 2229 βούλεσθαι,
876 2156 1047 2230 οἶμαι,
1075 2161 1245 2232 ἀληθῆ
1274 2178 1335 2229 γε
1362 2162 1498 2215 αύτά
1522 2161 1781 2216 καθεστά-

216 2264 332 2301 ναι.
362 2249 568 2303 Αὐτίκα
602 2250 665 2321 δὴ
702 2246 795 2306 οὖν
816 2252 986 2321 ἐπῆγε
1017 2251 1104 2305 τὸν
1139 2253 1384 2323 στρατὸν,
1419 2254 1512 2306 καὶ
1547 2252 1779 2317 ἀπαντες

216 2341 320 2406 ξὺν
366 2340 643 2413 προθυμίᾳ
692 2342 929 2415 ἐχώρουν
971 2344 1054 2397 ίθίι
1087 2344 1196 2397 τῶν
1233 2344 1533 2414 Ῥωμαίων,
1578 2346 1639 2398 ού
1674 2345 1781 2416 μὴν

216 2434 498 2504 ἠρεμαῖοι,
528 2434 648 2487 οὐδὲ
694 2436 833 2488 κατά
863 2434 1083 2505 κόσμον,
1124 2436 1260 2489 ἀλλὰ
1299 2439 1411 2499 τοῖς
1443 2435 1782 2507 ἀγγέλμασιν

215 2525 652 2595 ἀνεπτερωμένοι
680 2525 748 2592 ⁸⁸,
771 2525 982 2598 θορύϐῳ
1015 2526 1219 2596 εἴχοντο
1247 2528 1340 2581 καὶ
1366 2529 1680 2599 προπετείᾳ,
1706 2527 1782 2592 ὡς

216 2615 469 2668 αὐτοϐοεὶ
496 2618 641 2671 ἀπαν
664 2616 725 2669 τὸ
748 2617 1096 2672 άντιστατοῦν
1126 2620 1170 2651 ⁹²
1195 2618 1649 2689 ἀναρπασόμενοι.
1672 2615 1781 2674 Ἦν

214 2707 279 2761 δὲ
305 2707 487 2773 αύτιῖς
525 2710 559 2779 ἡ
593 2709 707 2764 ίδὲα
733 2711 831 2781 τῆς
858 2711 1228 2781 παρατάξεως,
1259 2712 1419 2765 οἱονεὶ
1443 2712 1669 2783 ἔμϐολον
1698 2712 1744 2746 ⁸⁸
1762 2729 1777 2745 ο

213 2798 465 2870 δελτωτῷ
491 2800 600 2871 γάρ
626 2800 807 2872 ἐῴκει,
842 2803 1019 2856 καὶτὸ
1061 2802 1158 2873 μὲν
1199 2804 1547 2874 ἐμπρόσθιον,
1587 2806 1780 2858 ὁπόσον

217 2890 282 2952 ἐς
304 2890 396 2954 ὀξὺ
424 2891 633 2961 ἔληγεν,
659 2895 913 2960 στεγανόν
940 2910 999 2945 τε
1030 2889 1098 2964 ἦν
1128 2896 1221 2947 καὶ
1256 2897 1677 2967 πεπυκνωμένον
1702 2895 1780 2966 τῷ

216 2977 484 3032 πάντοθεν
514 2984 633 3044 ταῖς
666 2982 856 3036 ἀσπίσι
897 2985 1357 3054 περιπεφράχθαι,
1396 2986 1560 3054 φαίης
1608 3003 1665 3039 τε
1713 2985 1780 3040 ἂν

214 3070 415 3134 αὐτοὺς
438 3070 561 3136 συὸς
586 3073 825 3143 κεφαλὴν
847 3076 914 3144 τῇ
943 3075 1183 3128 συνθέσει
1210 3074 1689 3128 ἀποτυπώσασθαιο
1712 3075 1781 3130 τά

212 3161 277 3215 δέ
305 3161 467 3233 σκέλη
496 3163 832 3235 ἑκατέρωθεν
861 3166 1001 3218 κατά
1030 3165 1241 3235 στίχους
1286 3181 1342 3217 τε
1385 3165 1479 3218 καὶ
1502 3164 1693 3233 λόγους
1721 3168 1777 3229 ἐς
1803 3201 1845 3257 c

216 3253 381 3325 βάθος
409 3252 753 3325 ξυγκείμενα,
799 3257 893 3309 καὶ
921 3254 1262 3309 ἐπιπλείστον
1293 3257 1349 3319 ἐς
1383 3255 1446 3309 τὺ
1485 3255 1778 3326 ἐγκάρσιον

214 3346 663 3417 παρατεταμένα,
690 3346 926 3401 διίστατο
957 3346 1198 3417 ἀλλήλων
1226 3348 1405 3417 ἡρέμα
1453 3349 1548 3401 καὶ
1575 3348 1777 3402 ἀπεκέ-

213 3455 375 3510 κριτο
398 3437 463 3503 ’⁸,
492 3441 582 3492 καὶ
602 3439 857 3511 προϊόντα
886 3440 941 3501 ἐς
973 3439 1229 3509 μέγιστον
1251 3435 1405 3510 εὖρος
1424 3439 1775 3503 ἀπετελεύτα,

212 3527 294 3589 ὡς
326 3527 418 3580 καὶ
450 3528 511 3580 τὸ
548 3528 750 3599 μεταξὺ
778 3528 975 3599 χωρίον
1006 3529 1159 3581 κενὸν
1199 3528 1544 3591 καθεστάναι,
1589 3531 1682 3583 καὶ
1710 3531 1775 3583 τά

211 3619 365 3673 νῶτα
414 3621 597 3689 γυμνά
642 3619 752 3672 τῶν
789 3618 996 3690 ἀνδρῶν
1055 3620 1331 3689 στοιχηδὸν
1377 3620 1769 3688 διαφαίνεσθαι.

226 3707 700 3777 Ἀπεστραμμένοι
738 3708 847 3780 γὰρ
881 3709 1017 3777 σφᾶς
1047 3708 1242 3772 αὐτοὺς
1282 3707 1595 3778 ἐτύγχανον,
1624 3711 1771 3774 ὅπως

213 3798 289 3852 ἂν
315 3800 362 3829 ’⁵
390 3801 497 3862 τοῖς
541 3800 639 3869 μέν
676 3801 950 3872 πολεμίοις
975 3801 1373 3871 ἀντιπρόσωποι
1410 3798 1542 3867 εἷει,
1588 3804 1683 3856 καὶ
1709 3806 1773 3858 ἐκ

1882 1975 2027 2031 lintts
2059 1975 2215 2030 facile
2266 1991 2580 2046 persuasus,
2626 1976 2824 2046 quippe
2856 1978 2947 2047 qui
2981 1992 3102 2031 vera
3142 1986 3205 2031 ut
3261 1980 3446 2031 essent

1880 2067 2119 2139 optabat,
2155 2067 2437 2121 confestim
2500 2067 2684 2137 copias
2713 2068 2766 2121 iu
2818 2067 3028 2122 hostem
3058 2067 3267 2128 eduxit,
3324 2081 3445 2120 om-

1881 2177 2089 2231 nesque
2119 2174 2311 2229 magna
2333 2160 2639 2214 animormu
2664 2159 2940 2213 alacritate
2964 2168 3107 2213 recta
3136 2157 3192 2212 in
3238 2157 3443 2212 Roma-

1882 2269 1984 2308 sos
2014 2250 2347 2316 ferebantur,
2378 2266 2485 2305 non
2518 2251 2735 2320 quidem
2765 2251 2963 2305 sensim
2986 2260 3039 2306 et
3070 2250 3277 2320 placide
3299 2250 3446 2305 ordi-

1880 2355 2135 2415 nateque,
2166 2343 2259 2398 sed
2284 2343 2487 2397 nuntiis
2517 2342 2755 2397 animum
2778 2341 2912 2410 ipsis
2970 2341 3193 2410 alasque
3239 2338 3445 2394 adden-

1881 2435 2049 2499 tibus,
2074 2433 2382 2489 turbulente
2411 2448 2475 2487 ac
2506 2433 2923 2503 praecipitanter,
2952 2443 3208 2502 tanquam
3264 2430 3442 2501 primo

1878 2527 2084 2598 impetu
2144 2525 2407 2594 quidquid
2462 2525 2702 2580 hostium
2742 2529 2887 2578 esset
2934 2520 3280 2591 discerpturi.
3312 2519 3445 2575 Erat

1880 2630 2059 2675 autem
2084 2618 2214 2689 ipsis
2242 2618 2417 2672 forma
2448 2617 2582 2671 aciei
2614 2616 2785 2670 instar
2815 2612 2993 2679 cunei,
3021 2614 3060 2666 Δ
3092 2613 3286 2667 litteras
3305 2612 3443 2682 figu-

1878 2728 1994 2769 ram
2030 2727 2141 2782 pra:
2169 2726 2227 2766 se
2251 2709 2453 2774 ferens,
2499 2706 2767 2763 anterlore
2809 2706 3023 2777 quidem
3057 2706 3143 2760 sui
3184 2714 3339 2776 parte
3385 2704 3441 2759 in

1878 2813 2098 2859 acutum
2126 2801 2407 2857 desinens.
2445 2800 2639 2855 Prcssa
2677 2800 2821 2854 enim
2846 2809 2959 2853 erat
2981 2806 3035 2853 et
3056 2798 3249 2863 densa,
3311 2811 3441 2852 seu-

1879 2894 1951 2949 tis
1975 2892 2335 2961 undequaque
2383 2892 2522 2946 inter
2573 2905 2632 2946 se
2681 2890 2948 2946 consertis
2978 2889 3225 2954 munita;
3265 2888 3439 2942 dixis-

1879 2999 1967 3041 ses
1989 2985 2105 3040 suis
2132 2993 2296 3054 caput
2325 2999 2423 3039 sua
2474 2993 2742 3039 structura
2797 2982 3099 3037 efformarc.
3148 2979 3262 3035 Ala:
3310 2994 3442 3035 vero

1881 3076 2135 3146 utrinque
2167 3090 2235 3130 ex
2275 3074 2537 3129 centuriis
2566 3083 2619 3129 et
2641 3073 2879 3129 decuriis
2912 3074 2967 3126 iu
3014 3072 3233 3143 longum
3285 3085 3440 3125 com-

1879 3167 2084 3238 positae,
2106 3176 2160 3221 et
2184 3174 2240 3220 ut
2264 3166 2555 3235 plurimum
2586 3166 2640 3219 in
2667 3164 2946 3234 obliquum
2977 3172 3266 3234 protensae,
3307 3177 3442 3233 pau-

1876 3258 2025 3313 latim
2053 3258 2122 3312 ab
2148 3272 2269 3312 sese
2301 3256 2667 3310 dilatabantur
2701 3264 2758 3310 et
2786 3255 3203 3317 dirimebantur.
3230 3253 3288 3308 in
3320 3268 3439 3308 ma-

1873 3353 2075 3406 ximam
2104 3350 2445 3406 latitudinem
2504 3348 2851 3414 desinentes;
2905 3349 3040 3402 adeo
3084 3356 3144 3401 ut
3167 3346 3321 3402 locus
3352 3345 3439 3399 in-

1872 3443 2165 3499 termedius
2196 3456 2402 3496 vacuus
2432 3440 2851 3511 relinqueretur,
2875 3448 2930 3495 et
2963 3440 3163 3494 nudata
3198 3438 3433 3492 militum

1872 3544 2018 3604 terga
2055 3534 2290 3590 seriatim
2321 3533 2781 3602 conspicerentur.
2812 3532 3000 3586 Aversi
3029 3532 3175 3585 enim
3205 3529 3342 3585 inter
3374 3543 3436 3584 se

1874 3625 2114 3686 stabant,
2145 3632 2204 3679 ut
2235 3623 2487 3678 hostibus
2530 3622 2743 3677 adversi
2771 3631 2972 3686 essent,
3003 3622 3113 3692 82
3144 3632 3199 3676 et
3224 3636 3293 3675 ex
3321 3627 3440 3674 tuto

1875 3717 2252 3788 conﬂigerent,
2284 3715 2454 3771 scutis
2478 3715 2736 3786 protecti:
2768 3725 2916 3785 terga
2966 3729 3094 3769 vero
3128 3721 3317 3769 mutua
3340 3712 3436 3767 illa

1877 3806 2020 3862 inter
2049 3822 2107 3862 se
2134 3806 2591 3876 contrapositioue
2612 3814 2911 3859 tuerentur.

211 3888 312 3942 τοῦ
337 3890 609 3959 ἀσφαλοῦς
633 3891 981 3960 ἀγωνίζοιντο
1021 3891 1118 3956 τάς
1142 3892 1373 3957 ἀσπίδας
1402 3893 1850 3965 προϐεϐλημένοι,
1878 3896 1949 3951 τὰ
1973 3897 2031 3951 δέ
2089 3896 2361 3952 ὀπισθίδια
2411 3896 2491 3967 τῷ
2522 3895 2569 3928 ’⁸
2594 3893 2840 3965 ἀλλήλοις
2898 3892 3271 3963 ἀντιτετάχθαι
3322 3890 3437 3944 δια-

212 3983 587 4051 φυλάττοιντο.

291 4076 355 4130 θ’.
399 4078 558 4131 Ἀλλά
600 4079 707 4151 γὰρ
746 4080 825 4150 τῷ
852 4081 1063 4152 Ναρσῇ,
1092 4081 1257 4153 τύχης
1291 4099 1349 4135 τε
1378 4083 1557 4146 alsia;
1602 4083 1774 4154 κυρή-

212 4187 393 4234 σαντι,
452 4172 546 4224 καὶ
602 4172 663 4225 τὸ
722 4175 991 4242 πρακτέον
1049 4174 1246 4244 ἄριστα
1312 4176 1772 4247 μηχανησαμένῳ,

212 4262 435 4316 ἅπαντα
462 4262 518 4322 ἐς
542 4262 657 4315 δέον
678 4263 875 4334 ἀπέϐη.
922 4263 1134 4335 Ἐπειδὴ
1162 4266 1270 4336 γὰρ
1298 4268 1345 4319 ot
1379 4266 1638 4338 βάρϐαροι
1680 4267 1773 4332 ξὺν

214 4350 318 4420 βοῇ
358 4350 525 4423 πολλῇ
556 4352 599 4383 ⁹⁷
631 4355 723 4405 καὶ
746 4352 1042 4423 ἀλαλαγμῴ
1074 4353 1319 4424 δρομαίοι
1369 4356 1773 4420 ἐπανελθόντες,

1955 4080 2009 4134 9.
2040 4076 2253 4133 Narseti
2286 4087 2487 4140 autem,
2518 4086 2571 4131 et
2598 4091 2910 4147 prosperam
2941 4074 3213 4132 fortunam
3249 4086 3433 4142 nacte.

1870 4167 2075 4238 quique
2119 4166 2261 4236 quod
2306 4164 2449 4219 facto
2498 4176 2615 4218 erat
2655 4179 2794 4234 opus
2820 4165 3024 4233 optime
3059 4167 3431 4237 escOgitarat,

1871 4268 2066 4314 cuncta
2117 4273 2185 4312 ex
2225 4257 2393 4311 animi
2444 4256 2711 4311 sententia
2758 4270 3092 4310 successere.
3133 4254 3432 4328 Postquam

1870 4350 2015 4405 enim
2052 4349 2266 4404 barbari
2319 4348 2519 4416 ingenti
2554 4347 2792 4402 clamore
2836 4346 3152 4416 ululatuque
3195 4350 3433 4405 excitato

214 4442 555 4512 συνέρραξαν
575 4446 685 4505 τοῖς
721 4444 1026 4514 Ῥωμαίοις,
1066 4445 1262 4499 αὐτίκα
1292 4448 1338 4479 ⁸⁸
1359 4446 1623 4500 διέσεισαν
1649 4450 1773 4511 τοὺς
1802 4482 1848 4541 D
1873 4468 1877 4490 ‹

1767 4466 1773 4509 ;
1802 4482 1848 4541 υ
1873 4443 2202 4498 concitatius
2231 4450 2555 4512 proruentes
2584 4441 2840 4509 impetum
2888 4440 2942 4495 in
2990 4439 3261 4495 Romanos
3286 4440 3430 4498 fece-

212 4534 312 4585 ἐπὶ
336 4532 414 4601 τῷ
442 4532 669 4603 ὀμφαλῷ
701 4536 1081 4604 πρωτοστάτας
1116 4537 1257 4606 ἀμφὶ
1281 4536 1342 4590 τὸ
1363 4538 1582 4608 κένωμα
1608 4540 1770 4593 ἐσπε-

213 4623 423 4684 σόντεςο
448 4620 600 4676 οὔπω
640 4625 744 4694 γὰρ
784 4626 1035 4696 παρῆσαν
1068 4627 1117 4677 οί
1154 4627 1423 4697 Ἕρουλοι,
1456 4630 1490 4699 ἥ
1520 4646 1579 4681 τε
1608 4632 1772 4701 ἀρχὴ,

1873 4546 2020 4600 runt,
2051 4534 2335 4589 confestim
2384 4532 2770 4602 antesignanos
2799 4532 2977 4585 medio
3001 4530 3141 4586 inter
3167 4532 3277 4587 duo
3304 4549 3428 4590 cor-

1869 4638 1977 4678 nua
2028 4623 2147 4676 loeo
2193 4631 2399 4677 stantes
2441 4630 2854 4690 perrumpentes
2892 4620 2947 4674 in
2995 4635 3226 4675 vacuum
3275 4623 3428 4679 illum

209 4712 541 4781 διατεμοῦσα
565 4714 626 4765 τὸ
649 4714 809 4783 βάθος
842 4716 948 4769 τῶν
973 4716 1163 4784 λόγων,
1199 4718 1293 4771 καὶ
1328 4718 1486 4786 φόνον
1516 4719 1577 4771 ού
1609 4720 1775 4774 πολὺν
1867 4739 1872 4766 ι

1763 4737 1775 4771 ν
1867 4718 2141 4772 exercitus
2166 4716 2343 4771 locum
2372 4716 2681 4781 lrruerunt;
2732 4729 2907 4785 neque
2938 4716 3082 4769 enim
3112 4716 3288 4772 adhuc
3316 4718 3426 4774 lle-

210 4803 588 4874 ἐργασαμένη,
617 4803 753 4874 ὑπὲρ
776 4806 898 4866 τοὺς
919 4806 1181 4875 οὐραγοὺς
1206 4805 1487 4877 ἐξηνέχθη.
1519 4809 1686 4861 Ἔνιοι
1714 4810 1773 4863 δέ
1869 4826 1873 4863 1

1763 4827 1773 4862 ι
1869 4809 1972 4864 ruli
2002 4809 2335 4863 advenerant
2369 4824 2383 4861 :
2418 4816 2472 4861 et
2501 4808 2675 4877 prima
2716 4806 2935 4876 quidem
2967 4807 3237 4863 barbarici
3273 4824 3426 4865 exer-

210 4894 398 4947 αὗτῶν
450 4897 538 4947 καὶ
570 4896 875 4966 περαιτέρω
926 4897 1165 4967 ἐχώρουν
1204 4897 1278 4960 ὡς
1322 4897 1381 4950 τὸ
1415 4898 1768 4965 στρατόπεδον

1763 4917 1768 4947 ι
1873 4902 2012 4957 citus
2062 4916 2207 4971 pars,
2255 4898 2525 4968 perfracta
2553 4900 2803 4954 ordinum
2838 4900 3008 4966 serie,
3041 4910 3097 4954 et
3136 4901 3281 4956 caede
3316 4917 3426 4956 non

208 4988 323 5039 τῶν
351 4987 632 5056 Ῥωμαίων
661 4988 970 5057 αίρήσοιτες
1000 4989 1066 5041 ’³.
1098 4989 1227 5041 Τότε
1255 4989 1317 5058 δὴ
1340 4992 1368 5042 ὁ
1406 4990 1627 5060 Ναρσῆς
1652 4993 1769 5045 ἐπι-

1760 5023 1769 5034 -
1873 5008 2066 5063 magna
2094 4993 2257 5054 edita,
2288 4993 2343 5046 in
2370 5001 2706 5061 postremum
2736 4990 2871 5046 aciei
2904 5006 3096 5063 agmen
3120 4990 3297 5046 delata
3320 5000 3423 5057 est,

208 5080 439 5146 κάμψας
476 5078 655 5147 ἡρέμα
693 5078 787 5130 καὶ
816 5077 1167 5147 ὑπομηκύνα;
1196 5080 1265 5132 τὰ
1296 5081 1430 5150 κέρα
1463 5083 1501 5143 ¹,
1529 5081 1621 5134 καὶ
1650 5084 1768 5135 ἐπιο

1763 5112 1768 5124 ι
1879 5085 2123 5138 nonnulli
2176 5100 2305 5140 vero
2356 5084 2518 5138 etiam
2567 5083 2791 5138 ulterius
2822 5083 3114 5153 progressi,
3167 5092 3426 5150 tanquam

206 5174 452 5241 κάμπιον
486 5172 823 5229 ἐμπροσθίαν
860 5171 953 5241 (ὡς
980 5170 1045 5223 ἂν
1074 5173 1122 5223 οἱ
1156 5174 1400 5224 τακτικοὶ
1425 5172 1767 5241 όνομάσαιεν)

1764 5190 1767 5221 ι
1879 5173 2248 5229 Romanorum
2290 5181 2471 5229 castra
2519 5174 2751 5243 capturi.
2797 5173 2934 5228 Tum
2981 5170 3181 5229 Narses
3216 5171 3427 5229 inﬂexis

1504 5307 1734 5364 νΑιιιΑε
1774 5308 2172 5365 LECTIONES.

285 5400 329 5472 ’ξ’
351 5399 800 5472 ὲνειμένοιιυᾳιὶ.
864 5416 971 5472 mg.
1032 5398 1177 5472 (CL),
1232 5402 1375 5472 vulg.
1441 5401 1753 5470 ἐνημμένοι,
1800 5402 1844 5455 R
1886 5418 2032 5457 corr.
2103 5404 2158 5457 in
2227 5418 2335 5464 mg.
2391 5402 2639 5471 ἐνημένοι
2709 5403 2755 5434 ⁸⁸
2777 5402 3043 5472 ἐνέκειντο
3076 5402 3185 5472 ίΙὶ;
3224 5400 3423 5472 Lugd.,

203 5471 483 5543 ἀνέκειντο
530 5469 658 5543 edd.
735 5469 1100 5543 '7_oép’ayob_:
1157 5469 1223 5543 lt,
1283 5471 1447 5543 intpr:
1516 5469 1595 5543 ad
1634 5483 1917 5541 postremos
1979 5488 2160 5541 usque,
2212 5473 2355 5543 vulg.
2413 5469 2649 5543 ἀγρούς.
2701 5473 2735 5543 ό
2762 5469 3424 5543 ’ξυλλοχισμδςμαιίιίδῇ

206 5541 378 5607 iutpx.
409 5555 589 5607 agmen
612 5524 995 5611 claudebatur:
1038 5524 1095 5611 7“
1126 5524 1284 5611 τόπος
1321 5524 1379 5595 ι.⁸
1406 5524 1520 5611 Ἑρ.
1554 5524 1761 5604 Β,’τοίς
1784 5524 2160 5611 λΕρ.-τ.ίνιῖ1έ.’
2221 5543 2267 5574 ⁸⁹
2288 5524 2388 5594 δύο
2413 5524 2697 5610 Βίίλυειῖι..
2716 5524 2825 5594 δύω
2849 5524 2970 5596 edd:
3008 5524 3332 5610 avdacem
3353 5541 3421 5594 R.

203 5612 260 5681 ’ξ
288 5612 739 5681 ἀναπτερωμένοι
769 5609 834 5681 ιι,
864 5608 968 5681 Pro
1001 5610 1208 5681 εἴχοντο
1258 5609 1391 5681 Bon.
1421 5608 1604 5681 ‘Vulc.
1653 5611 1805 5681 conj.
1847 5608 2080 5665 εἵποντο.
2100 5608 2121 5611 ⁷
2157 5614 2203 5646 υ
2227 5608 2674 5681 ἀντιταττούνίὶ.
2746 5612 2793 5642 ¹⁹³
2818 5611 2969 5665 Suid.
3002 5627 3047 5665 s.
3074 5626 3127 5681 ν.
3158 5608 3419 5681 ἔμϐολον·

200 5673 319 5733 οἷον
355 5680 453 5750 εἰς.
502 5673 518 5750 ’ν
546 5673 599 5711 ’⁸
621 5680 772 5731 Suid.
817 5673 1137 5750 διεκέκριτο.
1233 5680 1285 5750 7⁸³
1320 5680 1384 5732 ἂν
1404 5679 1553 5735 deest
1590 5696 1678 5750 ap.
1717 5673 1961 5734 Shidam.
1992 5683 2091 5734 οὐκ
2114 5696 2211 5749 pro
2234 5683 2296 5734 ἐκ
2344 5682 2472 5750 Sph.
2521 5679 2670 5750 Part
2742 5682 2789 5716 "
2825 5681 3047 5733 ὀπίσθια
3065 5673 3235 5733 διὰτὸ
3265 5673 3417 5750 Suid.

201 5751 248 5782 ’7
274 5748 438 5847 πολλῇ
463 5749 583 5804 add.
605 5765 668 5804 ex
699 5750 740 5801 ll
767 5758 818 5803 et
848 5748 1033 5818 impii,
1048 5767 1161 5803 cum
1193 5748 1651 5822 clamoreiugcnti}
1726 5752 1771 5785 "
1795 5752 1993 5806 αὐτίκα
2014 5753 2068 5806 δὲ
2090 5748 2154 5808 ιι.
2228 5752 2271 5783 ’θ
2296 5748 2620 5822 αἱρῆσαντες
2646 5749 2710 5803 R.
2790 5753 2805 5783 ⁸
2825 5750 2891 5804 τὰ
2920 5752 3053 5819 κέρα
3075 5751 3138 5814 lt,
3169 5750 3236 5803 τὰ
3257 5749 3422 5819 κέρα-

204 5838 270 5872 τα
301 5836 442 5884 vuig.
