4212 6438
768 376 898 445 134⁵1

1930 363 2282 424 ΑῦΑἹἮΙᾸΞ
2316 364 2798 425 SCHOLASTICI

3835 362 3974 427 1348

764 481 963 537 sensim
995 479 1362 550 porrectisque
1390 477 1513 541 alis,
1547 476 1763 529 inversa
1792 472 1924 527 aciei
1948 474 2124 527 fronte
2144 473 2313 541 (quod
2340 484 2386 538 Α
2412 495 2427 530 1

2340 484 2386 538 Δ
2412 476 2511 547 τὴν
2534 477 2809 544 φάλαγγα,
2835 490 3198 545 καταστησας,
3225 471 3651 544 παρακελεύεται
3672 474 3783 535 τοῖς
3812 472 3976 527 ίππο-

766 574 898 627 artis
914 574 1059 626 illius
1074 571 1230 641 periti
1252 569 1583 638 ἐπικάμπιον
1603 564 1941 636 ἐμπροσθίαν
1960 564 2315 631 vocaverint),

766 665 1040 733 equilibus
1064 661 1355 732 sagittariis
1380 660 1623 722 mandat,
1651 667 1710 711 ut
1737 656 1991 724 utrinque
2019 656 2242 725 sagittas
2263 653 2319 707 in

769 751 1007 804 hostium
1042 760 1187 818 terga
1219 756 1411 802 mutuo
1434 746 1713 810 emittant;
1751 745 1895 806 quod
1935 752 1990 797 et
2030 743 2129 811 ipsi
2164 742 2322 797 facile

769 842 1120 909 praestabant.
1152 839 1290 894 Cum
1322 838 1467 893 enim
1508 836 1722 891 barbari
1754 836 1961 904 pedites
1986 843 2187 899 essent,
2218 834 2321 901 ipsi

766 949 831 985 cx
882 933 1040 1002 equis
1088 933 1345 987 editiores
1394 930 1719 984 exsistentes
1770 927 2025 982 facillime
2073 936 2323 996 poterant

770 1024 931 1076 ferire
976 1024 1239 1078 distantes
1275 1037 1687 1091 expansosque,
1741 1035 1920 1089 neque
1961 1019 2040 1074 eis
2080 1018 2323 1073 anterius

773 1114 980 1168 allicere
1007 1117 1266 1169 valentes.
1301 1112 1485 1183 Neque
1511 1124 1630 1167 erat
1654 1110 1876 1165 difﬁcile
1903 1111 2140 1164 arbitror
2166 1109 2323 1179 equi-

773 1206 917 1260 tibus
957 1207 1025 1260 ad
1060 1205 1431 1262 extremitates
1463 1204 1773 1259 constitutis
1812 1202 2087 1272 proximos
2128 1201 2232 1255 sibi
2269 1210 2326 1255 et

771 1312 935 1369 quam
970 1300 1203 1353 maxime
1229 1298 1437 1351 vicinos
1462 1297 1648 1350 hostes
1681 1295 1896 1364 sagittis
1925 1294 2321 1358 transmittere;

772 1407 870 1447 eos
894 1408 1023 1445 vero
1052 1391 1143 1460 qui
1171 1405 1234 1443 ex
1267 1390 1496 1443 adverso
1520 1386 1995 1456 conspiciebantur
2018 1385 2323 1440 vulnerare.

776 1479 1211 1549 Trajiciebantur
1243 1478 1425 1547 itaque
1449 1474 1673 1529 Francis
1704 1475 1854 1529 omni
1884 1490 1945 1528 ex
1979 1483 2129 1543 parte
2154 1483 2322 1541 terga,

778 1570 1037 1629 Romanis
1065 1570 1281 1637 quidem
1308 1568 1401 1637 qui
1440 1567 1509 1622 ad
1536 1566 1785 1621 dextrum
1812 1566 1921 1637 83
1958 1581 2125 1621 curnu
2164 1564 2327 1634 positi

774 1665 949 1720 erant,
980 1656 1191 1709 hostem
1237 1657 1401 1707 ealln
1441 1661 1595 1723 parte
1620 1652 2004 1706 infestantibus
2032 1668 2047 1704 :
2073 1651 2167 1719 qui
2200 1664 2327 1704 vero

2416 570 2659 635 τοξόταις
2702 568 2907 637 ἐφιέναι
2933 568 3002 620 τά
3040 567 3167 637 βέλη
3195 566 3529 637 ἑκατέρωθεν
3557 565 3889 634 ἐναλλάγῶγν
3918 569 3976 627 ἐς

2418 661 2488 714 τὰ
2518 660 2828 732 μετάφρενα
2864 659 2972 712 τῶν
3003 660 3292 727 πολεμίων.
3318 660 3380 711 Ol
3413 658 3469 710 δὲ
3498 658 3637 710 κατά
3659 656 3833 711 ταῦτα
3879 660 3978 728 ῥα-

2416 752 2544 816 δίως
2577 752 2812 807 ἐποίουν.
2849 753 2979 805 ’Δτε
3008 752 3117 821 γὰρ
3153 750 3349 816 πεζοὺς
3388 749 3473 822 [Ρ.
3496 748 3586 820 45]
3640 749 3799 811 ὄντας
3846 750 3978 811 τοὺς

2422 842 2730 913 βαρϐάρους
2752 845 2817 896 ἐκ
2834 842 2941 895 τῶν
2962 842 3143 895 ἵππων
3167 842 3605 912 ύπερανέχοντες,
3627 839 3978 894 εὐκολώτατα

2419 933 2679 1001 ἠδύναντο
2709 932 2919 1001 βάλλειν
2956 932 3016 985 τὸ
3052 933 3356 1004 ἀφεστηκὸς
3390 933 3482 985 καὶ
3520 932 3839 1002 ήπλωμένον
3881 932 3979 984 καὶ

2420 1023 2702 1094 ἐλεύθερον
2746 1024 2839 1077 τοῦ
2885 1024 3360 1095 ἐπιπροσθοῦντος.
3415 1025 3525 1076 Καὶ
3580 1020 3649 1095 ἦν
3695 1025 3758 1076 ού
3810 1023 3978 1093 χαλε-

2422 1116 2543 1177 πὸν,
2566 1113 2739 1185 οἶμαι,
2765 1116 2877 1177 τοῖς
2902 1115 3121 1168 ἐπὶτῶν
3144 1116 3327 1185 ἄκρων
3350 1114 3598 1176 ἱππόταις
3626 1113 3687 1165 τὸ
3707 1114 3807 1182 μὲν
3835 1110 3981 1165 κατά

2423 1210 2561 1276 σφᾶς
2591 1207 2752 1277 μέρος
2774 1206 2881 1260 τῶν
2898 1206 3173 1276 δυσμενῶν
3195 1206 3289 1260 καὶ
3312 1206 3690 1276 πλησιαίτατον
3719 1203 3983 1273 ὑπερδαξ-

2424 1314 2533 1350 νειν
2558 1299 2670 1359 ‘ro't;
2704 1296 2903 1365 βέλεσι,
2932 1297 3059 1359 τοὺς
3076 1296 3133 1348 δὲ
3152 1296 3375 1362 ἀντικρὺ
3406 1294 3763 1363 φαινομένους
3785 1291 3983 1361 τιτρώ-

2424 1404 2592 1441 σκειν.
2621 1387 3017 1459 Διεπερονῶντο
3046 1387 3330 1459 τοιγαροῦν
3360 1387 3621 1440 πάντοθεν
3651 1386 3723 1439 τά
3750 1386 3901 1439 νιῖιτα
3931 1385 3984 1437 οἱ

2422 1481 2661 1550 Φράγγοι
2683 1522 2699 1546 ,
2729 1480 2838 1532 τῶν
2868 1479 2966 1550 μὲν
2997 1479 3089 1531 ἐπὶ
3111 1478 3205 1531 τοῦ
3228 1476 3399 1544 δεξιοῦ
3425 1479 3601 1549 κέρως
3630 1477 3987 1546 τεταγμένων

2434 1571 2719 1641 Ῥωμαίων
2772 1571 2899 1633 τοὺς
2939 1569 3149 1623 ἐκεῖθεν
3191 1569 3619 1641 λυμαινομένων,
3655 1567 3766 1621 τῶν
3803 1567 3865 1618 δέ
3892 1566 3987 1618 ἐπὶ

2425 1664 2628 1733 θάτερα
2648 1665 2773 1727 τοὺς
2795 1663 3035 1734 ἐτέρους.
3069 1662 3224 1717 Οὕτω
3248 1680 3309 1716 τε
3332 1664 3383 1716 oi
3409 1664 3667 1734 ἄτρακτοι
3697 1659 3989 1731 παραλλὰξ

776 1749 832 1803 in
861 1749 1088 1803 sinistro
1110 1761 1280 1799 cornu
1308 1755 1485 1808 erant,
1515 1761 1609 1800 eos
1637 1744 1731 1815 qui
1763 1744 1815 1797 in
1845 1745 2014 1797 altera
2044 1761 2057 1794 :
2093 1758 2328 1812 cumque
2426 1758 2439 1809 ι

2326 1768 2328 1791 ⁵
2359 1821 2395 1828 _
2426 1758 2483 1821 ἐς
2515 1757 2771 1813 τάναντία
2807 1757 3116 1828 φερόμενοι,
3160 1757 3253 1810 καὶ
3301 1756 3447 1809 ἆπαν
3490 1754 3553 1807 τὺ
3594 1752 3989 1823 παρεμπίπτον

776 1843 853 1897 ita
885 1841 989 1896 tela
1028 1839 1331 1894 alternatim
1359 1848 1589 1907 utraque
1614 1852 1680 1890 ex
1710 1845 1865 1907 parte
1894 1835 1946 1889 in
1992 1834 2327 1889 contrarium
2359 1821 2439 1902 Βε

2359 1821 2402 1877 Β
2426 1821 2832 1919 διαφθείροντες.
2854 1821 3160 1915 ἐλάνθανον,
3196 1846 3318 1902 οὔτε
3346 1821 3689 1916 φυλάξασθαι
3704 1821 3815 1897 τῶν
3854 1844 3990 1915 βαρ-

778 1934 1069 1997 ferrentur,
1114 1940 1171 1986 et
1200 1930 1460 2001 quidquid
1494 1930 1715 1984 obvium
1762 1938 1879 1984 erat
1918 1928 2326 1997 disperderent,

777 2027 991 2081 barbari
1020 2041 1193 2094 neque
1214 2026 1443 2077 telorum
1469 2024 1607 2077 ictus
1632 2023 1836 2077 evitare
1864 2030 2129 2091 poterant,
2154 2036 2330 2091 neque

776 2124 917 2177 unde
946 2121 1237 2175 ferirenlur
1266 2120 1400 2173 satis
1446 2118 1961 2172 animadvertebant.
2003 2117 2139 2170 Cum
2181 2118 2327 2172 enim

777 2215 1037 2270 Romanis
1084 2213 1313 2267 adversa
1361 2210 1540 2264 fronte
1576 2210 1811 2279 oppositi
1841 2218 2067 2277 starent,
2100 2209 2327 2279 singuli~

773 2325 881 2379 que
910 2308 961 2361 in
991 2308 1043 2361 id
1073 2315 1305 2369 tantum,
1336 2304 1479 2374 quod
1521 2318 1630 2373 piae
1669 2302 1922 2356 manibus
1950 2311 2089 2367 erat,
2134 2304 2327 2359 intenti

774 2402 1130 2471 respicerent,
1155 2409 1205 2453 et
1239 2399 1500 2452 adversus
1528 2395 1709 2464 gravis
1738 2405 2029 2450 armatura:
2050 2396 2248 2452 milites
2272 2400 2327 2452 in

773 2493 1057 2565 principiis
1105 2500 1313 2546 stantes
1360 2489 1766 2557 przeliareutur;
1820 2498 2099 2558 equestres
2147 2500 2327 2545 autem

776 2586 1087 2657 sagittarios
1122 2592 1304 2652 utpote
1334 2591 1480 2634 retro
1510 2580 1713 2648 positos
1740 2595 1847 2634 non
1878 2580 2252 2649 conspicerent
2275 2590 2331 2635 et

776 2682 1006 2735 telorum
1036 2676 1175 2730 ictus
1200 2688 1304 2728 non
1332 2673 1642 2743 pectoribus
1673 2672 1765 2726 sed
1801 2672 1964 2741 tergis
1985 2672 2326 2742 exciperent;

774 2786 885 2841 quo
914 2768 1038 2823 mali
1070 2766 1345 2821 venissent
1373 2764 1672 2833 intelligere
1698 2778 1806 2817 non
1838 2772 2105 2832 poterant.
2132 2762 2330 2819 Pleris-

775 2877 883 2933 que
900 2876 1030 2915 vero
1049 2874 1237 2913 eorum
1263 2872 1329 2911 ne
1357 2855 1638 2909 dubitandi
1668 2854 1883 2922 quidem
1916 2856 2331 2926 ambigendique

774 2956 843 3009 de
869 2953 936 3007 iis
961 2956 1083 3016 quae
1115 2950 1417 3018 agebantur
1463 2946 1617 3002 locus
1662 2946 2095 3015 relinquebatur;
2144 2951 2329 3002 statim

774 3060 900 3101 cum
950 3045 1069 3114 ipso
1109 3042 1219 3097 ictu
1262 3049 1437 3095 morte
1476 3053 1573 3095 eos
1624 3039 1966 3109 corripiuite.
2001 3038 2329 3098 Cadentibtts

2428 1939 2610 2011 ϐάρων
2646 1942 2773 1993 οἴων
2802 1957 2861 1993 τε
2890 1941 3242 2010 γιγνομένων,
3264 1938 3387 1993 οὔτε
3415 1939 3537 1993 ὅθεν
3570 1938 3859 2009 βάλλονται
3892 1954 3990 1991 σα-

2427 2035 2543 2105 φῶς
2594 2035 3031 2088 ἐπισκοπούντων
3056 2049 3071 2064 ·
3097 2033 3460 2103 ἀντιμέτωποι
3490 2034 3511 2063 ⁸
3553 2031 3662 2105 γάρ
3694 2032 3810 2094 τοῖς
3852 2030 3989 2082 Ῥω-

2429 2130 2609 2200 μαίοις
2634 2130 2885 2194 ἑστῶτες,
2910 2129 3003 2182 καὶ
3028 2130 3086 2191 ἐς
3114 2128 3272 2197 μόνον
3299 2128 3361 2181 τὺ
3386 2127 3505 2182 καθ’
3537 2127 3732 2189 αὐτοὺς
3760 2125 3839 2188 ὡς
3861 2124 3994 2177 ἐκα-

2428 2241 2544 2277 στοι
2591 2222 3005 2286 ἀποϐλέποντες,
3063 2221 3157 2275 καὶ
3202 2221 3338 2291 πρὸς
3390 2220 3489 2291 μὲν
3520 2219 3646 2281 τοὺς
3676 2217 3991 2288 ἔμπροσθεν

2425 2315 2646 2378 ὁπλίτας
2676 2317 2742 2368 ἐκ
2768 2315 2947 2386 χειρὸς
2975 2314 3380 2385 διαμαχόμενοι,
3401 2313 3529 2376 τοὺς
3550 2311 3609 2365 δέ
3630 2309 3993 2376 ἱπποτοξότας

2426 2407 2501 2472 ώς
2534 2408 2601 2477 δὴ
2627 2406 2818 2460 ὄπισθε
2855 2407 2875 2437 ³
2906 2406 3265 2476 τεταγμένους
3291 2405 3353 2458 οὐ
3384 2404 3527 2475 μάλα
3549 2403 3802 2476 δρῶντες,
3834 2403 3909 2456 τά
3930 2419 3991 2454 τε

2430 2502 2625 2572 στέρνα
2654 2500 2716 2553 οὐ
2748 2498 3081 2570 βαλλόμενοι,
3110 2497 3245 2552 ἀλλὰ
3276 2496 3347 2551 τὰ
3378 2497 3541 2564 νῶτα,
3569 2498 3669 2550 οὐκ
3695 2491 3846 2566 εἶχον
3874 2496 3993 2549 δια-

2426 2594 2749 2662 γιγνώσκειν
2780 2592 2803 2624 δ
2829 2586 2996 2661 οὗπερ
3040 2590 3332 2661 ἐτύγχανον
3366 2590 3517 2653 ὄντες
3549 2588 3742 2643 κακοῦ.
3777 2588 3907 2651 Τοῖς
3936 2586 3995 2639 δὲ

2428 2684 2697 2747 πλείστοις
2740 2682 2861 2737 οὐδὲ
2902 2682 2994 2735 τοῦ
3022 2682 3045 2713 ⁸
3081 2681 3357 2750 διαπορεῖν
3388 2682 3482 2733 καὶ
3506 2680 3893 2750 ἀμφιγνοῆσαι
3924 2677 3994 2729 τά

2429 2775 2728 2845 ποιούμενα
2757 2775 2911 2845 χώρα
2931 2774 3197 2842 ἐγίγνετο,
3227 2774 3343 2843 ἅμα
3380 2774 3445 2843 τῇ
3474 2771 3655 2840 πληγῇ
3678 2771 3780 2840 τῆς
3803 2770 3995 2823 τελευ-

2428 2866 2526 2934 τῆς
2554 2863 2940 2934 ἐπιφοιτώσης.
2973 2862 3285 2915 Πιπτόντων
3312 2858 3421 2930 γὰρ
3451 2858 3540 2911 ἀεὶ
3568 2856 3675 2908 τῶν
3697 2856 3884 2919 ἐκτὸς,
3908 2854 3996 2907 5-3-

2429 2959 2525 3022 θὺς
2554 2959 2604 3011 οί
2628 2957 2836 3011 ἔνδοθεν
2868 2955 3237 3023 ἀνεφαίνοντο,
3266 2955 3361 3006 καὶ
3390 2950 3581 3005 τούτου
3616 2947 3771 3019 θαμὰ
3800 2965 3996 3016 γιγνο-

2432 3052 2617 3123 μένου,
2644 3049 2846 3122 sepse;
2869 3049 3051 3112 αὐτοῖς
3078 3046 3147 3102 τά
3171 3044 3348 3119 πλήθη
3378 3043 3453 3109 ὡς
3480 3043 3705 3113 τάχιστα
3735 3042 3833 3096 καὶ
3856 3042 4000 3112 ἡφα-

776 3138 921 3192 enim
950 3152 1164 3204 semper
1190 3134 1577 3197 exterioribus,
1621 3134 1801 3187 statim
1835 3133 2150 3187 interiorum
2181 3142 2325 3203 terga
2355 3155 2400 3212 ρ
2430 3161 2439 3183 ς

2355 3155 2400 3212 c
2430 3142 2625 3206 νίζετο,
2672 3142 2768 3194 καὶ
2812 3144 2870 3204 ἐς
2915 3140 3203 3209 ὀλιγότητα
3238 3136 3531 3207 ὑπεχώρει.
3584 3137 3670 3189 Ἐν
3712 3135 3898 3205 τούτῳ
3940 3135 3999 3187 δὲ

774 3229 1155 3292 nudabantur,
1216 3240 1449 3294 cumque
1500 3224 1554 3279 id
1622 3224 1839 3278 assidue
1883 3226 2325 3294 continenterque

776 3323 946 3387 fleret,
981 3319 1153 3389 copiae
1176 3332 1341 3388 quam
1380 3317 1641 3372 citissime
1678 3314 2139 3371 Iabelactabantur
2164 3328 2327 3386 atque

774 3414 1087 3477 interibant,
1129 3419 1184 3465 et
1226 3409 1293 3464 ad
1323 3409 1645 3479 paucitatem
1684 3408 2082 3479 rcdigebantur.
2119 3410 2327 3464 Interea

777 3506 1005 3560 Sindual
1034 3511 1091 3571 et
1117 3500 1304 3557 Heruli
1332 3516 1456 3555 cum
1490 3500 1676 3571 pradio
1705 3499 2244 3570 appropinquassent,
2272 3503 2325 3556 in

776 3599 961 3653 hostes
993 3597 1299 3657 incurrunt,
1337 3593 1433 3662 qui
1476 3591 1747 3661 perfracta
1794 3600 2179 3662 penetrataque
2214 3592 2326 3648 Ro-

775 3705 1060 3745 manorum
1082 3688 1217 3751 acie,
1242 3686 1482 3755 reliquos
1499 3693 1897 3754 pmverterant.
1926 3684 2117 3739 Statim
2144 3686 2328 3757 itaque

774 3792 937 3853 atque
965 3782 1031 3834 ad
1062 3792 1253 3834 manus
1280 3788 1501 3832 ventum
1528 3786 1632 3842 est,
1662 3792 1895 3847 pugnam
1923 3792 2045 3832 cum
2079 3778 2160 3833 eis
2192 3793 2327 3834 con-

776 3884 967 3930 serunt
997 3892 1011 3927 :
1043 3882 1097 3926 at
1143 3871 1219 3925 illi
1268 3870 1545 3940 inopinato
1589 3870 1666 3924 rei
1705 3877 1899 3924 eventu
1932 3870 2186 3939 perculsi,
2217 3871 2327 3926 imo

775 3965 959 4034 potius
1001 3963 1228 4016 insidias
1254 3975 1378 4015 esse
1405 3959 1703 4029 suspicati,
1746 3958 2032 4013 confestim
2062 3960 2115 4012 in
2144 3959 2325 4029 fugam

777 4064 907 4111 sunt
951 4056 1127 4120 versi;
1179 4052 1487 4120 transfugas
1524 4051 1932 4115 insimulantes,
1974 4051 2117 4120 quod
2147 4052 2215 4106 ab
2247 4052 2327 4108 eis

774 4155 959 4203 essent
989 4143 1215 4214 decepti.
1250 4143 1477 4198 Sindual
1507 4158 1637 4197 vero
1665 4142 1862 4198 acriter
1887 4141 1998 4213 84
2023 4143 2104 4198 eis
2123 4143 2328 4213 absque

776 4242 886 4295 ulla
944 4237 1347 4294 intermissione
1398 4235 1656 4299 instabat,
1703 4235 1877 4289 donec
1927 4237 2065 4290 alios
2110 4236 2326 4305 quidem

775 4330 1253 4405 prostravit,alios
1273 4343 1406 4384 vero
1448 4330 1502 4383 in
1542 4330 1871 4384 vorticosum
1895 4328 2095 4383 ﬂumen
2125 4331 2322 4401 adegit.

776 4430 953 4497 Atque
981 4426 1053 4481 ita
1081 4425 1294 4481 llerulis
1320 4425 1373 4479 in
1399 4439 1557 4479 suum
1590 4424 1771 4477 locum
1806 4423 2055 4493 receptis,
2085 4426 2327 4479 vacuitas

2430 3233 2683 3289 Σίνδουάλ
2706 3250 2766 3286 τε
2793 3232 2886 3285 κα)⁸
2907 3234 2957 3285 οἱ
2983 3230 3232 3299 Ἐρουλοι
3257 3229 3583 3289 πελάσαντες
3602 3230 3667 3297 τῇ
3694 3228 3874 3297 μάχῃ,
3897 3228 4000 3278 ὐπ-

2430 3329 2747 3393 αντιάζουσι
2782 3327 2890 3380 τῶν
2927 3325 3201 3395 πολεμίων
3248 3327 3358 3387 τοῖς
3394 3320 3841 3393 διαπεραιωθεῖσι
3898 3322 4000 3391 τὴν

2430 3421 2734 3492 παράταξιν
2761 3419 2856 3473 καί⁵
2886 3417 3271 3489 προελαμένοις
3300 3417 3341 3469 ⁸.
3364 3415 3573 3468 Λύτίκα
3597 3415 3660 3483 δὴ
3685 3410 3785 3467 οὖν
3812 3414 4001 3478 αὐτοῖς

2430 3519 2489 3581 ἐς
2520 3520 2705 3587 χεῖρας
2735 3514 2978 3576 ἐλθόντες
3003 3511 3164 3582 ἔργου
3197 3513 3420 3581 εἴχοντο·
3450 3510 3501 3563 ol.
3528 3510 3585 3562 δὲ
3610 3508 3690 3578 τῷ
3724 3509 4001 3578 ἀπροσδο-

2428 3615 2581 3683 κήτῳ
2611 3610 3071 3678 καταπληγέντες,
3119 3607 3211 3660 καὶ
3248 3604 3447 3675 μᾶλλον
3482 3603 3704 3673 ἐνέδραν
3758 3597 3905 3655 εἶναι
3938 3601 4002 3654 τὸ

2430 3704 2621 3775 χρῆμα
2658 3702 3117 3773 ὑποτοπήσαντες,
3159 3698 3319 3763 εὐθὺς
3355 3699 3414 3761 ἐς
3452 3695 3628 3768 φυγὴν
3662 3697 3997 3769 ἐτράποντο,

2431 3792 2844 3864 καταιτιώμενοι
2865 3792 2990 3855 τοὺς
3014 3790 3507 3861 αὐτομολήσαντας,
3536 3789 3613 3852 ὡς
3636 3788 3702 3859 δὴ
3733 3789 3831 3843 ὑπ’
3851 3792 4001 3843 ἐκεί-

2429 3905 2539 3941 νων
2587 3884 3006 3956 ἐξηπατημένοι.
3037 3883 3104 3937 Ol
3138 3881 3197 3935 δὲ
3242 3881 3385 3952 ἀμφὶ
3412 3879 3664 3934 Σίνδουαλ
3702 3880 3809 3934 οὐκ
3851 3882 3999 3935 ἀνίει

2432 3996 2533 4033 σαν
2555 3980 2597 4044 ',
2627 3978 2741 4032 ἀλλ’
2761 3977 3047 4040 ἐνέκειντο,
3079 3975 3184 4037 ἕως
3213 3974 3337 4037 τοὺς
3361 3972 3459 4044 μέν
3486 3974 3921 4044 κατεστόρεσαν,
3948 3975 3999 4025 οἱ

2429 4072 2487 4125 δέ
2506 4072 2562 4135 ἐς
2586 4070 2685 4134 τὰς
2712 4068 2806 4123 τοῦ
2840 4065 3084 4138 ποταμοῦ
3117 4064 3373 4131 ἐξέπεσον
3411 4064 3580 4127 δίνας.
3605 4063 3767 4117 Οὕτω
3796 4082 3863 4118 τε
3891 4065 4001 4118 τῶν

2442 4160 2708 4232 Ἔρούλων
2742 4157 2820 4229 τῷ
2864 4158 3108 4228 σφετέρῳ
3136 4156 3299 4228 χώρῳ
3334 4154 3811 4223 ἐγκαταστάντων,
3846 4157 3913 4210 τό
3942 4174 4000 4210 τε

2431 4252 2651 4321 κένωμα
2673 4248 2993 4319 ἐπληροῦτο,
3027 4249 3121 4301 καὶ
3138 4249 3172 4317 ἠ
3202 4244 3413 4315 φάλαγξ
3443 4246 3885 4314 συνεκέκλειστο,
3910 4249 4001 4301 καὶ

2429 4342 2679 4396 τολοιπὺν
2723 4342 2773 4394 οί
2815 4327 3074 4411 Φράγγοι,
3110 4338 3358 4409 καθάπερ
3383 4340 3465 4401 είς
3488 4338 3660 4407 ἄρκυς
3699 4338 4001 4409 ξυνειλημ-

2435 4433 2605 4503 μένοι,
2630 4432 2928 4486 ἐκτείνοντο
2967 4430 3247 4485 πάντοθεν.
3281 4431 3354 4484 Ἦ
3391 4446 3451 4483 τε
3481 4429 3591 4500 γὰρ
3614 4429 3772 4495 τάξις
3810 4432 4002 4495 quasi;

775 4520 869 4573 illa
924 4519 978 4572 in
1022 4518 1201 4573 medio
1239 4517 1511 4571 exercitus
1552 4515 1799 4585 suppleta
1848 4524 1952 4581 est,
2000 4523 2055 4569 et
2093 4516 2328 4585 phalanx
2362 4497 2438 4559 DQ

2362 4497 2404 4551 θ
2427 4497 2727 4577 τελεώτατα
2751 4522 3037 4589 διελέλυτο,
3068 4521 3161 4576 καὶ
3190 4520 3357 4591 χύδην
3385 4521 3478 4575 ἐπὶ
3497 4497 3641 4589 σφᾶς
3674 4521 3999 4575 ὑπελίπον-

772 4612 956 4665 clausa
1000 4628 1015 4667 :
1061 4608 1360 4679 Francique
1403 4608 1655 4676 deinceps
1703 4606 1872 4660 veluti
1916 4606 2125 4661 retibus
2174 4607 2328 4662 invo-

776 4704 899 4765 luti,
932 4702 1078 4757 omni
1104 4716 1172 4755 ex
1208 4710 1359 4770 parte
1382 4699 1747 4755 caedebantur.
1774 4696 1909 4752 Nam
1944 4706 1998 4753 et
2018 4698 2153 4753 ordo
2185 4699 2330 4768 ipso-

2425 4632 2507 4679 το,
2528 4616 2629 4669 οὐκ
2656 4614 2867 4685 ἔχοντες
2890 4615 2921 4668 ὃ
2948 4631 3002 4667 τι
3039 4614 3134 4667 καὶ
3159 4614 3417 4681 γένοιντο.
3447 4613 3510 4665 υἱ
3539 4611 3597 4665 δὲ
3631 4612 3904 4681 Ῥωμαῖοι
3933 4612 3998 4665 οὐ

2430 4705 2589 4774 μόνον
2608 4706 2718 4767 τοῖς
2745 4704 2917 4770 τόξοις
2945 4703 3141 4765 αὐτοὺς
3164 4702 3473 4771 διεχρῶντο,
3498 4699 3633 4754 ἀλλὰ
3658 4700 3723 4753 τό
3749 4717 3812 4753 τε
3837 4701 4001 4754 ὁπλι-

775 4810 895 4848 rum
941 4794 1158 4864 penitus
1199 4801 1318 4848 erat
1355 4792 1684 4855 dissolutus,
1724 4799 1779 4845 et
1817 4788 2047 4845 confuse
2088 4791 2231 4845 inter
2273 4809 2332 4847 se
2426 4812 2438 4842 ε

2426 4795 2576 4848 τικδν
2607 4795 2701 4848 καὶ
2731 4795 2782 4847 οί
2810 4793 2956 4863 ψιλοὶ
2982 4793 3244 4865 ἐπῄεσαν,
3272 4792 3496 4864 δοράτιά
3520 4807 3581 4845 τε
3611 4791 4000 4854 ἀκοντίζοντες

773 4888 1232 4957 glomerabantur,
1258 4885 1385 4954 quid
1412 4884 1652 4939 facerent
1673 4882 1868 4955 ignari.
1893 4881 2125 4937 Romani
2147 4893 2328 4939 autem
2427 4904 2436 4937 :

2427 4888 2522 4940 καὶ
2568 4888 2681 4950 τοῖς
2728 4886 2936 4948 κόντοις
2975 4883 3343 4954 διωθούμενοι,
3385 4883 3477 4937 καὶ
3512 4886 3635 4944 ταῖς
3688 4882 4000 4951 μαχαίραις

774 4996 881 5034 non
927 4980 1101 5033 solum
1146 4978 1357 5048 sagittis
1390 4991 1485 5031 eos
1526 4975 1942 5037 interficiebant,
1983 4977 2076 5029 sed
2106 4985 2161 5029 et
2198 4992 2323 5046 gra-
2430 4994 2437 5029 :

2430 4977 2875 5047 κατατέμνοντες,
2904 4975 2959 5028 οἴ
2983 4991 3044 5027 τε
3076 4976 3260 5037 ίππεῖς
3293 4972 3694 5042 ὑπερκερώσεις
3724 4972 4001 5040 ποιοῦμεν

772 5074 942 5126 vioris
980 5081 1035 5125 et
1066 5071 1286 5125 levioris
1332 5079 1621 5123 armaturae
1664 5070 1862 5122 milites
1905 5067 2099 5123 invecti
2141 5068 2325 5122 hastas
2428 5088 2435 5107 ε

2428 5087 2507 5128 νοι
2534 5069 2854 5138 ὑπεδέχοντο
2877 5066 3071 5129 αὐτοὺς
3108 5066 3238 5118 εἵσω
3266 5065 3361 5117 καὶ
3389 5062 3793 5133 ἀπελάμϐανον.
3828 5064 3892 5115 Εἰ
3930 5063 3999 5116 δέ

775 5170 828 5222 in
867 5183 962 5222 eos
988 5166 1328 5235 torquebant,
1369 5177 1421 5219 et
1452 5165 1629 5219 contis
1669 5163 2039 5234 proﬂigabant,
2070 5164 2321 5217 ensibus-
2425 5179 2438 5210 η

2425 5178 2478 5215 τι
2510 5162 2687 5215 αὐτῶν
2712 5160 2798 5231 [Ρ.
2829 5158 2919 5231 Mi]
2952 5158 3045 5213 καὶ
3064 5157 3284 5226 διέφυγε
3313 5156 3381 5210 τὰ
3415 5154 3560 5225 ξίφη,
3593 5156 3641 5207 οί
3672 5154 3730 5207 δὲ
3757 5157 3831 5225 τῇ
3862 5152 4000 5207 διώ-

769 5276 878 5331 que
906 5258 1331 5323 obtruncabant;
1379 5258 1589 5326 equites
1620 5257 1780 5310 etiam
1819 5256 2053 5310 diductis
2095 5256 2193 5309 alis
2224 5270 2321 5328 eos
2426 5268 2432 5307 ι

2426 5255 2504 5322 ξει
2542 5252 2919 5323 ἐκϐιαζόμενοι
2975 5251 3034 5313 ἐς
3074 5251 3165 5303 τὸν
3201 5248 3441 5320 ποταμὸν
3478 5246 3863 5320 κατεφέροντο,
3897 5248 4000 5301 καὶ

1992 5461 2226 5519 νΑιιιᾱι
2251 5458 2649 5517 LECTIONES.

846 5644 1233 5714 -αντιμέτωπα
1400 5642 1843 5714 ’δπισθεννιιὶιῶ
1908 5642 2255 5711 δδιαγινώσκ.
2296 5642 2451 5714 vulg.
2526 5640 2667 5714 '10:?
2694 5639 2888 5714 Lugd},
2936 5643 2997 5693 τὸ
3048 5640 3115 5703 R,
3163 5639 3271 5714 τῶν
3298 5640 3442 5714 _Par.
3478 5634 3874 5714 άμφαγνοῇσαι
3923 5632 3997 5689 R.

769 5718 791 5748 ‘
820 5704 1219 5785 προαλάμένοις
1270 5713 1467 5785 Lugd.,
1532 5704 1959 5785 προαλλαμένοις
2032 5704 2094 5777 ll,
2151 5704 2556 5785 προαλωμὲνοις
2607 5712 2729 5785 edd.
2763 5704 2805 5785 A'
2831 5713 3087 5785 ξ’άνίεσαν
3124 5739 3192 5751 -
3226 5710 3491 5762 ἐνέκειντο
3526 5704 3588 5776 JK
3632 5704 3784 5777 (cn),
3819 5706 3999 5775 impr.

770 5780 1157 5840 intinnittéudo
1180 5813 1251 5826 -
1270 5780 1515 5847 institit,
1539 5780 1844 5854 ἀνῄεσανὲ-
1864 5783 2072 5838 ἔκειντο
2106 5780 2276 5854 vulg.,
2313 5780 2484 5853 Lugd.
2518 5799 2627 5854 mg.
2652 5781 2735 5835 ίσ.
2759 5781 3044 5837 ἐνέκειντο.
