4212 6438
204 415 337 482 1349

1319 402 1857 467 HISTORIARUM
1888 400 2122 464 LIBER
2151 400 2235 461 ΙΙ.

3299 398 3436 466 1350

202 524 519 597 ὑποϐρύχιοι
542 520 854 594 γιγνόμενοι
876 518 1159 591 ἐθνησκονο
1188 500 1399 589 οἰμωγή
1422 534 1481 571 τε
1506 516 1734 587 ἡκούετο
1750 516 1773 546 ⁸
1800 526 1843 578 Α

1769 522 1773 544 ι
1800 526 1843 578 Α
1872 507 2882 574 circumveniebantctconcludcbant;
2913 506 3071 578 siqui
3096 521 3224 562 vero
3241 523 3432 567 eorum

203 614 515 687 ἅπανταχοῦ
561 615 670 667 τῶν
711 612 1002 684 βαρϐάρων
1037 610 1363 682 οἰκτρότατα
1386 608 1765 678 διολλυμένωψ

201 710 360 770 αὑτός
392 725 454 760 τε
482 707 546 778 δὴ
578 702 671 760 οὖν
704 704 1004 767 Βουτιλῖνος
1032 703 1062 756 ό
1091 701 1391 773 στρατηγὸς
1434 701 1529 753 καὶ⁹
1563 698 1682 751 ὅλον
1709 697 1772 752 τὸ

203 800 521 869 στράτευμα
549 794 897 866 πανωλεθρίᾳ
917 791 1199 864 ἠφάνιστο,
1242 793 1300 845 ἐν
1324 793 1436 857 τοῖς
1464 790 1559 844 καλ⁵
1585 790 1635 842 οἱ
1662 788 1771 841 τῶν

214 886 482 958 Ἑρούλων
514 885 621 956 πρὸ
661 884 823 955 τῆσδε
862 886 963 955 τῆς
1000 882 1321 953 συμπλοκῆς
1349 883 1369 914 ⁸
1417 879 1769 952 μεταϐάντες,

200 980 297 1032 καὶ
324 977 495 1039 οὐδεὶς
519 978 665 1039 ὅστις
684 974 794 1029 τῶν
822 974 1116 1045 Γερμανῶν
1138 976 1195 1037 ἐς
1220 972 1290 1026 τὰ
1323 973 1525 1042 πάτρια
1553 970 1772 1042 ἐνόστη-

202 1086 293 1122 σεν
320 1068 449 1138 ἤθη,
483 1067 564 1119 ὅτι
598 1066 675 1136 μὴ
700 1065 861 1118 πέντε
884 1064 1075 1136 ἄνδρες
1096 1063 1364 1134 ὁτιρδηοῦν
1384 1065 1573 1135 τρόπῳ
1598 1062 1775 1117 διαδε-

199 1159 479 1231 δρακότες.
510 1156 634 1220 Πῶς
668 1156 725 1209 δὲ
758 1157 857 1210 οὑκ
895 1155 962 1210 ἂν
997 1155 1083 1225 είη
1109 1156 1152 1187 ¹⁶
1179 1154 1451 1227 ἀρίδηλον,
1478 1154 1553 1218 ὡς
1580 1152 1773 1217 ποινὰς

203 1249 439 1318 ὑπέσχον
471 1246 580 1300 τῶν
600 1246 976 1317 ἀδικημάτων,
1007 1245 1104 1299 καὶ
1147 1244 1423 1315 ὑπερτέρα
1455 1261 1539 1307 τις
1577 1242 1774 1306 αὐτοὺς

207 1338 470 1409 μετῆλθεν
494 1338 741 1407 ἀνάγκης
783 1337 840 1391 ’0
874 1335 973 1404 μὲν
1000 1336 1107 1406 γάρ
1137 1335 1328 1407 μυρίος
1360 1336 1562 1398 ἐκεῖνος
1590 1334 1774 1404 ὅμιλος

201 1431 313 1484 τῶν
342 1430 605 1501 Φράγγων
628 1445 688 1483 τε
718 1428 811 1481 καὶ
843 1427 1180 1499 ’Δλαμανῶν,
1208 1427 1302 1480 καὶ
1323 1426 1432 1480 τῶν
1451 1428 1566 1479 ὅσοι
1591 1424 1656 1496 δὴ
1679 1423 1776 1478 αύ-

200 1524 318 1584 τοῖς
345 1518 504 1589 τυχὸν
535 1519 715 1589 ἕτεροι
755 1519 848 1572 τὸν
891 1518 1121 1590 πόλεμον
1164 1518 1577 1590 ξυνδιήνεγκαν,
1606 1518 1774 1589 ἄρδην

206 1614 548 1682 ἀνήρπαστο,
583 1611 735 1681 μόνοι
778 1610 835 1664 δέ
861 1610 1189 1683 ὀγδοήκοντα
1218 1610 1326 1663 τῶν
1368 1608 1653 1681 Ῥωμαίων
1680 1608 1776 1664 ἇν-

206 1704 334 1773 δρες
385 1701 673 1765 ἀπέθανον,
706 1699 756 1754 οἳ
800 1700 865 1773 δὴ
915 1702 1206 1771 ἐτύγχανον
1239 1700 1626 1771 ὑποδεξάμενοι
1676 1701 1776 1773 τὴν

208 1792 434 1865 πρώτην
461 1792 694 1864 ἐμϐολὴν
721 1793 829 1846 τῶν
850 1793 1140 1863 πολεμίων.
1181 1794 1534 1864 Ἦρίστευσαν
1559 1792 1617 1847 δὲ
1637 1794 1697 1847 ἐν
1730 1795 1771 1826 ¹¹

1869 618 2035 660 enses
2068 602 2391 672 eliugcrant.
2428 603 2483 657 hi
2518 601 2619 671 ipsi
2657 601 3037 656 insectantium
3078 602 3128 656 vi
3168 604 3432 673 compulsi

1869 695 2174 767 praecipites
2208 695 2261 748 in
2305 693 2504 748 flumen
2550 692 2881 756 ferebantur,
2933 690 3178 747 barbaris
3228 693 3432 762 passim

1870 787 2177 842 miserrime
2210 787 2585 857 pereuntibus.
2632 784 2751 854 Ipse
2800 785 2986 854 itaque
3021 783 3129 838 dux
3162 784 3433 842 Butilintts

1871 894 1998 935 cum
2046 880 2298 933 universo
2349 878 2589 932 exercitu
2640 876 2708 932 ad
2764 874 3190 931 internecionem
3232 878 3429 946 periit:

1872 972 2014 1027 inter
2044 988 2180 1042 quos
2204 972 2369 1025 etiam
2398 969 2471 1023 illi
2494 968 2677 1025 Heruli
2707 968 2801 1038 qui
2828 977 2952 1023 ante
2977 968 3220 1037 praelium
3250 979 3432 1025 trans-

1871 1062 2156 1135 fugerant;
2200 1075 2374 1132 neque
2406 1060 2690 1130 quisquam
2726 1074 2757 1114 e
2781 1058 3069 1114 Germanis
3097 1060 3162 1113 ad
3192 1074 3323 1115 suos
3348 1069 3435 1115 est

1876 1171 2145 1219 reversus,
2178 1165 2369 1226 praeter
2391 1153 2634 1223 quinque
2663 1152 2830 1217 viros,
2859 1165 3184 1222 quocunque
3212 1150 3430 1206 tandem

1871 1248 2033 1304 modo
2081 1247 2157 1303 illi
2192 1246 2491 1302 evaserint.
2527 1243 2774 1311 Quonam
2816 1258 2945 1300 vero
2998 1253 3156 1313 pacto
3204 1258 3314 1298 non
3360 1243 3435 1298 sit

1872 1340 2221 1412 perspicuum
2257 1352 2352 1393 eos
2379 1336 2672 1407 impietatis
2718 1350 2831 1392 suae
2861 1351 3050 1406 poenas
3097 1334 3285 1401 luisse,
3333 1351 3431 1389 su-

1874 1433 2088 1502 periore
2118 1429 2352 1499 quadam
2384 1428 2711 1484 necessitate
2742 1427 2875 1498 ipsis
2909 1425 3298 1482 incumbente?
3340 1426 3431 1481 ln-

1872 1522 2024 1577 fiuita
2054 1521 2163 1592 85
2196 1522 2340 1576 enim
2375 1521 2460 1575 illa
2490 1519 2821 1575 Francorum
2856 1520 3056 1590 pariter
3091 1527 3146 1574 et
3174 1516 3434 1573 Aleman-

1872 1630 2069 1671 norum
2120 1614 2298 1679 turba,
2351 1622 2404 1667 et
2447 1620 2713 1683 quotquot
2759 1610 2851 1666 alii
2902 1610 3106 1666 sociale
3140 1626 3265 1666 cum
3300 1608 3434 1679 ipsis

1873 1706 2073 1762 bellum
2105 1716 2405 1777 gesserant,
2441 1704 2659 1775 penitus
2692 1704 2853 1758 deleti
2881 1716 3041 1769 sunt;
3082 1701 3184 1757 soli
3208 1716 3337 1757 vero
3363 1716 3433 1757 ex

1873 1795 2137 1853 Romanis
2169 1797 2443 1867 octoginta
2486 1795 2581 1850 viri
2611 1794 2920 1858 desiderati,
2954 1795 3046 1865 qui
3079 1794 3295 1863 quidem
3322 1791 3435 1863 pri-

197 1882 338 1953 τῷδε
366 1883 443 1952 τῷ
470 1883 615 1953 ἐργῳ
644 1883 751 1936 τῶν
784 1884 882 1953 μὲν
912 1884 1231 1954 Ῥωμαϊκῶν
1257 1883 1550 1953 ταγμάτων
1583 1884 1770 1955 σχεδόν
1804 1865 1847 1921 Β

1768 1904 1770 1922 ¹
1804 1865 1847 1921 Β
1876 1906 2025 1946 mum
2056 1865 2603 1958 hostium—impetum
2638 1896 2983 1957 exceperant.
3020 1884 3075 1940 In
3110 1887 3213 1941 hoc
3250 1893 3431 1941 autem

198 1990 260 2026 ⁸τι
307 1974 566 2037 ἅπαντες,
631 1973 920 2046 βαρϐάρων
981 1974 1037 2028 δὲ
1094 1974 1203 2028 τῶν
1263 1974 1771 2048 ξυστρατευομένων

213 2062 523 2133 Ἀλίγερνος
559 2065 589 2117 ὁ
619 2063 813 2126 Γότθος
836 2064 1040 2136 (παρῆν
1057 2067 1166 2135 γάρ
1198 2064 1289 2118 καὶ
1314 2064 1371 2128 ὃς
1401 2065 1457 2117 ἐν
1478 2066 1544 2135 τῇ
1579 2064 1769 2137 μάχῃ),

201 2156 460 2209 Σίνδουάλ
486 2173 547 2208 τε
580 2159 609 2210 ὁ
639 2157 749 2210 τῶν
780 2157 1043 2229 Ἐρούλων
1069 2158 1397 2227 στρατηγὸς,
1421 2159 1514 2211 καὶ
1545 2156 1694 2210 οὐδέν
1721 2174 1773 2210 τι

200 2248 426 2299 ἔλαττον
450 2246 576 2317 ἔσχε
603 2247 713 2300 τῶν
748 2247 940 2301 ἄλλων.
971 2247 1245 2311 Ἅπαντες
1268 2247 1323 2300 δὲ
1354 2247 1445 2299 τὸν
1470 2246 1691 2317 Ναρσῆν
1714 2247 1774 2299 ἐν

198 2340 415 2411 ἐπαίνῳ
461 2341 739 2394 ἐποιοῦντο
783 2341 876 2393 καὶ
915 2338 1320 2410 ἀπεθαύμαζον,
1362 2339 1436 2403 ὡς
1464 2340 1530 2411 τῇ
1564 2340 1772 2393 ἐκείνου

202 2434 522 2504 προμηθείᾳ
551 2437 644 2488 ἐπὶ
679 2434 820 2505 μέγα
842 2433 997 2506 δόξης
1027 2437 1388 2505 χωρήσαντες.

288 2640 341 2685 ι’.
379 2634 521 2705 Νίκη
567 2633 674 2704 γὰρ
700 2633 842 2687 οὕτω
877 2633 1104 2704 λαμπρά
1136 2632 1231 2686 καὶ
1263 2633 1548 2704 διαφανὴς.
1587 2634 1682 2688 καὶ
1718 2636 1777 2701 ἐς

201 2726 330 2779 τόδε
351 2726 651 2796 ὑπερϐολῆς
676 2726 1007 2796 προελθοῦσα
1029 2730 1089 2780 οὑ
1119 2728 1333 2798 ῥᾳδίως,
1354 2724 1528 2798 οἶμαι,
1554 2730 1660 2782 ἀνά
1687 2730 1777 2783 τὸν

203 2820 517 2891 ἔμπροσθεν
569 2821 767 2891 χρόνον
797 2820 967 2893 ἑτέρῳ
1011 2836 1089 2892 τῳ
1128 2820 1441 2893 ξυνηνέχθη.
1476 2821 1538 2877 Εἰ
1579 2821 1780 2885 δὲίπου

204 2916 324 2985 ἄρα
371 2914 463 2965 καὶ
498 2913 673 2984 ἕτεροι
720 2912 980 2984 πρότερον
1032 2912 1388 2983 παραπλήσια
1442 2916 1553 2977 τοῖς
1595 2915 1777 2984 Φράγ-

204 3024 334 3076 τοις
367 3006 409 3037 ¹¹
437 3005 786 3068 πεπόνθασιν,
817 3005 933 3059 ἀλλ’
955 3004 1137 3076 εὕροις
1168 3022 1230 3073 γε
1265 3006 1331 3059 ἂν
1362 3006 1456 3060 καὶ
1478 3008 1522 3039 ⁸³
1541 3008 1778 3072 ἐκείνους

204 3100 429 3160 ἀδικίας
458 3098 615 3151 ἕκατι
645 3097 1060 3167 διαφθαρέντας.
1089 3099 1251 3159 Δάτις
1286 3098 1385 3168 μὲν
1413 3098 1520 3170 γὰρ
1548 3099 1713 3155 πάλαι
1749 3103 1778 3154 ό

1870 1984 2058 2055 pralio
2083 1993 2303 2038 strenue
2328 1997 2443 2036 rem
2482 1990 2764 2052 gesserunt
2797 1996 2828 2035 e
2850 1978 3107 2035 Romanis
3130 1978 3451 2049 legionibus.

1872 2073 1985 2130 fere
2011 2088 2228 2140 omnes;
2261 2088 2327 2128 ex
2347 2072 2705 2127 auxiliaribus
2726 2085 2854 2126 vero
2874 2069 3121 2126 barbaris
3140 2070 3433 2142 Aligernus

1871 2167 1962 2222 ille
1990 2166 2201 2221 Gothus
2222 2164 2380 2237 (nam
2404 2173 2458 2219 et
2479 2165 2594 2235 ipse
2618 2163 2891 2219 conﬂictui
2918 2162 3195 2232 interfuit)
3225 2171 3279 2216 et
3305 2161 3431 2215 Sitt-

1872 2260 2004 2316 dual
2040 2258 2363 2314 Herulorttm
2398 2258 2508 2312 dux
2560 2257 2731 2312 nihilo
2776 2257 2899 2312 aliis
2937 2255 3183 2311 inferior.
3232 2254 3437 2310 Omnes

1873 2366 2006 2407 vero
2034 2349 2314 2406 Narsetent
2346 2349 2601 2403 laudibus
2631 2348 2963 2404 extollebant
2991 2357 3152 2419 atque
3194 2346 3435 2402 admira-

1876 2445 2107 2512 bantur,
2153 2452 2411 2514 tanquam
2452 2441 2623 2514 ipsius
2663 2441 2951 2513 prudentia
2981 2442 3048 2497 ad
3080 2448 3282 2496 tantam
3318 2440 3436 2511 glo-

1875 2538 2013 2593 riam
2048 2537 2245 2592 evecti.

1948 2626 2039 2683 10.
2068 2629 2219 2684 Adeo
2248 2629 2394 2685 enim
2424 2626 2693 2683 illustrem
2722 2640 2787 2680 ac
2813 2624 3170 2695 splendidam,
3194 2625 3440 2697 adeoque

1877 2721 2231 2777 excellentem
2260 2722 2545 2777 victoriam
2567 2735 2675 2776 non
2706 2719 2865 2774 facile
2895 2719 3215 2775 crediderim
3242 2719 3440 2790 priori-

1877 2815 2229 2872 bus.saeculis
2270 2817 2526 2889 cuiquam
2567 2811 2847 2887 obtigisse.
2898 2810 2955 2866 Si
2994 2813 3085 2886 qui
3120 2813 3440 2872 veroetiam

1878 2909 1972 2965 alii
2003 2911 2235 2965 antehae
2262 2926 2371 2965 non
2403 2910 2706 2964 absimilem
2739 2907 2946 2963 cladem
2975 2918 3318 2978 acceperunt,
3354 2925 3440 2964 re-

1878 3003 2061 3074 peries
2089 3012 2145 3058 et
2176 3003 2297 3058 illos
2347 3002 2417 3057 ob
2452 3002 2653 3071 injusta
2703 3001 2976 3070 impiaque
3021 3001 3262 3071 ipsorum
3294 3001 3440 3058 facta

1878 3096 2123 3166 periisse.
2155 3095 2307 3150 Datis
2343 3096 2490 3149 enim
2540 3093 2669 3148 olim
2715 3092 2860 3147 Darii
2908 3102 3124 3162 satrapa
3175 3094 3266 3149 ubi
3313 3110 3440 3150 cum

205 3192 441 3260 Δαρείου
467 3190 749 3260 σατράπης
770 3190 885 3259 ἅμα
907 3189 1271 3261 στρατεύματι
1296 3192 1369 3243 Πε
1379 3191 1566 3263 ρσικῷ,
1587 3193 1777 3263 Μαρα-
1807 3196 1851 3256 C

1775 3196 1851 3256 »ο
1882 3188 2170 3243 Persarum
2218 3190 2458 3243 exercitu
2501 3185 2871 3242 Marathonem
2907 3187 3163 3251 venisset,
3206 3186 3438 3243 Atticam

208 3283 419 3336 θωνάδε
462 3282 507 3314 ⁸⁸
538 3281 836 3352 ἀφιγμένος
857 3282 1350 3353 ικαταστρέψασθαι
1391 3284 1487 3355 τὴν
1531 3286 1779 3358 Ἀττικὴν

211 3374 355 3445 ᾤετο
409 3373 626 3443 χρῆναι,
661 3374 756 3427 καὶ
785 3374 886 3443 μέν
917 3373 981 3445 δὴ
1020 3373 1114 3427 καὶ
1144 3374 1359 3428 ἃπασαν
1393 3376 1493 3445 τὴν
1533 3374 1777 3433 Ἐλλάδα.

214 3465 379 3518 Αίτία
424 3465 482 3518 δὲ
525 3459 593 3525 ἦν
637 3464 736 3533 τῆς
770 3464 959 3532 ἐφόδου
985 3466 1131 3519 ὅσιον
1165 3467 1263 3537 μὲν
1292 3466 1444 3519 οὑδέν
1475 3467 1518 3500 ⁸⁵
1553 3468 1675 3521 οὑδέ
1703 3468 1784 3521 δίο

214 3574 398 3613 καιον·
456 3557 541 3611 ὅτι
591 3557 649 3610 δέ
695 3555 917 3627 βασιλέα
965 3559 1208 3629 Δαρεῖον,
1253 3558 1330 3623 ὡς
1367 3558 1530 3625 ἔοικε,
1578 3560 1639 3614 τὸ
1681 3560 1783 3631 τῆς

230 3648 415 3712 Ἀσίας
446 3646 678 3720 μέγεθος
718 3648 818 3701 οὑκ
856 3647 1072 3719 ἐχώρει,
1103 3649 1238 3703 ἀλλά
1283 3650 1433 3704 δεινὰ
1463 3652 1695 3705 ἐποιεῖτο
1731 3654 1782 3706 εί

219 3739 304 3813 μὴ
324 3740 644 3810 χειρώσαιτο
672 3740 765 3793 καὶ
793 3738 893 3811 τὴν
917 3740 1207 3812 Εὐρώπην.
1237 3742 1423 3797 Ταῦτά
1453 3760 1536 3797 τοι
1562 3744 1657 3797 καὶ
1682 3746 1783 3816 ήσ-

219 3831 397 3885 σῶντο
423 3829 727 3901 ἀνακράτος
757 3830 862 3884 ὑπὸ
885 3831 1177 3886 Μιλτιάδου
1206 3834 1249 3865 ⁸⁸
1278 3835 1330 3887 οἱ
1366 3834 1558 3907 Μῆδοι.
1589 3835 1787 3889 Τοσοῦ-

216 3939 309 3974 τοι
355 3920 463 3991 γάρ
508 3920 687 3975 αὐτῶν
732 3921 791 3974 ἐν
837 3920 973 3992 τῷδε
1019 3922 1098 3993 τῷ
1123 3923 1269 3994 ἔργῳ
1297 3925 1615 3996 ἀνῄρηνται,
1645 3925 1786 3980 ὥστε

219 4012 421 4082 ἀμέλει
449 4013 554 4084 πρὸ
575 4012 676 4083 τῆς
709 4012 888 4085 μάχης
919 4014 1043 4078 τοὺς
1074 4016 1389 4087 Ἀθηναίους
1421 4018 1656 4088 (λέγεται
1679 4019 1788 4089 γὰρ

218 4102 393 4175 υῦτω)
415 4105 684 4174 χιμάρους
707 4104 751 4137 ⁸⁸
785 4105 1099 4176 ἰσαρίθμους
1124 4106 1232 4159 τῶν
1252 4106 1636 4179 ἀπολουμένων
1665 4108 1791 4162 δυσ-

225 4196 411 4267 μενῶν
442 4198 509 4266 τῇ
535 4195 809 4267 ⁹Λρτέμιδι
855 4196 898 4228 ⁸⁸
938 4196 1121 4250 θύσειν
1150 4197 1567 4266 ἀπειλήσαντας,
1600 4199 1658 4261 ἐς
1701 4215 1792 4252 το⁶

224 4287 420 4342 σοῦτον
447 4288 573 4357 ἵλεῳ
597 4288 838 4356 ἐντυχεῖν
862 4290 928 4358 τῇ
959 4289 1273 4361 Ἀγροτέρᾳ,
1301 4291 1395 4345 καὶ
1421 4290 1720 4345 ἀπόνασθαι
1746 4291 1790 4323 ¹⁹

1880 3295 1961 3346 se,
1995 3282 2103 3335 imo
2134 3296 2262 3334 vero
2290 3280 2602 3334 universam
2636 3276 2920 3344 Grarciam,
2965 3293 3282 3335 eversurum
3314 3294 3443 3350 spe-

1881 3374 2059 3427 rabat.
2088 3371 2265 3427 Causa
2297 3386 2425 3425 vero
2452 3371 2810 3441 expeditionis
2854 3386 3028 3442 neque
3068 3388 3222 3441 aequa
3267 3387 3444 3442 neque

1879 3464 2029 3535 justa
2063 3474 2213 3529 erat;
2255 3462 2351 3519 sed
2392 3477 2517 3518 cum
2556 3461 2776 3517 Darium
2826 3478 3034 3534 regem,
3085 3464 3164 3519 uti
3206 3465 3440 3532 videtur,

1881 3555 2029 3610 Asia:
2064 3555 2380 3625 magnitudo
2406 3569 2513 3608 non
2537 3562 2775 3624 caperet,
2802 3568 2965 3624 grave
2993 3553 3097 3623 ipsi
3124 3553 3444 3609 molestum-

1883 3663 1990 3717 que
2016 3656 2133 3703 erat
2178 3647 2281 3702 nisi
2331 3646 2494 3702 etiam
2530 3644 2799 3715 Europam
2843 3645 3158 3715 subjugaret
3190 3664 3204 3700 :
3238 3646 3443 3703 idcirco
3550 3674 3555 3677 τ

1882 3740 2045 3796 etiam
2081 3754 2293 3794 summa
2329 3740 2380 3793 vi
2414 3738 2615 3793 devicti
2649 3747 2776 3793 sunt
2813 3753 2843 3792 a
2877 3736 3115 3794 Miltiade
3143 3737 3303 3794 Medi.
3340 3737 3446 3796 Tot

1884 3834 2030 3889 enim
2061 3833 2130 3888 ab
2158 3833 2276 3904 ipso
2305 3849 2359 3889 tn
2384 3832 2476 3886 illo
2511 3831 2697 3902 praelio
2725 3832 2848 3887 caesi
2881 3830 3129 3898 fuerunt,
3175 3842 3236 3887 ut
3272 3833 3441 3890 Athe-

1878 3927 2120 3991 nienses,
2150 3940 2273 3980 cum
2304 3933 2431 3979 ante
2458 3938 2694 3994 pugnam
2724 3922 2836 3993 (ita
2867 3920 3011 3978 enim
3048 3922 3253 3995 fertur)
3291 3938 3445 3980 com-

1885 4017 2075 4073 minati
2122 4026 2345 4081 essent,
2395 4032 2454 4071 se
2492 4016 2713 4070 totidem
2763 4029 2991 4071 numero
3032 4016 3213 4072 hircos
3262 4015 3444 4072 Dianae

1888 4111 2294 4168 sacrilicaturos
2324 4110 2435 4181 86
2466 4119 2596 4178 quot
2626 4109 2810 4164 hostes
2848 4108 3265 4178 interfecissent,
3306 4111 3442 4166 adeo

1891 4204 2176 4275 propitiam
2207 4203 2495 4258 habuerint
2522 4202 2849 4257 venatricem
2870 4201 3028 4256 deam
3057 4202 3299 4273 adeoque
3317 4218 3444 4273 pro-

1889 4308 2044 4363 spere
2069 4302 2414 4356 venarentur,
2457 4304 2515 4346 ut
2550 4300 2799 4361 suscepta
2838 4302 2961 4347 vota
3004 4291 3313 4362 persolvere
3350 4308 3444 4348 ue-

222 4380 329 4449 τῆς
357 4378 634 4449 εὑθηρίας,
656 4379 713 4442 ἐς
745 4379 867 4432 ὅσον
898 4378 973 4449 μὴ
1007 4380 1153 4443 οἴους
1180 4398 1238 4434 τε
1264 4382 1516 4450 γενέσθαι
1546 4383 1608 4435 τὸ
1637 4399 1792 4455 χαρι-

1778 4412 1792 4424 -
1889 4385 2122 4455 quirent,
2173 4386 2267 4439 sed
2312 4382 2631 4439 sacriiicatis
2676 4383 2839 4438 etiam
2891 4384 3112 4453 capellis
3161 4400 3441 4440 numerum

227 4473 451 4539 στήριον
480 4469 757 4534 ἀποτίσαι,
787 4468 905 4524 ἀλλ’
934 4471 978 4501 ³⁸
1001 4471 1272 4526 ἐπιλιπεῖν
1296 4472 1561 4543 θυομένας
1587 4474 1666 4528 ἐτι
1692 4474 1793 4539 τὰς

1783 4492 1793 4538 ;
1890 4491 2153 4531 casarum
2201 4490 2484 4546 exaequare
2522 4490 2627 4529 non
2677 4482 2916 4545 possent.
2955 4474 3161 4532 Xerxes
3188 4490 3316 4530 vero
3356 4476 3446 4532 ille

225 4557 418 4629 αἶγας,
449 4563 544 4616 καὶ
582 4562 716 4634 πρὸς
747 4563 1010 4619 ἀντίδοσιν
1053 4566 1128 4637 μὴ
1158 4567 1455 4639 διαρκέσαι.
1498 4570 1697 4642 Ξέρξης
1734 4572 1791 4625 δὲ
1822 4567 1865 4624 D

1783 4590 1791 4623 :
1822 4567 1865 4624 Β
1894 4580 2124 4635 magnus
2142 4573 2198 4620 et
2216 4564 2409 4621 Xerxis
2427 4565 2708 4631 miracula,
2732 4579 2991 4635 quonam,
3012 4565 3257 4631 obsecro,
3285 4566 3446 4620 modo

226 4653 439 4714 ἐκεῖνος
467 4654 497 4705 ό
521 4652 684 4716 πάνυ,
708 4654 804 4707 καὶ
833 4655 901 4708 τὰ
925 4655 1019 4708 τοῦ
1046 4654 1243 4727 Ξέρξου
1276 4658 1545 4729 θαύματα,
1576 4660 1654 4730 τῷ
1683 4661 1791 4730 ἀρα
1888 4700 1889 4705 η

1785 4681 1791 4714 ι
1888 4672 1920 4711 a
1946 4657 2146 4711 Graecis
2172 4658 2310 4712 victa
2332 4666 2477 4723 sunt,
2505 4672 2667 4727 quam
2696 4658 2839 4727 quod
2862 4657 2954 4711 ille
2978 4657 3194 4727 quidem
3217 4669 3268 4712 et
3295 4672 3448 4712 arro-

228 4757 299 4809 γε
336 4742 519 4813 τρόπῳ
546 4743 652 4795 ὑπὸ
677 4742 787 4797 τῶν
828 4744 1093 4818 Ἑλλήνων
1116 4750 1409 4819 νενίκηται,
1441 4749 1475 4821 ἢ
1513 4750 1593 4803 ὅτι
1634 4750 1664 4803 ό
1693 4752 1792 4821 μὲν

1781 4769 1792 4804 ρ
1898 4763 2033 4818 gans
2062 4757 2118 4803 et
2152 4749 2371 4818 iniquus
2400 4756 2537 4813 erat,
2564 4758 2618 4802 et
2649 4763 2745 4803 eos
2781 4747 3171 4818 subjugaturus
3202 4759 3444 4813 venerat,

228 4831 451 4896 ἀλαζών
478 4850 536 4885 τε
565 4831 633 4905 ἦν
658 4836 752 4889 καὶ
780 4837 1101 4903 ἀτάσθαλος,
1134 4840 1229 4893 καὶ
1259 4840 1793 4911 καταδουλωσόμενος

1786 4861 1793 4904 ς
1891 4857 1921 4895 a
1952 4840 2153 4910 quibus
2186 4841 2387 4895 nullam
2419 4841 2677 4909 injuriam
2715 4839 3028 4908 acceperat?
3058 4838 3126 4895 Et
3163 4839 3278 4895 sola
3309 4839 3449 4893 mul-

230 4924 325 4993 ᾔει
350 4923 392 4954 ³⁸
418 4924 542 4986 τοὺς
572 4923 721 4976 οὐδὲν
747 4924 1091 4996 ἠδικηκότας,
1122 4929 1268 5000 μόνῳ
1296 4946 1355 4982 τε
1380 4929 1457 5000 τῷ
1482 4930 1676 5001 πλήθει
1704 4932 1794 4984 πί·
1890 4948 1893 4957 ⁴

1786 4960 1794 4973 -
1890 4932 2125 4987 titudiue
2148 4946 2534 5000 armorumque
2552 4942 2814 5002 apparatu
2838 4930 3030 4996 frctus,
3054 4940 3203 4986 recto
3222 4930 3449 4987 consilio

236 5030 398 5076 συνος
428 5016 520 5066 καὶ
543 5018 609 5086 τῇ
638 5016 743 5068 τῶν
771 5018 949 5072 ὃπλων
972 5024 1310 5092 παρασκευῇ,
1335 5022 1583 5092 εὐϐουλίᾳ
1602 5024 1665 5076 ού
1694 5025 1797 5093 μά-

1786 5054 1797 5065 »
1900 5040 2008 5078 non
2040 5024 2330 5079 admodum
2357 5024 2625 5079 utebatur.
2651 5024 2821 5079 Graeci
2848 5038 2979 5079 vero
3006 5039 3158 5094 aequa
3188 5022 3449 5078 facientes

234 5107 307 5161 λα
328 5107 543 5179 ἐχρῆτο·
571 5111 619 5161 οἱ
646 5108 703 5161 δὲ
730 5109 854 5163 ὅσιά
873 5125 936 5178 γε
964 5110 1215 5177 δοῶντες,
1243 5113 1381 5184 ὑπὲρ
1402 5113 1499 5183 τῆς
1531 5115 1795 5187 σφετέρας

1784 5132 1795 5178 :
1899 5131 1997 5185 pro
2026 5131 2127 5170 sua
2156 5116 2401 5172 libertate
2429 5116 2763 5187 pugnabant,
2802 5115 2935 5171 nihil
2956 5115 3133 5186 quoad
3169 5115 3291 5185 ejus
3334 5114 3447 5169 ﬁeri

1511 5309 1746 5366 VARUE
1770 5310 2191 5369 lLECTlONES.

313 5471 447 5525 ⁸καὶ
475 5468 793 5542 ὑποϐρύχιοι
828 5496 880 5511 ο-
917 5470 1141 5542 ὴκούετο
1178 5470 1303 5524 add.
1330 5486 1415 5542 _ex
1463 5470 1539 5542 BA
1564 5472 1799 5542 etintpr.
1829 5481 1877 5525 el
1924 5489 1976 5542 gt

1787 5510 1799 5523 .
1829 5481 1877 5525 el
1924 5472 2216 5542 gurgitibus
2266 5472 2441 5525 hausti
2492 5473 2790 5526 interibunt.
2834 5473 2967 5525 unde
3016 5484 3063 5525 ct
3113 5472 3450 5526 barbarorum

235 5543 512 5597 com—Lens
566 5540 795 5611 ejulums
818 5568 887 5577 —
912 5538 1244 5611 audiebatur.
1327 5539 1348 5571 ⁹
1373 5538 1597 5611 συμπλᾷ
1618 5540 1683 5595 Ii.
1718 5538 1733 5542 ⁷
1762 5542 1804 5572 ¹⁰
1822 5542 1898 5609 εἴη

1791 5538 2041 5611 “sinent.
2070 5543 2134 5597 R.
2213 5543 2251 5573 ¹¹
2279 5541 2320 5593 δ’
2355 5544 2411 5595 ὲν
2431 5542 2496 5596 Β.
2573 5544 2614 5574 ¹²
2641 5545 2749 5603 τοῖς
2787 5543 3051 5610 Φράγγοις
3079 5546 3200 5595 add.
3224 5557 3286 5594 ex
3314 5542 3355 5595 li
3399 5550 3454 5596 et

238 5614 407 5680 iutp".
439 5625 551 5681 non
580 5610 871 5681 αρείηιὶιεηι
888 5638 963 5681 —_
978 5609 1177 5663 cladem
1207 5636 1277 5650 —-
1304 5607 1463 5681 quem
1482 5621 1529 5663 et
1547 5607 1748 5665 Franci
1819 5611 1863 5642 ¹³
1889 5607 1901 5664 i

1819 5611 1863 5642 ¹³
1889 5607 1981 5665 καὶ
2010 5628 2120 5665 Ottt.
2172 5611 2237 5665 li.
2315 5611 2359 5642 “
2383 5612 2535 5681 Vulg.
2562 5620 2615 5666 et
2641 5612 2705 5666 li.
2732 5607 3038 5681 Μαραθῶνι
3076 5611 3156 5665 δέ.
3233 5612 3275 5642 ’⁸
3301 5611 3452 5681 οὐδὲν

238 5654 449 5737 ins'erui
491 5696 556 5734 ex
605 5677 670 5742 Β,
701 5687 787 5732 vul
832 5688 917 5732 .et
954 5678 1115 5748 intpr.
1141 5694 1250 5734 om.
1305 5654 1366 5711 1“
1395 5679 1476 5732 lnt
1515 5694 1557 5735 r.
1612 5682 1748 5734 unde
1804 5696 1860 5733 er
1877 5681 2171 5737 Miltiadem
2189 5682 2374 5735 devicti
2390 5654 2514 5734 cuniD
2538 5681 2669 5736 Date
2687 5684 2794 5748 ipso
2830 5654 2884 5735 ἵει
2924 5682 3154 5748 principe
3200 5690 3250 5732 et
3279 5680 3454 5733 debel-

243 5751 343 5781 Ιηιε
376 5760 493 5781 ..η-ο
540 5748 669 5781 "add
769 5695 1149 5781 ιβιηηηΙΛ-ριὶ
1250 5749 1377 5781 ﬁlo:
1448 5695 1715 5781 Ῥινὶ..ηῇ
1750 5697 1801 5781 If
1864 5752 1990 5781 uuln
2058 5751 2313 5781 ιι-ιὶηιιιιιω
2381 5752 2523 5781 ,Ιιιηιηι
2651 5754 2691 5781 ις.
2730 5750 3019 5781 ,ις-ληκο-η-.
3064 5750 3101 5781 ιι
3159 5750 3237 5781 ΙΓΙ
3269 5753 3285 5781 \
3354 5751 3445 5781 Α.--

239 5697 449 5761 Inserut
491 5697 556 5734 ex
605 5697 670 5759 ιι,
701 5697 845 5781 vulg.
864 5697 917 5732 et
954 5697 1115 5748 tntpr.
1141 5697 1250 5734 om.
1324 5697 1366 5711 ι·
1395 5697 1557 5803 ιηιριν.
1612 5697 1748 5734 unae
1748 5697 1902 5803 1ρει-λλ

239 5751 341 5831 loti
372 5760 493 5803 sunt
533 5748 693 5831 Medi.
826 5747 1082 5831 χιμαίρας
1110 5748 1203 5831 Β..
1250 5749 1379 5831 ξ¹τῇ
1448 5749 1463 5770 ⁹
1514 5749 1728 5831 pisi-156‘s
1800 5790 1815 5813 ,
1864 5766 1902 5831 ν·

1791 5697 1860 5733 νει·
1877 5697 2171 5737 mutuae»:
2189 5697 2374 5735 aevtcu
2390 5699 2506 5734 cum
2538 5697 2794 5748 Uatetpsu
2837 5697 2884 5735 et
2924 5697 3154 5748 prmctpe
3200 5697 3250 5732 ﬂ
3279 5697 3454 5733 acoet-

1791 5790 1815 5813 .,
1864 5751 2317 5831 vulg._articu'lus
2379 5752 2548 5807 deest.
2651 5754 2691 5785 “
2728 5750 3025 5804 ἀπόνασθαι
3062 5750 3127 5806 Κ.
3159 5750 3308 5821 (CL),
3351 5751 3454 5804 ἀπα

240 5820 483 5873 ώνασοαι
524 5820 663 5888 vulg.
737 5816 1026 5889 εὑκτηρίας
1056 5816 1225 5890 Lugd.
1258 5820 1313 5875 in
1352 5816 1462 5889 ing.
1514 5816 1589 5852 ’³⁸
1612 5816 1728 5874 ἀλλ’
1751 5835 1862 5876 om.
1892 5819 1903 5873 Ι

741 5816 1026 5889 εὑκτηρίας
1056 5816 1225 5890 Lugd.
1258 5820 1313 5875 in
1352 5816 1462 5889 ing.
1514 5816 1589 5852 ’³⁸
1612 5816 1728 5874 ἀλλ’
1751 5835 1862 5876 om.
1892 5816 1972 5874 ΒΣ
2031 5821 2075 5853 ³⁸
2105 5822 2189 5891 εἴη
2214 5818 2259 5873 R
2286 5821 2404 5878 2m.
