4212 6438
225 410 361 472 1353

1336 405 1643 466 IIISTORI
1654 403 1865 463 ARUM
1895 401 2122 460 LIBER
2144 402 2230 459 ‘Ii.

3272 402 3403 467 ιεει

217 520 605 590 ἐκϐεϐλημένοι
632 519 697 583 ⁸³,
742 520 835 571 καὶ
863 517 999 586 πρὸς
1027 518 1088 570 τὸ
1118 515 1373 586 ἡδόμενον
1417 519 1514 588 τῆς
1544 515 1766 584 γνώμης
1795 524 1838 575 Α
1867 529 1880 583 ι

1755 531 1766 575 ;
1795 524 1838 575 Α
1867 513 2100 583 pendere
2133 514 2291 576 solet,
2325 511 2416 566 sed
2449 511 2561 566 otio
2593 512 2925 582 ignavimque
2974 513 3228 568 immersa
3258 531 3323 571 ex
3354 534 3418 572 en

217 611 432 663 ἅπαντα
460 609 750 680 κρίνοντες.
781 607 871 678 Τῷ
891 608 947 660 δὲ
979 607 1169 680 Ναρσῇ
1194 605 1367 676 ὀρθῶς
1399 603 1483 677 ῘΡ.
1515 603 1606 675 68]
1638 604 1768 658 ’ἐκα-

217 721 318 757 στα
343 703 743 766 διασκοποῦντι,
775 703 1036 757 ἀκολασία
1066 702 1236 756 ἐδόκει
1256 702 1314 756 τὸ
1335 703 1520 772 χρῆμα
1545 701 1638 755 καὶ
1669 718 1772 754 πα-

217 794 554 864 ραφροσύνη,
586 794 639 847 ετ
677 811 740 862 γε
767 792 934 865 ᾤοντο
967 792 1160 863 μηκέτι
1193 792 1334 857 ἕξειν
1376 792 1618 862 ἀνάγκην
1655 791 1770 842 ὲτὲ-

216 900 346 954 ρους
379 883 699 937 ὑποδύεσθαι
733 884 948 946 πόνους,
980 883 1117 936 ἀλλά
1161 883 1354 953 χρῆναι
1396 881 1593 952 μᾶλλον
1630 883 1688 943 ὲς
1715 881 1774 934 τὸ

213 973 631 1044 τρυφερώτερον
680 976 774 1045 τῆς
820 974 1027 1044 διαίτης
1078 973 1136 1036 ἐς
1178 974 1266 1027 ἀεὶ
1322 971 1770 1043 μεταϐεϐλῆσθαι.

227 1065 506 1118 Ἐλείπετο
536 1065 579 1096 ⁸⁸
615 1066 743 1135 γὰρ,
781 1061 956 1134 οἶμαι,
1001 1066 1185 1128 αὐτοῖς
1227 1065 1332 1117 ὑπὸ
1379 1063 1694 1134 ἀϐελτερίας
1727 1067 1773 1095 ⁸³

211 1153 316 1216 τάς
343 1155 573 1218 ἀσπίδας
597 1156 756 1226 τυχὸν
785 1156 878 1208 καὶ
899 1157 968 1208 τά
991 1155 1166 1226 κράνη
1191 1155 1481 1225 ἀμφορέως
1507 1156 1650 1208 οτνου
1673 1153 1706 1224 ἢ
1728 1153 1774 1185 ⁸³

215 1248 314 1298 καὶ
344 1245 598 1315 βαρϐίτου
637 1245 954 1309 ἀποδόσθαι,
987 1245 1130 1298 οὕτω
1161 1247 1386 1316 περιττά
1411 1246 1655 1299 τολοιπὸν
1681 1247 1776 1298 καὶ

212 1339 452 1408 ἀνόνητα
487 1338 716 1408 ἡγοῦντο
738 1339 806 1392 τά
837 1338 996 1393 ὅπλα.
1039 1338 1096 1392 '0
1117 1337 1176 1391 δὲ
1207 1338 1508 1408 στρατηγὸς
1529 1338 1599 1391 τα
1629 1339 1775 1391 εἰκό-

215 1445 286 1480 τα
313 1430 361 1459 ⁵⁸
387 1429 789 1497 διεγίγνωσκεν,
819 1429 896 1492 ὼς
922 1429 1030 1498 ἀρα
1072 1430 1165 1482 καὶ
1192 1425 1346 1492 αὖθις
1377 1428 1595 1498 πόλεμοι
1622 1428 1774 1481 ἔσον-

215 1537 311 1573 ται
335 1521 652 1591 Φραγγικοὶ,
683 1522 779 1574 καὶ
816 1520 1025 1583 ἐδεδίει,
1071 1522 1144 1591 μή
1177 1537 1307 1574 ποτε
1340 1521 1390 1574 oi
1435 1521 1693 1591 Ῥωμαῖοι
1719 1524 1776 1586 ἐς

215 1613 281 1664 τὸ
325 1613 664 1684 ἁϐροδίαιτον
708 1614 1028 1686 τραπέντες,
1073 1616 1142 1668 τα
1178 1615 1496 1692 φρονήματα
1550 1615 1777 1684 διαφθα-

217 1707 384 1774 ρεῖεν·
429 1701 550 1760 εἶτα
593 1707 640 1760 εί
668 1707 712 1739 ⁸⁸
739 1707 1093 1778 παρατάξεως
1119 1707 1332 1762 ἐπέλθοι
1369 1709 1577 1779 καιρὸς,
1607 1709 1656 1761 οἱ
1693 1709 1769 1770 δὲ,

1870 601 2014 670 quod
2041 602 2340 670 jucundum
2374 612 2693 672 gratumque
2716 604 2825 673 ipsi
2859 612 2962 667 est,
2990 605 3173 659 omnia
3193 605 3416 675 iudicat.

1870 689 2081 744 Narseti
2112 705 2242 746 vero
2288 701 2431 746 recte
2464 691 2650 746 omnia
2677 693 3042 748 consideranti
3072 694 3302 748 stultitia
3330 696 3423 750 de-

1871 781 2182 851 mentiaque
2229 781 2530 845 videbatur,
2579 781 2624 836 si
2665 782 2968 852 ademptam
3017 783 3119 838 sibi
3167 785 3422 855 deinceps

1871 887 2086 927 omnem
2131 873 2267 928 alios
2304 873 2517 930 labores
2555 873 2820 928 subeundi
2867 876 3242 932 necessitatem
3270 889 3425 948 puta-

1872 973 2028 1028 rent;
2066 964 2160 1018 sed
2193 965 2424 1018 molliori
2455 967 2576 1020 vitte
2609 981 2731 1021 sese
2761 976 2902 1022 totos
2928 969 3204 1023 dederent.
3226 967 3422 1024 Parum

1871 1053 2016 1108 enim
2048 1056 2254 1119 aberat,
2287 1067 2344 1110 ut
2376 1073 2482 1124 pne
2515 1059 2804 1113 stoliditate
2837 1070 2986 1113 scuta
3015 1068 3071 1116 et
3101 1060 3279 1129 galeas
3310 1077 3426 1115 am-

1875 1145 2063 1212 pltoris
2120 1147 2349 1203 vinariis
2401 1158 2455 1202 et
2500 1149 2726 1207 barbitis
2773 1163 3175 1210 commntarent
3223 1173 3238 1208 :
3289 1155 3422 1210 adeo

1874 1251 2274 1307 supervacanea
2333 1241 2658 1310 inutiliaque
2715 1245 2818 1299 sibi
2876 1246 2930 1299 in
2977 1255 3251 1315 posterum
3308 1246 3425 1301 fore

1873 1343 2026 1384 arma
2082 1333 2354 1388 rebantur.
2415 1333 2618 1390 Narses
2659 1345 2836 1392 autem
2873 1337 3238 1394 verisimiliter
3273 1340 3427 1395 colli-

1875 1421 2066 1490 gebat,
2108 1423 2220 1494 89
2247 1439 2354 1480 non
2385 1426 2640 1482 defutura
2669 1445 2804 1482 nova
2835 1445 2957 1484 cum
2997 1429 3221 1486 Francis
3251 1433 3423 1497 bella;

1874 1523 1928 1567 et
1957 1518 2241 1570 verebatur
2268 1533 2355 1580 ne,
2396 1519 2440 1574 si
2472 1521 2584 1575 otio
2621 1535 2744 1576 sese
2777 1531 2830 1576 et
2864 1522 3104 1578 mollitiei
3135 1524 3301 1580 semel
3327 1525 3425 1580 de-

1875 1607 2156 1674 didissent,
2203 1611 2503 1666 masculum
2528 1627 2716 1668 eorum
2748 1615 2912 1668 robur
2934 1626 3320 1684 enervaretur;
3351 1629 3424 1682 et,

1875 1697 1920 1751 si
1959 1715 2150 1756 rursus
2179 1702 2232 1756 in
2265 1703 2435 1756 aciem
2461 1705 2835 1773 prodeundum
2865 1701 3028 1772 esset,
3061 1707 3270 1776 ignavia
3299 1711 3423 1767 victi

210 1796 361 1866 ὄκνῳ
404 1797 662 1860 εἴκοντες,
716 1797 1152 1870 ἀπαγορεύσαιεν
1196 1800 1308 1862 τοῖς
1343 1797 1624 1862 κινδύνοις.
1664 1799 1773 1852 Καὶ
1809 1842 1846 1870 υ

1758 1801 1773 1851 ι
1809 1842 1846 1870 υ
1877 1793 1929 1844 in
1958 1792 2156 1862 praeliis
2196 1795 2438 1849 animum
2472 1797 2882 1866 desponderent.
2923 1797 2989 1854 Et
3037 1798 3266 1858 fortasse
3317 1819 3421 1859 non

216 1887 384 1949 Ἴσως
409 1885 474 1940 ἂν
500 1887 562 1941 οὐ
606 1887 783 1959 πολλῷ
817 1887 1040 1960 ὕστερον
1082 1890 1174 1944 καὶ
1202 1890 1317 1942 τόδε
1347 1889 1564 1962 ξυνέϐη,
1599 1892 1648 1944 εί
1697 1892 1775 1963 μὴ
1807 1885 1847 1901 “’
1878 1933 1879 1936 η

1758 1885 1847 1963 ιν
1878 1886 2063 1944 multo.
2101 1897 2223 1956 post
2272 1888 2375 1943 hoc
2419 1889 2597 1958 ipsum
2645 1891 2934 1958 evenisset,
2985 1893 3089 1948 nisi
3142 1893 3421 1952 confestim

211 1979 409 2034 θᾶττον
436 1981 545 2034 δεῖν
583 1981 736 2052 ᾠήθη
768 1981 1230 2052 ξυγκαλεσάμενος
1275 1983 1344 2038 τά
1376 1983 1774 2054 στρατεύματα,

215 2071 315 2123 καὶ
352 2073 664 2139 παραίνεσιν
699 2073 988 2142 προσάγων
1023 2071 1246 2144 ἀρίστην
1292 2076 1350 2136 ἐς
1393 2073 1454 2126 τὸ
1483 2073 1692 2145 σῶφρόν
1719 2091 1778 2127 τε

214 2163 317 2214 καὶ
344 2162 579 2232 ἀνδρεῖον
607 2161 705 2226 τάς
726 2161 948 2232 γνώμας
969 2165 1241 2233 μετάγειν,
1264 2162 1359 2217 καὶ
1385 2161 1777 2234 ὑποτέμνεσθαι

210 2254 280 2305 τὸ
308 2253 634 2324 ὑπερϐάλλον
660 2255 760 2324 τῆς
791 2256 1173 2327 μεγαλαυχίας.
1202 2257 1356 2310 Οὕτω
1389 2256 1451 2329 δὴ
1481 2252 1572 2312 οὖν
1598 2258 1774 2312 ἀπάν-

207 2363 327 2398 των
378 2347 840 2419 συνηθροισμένων
862 2349 930 2414 9‘,
967 2348 1246 2420 παρελθὼν
1294 2351 1353 2416 ἐς
1399 2350 1562 2421 μέσον
1596 2349 1774 2418 ἔλεξεν

209 2438 421 2491 τοιάδε·

294 2529 379 2598 ιβ’,
431 2530 572 2598 Τοὺς
611 2531 723 2601 μὲν
787 2533 1004 2602 ἁθρόον
1053 2533 1150 2588 καί
1186 2537 1258 2589 οὐ
1299 2535 1485 2590 πάλαι
1539 2537 1774 2606 συμϐὰν

207 2622 498 2690 εὐτυχίας
517 2623 677 2690 τινὸς
704 2626 1132 2694 μετασχόντας,
1165 2627 1276 2680 οὐκ
1305 2627 1566 2693 ἀπεικὸς,
1592 2623 1770 2696 οἶμαι,

208 2712 371 2778 πρὸς
391 2714 814 2782 ἀπειροκαλίαν
835 2714 1135 2781 ἐκκλῖναι,
1170 2718 1264 2770 καὶ
1292 2717 1368 2784 τῷ
1405 2716 1693 2784 ἀσυνήθεί
1725 2719 1769 2750 ⁵⁷

210 2801 728 2872 καταπεπλῆχθαι,
743 2805 1007 2874 μάλιστα
1032 2806 1213 2874 ήνίκα
1241 2807 1319 2872 τῷ
1344 2808 1773 2877 ἀπροσδοκήτῳ

212 2893 322 2946 καὶ
353 2891 419 2945 τὸ
451 2893 582 2962 παρ’
617 2895 795 2959 ἀξίαν
827 2896 1046 2966 προσῇ.
1099 2897 1292 2966 Ὑμεῖς
1333 2898 1420 2964 δὲ,
1465 2895 1513 2955 ὦ
1541 2900 1768 2969 ἄνδρες,

209 2985 400 3038 ποίαν
447 2985 522 3039 ἂν
570 2987 666 3041 καὶ
722 2989 1116 3056 προϐάλοισθε
1167 2991 1400 3062 σκῆψιν
1425 2994 1493 3062 ⁸⁸,
1548 2995 1626 3064 ἦν
1683 3015 1772 3065 τις

214 3077 378 3146 ὑμᾶς
422 3078 527 3146 τῆς
567 3080 903 3150 μεταϐολῆς
943 3084 1206 3149 uindico;
1249 3087 1507 3156 Πότερον
1547 3084 1628 3156 ὥς
1656 3091 1772 3144 νῦν

1881 1981 2192 2036 convocatis
2221 1983 2471 2036 omnibus
2499 1983 2692 2052 copiis.
2723 1984 2927 2055 optima
2953 1986 3196 2043 oratione
3228 1989 3423 2044 cohor-

1882 2073 2072 2127 tandos
2115 2081 2167 2128 et
2205 2075 2270 2128 ad
2305 2077 2709 2145 temperantiam
2740 2077 3215 2151 lortitudinemque
3241 2083 3428 2137 tradue

1881 2165 2079 2220 cendos
2126 2168 2366 2237 ipsorum
2410 2169 2619 2224 animos
2648 2171 2911 2235 duxisset,
2961 2173 3287 2244 nimiamque
3332 2191 3424 2231 ar-

1879 2261 2182 2327 rogantiam
2236 2270 2290 2314 et
2331 2262 2648 2331 iactantiam
2701 2263 3109 2320 retundendam.
3161 2266 3424 2326 Omnibus

1878 2351 2061 2424 itaque
2102 2355 2156 2409 in
2204 2371 2371 2411 unum
2407 2359 2766 2430 congregatis,
2818 2361 2929 2430 ipse
2959 2361 3010 2415 in
3043 2363 3272 2418 medium
3300 2379 3426 2434 pro-

1874 2460 2095 2514 gressus
2126 2447 2179 2501 in
2217 2447 2361 2504 hunc
2393 2450 2610 2504 modum
2649 2452 2810 2506 verba
2843 2451 3008 2508 fecit:

1944 2537 2032 2590 ιε.
2106 2536 2212 2604 Qui
2245 2548 2449 2608 repente
2479 2550 2528 2594 et
2552 2552 2746 2610 pra’ter
2784 2554 3000 2597 ueterem
3037 2561 3188 2598 suum
3230 2561 3422 2600 merens

1869 2642 2112 2698 prospere
2135 2647 2239 2683 rem
2274 2642 2481 2701 gerunt,
2506 2633 2651 2686 haud
2679 2651 2803 2689 sane
2831 2636 3212 2691 dissentaneum
3242 2638 3419 2707 fuerit,

1870 2711 1918 2765 si
1948 2712 2250 2779 felicitatem
2278 2731 2429 2768 suam
2465 2717 2731 2772 moderate
2759 2733 2862 2771 non
2892 2719 3083 2786 ferant,
3117 2729 3166 2774 et
3195 2723 3422 2776 nouitate

1870 2800 2101 2855 victoriae
2123 2803 2350 2870 perculsi
2375 2802 2708 2867 insolescant,
2740 2805 2999 2873 pra'cipue
3031 2805 3078 2859 si
3106 2805 3204 2870 illi,
3239 2805 3421 2877 quibus

1869 2890 2146 2959 inopinata
2192 2892 2411 2946 victoria
2468 2893 2705 2958 accidit,
2749 2910 2934 2963 parum
2970 2897 3129 2949 etiam
3169 2911 3234 2951 ea
3279 2897 3420 2967 digni

1867 2978 2030 3048 fuisse
2067 2981 2357 3035 rideantur.
2392 2982 2459 3035 At
2487 2998 2608 3044 vos,
2652 2999 2682 3038 ο
2711 2983 2808 3038 uiri
2834 3022 2850 3050 ,
2903 2984 3028 3056 quid
3069 2986 3422 3041 excusationis

1867 3073 2001 3126 estis
2020 3075 2347 3143 pratensuri,
2402 3075 2449 3129 si
2495 3077 2612 3146 quis
2651 3093 2739 3130 vos
2763 3076 2916 3146 hujus
2959 3079 3262 3134 mutationis
3305 3082 3421 3134 ani-

209 3169 550 3237 ἐγεύσασθε
593 3171 805 3238 νίκης,
853 3175 926 3228 οὐ
969 3177 1254 3245 πρότερον
1293 3180 1588 3247 είωθότες,
1635 3182 1768 3237 ἀλλ’
1796 3179 1838 3238 C

1758 3179 1838 3238 ἀ
1873 3182 2072 3219 morum
2113 3168 2426 3224 insimulet?
2481 3169 2660 3235 Anne,
2714 3171 2850 3240 quod
2895 3187 3029 3224 nunc
3068 3173 3292 3241 primunt
3347 3176 3421 3228 ei-

213 3257 390 3329 ὑμεῖς
435 3263 489 3315 οί
539 3261 794 3316 Τὼτιλάν
827 3281 890 3319 τε
935 3271 1031 3320 καί
1077 3269 1122 3300 δ’
1156 3271 1320 3324 Τεΐαν
1358 3273 1452 3326 καὶ
1497 3273 1656 3327 ἅπαν
1702 3273 1768 3327 τὸ

212 3355 271 3411 Γ
274 3353 1012 3425 Θτθικόν“ἔθνος·¹ἐκποδὼν
1059 3362 1446 3431 ποιησάμενοι
1463 3380 1478 3394 ⁸
1522 3366 1657 3420 ἀλλ’
1689 3366 1770 3431 ὡς

208 3445 484 3517 μείζονος
518 3448 556 3516 ἦ
608 3449 736 3504 καθ’
776 3448 931 3520 ὑμᾶς
960 3451 1006 3482 ⁸⁸
1059 3453 1280 3519 αὐτοὺς
1330 3456 1615 3524 πειρᾶσθε
1657 3458 1768 3528 τῆς

212 3539 451 3606 τύχηςὶ
499 3538 605 3593 Καὶ
653 3539 826 3594 ποῖον
869 3540 946 3596 ἂν
987 3541 1234 3612 μέγεθος
1290 3546 1662 3618 εὐδαιμονίας
1693 3551 1769 3621 τῇ

216 3631 343 3685 τῶν
405 3633 698 3701 Ῥωμαίων
754 3633 903 3702 δόξῃ
959 3640 1428 3707 συμμετρηθείη;
1479 3643 1768 3713 Συγγενὲς

214 3723 334 3794 γὰρ
360 3724 502 3792 ἡμῖν
533 3727 575 3757 ⁸⁸
626 3727 722 3780 καί
765 3727 1008 3794 πάτριον
1037 3731 1270 3798 κρατεῖν
1296 3733 1386 3788 ἀεὶ
1431 3733 1547 3788 τῶν
1588 3739 1766 3790 πολε-

211 3817 392 3884 μίων.
433 3817 540 3870 Καὶ
568 3818 772 3872 τοίνυν
796 3819 1075 3886 κρατεῖτε,
1111 3822 1208 3876 καί
1231 3823 1367 3877 οὔτε
1385 3828 1638 3894 μειόνων
1655 3829 1701 3860 ιι
1727 3827 1765 3897 ἦ

218 3909 491 3960 καθόσον
540 3906 739 3963 νικᾶτε
785 3909 938 3974 ἄξιοι
990 3915 1423 3980 καθεστήκατε,
1478 3917 1614 3971 οὔτε
1663 3918 1769 3973 τοῦ

216 3997 634 4066 προσήκοντος
661 4001 1125 4071 καταδεεστέραν
1160 4009 1490 4074 παρέχεσθε
1511 4009 1625 4078 τὴν
1649 4011 1770 4065 πεῖ-

207 4105 338 4157 ραν
358 4106 374 4120 ο
404 4090 642 4158 μέτεστι
686 4091 754 4145 δὲ
780 4094 1001 4148 τούτων
1029 4095 1169 4164 ὑμῖν
1217 4100 1327 4152 οὐκ
1366 4100 1436 4153 ἐκ
1456 4101 1770 4171 ῥᾳστώνης

218 4197 289 4233 τε
321 4181 416 4234 καί
458 4181 837 4250 ἡδυπαθείας,
880 4185 1017 4240 ἀλλ’
1058 4187 1124 4240 ἐκ
1155 4189 1352 4242 πόνων
1384 4192 1628 4260 συχνῶν
1670 4197 1765 4248 amt

214 4270 479 4336 ἱδρώτων
501 4271 597 4324 καὶ
626 4273 733 4341 τῆς
767 4272 882 4326 τῶν
913 4275 1206 4328 κινδύνων
1228 4277 1499 4347 μελέτης.
1540 4281 1772 4336 Οὐκοῦν

216 4361 418 4431 χρεὼν
476 4361 628 4433 ὑμᾶς
689 4366 786 4419 καί
835 4365 951 4418 νῦν
992 4367 1267 4437 ἐμμένειν
1311 4371 1434 4436 τοῖς
1481 4386 1761 4443 προεγνω⁸

216 4453 468 4522 σμένοις
490 4455 556 4519 ⁸³,
585 4455 680 4508 καί
705 4457 791 4525 μὴ
813 4459 1004 4527 μόνον
1032 4459 1280 4526 ἥδεσθαι
1298 4462 1423 4528 τοῖς
1454 4465 1768 4532 παροῦσιν,

216 4544 385 4598 ἀλλὰ
432 4545 529 4598 καὶ
604 4545 705 4600 τοῦ
766 4526 1097 4616 μέλλοντος
1158 4551 1309 4620 πέρι,
1355 4526 1549 4618 ὅπως·⁷
1570 4526 1770 4626 ὅμοιον
1805 4526 1847 4580 D

216 4633 416 4694 ἔσται,
456 4636 725 4690 σκοπεῖν.
760 4637 886 4701 Τοῖς
917 4637 1025 4707 γὰρ
1047 4640 1130 4708 μὴ
1159 4642 1342 4697 ταῦτα
1376 4643 1771 4714 λογιζομένοις

214 4727 298 4779 οὐ
321 4725 540 4795 μόνιμα
565 4727 634 4780 τὰ
669 4725 774 4794 τῆς
801 4730 1141 4800 εὐπραγίας.
1170 4733 1330 4788 ἀλλὰ
1355 4738 1502 4804 πρὸς
1523 4741 1770 4792 τούναν-

218 4815 356 4868 τίον
391 4814 471 4880 ὼς
495 4817 567 4868 τὰ
606 4815 803 4869 πολλὰ
835 4819 1282 4888 μεταχωροῦσιν
1326 4827 1384 4878 αι
1421 4827 1612 4894 τύχαι.
1663 4829 1770 4882 Καὶ

215 4906 538 4974 τεκμήριον
589 4906 744 4960 ἔστω
792 4909 984 4979 σαφὲς
1025 4911 1156 4966 τόδε
1211 4913 1275 4967 τὸ
1332 4913 1450 4968 τῶν
1494 4917 1772 4988 Φράγνων

217 4997 430 5062 πάθος,
472 4998 562 5066 ἐφ’
598 4993 648 5065 ᾧ
673 4999 721 5031 ⁸⁸
745 5000 861 5054 νῦν
905 5000 1071 5068 ὑμεῖς
1109 5002 1345 5071 δικαίως
1378 5007 1631 5076 αὑχεῖτε.
1679 5007 1766 5067 Εὖ

218 5088 332 5158 γὰρ
373 5089 572 5155 αὐτοῖς
602 5089 744 5157 τέως
787 5089 908 5144 τῶν
935 5093 1285 5163 πραγμάτων
1310 5095 1588 5165 ἐχόντων,
1615 5104 1670 5155 οι
1701 5102 1768 5156 δὲ

217 5177 373 5246 πρὸς
392 5178 737 5240 άίαζονείιιν
761 5183 1102 5252 τραπέντες,
1117 5187 1378 5258 πόλεμον
1397 5188 1616 5258 ἤραντο
1640 5197 1766 5247 καθ’

1873 3260 2091 3312 ctoriam
2124 3261 2427 3329 degustetis,
2462 3262 2679 3316 antehac
2711 3277 2814 3315 non
2847 3265 3083 3319 assueti?
3134 3266 3291 3333 Atqui
3335 3280 3419 3318 eos

1870 3359 1920 3403 et
1953 3349 1995 3403 Τ
1998 3349 2183 3403 otilant
2204 3360 2253 3404 et
2278 3351 2454 3404 'l'eiam
2472 3363 2522 3405 et
2543 3353 2836 3406 universam
2859 3351 3130 3408 Gothicam
3151 3355 3420 3408 nationem

1871 3443 2213 3513 proﬂigastis.
2260 3443 2360 3498 Sed
2392 3448 2647 3516 majorem
2689 3463 2848 3516 quam
2890 3463 3006 3518 qua:
3042 3449 3096 3502 in
3119 3464 3204 3502 vos
3235 3451 3420 3504 cadere

1873 3537 2002 3588 solet
2041 3535 2341 3604 felicitatem
2384 3539 2583 3606 experti
2605 3541 2749 3594 estis.
2791 3539 3047 3605 Qua'nam
3093 3555 3211 3594 vero
3253 3541 3420 3608 felici-

1872 3627 1996 3679 tatis
2026 3627 2334 3696 magnitudo
2372 3637 2537 3695 potest
2583 3628 2935 3683 Romanorum
2973 3629 3153 3698 gloritv
3195 3633 3420 3701 (equipt:-

1872 3720 2029 3771 rari?
2103 3717 2214 3788 90
2272 3718 2519 3773 lunatum
2571 3722 2708 3774 enim
2755 3721 2895 3775 vobis
2942 3733 2991 3776 et
3027 3723 3258 3789 patrium
3305 3733 3416 3784 est,

1871 3813 2040 3863 hostes
2063 3825 2262 3878 semper
2290 3812 2510 3865 vincere.
2563 3810 2780 3865 Vincitis
2816 3813 3009 3882 itaque,
3033 3830 3193 3883 neque
3226 3816 3419 3868 minore

1871 3902 2090 3956 uictoria
2111 3904 2254 3973 digni
2272 3905 2414 3968 estis,
2432 3919 2587 3973 neque
2607 3905 2905 3972 inferiorem
2927 3915 3094 3959 vestra
3105 3908 3360 3976 dignitate
3372 3916 3420 3961 et

1873 3993 2069 4046 meritis
2097 3993 2360 4062 fortunam
2396 3995 2520 4047 estis
2562 3997 2843 4050 consecuti.
2881 3995 2977 4050 Est
2999 4013 3116 4051 vero
3141 4005 3275 4067 quod
3311 3998 3420 4051 lucc

1874 4097 2084 4154 accepta
2110 4085 2294 4154 feratis
2325 4103 2427 4139 non
2449 4087 2668 4156 ignavia,-
2694 4097 2744 4141 et
2770 4087 3029 4156 mollitiei,
3051 4089 3141 4143 sed
3161 4089 3419 4143 continuis

1875 4175 2140 4231 laboribus
2189 4188 2345 4247 atque
2388 4178 2662 4233 sudoribus
2709 4179 3108 4248 prteliorumque
3149 4181 3378 4234 exercita

1876 4271 2025 4323 tioni.
2059 4269 2320 4334 Quocirca
2353 4272 2694 4326 insistendum
2724 4273 2864 4326 vobis
2885 4281 2962 4326 est
2986 4274 3143 4327 etiam
3172 4289 3306 4327 nunc
3339 4290 3420 4327 ve-

1877 4362 2070 4415 teribus
2096 4362 2384 4424 institutis,
2431 4379 2588 4434 neque
2622 4366 2788 4449 solum
2823 4363 2885 4417 ob
2911 4373 3214 4432 prtesentem
3249 4379 3421 4418 rerum

1875 4463 2067 4508 statum
2102 4457 2294 4520 ltetari,
2323 4456 2412 4510 sed
2453 4457 2514 4510 de
2546 4456 2722 4524 futuro
2759 4457 2944 4519 etiam,
2994 4465 3051 4508 ut
3093 4456 3280 4509 similis
3317 4458 3417 4515 sit.

1874 4544 2126 4598 sollicitos
2164 4562 2272 4600 esse
2295 4555 2515 4614 oportet.
2549 4546 2653 4612 Qui
2679 4547 2816 4601 enim
2843 4548 2920 4599 ita
2943 4547 3161 4600 consilia
3186 4563 3284 4600 sua
3319 4562 3422 4600 non

1873 4638 2174 4698 instituunt,
2219 4639 2286 4690 iis
2324 4637 2642 4705 prosperitas
2687 4636 2890 4691 stabilis
2921 4653 2983 4690 ac
3018 4639 3268 4690 diuturna
3311 4653 3423 4691 esse

1873 4744 1975 4782 non
2018 4737 2227 4796 potest,
2269 4728 2357 4782 sed
2400 4729 2453 4782 in
2495 4728 2822 4783 contrarium
2866 4729 3163 4798 plerumque
3210 4728 3423 4796 fortuna

1873 4820 2106 4873 uertitur.
2139 4818 2301 4889 Cujus
2327 4819 2534 4888 quidem
2577 4822 2650 4874 rei
2687 4820 2890 4874 evidens
2930 4829 3290 4890 argumentum
3316 4819 3422 4872 hac

1877 4911 2203 4966 Francorum
2237 4912 2408 4966 clades
2449 4913 2628 4981 fuerit,
2660 4915 2722 4968 ob
2747 4929 2904 4981 quam
2939 4929 3026 4967 vos
3064 4927 3198 4966 nunc
3241 4912 3420 4965 merito

1871 5007 2191 5077 gloriamini.
2222 5003 2354 5060 Cum
2389 5007 2522 5059 enim
2551 5021 2629 5059 res
2673 5004 2884 5059 illorum
2911 5005 3157 5058 hactenus
3191 5005 3322 5055 bona
3365 5003 3418 5054 in

1871 5110 2014 5155 statu
2052 5111 2254 5161 essent,
2303 5101 2404 5169 ipsi
2448 5100 2641 5152 animis
2694 5098 2823 5152 elati
2869 5109 3020 5166 atque
3063 5096 3418 5151 insolescentes

1875 5191 2061 5247 bellum
2101 5196 2349 5246 adversus
2389 5207 2481 5246 nos
2531 5199 2879 5254 suscemrunt,
2926 5189 3032 5258 spei
3071 5187 3418 5242 lubricitatem

1493 5367 1726 5427 νΑιιιιλΕ
1753 5371 2151 5430 LECTIONES.

295 5517 342 5550 “
357 5515 597 5589 ⁸ίίκϐεϐλη

219 5588 266 5619 ιε
311 5586 631 5658 ἁϐελτηρίας
661 5589 726 5644 tt.
797 5590 844 5622 δι

605 5518 756 5598 μέγα
783 5518 852 5598 Β,
878 5522 1270 5598 ﬁtﬁt-ﬁnitivus
1292 5525 1436 5598 vulg.
1456 5535 1520 5598 et
1547 5529 1708 5598 intpr.
1733 5529 1951 5583 involuti
2021 5533 2067 5564 ιι
2103 5530 2345 5584 ἐλείπετο
2392 5530 2458 5593 Ii,
2483 5529 2650 5598 Lugd.
2687 5543 2826 5583 corr.
2859 5522 3010 5598 (CL),
3033 5523 3245 5598 ἐλίπετο
3269 5523 3414 5598 vnlg.

881 5590 922 5661 ἢ
950 5595 1054 5647 ins.
1093 5590 1160 5646 ex
1189 5590 1256 5663 Β.
1331 5590 1480 5648 *δ’τά
1509 5590 1691 5652 εἰκότα
1725 5601 1790 5663 Β,
1819 5599 1929 5655 τῶν
1953 5601 2176 5654 εικότων
2208 5601 2351 5663 vulg.
2392 5590 2524 5656 Bon.

2609 5601 2712 5653 ulc.
2740 5591 2885 5664 conj.
2934 5591 3020 5664 διὰ
3040 5592 3150 5664 τῶν
3174 5591 3411 5664 ciuitatis.

221 5658 269 5740 ξς
290 5658 340 5707 εί
359 5671 468 5740 ομ).
492 5659 594 5740 β.-
622 5658 668 5689 ⁸⁸
692 5657 1173 5740 dilucido-vulg};
1191 5662 1354 5740 μέσον
1376 5663 1441 5727 ll,
1456 5665 1514 5740 ἐς
1529 5667 1724 5740 μέσους
1745 5657 1886 5740 vulg.
1918 5739 1926 5740 ί
1959 5670 2002 5702 ⁸⁷
2019 5669 2165 5738 ὲντῷ
2181 5671 2267 5724 ἀσ.
2292 5657 2358 5724 ἦ.
2427 5672 2472 5701 ⁸⁸⁸
2491 5668 2676 5740 σκέψιν
2697 5657 3136 5740 Κνιδίτώτιλλαν
3155 5657 3324 5740 καὶΤ.

309 5724 668 5812 ἔθεθ’,ὴμῇἧ
847 5724 890 5762 ’ί
929 5724 1072 5812 ilii-:5“;
1101 5731 1165 5812 εἷς
1191 5724 1375 5812 ’ἱιιιρικ
1421 5724 1566 5792 twbis
1593 5724 1866 5804 innatum:
1906 5724 2228 5811 ὑμῖνννύιε.
2305 5742 2349 5773 δ’
2391 5741 2538 5810 μεῖον
2595 5724 2657 5792 li.
2751 5738 2806 5769 η
2846 5730 3296 5802 συνεγνωσμένοις
3348 5729 3412 5781 ιι.

220 5797 271 5826 ⁸⁸
305 5796 389 5861 ἐφ’
441 5796 514 5849 ὢν
551 5797 592 5849 ιι
621 5808 675 5850 et
711 5799 873 5868 intpr.
903 5796 1087 5869 quibus
1123 5796 1355 5854 deuictis.

541 5889 804 5950 Parnm"
834 5891 950 5951 GR.
979 5891 1311 5951 LXXXVII!

3031 5889 3103 5948 43
