4212 6438
199 526 311 590 1357

1346 523 1881 585 ΗΙΞΤΟΒΙΑΒΠΜ
1921 525 2149 586 LIBER
2180 526 2259 585 ll.

3266 531 3401 595 1358

191 636 406 706 μάλιστα
448 628 586 688 εἶναι
622 636 714 690 καὶ
759 640 1215 712 πανουργότατος,
1260 637 1348 711 [Ρ.
1379 637 1472 709 50]
1501 640 1596 693 καὶ
1624 633 1734 702 οἷος
1762 648 1804 703 Α
1832 657 1854 694 ε

1762 648 1804 703 Α
1832 649 1887 694 et
1915 641 2230 709 imperabat,
2261 648 2317 693 ct
2336 637 2532 693 bellum
2557 641 2968 695 instaurandum
2994 641 3094 696 sibi
3123 646 3400 706 censebat,

186 725 279 795 ὅτῳ
297 724 359 794 δὴ
385 724 569 796 τρόπῳ
591 724 820 796 δύναμιν
852 730 1035 800 ἐαυτῷ
1057 716 1493 800 περιϐάλλεσθαι,
1517 728 1735 798 ἐκράτει

184 839 238 876 τε
282 820 370 875 τοῦ
402 822 590 893 ὁμίλου
638 824 734 876 καὶ
768 826 1165 897 ἀναμαχεῖσθαι
1212 824 1463 879 διενοεῖτο
1486 863 1502 889 ,
1546 824 1622 887 ὡς
1668 824 1735 876 ἀν

184 910 373 966 ἐνθένδε
403 914 498 967 καὶ
541 911 741 982 μᾶλλον
764 915 1017 987 ἀρίδηλος
1056 915 1284 984 γένοιτο.
1317 915 1493 978 Εὐθὺς
1531 914 1596 984 δὴ
1640 910 1735 967 οὖν

181 1002 209 1055 6
254 1002 471 1073 Ναρσῆς
526 1003 728 1059 ἅπαντι
772 1005 851 1076 τῷ
896 1005 1110 1077 στρατῷ
1152 1007 1242 1060 ἐπ’
1268 1005 1462 1069 αὐτοὺς
1516 1005 1734 1076 ἐχώρει,

182 1097 269 1150 καὶ
296 1092 411 1151 εἶτα
456 1098 643 1172 ἐπειδή
686 1100 835 1171 αὑτῷ
860 1099 959 1170 ούχ
1001 1095 1114 1154 οἷόν
1144 1117 1204 1153 τε
1233 1095 1303 1171 ἦν
1348 1100 1407 1166 ἐξ
1440 1099 1736 1169 ἐπιδρομῆς

181 1187 253 1258 τῷ
290 1189 531 1262 φρουρίῳ
583 1190 837 1255 πελάζειν
887 1192 981 1246 καὶ
1033 1172 1093 1245 ἐν
1139 1189 1417 1261 δυσχωρίᾳ.
1462 1189 1733 1243 διακινδυ-

182 1277 344 1334 νεύειν
376 1280 443 1346 ⁷⁸,
474 1283 504 1334 6
532 1282 588 1336 δὲ
630 1284 690 1346 ἐς
720 1283 1032 1355 πολιορκίαν
1056 1282 1369 1347 καθίστατο,
1400 1282 1495 1335 καὶ
1537 1281 1730 1335 πάντο-

182 1370 266 1425 θεν
302 1372 555 1442 ἐφρούρει
592 1372 670 1436 ὡς
716 1373 881 1445 μηδὲν
919 1372 1098 1426 ὁτιοῦν
1142 1375 1254 1437 τοῖς
1298 1371 1444 1425 ἐνδον
1491 1371 1737 1441 εἰσκομί-

180 1460 335 1528 ζοιτο,
392 1463 527 1533 μηδέ
586 1480 652 1533 γε
705 1467 900 1519 ἐκείνοι
949 1464 1117 1529 ἀδεῶς
1262 1463 1532 1534 βούλοιντο
1580 1464 1731 1517 ῐοιεν.

192 1551 342 1607 Ἀλλά
365 1552 475 1623 γὰρ
501 1554 559 1608 ἐν
600 1556 774 1609 τοῖσδε
815 1556 877 1608 οὐ
922 1554 1067 1625 μάλα
1097 1555 1147 1608 οί
1192 1556 1465 1628 Βάρϐαροι
1494 1555 1734 1625 ἐπημαί-

178 1661 338 1701 νοντο.
398 1645 650 1718 ’Δφθονίᾳ
703 1648 813 1720 γὰρ
871 1647 1095 1719 πλείστῃ
1145 1648 1245 1721 ὅση
1277 1648 1386 1702 τῶν
1422 1647 1733 1716 ἀναγκαίων

176 1736 405 1807 ἐχρῶντο
455 1737 523 1801 ",
574 1739 804 1809 ἐπείπερ
833 1737 1015 1802 αὐτοῖς
1060 1738 1161 1811 ήδη
1210 1741 1256 1773 ⁷³
1304 1738 1520 1793 ἅπαντα
1566 1754 1625 1791 τε
1663 1738 1730 1791 τὰ

176 1828 445 1898 ἐπιτήδεια
494 1828 729 1883 καὶτῶν
775 1828 1066 1900 κτημάτων
1104 1829 1173 1884 τὰ
1219 1828 1625 1899 τιμαλφέστατα
1669 1831 1728 1882 ἐν

175 1917 303 1987 τῷδε
331 1917 409 1989 τῷ
438 1919 677 1991 φρουρίῳ
702 1918 778 1982 ὡς
831 1919 1035 1974 ἁλῶναί
1065 1936 1129 1989 γε
1159 1919 1293 1974 αὐτὸ
1322 1919 1422 1973 οὐκ
1469 1919 1604 1983 ἐνὸν,
1632 1920 1721 1972 ἐσ-

1838 733 1897 778 υῑ
1923 738 1989 779 ex
2016 739 2081 779 eo
2111 726 2373 780 celebrior
2414 727 2581 780 licrct.
2635 726 2930 784 Confestim
2983 731 3163 800 itaque
3208 729 3405 785 Narses

1834 832 1960 873 cum
1988 818 2240 873 universo
2267 818 2507 873 exercitu
2538 820 2591 872 in
2625 834 2720 873 eos
2745 822 2930 885 movit,
2960 831 3015 875 ct
3037 822 3251 887 deinde,
3278 840 3405 877 cum

1836 923 1944 963 non
1974 918 2155 977 posset
2196 909 2373 980 primo
2422 910 2643 966 incursu
2679 911 2900 965 castello
2949 914 3402 985 appropinquare,

1835 1012 1890 1057 et
1914 1000 2120 1058 difﬁcili
2153 1018 2185 1058 e
2213 1003 2334 1057 loco
2357 1001 2676 1067 conflictari,
2723 1002 3007 1058 obsidione
3030 1004 3159 1058 illud
3205 1008 3395 1069 cinxit,

1835 1089 2091 1159 omnique
2116 1105 2180 1145 ex
2206 1098 2360 1161 parte
2384 1090 2782 1160 circumsepsit,
2812 1105 2881 1146 ne
2910 1091 3041 1160 quid
3073 1091 3217 1146 intro
3250 1094 3400 1149 inve-

1837 1182 2077 1244 heretur,
2109 1195 2245 1236 neve
2277 1180 2355 1235 illi
2405 1180 2805 1251 intrepide,,quo
2829 1182 3039 1238 luberet
3086 1182 3243 1238 irent.
3299 1184 3405 1239 Sed

1835 1272 1986 1328 hisce
2006 1272 2168 1328 rebus
2188 1287 2292 1327 non
2316 1271 2603 1327 admodum
2631 1273 2778 1342 gravi
2805 1274 3003 1329 damno
3038 1274 3405 1331 adiciebantur

1835 1362 2071 1418 barbari.
2113 1360 2333 1417 Summa
2378 1360 2487 1433 93
2541 1362 2686 1416 enim
2737 1376 2918 1417 rerum
2973 1366 3402 1421 necessariarum

1833 1454 1989 1524 copia
2038 1452 2408 1519 abundabant,
2465 1467 2589 1508 cum
2645 1460 2700 1505 et
2751 1462 3110 1507 commeatum
3163 1470 3400 1521 onmem,

1832 1553 2038 1616 quanto
2080 1558 2219 1614 opus
2256 1554 2394 1609 erat,
2444 1552 2499 1600 et
2544 1558 2608 1598 ex
2661 1543 3010 1600 facultatibus
3060 1544 3177 1598 suis
3204 1548 3401 1613 pretio-

1831 1636 2051 1693 sissima
2081 1650 2311 1705 quaeque
2352 1636 2408 1690 in
2451 1636 2580 1691 illud
2618 1636 2895 1690 castellum
2946 1645 3203 1706 tanquam
3244 1638 3397 1690 inex-

1829 1726 2119 1799 pugnabile
2158 1727 2561 1782 convexissent.
2602 1726 2829 1781 Moleste
2866 1742 2994 1782 vero
3045 1728 3402 1782 nihilominus

1828 1819 2074 1875 ferebant
2097 1816 2468 1873 Romanorum
2501 1817 2863 1878 obsidionem.
2903 1826 2963 1883 et
3003 1829 3158 1888 turpe
3202 1821 3304 1873 rati
3356 1804 3400 1871 si

1834 1911 1930 1966 diu
1955 1910 2090 1965 adeo
2106 1909 2305 1979 exiguo
2330 1908 2534 1965 ambitu
2560 1909 2905 1981 circumsepti
2927 1910 3397 1977 cuncluderentur,

173 1979 462 2079 svﬂvsx't'o:
482 1979 888 2080 -‘on:&nowec
933 2010 990 2064 δὲ
1012 1979 1160 2081 ὅμως
1188 2011 1282 2063 ἐπὶ
1318 2012 1385 2081 τῇ
1437 2010 1545 2063 τῶν
1592 1979 1733 2063 ’Ῥω-
1762 1979 1811 2038 Β

1762 1979 1811 2038 Β
1839 2004 2149 2074 frequentes
2174 2003 2229 2057 in
2255 2002 2465 2057 hostem
2488 1979 2845 2058 excursiones
2865 2000 3157 2065 faciebant.
3199 2003 3245 2057 si
3290 2020 3399 2073 qun

175 2101 346 2170 μαίων
395 2101 831 2175 προσκαθεδρία,
886 2104 981 2157 καὶ
1028 2102 1250 2172 αἰσχρὸν
1292 2103 1623 2173 ἡγούμενοι,
1683 2105 1732 2155 εί

174 2191 410 2261 μέλλοιεν
479 2192 623 2246 οὕτω
694 2194 759 2265 δή
832 2193 1062 2248 ἐπιπολὺ
1104 2195 1163 2246 ἐν
1199 2193 1471 2267 περιϐόλῳ
1531 2195 1735 2265 μετρίῳ

1838 2097 2002 2152 modo
2029 2110 2123 2150 eos
2150 2094 2277 2149 inde
2300 2093 2588 2165 proﬂigare
2617 2103 2874 2165 possent;
2907 2093 3041 2149 nihil
3069 2109 3198 2150 vero
3227 2095 3397 2150 relatu

1838 2191 2063 2260 dignum
2089 2186 2317 2242 effecere

172 2284 515 2356 ξυνειλῆφθαι
537 2288 633 2340 καὶ
659 2287 1132 2358 ἐγκατείργεσθαι,
1164 2288 1437 2360 ἐκδρομὰς
1494 2289 1593 2359 μέν
1657 2288 1797 2342 κατὰ
1829 2285 1939 2341 τῶν
1975 2282 2284 2338 ἀντιπάλων
2314 2280 2462 2352 θαμά
2508 2280 2817 2347 ἐποιοῦντο,
2862 2282 2916 2335 εί
2956 2300 3071 2346 πως
3111 2282 3177 2336 ἂν
3206 2283 3399 2369 αὑτοὺς

168 2378 377 2434 ἐνθένδε
425 2378 746 2435 ἀπώσασθαι
799 2381 1107 2453 δυνηθεῖεν,
1157 2382 1309 2436 οὐδὲν
1343 2382 1401 2436 δὲ
1436 2383 1466 2437 6
1511 2399 1567 2437 τι
1610 2384 1705 2437 καί⁹
1741 2382 1961 2454 μνήμης
1986 2377 2135 2443 ἀξιον
2164 2376 2459 2449 ἔπρασσον.

240 2468 323 2538 (Α.
365 2468 427 2525 C.
476 2469 626 2541 554.)
661 2471 743 2524 ιδ’.
790 2469 880 2524 Ἐν
916 2471 1126 2533 τούτοις
1168 2471 1213 2503 ⁷³
1238 2470 1298 2524 δέ
1324 2472 1419 2526 τοῦ
1467 2472 1732 2544 χειμῶνος

162 2556 459 2629 τριϐέντος,
496 2559 613 2631 ἅμα
638 2555 735 2632 ἦρι
777 2559 1084 2633 ἀρχομένῳ,
1116 2563 1175 2626 ἐς
1204 2562 1395 2632 λόγους
1434 2563 1610 2618 ἐλθεῖν
1650 2564 1729 2636 τῷ

164 2648 354 2720 Ναρσῇ
386 2651 415 2703 6
439 2650 728 2723 Ῥἀγναρις
750 2650 858 2703 τῶν
874 2652 1158 2723 παρόντων
1182 2654 1307 2723 πέρι
1330 2652 1529 2724 χρῆναι
1550 2651 1726 2723 ᾠήθη,

163 2742 263 2795 καὶ
307 2737 400 2795 οῦν
443 2744 907 2814 ἐπιτετραμμένον
956 2742 1106 2811 αὐτῷ
1135 2743 1318 2814 παρῆν
1364 2742 1482 2812 ἅμα
1528 2743 1729 2811 ὀλίγοις

162 2834 224 2885 ἐν
274 2833 599 2904 μεταιχμίῳ,
654 2833 979 2904 ξυνηλθέτην
1030 2851 1091 2887 τε
1143 2834 1188 2866 ⁷⁵
1234 2832 1400 2904 ἄμφω
1441 2836 1501 2899 ἐς
1544 2833 1724 2901 ταυτὸ,

165 2922 263 2977 καὶ
292 2923 463 2977 πολλά
505 2926 641 2979 ἅττα
665 2925 1028 2996 διελεγέσθην.
1073 2924 1216 2978 Ἰδὼν
1253 2924 1310 2979 δέ
1334 2928 1363 2980 6
1390 2927 1613 2998 Ναρσῆς
1636 2926 1728 2980 τὸν

174 3015 465 3087 Ῥάγναριν
503 3019 563 3080 ἐς
608 3016 925 3081 ἀλαζονείαν
968 3018 1015 3049 ⁷⁵
1055 3017 1311 3088 ἠρμένον,
1358 3018 1455 3071 καὶ
1501 3018 1728 3091 πλείστῃ

162 3104 442 3177 χρώμενον
476 3107 867 3179 μεγαληγορίᾳ,
897 3109 973 3170 ὼς
1002 3109 1261 3178 μειζόνων
1301 3109 1421 3180 τεῆ
1457 3112 1579 3163 κατ’
1626 3112 1726 3165 αύ-

159 3199 256 3251 τὸν
283 3197 548 3268 ἐφίεσθαι,
582 3200 691 3253 κάκ
719 3199 813 3253 τοῦ
835 3200 1154 3271 ,ὑπερτέρου
1195 3201 1608 3271 ἐπικομπάζειν,
1648 3202 1728 3256 δι-

168 3288 360 3342 έλυσεν
385 3288 582 3343 αὐτίκα
606 3288 704 3361 τήν
742 3288 1039 3357 ξυνουσίαν,
1075 3291 1170 3345 καὶ
1194 3291 1569 3362 ἀπηγόρευσεν
1590 3293 1638 3325 ⁷⁸
1660 3295 1726 3364 τῇ
1754 3326 1799 3388 C

163 3379 449 3451 ξυμϐάσει,
484 3382 578 3436 καὶ
605 3382 896 3453 ἀπέπεμπε
924 3399 987 3452 γε
1019 3382 1179 3437 αὐτὸν
1206 3378 1367 3446 αὖθις
1398 3385 1458 3446 ἐς
1484 3384 1728 3439 τούπίσω

160 3472 443 3542 ἄπρακτον
468 3473 560 3526 ἐπὶ
579 3475 692 3537 τοῖς
727 3473 1011 3545 προτέροις
1052 3473 1335 3544 μενοῦντα.
1379 3473 1438 3527 '0
1464 3474 1520 3529 δὲ
1543 3477 1728 3549 ἐπειδὴ

158 3565 225 3619 ἐν
266 3563 345 3636 τῷ
368 3563 516 3636 λόφῳ
540 3566 801 3637 ἐγεγόνει,
833 3567 928 3620 καὶ
957 3566 1058 3637 ήδη
1090 3566 1151 3619 οὐ
1185 3565 1373 3636 πόρρω
1401 3568 1495 3621 τοῦ
1520 3568 1726 3640 τείχους

158 3658 381 3727 ἀφῖκτο,
432 3659 770 3728 χαλεπαίνων
799 3660 884 3714 ὅτι
933 3660 998 3731 δή
1030 3661 1177 3732 αύτῷ
1221 3662 1372 3716 οὐδὲν
1401 3662 1576 3717 ὁτιοῦν
1616 3662 1726 3716 τῶν

159 3749 527 3804 ἐλπισθέντων
578 3748 789 3821 ἀπέϐη,
843 3751 1063 3805 ἐντείνει
1114 3753 1297 3825 ἠρέμα
1349 3754 1619 3827 λαθραίως
1665 3756 1726 3809 τὸ

157 3840 339 3906 τόξον,
390 3842 484 3896 καὶ
510 3836 629 3897 εἶτα
657 3841 854 3914 ἀθρόον
896 3847 1313 3916 μεταστραφεὶς,
1353 3848 1545 3918 ἀφίησι
1577 3847 1726 3917 βέλος

161 3932 253 3986 (Si:
281 3930 374 3985 τοῦ
414 3933 655 4004 Ναρσοῦ,
681 3934 945 4006 διήμαρτε
970 3936 1027 3989 δὲ
1057 3937 1156 3990 τοῦ
1184 3937 1407 3992 σκοποῦ.
1469 3939 1724 4010 Ἑτέρωθι

158 4024 274 4093 γάρ
312 4039 414 4076 που
461 4024 680 4097 ἀπέπτη
708 4025 753 4056 ⁷⁷
783 4028 813 4079 6
840 4029 1124 4096 ἄτρακτος,
1174 4027 1268 4081 καὶ
1309 4006 1605 4082 κατέπεσεν
1632 4006 1723 4083 ού-

154 4115 290 4168 δένα
323 4115 627 4185 σινάμενος.
679 4117 925 4188 Μετῆλθε
973 4119 1029 4173 δέ
1060 4119 1208 4190 ὅμως
1245 4121 1280 4189 ή
1326 4120 1448 4191 δίκη
1495 4121 1653 4184 εὐθὺς
1677 4121 1722 4154 ⁷⁸

153 4207 266 4277 τὴν
310 4206 407 4260 τοῦ
447 4208 731 4280 Βαρϐἀρου
764 4210 1128 4281 παρανομίαν.
1183 4211 1248 4267 Oi
1299 4213 1405 4285 γὰρ
1452 4214 1592 4284 ἀμφὶ
1634 4213 1726 4267 τὸν

152 4298 393 4372 Ναρσῆν
418 4298 701 4370 δορυφόροι
745 4301 804 4353 ἐν
851 4301 1070 4372 ὀργῇτὺ
1119 4302 1329 4356 ἐκείνου
1373 4305 1725 4376 ποιησάμενοι

154 4389 387 4461 θράσος,
414 4391 817 4456 ἐπιτοξάζονται
846 4394 926 4456 εἰς
959 4393 1139 4456 αὑτὸν,
1172 4393 1267 4446 καὶ
1298 4394 1587 4466 πλήττεται
1612 4412 1727 4449 και-

154 4482 294 4552 ρίαν
323 4483 355 4534 6
378 4481 628 4546 δείλαιος.
660 4483 783 4548 Πῶς
803 4483 909 4555 γὰρ
933 4485 1033 4537 οὐκ
1064 4485 1315 4555 ήμελλεν,
1346 4486 1529 4541 ἄδικόν
1554 4504 1605 4541 τι
1631 4488 1725 4539 καὶ

152 4572 395 4642 ἀγεννὲς
426 4573 728 4645 ἐγχείρημα
757 4574 994 4645 δράσας;
1025 4576 1131 4629 Καὶ
1168 4576 1320 4647 μόλις
1350 4578 1448 4647 μὲν
1484 4576 1644 4630 αὑτὸν
1673 4580 1723 4630 οί

1905 2470 1990 2525 14.
2030 2467 2219 2524 Hieme
2242 2479 2421 2523 autem
2450 2466 2505 2521 in
2529 2467 2635 2523 hoc
2662 2475 2952 2532 transacta,
2976 2466 3159 2533 statim
3180 2467 3401 2521 ineunte

1830 2578 1958 2619 vere
1991 2559 2251 2632 Regnaris
2285 2558 2671 2629 paciscendum
2711 2560 2815 2615 sibi
2853 2560 2907 2614 in
2933 2574 3044 2614 rem
3080 2559 3397 2631 praesentem

1830 2672 1954 2712 cum
1986 2653 2210 2709 Narsete
2240 2652 2468 2723 putavit.
2500 2651 2699 2707 Libero
2742 2653 2924 2722 itaque
2955 2660 3260 2706 commeatu
3307 2665 3399 2704 ac-

1832 2754 2008 2816 cepto,
2033 2744 2101 2799 ad
2125 2742 2403 2799 Narsetem
2434 2743 2625 2814 paucis
2649 2744 2942 2798 comitatus
2972 2743 3024 2797 in
3052 2744 3228 2797 locum
3259 2743 3399 2795 inter

1828 2840 2125 2894 exercitum
2170 2847 2225 2893 et
2272 2837 2553 2892 castellum
2605 2837 2981 2891 intermedium
3037 2837 3215 2902 venit;
3264 2850 3395 2888 con-

1828 2930 2110 2999 gressique
2142 2928 2285 2982 inter
2330 2941 2389 2981 se
2434 2927 2613 2979 varios
2656 2940 2933 2980 sermones
2983 2925 3315 2979 miscuerunt
3344 2932 3398 2976 ct

1828 3020 2220 3088 disceptarunt.
2263 3014 2465 3072 Videas
2498 3025 2677 3071 autem
2722 3015 2920 3073 Narses
2964 3015 3253 3085 Ragnarim
3302 3032 3397 3070 su-

1828 3110 2016 3179 perbia
2049 3108 2271 3175 elatum,
2311 3107 2589 3177 multaque
2623 3108 3197 3177 verborum'jactautia
3238 3118 3395 3161 uten-

1829 3209 1959 3265 tem,
1984 3207 2040 3254 et
2077 3199 2284 3268 majora
2326 3211 2490 3268 quam
2534 3200 2708 3267 ipsum
2756 3197 2971 3253 deceret
3011 3199 3393 3267 postulantem,

1830 3292 2137 3361 mirumque
2165 3292 2219 3344 in
2247 3291 2466 3345 modum
2502 3304 2564 3344 ca
2591 3304 2934 3359 exaggerare,
2965 3289 3252 3344 confestim
3283 3290 3395 3342 col-

1828 3385 2071 3453 loquium
2095 3382 2272 3449 solvit,
2284 3391 2358 3447 et,
2383 3381 2775 3451 compositione
2800 3382 3153 3451 pactioneque
3170 3391 3383 3449 negata,

1825 3474 2028 3532 infecta
2059 3490 2119 3530 re
2147 3475 2216 3530 ad
2242 3489 2375 3531 suos
2400 3474 2630 3530 remisit.
2661 3473 2765 3540 Qui
2795 3489 2916 3528 cum
2949 3475 3003 3528 in
3033 3473 3223 3528 collem
3263 3489 3392 3526 eva-

1823 3570 2007 3636 sisset,
2035 3568 2261 3639 jamque
2286 3583 2396 3623 non
2432 3567 2621 3637 procul
2650 3583 2681 3621 a
2712 3583 2870 3622 muro
2899 3566 3129 3631 abesset,
3172 3566 3393 3635 indigne

1826 3661 2005 3717 ferens
2046 3660 2182 3715 nihil
2211 3661 2370 3731 plane
2404 3675 2463 3715 se
2512 3675 2704 3715 eorum
2749 3675 2870 3730 quae
2917 3670 3161 3729 sperarat
3199 3673 3392 3712 consr-

1824 3763 2033 3818 cutum,
2062 3754 2260 3809 sensim
2290 3763 2345 3808 et
2370 3754 2510 3807 clam
2546 3762 2702 3808 tenso
2732 3768 2884 3814 arcu,
2933 3752 3220 3820 subitoque
3261 3766 3391 3806 con-

1824 3860 2036 3911 versus,
2073 3845 2323 3915 sagittam
2373 3854 2519 3901 recta
2566 3845 2619 3899 in
2662 3843 2941 3899 Narselem
2978 3854 3229 3913 torquet;
3271 3860 3392 3913 quze

1828 3950 1859 3990 a
1895 3950 2061 4004 scopo
2099 3937 2358 3991 aberrans
2392 3937 2651 3992 aliorsum
2701 3937 2875 3991 delata
2910 3936 3124 3998 cecidit,
3178 3938 3393 3989 nemine

1824 4034 1971 4085 laeso.
2004 4027 2302 4083 Consecuta
2346 4044 2475 4083 vero
2515 4029 2693 4082 statim
2725 4038 2807 4082 est
2836 4042 2994 4096 paena
3040 4028 3249 4081 barbari
3299 4030 3391 4081 ho-

1824 4118 1988 4172 minis
2016 4118 2330 4187 nequitiam.
2376 4118 2625 4173 Narsetis
2655 4118 2799 4173 enim
2842 4119 3071 4172 satellite
3099 4118 3223 4172 facti
3259 4132 3393 4186 prae-

1824 4209 2040 4264 fidentia
2088 4210 2499 4279 lemeritateque
2536 4211 2731 4265 irritati
2778 4211 2985 4279 sagittis
3016 4226 3139 4263 eum
3182 4219 3390 4279 petunt,

1822 4297 1932 4369 94
1966 4306 2021 4352 et
2052 4298 2193 4352 letali
2243 4298 2350 4352 ictu
2406 4299 2662 4352 miserum
2697 4298 2896 4351 feriunt
2947 4299 3156 4367 (quidni
3207 4298 3396 4353 enim?

1824 4404 1946 4443 cum
1973 4390 2105 4444 adeo
2130 4390 2374 4458 iniquum
2402 4398 2455 4445 et
2490 4390 2596 4445 vile
2636 4389 2846 4444 facinus
2884 4392 3288 4461 perpeti-asset),
3337 4402 3390 4445 ct

1823 4496 1963 4551 aegre
1991 4482 2208 4551 quidem
2238 4483 2414 4552 ipsum
2444 4483 2670 4537 comites
2703 4493 2972 4550 gestantes
3008 4484 3145 4537 intra
3182 4484 3389 4538 castelli

1825 4588 2011 4629 muros
2069 4574 2432 4638 detulerunt;
2517 4588 2751 4643 cumque
2804 4576 2869 4627 ad
2927 4576 3144 4627 biduum
3202 4590 3390 4644 supcr-

149 4662 361 4716 ὀπαδοὶ
404 4664 643 4734 φοράδην
670 4664 802 4717 είσω
845 4665 938 4718 τοῦ
978 4665 1260 4735 περιϐόλου
1300 4665 1721 4737 διακομίζουσιν.
1754 4669 1803 4729 Ι)

1754 4669 1803 4729 Ι)
1827 4665 2300 4735 vixisset,turpiter
2330 4665 2586 4729 decessit,
2618 4675 2673 4720 et
2702 4665 2936 4735 perfidia:
2966 4666 3389 4735 temeritatisque

164 4753 423 4824 Ἡμέρας
464 4754 523 4808 δέ
570 4754 663 4808 δύο
711 4755 967 4827 ἀρκέσας,
1019 4756 1227 4821 ἀκλεῶς
1261 4758 1493 4823 ἀπεϐίω,
1533 4758 1628 4812 καὶ
1658 4759 1727 4811 τὰ

148 4847 267 4915 τῆς
293 4844 549 4908 ἀπιστίας
577 4844 723 4914 αὐτῷ
751 4845 843 4899 καὶ
879 4847 1161 4915 παροινίας
1189 4849 1243 4910 ἐς
1274 4848 1390 4901 τόδε
1423 4848 1594 4902 κακοῦ
1620 4850 1729 4903 ἐτε-

147 4934 355 4991 λεύτα.
399 4935 635 4989 Ἐκείνου
676 4934 732 4990 δέ
759 4936 1176 5008 διαφθαρέντος,
1212 4939 1407 4992 αὐτίκα
1442 4940 1492 4992 οί
1540 4940 1729 4994 Γότθοι

153 5026 254 5099 (οὐ
284 5027 395 5096 γὰρ
434 5026 676 5096 ἀντέχειν
708 5026 787 5079 ἔτι
828 5028 872 5060 ⁷⁸
917 5031 984 5098 τῇ
1034 5029 1314 5101 πολιορκίᾳ
1352 5026 1454 5083 οἷοί
1504 5048 1564 5084 τε
1589 5026 1728 5086 εἶναι

148 5115 425 5188 ἡγοῦντο)
460 5118 668 5170 ἐδέοντο
707 5115 801 5170 τοῦ
833 5117 1051 5188 Ναρσοῦ
1076 5120 1145 5173 τὰ
1176 5121 1339 5174 πιστὰ
1368 5120 1516 5189 σφίσι
1548 5139 1723 5192 παρα-

150 5206 397 5278 σχέσθαι
424 5206 491 5271 ⁸⁸,
526 5205 602 5269 ὡς
628 5206 721 5261 τοῦ
750 5206 850 5279 ζῇν
891 5208 1085 5273 αὐτοὺς
1111 5209 1210 5265 οὐκ
1235 5212 1562 5282 ἀφαιρήσει·
1591 5212 1622 5265 δ
1659 5212 1724 5284 δὴ

144 5298 262 5352 καὶ
290 5296 522 5368 τάχιστα
553 5297 940 5369 ὸμωμοσμένον
966 5298 1035 5366 ⁸⁸,
1066 5301 1205 5368 σφᾶς
1245 5317 1301 5353 τε
1346 5302 1539 5364 αὐτοὺς
1583 5303 1723 5355 ἐκείο

1827 4770 1939 4812 sua:
1977 4755 2116 4809 hunc
2145 4753 2334 4809 habuit
2359 4754 2564 4809 tristem
2605 4754 2826 4809 exitum.
2865 4754 2958 4807 Illo
2992 4769 3119 4809 vero
3175 4757 3389 4809 sublato

1826 4846 2110 4904 confestim
2177 4845 2339 4901 Gothi
2390 4847 2591 4917 (neque
2642 4848 2785 4901 enim
2840 4846 3176 4900 obsidionem
3249 4846 3389 4901 ferre

1826 4950 1988 5005 posse
2011 4934 2350 4998 videbantur)
2397 4936 2668 5005 supplices
2709 4934 2919 4991 Narseti
2969 4945 3098 4990 sunt
3144 4936 3291 5001 fat-ti,
3331 4947 3391 4991 ut

1828 5025 1933 5080 fide
1967 5025 2092 5079 data
2124 5025 2288 5079 vitam
2322 5026 2453 5094 ipsis
2480 5026 2853 5080 condonaret:
2899 5036 2953 5080 et
2980 5028 3194 5096 quidem
3237 5028 3388 5081 citis-

1828 5118 1964 5172 sime
1997 5116 2352 5187 jurejurando
2379 5126 2620 5185 accepto,
2671 5132 2731 5172 se
2772 5118 2972 5186 pariter
3012 5127 3065 5172 et
3107 5118 3385 5172 castellum

1830 5210 2168 5264 dediderunt.
2222 5207 2418 5263 Narscs
2461 5224 2589 5262 vero
2637 5210 2904 5264 nemiuem
2952 5210 3166 5279 quidem
3219 5209 3386 5262 inter-

1831 5301 1957 5356 fecit
1978 5340 1994 5365 ,
2024 5301 2153 5370 quia
2180 5300 2232 5355 id
2259 5302 2488 5371 jurarat.
2514 5310 2570 5357 et
2593 5301 2831 5372 alioquin
2858 5317 3071 5372 aequum
3100 5316 3207 5357 non
3243 5310 3386 5357 esset

1428 5501 1667 5558 VARUE
1713 5499 2114 5559 LECTlONES.

324 5703 937 5790 κάξ-τδιακινδυνεύειν.
960 5703 1125 5787 lntpr.
1156 5702 1307 5790 addit
1350 5701 1527 5790 τιοίίει.
1603 5704 1653 5790 τ’·
1683 5704 1906 5790 ἀφθονίᾳ
1930 5732 2001 5790 ῖ-
2023 5700 2262 5790 ἐχρῶντο
2286 5703 2475 5790 οπερ-..β
2508 5714 2568 5790 ει
2601 5706 2767 5790 intp'r.
2922 5706 3021 5790 ήδη
3056 5714 3178 5790 post
3202 5704 3384 5790 aucti-3;

140 5776 338 5831 inler.
378 5775 423 5827 ιι
442 5783 496 5829 et
521 5776 714 5843 intepr.
788 5774 831 5806 ⁷⁸
867 5776 923 5827 ἐν
958 5771 1164 5843 τούτοις
1190 5771 1257 5835 R,
1284 5775 1344 5843 ἐν
1364 5772 1535 5843 τούτῳ

137 5844 482 5914 ἀπηγόρευε
514 5840 682 5914 Ανυιζ.
720 5913 724 5914 ν
758 5843 800 5875 ⁷⁷
836 5844 1053 5914 ἀπέπτη
1076 5840 1144 5914 Β.
1189 5842 1363 5914 ἀπέϐη
1394 5840 1535 5912 vulg.

139 5911 435 5981 inl’vulg.
507 5912 555 5944 ⁸⁸
590 5911 916 5982 παρέχεσθαι
962 5911 1050 5966 Β(
1098 5913 1139 5944 ⁸¹
1179 5911 1505 5983 ὡμοσμίνως
1548 5911 1616 5967 Π.

1566 5775 1708 5841 vulg.
1771 5775 1812 5846 ξ’*
1849 5774 1919 5846 τε,
1937 5774 2019 5846 Β,
2040 5774 2096 5827 δὲ
2117 5779 2259 5846 vulg.

1613 5846 1659 5876 "'
1698 5846 1729 5915 ἡ
1763 5845 1811 5898 δ.
1838 5844 1951 5899 εὺθ.
1993 5844 2055 5910 R,
2100 5844 2276 5915 εὑθξή
2306 5845 2353 5897 δ.
2381 5847 2524 5914 vulg.

2332 5777 2379 5808 ⁷⁸
2393 5776 2682 5837 ἀλαζονίαν
2705 5775 2769 5829 R.
2792 5844 2807 5845 γ
2842 5777 2891 5808 ⁷⁸
2928 5775 3300 5845 ἀπηγόρευσεν
3315 5776 3381 5841 Β,

2602 5846 2642 5876 ⁷³³
2682 5846 2758 5899 ἔτι
2786 5844 2850 5907 Β,
2874 5844 3035 5912 impr.
3070 5848 3132 5898 de
3174 5858 3380 5910 ca'tero,
