4212 6438
242 437 364 501 1361

1405 430 1938 494 HISTORIARUM
1963 429 2192 489 LIBER
2217 433 2296 492 II.

3314 433 3451 497 i362

234 550 376 617 πλὴν
403 546 516 600 ἀλλ’
549 545 668 614 οὐχὶ
693 547 748 608 ἐς
781 547 904 599 ὅσον
931 545 1024 598 καὶ
1067 545 1113 576 ’⁵
1147 541 1458 612 ἀγνοεῖσθαι
1497 540 1572 604 ὡς
1601 542 1783 613 ἐκείνη
1815 542 1858 598 Δ
1887 555 1897 590 t

1815 542 1858 598 Α
1887 537 2007 591 dem
2036 537 2210 606 qualis
2247 546 2402 592 antea
2431 550 2546 592 erat
2567 579 2584 604 ,
2617 557 2788 608 neque
2817 552 2995 595 tamen
3040 542 3110 595 ita
3141 542 3447 598 dissimilis'

231 638 316 705 εἰη
361 638 396 706 ή
440 634 625 691 πάλαι.
671 635 808 690 Ἀλλ’
842 631 996 700 οὗτος
1026 637 1125 704 μὲν
1163 635 1192 687 ὁ
1223 636 1322 705 τῆς
1347 634 1553 698 πόλεως
1585 635 1790 688 ἀνοικι-

233 728 368 798 σμδς
415 729 507 782 καὶ
551 730 585 798 ὴ
636 727 745 782 τῶν
795 725 1174 780 διδασκαλείων
1221 725 1270 758 ’⁸
1314 725 1568 789 ἐπάνοδος
1613 725 1788 796 χρόνῳ

233 819 457 888 ὕστερον
483 819 705 890 ἔμελλεν
731 818 968 874 ἔσεσθαι.
1001 819 1132 871 Τότε
1163 817 1219 872 δὲ
1249 819 1342 872 καὶ
1379 819 1437 871 ὲν
1467 820 1535 889 τῇ
1578 817 1787 891 μεγάλῃ

245 910 640 982 Ἀλεξανδρείᾳ,
672 914 738 983 τῇ
765 912 899 982 πρὸς
925 911 1004 981 τῷ
1032 911 1210 980 Νείλῳ
1243 911 1499 982 ἰδρυμένῃ
1534 911 1784 982 ποταμῷ,

232 1005 533 1058 καὶταῦτα
579 1006 679 1060 οὐκ
725 1005 912 1069 εἰωθὸς
962 1005 1199 1058 σείεσθαι
1242 1005 1306 1058 τὸ
1351 1005 1567 1076 χωρίον,
1604 1007 1786 1059 συναί-

234 1097 424 1168 σθησίς
469 1115 552 1162 τις
578 1098 622 1130 ⁸⁷
651 1097 745 1151 τοῦ
782 1097 967 1151 κλόνου
997 1096 1254 1170 ἐλαχίστη
1295 1098 1393 1166 μὲν
1426 1099 1518 1152 καὶ
1544 1099 1787 1168 ἀφαυρο-

231 1187 369 1254 τάτη
417 1187 510 1239 καὶ
558 1185 619 1238 οὐ
669 1185 903 1256 πάμπαν
952 1185 1226 1257 ἀρίδηλος,
1275 1185 1465 1255 γέγονε
1513 1186 1570 1239 δὲ
1613 1186 1780 1257 ὅμως.

236 1279 505 1339 Ἅπαντες
531 1277 595 1346 δή
629 1273 721 1330 οὖν
746 1279 794 1331 οί
819 1277 1102 1348 ἐπιχώριοι
1125 1279 1216 1330 καὶ
1251 1277 1483 1346 μάλιστα
1506 1278 1553 1330 οἰ
1584 1277 1786 1346 σφόδρα

231 1369 626 1440 γεγηρακότες,
684 1372 742 1424 ὲν
802 1368 1037 1438 θαύματι
1089 1369 1306 1440 μεγάλῳ
1359 1369 1421 1422 τὺ
1479 1369 1786 1440 ξυνενεχθὲν

229 1458 532 1522 ἐποιοῦντο,
573 1458 647 1522 ὡς
686 1457 840 1512 οὔπω
881 1459 1142 1531 πρότερον
1171 1461 1551 1530 γεγενημένον,
1593 1460 1785 1530 ἐμενὲν

229 1568 291 1604 τε
326 1552 462 1604 οἶκοι
511 1552 660 1615 ὅστις
699 1551 892 1617 οὐδεὶς,
934 1549 1049 1604 ἀλλ’
1095 1551 1197 1605 ἀνὰ
1239 1551 1338 1616 τὰς
1381 1551 1688 1621 λεωφόρους
1716 1552 1786 1606 τὰ

233 1642 410 1713 πλήθη
441 1641 703 1713 ξυνέῤῥει,
737 1640 816 1712 τῷ
851 1642 1235 1713 ἀπροσδοκήτῳ
1258 1643 1324 1714 δή
1348 1660 1450 1696 που
1485 1643 1580 1696 καὶ
1609 1660 1784 1714 παρα-

228 1734 365 1804 δόξῳ
403 1734 544 1805 πέρα
583 1734 629 1766 ’⁸
657 1733 751 1787 τοῦ
799 1735 1017 1804 μετρίου
1050 1735 1580 1814 καταπεπληγμένοι.
1630 1736 1783 1806 Ἐμοὶ

1887 629 2024 697 quin
2061 643 2126 682 ex
2164 630 2282 698 ejus
2313 637 2533 698 aspectu
2577 631 2800 700 pristina
2833 632 3003 700 ipsius
3029 631 3200 686 forma
3232 641 3452 702 agnosci

1891 731 2092 788 posset.
2128 718 2230 774 Sed
2269 722 2380 776 haec
2409 721 2627 789 quidem
2659 722 2812 776 urbis
2845 723 3188 778 reacdificatio
3206 731 3261 779 et
3290 724 3452 779 scho-

1887 809 2063 862 larum
2105 811 2388 864 revocatio
2420 814 2761 880 postmodum
2804 812 3081 866 videbatur
3118 812 3318 869 lutura.
3353 814 3456 869 Per

1887 899 2032 954 idem
2068 915 2288 970 quoque
2327 911 2540 971 tempus
2585 903 2638 955 in
2679 918 2873 974 magna
2909 903 2998 958 illa
3036 903 3355 960 Alexandria
3386 909 3452 962 ad

1884 986 2063 1044 Nilum
2097 990 2296 1046 ﬂumen
2325 994 2427 1048 sita
2459 995 2604 1063 (cum
2629 1003 2808 1047 tamen
2834 994 2965 1048 illud
2991 994 3246 1064 oppidum
3270 1005 3454 1052 terra:-

1885 1082 2054 1135 motui
2096 1083 2394 1136 obnoxium
2434 1098 2555 1138 esse
2595 1097 2705 1136 non
2769 1082 3001 1154 soleret)
3053 1100 3249 1141 sensus
3291 1087 3452 1140 etiam

1887 1171 2108 1239 quidam
2156 1181 2337 1227 motus
2363 1213 2378 1239 ,
2413 1174 2736 1244 perexiguus
2764 1173 2982 1242 quidem
3015 1175 3102 1230 ille
3143 1191 3206 1230 ac
3234 1177 3412 1232 brevis
3436 1219 3453 1241 .,

1889 1273 2065 1329 neque
2087 1261 2310 1316 omnino
2336 1260 2660 1316 manifestus
2683 1301 2698 1327 ,
2729 1261 2903 1319 factus
2928 1272 3014 1318 est
3041 1274 3240 1321 tamen.
3271 1265 3458 1325 Omni.

1886 1350 1990 1406 bus
2022 1353 2203 1423 itaque
2230 1354 2426 1410 incolis
2457 1365 2510 1410 et
2538 1355 2875 1425 potissimum
2907 1357 3062 1412 valde
3087 1359 3307 1415 senibus
3336 1376 3452 1414 ma—

1885 1459 1994 1513 guo
2018 1446 2282 1503 miracqu
2315 1463 2378 1503 ca
2419 1464 2506 1505 res
2552 1448 2688 1515 fuit;
2729 1449 2928 1519 quippe
2965 1466 3086 1521 qua:
3115 1460 3271 1506 antea
3311 1468 3450 1507 nun-

1881 1551 2049 1604 quam
2101 1539 2401 1604 acciderat;
2459 1556 2632 1610 neque
2679 1541 2969 1610 quisquam
3012 1543 3160 1597 domi
3219 1545 3446 1608 mansit,

1879 1625 1989 1696 9'7
2037 1628 2128 1683 sed
2160 1630 2212 1683 in
2253 1631 2459 1699 plateas
2490 1632 2785 1686 multitudo
2820 1632 3121 1689 conﬂuebat
3160 1634 3447 1690 insolentia

1881 1719 2225 1790 novitateque
2257 1723 2338 1776 rei
2363 1723 2501 1778 ultra
2525 1725 2744 1778 modum
2770 1722 3037 1794 perculsa.
3061 1723 3145 1780 ide
3164 1741 3289 1781 vero
3312 1742 3448 1796 quo-

227 1824 288 1878 δέ
337 1842 400 1893 γε
447 1827 541 1878 καὶ
582 1825 731 1896 αὐτῷ
780 1825 1095 1895 (ἐτύγχανον
1133 1812 1243 1897 γὰρ
1289 1825 1456 1878 αὐτοῦ
1495 1825 1781 1898 διατρίϐων
1814 1829 1890 1898 ηε

1814 1875 1852 1898 n
1881 1826 1986 1880 que
2025 1812 2203 1881 ipsum
2246 1813 2674 1884 (commorabar
2719 1818 2866 1871 enim
2917 1816 2990 1870 ibi
3036 1825 3148 1870 tum
3193 1819 3451 1887 temporis

227 1917 474 1980 παιδείας
517 1917 676 1970 ἕνεκα
719 1918 818 1988 τῆς
886 1917 992 1986 πρὸ
1065 1918 1172 1970 τῶν
1217 1921 1261 1950 θ’
1307 1917 1506 1988 νόμων)
1555 1918 1780 1974 δεδιέναι

226 2008 478 2079 προσῄει,
529 2005 825 2061 καὶταῦτα
869 2008 964 2059 ἐπὶ
992 2006 1110 2059 λίαν
1155 2008 1359 2078 σμικρᾷ
1385 2007 1400 2038 ³
1433 2009 1499 2078 τῇ
1547 2007 1778 2077 κινήσει,

226 2099 581 2171 λογιζομένῳ,
625 2100 708 2153 ὅτι
735 2099 800 2169 δὴ
828 2100 1008 2163 αὐτοῖς
1035 2101 1090 2154 αἰ
1115 2100 1412 2169 οἰκοδομίαι
1438 2101 1538 2154 οὐκ
1568 2102 1782 2171 ἰσχυραί

224 2195 350 2247 οὐδὲ
392 2194 594 2262 εὐρεῖαι
635 2191 993 2262 τυγχάνουσιν
1033 2187 1210 2256 οὖσαι,
1236 2192 1356 2246 οὐδὲ
1383 2187 1492 2246 οἷαι
1520 2194 1613 2246 καὶ
1644 2195 1781 2265 πρὸς

227 2286 404 2356 βραχὺ
433 2284 755 2355 ἀνασχέσθαι
790 2283 1123 2354 δονούμεναι,
1155 2285 1270 2340 ἀλλ’
1305 2285 1481 2356 ἰσχναί
1519 2285 1658 2356 ἄγαν
1687 2287 1778 2338 καὶ

223 2376 473 2440 ἀσθενεῖς
520 2377 629 2446 (ἐφ’
682 2376 762 2429 ἑνὶ
817 2375 927 2448 γὰρ
971 2375 1282 2445 ὑφαίνονται
1331 2378 1352 2408 ³
1404 2376 1580 2448 λίθῳ).
1622 2378 1781 2433 Ἀλλὰ

227 2468 341 2538 γὰρ
364 2467 456 2522 καὶ
486 2467 568 2520 ὅτι
590 2466 812 2536 λόγιμον
840 2467 901 2520 ὲν
918 2470 984 2538 τῇ
1006 2469 1178 2532 πόλει,
1207 2467 1509 2536 ἐδείμαινον
1531 2471 1625 2524 καὶ
1649 2470 1776 2532 οἵδε,

223 2558 292 2614 οῦ
308 2561 358 2612 τί
388 2577 511 2624 που,
529 2557 760 2630 οἷμαιτδ
773 2560 874 2630 ἤδη
896 2560 1240 2631 παρῳχηκδς,
1259 2559 1372 2614 ἀλλ’
1397 2561 1477 2613 ὅτι
1493 2562 1670 2625 αὐτοῖς
1688 2564 1779 2616 καὶ

224 2649 450 2714 ἐσαῦθις
481 2650 646 2705 ταυτδ
676 2649 832 2704 τοῦτο
869 2649 1238 2722 ξυμϐήσεσθαι
1291 2652 1393 2705 οὐκ
1423 2652 1530 2705 ἀπὸ
1577 2654 1779 2724 τρόπου

221 2726 422 2794 ἐδόκει.
467 2741 531 2793 Οἱ
558 2739 668 2810 γὰρ
701 2739 798 2810 τὴν
826 2741 1007 2795 αἰτίαν
1033 2741 1184 2796 τοῦδε
1213 2743 1307 2797 τοῦ
1341 2745 1544 2809 πάθους
1581 2746 1780 2800 ἀναθυ-

229 2830 449 2899 μιάσεις
494 2832 645 2892 τινὰς
676 2825 813 2884 εἰναι
844 2831 1086 2900 λέγοντες
1115 2832 1284 2905 ξηρὰς
1329 2853 1387 2888 τε
1420 2836 1514 2888 καὶ
1555 2836 1781 2905 λιγνυώο

222 2919 360 2983 δεις,
395 2919 498 2972 ὑπὸ
527 2920 549 2951 ³
590 2918 659 2972 τὰ
711 2920 962 2991 γλαφυρὰ
1011 2923 1110 2992 τῆς
1159 2923 1263 2994 γῆς
1306 2927 1648 2996 εἰργομένας,
1688 2930 1782 2984 καὶ

222 3008 306 3078 τῷ
342 3013 416 3078 μὴ
448 3009 782 3063 διαπνείσθαι
819 3011 1016 3081 ῥᾳδίως
1052 3013 1076 3044 ⁵
1109 3013 1463 3083 σφοδρότερον
1494 3017 1641 3072 ἔνδον
1686 3037 1777 3072 πε-

227 3098 608 3168 ριδινουμένας
637 3103 680 3166 ⁵,
707 3101 768 3154 τδ
813 3103 1178 3174 ἐπιπροσθοῦν
1209 3105 1356 3160 ἅπαν
1386 3107 1649 3175 σαλεύειν,
1678 3112 1782 3176 ἕως

1881 1901 1999 1970 ejus
2024 1903 2325 1974 disciplina:
2355 1921 2544 1972 causa,
2571 1923 2694 1977 qua:
2724 1907 2965 1963 studium
2996 1908 3137 1976 juris
3168 1909 3451 1978 praecedit)

1879 2000 2053 2046 metus
2088 1993 2412 2059 incessebat,
2434 2006 2769 2064 reputantem
2801 2011 3034 2063 mecum,
3060 1999 3202 2067 quod
3233 2000 3448 2053 tametsi

1877 2081 2108 2152 exiguus
2135 2085 2426 2140 admodum
2456 2086 2547 2140 ille
2576 2095 2756 2142 motus
2785 2097 2960 2150 esset,
3005 2087 3230 2144 aedificia
3261 2097 3442 2144 tamen

1879 2173 2012 2246 ipsis
2034 2185 2218 2233 essent
2242 2192 2419 2247 neque
2449 2179 2604 2233 tirma
2634 2194 2809 2249 neque
2835 2181 3037 2250 ampla,
3064 2196 3294 2250 qumque
3323 2193 3454 2237 suc-

1877 2277 2038 2317 cussa
2070 2279 2138 2320 ne
2159 2266 2432 2320 tantillum
2457 2267 2678 2337 quidem
2709 2269 2966 2335 temporis
2997 2269 3295 2325 subsistere
3323 2267 3449 2340 ρος

1877 2363 2019 2421 scnt,
2047 2365 2104 2410 ut
2125 2371 2317 2425 parum
2343 2359 2519 2414 valida
2543 2376 2607 2416 ac
2632 2360 2805 2415 ﬁrma.
2835 2359 3075 2430 Simplici
3101 2361 3245 2416 enim
3281 2361 3450 2415 latere

1887 2455 2015 2500 sunt
2050 2456 2326 2503 contexta.
2374 2448 2662 2506 Timebant
2706 2466 2835 2507 vero
2880 2454 3044 2508 etiam
3087 2461 3350 2523 quotquot
3397 2453 3452 2507 in

1878 2537 2014 2594 urbe
2035 2550 2192 2595 erant
2218 2541 2320 2596 viri
2347 2541 2490 2598 docti
2516 2582 2532 2609 ,
2567 2559 2674 2598 non
2705 2554 2815 2598 tam
2836 2584 2852 2609 ,
2883 2547 2961 2600 uti
2994 2545 3252 2607 arbitror.
3278 2554 3454 2601 motus

1873 2629 1987 2697 jam
2032 2632 2286 2702 praeteriti
2323 2647 2488 2689 causa
2512 2677 2530 2701 ,
2569 2635 2664 2689 sed
2695 2636 2840 2705 quod
2868 2637 3161 2692 verisimile
3183 2639 3454 2693 videretur

1882 2721 1984 2775 hoc
2018 2723 2195 2793 ipsum
2223 2725 2418 2780 iterato
2445 2735 2788 2782 eventurum.
2820 2727 2924 2795 Qui
2950 2729 3095 2783 enim
3133 2729 3294 2798 hujus
3325 2732 3452 2784 mali

1881 2827 2074 2868 causas
2101 2829 2226 2870 esse
2253 2816 2440 2871 dicunt
2464 2817 2838 2874 exhalationes
2862 2820 3124 2889 quasdam
3158 2821 3332 2876 siccas
3362 2838 3452 2892 pa-

1879 2905 2010 2959 riter
2029 2915 2082 2960 et
2099 2906 2360 2976 fumosas,
2381 2909 2479 2964 sub
2502 2918 2660 2964 teme
2681 2911 3013 2966 concavitate
3027 2913 3270 2977 clausas;
3299 2927 3454 2968 cum-

1884 3010 1990 3065 que
2019 2996 2176 3053 facile
2206 2999 2397 3054 diﬂlari
2434 3010 2736 3069 nequeant,
2771 3001 3146 3059 vehementius
3174 3005 3316 3060 intus
3345 3006 3453 3060 cir-

1882 3091 2226 3145 cumvolutas
2284 3091 2552 3162 quidquid
2594 3107 2758 3163 supra
2815 3093 3084 3164 impendet
3137 3105 3450 3164 succutere,

222 3192 297 3260 τῇ
332 3191 481 3261 βιαίᾳ
513 3194 650 3262 φορᾷ
678 3193 776 3262 τῆς
805 3197 1154 3266 στεγνότητος
1182 3197 1504 3269 ἐνδιδούσης,
1534 3203 1595 3264 ἐς
1626 3205 1784 3274 τούμ-
1810 3214 1854 3272 c
1884 3211 1885 3218 ‘

1810 3214 1854 3272 ο
1884 3179 2056 3235 donec
2083 3181 2339 3236 violentia
2370 3182 2606 3253 impetus
2643 3184 2926 3241 fatiscente
2961 3195 3014 3242 et
3045 3188 3268 3243 cedente
3296 3204 3447 3244 com~

225 3281 396 3348 φανὲς
427 3283 735 3352 ἀναχθεῖενο
774 3286 823 3337 οἰ
855 3284 919 3357 δή
961 3287 984 3317 ⁸
1029 3283 1122 3342 οὖν
1167 3289 1236 3342 τὰ
1267 3290 1489 3344 τοιαῦτα
1533 3294 1776 3361 φυσιολο-

223 3371 449 3440 γοῦντες
478 3372 576 3444 τὴν
603 3375 902 3443 Αἰγυπτίαν
928 3379 1060 3446 φασὶ
1103 3378 1284 3450 χώραν
1307 3380 1368 3434 οὐ
1392 3381 1608 3436 πώποτε
1641 3386 1779 3437 σείε-

227 3465 358 3519 σθαι
405 3467 723 3537 πεφυκέναι,
760 3469 836 3533 ὡς
877 3469 941 3542 δὴ
984 3471 1269 3544 χθαμαλήν
1309 3491 1368 3527 τε
1414 3477 1654 3546 ἀτεχνῶς
1685 3479 1782 3531 καὶ

225 3557 426 3610 ὑπτίαν
458 3559 552 3610 καὶ
579 3559 775 3629 ἥκιστα
802 3562 1149 3634 σηραγγώδη,
1196 3564 1441 3618 ἐντεῦθέν
1471 3585 1531 3620 τε
1562 3569 1659 3621 οὐκ
1683 3571 1782 3639 ἐμ-

225 3649 571 3720 φορουμένην
594 3665 608 3680 ⁶
644 3651 693 3704 εἰ
720 3651 776 3704 δέ
805 3669 869 3720 γε
898 3653 994 3705 καὶ
1027 3653 1357 3722 ὑποδέξαιτο,
1391 3657 1506 3710 ἀλλ’
1540 3660 1782 3730 αὐτομάο

221 3756 337 3802 τως
384 3740 487 3793 ὑπὸ
522 3741 840 3813 χαυνότητος
868 3744 1016 3812 θαμὰ
1048 3745 1492 3818 ἔξατμιζομένην.
1546 3750 1695 3803 Ἐπεὶ
1724 3751 1782 3805 δὲ

224 3829 292 3882 εν
335 3829 412 3900 τῷ
435 3831 555 3884 τότε
599 3831 693 3901 ἥδε
736 3834 770 3903 ή
798 3832 945 3899 δόξα,
989 3831 1049 3889 εὖ
1092 3837 1336 3902 ποιοῦσα,
1375 3839 1694 3910 ἐπεφώρατὸ
1722 3859 1783 3896 τε

224 3919 328 3973 καὶ
375 3921 745 3991 ἀπελὴλεγκτο
797 3924 872 3994 μὴ
926 3926 1127 3998 σφόδρα
1174 3930 1234 3981 ὲν
1279 3929 1479 4001 βεϐαίῳ
1533 3933 1779 4004 κειμένη,

223 4011 452 4077 εἰκότως
477 4013 497 4044 ⁷
525 4014 630 4085 ἄρα
661 4015 928 4071 ἐδεδίεσαν
965 4019 1015 4071 οἰ
1044 4022 1296 4086 γενναῖοι,
1335 4021 1447 4091 εῑγε
1496 4025 1628 4094 πρὸς
1656 4027 1785 4078 τοὺ-

221 4102 440 4154 ναντίον
497 4104 678 4168 αὐτοῖς
721 4107 959 4177 χωρήσει
1013 4107 1422 4180 τούπίγραμμα,
1466 4113 1560 4166 καὶ
1605 4115 1784 4168 κινδυ-

222 4191 470 4244 νεύσοιεν
513 4193 535 4224 ⁸
573 4193 819 4248 τολοιπὺν
874 4197 934 4249 οὺ
975 4198 1233 4266 γαιηόχου
1288 4198 1465 4266 μόνον,
1511 4199 1644 4252 ἀλλὰ
1689 4202 1784 4255 καὶ

223 4281 564 4353 ὲνοσίχθονος
609 4285 898 4356 πειρᾶσθαι
942 4286 1037 4341 τοῦ
1087 4288 1432 4354 Ποσειδῶνος.
1490 4291 1644 4353 Ἴσως
1685 4295 1784 4361 μὲν

221 4366 323 4423 οὖν
364 4373 410 4425 εἰ
455 4373 547 4426 καί
591 4390 645 4427 τι
697 4375 860 4446 μέρος
889 4376 988 4446 τῆς
1026 4377 1298 4446 Αἰγύπτου
1331 4381 1630 4451 κεκίνηται,
1669 4381 1784 4435 ἀλλ’

222 4462 331 4515 οὐκ
359 4461 690 4531 ἐπιλείψουσι
721 4466 846 4528 τοὺς
877 4464 944 4519 τά
983 4466 1205 4521 τοιαῦτα
1232 4468 1437 4533 δεινοὺς
1469 4472 1564 4524 καὶ
1607 4471 1784 4544 ἕτεροι

1887 3287 2023 3343 page
2055 3274 2108 3328 in
2147 3285 2390 3345 apertum
2441 3275 2688 3333 ferantur
2723 3294 2738 3330 :
2775 3280 2868 3350 qui
2905 3279 3051 3346 hazc,
3089 3281 3350 3352 inquam,
3386 3285 3453 3338 de

1888 3373 2227 3422 terrmmotus
2255 3378 2446 3423 natura
2473 3369 2770 3437 disserunt,
2795 3379 3044 3427 auctores
3073 3383 3204 3428 sunt
3231 3373 3450 3446 Egypti

1885 3457 2159 3527 regionem
2184 3475 2462 3529 nunquam
2483 3470 2795 3516 terraemotu
2818 3463 3030 3519 concuti
3051 3464 3248 3530 solere,
3273 3474 3452 3536 utpote

1886 3546 2146 3604 humilem
2192 3550 2483 3606 admodum
2519 3561 2574 3607 et
2613 3552 2831 3623 planam
2851 3593 2869 3617 ,
2902 3555 3233 3626 minimeque
3265 3571 3451 3612 caver-

1887 3654 2078 3694 nosam
2105 3682 2122 3708 ,
2172 3641 2404 3712 ideoque
2443 3641 2709 3714 ejusmodi
2751 3645 3186 3702 exhalationibus
3216 3663 3324 3702 non
3356 3666 3452 3720 op-

1886 3731 2019 3800 pleri
2047 3749 2064 3797 ;
2102 3731 2148 3787 si
2183 3748 2314 3788 vero
2345 3734 2556 3804 aliquas
2585 3735 2725 3790 intra
2759 3751 2819 3792 se
2847 3735 3152 3807 concipiat,
3185 3754 3280 3796 eas
3305 3741 3452 3810 ipsas

1888 3837 1986 3876 sua
2030 3833 2219 3892 sponte
2260 3825 2329 3878 ob
2363 3835 2518 3880 teme
2556 3826 2833 3882 laxitatem
2874 3829 3094 3884 assidue
3131 3845 3447 3901 evaporarc.

1887 3912 2022 3970 Cum
2051 3928 2178 3969 vero
2204 3924 2316 3968 tum
2344 3917 2598 3986 temporis
2622 3932 2687 3972 ea
2715 3919 2899 3988 opinio
2923 3919 3039 3990 98
3068 3920 3370 3986 obtineret,
3398 3936 3454 3978 et

1887 4020 2077 4077 parum
2118 4007 2387 4062 ﬁrmitatis
2431 4007 2630 4084 habere
2665 4009 3194 4079 deprehenderetur,
3243 4024 3451 4070 metue-

1887 4100 2016 4152 bant
2034 4098 2397 4153 vcrisimiliter
2416 4100 2660 4170 praeclari
2687 4100 2762 4155 illi
2782 4101 2908 4168 viri,
2938 4117 3007 4158 ne
3031 4103 3086 4158 in
3115 4106 3449 4161 contrarium

1888 4189 2020 4257 ipsis
2054 4189 2271 4245 cederet
2303 4191 2651 4260 epigramma,
2687 4201 2941 4262 tanquam
2977 4194 3277 4263 periculum
3309 4196 3450 4252 foret

1888 4281 1943 4335 in
1968 4290 2245 4348 posterum
2272 4295 2341 4336 ne
2364 4290 2573 4336 tantum
2601 4283 2881 4355 γαιήοχον,
2924 4285 3027 4341 hoc
3054 4296 3157 4352 est,
3185 4289 3449 4343 continen-

1892 4380 1991 4426 tem
2027 4381 2244 4441 terram,
2273 4388 2461 4429 verum
2488 4375 2650 4430 etiam
2684 4376 3014 4447 ὲνοσίχθονα,
3050 4378 3153 4434 hoc
3193 4388 3295 4446 est,
3323 4396 3448 4434 cou-

1890 4463 2167 4518 cuticntcm
2197 4475 2410 4531 terram,
2431 4465 2734 4536 Neptunum
2766 4469 3156 4538 experirentur.
3177 4469 3449 4528 Fortassis

221 4553 398 4620 λόγοι,
430 4551 498 4605 δι’
531 4545 603 4607 ὧν
632 4553 698 4607 ἂν
726 4554 820 4607 καὶ
849 4553 924 4618 ὣς
960 4557 994 4626 ή
1036 4555 1141 4610 τῶν
1173 4557 1361 4628 ἀτμῶν
1403 4561 1554 4627 σφίσι
1587 4562 1785 4633 κρατύ-
1817 4560 1860 4615 D

1784 4595 1785 4598 η
1817 4560 1860 4615 D
1889 4556 2106 4626 itaque,
2139 4556 2351 4612 etiamsi
2398 4557 2580 4628 aliqua
2623 4557 2836 4630 Egypti
2881 4575 3009 4629 pars
3049 4562 3308 4629 moverit,
3340 4579 3447 4618 non

223 4659 376 4695 νοιτο
414 4641 555 4709 δόξα.
604 4644 756 4714 Ἐμοὶ
800 4645 858 4698 δὲ
900 4645 1162 4712 δοκοῦσιν,
1205 4648 1280 4712 ὡς
1315 4648 1413 4718 μὲν
1451 4644 1560 4702 οἷόν
1599 4667 1658 4704 τε
1689 4652 1781 4706 ἀν-

225 4730 437 4802 θρώπῳ
475 4735 788 4804 τεκμηρίοις
831 4735 940 4788 τισὶ
983 4737 1246 4806 χρωμένῳ
1290 4739 1394 4793 τῶν
1423 4741 1628 4811 ἀδήλων
1656 4745 1785 4814 πέρι

224 4821 574 4887 διανοεῖσθαι,
605 4824 666 4876 οὐ
701 4824 931 4893 πάμπαν
956 4824 1271 4897 διαμαρτεῖν
1300 4829 1392 4882 τοῦ
1435 4830 1658 4886 πιθανοῦ
1689 4835 1785 4886 καὶ

226 4912 462 4978 εἰκότος,
501 4913 593 4966 τοῦ
645 4914 702 4967 δέ
751 4931 815 4981 γε
858 4913 942 4986 [Ρ.
977 4915 1068 4987 5⁸5]
1105 4916 1255 4981 δντος
1293 4921 1314 4951 ⁹
1346 4920 1573 4991 ἀληθοῦς
1606 4923 1787 4994 πολλῷ

228 5002 643 5058 ἀπολείπεσθαι.
700 5005 821 5067 Πῶς
872 5006 981 5076 γὰρ
1023 5008 1090 5060 ἄν
1130 5025 1211 5072 τις
1252 5011 1309 5072 ἐς
1349 5012 1410 5064 τὸ
1453 5012 1675 5082 ἀκριϐὲς
1716 5015 1785 5068 τὰ

227 5093 416 5164 ἀφανῆ
445 5095 537 5148 καὶ
569 5095 840 5166 ὑπέρτερα
863 5095 1104 5168 διαγνοίη
1128 5115 1144 5164 ;
1172 5100 1384 5170 ἀπόχρη
1409 5104 1465 5156 δὲ
1494 5105 1644 5173 ἡμῖν,
1673 5108 1786 5174 εἴγε

225 5183 458 5238 τοσοῦτο
502 5185 660 5255 μόνον
710 5186 996 5258 εἰδείημεν,
1046 5187 1122 5250 ὼς
1173 5187 1301 5260 θείῳ
1351 5191 1426 5261 νῷ
1478 5193 1569 5245 καὶ
1624 5192 1785 5264 βουλῇ

1885 4648 2112 4703 deerunt
2143 4655 2324 4703 tamen
2353 4648 2549 4703 harum
2580 4665 2760 4704 rerum
2797 4652 2985 4720 peritis
3013 4652 3175 4708 etiam
3214 4654 3334 4709 alia:
3360 4671 3450 4710 ra-

1888 4738 2064 4794 tiones
2082 4779 2098 4804 ,
2132 4754 2230 4809 per
2254 4753 2390 4810 quas
2411 4740 2578 4795 etiam
2611 4740 2690 4796 sic
2715 4742 2830 4797 haec
2852 4757 3037 4798 eorum
3065 4743 3132 4799 de
3159 4746 3450 4815 vaporibus

1886 4829 2068 4898 opinio
2117 4829 2314 4884 valeat.
2369 4828 2500 4885 Mihi
2547 4846 2676 4886 vero
2721 4832 2972 4888 videntur
3023 4834 3132 4899 illi,
3183 4846 3453 4905 quatenus

1887 4920 2141 4989 possibile
2172 4931 2254 4975 est
2299 4921 2504 4976 homini
2542 4922 2734 4977 validis
2782 4926 3116 4994 argumentis
3163 4929 3333 4982 utenti
3380 4931 3450 4983 ad

1889 5025 2066 5066 rerum
2110 5011 2484 5068 abstrusarum
2519 5013 2919 5084 intelligentiam
2961 5017 3264 5087 pertingere
3291 5059 3307 5086 ,
3355 5035 3451 5074 nc-

1889 5117 2160 5172 quaquam
2206 5118 2236 5157 a
2271 5102 2648 5172 probabilitate
2680 5115 2737 5160 et
2767 5106 3120 5162 similitudine
3147 5110 3260 5163 veri
3292 5111 3452 5165 aber-

1891 5208 2047 5260 rare;
2080 5209 2110 5248 a
2139 5193 2362 5249 veritate
2399 5203 2578 5251 tamen
2612 5195 2728 5266 ipsa
2757 5196 2916 5268 longe
2943 5198 3160 5254 abesse.
3204 5199 3324 5266 Quo
3356 5217 3420 5271 pa

229 5276 506 5348 κρείττονι
535 5277 747 5332 ἅπαντα
776 5277 1118 5334 διατέτακται
1137 5297 1151 5312 ο
1176 5280 1387 5350 φύσεως
1410 5282 1465 5335 δὲ
1490 5283 1661 5354 ἀρχὰς
1693 5287 1788 5337 καὶ

1892 5293 1980 5339 cto
2005 5285 2148 5340 enim
2179 5285 2446 5356 quispiam
2481 5285 2717 5355 perfecte
2755 5287 3054 5359 intelligere
3091 5293 3296 5360 possit,
3330 5308 3451 5362 quae

1502 5455 1737 5510 VARUE
1770 5457 2168 5516 LECTIONES.

309 5623 360 5654 ”
400 5620 496 5710 καί
513 5636 621 5710 om.
651 5620 712 5676 Β.
779 5622 834 5701 _"
866 5619 1217 5701 διδασκαλίων
1249 5619 1316 5676 Β.
1344 5631 1399 5676 οι
1424 5621 1565 5702 vulg.
1627 5623 1684 5710 n9."
1722 5640 1801 5703 τις
1827 5622 1891 5676 R.
1937 5633 1994 5710 et
2038 5625 2370 5710 intprhquisj
2399 5642 2462 5707 τε
2502 5626 2694 5710 vulg.“
2720 5624 2764 5656 ⁸⁸
2799 5627 2980 5710 οτξέρα.
3009 5625 3133 5679 add.
3275 5626 3450 5710 μακά.

231 5692 519 5763 ωεξημλξ).
563 5691 730 5763 lutpr.
778 5691 1004 5763 incisum
1040 5691 1304 5763 integrum
1353 5692 1551 5763 omisit.
1587 5761 1595 5763 4
1627 5693 1670 5763 οῗ
1707 5691 1804 5760 τῆς
1862 5695 1993 5763 apo;
2024 5691 2133 5745 τῶν
2183 5691 2246 5747 ll.

231 5761 388 5830 conj.
434 5759 513 5813 Cl.
562 5761 722 5831 intpr.
771 5762 865 5812 viri
921 5759 1306 5831 litteratissimi.
1365 5761 1401 5831 ᾃ³
1439 5764 1531 5813 καὶ
1576 5761 1678 5813 ὑπὸ
1728 5759 1915 5831 ναις,
1947 5761 1987 5813 ll
2031 5772 2084 5818 ct,
2118 5759 2682 5830 intpr.copulam'mu.

237 5829 409 5901 μένας
440 5832 560 5898 (sic)
593 5829 655 5882 ἢ.
732 5832 752 5863 ⁵
787 5831 836 5883 οἱ
879 5831 934 5884 δὲ
960 5829 1022 5883 ιι.
1097 5831 1116 5862 ⁷
1145 5830 1324 5884 εἰκότα
1361 5829 1425 5883 Π.
1498 5831 1520 5862 ⁸
1555 5829 1935 5885 κινδυνεύσειεν
1973 5834 2033 5885 ιι.

2799 5697 2817 5724 ²
2850 5695 3131 5762 ὑφαίνοντα
3177 5695 3238 5748 li.
3275 5697 3446 5760 λόγιον

2341 5695 2356 5724 ¹
2396 5695 2474 5766 τῷ
2518 5697 2625 5766 κρᾶ
2660 5695 2698 5746 ll

2763 5765 2779 5794 "
2821 5765 2970 5834 ῥᾴδια
3003 5762 3064 5819 ιι.
3143 5770 3161 5795 ³
3201 5769 3439 5835 περιόονη

2112 5834 2130 5862 ⁵³
2169 5833 2304 5888 Num
2342 5833 2506 5895 ὅντως
2524 5838 2544 5884 ’ἰ
