4212 6438
202 336 327 399 1369

1284 312 1287 317 ’
1361 336 1891 397 HISTORIARUM
1928 337 2158 397 LIBER
2183 336 2265 397 II.

3268 329 3405 395 1370

198 463 306 503 τοτε
334 445 576 518 βασιλέα,
625 445 719 499 καὶ
766 444 911 500 am
948 446 1010 501 τὸ
1047 444 1219 509 ἔθνος,
1265 445 1564 516 κατηκόους
1589 445 1746 509 δντας
1769 450 1861 508 At

1741 450 1822 508 7A
1849 445 2155 500 universam
2189 453 2425 515 gentem,
2460 442 2729 499 subditam
2761 442 2865 499 sibi
2909 448 2964 497 et
2999 441 3308 496 benevolam
3348 455 3404 499 et

197 536 283 591 καὶ
316 532 506 599 εὖνους
527 532 710 586 καὶτὰ
737 532 795 597 ἐς
828 530 961 587 Θεδν
1001 523 1387 604 ὀμογνώμοναξ
1411 531 1481 596 ⁸⁵⁸,
1513 532 1615 586 οὐκ
1649 532 1743 587 ἀν-

1841 538 2149 593 communis
2171 536 2452 607 religionis
2483 534 2768 605 cultusque
2794 532 2963 589 divini
2997 548 3133 587 nexu
3179 534 3407 603 conjun-

198 622 323 677 εκτά
347 622 520 675 ἐδόκει
551 622 671 676 οὐδὲ
692 623 855 676 ὅσιον.
873 619 1091 675 Μᾶλλον
1123 621 1222 691 μὲν
1249 614 1453 674 οὖνκαὶ
1481 620 1745 690 ἐπειρᾶτο
1841 643 1861 684 ί

1841 637 2007 695 ctam,
2047 628 2298 683 deserere
2343 641 2444 683 nec
2490 642 2702 698 mquam
2730 640 2831 681 nec
2874 625 3081 694 justum
3119 625 3408 692 censebat;

197 716 351 769 παντὶ
380 714 553 768 σθένει
581 711 904 770 ἀπώσασθαι
934 712 1009 777 ὡς
1030 711 1257 784 τάχιστα
1279 714 1402 777 τοὺς
1430 712 1742 783 πολεμίους.

209 806 508 876 Ἐλογίζετο
535 805 643 877 γὰρ
671 805 765 860 καὶ
801 803 1015 871 ἐδεδίει,
1043 803 1118 868 ὡς
1162 806 1212 857 τί
1234 804 1312 875 τῷ
1346 804 1569 877 πολέμῳ
1603 822 1743 878 κρα-

197 900 414 971 τήσαιεν
445 898 495 950 oi
527 898 752 968 Πέρσαι,
780 897 872 951 καὶ
899 897 1114 967 ἀπάσης
1146 894 1489 951 ἐπιλάϐοιντο
1517 896 1616 966 τῆς
1635 895 1745 967 xui)-

202 1008 317 1061 ρας,
342 988 493 1043 οὐδὲν
534 989 684 1042 ἔσται
716 988 780 1042 τὸ
822 988 1030 1042 κωλύον
1068 988 1264 1052 αὐτοὺς
1292 987 1398 1043 ave
1439 988 1532 1042 τὸν
1567 988 1615 1021 δ’
1644 987 1749 1041 E6-

200 1082 365 1147 ξεινον
416 1081 608 1136 πόντον
649 1079 821 1143 ἀδεῶς
874 1080 1337 1151 ναυτιλλομένους,
1385 1079 1455 1135 τά
1496 1080 1750 1135 ἐνδότατα

196 1172 294 1243 τῆς
336 1171 620 1241 Ῥωμαίων
663 1170 837 1243 ἀρχῆς
883 1169 1205 1241 ἀνιχνεύειν.
1249 1171 1537 1243 Τοιγάρτοι
1583 1169 1751 1239 στρά-

196 1263 370 1335 τευμά
399 1279 461 1317 τε
485 1263 741 1333 μέγιστον
766 1262 861 1317 καὶ
894 1261 1274 1334 ἀλκιμώτατον
1294 1264 1341 1296 ³⁸
1369 1262 1599 1317 ἐνταῦθα
1627 1261 1752 1315 ετα-

201 1354 306 1419 ξεν,
334 1354 427 1408 καὶ
478 1355 813 1426 στρατηγοὺς
838 1354 1136 1423 ἐπέστησεν
1166 1354 1294 1413 τοὺς
1316 1353 1588 1425 ἀρίστους.
1616 1351 1752 1405 Βέσ-

200 1462 299 1510 σας
325 1462 384 1499 τε
413 1446 544 1514 γὰρ,
592 1445 687 1500 καὶ
722 1446 1013 1517 Μαρτϊνος,
1050 1446 1146 1499 καὶ
1175 1443 1380 1516 Βούζης
1424 1445 1631 1515 ἠγεῖτο,
1656 1444 1752 1498 ἀν-

198 1535 321 1606 δρες
364 1537 421 1590 ἐν
449 1538 563 1600 τοῖς
594 1537 831 1607 μάλιστα
856 1536 1211 1606 γεγενημένοι
1241 1540 1336 1590 καὶ
1360 1534 1627 1604 πολέμους
1657 1551 1754 1588 συ-

198 1630 356 1697 χνοὺς
401 1627 817 1700 ἀγωνισάμενοι.
864 1628 1128 1684 Ἐσταλτο
1175 1628 1230 1682 δὲ
1268 1629 1363 1682 καὶ
1394 1628 1438 1660 ⁸¹
1476 1627 1756 1688 Ἰουστῖνος

199 1718 230 1769 ὁ
254 1716 552 1787 Γερμανοῦ,
594 1718 799 1783 νεάζων
845 1720 945 1791 μέν
989 1720 1071 1775 ἐτι
1101 1720 1320 1791 κομιδῇ,
1353 1719 1421 1775 τά
1442 1718 1500 1773 δὲ
1524 1717 1755 1788 πολέμια

200 1813 302 1883 ήδη
328 1813 777 1885 πεπαιδευμένος.

278 1904 364 1959 ιθ’.
398 1907 724 1977 Μερμερόης
784 1906 840 1960 δὲ
882 1908 911 1962 ὁ
968 1907 1078 1961 τῶν
1143 1907 1367 1980 Περσῶν
1434 1909 1754 1981 στρατηγὸς,

202 1997 390 2068 ἐπειδὴ
438 1998 703 2071 πρότερον
743 1998 1120 2071 ’Δρχαιοπὸλει
1150 2001 1195 2033 ⁸³
1228 2018 1289 2055 τε
1316 2001 1398 2065 δὶς
1435 2003 1758 2074 προσϐαλὼν

202 2089 631 2158 ἀπεκέκρουστο,
672 2091 767 2145 καὶ
833 2090 966 2144 ἄλλα
1018 2091 1153 2147 ἄττα
1211 2092 1537 2165 ἐπεπράχει,
1614 2095 1651 2150 ἀ
1694 2095 1759 2168 δὴ

205 2180 383 2249 ἔγωγε
414 2182 460 2215 ⁸³
492 2183 729 2254 παρίημι
762 2182 1145 2255 (ἀποχρώντως
1196 2182 1306 2255 γάρ
1335 2201 1439 2239 που
1471 2187 1759 2259 Προκοπίῳ

205 2271 288 2341 τῷ
332 2274 521 2345 ῥήτορι
552 2273 618 2327 τά
669 2274 829 2345 μέχρι
854 2274 1020 2328 τῶνδε
1053 2275 1507 2347 ἀναγέγραπται),
1537 2279 1656 2333 τότε
1695 2280 1761 2352 δὴ

207 2359 365 2427 αὖθις
401 2364 631 2435 (ἐνθένδε
656 2366 770 2439 γάρ
811 2383 899 2437 μοι
935 2366 1219 2440 ἀρχομένῳ
1248 2369 1316 2423 τὰ
1347 2369 1541 2441 ἐφεξῆς
1590 2371 1765 2444 ἀρμο-

212 2452 412 2523 στέον),
463 2454 660 2525 ἀφῖκτο
706 2456 807 2526 μὲν
852 2458 910 2519 ἐς
939 2458 1292 2530 Μουχείρισίν
1322 2476 1386 2513 τε
1414 2460 1508 2514 καὶ
1568 2461 1766 2516 Κοτάϊ-

211 2562 300 2597 σιν
333 2545 378 2577 “
425 2545 487 2599 τὸ
545 2546 823 2619 φρούριον,
854 2547 1102 2603 ἐϐούλετο
1142 2550 1201 2604 δὲ
1256 2551 1357 2621 τὴν
1415 2552 1473 2614 ἐς
1531 2552 1765 2623 Τήλεφιν

209 2635 519 2709 δυσχωρίαν
569 2637 1079 2710 παραμειψάμενος,
1130 2639 1262 2693 εῐσω
1288 2639 1386 2695 τοῦ
1429 2641 1652 2704 Φάσιδος
1676 2658 1767 2710 γε-

209 2724 397 2779 νέσθαι
436 2726 705 2796 ποταμοῦ,
734 2728 828 2782 καὶ
886 2728 964 2799 τῷ
1012 2729 1399 2802 ἀπροσδοκήτῳ
1443 2732 1570 2794 τοὺς
1628 2731 1768 2785 Ῥω-

213 2816 410 2885 μαίους
446 2815 741 2886 ἐκπλήξας,
781 2818 869 2872 διὰ
906 2819 1100 2889 πείρας
1164 2820 1357 2884 ἐλθεῖν,
1422 2820 1477 2875 εῐ
1526 2838 1644 2885 πως
1700 2823 1765 2876 ἂν

214 2908 335 2960 ἔνια
376 2907 506 2975 γοῦν
559 2908 669 2962 τῶν
724 2910 851 2981 τῇδε
916 2910 1265 2981 πολισμάτων
1321 2914 1766 2983 παραστήσασθαι

210 2995 491 3068 δυνηθείη.
538 2996 722 3053 Ταῦτα
754 3000 810 3053 δὲ
844 2999 993 3070 αύτῷ
1029 3001 1291 3073 πράττειν
1346 3005 1412 3057 ἐκ
1434 3003 1529 3057 τοῦ
1588 3006 1768 3075 ἐμφα-

1842 720 1975 791 quin
2006 721 2188 790 potius
2217 719 2472 774 omnibus
2502 718 2715 773 viribus
2744 717 2928 773 hostes
2960 730 3122 787 quam
3146 717 3408 773 citissime

1845 810 2129 883 proﬂigare
2162 811 2421 866 tentabat.
2446 809 2753 881 chutabat
2782 810 2923 863 enim
2954 823 3077 863 cum
3103 808 3282 863 animo
3309 823 3411 863 suo

1843 913 1899 960 et
1916 904 2223 970 verebatur,
2252 916 2320 957 ne
2347 902 2392 958 si
2416 900 2597 958 Persa:
2629 901 2772 956 bello
2812 900 3110 963 vincerent,
3160 899 3295 953 nihil
3321 900 3406 955 eis

1846 993 2234 1065 impedimento
2264 992 2509 1049 futurum
2548 1003 2713 1058 esset,
2750 991 3046 1061 quominus
3085 1005 3181 1060 per
3238 987 3406 1044 Euxi-

1847 1100 1978 1142 num
2017 1094 2244 1155 pontum
2291 1084 2429 1141 citra
2454 1084 2626 1139 ullum
2671 1092 2873 1138 metum
2910 1082 3226 1151 navigantes
3273 1082 3412 1135 inte-

1847 1179 1993 1235 riora
2041 1175 2272 1231 Romani
2316 1175 2527 1247 imperii
2574 1174 2694 1228 loca
2733 1173 3107 1244 pervaderent.
3146 1172 3411 1239 Quocirca

1849 1270 2148 1325 maximum
2175 1268 2677 1337 validissimnmque
2721 1266 3018 1320 exercitum
3071 1264 3145 1319 ibi
3192 1265 3410 1330 locavit,

1850 1360 2436 1429 prmstantissimosque
2459 1359 2625 1414 duces
2658 1356 2707 1410 ci
2747 1353 3008 1425 praefecit.
3042 1353 3236 1409 Bcssas
3266 1355 3409 1408 enim

1851 1460 1905 1505 et
1936 1450 2202 1505 Martinus
2229 1457 2285 1504 et
2305 1448 2476 1505 Buses
2503 1449 2551 1503 ei
2579 1458 2866 1520 praeerant,
2894 1445 2998 1499 viri
3028 1446 3414 1515 spectatissimi

1851 1553 1906 1598 et
1932 1542 2301 1613 irequentibus
2330 1540 2530 1611 praeliis
2565 1539 3023 1597 exercitatissimi.
3065 1538 3261 1593 Missus
3286 1553 3417 1592 vero

1852 1648 1937 1692 est
1971 1636 2134 1691 etiam
2160 1633 2408 1691 Justinus
2440 1632 2696 1689 Germani
2732 1632 2897 1699 ﬁlius,
2926 1630 3232 1687 admodum
3261 1628 3417 1700 105

1854 1728 2073 1800 quidem
2108 1727 2200 1783 ille
2230 1726 2409 1783 adhuc
2428 1724 2667 1799 juvenis,
2695 1724 2916 1797 sedjam
2944 1733 3063 1779 tum
3100 1722 3417 1779 bellicarum

1855 1836 2037 1877 rerum
2065 1820 2297 1891 peritus.

1926 1913 2013 1969 i9.
2054 1912 2381 1967 Mermeroes
2413 1918 2594 1967 autem
2625 1908 2914 1965 Persarum
2952 1907 3065 1963 dux
3100 1921 3221 1961 cum
3258 1914 3418 1961 antea

1856 2006 1941 2061 bis
1968 2006 2021 2061 in
2055 2003 2451 2075 Archzeopolim
2484 2004 2745 2073 impetum
2776 2000 3013 2065 fecisset,
3054 2000 3308 2070 repulsus
3338 2006 3421 2052 est

1858 2099 2073 2170 aliaque
2123 2096 2381 2152 nonnulla
2424 2095 2621 2166 gessit,
2669 2109 2791 2163 qua:
2850 2091 3067 2162 quidem
3113 2100 3415 2160 praetereo:

1859 2188 2293 2262 quandoquidem
2322 2187 2618 2258 Procopius
2654 2184 2839 2240 rhetor
2866 2183 3077 2239 abunde
3098 2182 3211 2237 baac
3239 2196 3304 2237 eo
3327 2195 3419 2236 us-

1860 2298 1965 2355 que
1989 2279 2332 2349 conscripsit.
2366 2278 2518 2335 Tunc
2547 2278 2731 2346 itaque
2765 2290 2957 2331 rursus
2989 2274 3133 2344 (nam
3163 2273 3289 2327 hinc
3330 2286 3422 2325 or-

1864 2374 2031 2429 dienti
2076 2372 2233 2439 mihi,
2280 2386 2403 2442 quae
2453 2377 2775 2440 sequuntur,
2818 2378 2945 2422 sunt
2985 2364 3308 2435 coaptanda)
3353 2364 3419 2419 ad

1864 2463 2199 2520 Muchirisim
2238 2471 2292 2518 et.
2316 2460 2625 2517 Cotaesium
2654 2456 3119 2530 propugnaculum
3160 2454 3421 2526 pervenit,

1862 2571 1927 2611 eo
1960 2555 2208 2619 consilio,
2240 2561 2300 2609 ut
2332 2550 2643 2609 dill‘tcultate
2670 2550 2937 2613 locorum,
2972 2561 3093 2618 qua
3125 2552 3250 2601 sunt
3277 2546 3421 2600 circa

1864 2646 2161 2717 Telepbim,
2188 2654 2589 2715 praetergressa,
2633 2641 2698 2697 ad
2725 2639 3011 2694 Phasidem
3051 2638 3270 2692 ﬂuvium
3302 2652 3425 2705 per-

1867 2739 2118 2808 tingeret,
2146 2735 2517 2806 Romanisque
2538 2734 2819 2805 inopinato
2847 2730 3019 2800 ipsius
3051 2730 3279 2784 adventu
3306 2742 3427 2797 per-

1868 2829 2057 2895 culsis,
2096 2836 2344 2893 tentaret,
2383 2826 2429 2882 si
2473 2840 2578 2896 qua
2608 2824 2818 2880 ratione
2858 2820 3078 2878 castella
3122 2819 3329 2889 aliquot
3371 2818 3425 2870 in

1868 2929 2189 2993 potestatem
2215 2934 2367 2974 suam
2395 2917 2635 2987 redigere
2655 2923 2878 2985 posset:
2906 2912 3050 2983 quod
3073 2910 3291 2982 quidem
3323 2910 3426 2977 ipsi

1871 3023 2055 3085 aperte
2089 3019 2344 3080 rectaque
2369 3009 2450 3063 via
2485 3006 2795 3077 procedenti
2826 3014 2990 3074 atque
3030 3003 3259 3057 irruenti
3292 3001 3429 3057 ditii-

210 3086 343 3149 νοῦς
376 3089 721 3163 πορευομένῳ
753 3093 849 3146 καὶ⁸
878 3092 1084 3148 ἐπιόντι
1143 3095 1403 3165 ἀμήχανα
1460 3091 1546 3167 ἦν.
1611 3099 1770 3171 Μαρ-
1795 3109 1839 3167 c
1870 3134 1873 3155 ‹

1767 3109 1839 3167 ’ϐ
1870 3107 2133 3164 cillimum
2184 3104 2327 3159 factu
2384 3102 2594 3157 fuisset.
2651 3099 2918 3155 Martinus
2954 3098 3099 3154 enim
3142 3094 3430 3166 praefectus

212 3180 363 3242 τίνος
404 3178 513 3251 γάρ
540 3182 571 3234 δ
611 3182 911 3252 στρατηγὸς
958 3182 1075 3254 ἅμα
1104 3186 1169 3257 τῇ
1217 3186 1355 3255 ἀμφ’
1412 3187 1572 3241 αὐτὸν
1603 3205 1770 3259 στρα-

214 3271 313 3341 πᾷ
360 3272 416 3335 ἐς
460 3271 559 3343 τὴν
614 3273 849 3345 Τήλεφιν
902 3276 1184 3346 ἱδρυμένος
1225 3277 1504 3350 (φρούριον
1530 3279 1586 3333 δὲ
1616 3280 1773 3335 τοῦτο

218 3363 492 3434 καρτερόν
532 3381 594 3419 τε
643 3365 737 3420 καὶ
773 3366 1155 3438 ἐχυρώτατον),
1205 3369 1554 3439 διεφύλαττεν
1578 3373 1774 3444 ἐπιμε-

217 3454 458 3510 λέστατα
482 3456 582 3521 τὰς
634 3458 890 3522 εἰσόδους.
939 3459 1095 3514 Ἐστι
1126 3460 1183 3514 δὲ
1222 3461 1316 3515 καὶ
1364 3461 1540 3526 άλλως
1577 3463 1639 3517 τὸ
1666 3481 1775 3534 χω-

225 3550 343 3621 ρίον
374 3550 634 3606 δύσϐατον
659 3568 720 3605 τε
741 3553 834 3606 καὶ
858 3553 1175 3624 ἀπρόσοδον.
1204 3556 1490 3627 Φάραγγές
1513 3574 1574 3611 τε
1596 3558 1705 3628 γὰρ
1726 3558 1780 3590 ⁵⁵

222 3642 325 3696 καὶ
377 3643 574 3715 πέτραι
633 3645 1009 3717 ἀπρῤωγυῖαι
1063 3648 1158 3702 καὶ
1215 3648 1274 3712 ἐς
1340 3649 1578 3723 ἀλλήλας
1652 3652 1776 3706 ἐπι-

223 3734 540 3807 κλινόμεναι
575 3738 912 3810 πενωτάτην
973 3740 1213 3810 ἀτεχνῶς
1262 3742 1363 3813 τὴν
1412 3743 1779 3815 ὑποκειμένην

225 3825 471 3896 ἀτραπὸν
500 3825 831 3884 ἐκτελοῦσιν.
879 3828 1132 3883 ’Δλλοθεν
1183 3828 1241 3884 δὲ
1278 3833 1379 3885 οὐκ
1448 3832 1593 3886 ἐστιν
1646 3835 1781 3902 ὁτῳ-

225 3917 326 3970 οῦν
375 3918 671 3989 είσιτητέα.
719 3919 803 3973 Τὰ
841 3920 951 3990 γάρ
987 3921 1220 3992 ἐχόμενα
1265 3924 1422 3978 πεδία
1471 3925 1667 3996 ἰλυώδη
1715 3924 1780 3993 γέ

227 4009 338 4062 εἰσι
392 4009 582 4071 δεινῶς
609 4010 703 4065 καὶ
746 4011 1084 4085 τελματώδη,
1130 4014 1328 4085 λόχμαι
1365 4032 1425 4069 τε
1458 4016 1665 4071 δασεῖαι
1687 4017 1782 4071 καὶ

226 4099 427 4171 δρυμοὶ
488 4101 536 4134 ⁸⁸
567 4101 869 4172 ἀνέχουσιν,
900 4104 976 4167 ὼς
1002 4106 1098 4158 καὶ
1142 4106 1225 4159 ἐνὶ
1276 4107 1451 4177 ἀνδρὶ,
1479 4109 1575 4161 καὶ
1610 4107 1783 4179 τούτῳ

228 4192 471 4264 εὐζώνῳ,
519 4194 721 4265 ἀπορον
745 4187 883 4248 εἶναι
931 4195 993 4248 τὸ
1039 4199 1246 4267 χρῆμα,
1300 4202 1374 4269 μή
1417 4198 1500 4253 τοί
1541 4214 1605 4267 γε
1644 4198 1783 4269 πλη-

230 4284 386 4337 θεσιν
420 4283 800 4354 ὡπλισμένοις.
851 4285 995 4358 Πλὴν
1024 4288 1160 4342 ἀλλά
1194 4290 1287 4343 καὶ
1332 4287 1409 4353 ὣς
1432 4290 1483 4343 οἱ
1525 4290 1785 4361 Ῥωμαῖοι

231 4374 390 4429 οὐδὲν
417 4374 462 4407 δ’
520 4375 698 4429 ὁτιοῦν
748 4377 912 4430 πόνου
964 4377 1225 4442 ἀνιέντες,
1271 4380 1323 4433 ετ
1365 4377 1466 4432 πού
1527 4395 1581 4432 τι
1629 4372 1786 4450 εὖρον

1876 3214 2000 3256 cum
2044 3197 2162 3253 suis
2202 3194 2372 3265 copiis
2398 3191 2657 3262 Telepltin
2704 3189 2949 3245 insidens
2976 3191 3082 3257 (est
3121 3196 3300 3242 autem
3328 3185 3432 3239 hoc

1873 3288 2113 3345 validum
2166 3284 2701 3349 munitissimumque
2747 3274 3254 3351 pr0pugnaculum),
3307 3274 3433 3329 dili-

1877 3380 2190 3453 gentissime
2213 3377 2393 3433 aditus
2421 3374 2672 3430 tuebatur
2699 3390 2713 3426 :
2741 3378 2797 3428 et
2818 3381 2899 3426 est
2921 3368 3120 3439 alioqui
3144 3368 3295 3422 locus
3319 3366 3434 3436 ipse

1878 3487 2102 3529 accessu
2131 3469 2499 3526 diﬁlcillimus.
2530 3464 2663 3520 Nam
2706 3473 2759 3520 et
2796 3461 3091 3534 praecipitia
3124 3467 3179 3515 et
3223 3472 3431 3529 praeru-

1880 3571 1985 3633 ptae
2021 3571 2185 3632 petrae
2230 3561 2285 3614 in
2334 3572 2394 3614 se
2438 3565 2629 3611 mutuo
2670 3561 2949 3623 vergentes
2997 3547 3433 3621 augustissimam

1880 3654 2038 3726 plane
2068 3650 2367 3721 subiectam
2416 3648 2464 3703 ei
2492 3650 2633 3701 viam
2666 3644 2926 3709 elﬁciunt,
2974 3656 3147 3711 neque
3177 3640 3281 3694 alia
3325 3638 3433 3693 ulla

1881 3762 1949 3801 ex
1986 3753 2136 3815 parte
2169 3742 2422 3812 cuiquam
2472 3739 2649 3793 aditus
2698 3744 2861 3805 patet.
2903 3732 3250 3802 Circumjecti
3289 3731 3434 3785 enim

1883 3834 2057 3905 campi
2084 3843 2211 3890 sunt
2238 3831 2587 3886 vehementer
2623 3827 2887 3897 palustres
2913 3838 2968 3879 et
2996 3823 3197 3887 limosi,
3238 3821 3437 3891 quibus

1883 3926 2035 3982 densi
2065 3925 2237 3980 saltus
2280 3930 2334 3977 et
2366 3932 2588 3975 nemora
2632 3916 2938 3979 imminent,
2982 3914 3115 3969 adeo
3145 3922 3205 3968 ut
3226 3911 3309 3967 vel
3341 3910 3436 3966 uni

1887 4018 2046 4075 alicui
2094 4016 2251 4086 eique
2288 4011 2539 4082 expedito
2575 4008 2811 4064 diﬂicilis
2858 4008 2930 4063 sit
2976 4005 3238 4061 transitus
3269 4023 3282 4059 :
3316 4014 3438 4058 tan-

1888 4122 2000 4168 tum
2057 4109 2209 4163 abest
2235 4105 2393 4176 106
2428 4101 2654 4157 armatis
2705 4098 3032 4171 agminibus.
3088 4097 3191 4151 Sed
3239 4111 3306 4151 ne
3359 4096 3439 4151 sic

1891 4203 2105 4274 quidem
2133 4196 2365 4253 Romani
2397 4195 2566 4249 ullum
2593 4191 2836 4247 laborem
2867 4189 3355 4259 praetermittentes,
3394 4188 3441 4241 si

1889 4305 2048 4360 quem
2100 4284 2311 4355 uspiam
2351 4280 2741 4351 comperissent
2787 4278 2963 4333 locum
3012 4290 3201 4344 parum
3244 4283 3453 4337 tutum,

1890 4384 2090 4455 quique
2133 4379 2407 4433 videretur
2437 4374 2661 4431 transiri
2707 4386 2887 4443 posse,
2943 4384 3066 4425 eum
3118 4366 3342 4423 sudibus
3389 4375 3450 4420 et.

232 4465 347 4519 τῶν
400 4466 578 4519 τόπων
625 4466 890 4538 σφαλερόν
939 4484 997 4520 τε
1025 4469 1119 4522 καὶ
1172 4468 1422 4540 βάσιμον,
1467 4469 1664 4524 αὐτίκα
1701 4469 1791 4536 ξύ·
1821 4459 1895 4517 D:

1774 4500 1791 4511 -
1821 4459 1866 4515 D
1894 4468 2041 4523 saxis
2073 4463 2445 4530 obstruebant,
2494 4460 2821 4528 assidueque
2859 4456 3008 4527 operi
3038 4464 3192 4511 erant
3224 4455 3437 4509 intenti.

234 4559 351 4620 λοις
406 4573 465 4609 τε
488 4556 583 4610 καὶ
605 4556 772 4620 λίθοις
796 4559 1209 4630 περιέφραττον,
1240 4559 1335 4612 καὶ
1380 4558 1528 4629 θαμὰ
1552 4560 1611 4611 ἐν
1646 4562 1791 4613 τοῖσ-

235 4647 296 4699 δε
330 4645 613 4716 ἐμόχθουν.
654 4648 1076 4719 Διαπορουμένῳ
1121 4647 1185 4720 δὴ
1226 4643 1319 4702 οὖν
1375 4648 1433 4699 ἐν
1484 4649 1600 4710 τοῖς
1652 4664 1792 4719 παρ-

236 4738 360 4792 οῦσι
406 4736 486 4807 τῷ
545 4737 839 4810 Μερμερόῃ
903 4737 998 4791 καὶ
1064 4737 1291 4792 πλεῖστα
1351 4737 1792 4809 διαλογιζομένῳ,

240 4828 549 4900 προσῆλθεν
622 4828 966 4893 διανοεῖσθαι,
1010 4829 1085 4891 ὡς
1134 4827 1190 4881 εί
1237 4844 1302 4897 γε
1351 4829 1621 4899 ὀτῳδηοῦν
1673 4830 1797 4899 τρό-

242 4940 333 4992 πῳ
382 4919 621 4975 διαλύσοι
671 4921 717 4953 ⁸⁸
757 4920 857 4989 τὴν
886 4920 1128 4991 φρουρὰν
1173 4920 1280 4974 τῶν
1342 4921 1645 4990 Ῥωμαίων,
1702 4920 1799 4973 καὶ

246 5014 427 5084 ἠρέμα
470 5009 759 5078 ἀπώσαιτο,
788 5011 849 5064 ού
879 5013 1110 5081 πάμπαν
1136 5010 1286 5081 αύτῷ
1312 5010 1381 5064 τά
1429 5012 1487 5075 ἐς
1521 5009 1621 5080 τὴν
1678 5009 1796 5063 διά-

1895 4559 2193 4631 Ambigenti
2235 4558 2416 4627 itaque
2454 4554 2603 4610 hisce
2641 4555 2695 4608 in
2743 4552 2908 4607 rebus
2954 4550 3233 4604 Mermeroi
3277 4548 3445 4619 pluri-

1898 4670 2092 4724 maque
2116 4668 2298 4710 secum
2334 4650 2629 4721 reputanti,
2670 4648 2784 4702 haec
2822 4645 3082 4717 cogitatio
3124 4645 3177 4697 in
3210 4652 3455 4697 mentem-

1897 4747 2062 4812 venit,
2093 4746 2137 4802 si
2162 4757 2482 4817 quacunque
2504 4741 2718 4797 ratione
2742 4737 3052 4809 praesidium
3076 4736 3451 4790 Romanorum

1899 4838 2103 4892 solvere
2153 4837 2461 4903 sensimque
2499 4845 2778 4886 removere
2814 4836 3015 4899 posset,
3073 4841 3179 4880 non
3225 4825 3453 4879 omnino

1897 4930 2109 4982 irritum
2158 4927 2260 4983 sibi
2305 4924 2567 4980 transitus
2611 4922 2694 4977 sui
2746 4928 2999 4975 conatum
3033 4916 3166 4972 fore.
3195 4915 3451 4969 Hostibus

1894 5015 2038 5070 enim
2074 5013 2293 5068 assidue
2329 5011 2448 5065 loco
2488 5007 2872 5071 insidentibus,
2907 5003 3023 5059 ﬁeri
3076 5017 3181 5057 non
3216 5008 3448 5071 poterat,

243 5104 406 5156 ϐασιν
459 5101 542 5175 [Ρ.
573 5100 686 5173 57.]
717 5102 953 5173 ἀνήνυτα
1007 5101 1179 5158 ἐσται.
1230 5102 1509 5173 Πολεμίων
1543 5102 1641 5174 μὲν
1684 5102 1794 5173 γὰρ
1896 5119 1906 5157 l

1785 5121 1794 5154 ι
1896 5112 1953 5157 ιιι
1993 5101 2274 5170 utriusque
2314 5096 2423 5152 voti
2452 5097 2538 5151 sui
2570 5108 2792 5165 compos
2838 5092 3009 5148 ﬁeret.
3041 5089 3150 5146 Illis
3192 5103 3322 5145 vero
3362 5102 3448 5142 re-

1514 5274 1745 5329 VABIA'I
1789 5270 2194 5329 LECTIONES.

323 5457 369 5490 "
409 5455 536 5525 Post
582 5456 962 5525 ὁμογνώμονας
1016 5457 1203 5510 lacuna
1238 5454 1415 5525 fuerat
1460 5453 1598 5509 in.“
1618 5468 1785 5525 usque
1806 5452 1869 5506 ad
1891 5451 2028 5525 οῦδὲ,
2064 5450 2122 5525 in_
2137 5464 2295 5525 qua“
2313 5446 2575 5525 recentior
2601 5460 2789 5525 manus
2819 5442 3065 5525 scripsit:
3090 5439 3281 5525 ἐδόκεκ
3310 5445 3377 5525 et.
3400 5435 3455 5525 in

244 5544 428 5596 marg.
452 5522 607 5596 sint.
682 5522 726 5559 "
759 5522 897 5596 ἀμφὶ
942 5528 1042 5580 ἀνά
1091 5544 1139 5580 τ.
1179 5523 1385 5590 ΕῦξᾸὶ.

244 5601 348 5651 καὶ
378 5591 455 5655 Β,
488 5595 551 5665 δέ
588 5612 646 5649 τε
704 5591 809 5651 καῖ
826 5591 969 5665 vulg.
1040 5596 1085 5627 ⁸²
1127 5595 1492 5665 ’Δρχιιιοπόλει
1550 5591 1825 5665 Ιὶ,⁷1.ιιςι1.,

1462 5525 1506 5555 ⁵ο
1547 5516 1731 5611 gredi.
1762 5540 1828 5611 lire
1864 5523 1987 5611 μέγ.
2020 5538 2072 5574 κ.
2100 5516 2223 5611 ilic.
2262 5516 2323 5611 lli:

1878 5579 2342 5662 Λρχαιπό).ειςιιι1.
2393 5579 2479 5662 fi
2505 5579 2616 5662 ἐγιΰ
2658 5579 2722 5662 Η.
2765 5601 2865 5662 που
2896 5583 3016 5662 add:
3052 5596 3127 5662 ex“
3142 5579 3211 5662 ll.

2604 5515 2727 5584 μέγ.
2763 5530 2822 5567 τε
2860 5506 3081 5567 κ.’ἁλκ.
3118 5509 3264 5577 vulg.
3337 5506 3458 5558 ⁸¹δὲ

2604 5602 2615 5627 ι
2658 5584 2717 5627 Η,
2765 5601 2865 5627 που
2896 5583 3016 5627 add-
3052 5596 3114 5627 nx
3147 5579 3211 5627 Il.
3281 5574 3325 5607 “
3350 5573 3458 5627 Co-

246 5640 484 5735 taesium
515 5664 695 5720 Kutuis
714 5677 814 5729 cst,
857 5640 1098 5720 Inriretize
1120 5640 1369 5734 oppalum
1400 5640 1612 5735 regium,
1669 5640 1845 5734 εδθγάὶ)
1875 5640 2131 5717 ιιιῖιίνίῖ.Γ
2151 5640 2196 5691 ⁵⁸³
2226 5640 2416 5728 δρυμοὶ
2443 5640 2889 5724 R.,'69up.i.vulg.
2967 5651 3008 5683 "
3038 5649 3187 5703 οὐδέν
3208 5663 3257 5699 τι
3279 5640 3369 5699 οὖν
3389 5644 3452 5697 IL

246 5740 297 5769 ⁵⁸
323 5728 566 5790 διαλύσοι
587 5737 695 5801 CL,
716 5735 949 5790 διαλύσει
983 5735 1025 5789 ιι
1042 5747 1092 5790 et
1114 5728 1255 5805 vulg.
