4212 6438
783 381 909 447 1371

1943 389 2296 453 ΑΟΑΤΗῙΕ
2320 389 2800 454 SCHOLASTICI

3853 381 3973 458 1372

777 495 1119 552 missiuribus
1148 494 1322 562 factis,
1354 512 1477 554 cum
1519 498 1570 553 id
1600 498 1776 556 solum
1821 500 2238 581 relinqueretur,
2276 512 2335 558 ut
2361 511 2440 565 Α·

2307 512 2335 558 χι
2361 511 2409 565 Α
2431 502 2512 574 τῷ
2540 502 2704 574 χώρῳ
2745 500 3164 572 ἐνδελεχέστατα
3189 500 3605 573 ἐφεδρευόντων,
3654 501 3753 571 οὐχ
3784 499 3890 556 οἷόν
3917 522 3970 558 τε

781 586 1026 641 locorum
1063 584 1340 654 iniquitati
1366 585 1696 655 mederetur,
1732 599 1789 643 et
1813 588 2048 646 dillicilis
2077 593 2337 648 transitus

775 676 974 731 itinera
1003 675 1186 744 pervia
1217 675 1494 743 redderet;
1523 678 1576 733 id
1603 679 1655 733 ei
1682 694 1792 733 non
1821 681 2112 736 admodum
2137 681 2338 749 impos-

776 767 936 823 sibile
966 765 1111 822 factu
1142 767 1442 823 videbatur.
1469 769 1733 841 Sperabat
1758 773 1926 837 enim,
1951 773 2132 828 excisa
2158 773 2339 828 subla-

777 867 938 926 taque
975 857 1029 912 vi
1059 872 1314 912 manuum
1349 857 1506 920 silva,
1556 859 2005 930 obstantibusque
2033 861 2202 930 petris
2243 877 2337 916 ex-

775 949 1002 1015 cavatis,
1050 964 1108 1003 se
1156 962 1266 1003 non
1313 949 1597 1006 difﬁculter
1637 952 2016 1007 transiturum.
2069 952 2334 1017 Quocirca

776 1049 856 1103 ut,
885 1053 1008 1110 quae
1036 1038 1219 1092 animo
1249 1049 1592 1111 conceperat,
1625 1041 1928 1110 perﬁceret,
1958 1041 2336 1112 hujuscemodi

778 1129 1025 1185 fraudem
1062 1130 1404 1199 excogitavit.
1455 1129 1745 1186 Simulavit
1784 1146 1846 1187 se
1890 1142 2110 1202 repente
2144 1135 2336 1189 morbo

778 1229 1083 1291 correptum
1116 1222 1265 1292 gravi
1296 1221 1499 1291 pariter
1531 1231 1586 1278 et
1620 1223 1931 1279 incurabili.
1970 1225 2337 1280 Decumbebat

779 1313 958 1382 itaque
983 1326 1248 1368 summam
1285 1313 1656 1381 aegritudinem
1693 1330 1800 1384 pra:
1829 1330 1892 1372 se
1920 1314 2117 1381 ferens,
2147 1325 2202 1370 et
2220 1315 2335 1373 for-

768 1415 966 1482 tunam
999 1419 1149 1460 suam
1180 1403 1500 1460 lamentans.
1537 1405 1740 1459 Rumor
1767 1406 1858 1462 hic
1891 1407 2074 1463 statim
2117 1408 2339 1463 univer-

777 1511 898 1552 sum
944 1495 1242 1551 exercitum
1285 1506 1368 1550 est
1393 1507 1736 1566 pervagatus,
1773 1497 2084 1566 prafectum
2128 1499 2337 1570 gravis-

775 1587 912 1642 sime
930 1594 1190 1655 aegrotare
1213 1599 1386 1656 neque
1399 1585 1555 1656 107
1575 1587 1664 1641 diu
1684 1589 2138 1658 supervicturum.
2163 1589 2336 1646 Porro

774 1674 854 1728 rei
877 1674 1046 1744 ipsius
1074 1674 1270 1730 veritas
1301 1688 1414 1739 eos,
1445 1674 1540 1744 qui
1570 1690 1764 1746 operas
1805 1692 1934 1734 suas
1963 1679 2218 1737 hostibus
2249 1681 2335 1734 lo-

773 1777 900 1821 cant
927 1765 1153 1821 consilia
1176 1780 1399 1821 suorum
1427 1766 1703 1836 prodendo
1723 1778 1777 1823 et
1797 1783 1997 1826 arcana
2025 1772 2332 1828 clanculum

2434 589 2504 664 ἦν
2534 593 2652 664 ἀμα
2736 593 3060 663 ἀμφοτέρων
3117 592 3188 659 ⁸⁸,
3268 593 3540 662 κρατήσαι
3573 607 3590 623 ·
3649 589 3864 645 ἐκείνων
3921 593 3971 646 δὲ

2433 681 2712 746 ἀνιέντων,
2755 679 2894 735 ἀλλά
2936 680 3104 752 μόνην
3159 695 3224 748 γε
3281 680 3384 751 τὴν
3436 679 3739 750 δυσχωρίαν
3790 681 3973 735 ἀκέσα-

2434 775 2581 840 σθαι,
2635 775 2730 829 καὶ
2776 775 2838 829 τὸ
2883 773 3212 844 δυσέμϐολον
3241 773 3342 844 τῆς
3386 773 3614 845 πορείας
3664 774 3725 837 ἐς
3778 773 3840 826 τὺ
3887 773 3970 825 εὖ·

2431 867 2620 938 έφοδον
2646 867 2692 900 ⁸⁸
2717 866 3062 937 ἀμωσγέπως
3097 864 3498 936 μετασκευάσαι
3524 865 3584 918 οὐ
3615 863 3736 919 λίαν
3754 863 3974 917 ἀδύνατα

2431 953 2574 1014 εῖναι
2615 958 2661 992 ⁸¹
2715 959 2917 1029 ήγεῖτο.
2961 953 3196 1021 Ἦλπιζε
3237 954 3346 1028 γὰρ
3389 955 3489 1027 τήν
3523 954 3656 1027 ὕλην
3709 955 3975 1025 ἐκτέμνων

2431 1053 2498 1120 τῇ
2556 1046 2876 1119 πολυχειρίᾳ
2923 1045 3019 1100 καὶ
3049 1044 3450 1115 ἀνακαθαίρων,
3481 1044 3578 1098 καὶ
3627 1043 3738 1099 τῶν
3771 1041 3974 1113 πετρῶν

2429 1140 2513 1194 ὅτι
2541 1137 2792 1204 ἀντίξουν
2847 1136 3223 1191 διακολάπτων
3276 1135 3374 1190 καὶ
3409 1133 3868 1206 παραιρούμενος,
3913 1133 3972 1186 οὐ

2429 1228 2680 1300 χαλεπῶς
2709 1226 3082 1298 διαϐήσεσθαι.
3099 1227 3190 1290 '0;
3217 1226 3285 1281 ἂν
3302 1220 3397 1280 οὖν
3420 1224 3594 1280 ταῦτα
3612 1221 3971 1295 διαπράξοιτο,

2431 1319 2644 1375 ἐπενόει
2673 1317 2852 1372 τοιάδε
2874 1333 2892 1350 ο
2925 1317 3228 1388 ἐσκήπτετο
3268 1314 3463 1386 ἀθρόον
3510 1315 3649 1386 νόσῳ
3693 1317 3799 1370 τινὶ
3838 1317 3974 1386 δεινῇ

2429 1427 2492 1464 τε
2524 1408 2619 1464 καὶ
2643 1407 2928 1480 ἀνηκέστῳ
2978 1408 3024 1440 ⁶¹
3057 1405 3382 1470 ἑαλωκέναι,
3426 1406 3522 1460 καὶ
3551 1402 3646 1460 οὖν
3676 1406 3976 1460 ἀνεκέκλιτο

2429 1499 2710 1571 δυσφοριῖιν
2731 1498 2892 1570 δῆθεν
2921 1497 3016 1552 καὶ
3038 1496 3320 1568 ἀσχάλλων
3357 1497 3452 1552 καὶ
3485 1496 3548 1551 τὸ
3579 1496 3856 1566 ξυμπεσὸν
3875 1497 3980 1549 ὀλο-

2432 1590 2763 1661 φυρόμενος·
2779 1587 2809 1641 ὃ
2826 1603 2888 1641 τε
2907 1586 3063 1656 λόγος
3084 1581 3238 1652 οὗτος
3267 1587 3373 1642 ἀνὰ
3396 1589 3502 1643 πᾶν
3527 1587 3722 1641 αὐτίκα
3747 1585 3978 1655 ἐφοίταη

2427 1680 2492 1734 τὸ
2527 1679 2838 1752 στράτευμα
2860 1721 2876 1746 ,
2907 1677 2983 1742 ὡς
3014 1681 3044 1732 ό
3100 1677 3402 1751 στρατηγὸς
3453 1680 3703 1748 πονήρως
3759 1693 3822 1730 τε
3849 1677 3976 1745 ἔχοι,

2433 1772 2529 1826 καὶ
2572 1771 2696 1824 ὅσον
2721 1769 2875 1824 οὔπω
2901 1769 3182 1824 ἀπολεῖται
3207 1787 3222 1803 ·
3271 1771 3431 1833 ὅσους
3455 1786 3517 1823 τε
3554 1770 3601 1802 ⁸⁸
3627 1767 3808 1822 αὐτῶν
3851 1769 3974 1838 ήρε-

774 1856 1178 1928 patefacieudo,
1222 1856 1443 1913 latebat.
1493 1857 1916 1916 Accuratissime
1951 1862 2098 1917 enim
2152 1862 2334 1918 consi-
2362 1848 2437 1910 Bt

2317 1891 2334 1903 -
2362 1848 2406 1904 Β
2431 1878 2561 1915 σκεν
2591 1860 2903 1932 μισθαρνεῖν
2934 1862 3046 1924 τοῖς
3089 1859 3351 1926 ἐναντίοις
3387 1860 3482 1915 ἐπὶ
3520 1863 3586 1932 τῇ
3623 1858 3735 1913 τῶν
3770 1858 3980 1911 οἰκείων

773 1949 908 2004 lium
962 1948 1260 2012 celabatur,
1316 1956 1371 2003 et
1417 1963 1504 2004 ne-
1533 1965 1657 2004 cum
1717 1951 2064 2009 amicissimis
2114 1955 2330 2024 quidem

772 2039 1304 2106 communicabatur;
1357 2039 1488 2097 solis
1537 2055 1666 2097 vero
1701 2043 2057 2112 rumoribus,
2103 2045 2198 2116 qui
2239 2061 2334 2116 per

774 2135 1170 2190 multitudinem
1205 2135 1745 2202 circumferebantur,
1781 2138 2017 2210 decepti,
2051 2141 2103 2196 id
2132 2141 2332 2197 Roma-

774 2228 862 2283 nis
911 2228 1261 2293 nuutiarunt;
1313 2228 1404 2297 qui
1442 2227 1660 2298 quidem
1697 2229 1856 2285 facile
1902 2241 2030 2295 sunt
2059 2234 2328 2303 persuasi,

773 2328 1038 2384 nontam,
1073 2317 1325 2386 arbitror,
1361 2319 1571 2384 nuntio,
1602 2335 1767 2391 quam
1807 2323 1957 2394 quod
1999 2323 2055 2379 id
2094 2325 2332 2382 maxime

772 2421 916 2468 esset
944 2428 1010 2466 ex
1041 2411 1283 2482 ipsorum
1307 2412 1477 2468 animi
1508 2413 1796 2470 sententia.

843 2593 933 2649 20.
977 2591 1174 2648 Statim
1207 2593 1382 2663 itaque
1403 2604 1710 2649 accuratam
1741 2593 1885 2650 illam
1911 2595 2330 2666 continuamque

773 2700 959 2741 curam
992 2684 1236 2739 laxantes
1281 2699 1346 2739 ac
1385 2685 1750 2748 remittentes.
1801 2686 2021 2757 segnius
2056 2688 2329 2744 custodias

774 2772 1025 2841 agebant.
1051 2769 1244 2826 Paucis
1276 2779 1398 2840 post
1418 2770 1612 2828 diebus
1636 2771 1958 2829 Mermeroes
1987 2775 2149 2829 etiam
2180 2791 2327 2829 mor-

773 2874 880 2918 tem
907 2862 1106 2917 obiisse
1148 2861 1450 2916 nuntiatur.
1493 2859 1787 2918 Occulcbat
1831 2863 1976 2918 enim
2023 2865 2224 2934 seipse
2271 2865 2326 2919 in

772 2955 1004 3025 quadam
1049 2952 1396 3018 domuncula,
1439 2953 1576 3008 adeo
1611 2964 1669 3008 ut
1713 2956 1875 3008 etiam
1923 2955 2063 3024 apud
2109 2955 2328 3013 intimos

774 3059 996 3099 suorum
1047 3043 1392 3098 familiarium
1432 3059 1498 3100 ea
1544 3044 1728 3113 opinio
1754 3045 1999 3102 valuerit.
2030 3044 2167 3101 Tum
2200 3062 2328 3103 vero

772 3148 826 3192 et
855 3136 1072 3207 quidem
1105 3135 1278 3206 magis
1319 3149 1780 3205 supervacaneum
1805 3136 1982 3191 visum
2019 3147 2103 3192 est
2122 3136 2325 3192 Roma-

773 3229 859 3282 nis
890 3227 1133 3297 vigilare,
1159 3240 1621 3296 supervacaneum
1652 3226 1896 3298 ingentes
1923 3227 2141 3284 labores
2159 3230 2329 3285 susci-

773 3333 920 3387 pere.
959 3318 1226 3385 Quocirca
1254 3317 1476 3373 omissis
1507 3317 1615 3374 illis
1657 3318 2121 3376 obstructionibus
2169 3321 2329 3377 itine-

772 3426 893 3464 rum
940 3418 994 3464 et
1031 3409 1328 3474 laboribus,
1374 3423 1513 3479 quos
1557 3408 1683 3464 huic
1731 3411 1882 3480 operi
1929 3410 2326 3482 impendebant,

775 3505 844 3555 ad
877 3487 1156 3556 remissius
1184 3499 1399 3555 vivendi
1427 3515 1596 3570 genus
1613 3510 1739 3557 sunt
1766 3501 1980 3572 dilapsi,
2009 3503 2210 3561 solidas
2229 3519 2329 3560 no-

770 3603 885 3648 ctes
923 3592 1275 3654 dormientes,
1306 3591 1362 3647 in
1401 3591 1541 3648 villis
1565 3593 1891 3663 prmdiisque
1916 3594 2196 3663 degentes,
2233 3611 2328 3652 ne-

769 3698 877 3753 que
907 3681 1272 3752 speculatores
1304 3682 1644 3749 emittebant,
1673 3697 1773 3738 nec
1798 3684 2093 3754 quidquam
2115 3699 2325 3752 eorum,

769 3790 891 3845 qua:
917 3774 970 3829 in
994 3789 1106 3829 rem
1135 3775 1374 3844 ipsorum
1403 3783 1604 3842 essent,
1634 3775 1884 3846 agebant.
1924 3774 2328 3833 Persuadebant

769 3867 913 3920 enim
941 3864 1284 3931 sibi,Persas
1323 3865 1456 3921 duce
1497 3864 1612 3922 sive
1640 3863 1892 3934 praefecto
1942 3864 2184 3930 orbatos,
2232 3880 2328 3921 ne-

771 3973 1046 4028 quaquam
1092 3957 1146 4012 in
1188 3971 1246 4015 se
1283 3958 1475 4022 ituros,
1520 3957 1652 4028 quin
1702 3957 1882 4027 potius
1929 3969 2094 4027 quam
2119 3957 2329 4026 longis-

771 4049 911 4104 sime
948 4048 1233 4119 fugituros.
1265 4049 1390 4104 lisse
1417 4063 1545 4103 vero
1575 4048 1664 4104 ubi
1696 4049 1948 4118 cognovit
1974 4049 2324 4112 Mermerues,

771 4139 1052 4196 confestim
1092 4141 1273 4197 dolum
1314 4140 1533 4210 detegit,
1578 4156 1642 4197 ac
1676 4139 1857 4196 Persis
1887 4140 2047 4196 talem
2080 4156 2159 4208 se,
2201 4157 2330 4213 qua-

772 4233 838 4288 lis
862 4241 1018 4289 autea
1043 4232 1236 4295 fuerat,
1267 4233 1550 4289 visendum
1573 4233 1808 4302 praebet;
1835 4231 1995 4307 108
2009 4233 2322 4303 statimque,

769 4332 972 4392 quanta
1000 4324 1176 4392 potuit
1212 4323 1516 4386 alacritate,
1560 4323 1814 4378 omnibus
1839 4326 2014 4392 copiis
2042 4324 2225 4387 motis,
2273 4336 2328 4379 et

770 4415 1174 4471 difﬁcultatibus
1203 4417 1457 4470 itinerum
1486 4430 1568 4482 ea,
1600 4429 1762 4485 quam
1789 4415 2108 4486 jamdudum
2141 4415 2325 4470 animo

2428 1949 2705 2021 προδοσίᾳ,
2731 1949 2826 2003 καὶ
2851 1947 3023 2018 λάθρα
3047 1948 3260 2019 ἐξάγειν
3302 1949 3375 2004 ea
3421 1951 3731 2024 ἀπόρρητα,
3753 1943 3898 2004 οὗτοι
3938 1950 3980 1980 ⁸⁵

2426 2041 2486 2096 δὲ
2533 2041 2596 2096 τὸ
2637 2043 2736 2113 μὲν
2783 2042 3012 2114 ἀτρεκὲς
3054 2043 3153 2096 ούκ
3203 2041 3536 2112 ἐγίγνωσκον
3561 2057 3577 2072 ⁶
3607 2041 3982 2113 ἀσφαλέστατα

2426 2136 2536 2208 γάρ
2589 2135 2652 2190 τὸ
2683 2134 2958 2208 βούλευμα
3001 2135 3322 2209 ἐκρύπτετο,
3355 2135 3449 2191 καὶ⁵
3489 2135 3610 2190 οὑδέ
3641 2137 3700 2200 ἐς
3747 2135 3985 2198 ἃπαντας

2425 2229 2552 2293 τοὺς
2579 2229 2870 2298 φιλτάτους
2895 2229 3161 2297 ἐξέπιπτε
3185 2246 3200 2260 ·
3235 2229 3415 2300 μόνοις
3445 2229 3505 2283 δέ
3534 2229 3644 2291 τοῖς
3671 2229 3732 2281 ἐν
3761 2226 3845 2298 τῷ
3869 2226 3987 2296 δμε-

2425 2321 2504 2393 λῳ
2531 2320 2949 2393 περιαγομένοις
2975 2319 3383 2390 ἐξηπατημένοι
3417 2321 3531 2383 τοῖς
3569 2318 3863 2389 Ῥωμαίοις
3908 2319 3984 2371 δι-

2425 2409 2671 2479 ήγελλον.
2687 2411 2751 2464 Οί
2773 2410 2832 2464 δὲ
2861 2409 3057 2482 ῥᾳδίως
3069 2410 3343 2464 ἐπείθοντο
3355 2409 3417 2463 οὐ
3433 2403 3709 2475 τοσοῦτον,
3720 2403 3900 2480 οἶμαι,
3923 2411 3988 2480 τῇ

2424 2502 2674 2573 ἀγγελίᾳ.
2705 2503 2899 2557 ὁπόσον
2929 2500 3008 2572 τῷ
3046 2501 3348 2573 βουλομένῳ
3367 2500 3470 2572 τῆς
3496 2499 3744 2570 γνώμηςο

2495 2598 2565 2648 κ’.
2596 2591 2770 2656 Εὐθὺς
2798 2591 2862 2664 δὴ
2889 2587 2984 2646 οὖν
3029 2592 3091 2646 τὺ
3123 2591 3344 2663 ἐνεργόν
3366 2607 3425 2646 τε
3460 2590 3555 2645 καὶ
3587 2589 3842 2644 σύντονον
3893 2589 3991 2660 τῆς

2425 2682 2703 2755 φροντίδος
2740 2681 3138 2754 ὗτυοχαλῶντες,
3165 2682 3348 2736 οὐκέτι
3381 2680 3503 2735 λίαν
3527 2679 3738 2753 ἀκριϐῆ
3754 2679 3861 2750 τὴν
3887 2696 3992 2747 φυ-

2425 2774 2598 2844 λακὴν
2640 2771 2937 2828 ἐποιοῦντο.
2983 2773 3190 2843 Ὀλίγαι
3219 2790 3284 2827 τε
3330 2774 3730 2844 παρῳχήκεσαν
3755 2771 3991 2843 ἡμέραι,

2425 2861 2522 2916 καὶ
2567 2861 2598 2913 ό
2642 2860 2969 2933 Μερμερόης
3023 2861 3101 2924 ὡς
3160 2859 3226 2933 δή
3266 2859 3541 2930 τεθνηκὼς
3591 2861 3993 2930 ἀπηγγέλλετο.

2428 2954 2708 3025 Ἐκρυπτε
2723 2951 2832 3024 γάρ
2858 2952 3046 3008 ἐαυτὸν
3065 2951 3126 3016 ἔς
3147 2969 3203 3006 τι
3232 2951 3585 3024 δωμάτιον,⁶⁶,
3609 2951 3688 3017 ὥς
3710 2953 3813 3008 καὶ
3841 2953 3996 3024 παρά

2424 3047 2538 3111 τοῖς
2582 3044 2940 3108 οἰκειοτάτοις
2964 3045 3124 3115 τήνδε
3157 3043 3381 3116 νικῆσαι
3425 3045 3523 3116 τήν
3583 3044 3742 3111 δόξαν
3773 3059 3791 3075 ·
3853 3045 3993 3098 Τότε

2424 3135 2490 3208 δὴ
2532 3129 2628 3188 οὖν
2661 3134 2754 3188 καὶ
2790 3133 2992 3205 μᾶλλον
3012 3135 3125 3196 τοῖς
3165 3132 3455 3204 Ῥωμαίοις
3501 3131 3757 3204 περιττόν
3794 3149 3852 3186 τι
3875 3133 3996 3187 ἐδό·

2426 3243 2514 3281 κει
2537 3226 2834 3298 ἀγρυπνεῖν
2881 3241 2943 3278 τε
2989 3223 3084 3278 καὶ
3131 3222 3361 3278 ἐπιπολὺ
3430 3222 3820 3278 διαπονεῖσθαι.
3883 3223 4000 3277 Καὶ

2426 3317 2605 3372 τοίνυν
2651 3316 2908 3390 μεθέντες
2932 3315 3034 3380 τὰς
3061 3313 3416 3388 περιφράξεις
3448 3315 3542 3368 καὶ
3567 3313 3665 3385 τὴν
3695 3316 3755 3369 ἐν
3776 3313 4000 3378 τούτοις

2426 3408 2788 3481 ἀπεργασίαν,
2818 3407 2878 3471 ἐς
2920 3406 2984 3461 τὸ
3041 3405 3321 3477 ἀνειμένον
3370 3404 3714 3477 μετέϐαλλον,
3790 3405 4002 3459 παννύ-

2425 3500 2542 3572 χιόν
2568 3517 2628 3554 τε
2653 3497 3005 3562 καθεύδοντες
3035 3497 3130 3552 καὶ
3166 3498 3226 3562 ἐς
3253 3495 3353 3559 τὰς
3379 3494 3628 3559 ἐπαύλεις
3665 3494 3778 3548 τῶν
3804 3495 4001 3566 ἀγρῶν

2425 3592 2792 3663 διαιτώμενοι,
2840 3591 2936 3646 καὶ
2981 3589 3108 3646 οὕτε
3154 3588 3528 3652 κατασκόπους
3557 3586 3832 3652 ἔστελλον,
3867 3589 4002 3642 οὔτε

2425 3684 2553 3740 ἄλλο
2579 3699 2633 3737 τι
2659 3683 2929 3756 ἔπρασσον
2965 3680 3074 3736 τῶν
3097 3679 3343 3736 δεόντων.
3397 3680 3588 3751 ’ῼοντο
3655 3677 3769 3750 γὰρ
3794 3679 3875 3743 ὡς
3893 3680 4004 3733 οὐκ

2424 3775 2492 3830 άν
2545 3791 2678 3829 ποτε
2703 3775 2754 3829 οἱ
2781 3774 3007 3844 Πέρσαι,
3057 3773 3462 3844 ἀστρατήγητοι
3491 3770 3649 3842 δῆθεν
3675 3771 3999 3840 γεγονότες,

2425 3867 2515 3921 ἐπ’
2547 3865 2744 3930 αὐτοὺς
2787 3864 2998 3934 ἥξουσι,
3039 3863 3238 3934 μᾶλλον
3269 3865 3367 3934 μὲν
3394 3858 3488 3917 οὖν
3515 3862 3607 3918 καὶ
3643 3862 3720 3925 ὡς
3771 3864 4002 3934 πορρω-

2424 3957 2571 4012 τάτω
2626 3955 2966 4028 φευξοῦνται.
3032 3955 3216 4010 Ταῦτα
3256 3955 3320 4009 δέ
3377 3954 3539 4023 γνοὺς
3579 3953 3608 4006 ό
3653 3952 4006 4025 Μερμερὰνις

2424 4048 2801 4103 ἀνακαλύπτει
2849 4045 3176 4114 ἐξαπιναίως
3205 4045 3297 4099 τὸν
3337 4045 3488 4099 δόλον
3519 4043 3615 4097 καὶ
3632 4044 4007 4113 ἐπιφαίνεται

2425 4144 2538 4204 τοῖς
2589 4139 2825 4212 Πέρσαις
2851 4140 3032 4202 ὁποῖος
3061 4135 3468 4210 καὶπρότερον,
3517 4135 3610 4188 καὶ
3665 4133 3853 4200 εὐθὺς,
3923 4135 4009 4198 ὡς

2427 4223 2539 4298 εἶχε
2586 4224 2915 4297 προθυμίας,
2947 4225 3187 4288 ἅπαντας
3211 4225 3454 4294 κινήσας,
3485 4223 3577 4277 καὶ
3621 4221 3721 4294 τήν
3751 4223 4006 4294 χαλεπό-

2423 4334 2562 4389 τητα
2583 4318 2684 4389 τῆς
2713 4316 2937 4387 πορείας
2957 4313 3016 4370 εὖ
3030 4315 3253 4380 διαθεὶς,
3275 4309 3490 4390 πάλαι
3521 4315 3801 4381 διενοεῖτο,
3820 4332 4011 4385 παραυ

2424 4411 2648 4479 γέγονεν
2700 4405 2870 4478 ἀγχοῦ
2935 4406 3030 4461 τοῦ
3091 4407 3368 4478 φρουρίου.
3425 4406 3537 4460 Καὶ
3586 4405 3688 4476 ήδη
3753 4404 4009 4471 ἐπέλαζε

771 4523 874 4562 suo
919 4519 1261 4578 conceperat,
1318 4509 1529 4564 ratione
1577 4509 1866 4577 superatis,
1921 4508 2324 4578 propugnacqu
2355 4517 2434 4580 θ’

2355 4524 2398 4580 υ
2423 4503 2538 4563 τοῖς
2613 4496 2903 4568 Ῥωμαίοις
2971 4496 3336 4567 κατεπτηχόσι
3392 4494 3471 4566 τῷ
3535 4495 3835 4567 παραλόγῳ
3907 4498 4011 4549 καὶ

771 4601 1254 4671 appropinquavit;
1285 4610 1338 4656 et
1355 4601 1466 4671 jam
1501 4600 1762 4656 Romanis
1801 4600 2117 4656 imminebat
2142 4599 2322 4669 1ηουί-

773 4707 900 4748 nato
949 4695 1026 4748 rei
1078 4704 1268 4750 eventu
1320 4693 1601 4763 perculsis,
1632 4693 1832 4762 quique
1858 4691 1968 4761 jam
2017 4707 2136 4747 sese
2183 4691 2320 4746 tueri

773 4801 881 4839 non
920 4794 1183 4854 poterant.
1239 4783 1394 4839 Tunc
1436 4784 1617 4852 itaque
1661 4782 1927 4837 Martinus
1961 4782 2135 4836 locum
2169 4782 2321 4836 dese-

771 4875 999 4929 rcndum
1040 4875 1274 4941 censuit,
1317 4873 1633 4944 priusquam
1676 4871 2022 4936 Mermeroes,
2065 4871 2326 4942 penitiorc

771 4965 1072 5033 irruptiouc
1100 4965 1260 5028 facta,
1308 4962 1604 5026 Romanos.
1635 4963 1729 5034 qui
1775 4965 1828 5019 in
1872 4963 2121 5033 przesidio
2148 4972 2324 5029 erant,

770 5070 967 5125 magna
1014 5055 1165 5110 clade
1208 5055 1462 5111 alliceret.
1493 5053 1595 5120 Qui
1641 5055 1787 5110 enim
1837 5055 1952 5109 fieri
1985 5063 2219 5125 poterat,
2259 5063 2318 5108 ut

771 5146 1021 5215 perpauci
1057 5153 1261 5201 tantam
1309 5145 1546 5202 hostium
1587 5147 1694 5200 vim
1743 5145 2100 5211 sustinerent,
2144 5158 2320 5200 neque

2422 4592 2554 4655 οἵοις
2599 4589 2784 4644 οὐκέτι
2815 4586 3137 4659 ἀμύνεσθαι.
3190 4587 3322 4642 Τότε
3363 4585 3428 4657 δή
3481 4581 3576 4641 οὖν
3621 4587 3652 4638 ό
3709 4587 4013 4657 Μαρτῖνος

2423 4683 2565 4750 ἔγνω
2599 4680 2918 4736 καταλιπεῖν
2967 4679 3029 4733 τδ
3062 4677 3280 4751 χωρίον,
3332 4677 3462 4748 πρὶν
3508 4675 3823 4730 τελεώτατα
3851 4693 4014 4744 mp-

2421 4772 2618 4839 ελθεῖν,
2655 4772 2789 4826 είσω
2835 4769 2928 4824 τὺν
2957 4767 3300 4840 Μερμερόην,
3354 4767 3450 4819 καὶ
3504 4764 3647 4834 μέγα
3699 4780 3762 4816 τι
3815 4764 4013 4817 κακὸν

2421 4865 2548 4927 τοὺς
2599 4863 2729 4934 τῇδε
2790 4859 3093 4931 Ῥωμαίους
3149 4857 3232 4930 [Ρ.
3291 4855 3381 4927 58]
3430 4854 3794 4926 ἐργάσασθαι.
3869 4855 4014 4916 Πῶς

2423 4958 2533 5027 γὰρ
2594 4957 2724 5026 ἐνῆν
2771 4954 2968 5017 αὐτοὺς
3013 4952 3228 5020 ὀλίγους
3281 4967 3343 5018 γε
3392 4949 3551 5012 ὄντας
3607 4948 3864 5014 ἐνεγκεῖν
3936 4949 4015 5000 τὰ

2422 5047 2597 5117 πλήθη
2622 5045 2731 5100 τῶν
2775 5043 3066 5114 πολεμίων,
3101 5043 3196 5097 καὶ
3251 5041 3324 5113 μή
3374 5039 3493 5110 οὐχὶ
3568 5037 3825 5092 αὐτοϐοεὶ
3873 5038 4012 5091 6t:-

2436 5138 2710 5210 φθαρῆναι
2739 5139 2820 5203 ";
2849 5135 3004 5192 Οὕτω
3031 5134 3097 5204 δή
3119 5129 3213 5189 οὖν
3248 5128 3867 5202 καταστρατηγηθέντες
3895 5130 4017 5183 ὑπὸ

2039 5348 2270 5404 varum
2304 5343 2722 5420 itsc'rioass.

838 5547 884 5580 "
920 5546 1032 5613 ἅμα
1052 5538 1276 5613 ἀμφ.Β,
1295 5540 1565 5613 ἀμφῄμξ
1591 5541 1735 5613 vulg.
1785 5541 1853 5613 _”
1890 5540 2137 5613 εὐέφοδον
2154 5537 2222 5603 R,
2240 5553 2383 5613 corr.
2408 5537 2501 5613 επ

2348 5553 2383 5593 r.
2480 5533 3037 5613 mg._pro_s_6é_vogtov,
3057 5527 3235 5613 εὔοδον
3246 5525 3500 5613 ιιιιιιξλξίΔ
3518 5524 3784 5613 Enni—aa!!!
3802 5538 3879 5613 εξ
3894 5567 3911 5579 .

773 5620 815 5650 "
844 5610 985 5685 δεινῇ
1019 5631 1068 5667 τ.
1093 5610 1344 5685 ’κηάνηᾉ
1378 5610 1488 5685 έαλ.
1523 5610 1590 5675 ιι,
1625 5611 1720 5685 ἐαλ
1777 5610 1825 5685 δ.
1881 5627 1931 5685 τ.

1988 5628 2041 5663 κ.
2080 5611 2164 5662 άν.
2193 5610 2333 5673 vulg.

2409 5606 2456 5638 ⁸³
2483 5599 2671 5672 ἐφοίτα
2723 5604 2784 5666 ιι,
2817 5599 3011 5672 ἐχώρει
3054 5599 3198 5672 vulg.

3273 5598 3318 5630 “
3344 5593 3503 5655 ίόσους
3539 5594 3596 5646 δὲ
3637 5593 3795 5648 Suid.
3830 5610 3894 5647 s.
3958 5612 4012 5645 τ.

1307 5695 1357 5733 τ.
1387 5662 1494 5756 οἰκ.
1727 5682 1836 5756 τοῖς
1867 5662 2062 5756 -ὲνανη
2105 5662 2438 5756 Ιξ.υ⁶⁸”δὲηο

2352 5662 2608 5756 ὲηοιιι-ίκ.
2683 5675 2727 5705 ⁶⁶
2769 5662 2825 5754 ἐς
2845 5662 3197 5756 ἶι’ᾅ›μάτιᾶν
3229 5667 3270 5721 R
3325 5676 3377 5721 ct
3416 5664 3575 5733 impr.
3626 5663 3678 5716 in
3714 5662 4013 5717 domicilia

773 5741 1019 5826 quoda'm,
1057 5752 1148 5805 ἐπὶ
1174 5741 1308 5822 δωξὲ..
1332 5749 1474 5819 vulg.
1549 5741 1592 5782 ’ί
1631 5749 1986 5820 διαφθαρῆναι
2043 5748 2146 5801 ὑπὸ
2185 5747 2333 5810 δέους
2373 5746 2436 5800 Su

1348 5749 1474 5819 Vulg.
1549 5741 1592 5782 ’ί
1631 5749 1986 5820 διαφθαρῆναι
2043 5748 2146 5801 ὑπὸ
2185 5747 2333 5810 δέους
2373 5745 2524 5800 Suitl.
2556 5759 2623 5815 ι8.
2663 5758 2710 5800 ν.
2755 5741 3011 5795 αὐτοϐοεὶ.
