4212 6438
240 370 377 437 1373

1400 366 1934 437 HISTORIARUM
1964 373 2194 433 LIBER
2213 374 2295 436 II.

3294 374 3431 440 1374

233 482 342 536 τῶν
373 481 694 554 Βαρϐάρων,
731 483 825 538 καὶ
868 484 1156 556 αἰσχίστην
1190 483 1501 571 ποιούμρνοι
1528 485 1629 555 τὴν
1654 484 1787 536 ἀνα·
1815 484 1863 542 Δ
1890 498 1896 551 |

1768 509 1787 523 -
1815 484 1863 542 Δ
1890 484 2064 551 primo
2088 486 2267 541 statim
2296 486 2496 556 impetu
2519 486 2584 541 ad
2618 485 3040 543 internecionem
3069 485 3431 543 caederentur?

233 574 495 644 χώρησιν,
526 575 814 645 ἠπείγοντο
859 578 970 641 τοῖς
995 576 1174 642 ἄλλοις
1198 576 1563 648 ἀναμιχθῆναι
1619 592 1784 646 στρα-

232 664 517 734 τεύμασιν.
579 665 905 736 Ἐτύγχανον
936 668 1046 740 γάρ
1079 668 1130 721 oi
1159 668 1302 738 ἀμφὶ
1332 666 1536 721 Βέσσαν
1562 684 1622 720 τε
1689 665 1782 718 καὶ

243 756 528 811 ’1ουστῖνον
563 757 621 809 ἐν
650 758 818 828 πεδίῳ
836 759 942 813 τινὶ
975 759 1536 830 στρατοπεδευόμενοι,
1558 759 1621 812 ού
1648 756 1780 829 πόρ-

228 847 311 913 ρω
364 844 653 915 Τηλέφεως
680 849 934 920 κειμένῳ,
990 849 1126 905 ἀλλὰ
1170 850 1350 921 μόνοις
1384 849 1614 912 σταδίοις
1641 848 1782 903 ἑπτὰ

228 934 557 1006 διεστηκότι.
607 940 760 994 Ἔστι
807 940 864 995 δέ
889 941 1041 997 οὐδὲν
1069 941 1246 997 ὁτιοῦν
1277 941 1405 995 ἄλλο
1447 940 1698 1007 ἐνταῦθα,
1742 940 1777 1011 ἢ

229 1028 366 1096 μόνα
391 1026 437 1059 ⁸³
464 1030 675 1101 χυτρῶν
700 1032 1041 1105 πωλητήρια,
1101 1034 1177 1097 ὡς
1229 1035 1322 1088 καὶ
1365 1033 1464 1106 τὴν
1509 1050 1772 1106 προσηγο-

227 1118 347 1187 ρίαν
377 1118 625 1173 ἐντεῦθεν
646 1119 724 1192 τῷ
741 1122 903 1193 χώρῳ
926 1124 973 1157 ⁸⁸
1000 1122 1270 1194 είλῆφθαιο
1308 1124 1559 1196 Ὀλλάρια
1570 1126 1616 1158 ⁷⁸
1642 1124 1773 1196 γὰρ,

224 1209 303 1272 ὡς
333 1209 400 1263 ἂν
445 1211 673 1274 Λατῖνός
702 1230 787 1277 τις
850 1214 1032 1285 φήσοι,
1098 1215 1507 1286 ἐπωνόμασται·
1555 1214 1776 1270 δύναται

220 1300 279 1355 δέ
329 1300 488 1354 τοῦτο
520 1305 587 1374 τῇ
655 1303 922 1376 Ἐλλήνων
949 1310 1101 1378 φωνῇ
1126 1307 1509 1380 Χυτροπῶλια.
1550 1309 1690 1380 Ἤδη
1717 1308 1775 1364 δέ

223 1388 437 1444 πολλῶν
464 1391 580 1461 ἅμα
620 1391 699 1462 τῷ
754 1395 1013 1465 Μαρτίνῳ
1067 1396 1517 1467 προτερησάντων
1570 1399 1666 1452 καὶ
1713 1399 1774 1453 ἐν

216 1482 295 1553 τῷ
311 1484 543 1551 ἀσφαλεῖ
561 1484 888 1554 γενομένων,
910 1486 1253 1540 ἐϐουλεύοντο
1267 1486 1502 1552 ἅπαντας
1519 1490 1569 1543 oi
1586 1506 1775 1561 στρατ-

218 1576 379 1645 ηγοὶ,
439 1574 671 1629 ἐνταῦθα
710 1576 857 1658 τοὺς.
888 1578 1169 1647 δυσμενεῖς
1232 1578 1581 1649 ἐκδεξάμενοι
1639 1582 1769 1651 στή-

218 1664 409 1718 σεσθαί
440 1666 482 1696 ⁷⁸
530 1682 592 1718 τε
658 1666 717 1729 ἐς
768 1665 1094 1737 παράταξιν,
1146 1669 1241 1722 καὶ
1302 1668 1621 1724 διακωλύειν
1668 1671 1767 1724 αύ-

212 1758 342 1821 τοὺς
373 1758 477 1813 ἀνά
503 1759 573 1812 τά
614 1759 802 1829 πρόσω
849 1760 1042 1823 ίόντας.
1092 1756 1201 1813 Ἦν
1240 1761 1298 1814 δέ
1322 1778 1406 1825 τις
1443 1762 1551 1815 τῶν
1576 1764 1768 1835 ἐπιση-

215 1850 469 1919 μοτάτων
502 1852 562 1903 ἐν
609 1853 723 1914 τοῖς
772 1850 1091 1925 ταξιάρχαις
1137 1851 1407 1923 Θεόδωρος
1464 1853 1656 1926 ὄνομα,
1708 1857 1770 1908 τὸ

215 1941 317 2007 μὲν
349 1941 503 2007 γένος
548 1942 731 1995 ἕλκων
776 1943 840 1997 ἐκ
866 1942 963 1997 τοῦ
1000 1943 1187 2007 ἐθνους
1206 1943 1317 1997 τῶν
1343 1944 1586 2010 Τξάνων,
1617 1947 1769 2017 παρὰ

224 2028 517 2099 Ῥωμαίοις
558 2031 617 2085 δέ
675 2032 1072 2105 τεθραμμένος,
1122 2036 1218 2089 καὶ
1284 2036 1384 2108 ήδη
1440 2036 1502 2091 τὸ
1562 2038 1767 2110 βαρϐα-

213 2121 367 2191 ρικὸν
415 2122 509 2176 τοῦ
555 2125 780 2191 τρόπου,
819 2126 868 2179 εί
925 2126 1021 2179 καὶ
1064 2128 1289 2199 πάτριον
1342 2124 1435 2200 ἦν,
1464 2131 1768 2186 ἀποσκευα-

213 2214 448 2284 σάμενος
472 2217 566 2271 καὶ
593 2218 651 2279 ἐς
682 2217 746 2271 τὸ
806 2212 1151 2274 άστειότατον
1186 2222 1624 2294 μετακοσμήσας.
1660 2216 1768 2278 Οὖ-

208 2324 301 2370 τος
328 2307 392 2379 δὴ
436 2303 530 2361 οὖν
563 2310 593 2362 ό
619 2307 892 2382 Θεόδωρος
935 2311 1055 2383 ἅμα
1078 2314 1145 2384 τῇ
1185 2312 1359 2386 είκοίᾳ
1407 2314 1633 2386 δυνάμει
1674 2317 1767 2387 (εἴα

207 2417 373 2454 ποντο
418 2401 526 2472 γὰρ
554 2400 704 2473 αὐτῷ
731 2404 793 2458 οὐ
834 2403 1019 2475 μείους
1047 2405 1081 2477 ἢ
1137 2407 1475 2463 πεντακόσιοι
1501 2410 1549 2441 ⁷⁷
1574 2410 1767 2483 ἄνδρες

205 2493 318 2544 τῶν
362 2492 687 2564 ὁμοφύλων),
741 2496 885 2565 ἀμφὶ
929 2497 1166 2569 Τήλεφιν
1206 2499 1289 2553 ἐτι
1319 2501 1766 2573 ἐμεμενήκει,εί-

206 2581 441 2680 ρημένον
486 2585 633 2655 αύτῷ
665 2585 769 2680 ὑπὸ
792 2588 1092 2658 Μαρτίνου,
1131 2591 1206 2661 μή
1242 2592 1507 2665 πρότερον
1548 2594 1762 2650 ἐνθένδε

204 2676 473 2746 χωρῆσαι,
515 2680 643 2749 πρὶν
685 2678 752 2733 ἂν
775 2680 1443 2752 θεάσαιτώπανταςτοὺς
1472 2688 1763 2760 πολεμίους

206 2768 651 2841 είσϐεὸληκότας,
690 2773 905 2829 είκάσοι
945 2792 1007 2828 τε
1035 2776 1250 2841 αὐτοὺς,
1284 2778 1359 2843 ὡς
1388 2779 1616 2839 ἔνεστιν.
1642 2784 1760 2838 ὅσοι

203 2855 339 2925 εἷεν,
398 2863 490 2915 καὶ
563 2865 715 2935 γνοίη
787 2866 935 2931 ὅπως
1012 2866 1225 2940 ἔχουσιν
1280 2871 1461 2943 όρμῆς
1530 2890 1592 2927 τε
1662 2877 1760 2930 καὶ

204 2950 452 3020 γνώμης.

272 2969 321 3004 ω
405 2970 452 3015 ς.

414 3044 473 3099 ⁸0
488 3045 544 3098 δέ
570 3042 658 3118 (ἦν
676 3047 784 3119 γάρ
798 3051 857 3112 ἐς
868 3050 1080 3107 ἅπαντα
1104 3052 1425 3126 δραστήριός
1438 3072 1497 3109 τε
1520 3057 1613 3111 καὶ
1629 3055 1763 3130 θαρο

1883 573 1999 630 Hoc
2026 575 2192 647 igitur
2229 577 2355 632 dolo
2397 578 2751 635 circumventi
2799 577 3145 649 superatique
3182 592 3214 632 a
3242 576 3431 632 barba-

1880 666 1975 732 ris,
2006 668 2429 740 turpissimaque
2477 669 2786 727 recessione
2820 669 2987 736 facta,
3026 669 3257 725 Romani
3299 670 3430 726 reli-

1878 756 2001 827 quis
2024 760 2194 829 copiis
2223 773 2345 815 sese
2389 761 2719 832 conjungere
2760 760 3209 831 approperabant.
3258 759 3429 815 Excr-

1877 849 2017 905 citus
2045 851 2213 915 enim,
2255 865 2417 921 quem
2450 850 2615 907 Bessa
2655 862 2710 907 et
2752 850 3005 908 Justinus
3034 850 3324 915 ducebant,
3373 850 3427 905 in

1876 951 2070 1008 campo
2093 940 2329 1009 quodam
2358 951 2536 996 castra
2563 941 2811 997 locarant
2844 954 2951 995 non
2982 940 3171 1010 procul
3211 955 3241 993 α
3275 937 3429 994 Tele-

1876 1027 1981 1098 phe
2011 1028 2135 1093 sito,
2163 1039 2369 1099 septem
2399 1039 2606 1085 tantum
2645 1030 2835 1087 stadiis
2883 1030 3008 1086 inde
3037 1029 3293 1086 distante.
3334 1028 3430 1085 Est

1874 1134 2006 1175 vero
2032 1120 2170 1174 nihil
2198 1121 2346 1176 aliud
2388 1121 2461 1176 ibi
2491 1137 2652 1193 quam
2685 1123 2916 1177 ollarum
2962 1121 3158 1188 forum,
3194 1120 3339 1176 unde
3373 1129 3431 1176 et

1873 1213 1996 1267 loco
2020 1227 2219 1268 nomen
2251 1213 2502 1269 inditum.
2533 1213 2734 1268 Ollaria
2765 1214 2932 1280 enim,
2968 1220 3028 1268 ut
3065 1210 3242 1267 Latini
3268 1213 3426 1267 dixe-

1871 1304 2002 1370 rint,
2033 1304 2365 1374 appellatur,
2394 1305 2543 1376 quod
2571 1304 2795 1376 perinde
2820 1313 2923 1371 est,
2953 1320 3018 1362 ac
3051 1305 3097 1361 si
3126 1304 3311 1360 Graece
3338 1304 3424 1360 di-

1872 1410 1967 1451 cas
1990 1394 2351 1466 χυτροπώλια.
2381 1394 2742 1467 Posteaquam
2789 1411 2918 1451 vero
2943 1396 3055 1467 jam
3098 1395 3258 1458 multi
3300 1410 3423 1450 cum

1870 1484 2103 1541 Martino
2151 1486 2274 1557 fuga
2319 1496 2580 1558 praerepta
2625 1486 2680 1542 in
2729 1495 2844 1542 tuto
2888 1494 3070 1541 essent
3116 1484 3419 1548 constituti,

1869 1578 2047 1633 visum
2080 1586 2164 1634 est
2189 1578 2446 1634 omnibus
2470 1578 2757 1649 praalectis,
2800 1587 2859 1633 ut
2886 1577 2959 1633 ibi
3000 1577 3206 1632 hostem
3230 1589 3423 1647 exspe-

1868 1678 2076 1726 ctantes
2134 1670 2251 1726 acie
2309 1671 2573 1725 instructa
2636 1670 2999 1733 obsisterent,
3059 1666 3423 1736 ulterioreque

1871 1763 2101 1820 transitu
2129 1764 2501 1833 prohiberent.
2536 1761 2664 1817 Erat
2699 1776 2827 1817 vero
2854 1761 3075 1831 quidam
3106 1759 3247 1815 inter
3283 1773 3422 1830 prae-

1867 1855 2059 1926 cipuos
2103 1854 2544 1923 clarissimosque
2592 1853 2759 1909 duces
2808 1850 3129 1906 Theodorus
3177 1851 3417 1913 nomine,

1866 1960 2036 2016 genus
2066 1944 2282 2014 quidem
2308 1945 2511 1999 ducens
2550 1959 2582 2000 e
2625 1954 2781 2015 gente
2807 1942 2963 2014 109
2988 1942 3285 2007 Zanorum,
3323 1941 3419 1996 sed

1865 2036 2008 2107 apud
2057 2035 2331 2090 Romanos
2380 2035 2662 2098 educatus,
2710 2033 2911 2104 quique
2946 2034 3058 2103 jam
3103 2031 3418 2088 barbaricos

1865 2143 2067 2193 mores,
2092 2127 2308 2184 tametsi
2337 2126 2496 2197 patrii
2518 2135 2693 2191 erant,
2719 2136 2945 2182 exuerat
2975 2134 3030 2181 et
3052 2126 3119 2180 ad
3147 2139 3413 2181 summam

1866 2222 2223 2277 urbanitatem
2254 2221 2584 2277 traduxerat.
2612 2219 2709 2276 Hic
2741 2220 2925 2290 itaque
2945 2217 3264 2273 Theodorus
3291 2232 3415 2273 cum

1864 2330 1966 2370 suo
1996 2312 2209 2380 agmine
2244 2312 2632 2382 (sequebantur
2664 2312 2809 2366 enim
2844 2312 3020 2382 ipsum
3055 2325 3163 2365 non
3193 2309 3414 2379 paucio-

1865 2422 1952 2463 res
1988 2405 2300 2477 quingentis
2336 2420 2449 2459 suae
2496 2403 2730 2459 nationis
2776 2402 2901 2473 viri)
2944 2403 3092 2458 circa
3134 2400 3413 2472 Telephim

1862 2497 2041 2555 adhuc
2086 2498 2370 2554 stationem
2405 2496 2655 2552 habebat.
2688 2494 2968 2550 Mandarat
3000 2492 3144 2549 enim
3178 2492 3227 2547 ei
3270 2492 3413 2546 Mar-

1861 2592 2029 2656 tinus,
2057 2605 2124 2645 ne
2153 2588 2301 2659 prius
2330 2588 2453 2643 inde
2472 2586 2791 2651 discederet,
2820 2599 2981 2656 quam
3012 2599 3200 2640 omnes
3228 2585 3413 2640 hostes

1859 2684 2130 2739 irruentes
2157 2680 2400 2744 vidisset,
2430 2693 2729 2749 eorumque
2754 2692 3063 2741 numerum,
3092 2675 3271 2746 quoad
3293 2674 3409 2731 ﬁeri

1860 2783 2061 2847 posset,
2113 2775 2426 2829 observaret
2475 2778 2961 2842 cognosceretque,
3013 2766 3146 2841 quid
3188 2766 3406 2832 virium,

1857 2869 1983 2939 quid
2007 2865 2172 2921 animi
2198 2864 2477 2921 baberent.

1926 3040 2017 3094 21.
2050 3037 2191 3099 ,Tum
2240 3037 2351 3100 ille,
2385 3044 2447 3091 ut
2473 3043 2590 3091 erat
2635 3034 2703 3089 ad
2734 3032 2918 3088 omnia
2961 3041 3215 3088 strenuus
3246 3038 3409 3099 atque

201 3135 431 3222 paléoci
446 3138 540 3192 καὶ
555 3137 619 3210 δὴ
644 3141 784 3195 κατὰ
799 3142 969 3196 ταῦτα
996 3144 1185 3197 ἐποίει·
1216 3123 1444 3201 καί-εἷτα
1458 3149 1642 3222 ἐπειδὴ
1659 3123 1755 3205 πα-
1785 3147 1827 3206 G
1861 3155 1864 3187 ³

1742 3179 1755 3191 ,
1785 3147 1827 3206 c
1861 3133 2058 3199 audax,
2092 3130 2342 3187 mandata
2379 3129 2709 3200 exsequitur.
2743 3129 2826 3182 Ac
2872 3124 3087 3188 deinde,
3131 3138 3253 3179 cum
3293 3123 3405 3193 jam

205 3224 369 3294 ρόντα
390 3221 497 3280 εἶδε
517 3229 586 3283 τά
612 3230 789 3301 πλήθη
812 3232 919 3285 τῶν
940 3234 1165 3304 Περσῶν
1189 3236 1335 3300 ἐντὸς
1351 3236 1446 3291 τοῦ
1471 3238 1754 3311 φρουρίου,

198 3317 346 3386 ἔγνω
362 3335 420 3372 τε
437 3321 633 3385 αὐτοὺς
646 3323 707 3375 ού
728 3325 889 3394 μέχρι
920 3324 1071 3378 τοῦδε
1095 3326 1476 3397 στησομένους,
1503 3330 1639 3385 ἀλλὰ
1663 3333 1757 3387 καὶ

199 3409 408 3482 σφόδρα
435 3412 930 3485 πολεμησείοντας,
965 3417 1164 3488 αὐτίκα
1212 3416 1402 3492 ᾤχετο.
1456 3421 1648 3494 Εύρὼν
1697 3422 1757 3477 δέ

205 3501 350 3555 κατὰ
377 3503 477 3574 τήν
507 3504 734 3574 πορείαν
759 3505 986 3571 πολλοὺς
1026 3508 1133 3561 τῶν
1176 3508 1460 3580 Ῥωμαίων
1507 3512 1608 3567 ούκ
1666 3514 1755 3567 εὐ·

203 3590 653 3661 θυδρομήσαντας
683 3594 731 3626 ⁷³
759 3596 817 3658 ἐς
867 3595 937 3649 τὰ
971 3596 1350 3666 Χυτροπώλια.
1384 3594 1528 3672 ᾗπερ
1573 3602 1756 3667 αὐτοῖς

195 3682 530 3746 διετέτακτο,
570 3684 706 3739 ἀλλὰ
736 3686 795 3739 ἐν
826 3688 1086 3759 οἰκήμασι
1114 3690 1368 3755 Λαζικοῖς
1397 3693 1757 3766 εἰσπηδήσαν-

194 3788 319 3835 τας,
360 3773 457 3826 καὶ
489 3774 923 3845 ἀφαιρουμένους
946 3778 1145 3849 ἐλυμόν
1169 3797 1228 3835 τε
1258 3782 1304 3814 ⁷⁸
1335 3784 1428 3837 καὶ
1459 3785 1612 3852 ζειάς
1662 3789 1755 3842 καὶ

193 3864 334 3918 ἄλλα
357 3864 490 3918 ἄττα
520 3864 630 3919 τῶν
657 3866 949 3937 ἐδωδίμων,
968 3869 1288 3925 ἀπελαύνειν
1310 3890 1370 3927 τε
1394 3876 1586 3942 αὐτοὺς
1607 3880 1753 3932 ἐπει-

197 3958 332 4029 ρᾶτο
351 3956 443 4010 καὶ
471 3957 850 4028 κατεμέμφετο
875 3961 973 4031 τῆς
1003 3964 1301 4033 παρανοίας
1329 3967 1395 4032 ⁷⁸,
1427 3968 1505 4032 ὡς
1535 3970 1634 4023 οὐκ
1666 3972 1750 4025 εί-

190 4049 354 4111 δότας
380 4041 553 4119 οὗπερ
577 4051 931 4121 τυγχάνουσιν
991 4054 1143 4120 ὄντες
1196 4058 1387 4114 κακοῦ.
1448 4062 1601 4117 Ὅσοι
1650 4063 1751 4131 μὲν

188 4136 288 4194 οὖν
336 4135 476 4211 ἦσαν
508 4140 553 4172 ⁷⁸
606 4142 785 4196 αὐτῶν
817 4145 879 4198 οὐ
930 4145 1049 4200 λίαν
1087 4147 1253 4220 λίχνοι
1297 4168 1357 4205 τε
1403 4154 1498 4209 καὶ
1549 4156 1749 4211 ἀκόλα-

190 4247 335 4293 στοι,
384 4223 530 4284 οὗτοι
557 4231 616 4285 δὲ
657 4233 1058 4304 μεταμαθόντες
1080 4237 1123 4270 ⁷⁷
1156 4239 1218 4291 τὸ
1242 4238 1398 4309 λῷον,
1436 4243 1747 4308 ξυνείποντό

186 4337 254 4372 τε
302 4319 449 4391 αὐτῷ
479 4323 571 4375 καὶ
599 4322 763 4393 βάδην
788 4324 1210 4396 ἀπεκομίζοντοο
1249 4331 1388 4402 πλὴν
1414 4332 1529 4387 ἀλλ’
1564 4336 1626 4389 ού
1651 4354 1746 4405 γε-

186 4412 417 4481 γένηται
449 4411 600 4484 χώρα
638 4414 719 4485 τῷ
753 4415 1011 4489 Θεοδώρῳ
1053 4420 1392 4493 σχολαίτερον
1444 4425 1742 4495 διαγγεῖλαι

186 4506 305 4565 τοῖς
353 4506 675 4575 στρατηγοῖς
718 4506 817 4578 τὴν
879 4510 1137 4582 ἐπήλυσιν
1191 4515 1235 4546 ⁷⁸
1260 4515 1355 4568 τοῦ
1398 4518 1740 4592 Μερμερόου.

185 4596 383 4649 Ἐνίων
434 4596 543 4668 γὰρ
566 4598 645 4650 ἐτι
674 4600 739 4652 ἐκ
766 4599 859 4653 τοῦ
897 4602 1127 4674 στρατοῦ
1150 4607 1216 4677 τῇ
1249 4606 1470 4679 ἁρπαγῇ
1496 4609 1747 4682 ἐγκειμέ-

184 4705 298 4740 νων
337 4688 429 4741 καὶ
457 4689 557 4743 οὐκ
588 4691 844 4745 ἀνιέντων
859 4694 1206 4763 ἐπιφοιτῶσιν
1234 4698 1427 4771 ἀθρόον
1449 4702 1499 4755 οί
1517 4703 1741 4773 Πέρσαι,

187 4778 287 4829 καὶ
309 4776 525 4847 ὀλίγους
554 4779 653 4849 μὲν
681 4782 858 4836 αὐτῶν
886 4783 1122 4840 ἔκτεινον
1146 4803 1164 4819 ·
1189 4790 1237 4841 οί
1260 4790 1316 4843 δὲ
1331 4790 1476 4846 ἄλλοι
1500 4793 1744 4867 δρομαῖοι

185 4870 415 4933 ἔφυγον,
444 4867 537 4921 καὶ
562 4869 626 4939 δὴ
654 4870 978 4939 ἐξαπιναίως
991 4876 1341 4933 ἐσπίπτουσιν
1368 4882 1470 4937 ἀνά
1495 4883 1555 4938 τὸ
1585 4903 1744 4957 στρα-

184 4957 421 5012 τόπεδον
465 4957 559 5022 ξὺν
583 4961 795 5033 οίμωγῇ
828 4965 920 5017 καὶ
953 4965 1187 5038 θορύϐῳ,
1227 4970 1305 5034 ὡς
1352 4973 1591 5040 ἅπαντας
1623 4978 1745 5043 ξυν-

184 5049 531 5141 ταραχθῆναι
591 5052 670 5123 τῷ
725 5056 993 5128 αίφνιδίῳ,
1054 5061 1147 5114 καὶ
1185 5063 1327 5133 πέρα
1379 5064 1461 5137 [Ρ.
1494 5068 1608 5141 59.]
1647 5073 1741 5127 τοῦ

186 5140 420 5213 μετρίου
466 5142 835 5214 δειμαίνοντας
884 5150 939 5212 ἐς
967 5150 1264 5225 ὑπαγωγὴν
1297 5140 1739 5226 μετανίστασθαι.

1856 3225 2146 3282 Persarum
2176 3223 2359 3294 copias
2378 3218 2841 3293 propugnaculum
2869 3217 3142 3287 ingressas
3162 3214 3405 3281 vidisset,

1856 3317 2303 3389 cugnovissetque
2342 3330 2450 3370 non
2491 3329 2557 3369 eo
2604 3321 2759 3367 tenus
2785 3310 3141 3365 substitutum
3172 3309 3404 3372 hostem,

1855 3407 1951 3464 sed
1999 3404 2284 3462 conﬂictus
2315 3418 2437 3460 esse
2470 3399 2838 3473 percupidum,
2875 3396 3155 3454 confestim
3193 3395 3317 3451 inde
3346 3410 3407 3452 se

1854 3497 2132 3555 subduxit.
2179 3496 2425 3565 Cumque
2472 3496 2528 3549 in
2573 3494 2762 3549 itinere
2803 3491 3002 3545 multos
3038 3488 3403 3544 Romanorum

1853 3605 1961 3645 non
1982 3597 2130 3644 recta
2163 3588 2229 3642 ad
2261 3585 2460 3642 Ullaria
2513 3583 2897 3641 contendentes
2940 3578 3401 3650 deprehendisset,

1853 3693 2016 3756 prout
2048 3682 2128 3739 eis
2166 3692 2282 3737 erat
2326 3681 2662 3748 imperatum,
2706 3674 2799 3732 sed
2843 3673 3108 3728 Lazorum
3151 3670 3403 3727 domibus

1852 3777 2190 3837 insultantes,
2218 3771 2473 3841 panicum
2516 3776 2571 3823 et
2596 3779 2742 3821 zeam
2788 3764 2902 3820 sive
2936 3762 3165 3827 semina,
3189 3760 3402 3830 aliaquo

1852 3861 2128 3919 esculenta
2155 3858 2446 3928 rapientes,
2486 3870 2579 3911 eos
2616 3865 2870 3909 revocare
2905 3850 3192 3915 nitebatur,
3232 3858 3402 3905 teme-

1850 3951 2028 4007 ritatis
2055 3963 2343 4012 accusans,
2364 3947 2456 4017 qui
2483 3943 2770 4011 nescirent,
2787 3942 2985 4012 quibus
3013 3940 3066 3995 in
3093 3940 3249 3994 malis
3278 3954 3401 3993 ver-

1849 4051 2121 4101 sarentur.
2151 4039 2427 4110 Quotquot
2453 4037 2614 4107 igitur
2656 4051 2722 4090 ex
2749 4036 2815 4090 iis
2837 4043 2991 4089 erant
3019 4034 3200 4088 minus
3222 4032 3399 4102 gulosi

1848 4147 2009 4208 atque
2032 4135 2471 4204 intemperantes,
2495 4129 2704 4200 potiora
2740 4126 2927 4182 moniti
2959 4127 3011 4181 ei
3047 4140 3167 4181 sese
3206 4125 3402 4195 adjun-

1847 4237 2078 4295 xerunt,
2120 4236 2171 4283 et
2209 4225 2368 4296 uo
2406 4222 2605 4278 sensim
2634 4236 2693 4277 se
2736 4226 3073 4289 receperunt.
3112 4215 3400 4271 Theodoro

1847 4334 2027 4378 tamen
2081 4322 2233 4377 locus
2263 4335 2370 4373 non
2400 4323 2516 4372 erat
2542 4324 2752 4371 mature
2779 4311 3062 4367 nuntiandi
3106 4308 3396 4379 praefectis,

1844 4414 2191 4470 Mermeroem
2220 4412 2519 4465 imminere.
2560 4405 2843 4463 Nonnullis
2866 4404 3011 4459 enim
3036 4400 3213 4456 adhuc
3245 4410 3397 4455 extra

1847 4516 2025 4563 castra
2062 4505 2262 4575 rapina:
2316 4503 2533 4558 intentis
2582 4514 2758 4570 neque
2798 4495 3180 4552 desistentibus
3220 4492 3400 4546 Persa:

1849 4608 2067 4670 repente
2092 4596 2513 4668 superveniunt;
2552 4603 2607 4648 et
2628 4589 2916 4646 nonnullos
2956 4587 3171 4658 quidem
3205 4598 3394 4639 eorum

1850 4694 2211 4755 obtruncant;
2240 4687 2428 4758 reliqui
2452 4684 2801 4740 concitatiore
2828 4696 2989 4738 cursu
3015 4678 3281 4749 fugientes
3305 4689 3393 4730 ce-

1847 4788 2027 4844 leriter
2053 4801 2178 4841 cum
2200 4783 2426 4839 tumultu
2461 4781 2769 4851 cjulatuque
2793 4778 2845 4831 in
2880 4774 3173 4831 exercitum
3204 4779 3394 4836 ruunt,

1849 4885 1982 4940 adeo
2011 4892 2071 4937 ut
2091 4897 2281 4937 omnes
2319 4878 2595 4949 repentino
2638 4883 2785 4930 motu
2821 4868 3116 4943 perturbati
3150 4878 3204 4921 et
3230 4879 3392 4935 supra

1846 4978 2063 5032 modum
2092 4972 2444 5045 expavefacti,
2476 4969 2837 5025 secessionem
2861 4981 2893 5020 e
2924 4962 3118 5019 castris
3144 4959 3392 5014 iecerint.

1844 5068 2085 5126 Prchccti
2109 5083 2233 5121 vero
2252 5066 2448 5137 (neque
2467 5062 2611 5117 enim
2637 5060 2812 5114 adhuc
2833 5058 3000 5112 aciem
3034 5049 3390 5119 ordinarant),

1842 5171 2139 5216 metuentes
2156 5160 2341 5220 etiam,
2371 5172 2437 5211 ne
2458 5152 2669 5212 barbari
2697 5152 2986 5221 imparatos
3005 5143 3392 5216 opprimerent,

1452 5342 1687 5400 νΑΒΗΕ
1728 5345 2126 5404 LECTIONES.

256 5503 303 5535 ⁸⁸
347 5504 481 5568 μόνα
525 5502 590 5565 Β.

178 5575 251 5629 Β.
330 5573 369 5602 ’⁷
411 5573 704 5643 στήσασθαι
749 5577 811 5632 Β.
887 5573 929 5613 ⁷⁷

176 5643 770 5730 ἐιεὺθυδραμήμσαντας
813 5652 875 5705 R.
914 5723 920 5729 ξ
980 5643 1023 5685 ⁷⁷
1053 5672 1116 5730 ’τε
1162 5654 1227 5715 R.
1280 5658 1472 5725 Lugd.,
1509 5643 1710 5730 γὲὲιὶῖιῗ

177 5715 404 5793 911mg
449 5714 491 5765 ll
535 5714 775 5793 etintpr.
835 5723 921 5791 qui
973 5724 1106 5793 θυίιε
1154 5714 1301 5781 erant
1341 5714 1471 5784 non,
1499 5714 1779 5790 ddnlédhm
1820 5714 2001 5792 dediti:

176 5787 230 5817 "
250 5780 531 5852 ἐπιήλυσιν
558 5782 624 5837 Β.

633 5508 789 5604 μόωέ
821 5512 994 5604 νιιξξζ.³
1038 5515 1362 5604 ῗ-νὲντεῆθεν
1403 5520 1480 5592 τῷ
1517 5521 1675 5604 χώρῳ
1696 5526 1741 5580 Π
1769 5568 1784 5594 ,
1823 5528 2081 5604 ιςῷᾴχώᾴρῳ
2110 5525 2314 5604 ὲνοένξε
2356 5525 2497 5604 vulg.
2571 5520 2902 5603 "_’mlaipta
2931 5517 3053 5598 Par:
3082 5533 3164 5578 τις
3183 5514 3384 5604 insan

964 5582 1017 5665 ﬁ“
1039 5588 1373 5665 πεντακόσιοι
1514 5582 1784 5665 πρότερον
1838 5582 2062 5652 ἐνθένδέ
2085 5613 2193 5651 om.
2246 5594 2322 5665 li.
2372 5582 2572 5665 Iac-utne
2599 5593 2754 5665 εἰβηο
2797 5582 3153 5665 ἥιλπὲτίξίηα
3191 5584 3381 5665 νρξίέυο

1812 5669 1858 5699 ⁷⁵
1898 5669 2193 5735 παρανοίας
2243 5663 2304 5717 ιι.
2331 5662 2606 5735 παροινίας
2636 5662 2779 5735 vulg.

2863 5661 2909 5691 "
2943 5653 3082 5728 ἦσαν
3110 5663 3161 5708 ιιι
3185 5655 3245 5706 οὐ
3267 5653 3387 5728 λίαν

2102 5724 2222 5787 ττδὲ
2263 5724 2655 5804 μεταμαοόντες
2710 5729 2775 5796 R,
2821 5729 2883 5799 δὴ
2932 5724 3189 5798 μαθόντες
3240 5724 3383 5794 vulg.
