4212 6438
190 372 314 435 1377

1344 347 1872 414 HISTORIARUM
1902 348 2129 409 LIBER
2163 350 2241 411 II.

3238 358 3369 424 I378

188 485 326 554 μάλα
349 481 542 540 ἐδόκει.
582 476 757 541 ξύλοις
784 474 839 526 δὲ
871 472 960 526 καὶ
987 472 1227 532 ἀκάτοις,
1268 468 1304 521 ἃ.
1328 466 1392 554 δῇ
1411 467 1455 497 "
1490 466 1544 525 ὲς
1562 458 1734 554 ursino
1763 460 1807 515 Α
1833 476 1851 512 ι

1706 459 2171 515 oAdiﬂicultates
2237 472 2576 530 nequaquam
2653 472 2921 525 censens,
2993 460 3192 517 tubulis
3248 482 3369 521 cra-

184 536 747 641 έπεποίηντοίζεύξας
782 565 882 626 τὰς
917 563 1011 616 τοῦ
1047 559 1270 618 Φάσιδος
1296 536 1460 625 ὖχθας
1490 552 1584 607 καὶ
1617 544 1728 602 οἷον

182 640 423 731 γέφυραν
449 658 864 727 τεκτηνάμενος,
889 652 1192 707 διεϐίϐασεν
1229 648 1276 681 ⁸⁸
1302 646 1469 707 ἀδεῶς
1499 646 1643 697 ᾶπαν
1669 640 1729 731 τὸ

183 730 523 820 στράτευμα,
564 746 774 809 οὐδενὸς
817 742 1175 814 ἐνοχλοῦντος.
1222 736 1333 791 Καὶ
1375 736 1440 806 δὴ
1476 734 1600 794 τοὺς
1650 730 1728 793 εις

194 819 499 910 Ὀνόγουριν
527 839 574 871 ⁹⁹
607 839 818 909 Πέρσας
868 833 1182 906 ἱδρυμένους
1215 829 1277 882 τὸ
1300 826 1574 897 φρούριον,
1604 820 1634 873 ὃ
1667 819 1730 891 δὴ

182 934 447 1003 πρότερον
471 930 629 993 αὐτὸς
661 932 719 982 ὲν
745 930 812 998 τῇ
857 922 1281 996 Ἀρχαιοπόλεως
1310 915 1595 989 περιοικίδι
1617 915 1732 967 ἑπι-

181 1002 438 1093 τείχισμα
481 1021 621 1075 κατά
678 1019 789 1072 τῶν
849 1016 1130 1082 Ῥωμαίων
1173 1012 1560 1081 κατεστήσατο,
1588 1002 1733 1059 ’ἀλλά

183 1113 403 1175 τούτους
449 1130 511 1179 γε
551 1112 677 1173 τοὺς
715 1110 928 1177 Πέρσας
972 1102 1354 1174 ὲπιθαρσύνας,
1401 1101 1495 1153 καὶ
1544 1098 1733 1168 ἑτέραν

182 1204 412 1272 δύναμιν
463 1200 736 1271 ἐμϐαλὼν,
774 1201 867 1253 καὶ⁵
907 1200 1118 1253 ἅπαντα
1159 1194 1227 1247 τά
1270 1192 1413 1263 τῇδε,
1460 1191 1536 1251 ὡς
1585 1187 1732 1256 ἐνῆν,

186 1294 611 1367 κρατυνάμενος,
647 1292 806 1346 πάλιν
826 1291 881 1354 ἐς
908 1306 966 1342 τε
989 1287 1244 1341 Κοτάῖσιν
1265 1286 1358 1337 καὶ⁵
1384 1279 1734 1351 Μουχείρισιν

189 1386 479 1454 ἐπανῆκεν.
505 1384 714 1436 Λύτίκα
738 1382 797 1434 δὲ
819 1382 957 1449 νόσῳ
980 1380 1087 1430 τινὶ
1114 1372 1473 1444 πεπιεσμένος
1505 1370 1597 1425 καὶ
1626 1370 1737 1422 δια-

186 1474 366 1536 τεθεὶς
409 1471 782 1544 χαλεπώτατα,
831 1469 893 1522 τὸ
937 1468 1034 1539 μὲν
1085 1466 1331 1519 πλεῖστον
1369 1460 1463 1516 τοῦ
1509 1457 1736 1530 στρατοῦ

189 1566 288 1620 καὶ
315 1564 691 1633 ἀλκιμώτατον
717 1559 879 1614 αὑτοῦ
915 1557 1300 1612 καταλέλοιπεν
1318 1550 1739 1622 διαφυλάξοντας

186 1660 261 1710 τά
286 1659 458 1710 οἰκεῖα
476 1659 517 1715 ί,
561 1655 721 1718 αὐτὸς
755 1654 813 1705 δὲ
850 1654 906 1715 ές
953 1649 1188 1720 Ἰϐηρίαν
1216 1647 1314 1717 τὴν
1343 1644 1527 1716 χώραν
1550 1641 1743 1713 μετῆλ-

189 1746 288 1801 θεν
304 1750 345 1799 ³.
396 1746 503 1799 Καὶ
526 1745 702 1797 τοίνυν
726 1746 783 1805 ὲς
825 1742 979 1795 πόλιν
1018 1737 1262 1810 Μεσχιθὰ
1293 1735 1434 1789 οὕτω
1471 1731 1739 1802 καλουμέ-

190 1856 291 1910 νην
320 1839 473 1909 μόλις
498 1838 755 1908 ἠγμένος,
803 1836 895 1889 καὶ
925 1836 1026 1887 οὐκ
1051 1829 1285 1900 ἐνεγκὼν
1312 1828 1373 1881 τὸ
1398 1827 1586 1889 πάθος,
1617 1824 1737 1877 τότε

187 1933 259 2001 δὴ
290 1932 545 2000 τέθνηκεν
573 1928 648 1991 ὼς
678 1925 891 1998 ἀληθῶς
923 1929 953 1979 ό
992 1922 1340 1996 Μερμερόης,
1372 1920 1513 1991 ἀνὴρ
1537 1920 1595 1971 ὲν
1626 1917 1739 1978 τοίς

192 2023 433 2093 μάλιστα
468 2023 618 2091 παρά
648 2020 877 2091 Πέρσαις
909 2016 1292 2086 γεγενημένος,
1326 2013 1421 2067 καὶ
1449 2010 1619 2071 δεινὸς
1645 2008 1741 2079 μὲν

190 2118 253 2176 ὲς
276 2112 580 2175 εὐϐουλίαν,
607 2112 821 2181 ἀριστος
844 2109 900 2162 δὲ
931 2108 999 2162 τὰ
1021 2107 1271 2176 πολέμια,
1302 2104 1395 2158 καὶ
1421 2101 1623 2172 σφόδρα
1644 2101 1742 2171 τὴν

186 2204 374 2274 ψυχὴν
405 2203 771 2272 ἀνδρειότατος
793 2218 806 2231 ·
838 2200 897 2262 ὃς
934 2199 997 2270 δὴ
1027 2197 1248 2268 γηραιὸς
1278 2194 1356 2249 ὢν
1388 2194 1509 2265 ήδη,
1554 2194 1647 2246 καὶ
1679 2193 1744 2245 ὲκ

190 2296 451 2348 πλείστου
503 2294 671 2365 ἄμφω
720 2293 795 2346 τὼ
844 2292 972 2344 πόδε
1027 2288 1439 2360 πεπηρωμένος,
1492 2285 1583 2339 καὶ
1631 2279 1744 2349 οἷος

196 2388 338 2458 μηδὲ
379 2388 462 2455 ἐφ’
510 2387 721 2440 ῖππου³
763 2384 1024 2455 ὀχεῖσθαι,
1069 2383 1217 2453 ὅμως
1261 2378 1476 2451 ἐμόχθει
1506 2378 1527 2409 ⁸
1556 2376 1745 2446 ὥσπερ

190 2498 283 2543 τις
330 2480 541 2542 νεανίας
601 2478 1062 2549 ῥωμαλεώτατος,
1116 2475 1210 2527 καὶ
1248 2474 1348 2526 οὐκ
1406 2471 1747 2539 ἀπηγόρευεν

202 2570 343 2638 πρὸς
364 2571 487 2631 τοὺς
513 2569 726 2633 πόνους,
754 2567 887 2620 ἀλλά
917 2564 1154 2636 φοράδην
1191 2565 1249 2626 ὲς
1279 2562 1378 2624 τὰς
1419 2557 1747 2631 παρατάξεις

198 2660 417 2726 ἐφοίτα,
459 2660 553 2713 καὶ⁵
592 2658 762 2730 ταύτῃ
808 2657 934 2721 τοὺς
973 2656 1072 2726 μὲν
1101 2652 1412 2716 ἐναντίους⁸
1451 2649 1749 2719 κατέπλητ-

196 2769 320 2816 τεν,
343 2752 467 2813 τοὺς
506 2750 562 2803 δὲ
602 2750 831 2812 οἰκείους
864 2746 1140 2819 παραινῶν
1178 2747 1272 2800 καὶ
1312 2742 1745 2812 ἐγκελευόμενος,

1828 554 2075 624 libusque
2117 563 2173 608 et
2207 553 2412 608 ratibus
2447 567 2569 606 enm
2604 553 2657 606 in
2689 566 2846 607 usum
2892 553 3155 610 conlectis
3185 554 3374 612 Phasi-

1825 646 1910 701 dis
1936 645 2079 713 ripas
2109 644 2361 713 iungens,
2399 657 2463 699 ac
2490 642 2650 697 veluti
2676 652 2841 713 ponte
2870 653 3138 711 sternens,
3168 647 3360 703 univer

1826 751 1947 791 sum
1976 737 2272 790 exercitum
2303 734 2583 805 intrepide,
2616 736 2843 789 nemine
2866 734 3180 803 obsistente,
3210 737 3376 807 traje-

1826 829 1921 891 cit,
1949 842 2012 882 ac
2037 828 2229 882 Persas
2253 827 2489 896 quidem,
2522 841 2661 895 quos
2687 828 2739 879 in
2770 827 3005 896 Onogori
3041 827 3261 896 locarat,
3286 845 3375 885 ca-

1829 921 2003 984 stello,
2038 922 2182 991 quod
2227 920 2341 989 ipse
2377 928 2533 975 antea
2562 919 2615 973 in
2652 919 2852 974 ditione
2892 920 3377 990 Arclizeopolitana,

1830 1022 1889 1066 ut
1918 1011 2173 1068 adversus
2192 1010 2463 1066 Romanos
2491 1010 2876 1081 propugnaculi
2899 1011 3016 1067 loco
3043 1021 3206 1077 esset,
3234 1021 3379 1068 stru-

1832 1113 2003 1167 serat,
2029 1116 2152 1156 cum
2187 1102 2478 1156 animasset
2509 1100 2873 1169 validioreque
2924 1103 3173 1171 praesidio
3196 1105 3381 1158 auxis-

1833 1205 1936 1261 set,
1973 1195 2264 1263 omniaque
2289 1192 2399 1247 illic
2421 1201 2683 1262 quantum
2728 1201 2936 1262 poterat
2973 1195 3382 1262 communisset,

1831 1285 2139 1341 Cotaesium
2166 1284 2344 1338 denuo
2365 1292 2417 1338 et
2449 1280 2777 1338 Muchirisim
2800 1298 2859 1337 se
2886 1284 3106 1352 recepit.
3148 1283 3384 1354 Repente

1832 1389 2012 1431 autem
2048 1377 2233 1430 morbo
2269 1373 2503 1445 quodam
2534 1383 2833 1443 correptus,
2869 1389 2990 1428 cum
3021 1375 3253 1443 pessime
3286 1378 3383 1432 lia-

1836 1468 2008 1532 beret,
2055 1469 2290 1522 maxima
2326 1465 2766 1535 validissimaque
2791 1467 3058 1522 exercitus
3095 1475 3267 1537 parte,
3289 1470 3383 1537 qui

1837 1573 1932 1613 sua
1962 1567 2257 1621 tuerentur,
2288 1557 2362 1612 ibi
2388 1556 2595 1621 relicta,
2628 1555 2815 1625 ipsein
2840 1555 3063 1611 lberiam
3096 1560 3383 1623 concessit,

1835 1664 2083 1721 aegreque
2111 1650 2163 1705 in
2198 1650 2452 1720 oppidum
2489 1647 2781 1703 Meschitlia
2808 1648 2878 1703 ita
2920 1648 3122 1703 dictum
3156 1650 3384 1715 delatus,

1840 1761 1961 1801 cum
1987 1747 2092 1800 vim
2126 1745 2296 1801 morbi
2322 1743 2462 1800 ferre
2485 1757 2591 1798 non
2624 1752 2820 1813 posset,
2848 1743 2921 1799 ibi
2942 1753 3054 1798 tum
3078 1744 3237 1815 113
3262 1759 3388 1800 vere

1840 1838 2051 1893 tandem
2082 1839 2221 1893 diem
2276 1837 2413 1892 obiit
2441 1834 2785 1900 Mermeroes,
2829 1835 2910 1889 vir
2942 1851 3071 1890 sane
3104 1836 3242 1891 inter
3268 1835 3390 1891 Per-

1837 1944 1928 1984 sas
1944 1926 2442 1997 praestantissimus,
2465 1926 2686 1980 maximi
2709 1925 2943 1991 consilii,
2974 1926 3158 1996 reique
3186 1926 3390 1982 bellicas

1840 2021 2225 2091 peritissimus,
2244 2017 2518 2087 animique
2534 2017 2874 2072 vehementer
2892 2018 3094 2073 strenui
3122 2038 3137 2075 :
3169 2018 3257 2089 qui
3278 2021 3391 2088 qui-

1838 2112 1959 2165 dem
1997 2125 2120 2164 cum
2165 2109 2274 2178 jam
2322 2108 2501 2179 gravis
2544 2108 2724 2171 annis,
2747 2116 2803 2162 et
2851 2122 2884 2162 a
2934 2108 3102 2163 multo
3149 2116 3393 2179 tempore

1843 2210 2077 2273 utroque
2103 2204 2238 2272 pede
2258 2202 2484 2257 claudus
2522 2209 2686 2267 esset,
2717 2215 2891 2271 neque
2918 2200 3160 2270 equitare
3190 2210 3391 2271 posset,

1842 2297 2120 2353 laboribus
2167 2306 2347 2352 tamen
2379 2297 2603 2367 perinde
2648 2310 2712 2351 ac
2754 2295 3167 2352 robustissimus
3198 2296 3393 2367 aliquis

1838 2388 2056 2459 juvenis
2083 2387 2340 2466 vacabat,
2391 2401 2566 2455 neque
2610 2387 2750 2440 ullos
2780 2384 2992 2441 labores
3021 2386 3392 2456 detrectabat;

1845 2480 1941 2534 sed
1972 2479 2157 2536 lectica
2177 2489 2417 2548 gestatus
2451 2478 2503 2532 in
2533 2478 2705 2532 aciem
2730 2477 2997 2547 prodibat,
3031 2492 3203 2548 eaque
3230 2480 3398 2535 ratiu-

1846 2587 1915 2626 ne
1938 2582 1996 2627 ct
2022 2572 2269 2628 hostibus
2302 2580 2560 2627 terrorem
2591 2570 2879 2635 incutiens,
2905 2578 2959 2625 et
2991 2584 3121 2626 suos
3146 2570 3397 2628 animans

1845 2674 2008 2735 atque
2036 2664 2367 2730 exhortans;
2398 2678 2625 2734 quaeque
2652 2661 2794 2718 laeto
2829 2676 2966 2731 opus
2991 2672 3107 2717 erat
3128 2671 3272 2718 recte
3299 2662 3399 2718 ad-

1848 2756 2184 2821 ministrans,
2224 2756 2424 2811 multas
2472 2756 2656 2810 retulit
2706 2754 2991 2818 victorias;
3045 2769 3216 2825 usque
3261 2755 3399 2811 adeo

201 2848 301 2896 καὶ
335 2845 402 2898 τὰ
430 2844 671 2914 πρακτέα
694 2842 866 2913 ὀρθῶς
893 2840 1210 2902 διατάττων,
1234 2836 1435 2899 πολλὰς
1459 2835 1753 2903 ἀνεδήσατο
1850 2864 1864 2897 ι

1733 2850 1753 2885 ⁵
1850 2850 2026 2904 virtus
2056 2848 2399 2917 imperatoria
2423 2863 2527 2902 non
2558 2847 2801 2917 corporis
2818 2846 2996 2900 robori
3026 2846 3205 2916 potius
3235 2862 3396 2916 quam

199 2938 379 2998 νίκας.
408 2935 593 2998 Οὕτως
626 2935 733 3005 ἄρα
762 2936 822 2987 τὸ
850 2935 1170 3003 στρατηγεῖν
1199 2930 1262 2983 ού
1294 2927 1540 2997 σώματος
1570 2925 1751 2997 ῥώμῃ,
1853 2957 1862 3010 1

1736 2964 1751 2989 ν
1853 2940 2149 3010 prudentiae
2175 2950 2258 2995 est
2290 2939 2631 2995 ascribenda.
2653 2938 2806 2993 Tunc
2838 2939 3027 3008 utique
3057 2938 3399 2994 demortuum

199 3028 408 3097 μᾶλλον
443 3025 545 3096 μὲν
586 3022 679 3080 οὖν
706 3026 962 3095 φρονήσει
1007 3023 1206 3077 δοτέον.
1240 3021 1370 3074 Τότε
1406 3020 1469 3092 δὴ
1504 3020 1564 3073 τὸ
1598 3019 1755 3088 σῶμα
1853 3031 1862 3085 1

1739 3035 1755 3070 ι
1853 3031 2166 3089 Mermerois
2192 3047 2393 3103 corpus
2432 3032 2603 3102 ipsius
2650 3022 2947 3086 familiares
2981 3031 3178 3085 elatum
3217 3040 3402 3086 extra-

198 3116 299 3168 τοῦ
330 3115 650 3185 Μερμερόου
678 3115 727 3167 οὶ
755 3113 892 3184 ἀμφ’
917 3113 1077 3166 αὐτὸν
1106 3111 1435 3179 ἀνελόμενοι,
1472 3110 1566 3161 καὶ
1595 3108 1751 3171 ὲκτός
1775 3129 1819 3187 c
1852 3142 1861 3178 ε

1740 3125 1819 3187 FC
1852 3140 1957 3193 que
2000 3126 2259 3196 oppidum
2291 3126 2625 3196 deportatum
2657 3124 2831 3179 solum
2871 3125 2944 3177 ita
2983 3137 3045 3177 ac
3078 3123 3280 3177 nudum
3311 3136 3403 3192 pa-

200 3224 311 3259 που
335 3206 428 3259 τοῦ
461 3206 649 3270 ἀστεος
686 3203 1138 3274 ἀποκομίσαντες,
1172 3200 1313 3256 οὕτω
1350 3201 1414 3270 δὴ
1455 3200 1660 3270 ἔρημόν
1692 3217 1749 3253 τε
1852 3226 1863 3271 ι

1740 3218 1749 3253 ⁵
1852 3218 1957 3272 trio
1983 3217 2088 3272 ritu
2121 3217 2345 3273 canibus
2368 3217 2566 3287 pariter
2586 3224 2748 3285 atque
2775 3215 2964 3269 avibus
2987 3214 3238 3269 obscenis
3259 3229 3403 3284 quas.

198 3301 302 3351 καὶ
326 3298 633 3352 ἀκάλυπτον
672 3297 813 3350 κατὰ
838 3298 926 3359 τὸν
962 3296 1187 3365 πάτριον
1210 3295 1391 3348 ἔθεντο
1414 3293 1596 3363 νόμον,
1628 3292 1751 3345 κυσί
1849 3326 1861 3363 ε

1741 3292 1751 3345 ί
1849 3324 1957 3378 que
1991 3310 2342 3364 cadaveribus
2385 3319 2709 3379 pascuntur,
2734 3306 3095 3363 devorandum
3141 3321 3404 3377 exposue-

204 3408 267 3444 τε
300 3390 415 3458 ἃμα
442 3390 534 3442 καὶ
556 3389 662 3441 τῶν
690 3389 892 3461 όρνέων
920 3390 1031 3451 τοῖς
1055 3389 1156 3441 ὅσα
1183 3386 1356 3458 μιαρά
1382 3387 1476 3440 καὶ
1503 3385 1754 3455 νεκροϐό-

197 3500 282 3553 pa.
301 3484 348 3547 ⁸,
379 3482 752 3553 παρανάλωμα
780 3481 1163 3551 γενησόμενον.

276 3584 382 3645 κγ’.
411 3573 537 3630 ’Ὧδε
571 3577 720 3649 γάρτ
747 3579 815 3630 τά
853 3580 909 3641 ὲς
947 3580 1045 3648 τὴν
1069 3577 1243 3650 ταφὴν
1274 3578 1326 3631 οί
1366 3579 1570 3648 Πέρσαι
1606 3576 1756 3648 νομί-

196 3671 381 3732 ζουσι,
417 3666 588 3737 ταύτῃ
627 3684 687 3720 τε
724 3667 830 3720 τῶν
870 3666 1085 3739 σαρκῶν
1116 3667 1548 3739 ἀφαιρουμένων,
1575 3665 1757 3737 γυμνά

195 3760 274 3830 δὴ
300 3759 369 3813 τὰ
395 3760 526 3813 όστᾶ
560 3760 786 3812 πύθεται
820 3759 1091 3830 σποράδην
1128 3762 1233 3814 ἀνὰ
1260 3762 1327 3814 τά
1354 3761 1512 3814 πεδία
1536 3762 1758 3830 περιερ-

198 3849 470 3922 ριμμένα.
495 3850 647 3920 Θήκῃ
670 3850 777 3918 γάρ
805 3865 909 3901 τινι
929 3850 1181 3919 ἐμϐαλεῖν
1203 3851 1236 3921 ἢ
1258 3851 1489 3921 λάρνακι
1526 3852 1650 3912 τοὺς
1672 3867 1758 3902 τε-

193 3942 466 4004 θνεῶτας,
507 3941 663 4013 ἢκαὶ
704 3946 771 4013 τῇ
813 3947 883 4015 γῇ
923 3943 1325 4015 καταχωννύναι
1361 3944 1562 4014 ἣκιστα
1600 3943 1758 4012 θέμις

196 4035 413 4097 αὐτοῖς.
456 4035 566 4102 Ἐφ’
589 4036 694 4107 ὅτῳ
712 4036 767 4089 δὲ
786 4036 851 4091 ἂν
875 4036 1087 4106 σώματι
1118 4038 1191 4107 μὴ
1215 4035 1405 4089 θᾶττον
1427 4037 1757 4089 καταπταῑεν

194 4126 261 4177 κοί
289 4124 461 4195 ὅρνις,
504 4125 536 4195 ἢ
580 4127 627 4179 oi
660 4126 818 4189 κύνες
844 4127 943 4181 οὐκ
990 4128 1188 4180 αὐτίκα
1234 4126 1615 4194 ἐπιφοιτῶντες
1645 4125 1760 4178 δια-

196 4217 570 4287 σπαράξαιεν,
599 4218 784 4272 τοῦτον
816 4220 881 4289 δὴ
923 4220 1182 4291 ἡγοῦνται
1216 4220 1307 4272 τὸν
1355 4218 1633 4290 ἄνθρωπον
1679 4218 1760 4286 βέ-

196 4309 376 4379 ϐηλον
400 4311 675 4377 γεγονέναι
696 4311 821 4373 τοὺς
850 4311 1103 4381 τρόπους,
1139 4312 1234 4364 καὶ
1259 4310 1356 4381 τήν
1381 4308 1555 4380 ψυχὴν
1577 4309 1759 4363 ἄδικον

201 4402 309 4455 καὶ
359 4400 701 4472 βαραθρώδη,
744 4402 838 4456 καὶ
877 4402 955 4472 τῷ
992 4402 1145 4473 κακῷ
1191 4404 1401 4473 δαίμονι
1448 4401 1754 4471 ἀνειμένην.

196 4495 348 4547 Τότε
378 4494 441 4564 δὴ
479 4490 572 4548 οὖν
608 4495 700 4547 καὶ
732 4495 927 4565 μᾶλλον
962 4496 1011 4548 oi.
1047 4496 1341 4566 ἐπιτήδειοι
1385 4495 1477 4548 τὸν
1515 4494 1759 4564 κείμενον

196 4586 584 4657 ὀλοφύρονται,
614 4584 688 4649 ὡς
715 4585 1017 4639 τελεώτατα
1039 4585 1357 4656 τεθνηκότα,
1388 4587 1483 4639 καὶ
1507 4586 1571 4638 ού
1604 4584 1762 4653 μετὸν

203 4678 364 4747 αὐτῷ
383 4678 483 4749 τῆς
514 4678 815 4749 κρείττονος
847 4678 1061 4749 μοίρας.
1092 4680 1187 4741 ’³ος
1204 4678 1261 4731 δὲ
1277 4678 1299 4709 ⁸
1320 4676 1385 4730 ἂν
1412 4678 1641 4747 τάχιστα
1663 4693 1761 4730 καο

200 4769 543 4840 ταϐρωθείη,
592 4768 947 4839 μακαρίζουσι
989 4770 1090 4840 τῆς
1119 4769 1459 4839 εὐδαιμονίας
1481 4807 1499 4833 ,
1541 4770 1637 4822 καὶ
1668 4768 1766 4838 τὴν

200 4863 392 4934 ψυχὴν
422 4862 793 4932 ὑπεράγανται
822 4861 898 4923 ὡς
929 4861 1050 4913 λίαν
1075 4859 1302 4931 ἀρίστην
1338 4861 1432 4913 καὶ
1471 4860 1766 4914 θεοείκελον

203 4956 310 5007 καὶ
337 4953 396 5016 ές
424 4954 515 5005 τὸν
542 4953 635 5006 τοῦ
662 4952 866 5022 ἀγαθοῦ
887 4951 969 5025 [Ρ.
996 4952 1087 5023 61]
1106 4952 1309 5024 ’χῶρον
1337 4953 1764 5024 ἀναϐησομένην.

200 5047 276 5098 Oi
316 5044 375 5097 δὲ
416 5044 596 5099 πολλοὶ
640 5047 733 5099 καὶ
759 5046 1087 5115 ἀσημότεροι
1123 5046 1176 5099 εί
1198 5063 1298 5098 που
1330 5047 1387 5099 ἐν
1422 5046 1767 5123 στρατοπέδῳ

1788 4453 1836 4512 D

1852 3404 2000 3456 runt.

1918 3582 2011 3638 25.
2042 3580 2195 3637 Hunc
2222 3581 2365 3635 enim
2390 3577 2680 3649 sepeliendi
2711 3589 2916 3631 morem
2943 3574 3237 3630 observant
3274 3572 3401 3629 Per-

1853 3689 1947 3741 sae,
1977 3684 2140 3744 atque
2171 3673 2274 3727 hac
2304 3672 2507 3726 ratione
2525 3669 2821 3737 absumptis
2838 3668 3114 3731 carnibus,
3146 3665 3287 3721 nuda
3314 3681 3407 3722 os-

1853 3783 1915 3824 sa
1940 3767 2169 3838 sparsim
2208 3780 2302 3835 per
2327 3779 2548 3830 campos
2583 3762 2820 3832 projecta
2856 3767 3190 3829 putrescunt.
3230 3756 3287 3813 In
3317 3773 3409 3813 ca-

1856 3876 1950 3931 psa
1966 3861 2109 3915 enim
2144 3859 2323 3927 aliqua
2367 3856 2449 3911 vel
2484 3856 2661 3910 loculo
2693 3853 2922 3908 condere
2955 3852 3035 3906 vel
3074 3851 3235 3905 etiam
3265 3860 3406 3906 terra

1854 3952 2189 4008 obtumulare
2211 3949 2521 4019 neutiquam
2543 3946 2625 4002 fas
2643 3954 2745 4002 est.
2768 3943 3081 4014 Cuicunque
3103 3957 3230 3997 vero
3246 3943 3407 3997 cada-

1857 4045 1964 4100 veri
1986 4060 2091 4098 non
2107 4044 2286 4098 statim
2308 4042 2375 4096 ad
2384 4040 2607 4097 velarint
2624 4052 2767 4103 aves,
2784 4037 2866 4090 vel
2881 4047 3225 4091 accurrentes
3241 4047 3408 4089 canes

1858 4151 1964 4190 non
2009 4134 2153 4189 illico
2177 4131 2505 4196 dilaniarint,
2534 4130 2677 4185 illius
2700 4127 2933 4182 hominis
2964 4128 3204 4195 impuros
3236 4124 3407 4181 fuisse

1858 4241 2034 4282 mores
2063 4225 2307 4288 credunt,
2333 4222 2679 4291 animumque
2708 4218 2963 4289 iniustum
2993 4216 3150 4288 114
3171 4227 3225 4271 et
3251 4216 3408 4271 bara-

1859 4319 1981 4372 thro
1995 4317 2232 4387 dignum,
2259 4315 2506 4383 maloque
2537 4310 2768 4367 (ιπηιοηί
2791 4310 3046 4365 dicatum.
3074 4307 3209 4361 Tum
3230 4319 3393 4375 porro

1860 4418 1913 4465 et
1935 4408 2150 4479 quidem
2180 4405 2350 4476 magis
2375 4403 2665 4458 necessarii
2686 4411 2846 4470 atque
2866 4399 3022 4455 amici
3040 4398 3302 4466 jacentem
3323 4395 3407 4450 lu-

1865 4508 1988 4570 gent
2025 4497 2378 4565 lamentisque
2409 4504 2820 4563 prosequuntur,
2874 4500 2933 4545 ut
2966 4490 3175 4560 penitus
3225 4500 3405 4542 emor-

1866 4602 2016 4649 tuum
2043 4606 2214 4661 neque
2247 4589 2483 4645 melioris
2500 4586 2593 4642 fati
2615 4585 2947 4656 participem.
2972 4580 3073 4649 Qui
3094 4595 3219 4636 vero
3239 4593 3405 4649 quam

1864 4684 2125 4739 citissime
2160 4683 2448 4737 devoratus
2475 4677 2654 4741 fuerit,
2684 4675 3054 4731 felicissimum
3091 4669 3405 4740 pmdicant,

1865 4779 2091 4847 ejusque
2115 4777 2348 4829 animam
2372 4786 2586 4827 summa
2612 4768 2963 4825 admiratione
2989 4768 3409 4835 prosequuntur,

1871 4878 1929 4924 ut
1950 4870 2106 4938 longe
2132 4864 2632 4937 praestantissimam
2658 4869 2713 4916 et
2735 4859 2845 4914 Deo
2868 4856 3097 4915 similem
3130 4862 3183 4908 et
3208 4852 3261 4906 in
3287 4852 3413 4906 bea-

1870 4969 1952 5015 tas
1986 4960 2140 5015 sedes
2176 4958 2528 5012 evolaturam.
2555 4951 2868 5009 Promiscua
2899 4960 3028 5001 vero
3055 4951 3109 4998 et
3133 4939 3413 4998 obscurior

1868 5051 2050 5117 turba,
2080 5048 2255 5105 sicubi
2290 5047 2344 5103 in
2376 5045 2616 5102 exercitu
2648 5040 2967 5114 gravissimo
3017 5036 3197 5105 aliquo
3223 5032 3411 5089 morbo

1473 5231 1703 5289 VARUE
1734 5228 2135 5289 LECTIONES.

246 5443 258 5454 _
286 5372 332 5403 "
370 5368 545 5451 ξύλοις
580 5370 639 5451 δε
676 5370 1043 5454 καὶάκάτοις,
1082 5370 1117 5424 ἃ
1144 5370 1206 5440 δὴ
1235 5370 1301 5434 Β,
1331 5370 1493 5442 intpr,
1532 5372 1708 5441 parvis
1734 5372 2023 5443 nasigiis—
2037 5367 2271 5423 cratibut
2320 5365 2610 5459 pluteisque
2657 5359 2915 5430 superimp

246 5457 457 5491 rnas—
497 5450 705 5491 mnam-
746 5439 874 5491 ξύλα
920 5440 976 5491 δὲ
1025 5443 1117 5491 καὶ
1158 5442 1408 5491 ἀκάτους.
1462 5441 1517 5491 αἳ
1570 5442 1633 5491 δὴ
1700 5444 1843 5491 vuln.
1900 5440 2220 5491 ἐπεποίηντο
2256 5436 2331 5491 Β.
2365 5449 2659 5491 πεποιηντο
2711 5430 2853 5491 vulg.

196 5430 457 5510 ripas;—
485 5430 705 5511 jamgit.,
746 5439 874 5505 ξύλα
920 5440 976 5493 δὲ
1005 5430 1117 5494 ’καὶ
1158 5430 1429 5503 ἀκάτους.’
1462 5430 1543 5495 αἶ’
1570 5442 1635 5512 δὴ
1700 5430 1877 5513 νυΙε.’
1900 5440 2220 5509 ἐπεποίηντο
2256 5430 2331 5500 ιι,
2365 5430 2659 5504 πεποίηντο
2711 5430 2853 5498 vulg.

196 5508 517 5574 διεϐίϐαζεν
562 5512 702 5581 vulg.
760 5511 822 5581 ᾲ⁹ν⁹
872 5510 1176 5581 ᾮνόγουριν
1211 5511 1337 5581 llet
1362 5512 1546 5581 intpr.,
1580 5512 1917 5581 Ὀνούγουριν
1945 5510 2102 5581 νυιίς.Δ
2162 5510 2178 5581 ξ
2212 5506 2305 5581 κα]
2325 5503 2613 5581 οίκείακιῖτ.
2656 5503 2675 5532 ³
2709 5501 2788 5553 Ad
2819 5516 2853 5569 μ

189 5508 517 5574 διεϐίϐαζεν
562 5508 702 5580 vulg.

2918 5357 3061 5473 3:51;:
3088 5350 3407 5473 ,BmPhqsidlis

3042 5442 3085 5473 ιε
3179 5440 3248 5473 ασ
3279 5439 3306 5473 ν
3396 5460 3407 5473 .

2162 5455 2220 5489 το
2256 5425 2333 5500 Β,
2365 5425 2659 5504 πεποίηντο
2711 5425 2853 5498 vulg.
2882 5425 2891 5428 ⁷
2925 5428 2970 5461 ’⁸
3009 5425 3306 5480 διεϐίϐασεν
3344 5425 3411 5483 ις,

2162 5510 2178 5538 ⁸
2212 5506 2305 5559 καὶ
2325 5506 2498 5558 οἰκεῖα
2521 5503 2582 5557 R.
2656 5503 2675 5532 ³
2709 5501 2788 5553 Ad
2819 5495 3078 5569 μετῆλθεν
3252 5494 3411 5569 intpr.

189 5561 532 5635 Eh'hiber'n'd.
575 5561 817 5650 Μεῖάιθά
874 5561 953 5651 Β,
971 5561 1756 5651 Μίεῶιίιαῗἱιιὶρῖἷθίεσῇισθά
2163 5579 2246 5645 ἐφ’
2274 5576 2440 5651 {mror}
2485 5571 2635 5651 Sui-tl.
2666 5586 2733 5651 ελ
2749 5586 2799 5622 v.
2820 5561 3074 5651 ’γηραιός
3102 5561 3415 5651 misit???

300 5631 551 5720 satiante
576 5631 589 5633 _
613 5631 862 5705 obiectu.
1443 5631 2247 5720 B'."viiiééiiioﬁipaaéégéargic
2271 5642 2647 5720 BJJsvavriov
2693 5638 2762 5720 Β,
2790 5631 3252 5720 κατέπλιῃτειξβιξιο
3285 5631 3413 5720 Ῥ

188 5721 328 5779 τοῖς
366 5718 426 5771 δὲ
465 5720 679 5780 οἰκείοις
721 5720 786 5774 ιι.
863 5722 884 5751 ⁸
912 5718 1215 5790 σαρκοϐόρα
1252 5720 1379 5790 legit
1438 5723 1604 5791 iutpr.
1638 5740 1652 5776 :

190 5790 365 5841 s‘ulu-
443 5791 464 5821 ’
502 5789 581 5841 Ad
597 5789 689 5841 τοῦ
714 5788 917 5841 ἀγαθοῦ
939 5790 1072 5841 Bon.
1101 5788 1256 5841 γυιο.
1291 5790 1540 5841 δαίιιονος
1563 5790 1652 5841 adt

190 5807 365 5857 τως.

1700 5710 2014 5774 sarcdtvoris.
2087 5718 2107 5748 "
2140 5716 2244 5786 γάρ
2268 5714 2314 5768 R
2350 5713 2477 5785 (CL)
2498 5751 2513 5776 ,
2547 5711 2637 5765 καὶ
2675 5710 2815 5779 vulg.

443 5791 464 5821 ³
502 5789 581 5843 Ad
597 5789 689 5842 τοῦ
714 5788 917 5857 ἀγαθοῦ
939 5788 1072 5845 Bon.
1101 5788 1256 5847 γοιο.
1291 5788 1540 5862 δαίμονος
1563 5790 1868 5847 addendum
1886 5788 2157 5844 censebat.

2924 5702 3305 5770 caestum
3360 5704 3416 5757 δὲ
