4212 6438
176 394 303 460 1381

1344 394 1879 457 IIISTORIARUM
1920 397 2150 458 LIBER
2182 398 2262 459 ΙΙ.

3280 398 3412 466 1382

176 524 304 561 ποτε
342 504 644 574 Σεμίραμιν
673 504 772 571 τὴν
813 505 952 558 πάνυ
986 504 1084 578 τὴν
1129 506 1417 576 Ἀσσυρίαν
1458 509 1537 569 εἰς
1592 507 1746 560 τοῦτο
1773 517 1815 571 Α

1773 517 1815 571 Α
1845 522 2084 577 nanque
2126 523 2377 576 magnam
2425 506 2571 560 illam
2621 504 2969 561 Semiramim
3024 506 3304 579 Assyriam
3345 530 3411 568 eo

173 596 437 665 ἀκρασίας
464 595 731 663 ὴγμένην,
755 599 829 658 ὡς
859 596 1033 667 Νινύα
1060 596 1138 665 τῷ
1160 596 1311 651 παιδὶ
1334 596 1587 667 ἐθελῆσαι
1618 596 1741 660 ξυν-

175 686 351 740 ελθεῖν
384 686 444 749 ἐς
471 685 663 750 ταυτδ,
695 686 789 739 καὶ
820 686 918 757 ἤδη
950 689 1146 758 πειρᾷν
1164 687 1255 741 τὸν
1277 688 1525 742 νεανίαν
1564 687 1655 739 τὸν
1685 687 1743 741 δὲ

172 775 553 847 ἁπανήσασθαι
580 778 676 831 καὶ
708 778 1026 850 χαλεπῆναι,
1057 780 1152 832 καὶ
1174 780 1529 845 τελευτῶντα,
1551 778 1742 850 ἐπειδὴ

171 865 341 936 αὐτὴν
363 865 509 937 ἑώρα
533 866 907 935 σφαδάζουσαν
935 867 1028 921 καὶ
1060 870 1401 939 ὲγκειμένην,
1425 870 1741 923 ἀποκτεῖναί

168 975 231 1011 τε
266 956 363 1027 τὴν
389 956 619 1027 μητέρα,
648 958 741 1011 καὶ
769 958 886 1012 τόδε
917 958 978 1011 τὸ
1018 958 1151 1028 ἄγος
1173 959 1289 1013 ἀντ’
1317 959 1523 1012 ἐκείνου
1548 959 1595 993 ⁸⁵
1620 959 1740 1013 ἐλέ-

170 1044 317 1098 σθαι.
350 1044 541 1098 Καίτοι
564 1047 614 1098 εί
644 1046 792 1118 νόμῳ
826 1047 999 1102 ταῦτα
1033 1051 1233 1117 ἐφεῖτο,
1266 1050 1366 1102 οὐκ
1401 1048 1488 1113 ἃν,
1516 1044 1689 1120 οἶμαι,
1714 1052 1743 1104 ὁ

169 1136 373 1200 Νινύας
398 1138 455 1201 ὲς
482 1137 601 1191 τόδε
621 1138 901 1209 ὠμότητος
925 1141 1032 1211 ᾔει.
1064 1143 1173 1195 Καὶ
1200 1142 1251 1195 τί
1281 1142 1362 1195 δεῖ
1385 1142 1456 1197 τὰ
1484 1141 1603 1196 λίαν
1635 1159 1742 1197 πα-

168 1228 399 1283 λαίτατα
426 1228 645 1299 λέγεινς
697 1232 891 1304 Ὀλίγῳ
915 1234 1026 1304 γὰρ
1063 1233 1375 1305 ἔμπροσθεν
1415 1236 1523 1289 τῶν
1552 1235 1741 1289 Μακε-

166 1320 395 1375 δονικῶν
426 1324 519 1375 καὶ
544 1326 645 1394 τῆς
671 1323 780 1377 τῶν
809 1325 1033 1397 Περσῶν
1054 1325 1421 1393 καταλύσεως,
1459 1327 1743 1400 Ἀρταξέρο

167 1412 273 1484 ξην
298 1413 431 1482 φασὶ
482 1414 574 1467 τὸν
618 1416 870 1486 Δαρείου,
919 1418 1291 1489 Παρυσάτιδος
1338 1421 1437 1491 τῆς
1479 1420 1739 1492 μητρδςιι

165 1503 531 1574 παραπλήσια
550 1508 617 1577 τῇ
647 1508 974 1579 Σεμιράμιδι
1018 1507 1295 1577 παθούσης
1312 1510 1378 1574 ⁸⁸,
1421 1512 1518 1565 καὶ
1542 1511 1737 1581 ξυγγε-

164 1596 353 1650 νέσθαι
375 1598 424 1649 οί
462 1597 700 1670 ίεμένης,
721 1599 1035 1653 ἀποκτεῖναι
1071 1601 1170 1672 μὲν
1200 1601 1366 1674 αὐτὴν
1392 1603 1612 1673 ἥκιστα,
1640 1606 1736 1658 ικ-

166 1687 423 1741 κλίναιδὲ
459 1691 608 1760 ὅμως
643 1689 740 1756 ξὺν
766 1691 903 1763 ὀργῇ
944 1694 1037 1746 καὶ
1077 1694 1490 1757 ἀποσείσασθαι.
1523 1695 1599 1761 ῶς
1641 1698 1739 1767 οὐχ

162 1780 316 1835 ὅσιον
355 1783 416 1836 ὃν
458 1783 614 1836 τοῦτό
642 1800 728 1853 γε,
769 1784 889 1839 οὐδὲ
931 1786 1179 1858 πάτριον,
1209 1787 1330 1840 οὐδὲ
1361 1786 1440 1858 τῷ
1482 1787 1580 1859 βίῳ
1620 1788 1739 1856 ξυν-

1842 597 2251 653 ἰιιοοιιιίηεηιίω
2268 599 2506 664 venisse,
2542 606 2600 651 ut
2632 611 2755 651 cum
2786 597 2901 653 ﬁlio
2943 613 3046 654 suo
3082 597 3255 671 Ninya
3279 617 3409 656 con-

1841 690 1993 758 gredi
2031 689 2288 754 voluerit,
2329 699 2494 759 atque
2552 688 2689 744 adeo
2742 687 3000 757 juvenem
3052 690 3408 757 sollicitasse;

1842 778 1995 834 illum
2025 794 2179 839 .vero
2225 794 2512 837 recusasse
2548 781 2880 850 molesteque
2923 783 3146 849 tulisse;
3192 784 3409 839 tandem

1847 883 1979 925 vero
2005 880 2387 944 cum‘matrem
2411 871 2656 928 libidinis
2683 871 3056 943 impatientem
3099 885 3408 944 urgentem-

1838 976 1947 1032 que
1975 938 2241 1029 cerneret,
2276 978 2397 1017 eam
2423 964 2782 1030 interfecisse,
2814 974 2870 1021 et
2901 965 3005 1021 hoc
3030 966 3213 1036 potius
3243 983 3406 1035 quam

1838 1053 2072 1109 alterum
2111 1054 2239 1109 illud
2270 1060 2452 1111 scelus
2480 1065 2794 1125 perpetrare
2836 1057 3116 1113 maluisse.
3168 1057 3328 1126 Atqui
3359 1059 3406 1113 si

1838 1143 1957 1215 lege
1992 1145 2107 1199 haec
2135 1146 2404 1215 permissa
2429 1145 2681 1213 fuissent,
2731 1162 3097 1218 nequaquam,
3151 1149 3231 1203 uti
3258 1147 3407 1203 arbi-

1838 1244 1974 1300 tror,
1999 1234 2203 1306 Ninyas
2233 1251 2301 1292 eo
2338 1237 2674 1293 crudelitatis
2708 1238 2962 1293 venisset.
2996 1238 3098 1295 Sed
3128 1239 3258 1309 quid
3281 1240 3409 1294 atti-

1838 1332 1934 1379 net
1992 1323 2107 1379 hazc
2142 1339 2405 1394 perquam
2459 1334 2672 1380 vetusta
2720 1328 3189 1383 commemorare?
3236 1329 3406 1383 Panlo

1839 1411 1987 1467 enim
2021 1422 2146 1483 post
2191 1412 2537 1469 Macedonica
2574 1424 2819 1485 tempora
2852 1425 2907 1469 et
2935 1413 3222 1471 Persarum
3248 1432 3404 1471 ever-

1836 1504 2050 1561 sionem
2098 1506 2252 1559 aiunt
2306 1506 2687 1572 Artaxerxem,
2738 1507 2885 1563 Darii
2926 1509 3119 1573 lilium,
3175 1518 3400 1564 matrem

1836 1614 1991 1654 suam
2022 1597 2413 1669 Parysatidem,
2467 1614 2590 1652 eum
2638 1598 2838 1663 eidem,
2896 1615 3007 1669 quo
3062 1600 3402 1667 Semiramis,

1836 1688 1982 1743 malo
2026 1688 2284 1755 obnoxia,
2328 1704 2442 1744 rem
2486 1690 2644 1760 117
2686 1705 2870 1746 secum
2920 1690 3117 1747 Lubere
3162 1705 3402 1763 cuperet,

1837 1795 1944 1835 non
1964 1781 2183 1852 quidem
2218 1796 2469 1848 necasse,
2497 1783 2803 1839 declinasse
2843 1793 3023 1839 tamen
3054 1783 3312 1841 iracunde
3338 1800 3405 1842 ac

164 1871 494 1945 ειθισμένον.
545 1875 782 1947 Πέρσαις
817 1876 875 1930 δὲ
911 1879 1025 1941 τοῖς
1058 1876 1153 1931 νῦν
1189 1878 1257 1931 τὰ
1288 1878 1389 1949 μὲν
1428 1880 1668 1952 πρότερα
1692 1882 1737 1913 ’⁷
1770 1876 1813 1932 Β

1736 1884 1737 1889 ‘
1770 1876 1813 1932 Β
1840 1868 2129 1939 reiecisse,
2169 1872 2313 1941 quod
2374 1886 2549 1941 neque
2599 1872 2749 1942 piunt
2794 1871 2847 1927 id
2905 1881 3070 1937 esset,
3102 1889 3276 1945 neque
3303 1891 3399 1945 pa-

164 1963 267 2034 ἔθη
300 1965 484 2035 σχεδόν
502 1984 554 2020 τι
580 1966 790 2021 ἅπαντα
816 1970 1071 2039 παρεῖται
1102 1968 1296 2041 ἀμέλει
1324 1969 1417 2024 καὶ
1436 1972 1734 2041 ἀνατέτρα-

162 2071 322 2119 πται,
348 2057 576 2121 ἀλλοίοις
596 2058 651 2111 es
683 2076 794 2113 τισι
824 2060 919 2114 καὶ⁵
938 2054 1048 2114 οἷον
1073 2062 1475 2133 νενοθευμένοις
1497 2063 1733 2133 χρῶνται

162 2150 439 2221 νομίμοις,
476 2152 541 2204 ὲκ
565 2150 673 2204 τῶν
700 2152 1055 2225 Ζωροάστρου
1067 2151 1113 2184 ⁸⁸
1140 2152 1233 2207 τοῦ
1280 2155 1624 2226 Ὀρμάσδεως
1650 2155 1724 2209 δια

158 2242 460 2313 δαγμάτων
476 2243 965 2315 κατακηληθέντες.
986 2239 1153 2310 Οὗτος
1171 2247 1229 2300 δὲ
1246 2248 1275 2300 ὀ
1298 2248 1648 2320 Ζωρόαστρος
1664 2250 1729 2313 ”,

161 2334 285 2405 ἦτοι
340 2334 587 2407 Ζαράδης
624 2335 793 2407 (διττὴ
822 2335 932 2408 γάρ
984 2338 1071 2391 ἐπ’
1122 2338 1271 2409 αὐτῷ
1320 2341 1354 2409 ἠ
1403 2340 1729 2411 ἐπωνυμία),

160 2424 404 2496 ὁπηνίκα
451 2425 549 2496 μὲν
585 2425 836 2497 ἤκμασεν
872 2426 971 2497 τὴν
1007 2427 1200 2499 ἀρχὴν,
1233 2430 1329 2484 καὶ
1370 2431 1496 2494 τοὺς
1537 2430 1734 2501 νόμους

163 2516 341 2578 ἔθετο,
370 2515 469 2570 οὐκ
498 2515 672 2571 ἔνεστι
700 2518 883 2588 σαφῶς
914 2519 1225 2589 διαγνῶναι.
1258 2522 1464 2593 Πέρσαι
1484 2522 1542 2576 δὲ
1572 2523 1732 2577 αὑτὸν

160 2610 215 2661 ot
236 2608 332 2661 νῦν
353 2608 446 2662 ἐπὶ
478 2610 797 2665 ’Υστάσπεω
817 2651 835 2676 ,
868 2612 1009 2667 οὕτω
1041 2614 1104 2685 δή
1146 2632 1201 2668 τι
1236 2616 1421 2680 ἀπλῶς
1467 2632 1599 2685 φασι
1635 2633 1732 2686 γε·

161 2700 404 2767 γονέναι,
429 2700 504 2766 ῶς
524 2700 642 2755 λίαν
661 2703 1079 2772 ἀμφιγνοεῖσθαι
1107 2706 1201 2758 καὶ
1227 2706 1326 2760 οὐκ
1359 2703 1497 2761 εἶναι
1518 2707 1727 2777 μαθεῖν.

165 2792 401 2863 πότερον
427 2794 650 2865 Δαρείου
685 2796 888 2866 πατὴρ,
922 2796 1030 2849 εἴτε
1056 2798 1151 2853 καὶ
1181 2797 1340 2863 ἀλλος
1368 2792 1523 2862 οὗτος
1548 2800 1731 2871 ὑπῆρ-

162 2898 265 2952 χεν
306 2884 636 2957 Ὑστάσπης.
677 2885 793 2955 Ἐφ’
835 2888 940 2957 ὅτῳ
971 2888 1029 2941 δ’
1054 2887 1120 2941 ἂν
1170 2891 1263 2943 καί
1299 2890 1499 2961 ἧνθησε
1534 2892 1729 2962 χρόνῳ,

164 2974 457 3045 ύφηγητὴς
482 2976 665 3038 αὐτοῖς
686 2976 914 3043 ἐκεῖνος,
947 2980 1039 3031 καὶ
1066 2979 1396 3051 καθηγεμὼν
1435 2982 1537 3050 τῆς
1570 3000 1732 3053 μαγι-

162 3066 273 3137 κῆς
301 3066 523 3136 γέγονεν
545 3068 845 3136 ἁγιστείας,
889 3070 984 3124 καὶ
1021 3072 1193 3135 αὐτὰς
1223 3073 1289 3143 δὴ
1320 3074 1421 3137 τὰς
1462 3075 1733 3147 προτέρας

163 3156 483 3249 ἱερουργίας
522 3157 782 3228 ἀμείψας,
830 3164 1136 3249 παμμιγείς
1173 3177 1326 3226 τινας
1359 3164 1452 3217 καὶ
1483 3164 1729 3229 ποικίλας

1836 1961 2025 2028 trium,
2059 1975 2236 2031 neque
2269 1962 2323 2017 in
2367 1964 2643 2018 communi
2689 1963 2800 2018 vita
2834 1973 3175 2020 consuetum.
3225 1964 3404 2023 Persa:

1836 2068 1988 2120 vero,
2024 2053 2120 2123 qui
2154 2069 2301 2109 nunc
2341 2063 2490 2121 sunt,
2540 2057 2752 2126 priores
2809 2056 3027 2126 quidem
3081 2073 3260 2114 mures
3289 2059 3403 2116 fere

1838 2160 2035 2201 omnes
2082 2146 2436 2215 neglexerunt
2480 2156 2645 2217 atque
2677 2147 3015 2217 abiecerunt,
3050 2150 3244 2207 alienis
3270 2167 3399 2207 vero

1834 2253 1900 2293 ac
1926 2238 2091 2293 veluti
2125 2239 2449 2295 adulterinis
2499 2239 2763 2296 institutis
2821 2249 3070 2307 utuntur,
3123 2241 3398 2299 Zoroastri

1833 2329 2147 2385 Oromasdaa
2172 2330 2459 2401 disciplina
2498 2331 2729 2387 deliniti.
2765 2331 2865 2388 llic
2890 2342 3072 2391 autem
3103 2334 3395 2394 Zoroastes

1833 2420 1950 2475 sive
1980 2418 2217 2477 Zarades
2239 2420 2460 2492 (duplex
2492 2422 2637 2477 enim
2677 2423 2727 2477 ei
2781 2425 3069 2494 appellatio
3098 2427 3395 2499 tribuitur),

1833 2513 2057 2584 quando
2086 2513 2321 2585 primum
2351 2512 2596 2569 ﬂoruerit
2618 2514 2837 2586 etleges
2855 2517 3174 2585 condiderit,
3193 2518 3398 2588 liquido

1834 2619 1943 2660 non
1976 2615 2212 2661 constat.
2236 2604 2416 2661 Persa:
2434 2621 2564 2661 vero
2594 2606 2758 2677 hujus
2779 2608 2957 2663 aetatis
2985 2611 3089 2665 sub
3112 2609 3394 2682 llystaspe,

1832 2697 2152 2767 simpliciter
2184 2709 2364 2752 tamen
2418 2697 2664 2767 citraque
2704 2698 2869 2753 ullam
2915 2700 3288 2770 adiectionem,
3314 2704 3396 2757 vi-

1834 2790 1977 2845 xisse
2007 2789 2182 2854 aiunt,
2224 2788 2359 2843 adeo
2396 2798 2458 2843 ut
2491 2788 2650 2844 valde
2677 2790 3007 2861 ambigatur,
3040 2808 3218 2863 neque
3243 2804 3392 2849 certo

1833 2880 1961 2936 sciri
1990 2880 2180 2949 possit,
2214 2890 2396 2933 utrum
2429 2879 2573 2933 Darii
2622 2890 2793 2949 pater,
2847 2896 2916 2934 an
2943 2882 3083 2936 alius
3122 2884 3391 2954 quispiam

1834 2969 1926 3024 hic
1962 2969 2262 3040 Hystaspes
2293 2968 2475 3024 fuerit.
2496 2968 2832 3039 Quocunque
2863 2986 2992 3025 vero
3027 2974 3242 3026 tamlem
3264 2984 3393 3029 tem-

1831 3075 1963 3133 pore
1992 3060 2255 3126 ﬂoruerit,
2305 3070 2499 3117 auctor
2528 3061 2609 3117 eis
2642 3070 2697 3116 et
2722 3062 2830 3116 dux
2863 3062 3085 3133 magica:
3114 3064 3393 3135 religionis

1832 3154 2077 3221 exstitit;
2109 3154 2449 3225 pristinoque
2479 3168 2762 3211 sacrorum
2793 3155 2896 3209 ritu
2930 3155 3235 3222 immutate,
3262 3172 3391 3212 con-

416 3250 461 3281 ”
500 3222 679 3315 δόξας.
725 3222 799 3305 To
842 3222 1093 3325 μὲν,γάρ
1116 3222 1357 3310 1’παλαιόν
1394 3257 1492 3311 Δία
1535 3274 1596 3310 τε
1636 3222 1730 3312 καί
1757 3222 1801 3282 C

1723 3222 1801 3312 ιθ
1835 3222 2415 3316 l‘usaneas'quasdaln
2471 3254 2527 3301 et
2582 3247 2765 3301 varias
2813 3246 3096 3316 opiniones
3153 3246 3386 3302 induxit.

159 3339 376 3408 Κρόνον
404 3340 497 3394 καὶ
522 3340 743 3406 τούτους
762 3342 825 3414 δὴ
851 3343 895 3375 ³⁸
924 3344 1169 3410 ἅπαντας
1201 3348 1327 3410 τοὺς
1350 3349 1481 3419 παρ’
1504 3349 1728 3419 Ἕλλησι

157 3430 597 3505 Ορυλλουμένους
632 3432 835 3501 ἐτίμων
873 3434 1049 3497 θεοὺς,
1078 3436 1218 3507 πλην
1242 3455 1305 3506 γε
1338 3438 1421 3491 ὅτι
1452 3438 1516 3507 δὴ
1549 3439 1731 3503 αὐτοῖς

157 3526 199 3593 ἠ
246 3523 576 3595 προσηγορία
599 3524 699 3593 οὐχ
724 3523 923 3593 ὁμοίως
954 3525 1208 3591 ἐσώζετο.
1244 3529 1404 3582 Ἀλλά
1430 3530 1601 3599 Βῆλον
1632 3532 1729 3600 μὲν

154 3616 261 3666 τὸν
288 3614 384 3668 Δία
405 3614 585 3685 τυχὸν,
623 3615 826 3688 Σάνδην
859 3634 917 3670 τε
951 3617 1044 3671 τὸν
1084 3620 1376 3691 Ἡρακλέα,
1408 3622 1502 3675 καὶ
1553 3624 1730 3676 Ἀνατ-

154 3706 287 3758 τιδα
320 3708 416 3776 τὴν
452 3706 789 3778 ⁹Δφροδίτεην,
812 3708 908 3761 καὶ
924 3709 1098 3775 ἄλλως
1115 3713 1242 3777 τοὺς
1264 3712 1455 3777 ἄλλους
1478 3714 1726 3777 ὲκάλουν,

151 3795 243 3859 ὧς
268 3812 369 3848 που
395 3796 670 3869 Βηρωσσῷ
692 3815 753 3852 τε
781 3799 860 3870 τῷ
886 3800 1227 3872 Βαϐυλωνίῳ.
1267 3803 1363 3856 καὶ
1400 3803 1726 3875 ’Δθηνοκλεί,

46 3878 47 3881 “
151 3885 263 3939 καὶ
303 3886 529 3957 Σιμάκῳ
558 3888 627 3953 ³¹,
659 3891 772 3952 τοῖς
797 3890 869 3944 τά
904 3891 1235 3963 ἀρχτιότατα
1280 3893 1389 3948 τῶν
1428 3895 1728 3966 ’Δσσυρίων

148 3994 223 4031 τε
264 3978 360 4030 καὶ
406 3978 608 4049 Μήδων
635 3980 1132 4052 ἀναγραψαμένοις,
1185 3983 1461 4053 ἱστόρηται
1484 3999 1498 4013 ·
1537 3982 1631 4038 νῦν
1670 3984 1728 4038 δὲ

48 4062 49 4067 “
143 4069 241 4129 ὡς
262 4066 333 4121 τά
363 4068 533 4123 πολλά
567 4072 675 4134 τοῖς
709 4072 1063 4144 καλουμένοις
1091 4075 1416 4145 Μανιχαίοις
1443 4076 1487 4107 ³³
1523 4076 1728 4146 ξυμφέ-

48 4152 55 4161 ’
147 4175 374 4231 ρονται,
406 4162 593 4217 ὲσόσον
622 4163 715 4217 δύο
747 4164 847 4231 τὰς
877 4165 1098 4238 πρώτας
1125 4166 1380 4238 ἡγεῖσθαι
1411 4168 1606 4239 ἀρχὰς,
1632 4170 1727 4222 καὶ

1828 3334 2144 3405 Antiquitas
2190 3336 2336 3390 enim
2373 3333 2565 3390 Jovem
2618 3345 2673 3390 et
2704 3333 3000 3391 Saturnum
3058 3344 3391 3406 caeterosque

1830 3441 2022 3483 omnes
2048 3428 2180 3482 deos
2244 3442 2274 3482 a
2310 3426 2513 3482 Graecis
2540 3426 2841 3483 celebratos
2880 3427 3147 3493 colebant,
3176 3443 3243 3481 eo
3292 3443 3390 3483 eam

1830 3530 2007 3589 cepto,
2049 3518 2190 3589 quod
2225 3533 2332 3573 non
2367 3521 2584 3574 easdem
2619 3519 3008 3589 appellationes
3052 3519 3383 3587 retinerent;

1828 3612 1924 3667 sed
1967 3609 2153 3665 Belum
2190 3610 2405 3680 quidem
2454 3609 2641 3665 Jovem
2698 3622 2751 3666 et
2798 3610 3027 3666 Sandem
3079 3610 3385 3678 Herculem,

1828 3702 2085 3758 Anaitida
2132 3703 2417 3768 Venerem,
2474 3703 2744 3772 aliterque
2799 3704 2933 3758 alios
2986 3704 3273 3768 vocabant,
3326 3714 3388 3759 ut

1826 3795 1955 3851 alibi
1983 3795 2216 3850 Demus
2244 3794 2591 3865 Babylonius.
2628 3802 2685 3848 et
2716 3794 3065 3861 Athenocles,
3106 3804 3160 3850 et
3207 3794 3388 3850 Sima-

1825 3902 1945 3952 eus,
2003 3886 2098 3957 qui
2150 3886 2561 3955 antiquissimas
2615 3887 2962 3957 Assyriorum
3010 3888 3169 3958 118
3208 3887 3387 3942 Medo-

1826 3994 2056 4050 rumque
2085 3994 2176 4034 res
2223 3979 2691 4049 conscripserunt,
2736 3988 3023 4035 testantur.
3075 3981 3231 4037 Nunc
3260 3994 3388 4035 vero

1826 4070 2035 4141 majore
2062 4087 2126 4125 ex
2175 4080 2328 4140 parte
2358 4085 2483 4125 eum
2513 4070 2602 4135 iis,
2640 4070 2733 4141 qui
2773 4069 3053 4126 Haniclwi
3106 4071 3383 4137 dicuntur,

1824 4161 2481 4231 conveniunt;quatenus
2509 4161 2619 4216 duo
2646 4161 2815 4231 prima
2846 4160 3108 4230 nrincipia
3140 4163 3395 4229 satuunt,‘

48 4256 49 4259 “
142 4253 264 4321 τὴν
292 4251 391 4323 μὲν
416 4254 628 4326 ἀγαθήν
655 4273 716 4309 τε
753 4257 872 4329 ἅμα
900 4258 998 4311 καὶ
1039 4258 1109 4313 τὰ
1144 4260 1402 4314 κάλλιστα
1425 4260 1532 4315 τῶν
1557 4260 1711 4315 δντωι

1721 4278 1725 4304 ι
1826 4261 1989 4321 atque
2033 4250 2267 4307 alterum
2314 4251 2535 4321 quidem
2583 4252 2783 4306 bonum
2825 4264 2879 4305 et
2920 4258 3121 4321 optima
3157 4267 3384 4322 quisque

48 4358 57 4387 ε
145 4346 574 4416 ἁποκυήσασαν,
603 4349 860 4412 ἐναντίως
886 4350 943 4403 δὲ
972 4353 1094 4405 κατ’
1118 4352 1285 4421 ἄμφω
1305 4352 1352 4385 ³⁵
1377 4351 1609 4423 ἔχουσαν
1627 4352 1711 4423 τὴι

1719 4372 1724 4396 ι
1825 4360 1889 4399 ex
1925 4356 1985 4399 se
2014 4342 2279 4414 gignens;
2322 4342 2550 4399 alterum
2600 4344 2881 4398 contrario
2916 4343 3074 4412 plane
3098 4346 3259 4397 modo
3295 4358 3382 4398 se-

142 4438 391 4507 ἑτέρανο
426 4438 667 4509 ὀνόματά
703 4458 764 4494 τε
808 4443 1065 4507 αὑταῖς³⁸
1106 4436 1373 4512 ἐπάγουσι
1416 4444 1725 4517 βαρὸαρικὰ

1719 4464 1725 4498 ς
1825 4436 2061 4491 cundum
2085 4436 2203 4492 haec
2220 4438 2329 4490 duo
2360 4450 2421 4491 se
2452 4436 2686 4497 habens:
2710 4436 3040 4505 nominaque
3065 4436 3169 4490 illis
3190 4435 3382 4489 indunt

50 4574 63 4603 τ
143 4528 263 4582 καὶ
302 4530 367 4597 τῇ
400 4530 635 4601 σφετέρα
682 4530 894 4604 γλώττῃ
940 4533 1306 4604 πεποιημένα.
1354 4534 1460 4589 Τὸν
1494 4534 1593 4605 μὲν
1618 4534 1713 4606 γὰρ

1715 4553 1799 4609 ιο
1828 4528 2078 4595 barbara,
2107 4544 2173 4583 ex
2223 4529 2462 4599 ipsorum
2511 4528 2693 4598 lingua
2738 4529 2922 4583 ducta.
2959 4527 3166 4581 Bonum
3210 4527 3378 4591 enim,

50 4667 63 4677 .
140 4618 391 4687 ἀγαθὸν,
421 4621 529 4673 site
569 4621 702 4676 Θεὸν
740 4622 853 4678 εἴτε
901 4625 1260 4696 Δημιουργὸν,
1290 4626 1654 4698 Ὀρμισδάτην
1683 4627 1713 4658 ³⁴

1713 4627 1730 4658 ⁸
1826 4622 1944 4679 sive
1974 4619 2141 4676 Deum
2171 4621 2288 4675 sive
2317 4629 2637 4684 creatorem,
2666 4617 3060 4675 llormisdatem
3088 4620 3376 4689 appellant;

60 4762 69 4775 ,
139 4710 551 4777 ἀποκαλοῦσιν,
593 4713 889 4787 ’Δριμάνης
931 4716 989 4770 δὲ
1032 4716 1201 4786 ὄνομα
1242 4716 1322 4787 τῷ
1366 4718 1605 4789 κακίστῳ
1636 4719 1723 4771 καὶ

1717 4723 1731 4771 ί
1824 4714 2112 4768 Arimanes
2141 4720 2322 4766 autem
2371 4711 2609 4781 pessimo
2637 4709 2715 4765 illi
2740 4725 2806 4766 ac
2840 4710 3148 4780 pernicioso
3177 4719 3261 4764 est
3283 4724 3380 4763 no—

64 4852 69 4857 .
139 4803 413 4873 ὀλεθρίῳ.
456 4803 681 4877 Ἐορτήν
704 4824 763 4860 τε
796 4808 984 4863 πασῶν
1015 4807 1237 4880 μείζονα
1264 4808 1348 4880 [Ρ.
1381 4808 1475 4880 65]
1500 4809 1597 4879 τὴν
1620 4808 1727 4863 τῶν

1716 4828 1729 4861 ρ
1823 4820 1965 4859 men.
2002 4802 2221 4858 Festum
2260 4802 2421 4858 etiam
2454 4804 2697 4860 omnium
2732 4807 3050 4867 maximum,
3091 4802 3235 4872 quod
3265 4816 3379 4856 ma-

52 4876 71 4971 ’τ
139 4894 354 4949 κακῶν
373 4876 671 4967 λεγομένην
693 4897 973 4969 ἀναίρεσιν
1004 4876 1335 4968 ἐκτελοῦσιν,
1367 4900 1427 4953 ιν
1521 4876 1628 4953 τῶν
1661 4917 1715 4954 τι

1717 4918 1723 4952 :
1824 4896 1997 4951 lorum
2044 4895 2410 4950 sublationem
2451 4907 2673 4962 vocant,
2711 4904 2990 4966 peragunt,
3043 4895 3098 4949 in
3124 4907 3234 4965 quo
3264 4908 3380 4949 ser-

70 5038 73 5043 ,
135 4990 287 5058 ἑρπε
307 4986 415 5041 τῶν
440 4987 664 5044 πλείστα
699 4991 793 5046 καὶ
819 4991 927 5045 τῶν
966 4990 1145 5047 ἀλλων
1170 4991 1325 5057 ζώων
1355 4991 1527 5047 ὁπόσα
1552 4991 1720 5065 ἄγρια

1716 5032 1720 5044 .
1826 4999 2012 5058 pentes
2031 4988 2488 5057 quamplurimas,
2516 4999 2569 5044 et
2593 5004 2660 5044 ex
2684 4988 2806 5043 aliis
2836 4987 3208 5043 animantibus
3231 5001 3379 5058 qua-

52 5134 75 5159 c
134 5079 258 5135 καὶ
298 5080 618 5152 ἑρημονόμα
658 5081 1125 5149 κατακτείνοντες,
1157 5087 1269 5149 τοῖς
1310 5085 1505 5156 μάγοις
1551 5102 1715 5158 προσ-

1715 5114 1721 5126 .
1825 5094 2043 5150 cunque
2096 5080 2327 5137 desertis
2395 5080 2448 5135 in
2513 5082 2647 5136 locis
2701 5080 2924 5152 degunt,
2974 5080 3378 5145 interﬁcientes,

1429 5261 1659 5320 νΑιυΑς
1691 5263 2095 5327 LECTIONES.

222 5440 281 5473 ³⁸
319 5439 528 5513 ἐκείνου
572 5437 643 5513 Β,
678 5440 841 5511 idque
875 5440 1020 5511 conj.
1058 5438 1478 5513 B._Vn|_canius,
1502 5441 1719 5513 ἐκείνης
1778 5442 1922 5511 vulg.
1953 5441 2116 5513 intpr.
2141 5450 2352 5513 patrare
2385 5440 2439 5494 id
2471 5440 2739 5507 maluisse;
2768 5458 2922 5513 quant
2954 5444 3120 5513 scelus
3145 5445 3379 5498 cummi:-

56 5560 61 5565 .
124 5525 288 5584 (ere.
366 5511 411 5584 '_'
450 5508 843 5584 μητέρος-βίω.
892 5513 950 5584 _“
977 5508 1224 5584 παθούση
1253 5511 1318 5565 Β.
1362 5512 1641 5584 ίελσομένης
1671 5508 1759 5571 Β.
1834 5508 2141 5584 “agam
2174 5511 2277 5584 '{_et
2297 5513 2456 5584 intpr.
2487 5508 2901 5584 priscoaimures,
2929 5512 3192 5583 πρότερον
3226 5517 3375 5584 vulg.

56 5560 61 5565 .
124 5526 288 5568 tere.
367 5526 411 5542 ι’
450 5526 681 5633 parte?
708 5526 831 5567 eoo.
905 5526 950 5543 "
977 5526 1224 5593 παυουση
1253 5526 1318 5565 tt.
1362 5526 1641 5594 ιεσομενης
1671 5526 1759 5594 ἰε.
1834 5526 1873 5543 ³⁷
1902 5526 2141 5582 προτερυ.
2174 5526 2277 5565 'tet
2297 5526 2456 5592 Intpr.
2487 5528 2688 5581 pmcoa
2715 5530 2901 5578 num,
2929 5526 3192 5583 προτερο··
3226 5526 3375 5584 vulg.

56 5598 65 5603 '
123 5585 188 5654 ’ξ
213 5580 564 5654 Ζοροάστρου
641 5620 659 5654 _.
678 5580 1004 5654 '0_pp¢_ic§soc
1035 5579 1117 5654 Β,
1174 5593 1335 5654 ιιιιρι·ἲ
1384 5581 1680 5654 Orrmasdet
1728 5652 1747 5654 _
1776 5584 1821 5615 ²⁹
1842 5582 2172 5654 Ζορόαστρος
2194 5580 2244 5654 li
2264 5592 2317 5636 et
2330 5591 2519 5654 intpr..
2560 5583 2638 5654 Ζα
2651 5583 2835 5654 ρόαδος
2862 5585 3008 5654 \nlg.
3027 5653 3056 5654 ﬁ
3084 5584 3127 5614 ³⁸
3156 5582 3376 5654 ἐνέθηκε

148 5653 205 5731 εἰ
249 5647 320 5705 ac
340 5647 480 5731 fort.
507 5647 1129 5731 Lugd.,év;é6qxs_gld._
1178 5647 1468 5731 '_'_soxitou;
1494 5652 1632 5731 (Silii
1650 5663 1707 5731 et
1727 5647 1926 5723 ωαψς
1946 5647 2167 5731 τούτους
2186 5652 2241 5706 δὲ
2263 5647 2447 5731 _edd.'_
2479 5653 2523 5731 ξ’
2544 5647 2765 5731 Σιμάκῳ
2798 5647 3277 5731 [ιμεόᾷ-ξειμάκῳ
3298 5647 3375 5731 β,

120 5718 623 5794 Συμμάχῳίηῳξ.
659 5729 715 5794 et
754 5718 882 5794 Par:
954 5720 1001 5794 ff
1039 5719 1161 5794 καλ.
1191 5723 1507 5794 Μανιχαίοις
1546 5718 1625 5789 ιι,
1650 5718 1850 5793 Μανιί.
1884 5722 2007 5777 καλ.
2035 5722 2206 5794 vulg,
2261 5721 2447 5794 ³⁴κατξ
2481 5718 2646 5790 ἄμφω
2676 5718 2747 5794 ii,
2776 5718 3018 5779 καὶ’κατ’
3041 5718 3207 5794 ἄμφω
3229 5718 3372 5794 vulg.

82 5850 89 5853 _
119 5797 184 5830 ³⁸
225 5787 429 5853 aurai;
451 5787 712 5854 Β,αύτοῖς
739 5792 880 5863 vulg.
958 5790 1002 5822 ³⁸
1038 5787 1394 5862 Ὀρμισδάτην
1440 5792 1505 5857 lt,
1546 5787 1709 5865 inipr.
1744 5787 2159 5860 llornusdatim;
2194 5787 2588 5865 Ὀρμισδάστην
2623 5793 2770 5865 vnlg.
