4212 6438
825 403 960 481 ι383

1991 393 2345 454 AGATHI/E
2372 395 2852 457 SCIlOLASTlCi

3930 395 4066 459 1384

827 520 999 584 magis
1027 511 1281 574 oﬂ‘erunt,
1314 509 1475 564 veluti
1510 509 1563 562 in
1607 515 1983 578 argumentum
2024 508 2259 576 pietatis.
2297 505 2373 561 Ea
2405 531 2417 571 Α

2475 510 2719 577 άγουσιν,
2750 511 2940 579 ὥσπερ
2972 512 3028 572 ἐς
3069 509 3326 576 ἐπίδειξιν
3362 507 3665 572 εὐσεϐείας.
3714 511 3926 580 Ταύτῃ
3963 515 4064 581 γὰρ

818 607 966 660 enim
993 605 1202 659 ratione
1229 601 1460 657 credunt
1511 615 1570 655 se
1623 600 1824 653 bonam
1875 607 2195 668 gratamque
2235 599 2379 652 bono

821 699 902 752 illi
934 711 1154 766 operam
1183 707 1434 757 navasse,
1471 693 1735 761 ingratam
1765 705 1892 745 vero
1936 699 1991 744 et
2024 692 2238 744 noxiam
2261 691 2380 743 Ari-

820 789 993 844 mani.
1021 785 1371 842 Venerantur
1395 793 1578 838 autem
1608 782 1876 853 prmeipue
1898 797 2119 850 aquam,
2161 781 2296 836 adeo
2324 789 2383 836 ut

823 895 1000 949 neque
1051 878 1244 932 faciem
1295 891 1360 930 ea
1387 875 1630 934 abluaut,
1673 889 1846 944 neque
1886 874 2043 927 aliter
2091 873 2380 943 attingant,

824 971 930 1025 nisi
967 981 1128 1040 potus
1173 983 1340 1022 causa
1376 975 1431 1021 et
1464 968 1534 1020 ob
1565 967 1870 1035 plantarum
1894 981 2103 1021 curam.

893 1061 984 1116 ‘25.
1024 1060 1220 1114 Multos
1263 1073 1393 1112 vero
1428 1059 1590 1112 etiam
1636 1058 1772 1112 alios
1816 1059 1947 1110 deos
1979 1057 2180 1110 habent
2216 1065 2267 1111 et
2289 1070 2384 1110 co-

827 1157 982 1217 lunt;
1013 1153 1062 1206 id
1094 1150 1465 1205 Graecanicam
1511 1158 1614 1204 est.
1642 1149 1936 1202 Sacrillciis
1965 1149 2130 1202 etiam
2158 1155 2386 1202 utuntur

825 1255 881 1300 et
922 1243 1341 1298 lustrationibus
1378 1253 1430 1295 et
1461 1240 1772 1305 vaticiniis;
1826 1240 1990 1293 etiam
2035 1239 2139 1293 lioe
2169 1238 2386 1293 Graeca-

827 1338 950 1390 nico
1007 1351 1176 1388 more.
1219 1333 1363 1404 Ignis
1409 1343 1590 1386 autem
1641 1332 1709 1384 iis
1759 1331 1995 1384 maxime
2038 1330 2388 1385 honorandus

826 1427 1314 1494 sanctissimusque
1343 1424 1586 1488 videtur;
1621 1435 1786 1493 atque
1835 1422 2038 1477 idcirco
2073 1423 2126 1476 in
2149 1423 2389 1477 mdiculis

828 1519 1157 1590 quibusdam
1195 1515 1369 1572 sacris
1401 1530 1466 1569 ac
1514 1516 1739 1570 semotis
1772 1515 1913 1582 magi
1950 1530 2072 1568 eum
2102 1529 2386 1583 perennem

831 1618 1128 1674 asservant,
1163 1608 1326 1678 inque
1353 1622 1479 1661 eum
1503 1606 1864 1675 despicientes
1900 1605 2060 1675 119
2078 1620 2273 1659 arcana
2299 1619 2388 1658 sa-

829 1716 924 1754 cra
959 1707 1246 1770 peragunt,
1273 1697 1423 1750 etde
1454 1698 1618 1750 rebus
1646 1695 1845 1748 futuris
1875 1695 2242 1748 sciscitantur.
2275 1693 2389 1746 lloc

2475 600 2676 652 οἴονται
2723 599 2799 670 τῷ
2847 599 2946 669 μὲν
2989 599 3178 667 ἁγαοῷ
3223 600 3595 670 κεχαρισμένα
3647 599 4059 662 διαπονεῖσθαι,

2476 690 2631 760 ἀνιᾷν
2650 690 2708 744 δὲ
2732 691 2822 743 καὶ
2851 690 3206 758 λυμαίνεσθαι
3235 691 3325 742 τὸν
3365 688 3688 762 ’Δριμάνην.
3714 691 4061 762 Γεραίρουσι

2476 780 2534 835 δέ
2559 783 2615 844 ἐς
2652 780 2721 833 τά
2753 781 2985 851 μάλιστα
3008 783 3070 834 τὸ
3092 782 3254 853 ὕδωρ.
3281 781 3360 843 ώς
3390 782 3526 851 μηδέ
3552 782 3623 836 τά
3648 784 3944 854 πρόσωπα
3974 786 4062 838 αὑ-

2476 873 2555 942 τῷ
2589 871 3017 938 ἐναπονίζεσθαι.
3054 875 3192 944 μήτε
3221 873 3395 936 ἄλλως
3423 873 3829 943 ἐπιθιγγάνειν,
3865 877 3954 930 ὅτι
3988 877 4058 946 μὴ

2480 962 2642 1015 ποτοῦ
2670 979 2731 1014 τε
2761 963 2916 1016 ἕκατι
2946 964 3043 1015 καὶ
3070 966 3170 1033 τῆς
3201 964 3312 1015 τῶν
3346 961 3528 1031 φυτῶν
3560 964 3924 1034 ἐπιμελείας.

2552 1053 2649 1108 κε’.
2689 1054 2923 1118 Πολλοὺς
2949 1054 3006 1108 δὲ
3045 1054 3140 1107 καὶ⁵
3170 1055 3362 1118 ἀλλους
3402 1054 3560 1118 θεοὺς
3595 1055 3938 1126 ὀνομάζουσι
3975 1058 4060 1109 καὶ

2483 1148 2790 1200 ἱλάσκονται
2818 1160 2832 1174 ⁸
2883 1147 3042 1200 τοῦτο
3081 1146 3411 1216 Ἑλληνικόν.
3455 1145 3682 1209 Θυσίαις
3721 1165 3788 1200 τε
3818 1149 4058 1217 χρῶνται

2483 1240 2576 1292 καὶ
2609 1239 2975 1308 ἀφαγνισμοῖς
3011 1238 3106 1291 καὶ
3140 1237 3454 1308 μαντείαιςο
3493 1239 3588 1290 καὶ
3615 1237 3779 1292 τοῦτο
3812 1239 4056 1306 Ἐλληνι-

2483 1333 2598 1384 κόν.
2636 1331 2710 1384 Τδ
2728 1331 2786 1384 δὲ
2810 1329 2920 1400 πῦρ
2945 1331 3126 1394 αὐτοῖς
3149 1330 3328 1399 τίμιόν
3349 1346 3410 1382 τε
3440 1324 3580 1383 εἶναι
3603 1330 3752 1384 δοκεῖ
3774 1332 3872 1384 καὶ
3898 1330 4055 1395 ἀγιώ-

2493 1437 2677 1481 τατον.
2707 1421 2801 1476 καὶ
2841 1420 3019 1473 τοίνυν
3049 1423 3107 1474 ἐν
3138 1419 3399 1482 οἰκίσκοις
3419 1421 3560 1473 τισὶν
3601 1422 3768 1491 ίεροῖς
3802 1439 3866 1474 τε
3902 1421 4055 1490 δῆθεν

2487 1513 2579 1565 καὶ
2617 1509 3071 1581 ἀποκεκριμένοις
3113 1510 3375 1564 ἄσϐεστον
3411 1511 3462 1564 oi.
3493 1511 3660 1580 μάγοι
3702 1512 4054 1579 φυλάττουσι,

2487 1605 2581 1657 καὶ
2616 1605 2674 1666 ἐς
2704 1606 2880 1656 ἐκεῖνο
2905 1604 3216 1674 ἀφορῶντες
3241 1591 3431 1667 τάςτε
3460 1603 3812 1675 ἀπορρήτους
3841 1604 4055 1665 τελετάς

2488 1695 2784 1759 ἐκτελοῦσι,
2828 1695 2923 1748 καὶ
2959 1693 3070 1748 τῶν
3104 1693 3376 1762 ἐσομένων
3406 1694 3535 1764 πέρι
3563 1693 4052 1747 ἀναπυνθάνονται.

832 1803 980 1852 vero,
1006 1797 1067 1842 ut
1100 1787 1355 1848 arbitror,
1384 1784 1692 1838 institutum
1728 1782 1809 1835 vel
1839 1797 1866 1834 a
1890 1779 2182 1843 Clialdmis,
2207 1779 2292 1833 vel
2317 1781 2386 1833 ab

2489 1782 2657 1837 Τοῦτο
2683 1784 2761 1850 δὲ,
2793 1779 2968 1853 οἶμαι,
3000 1783 3064 1836 τὸ
3089 1783 3314 1853 νόμιμον
3355 1782 3389 1852 ἢ
3433 1783 3588 1853 παρά
3619 1782 3909 1836 Χαλδαίων
3940 1783 3970 1850 ἢ
4004 1782 4054 1844 ἐξ

835 1879 944 1933 alia
973 1878 1155 1946 aliqua
1198 1876 1416 1929 natione
1450 1881 1799 1942 acceperunt,
1844 1885 2022 1940 neque
2071 1871 2216 1924 enim
2263 1885 2389 1924 cum

2489 1874 2674 1944 ἐτέρου
2700 1891 2793 1928 του
2815 1874 3133 1941 ἀνελέξαντο
3152 1873 3359 1941 γένους.
3388 1872 3466 1926 υύ
3494 1873 3604 1942 γάρ
3633 1872 3700 1944 δὴ
3733 1874 3854 1936 τοῖς
3884 1873 4052 1936 ἄλλοις

831 1972 956 2026 aliis
974 1969 1263 2025 consentit.
1287 1967 1362 2020 Ita
1388 1967 1496 2020 illis
1521 1965 1732 2034 opinio,
1755 1979 1819 2018 ex
1841 1961 2255 2034 quamplurimis
2269 1977 2392 2032 gen-

833 2064 983 2117 tibus
1033 2058 1282 2124 conliata,
1336 2057 1484 2113 varie
1512 2057 1802 2112 admodum
1851 2055 2148 2124 composita
2187 2064 2290 2108 est.
2329 2053 2394 2106 Et

837 2152 1210 2222 mihiquidem
1245 2165 1352 2204 nou
1381 2151 1479 2204 abs
1508 2164 1567 2202 re
1605 2148 1657 2202 id
1707 2146 1910 2201 factum
1955 2146 2185 2200 videtur.
2212 2143 2394 2214 Neque

836 2247 983 2300 enim
1007 2243 1168 2297 aliain
1200 2242 1367 2295 ullam
1402 2256 1512 2294 rem
1546 2238 1818 2308 publicam
1851 2237 1995 2301 novi,
2030 2236 2082 2290 in
2119 2237 2192 2290 ita
2215 2236 2395 2291 varias

840 2339 1044 2393 fortnas
1076 2351 1140 2390 ac
1165 2335 1371 2404 species
1405 2342 1691 2396 mutatam,
1712 2345 1944 2400 quaeque
1971 2330 2025 2383 in
2058 2345 2166 2383 uno
2179 2329 2397 2383 eodem-

839 2447 948 2500 que
989 2439 1132 2484 statu
1166 2441 1328 2497 quam
1362 2425 1666 2480 diutissime
1715 2437 2033 2494 permanere
2061 2437 2165 2476 non
2207 2429 2396 2491 potue-

843 2534 948 2587 rit;
978 2522 1072 2576 sed
1128 2534 1252 2574 cum
1300 2533 1462 2588 quam
1504 2516 1856 2586 plurimarum
1896 2529 1960 2569 ac
1997 2513 2398 2568 diversissima-

843 2633 964 2670 rum
1022 2614 1260 2684 gentium
1307 2612 1594 2681 imperium
1639 2609 1943 2673 admiserit,
1988 2608 2191 2662 idcirco
2237 2609 2399 2661 etiam

846 2706 1218 2762 verisimiliter
1241 2702 1533 2757 multarum
1572 2699 1870 2754 formarum
1901 2707 1955 2752 et
1990 2699 2168 2767 legum
2208 2711 2401 2750 monu-

845 2806 1026 2851 menta
1059 2804 1258 2850 servat.
1312 2791 1482 2845 Primi
1533 2790 1679 2845 enim
1727 2790 1994 2852 omnium,
2049 2803 2188 2857 quos
2215 2787 2401 2842 auditu

853 2887 1185 2956 accepimus,
1215 2881 1421 2952 Assyrii
1467 2881 1723 2934 dicuntur
1751 2881 2057 2933 universam
2096 2879 2280 2933 Asiam
2313 2892 2404 2934 oc-

845 2993 1101 3046 cupasse,
1127 2973 1366 3042 exceptis
1398 2971 1562 3034 ludis,
1587 2970 1680 3038 qui
1707 2970 1848 3023 ultra
1869 2968 2110 3039 Gangem
2133 2969 2400 3023 habitant.

848 3068 1023 3124 Ninus
1049 3077 1266 3134 quoque
1319 3062 1495 3131 primo
1536 3060 1747 3114 videtur
1794 3059 1958 3114 etiam
2011 3059 2301 3128 imperium
2330 3059 2402 3112 ibi

848 3159 1143 3222 stabilisse,
1165 3164 1222 3210 et
1246 3162 1371 3224 post
1401 3166 1524 3206 eum
1554 3150 1893 3213 Semiramis,
1917 3163 1981 3204 ac
2009 3149 2262 3218 deinceps
2282 3163 2401 3202 om-

851 3267 949 3306 nes
991 3233 1188 3302 borum
1245 3245 1448 3315 posteri
1499 3246 1566 3297 ad
1615 3240 1800 3296 Belum
1858 3240 2165 3295 Dercetadaa
2213 3240 2398 3295 lilium.

854 3341 990 3400 Cum
1015 3342 1156 3393 enim
1183 3340 1236 3391 in
1260 3337 1362 3391 hoc
1403 3334 1530 3390 Belo
1575 3333 1944 3389 Semiramiae
1969 3333 2152 3401 stirpis
2186 3347 2405 3387 succes-

852 3440 945 3491 sit)
968 3434 1259 3493 desineret,
1281 3428 1543 3482 Belitaras
1574 3425 1796 3496 quidam
1840 3423 2059 3477 nomine
2085 3422 2167 3476 vir
2214 3421 2408 3476 insitor

852 3535 912 3581 et
938 3527 1240 3587 hortorum,
1288 3520 1381 3590 qui
1411 3520 1465 3572 in
1526 3517 1674 3587 regia
1726 3523 1903 3578 erant,
1949 3523 2166 3570 curator
2196 3529 2260 3567 ac
2294 3528 2408 3567 ma-

855 3619 1046 3689 gister,
1069 3613 1354 3685 imperium
1377 3611 1481 3666 sibi
1511 3609 1646 3663 mira
1690 3608 1898 3662 ratione
1927 3606 2086 3675 120
2120 3605 2411 3661 vindii-axit

857 3723 1066 3778 suoque
1083 3705 1264 3778 generi
1281 3704 1496 3766 insevit,
1513 3697 1973 3771 quemadmodum
1999 3696 2095 3750 Bio
2115 3704 2167 3751 et
2181 3697 2411 3752 Alexan-

857 3801 957 3856 der
985 3799 1290 3868 Polyhistor
1321 3794 1593 3849 memoriae
1613 3790 1990 3862 prodiderunt,
2015 3786 2188 3842 donec
2210 3785 2412 3842 Sarda-

859 3892 1059 3962 napalo
1098 3897 1373 3960 regnante,
1418 3894 1478 3940 ut
1513 3885 1588 3938 illi
1637 3882 1902 3946 scribunt,
1944 3894 2066 3934 cum
2092 3879 2207 3947 jam
2237 3894 2414 3934 emar-

860 3985 1066 4038 euisset
1102 3981 1411 4050 imperium,
1433 3977 1671 4030 Arbaccs
1699 3972 1887 4028 Medus
1909 3980 1966 4026 et
1996 3969 2216 4041 Belesys
2241 3971 2414 4043 Baby-

865 4073 1046 4130 lonius
1074 4070 1205 4124 illud
1235 4065 1472 4136 Assyriis
1499 4064 1836 4130 eripuerunt,
1859 4057 2143 4114 interiecto
2173 4059 2412 4127 ipsorum

865 4179 1014 4235 rege,
1043 4171 1095 4216 et
1123 4161 1188 4214 ad
1223 4156 1407 4212 Medos
1465 4152 1874 4215 transtulerunt,
1921 4165 2015 4206 sex
2061 4159 2115 4204 et
2165 4147 2416 4204 trecentis

797 4282 805 4289 -
864 4258 975 4326 iam
1002 4270 1164 4324 supra
1190 4253 1336 4306 mille
1373 4258 1426 4303 et
1463 4246 1623 4317 paulo
1651 4243 1885 4314 amplius
1916 4242 2074 4296 annis
2100 4241 2318 4309 elapsis,
2350 4255 2417 4294 ex

865 4362 978 4418 quo
1009 4346 1243 4416 primum
1273 4339 1448 4394 Ninus
1479 4336 1551 4390 ibi
1591 4350 1858 4390 summam
1883 4349 2062 4388 rerum
2087 4332 2414 4386 obtinuerat.

873 4441 946 4496 Ita
979 4437 1124 4492 enim
1170 4432 1368 4488 Ctesiae
1413 4429 1608 4484 Cnidio
1650 4436 1892 4496 tempora
1946 4424 2269 4479 describenti
2303 4422 2421 4476 Dio-

2491 1961 2940 2035 ξυμϐαίνει.*ιλδέ
2972 1983 3088 2030 πως
3113 1967 3221 2036 ἄρα
3240 1966 3420 2029 αὐτοῖς
3449 1966 3482 2036 ἡ
3511 1965 3658 2032 δόξα,
3693 1967 3758 2018 ἐκ
3794 1965 4054 2018 πλείστων

2491 2057 2630 2110 ὅσων
2656 2057 2824 2110 ἐθνῶν
2856 2057 3214 2127 ἡρανισμὲνη,
3248 2055 3324 2121 ὡς
3354 2055 3723 2110 ποικιλώτατα
3755 2054 4050 2122 ξύγκειται.

2493 2151 2602 2204 Καί
2637 2167 2727 2218 μοι
2771 2148 2929 2203 τοῦτο
2962 2150 3061 2203 οὐκ
3113 2150 3222 2203 ἀπὸ
3267 2151 3470 2220 τρόπου
3515 2149 3662 2202 δοκεῖ
3708 2148 4051 2219 γεγενῆσθαι.

2498 2242 2698 2313 ’Δλλην
2730 2242 2839 2313 γὰρ
2877 2241 3020 2295 οὕτω
3052 2242 3328 2296 πολιτείαν
3369 2241 3470 2295 οὐκ
3508 2235 3625 2294 οἶδα
3645 2241 3688 2272 ³⁷
3719 2243 3779 2303 ἐς
3806 2241 4054 2303 πλείστας

2498 2333 2710 2404 μορφάς
2765 2349 2826 2386 τε
2875 2335 2971 2388 καὶ
3015 2334 3269 2404 σχήματα
3318 2331 3730 2402 μεταϐαλοῦσαν
3746 2331 3818 2397 ⁸⁸,
3872 2332 3968 2384 καὶ
4005 2335 4053 2384 ἐν

2494 2423 2676 2494 ταυτῷ
2720 2423 2903 2494 μένειν
2947 2425 3296 2478 ἐπιπλείστον
3345 2425 3409 2479 ού
3466 2423 3879 2493 διαρκέσασαν,
3932 2422 4054 2476 ἀλλὰ

2498 2514 2705 2586 μυρίων
2732 2515 2902 2568 ἐθνῶν
2924 2515 3114 2570 ἄλλοτε
3144 2515 3319 2572 ἄλλων
3347 2516 3700 2585 ἐπικράτειαν
3721 2513 4022 2584 δεξαμένην
4039 2532 4052 2543 ο

2497 2606 2574 2676 τῷ
2603 2624 2686 2660 τοι
2708 2607 2819 2679 ἀρα
2846 2609 2938 2662 καὶ
2961 2607 3186 2669 εἰκότως
3221 2606 3433 2660 πολλῶν
3468 2607 3622 2660 ίδεῶν
3655 2625 3717 2660 τε
3759 2609 3862 2662 καὶ
3890 2608 4055 2676 νόμων

2498 2698 2854 2769 γνωρίσματα
2897 2696 3080 2762 σώζει.
3117 2697 3332 2768 Πρῶτοι
3363 2697 3589 2768 μὲνγὰρ
3616 2692 3692 2751 ὧν
3723 2699 3866 2766 ἀκοῇ
3908 2698 4055 2766 ἴσμεν

2513 2788 2783 2859 Ἀσσύριοι
2807 2790 3056 2858 λέγονται
3084 2789 3308 2842 ἃπασαν
3332 2788 3431 2859 τὴν
3465 2789 3648 2841 Ἀσίαν
3672 2789 4054 2860 χειρώσασθαι.

2502 2885 2640 2953 πλὴν
2673 2883 2851 2936 Ἰνδῶν
2876 2882 2986 2935 τῶν
3024 2882 3166 2950 ὑπὲρ
3197 2881 3418 2952 Γάγγην
3455 2881 3698 2951 ποταμὸν
3735 2881 4054 2950 ἱδρυμένων.

2503 2975 2661 3038 Νῖνος
2675 2975 2720 3007 ³⁸
2746 2991 2809 3026 τε
2835 2974 3102 3044 πρότερον
3125 2972 3374 3039 φαίνεται
3408 2972 3502 3025 καὶ
3525 2971 3805 3041 βασιλείαν
3833 2971 4056 3025 ἐνταῦθα

2506 3065 2783 3136 βεϐαίανδο
2826 3065 3330 3134 καταστησάμενος,
3383 3063 3686 3134 Σεμίραμίς
3728 3079 3790 3116 τε
3837 3060 3907 3116 αὖ
3953 3065 4056 3132 μετ’

2429 3182 2474 3240 c
2504 3161 2730 3218 ἐκεῖνον,
2763 3157 2858 3208 καὶ⁵
2879 3155 3004 3224 ἑξῆς
3025 3155 3264 3219 ἅπαντες
3299 3156 3349 3209 οί
3385 3155 3588 3209 τούτων
3613 3154 3876 3222 ἀπόγονοι
3910 3157 4057 3226 μέχρι

2505 3250 2599 3303 καὶ
2623 3251 2682 3310 ἐς
2705 3247 2928 3302 Βελεοῦν
2943 3247 2987 3278 ⁸⁸
3023 3247 3114 3303 τὸν
3141 3248 3498 3318 Μρκΰάδου.
3547 3248 3633 3310 Ἐς
3661 3247 3856 3301 τοῦτον
3880 3250 3986 3319 γὰρ
4001 3249 4057 3318 δὴ

2502 3343 2594 3396 τδν
2633 3341 2990 3411 Βελεούντῆς
3035 3341 3132 3396 τοῦ
3184 3342 3553 3412 Σεμιραμείου
3602 3339 3770 3411 φύλου
3817 3341 4059 3413 διαδοχῆς

2505 3436 2878 3505 παυσαμένης,
2904 3435 3212 3505 Βελητάρας
3227 3435 3271 3466 δ’
3289 3452 3372 3497 τις
3393 3434 3580 3504 ὄνομα,
3604 3436 3915 3504 φυτουργὸς
3933 3437 4059 3506 ἀνὴρ

2508 3525 2604 3578 καὶ
2645 3524 2754 3578 τῶν
2797 3527 2854 3578 ἐν
2899 3527 3011 3585 τοῖς
3057 3524 3346 3593 βασιλείοις
3393 3529 3584 3596 κήπων
3630 3526 3933 3596 μελεδωνός
3976 3529 4060 3580 καὶ

2508 3617 2820 3686 ἐπιστάτης,
2868 3615 3231 3686 ἐκαρπώσατο
3276 3618 3602 3688 παραλόγως
3639 3618 3739 3689 τὴν
3770 3617 4059 3688 βασιλείαν,

2507 3711 2603 3764 καὶ
2628 3709 2705 3779 τῷ
2727 3710 2913 3778 οἰκείῳ
2938 3709 3262 3779 ἐνεφύτευσε
3289 3711 3466 3780 γένει,
3514 3710 3590 3774 ὥς
3636 3728 3740 3764 που
3786 3712 3955 3765 Βίωνι
3978 3713 4058 3778 γέ-

2509 3818 2751 3872 γραπται
2796 3803 2891 3854 καὶ
2940 3800 3275 3871 Ἀλεξάνδρῳ
3320 3802 3399 3871 τῷ
3451 3801 3790 3871 Πολυΐστορι,
3849 3802 3957 3866 ἓως
4007 3805 4058 3864 ἐς

2512 3892 2926 3963 Σαρδανάπαλον
2941 3893 3008 3955 ⁸³,
3041 3892 3116 3956 ὡς
3157 3892 3356 3946 ἐκεῖνοί
3393 3911 3545 3962 φασι,
3587 3893 3685 3964 τῆς
3717 3895 3899 3966 ἀρχῆς
3938 3897 4062 3949 ἀπο-

2516 3982 2899 4052 μαρανθείσης,
2951 3982 3227 4053 ’Δρϐἀκης
3270 3984 3301 4036 ό
3345 3983 3526 4053 Μῆδος
3566 3983 3661 4036 καὶ
3702 3983 4006 4048 Βέλεσυς*δ
4037 3986 4062 4036 ὁ

2513 4073 2847 4137 Βαϐυλώνιος
2868 4072 3175 4144 ἀφῄρηνται
3201 4074 3369 4146 αὐτὴν
3389 4075 3516 4137 τοὺς
3559 4075 3906 4144 ’Λσσυρίους.
3946 4077 4062 4128 καθ-

2513 4163 2724 4227 ελόντες
2749 4163 2842 4216 τὸν
2887 4161 3110 4232 βασιλέα
3135 4164 3228 4216 καὶ
3265 4164 3326 4227 ἐς
3361 4165 3424 4216 τὸ
3450 4163 3690 4232 Μηδικὸν
3735 4165 4064 4234 μετέστησαν

2516 4253 2684 4318 ἔθνος,
2711 4255 2771 4319 ἐξ
2797 4271 2859 4309 τε
2885 4256 2976 4308 καὶ
3002 4254 3329 4326 τριακοσίων
3361 4255 3461 4326 ήδη
3488 4255 3624 4326 πρὸς
3651 4258 3766 4318 τοῖς
3796 4257 3986 4325 χιλίοις
4033 4256 4062 4322 ἢ

2517 4347 2612 4398 καὶ
2626 4346 2672 4377 ⁸⁸
2699 4345 2862 4416 ὀλίγῳ
2891 4346 3170 4408 πλειόνων,
3212 4346 3349 4400 ἐτῶν
3387 4345 3820 4417 παρῳχηκότων,
3856 4347 3919 4410 εξ
3956 4341 4064 4400 ob"

2516 4435 2586 4488 τά
2607 4435 2796 4507 πρῶτα
2818 4437 2850 4489 ὁ
2872 4436 3033 4500 Νῖνος
3073 4437 3182 4490 τῶν
3204 4437 3390 4510 ἐκείνῃ
3429 4437 3691 4507 κατέσχεν
3715 4440 4064 4508 πραγμάτων.

861 4535 1034 4587 dorus
1058 4527 1218 4581 etiam
1254 4521 1471 4577 Siculus
1499 4519 1813 4574 assentitur.
1839 4515 1972 4571 Medi
2001 4516 2181 4585 itaque
2201 4530 2412 4570 rursum

2466 4531 2491 4586 )
2519 4526 2673 4580 Οὕτω
2702 4526 2810 4597 γὰρ
2843 4528 3055 4599 Κτησίᾳ
3081 4527 3160 4597 τῷ
3189 4528 3389 4599 Κνιδίῳ
3414 4529 3540 4592 τοὺς
3570 4528 3796 4598 χρόνους
3838 4531 4066 4598 ἀναγραο

871 4621 1156 4692 imperium
1189 4626 1314 4672 sunt
1346 4614 1561 4683 adepti,
1596 4611 1884 4681 omniaque
1922 4610 2164 4679 ipsorum
2213 4608 2418 4679 legibus

863 4714 1363 4773 constituebantur.
1417 4708 1553 4763 Cum
1614 4721 1745 4760 vero
1797 4705 1961 4760 etiam
1999 4705 2054 4758 lii
2103 4703 2263 4758 annis
2307 4719 2414 4756 non

870 4811 1052 4864 minus
1086 4803 1340 4860 trecentis
1371 4799 1600 4869 imperio
1620 4805 1802 4852 essent
1833 4796 2018 4866 potiti,
2053 4795 2227 4865 Cyrus
2259 4795 2418 4849 Cam-

869 4896 1017 4966 bysae
1040 4894 1182 4948 lilius
1233 4891 1462 4960 Astyage
1513 4887 1773 4941 debellato
1799 4886 1867 4940 ad
1903 4885 2086 4939 Persas
2133 4885 2416 4954 imperium

868 4985 1128 5043 traduxit.
1157 4980 1274 5049 Quo
1298 4988 1455 5050 pacto
1481 4977 1624 5032 enim
1658 4976 1709 5030 id
1737 4991 1847 5030 non
1875 4985 1992 5030 erat
2017 4974 2278 5039 facturus,
2296 4990 2416 5030 cum

2515 4613 2745 4687 ψαμένῳ
2776 4615 2868 4669 καὶ
2897 4618 3159 4690 Διόδωρος
3187 4617 3458 4690 ξύμφησιν
3479 4619 3508 4671 ὁ
3535 4617 3890 4688 Σικελιώτης.
3913 4619 4064 4688 Μῆδοι

2517 4707 2694 4760 τοίνυν
2737 4703 2892 4770 αὖθις
2945 4709 3242 4778 ἐκράτουν,
3293 4708 3387 4761 καὶ
3431 4709 3645 4762 ἀπαντα
3691 4711 3808 4771 τοῖς
3859 4711 4066 4763 ἐκείνων

2520 4797 2800 4850 ἐτάττοντο
2827 4796 3031 4867 νόμοις.
3071 4799 3204 4869 Ἔτη
3217 4798 3264 4829 δ”
3307 4797 3392 4870 [Ρ.
3430 4798 3521 4869 641
3571 4798 3629 4851 δὲ
3657 4801 3752 4853 καὶ
3782 4802 3990 4854 τούτων
4017 4803 4064 4853 ιν

2517 4889 2583 4957 τῇ
2621 4887 2762 4958 ἀρχῇ
2810 4888 3171 4942 διανυσάντων
3213 4889 3274 4942 ού
3309 4890 3458 4959 μεῖον
3485 4889 3520 4958 ἢ
3553 4890 3869 4958 τριακόσια,
3904 4890 4064 4960 Κῦρος

2517 4980 2546 5032 ὁ
2590 4979 2887 5049 Καμϐύσου
2934 4979 3024 5033 τδν
3089 4981 3388 5052 ’Δστυάγην
3438 4981 3939 5053 καταπολεμήσας,
3984 4983 4064 5038 ἐπὶ

2144 5133 2379 5189 νΑιῑιΑε
2418 5135 2819 5192 LECTIONES.

931 5278 974 5312 ⁸¹¹
1019 5276 1184 5354 ἀλλην
1209 5291 1263 5354 χ.
1293 5275 1606 5354 οὖτωηπολ.
1628 5274 1730 5327 οὐκ
1756 5269 1892 5354 οῖδα.
1927 5272 2024 5354 Sic,
2045 5273 2089 5326 ll
2121 5283 2178 5354 _et
2207 5274 2352 5354 vulg.
2383 5274 2548 5354 lnlpr.
2565 5275 2757 5343 legisse
2790 5274 3000 5354 videtur
3186 5293 3240 5344 γ.
3265 5275 3559 5354 1:91.09m
3585 5271 4061 5354 elaqueat}.

869 5349 1024 5404 οῦπω
1049 5341 1167 5399 πολ.
1202 5341 1370 5407 οὕτως
1399 5341 1534 5408 οἶδα,
1572 5360 1693 5398 nam
1727 5347 1914 5398 vertit:
1974 5343 2222 5397 Nondum
2267 5341 2404 5396 enim
2443 5341 2603 5396 aliam
2622 5341 2737 5397 rem
2779 5360 2832 5409 p.
2870 5347 2997 5397 vidi.
3073 5347 3118 5376 ⁸⁸

872 5420 1031 5478 Νίνος
1053 5417 1193 5484 vulg.

3160 5345 3563 5414 μεταϐαλούσας
3593 5345 3656 5398 ll.
3737 5347 3782 5379 ⁸’
3815 5350 3978 5412 Νῖνος
4007 5345 4060 5408 Β.

1269 5417 1313 5447 ⁸⁸
1345 5416 1564 5485 βεϐαίαν
1586 5415 1707 5485 add.
1731 5430 1796 5467 ex
1822 5413 1894 5485 μ,
1915 5414 2074 5481 intpr.
2099 5414 2440 5485 videturtunc
2459 5415 2685 5485 primum
2705 5415 2976 5485 imperium
2995 5413 3318 5483 obfirmaue.
3392 5417 3435 5448 "
3475 5415 3700 5468 Βελεοῦν
3733 5414 3801 5476 R,
3823 5417 4063 5471 Βελλεοῦν

873 5487 1017 5556 vulg.
1059 5481 1224 5556 lutpr.
1249 5481 1578 5556 cumis-orat
1597 5482 1782 5535 Belum
1810 5481 2106 5556 DecAortari.
2162 5482 2432 5556 Quidquid
2462 5481 2751 5549 scripserit
2787 5481 3069 5553 Agatliias,
3119 5485 3246 5556 illud
3268 5487 3433 5540 dubio
3474 5489 3916 5556 caret__eunnlem
3938 5506 4060 5546 esse.

874 5550 1051 5630 qui'in
1102 5550 1320 5630 _Canone
1366 5552 1672 5630 Eusebii‘et‘
1707 5552 1849 5618 apud
1897 5550 2509 5630 Syricellum__Belochas
2555 5561 2805 5630 vocatur;
2841 5550 3516 5630 'secumluimSyncellum
3548 5553 3667 5630 XIX‘
3726 5556 4060 5630 Assyriorum

878 5611 996 5686 Pe}.
1033 5627 1121 5679 cui
1161 5623 1481 5677 successerit
1519 5611 1795 5676 Βαιαιοτιὶε
1819 5661 1836 5684 ,
1893 5611 2031 5743 aﬁud

880 5697 1046 5743 huvit-
1081 5695 1292 5743 Balarus
1330 5696 1526 5743 dictus.
1567 5693 1624 5743 ἐς
1651 5690 1900 5743 τοσοῦτον
1979 5730 1995 5743 .

880 5697 1047 5760 bavit,
1081 5695 1292 5748 Balarus
1330 5696 1526 5746 dictus.
1567 5693 1624 5752 ἐς
1651 5690 1900 5743 τοσοῦτον
1930 5690 1995 5745 Β.

882 5765 1040 5834 Σαρδ.
1091 5765 1237 5834 addit
1281 5761 1372 5834 sub
1403 5778 1522 5834 quo,

2068 5620 2138 5722 ρ.
2179 5619 2565 5706 Hieronymum
2590 5620 2940 5701 .Bellcparea:
2991 5619 3366 5691 Eusebiofqui
3399 5635 3593 5680 uincta
3638 5619 3925 5681 fraudibus
3962 5640 4062 5682 Illi-

2095 5695 2115 5725 .
2145 5691 2453 5725 Πελνςφηηηρ
2484 5689 2524 5725 Ιιι
2591 5701 2734 5725 Inlnl-
2795 5692 3053 5725 [ἔλλαθι-συ..
3114 5695 3420 5725 “aI--4..-“
3447 5699 3572 5725 ιηιΙη
3667 5694 3715 5725 δ’
3749 5695 3897 5725 Ι-ιι-ι-
3960 5710 4061 5725 ...ηρ

1704 5689 2026 5780 ἔσοῦτονίξ.ι
2068 5691 2115 5780 ξ’
2145 5689 2463 5780 ρελητρρξς
2484 5689 2552 5754 Β,
2589 5690 3072 5780 ἰηιξρτλξξιιζίιατασ,
3114 5689 3420 5780 βελητάρααν
3447 5699 3590 5780 vulg.

1563 5761 1716 5834 quasi
1755 5761 1972 5834 legisset
2007 5761 2106 5834 ἐφ’⁸
2129 5759 2210 5834 οῦ.
2361 5759 2602 5834 Βέλεσυς
2630 5759 2698 5834 Β,
2741 5761 3006 5834 Βέλεῖσσυς
3044 5767 3189 5834 vulg.

3667 5694 3715 5726 “
3748 5695 3916 5764 Intpr.
3960 5710 4063 5764 post

3265 5766 3311 5796 ⁸³
3339 5764 3370 5834 ἦ
3399 5765 3506 5834 ,καί
3545 5767 3608 5823 lt.
3638 5765 3807 5832 intpr.
3839 5771 4058 5832 αυτ-καὶ

882 5822 1026 5902 vuig.
1057 5863 1124 5873 --
1153 5822 1462 5888 Secundum
1494 5822 1989 5901 Syi'icellum'ulitl.
2049 5822 2109 5862 ’⁸⁸
2139 5831 2197 5895 ἐξ
2226 5823 2286 5883 οὗ
2309 5829 2374 5897 ﬂ,
2402 5831 2494 5899 ἀφ’
2519 5822 2593 5884 οῦκ
2613 5831 2762 5901 vulg.
2815 5833 2922 5886 τῶν
2949 5822 3170 5888 tisi-iw;
3199 5834 3260 5887 ιι.
3307 5822 3459 5885 ⁸⁷’ἕτι
3492 5831 3533 5884 ll
3561 5822 3662 5888 oro
3690 5822 3809 5894 ἐτη.
