4212 6438
168 438 296 504 1393

1296 442 1837 506 IIISTORIARUM
1868 441 2101 501 LIBER
2129 443 2210 502 ΙΙ.

3247 442 3381 508 1394

161 557 452 620 λὲυτῶντες
472 558 570 626 τῆς
593 559 920 626 φιλονεικίας
951 560 1328 630 χαλεπαίνουσι
1360 561 1451 634 {l’.
1474 560 1564 631 68]
1599 559 1719 613 κατ’

1787 594 1794 617 ι
1824 565 1985 625 taque
2029 557 2382 614 altercatione
2437 559 2664 618 infensis
2696 561 2838 618 intem
2873 575 2934 616 se
2965 557 3166 613 animis
3206 557 3381 614 disse-

156 648 420 718 ἀλλήλων,
481 651 575 702 καὶ
625 651 928 720 ἀναφανδὸν
986 652 1470 726 διαλοιδοροῦνται,
1531 656 1712 723 φωνὰς

157 734 469 804 ἀσχήμονας
496 737 766 804 ἀφιέντες,
795 738 982 811 ὥσπερ
1008 743 1066 794 ἐν
1094 742 1278 809 κύϐοις
1303 744 1710 815 διαμαχόμενοι.

156 825 314 880 Οὕτω
339 843 400 880 τε
442 827 623 882 λύεται
652 831 835 896 αὐτοῖς
866 834 896 886 6
927 833 1097 902 ἀγὼν,
1135 837 1228 890 καὶ
1258 838 1412 908 μόλις
1435 838 1712 892 ἀπαλλάτ-

153 934 358 984 τονται,
405 921 696 987 δνήσαντες
729 924 826 994 μὲν
855 924 962 978 οὐδ’
999 927 1297 981 ὁπωστιοῦν
1333 929 1367 1002 ἢ
1402 928 1710 999 ὁνηθέντες,

155 1009 392 1079 ἔχθιστοι
438 1012 495 1066 δὲ
537 1014 662 1068 ἀντὶ
694 1016 863 1084 φίλων
896 1019 1270 1089 γεγενημένοι.
1296 1021 1387 1074 Ἐν
1409 1021 1619 1085 τούτοις
1651 1022 1711 1076 δὲ

152 1099 222 1154 τά
250 1101 439 1170 πρῶτα
464 1102 640 1173 λαχὼν
676 1108 706 1160 δ
737 1107 1018 1178 Ούράνιος,
1038 1107 1228 1182 ὥσπερ
1263 1112 1292 1164 δ
1325 1111 1455 1181 παρ’
1489 1111 1713 1181 Ὁμήρῳ

150 1193 440 1262 Θερσίτης,
481 1195 690 1265 ἐκολῴα
718 1199 812 1252 καὶ
840 1201 1204 1271 μακρηγορῶν
1239 1202 1339 1256 οὐκ
1383 1204 1542 1258 ἀνίει.
1575 1205 1713 1259 Καί-

149 1301 238 1337 τοι
279 1287 323 1318 ⁹⁸
365 1287 520 1340 οὐδὲν
552 1289 702 1360 αύτῷ
742 1293 874 1362 περὶ
915 1293 1051 1348 Θεοῦ
1093 1295 1326 1364 βεϐαίως
1353 1298 1546 1362 ἐδόκει,
1591 1297 1712 1352 οὐδὲ

151 1375 420 1442 ἠπίστατο
446 1379 594 1443 ὅπως
622 1381 726 1453 χρὴ
749 1384 808 1436 ὲν
835 1383 1044 1448 τούτοις
1070 1387 1452 1460 ἀντιφέρεσθαι
1481 1389 1548 1443 τά
1572 1391 1713 1444 είκό-

148 1483 241 1520 τα’
287 1471 437 1540 ὅμως
491 1471 586 1526 νῦν
647 1475 747 1543 μὲν
795 1477 861 1547 τῇ
903 1477 1094 1550 πρώτῃ
1135 1477 1282 1534 θέσει
1319 1479 1427 1534 τῶν
1468 1481 1712 1536 πεύσεων

148 1555 588 1628 ἐναντιούμενος,
636 1561 734 1616 νῦν
782 1563 841 1617 δὲ
884 1566 1016 1633 πρὶν
1061 1567 1450 1639 ἀποκρίνεσθαι
1497 1573 1543 1605 ⁸⁸
1581 1575 1711 1628 ἀντ-

144 1647 375 1716 ερωτῶν
397 1650 497 1712 τάς
529 1651 710 1715 αἰτίας
735 1654 848 1707 τῶν
885 1655 1301 1728 προϐλημάτων,
1334 1661 1396 1713 ού
1422 1662 1712 1736 ξυνεχὼρει

143 1739 210 1790 ὲν
239 1739 428 1812 κόσμῳ
454 1741 592 1797 ἰέναι
617 1743 710 1799 τὸν
734 1745 908 1816 λόγον,
937 1748 1074 1803 ἀλλά
1115 1751 1462 1822 διετάραττεν
1504 1757 1568 1810 τὸ
1611 1773 1713 1812 σα-

147 1829 273 1924 φὲς,
315 1831 410 1885 καὶ
453 1834 553 1904 τὴν
594 1835 810 1906 εὕρεσιν
839 1839 1102 1896 ἀνεσόϐει.
1153 1842 1439 1900 Ἦϐούλετο
1478 1848 1576 1917 μὲν
1601 1849 1710 1924 γὰρ

142 1921 248 1988 τὴν
291 1925 580 1996 ὲφεκτικὴν
611 1927 949 2000 καλουμένην
985 1931 1180 2006 ζηλοῦν
1219 1935 1530 2006 ἐμπειρίαν.
1568 1921 1710 1996 κατά

138 2025 210 2063 τε
240 2011 510 2084 Πύρρωνα
522 2016 625 2070 καὶ
655 2018 845 2084 Σέξτον
871 2020 918 2053 ⁸³
949 2024 1050 2085 τάς
1080 2024 1397 2097 ἀποκρίσεις
1416 2029 1705 2098 ποιεῖσθαι,

144 2103 247 2156 καὶ
293 2104 442 2170 τέλος
488 2107 632 2178 ἔχειν
673 2111 773 2181 τὴν
818 2113 1114 2184 ἀταραξίαν
1148 2117 1228 2189 τῷ
1271 2120 1435 2192 μηδὲν
1461 2120 1507 2154 ³⁸
1533 2122 1709 2177 ὁτιοῦν

138 2193 359 2250 οἴεσθαι
383 2197 585 2268 ληπτὸν
619 2203 666 2236 ’³
697 2203 1041 2263 καθεστάναι·
1072 2209 1212 2281 πλὴν
1245 2211 1361 2266 ἀλλ’
1381 2213 1501 2268 οὐδὲ
1535 2214 1710 2271 ταῦτα

141 2286 513 2357 ἀποχρώντως
531 2291 866 2365 ἐμεμαθήκει
886 2296 918 2368 ἧ
939 2297 1063 2354 ὅσον
1090 2301 1476 2370 ἀπομάξασθαι
1501 2307 1708 2378 σπορά-

140 2378 244 2471 δην
273 2381 369 2436 καὶ
390 2383 667 2454 ἐλάχιστόν
691 2405 744 2442 τι
769 2389 1024 2461 θηρᾶσαι.
1051 2395 1145 2450 καὶ
1171 2397 1296 2462 τοὺς
1315 2399 1564 2471 οὐδαμῶς
1586 2419 1710 2458 παι-

138 2470 295 2536 δείας
355 2477 739 2550 μετειληχότας
782 2483 1055 2557 ὲξαπατᾷν
1116 2486 1372 2544 δύνασθαι
1425 2470 1520 2547 καὶ
1564 2510 1708 2566 παρ-

139 2565 326 2630 άγειν.
356 2566 452 2618 Ὣν
482 2567 540 2622 δὲ
569 2571 676 2642 ἄρα
705 2572 751 2605 ⁸⁸
772 2575 832 2626 ὲν
858 2575 1036 2644 λόγοις
1063 2578 1300 2650 ἀμαθὴς,
1335 2581 1472 2637 ἀλλά
1499 2565 1708 2654 ἀμαθέ-

142 2656 338 2727 στερός
362 2675 425 2724 γε
456 2659 700 2732 ὑπῆρχεν
726 2665 817 2719 τδν
839 2666 972 2736 βίον.
1006 2669 1094 2732 Ἐς
1119 2671 1229 2741 γὰρ
1251 2671 1322 2725 τά
1353 2671 1578 2742 δώματα
1599 2675 1709 2732 τῶν

136 2746 480 2818 εὐδαιμόνων
511 2751 622 2818 ίὼν,
656 2758 751 2812 καὶ
789 2760 1099 2830 σιτούμενος
1141 2763 1375 2833 ἀφειδῶς
1414 2767 1484 2820 τὰ
1531 2785 1709 2823 ποικιο

139 2837 359 2931 λιίντερα
397 2843 443 2874 ⁸⁷
464 2844 575 2897 τῶν
605 2847 901 2918 ἐδωδίμων,
939 2851 1090 2921 θαμά
1117 2871 1174 2906 τε
1204 2856 1404 2926 ὁμιλῶν
1444 2861 1508 2930 τῇ
1552 2859 1709 2931 θηρι-

142 2929 315 3001 κλείῳ
362 2934 456 2988 καλ⁸
493 2935 673 3006 λόγοις
710 2941 991 3012 χρώμενος
1037 2946 1142 2999 ὑπὸ
1171 2948 1338 3019 μέθης
1379 2929 1707 3022 αίσχροῖςντε

138 3023 290 3088 ἄγαν
315 3027 410 3078 καὶ
443 3029 782 3096 ἀκολάστοις,
811 3033 1024 3103 γέλωτα
1050 3037 1390 3108 ιῦφλίσκανεν
1433 3044 1706 3110 πλεῖστον,

134 3112 222 3176 ὡς
251 3116 343 3167 καὶ
375 3118 627 3174 παίεσθαι
657 3123 816 3192 τυχὸν
857 3127 948 3179 ἐπὶ
979 3128 1198 3200 κόρρης,
1239 3133 1335 3186 καὶ
1373 3136 1487 3198 τοῖς
1523 3136 1706 3190 ὲκπὼο

1811 648 1949 702 dunt
2000 658 2055 703 et
2107 652 2309 721 apertis
2356 653 2620 708 conviciis
2672 668 2794 709 sese
2843 661 3034 708 mutuo
3081 651 3380 714 lacessunt,

1814 744 1997 806 turpes
2024 754 2182 795 voces
2193 741 2521 804 emittentes,
2546 744 2718 798 instar
2743 743 3040 798 aleatorum
3063 738 3378 797 rixantium.

1809 831 1989 899 Atque
2035 831 2104 885 ita
2131 832 2363 886 solvitur
2390 833 2519 902 ipsis
2555 845 2850 899 certamen,
2893 847 3142 904 egreque
3177 830 3378 888 .disce-

1809 923 1964 987 dttnt,
2027 923 2186 994 129
2233 925 2382 980 nullo
2432 941 2556 981 cum
2608 927 2787 982 fructu
2831 927 2960 982 dato
3004 925 3091 979 vel
3120 932 3377 994 accepto;

1810 1013 2058 1066 acerrimi
2103 1029 2230 1069 vero
2283 1015 2466 1071 hostes
2516 1033 2582 1070 ev
2631 1018 2824 1075 amicis
2872 1016 3024 1072 facti.
3095 1015 3242 1070 Inter
3279 1013 3380 1068 hos

1811 1104 2015 1171 primas
2033 1105 2287 1160 obtinens
2316 1106 2419 1162 iste
2447 1105 2704 1172 Urnnius,
2749 1108 2972 1180 perinde
2995 1116 3159 1178 atque
3183 1104 3380 1160 Home-

1809 1194 1956 1250 ricus
2001 1195 2089 1251 ille
2137 1195 2446 1264 Thersites,
2496 1201 2926 1255 tumultuabatur
2963 1207 3039 1254 °et
3089 1198 3377 1252 verborum

1811 1287 2019 1342 nullum
2071 1287 2303 1343 faciebat
2339 1291 2535 1356 linem;
2577 1291 2711 1347 nihil
2766 1306 2894 1348 vero
2939 1290 3104 1347 solidi
3147 1292 3216 1344 de
3272 1287 3381 1342 Deo

1809 1375 2097 1442 sentiebat,
2146 1391 2324 1443 neque
2368 1379 2595 1443 sciebat,
2648 1380 2921 1449 quomodo
2941 1387 3217 1450 oporteret
3251 1392 3380 1448 pro.-

1810 1467 2010 1522 babilia
2049 1482 2354 1538 opponere;
2388 1471 2746 1527 nihilominus
2779 1479 2962 1527 tamen
2994 1471 3157 1527 modo
3189 1472 3378 1540 prima

1810 1560 1950 1616 thesi
2005 1561 2485 1635 interrogationum
2551 1567 2970 1630 contradicens,
3035 1565 3199 1620 modo
3257 1579 3380 1619 vero

1812 1653 2130 1724 priusquam
2159 1657 2532 1726 responderet,
2561 1667 2746 1712 contra
2796 1658 3141 1728 interrogans
3184 1669 3381 1711 causas

1812 1747 2198 1814 questionum,
2244 1762 2352 1802 non
2407 1749 2620 1804 sinebat
2684 1749 3132 1820 disceptationem
3189 1747 3380 1802 ordine

1814 1839 2134 1905 procedere;
2161 1839 2255 1892 sed
2289 1848 2477 1908 aperta
2501 1838 2862 1906 confundens,
2903 1839 3163 1894 emciebat
3201 1847 3263 1893 ut
3299 1837 3378 1892 rei

1809 1928 2051 1997 quaesita
2076 1929 2277 1986 veritas
2329 1929 2564 1986 emicare
2617 1931 2962 2003 invenirique
3012 1945 3124 1986 non
3169 1938 3375 2000 posset.

1816 2018 2034 2076 Volebat
2056 2021 2202 2076 enim
2246 2023 2580 2093 ephecticem
2611 2034 2858 2079 vocatam
2884 2023 3226 2094 disciplinam
3249 2020 3378 2093 (qua

1802 2113 2066 2183 judicium
2083 2113 2152 2169 de
2170 2115 2361 2183 quavis
2378 2129 2436 2169 re
2459 2117 2734 2186 proposita
2762 2115 3134 2186 suspenditur)
3149 2113 3376 2179 imitari,

1805 2215 1860 2260 ct
1899 2205 2052 2275 juxta
2100 2205 2434 2278 Pyrrhonem
2483 2216 2539 2261 et
2617 2205 2840 2263 Sextum
2885 2206 3219 2277 Empiricum
3285 2220 3377 2258 re-

1806 2297 2129 2365 sponsiones
2171 2296 2387 2366 facere;
2421 2296 2691 2369 ﬁnemque
2732 2299 2995 2370 consequi
3049 2297 3376 2353 vacuitatem

1806 2389 2226 2459 perturbationis
2279 2389 2335 2444 in
2395 2390 2615 2456 animo,
2685 2391 3054 2447 existimando
3111 2391 3373 2446 nimirum

1808 2480 1942 2534 nihil
1969 2495 2111 2547 esse,
2138 2481 2284 2552 quod
2337 2483 2540 2551 percipi
2597 2484 2942 2539 intellectnve
2986 2482 3374 2553 comprehendi

1807 2582 2012 2644 posset.
2072 2573 2145 2628 At
2198 2587 2271 2629 ne
2317 2573 2432 2630 haec
2469 2574 2686 2642 quidem
2708 2574 3089 2644 perdidicerat.
3127 2575 3221 2629 sed
3257 2583 3378 2628 tan-

1807 2671 1920 2718 tum
1949 2664 2282 2734 degustarat,
2323 2671 2379 2719 et
2413 2665 2661 2734 exiguam
2690 2666 2980 2733 quamdam
3004 2663 3372 2734 cognitionem

1805 2766 2134 2812 consecutus
2157 2764 2296 2822 erat,
2325 2771 2433 2826 qua
2455 2771 2549 2812 eos
2576 2757 2670 2825 qui
2699 2757 2838 2812 hanc
2861 2757 3201 2826 disciplinam
3223 2772 3372 2811 nun-

1805 2864 1971 2917 quam
2015 2849 2323 2914 attigerant,
2365 2847 2552 2902 fallere
2591 2863 2654 2904 ac
2703 2849 3100 2904 circumvenire
3161 2863 3365 2918 posset.

1808 2939 1864 2994 In
1893 2941 2089 2995 litteris
2115 2954 2244 2995 vero
2271 2938 2423 2993 rudis
2456 2953 2582 2994 cum
2615 2949 2780 3003 esset,
2809 2940 2866 2993 in
2913 2955 3016 2993 usu
3047 2938 3168 2993 vitae
3204 2938 3378 2993 multo

1807 3042 1924 3086 erat
1956 3029 2146 3084 rudior
2174 3040 2338 3099 atque
2361 3030 2626 3086 inscitior.
2679 3029 2992 3084 Lautiorum
3016 3029 3162 3084 enim
3185 3029 3380 3084 domos

1809 3122 2184 3192 frequentans,
2222 3121 2498 3191 variisque
2521 3121 2661 3176 cibis
2693 3136 2753 3176 se
2771 3121 3134 3190 ingurgitans,
3151 3128 3206 3173 et
3234 3117 3378 3172 The-

142 3219 318 3271 μασιν
350 3205 539 3278 ὥσπερ
563 3212 669 3264 τινὶ
701 3213 1039 3290 ἑωλοκρασία
1076 3220 1137 3272 τὸ
1172 3223 1464 3292 πρόσωπον
1501 3231 1711 3298 καταρ-

1812 3215 2038 3270 ricleum
2087 3214 2344 3283 poculum
2373 3213 2679 3282 frequenter
2705 3214 2790 3268 ori
2807 3213 3124 3276 admovens,
3166 3209 3375 3265 verbis-

141 3295 448 3366 ῥαίνεσθαι,
474 3302 565 3354 καὶ
594 3298 734 3358 εἶναι
761 3307 938 3360 κοινὸν
963 3309 1182 3382 ἄθυρμα
1208 3313 1316 3366 τῶν
1351 3295 1702 3385 δαιτυμόνων,

135 3389 210 3441 οὗ
481 3394 531 3447 οί
565 3395 910 3462 γελωτοποιοὶ
941 3403 1035 3456 καὶ
1068 3406 1371 3476 μιμολόγοι.
1407 3410 1567 3463 ’Λλλά
1597 3411 1706 3484 γὰρ

138 3481 352 3574 focos-os
376 3482 513 3574 ὣνὸ
536 3487 820 3555 Οὐράνιος.
842 3487 978 3563 ⁴ἧκέν
1005 3513 1134 3550 ποτε
1156 3500 1304 3570 παρά
1334 3504 1460 3566 τοὺς
1493 3481 1708 3574 Πέρσας

139 3568 255 3660 ea».
287 3570 619 3660 ’Δρεοϐίνδου
641 3579 688 3610 ⁸⁸
716 3580 810 3632 τοῦ
850 3584 1184 3654 πρεσϐευτοῦ
1206 3568 1540 3660 ἀπηγμένος.
1574 3568 1706 3646 λΑτέ

137 3658 212 3727 δὴ
239 3659 493 3715 ἀπατεὼν
529 3666 621 3718 καὶ
670 3667 944 3739 κόθορνος,
995 3674 1089 3727 καὶ
1122 3672 1233 3740 οἷος
1267 3658 1374 3748 τὴν
1405 3682 1504 3734 οὐκ
1543 3677 1707 3735 οὖσαν

139 3749 328 3818 ἑαυτῷ
386 3760 688 3824 περιποιεῖν
734 3761 1050 3832 εὐκοσμίαν,
1115 3767 1312 3821 αὐτίκα
1363 3771 1456 3834 ὅγε
1517 3773 1708 3844 στολὴν

142 3839 254 3907 μὲν
287 3843 342 3933 at
378 3843 684 3916 ἠμπίσχετο
715 3853 1070 3924 σεμνοτάτην,
1120 3858 1312 3912 ὁποίαν
1355 3839 1725 3933 παρἰήμτνι

133 3934 195 3984 οἱ
225 3932 335 3987 τῶν
365 3936 539 4006 λόγων
579 3939 890 4014 καθηγηταὶ
927 3949 1020 3998 καὶ
1049 3948 1356 4004 διδάσκαλοι
1382 3932 1708 4024 ἀμφιέννυν-

137 4039 260 4116 ται,
289 4025 432 4078 οὕτω
451 4027 532 4090 δὲ,
560 4031 776 4103 σοϐαρῷ
807 4035 968 4106 δῆθεν
1003 4040 1098 4091 καὶ
1134 4040 1385 4112 ἐμϐριθεί
1424 4047 1503 4114 τῷ
1539 4061 1708 4116 προσο

137 4114 305 4207 ὡπῳ,
339 4119 590 4187 ὲσεφοίτα
622 4125 696 4187 ὡς
735 4127 756 4158 ³
791 4128 882 4180 τὸν
923 4129 1189 4201 Χοσρόην.
1234 4133 1292 4186 '0
1333 4134 1390 4186 δὲ
1426 4136 1505 4206 τῷ
1533 4114 1710 4207 παρα·

132 4206 286 4277 δὸξῳ
313 4208 541 4280 θεάματι
585 4218 1123 4291 καταπεπληγμένος,
1152 4224 1245 4277 καὶ
1288 4226 1432 4296 ἱερόν
1479 4244 1532 4282 τι
1568 4206 1708 4284 εἶναι

135 4300 386 4392 εἰκάζων
416 4305 478 4355 τὸ
511 4308 714 4376 χρῆμα,
751 4312 845 4364 καὶ
886 4313 1169 4383 φιλόσοφον
1203 4319 1362 4372 αὑτὸν
1397 4320 1474 4384 ὡς
1497 4321 1710 4392 ἀληθῶς

137 4391 496 4485 ὑποτοπήσας
559 4398 721 4467 (οὕτω
771 4403 792 4434 ³
841 4405 948 4476 γὰρ
999 4407 1163 4460 αὐτοῦ
1215 4411 1309 4462 καὶ
1353 4391 1706 4485 ὠνομάζετο),

1805 3322 1908 3377 que
1969 3318 2129 3360 utens
2179 3320 2288 3374 pra:
2337 3304 2652 3360 temulentis
2705 3304 2857 3358 valde
2911 3303 3160 3372 turpibus
3213 3311 3380 3369 atque

1804 3395 2550 3463 obscenis,|udibrio_habitus
2566 3406 2651 3450 est
2666 3396 2924 3463 maximo,
2938 3395 3074 3452 adeo
3089 3402 3148 3448 ut
3162 3391 3381 3464 etl3o

1804 3487 2058 3557 colaphis
2105 3485 2406 3541 caederetur
2427 3485 2718 3554 interdum,
2751 3493 2809 3540 et
2833 3484 3045 3557 cyathis
3072 3483 3237 3538 veluti
3269 3481 3378 3551 pri-

1787 3580 2092 3634 ‘dianorum
2148 3578 2468 3647 poculorum
2521 3577 2768 3647 reliquiis
2797 3575 2964 3632 facies
2992 3577 3039 3631 ei
3089 3573 3378 3645 perfunde—

1806 3679 1976 3732 retur,
1997 3679 2050 3724 et
2077 3670 2332 3725 omnibus
2357 3679 2504 3724 esset
2545 3668 2986 3724 convivatoribus
3017 3667 3376 3729 deridiculos,

1807 3776 1916 3816 non
1949 3762 2131 3816 minus
2187 3776 2353 3831 quam
2387 3761 2683 3826 moriones,
2733 3761 3023 3815 histriones
3073 3766 3376 3813 etscurrte.

1807 3853 1884 3907 Ac
1913 3853 2036 3906 talis
2063 3851 2282 3921 quidem
2303 3867 2428 3908 cum
2448 3862 2595 3908 esset
2620 3851 2877 3916 Uranius,
2906 3851 2972 3905 ad
2995 3849 3190 3904 Persas
3211 3849 3376 3910 venit;

1809 3943 1876 3997 ab
1906 3941 2222 3998 Areobindo
2238 3943 2472 4010 quodam
2505 3943 2682 4012 legato
2701 3942 2992 3996 adductus.
3014 3938 3086 3996 Ut
3115 3940 3380 4007 impostor

1806 4043 1860 4090 et
1911 4032 2165 4089 cothurni
2231 4033 2760 4097 instar'versatilis,
2845 4031 3050 4101 quique
3130 4027 3377 4084 ﬁctiliam

1809 4141 2019 4180 morum
2076 4127 2500 4181 concinnitatem
2537 4141 2646 4194 pra:
2687 4140 2746 4180 se
2784 4122 2929 4178 ferre
2960 4129 3140 4188 norat,
3176 4121 3378 4175 hones-

1810 4218 2076 4274 tissimam
2123 4219 2225 4273 sibi
2256 4227 2459 4273 vestem
2499 4218 2693 4279 induit,
2738 4215 2889 4285 quali
2921 4213 3064 4284 apud
3095 4226 3198 4266 nos
3233 4211 3378 4266 litte-

1807 4325 1991 4364 rarum
2038 4311 2374 4380 professores
2431 4311 2791 4378 doctoresque
2842 4316 3100 4372 utuntur;
3164 4314 3222 4360 et
3262 4305 3376 4370 sic,

1809 4407 2000 4462 tetrico
2037 4423 2100 4461 ac
2121 4408 2268 4478 gravi
2311 4408 2480 4469 vultu,
2513 4407 2577 4460 ad
2618 4405 2894 4460 Chosroen
2943 4403 3222 4474 ingressus
3269 4410 3374 4462 est.

134 4484 387 4553 ἄσμενός
407 4504 468 4540 τε
489 4485 625 4543 εἶδεν
654 4493 748 4547 καὶ
769 4495 1100 4568 φιλοφρόνως
1133 4499 1416 4564 ἐδεξιοῦτο.
1447 4506 1557 4560 Καὶ
1591 4484 1708 4561 εἶτα

1810 4499 1903 4569 qui
1937 4499 2173 4553 novitate
2202 4500 2492 4567 spectaculi
2532 4499 2831 4568 perculsus,
2859 4505 2914 4551 et
2939 4494 3144 4565 aliquid
3179 4493 3378 4548 divina:

133 4572 619 4646 ξυγκαλεσάμενος
662 4583 787 4645 τοὺς
823 4585 1049 4654 μάγους,
1091 4589 1149 4650 ὲς
1179 4589 1366 4658 λόγους
1393 4594 1542 4664 αύτῷ
1576 4598 1707 4650 καθ-

1811 4597 1888 4650 rei
1916 4611 2036 4650 esse
2064 4597 2412 4666 imaginatus,
2459 4607 2510 4650 et
2539 4595 2921 4665 philosophum
2960 4607 3150 4648 revera
3197 4591 3374 4660 ipsum

135 4667 337 4720 ίστατο
367 4670 630 4736 γενέσεώς
658 4691 718 4726 τε
755 4678 848 4729 καὶ
874 4679 1088 4745 φύσεως
1122 4682 1268 4752 πέρι,
1298 4684 1389 4737 καὶ
1417 4687 1466 4738 εἰ
1495 4687 1612 4740 τόδε
1646 4689 1706 4742 τὸ

135 4761 259 4812 πᾶν
279 4761 632 4829 ἀτελεύτητον
661 4765 832 4828 ἔσται,
865 4771 958 4823 καὶ
980 4771 1206 4844 πότερον
1241 4776 1370 4846 μίαν
1405 4777 1506 4848 τὴν
1533 4780 1705 4836 ἀπάν-

133 4869 258 4904 των
281 4853 454 4923 ἀρχὴν
483 4859 784 4924 νομιστέον.

1811 4705 1932 4744 esse
1961 4700 2108 4744 ratus
2145 4693 2290 4760 (nam
2323 4701 2376 4743 et
2403 4690 2474 4744 ita
2506 4690 2577 4743 ibi
2627 4687 2989 4758 vocitabatur)
3027 4687 3200 4741 libens
3249 4700 3376 4741 eum

1813 4782 2152 4852 benigneque
2223 4783 2457 4851 excepit.
2524 4781 2852 4836 Convocatis
2925 4788 3108 4835 autem
3180 4778 3375 4845 magis,

1813 4889 2093 4930 sermones
2129 4890 2250 4927 cum
2278 4890 2341 4926 eo
2369 4873 2591 4926 miscuit
2616 4875 2681 4926 de
2711 4874 3058 4942 generatione
3079 4881 3134 4926 et
3160 4881 3376 4936 natura,

133 4951 202 4998 et
253 4958 325 4997 an
369 4943 472 4999 hoc
510 4947 821 5003 universum
881 4949 1001 5006 ﬂuis
1049 4967 1242 5025 expers
1275 4955 1516 5013 futurum
1550 4970 1714 5028 esset,
1754 4971 1808 5017 ct
1861 4980 1928 5018 an
1959 4981 2127 5019 unum
2158 4980 2335 5019 rerum
2373 4965 2616 5018 omnium
2649 4965 2978 5034 principium
3019 4965 3088 5018 sit
3120 4973 3374 5018 statuen—

134 5041 448 5164 “uitiata
481 5112 544 5180 δὴ
575 5109 667 5167 οὖν
703 5117 732 5167 ὁ
764 5116 1021 5186 Οὐράνιος
1051 5123 1260 5190 καίριον
1289 5122 1387 5192 μὲν
1421 5125 1574 5178 οὐδὲν
1593 5127 1706 5180 ὁτιο

129 5200 241 5254 οῦν
261 5199 351 5272 [Ρ.
392 5201 482 5273 691
515 5202 717 5271 ἔλεγεν,
740 5205 856 5260 ούδὲ
881 5224 942 5273 γε
969 5209 1066 5279 τὴν
1097 5211 1268 5280 ἀρχὴν
1298 5213 1567 5270 διενοεῖτο·
1609 5218 1706 5288 μό-

137 5313 221 5364 νῳ
278 5293 336 5346 δὲ
377 5294 453 5364 τῷ
505 5293 706 5366 θρασύς
756 5315 816 5350 τε
867 5297 1006 5354 εἶναι
1056 5302 1149 5356 καὶ
1214 5305 1635 5374 στωμυλώτατος
1659 5311 1704 5373 ⁸,

1878 5127 1965 5180 '50.
1981 5126 2118 5180 Tum
2143 5127 2322 5195 itaque
2343 5125 2582 5181 Uranins
2611 5125 2744 5178 nihil
2767 5124 2987 5194 quidem
3011 5131 3374 5193 Opportunum

1809 5217 2038 5281 diccbat,
2071 5232 2246 5285 neque
2279 5231 2502 5286 prorsus
2533 5215 2890 5284 intelligebat,
2925 5217 3038 5268 sola
3074 5231 3201 5268 vero
3235 5229 3372 5282 pra:-

1810 5309 2023 5364 ﬁdentia
2055 5318 2108 5362 et
2137 5309 2282 5362 inani
2311 5308 2507 5377 linguae
2539 5308 2892 5372 volubilitate,
2915 5307 3375 5374 quemadmodum

1417 5458 1651 5514 VARI/13
1701 5459 2104 5516 LECTIONES.

219 5573 656 5648 "pupqyogév
673 5582 727 5648 (ft
746 5574 887 5648 civici
903 5573 968 5638 Β,
985 5578 1364 5646 μακρηγοροῦν
1380 5589 1430 5630 et
1452 5579 1604 5648 ἀνήει
1626 5579 1770 5648 vulg.
1825 5579 1870 5610 "
1893 5577 2278 5648 ἀποκρίνεσθαι
2300 5576 2362 5634 ιι.
2380 5573 2935 5648 amicpivasﬁatynlg.
2990 5573 3037 5606 ”
3059 5573 3283 5648 Σέξστον
3309 5573 3372 5628 ll.

134 5645 192 5730 ιξ
210 5645 325 5730 τοῖς
346 5643 513 5730 μηδὲν
529 5643 607 5730 ΑΙὶ.
630 5644 932 5730 Μ⁹⁸⁸λοιπὸν
959 5643 1022 5730 ιι,
1095 5643 1274 5730 νν’-ἄρέι
1299 5643 1642 5730 Ruﬁo-vnlg.
1701 5643 1744 5680 ’ἦ
1774 5643 2117 5730 ποικιλότερα
2159 5646 2218 5699 ιι.
2253 5649 2297 5730 ξ*
2325 5643 2657 5730 Ἀριεοϐῃίνδου
2685 5645 2750 5711 Β,
2777 5643 2929 5730 ﬁniti.
2963 5660 3009 5698 s.
3039 5659 3088 5696 ν.
3113 5643 3373 5730 ρζῦράνιος

131 5726 202 5770 ct
231 5715 474 5786 interpr._
499 5714 804 5786 ’Δρεϐίνδου
833 5716 974 5786 vulg.
997 5713 1316 5786 ἀπηγμένος
1355 5713 1533 5782 81ἰίι1.,
1571 5713 1794 5786 interpr.
1826 5713 2365 5786 ductusfa'gtypéva;
2393 5713 2448 5769 ll
2477 5725 2528 5768 et
2563 5715 2706 5776 vnlg.
2783 5716 2828 5746 ”
2860 5715 2955 5785 μὲν
2988 5729 3098 5786 om.
3133 5713 3372 5786 illiw):-

135 5781 964 5862 (σκετο.εικάμπίσχεταιλνιιιίξ.
1027 5781 1169 5862 ὶάρί
1193 5788 1322 5858 ἡμῖν
1345 5787 1410 5843 ιι.
1437 5781 1802 5859 ἀμφιέννυται
1828 5789 1949 5844 edd.
2031 5789 2050 5818 ⁸
2078 5781 2152 5849 ὡς
2180 5781 2290 5840 om.
2323 5785 2386 5840 li.

135 5851 251 5922 pro
283 5851 503 5906 αὖτοῦζ
543 5853 564 5884 ⁵
597 5851 998 5924 στωμυλότατος
1027 5855 1089 5910 Β.

2489 5785 2510 5816 ³
2535 5785 2697 5848 αὐτὸς
2735 5803 2834 5838 που
2862 5783 3012 5854 conj.
3051 5784 3185 5840 Bon.
3221 5783 3351 5838 Volc
