4212 6438
188 445 316 504 13θῖ

1323 449 1854 508 ΙῙῙΞΤΟΒΙΛΒΠΜ
1883 447 2108 506 LIBER
2148 447 2218 506 Π.

3278 447 3411 510 1398

183 571 271 614 νος
315 561 418 605 καί
459 561 640 622 putent
685 554 856 624 ἠξίου,
908 559 957 610 οἱ
1009 557 1064 609 δὲ
1111 558 1330 626 ἄμεινον
1371 557 1510 616 εἶναι
1556 561 1737 629 σφίσιν
1768 566 1846 618 Al

1768 566 1809 618 Α
1844 560 1986 609 niam
2027 573 2132 610 non
2182 555 2448 616 ferentes,
2483 555 2766 608 confestim
2813 553 2935 605 inde
2970 570 3028 606 se
3071 563 3405 624 receperunt-

184 645 432 714 ἡγοῦντο,
465 646 749 711 ἐπιὸάντες
773 649 932 717 μόνον
957 650 1066 703 τῶν
1097 650 1419 722 Ῥωμαϊκῶν
1440 651 1623 721 ὁρίων,
1653 652 1743 704 αὐ-

180 740 330 802 τίκα,
354 739 495 792 οὕτω
518 743 816 812 παρασχὸν,
842 745 935 796 καὶ
955 743 1224 809 τεθνάναι,
1257 745 1290 815 ἢ
1322 745 1570 816 μένοντες
1594 749 1742 815 παρὰ

182 830 423 898 Πέρσαις
459 830 567 884 τῶν
601 833 867 901 μεγίστων
894 834 1070 904 γερῶν
1101 836 1544 906 μεταλαγχάνειν.
1587 837 1745 892 Οὕτω

180 939 242 975 τε
287 924 523 988 ἅπαντες
569 926 750 978 οἶκαδε
798 927 1193 997 ἀπενόστησαν,
1242 929 1454 1000 χαίρειν
1500 929 1740 992 είπόντες

181 1016 249 1083 τῇ
279 1015 370 1066 τοῦ
397 1015 670 1086 βαρϐάρου
701 1017 998 1086 φιλοξενίᾳ.
1042 1017 1352 1072 ’Λπώναντο
1384 1020 1440 1073 δὲ
1466 1021 1614 1090 ὅμως
1643 1020 1740 1089 τῆς

186 1104 470 1174 ἐκδημίας,
515 1107 616 1159 οὐκ
661 1109 718 1159 ἐν
757 1107 950 1177 βραχεῖ
980 1126 1085 1160 τινι
1120 1109 1211 1162 καί⁵
1238 1110 1588 1180 ὴμελημένῳ,
1625 1110 1740 1163 ἀλλ’

181 1193 306 1247 ὅθεν
338 1196 518 1259 αὐτοῖς
542 1199 570 1248 ό
597 1198 791 1267 ἐφεξῆς
819 1199 931 1268 βίος
961 1201 1040 1264 είς
1074 1200 1132 1252 τὸ
1157 1199 1399 1270 θυμῆρες
1428 1218 1486 1253 τε
1508 1203 1600 1254 καὶ
1631 1202 1742 1271 ἥδι-

184 1303 312 1338 στον
355 1288 800 1357 ἀπετελεύτησεν.
847 1289 1062 1361 Ἐπειδὴ
1098 1290 1206 1361 γάρ
1255 1292 1374 1344 κατ’
1426 1293 1600 1344 ἐκεῖνο
1647 1290 1740 1343 τοῦ

189 1376 382 1445 χρόνου
427 1377 682 1447 Ῥωμαῖοί
717 1396 776 1432 τε
811 1381 904 1432 καὶ
933 1382 1133 1451 Πέρσαι
1163 1382 1392 1444 σπονδὰς
1440 1382 1620 1434 ἔθεντο
1649 1383 1741 1434 καὶ

184 1466 475 1537 ξυνοήκας,
505 1469 667 1540 μέρος
691 1471 898 1542 ὑπῆρχε
927 1473 1030 1526 τῶν
1057 1475 1174 1526 κατ’
1205 1475 1373 1536 αὐτὰς
1396 1475 1742 1545 ἀναγεγραμ-

185 1557 388 1625 μένων,
427 1561 491 1613 τδ
518 1561 628 1614 δεῖν
655 1563 893 1626 ἐκείνους
925 1565 1050 1628 τοὺς
1074 1565 1272 1635 ἄνδρας
1297 1567 1375 1629 είς
1405 1567 1471 1618 τά
1503 1567 1740 1637 σφέτερα

182 1648 292 1718 ἤθη
319 1651 600 1716 κατιόντας
629 1653 892 1723 βιοτεύειν
915 1656 1086 1719 ἀδεῶς
1119 1657 1362 1711 τολοιπὸν
1391 1659 1477 1726 ἐφ’
1507 1657 1738 1726 ἐαυτοϊς,

180 1738 338 1792 οὐδὲν
374 1741 551 1794 ὁτιοῦν
597 1745 740 1814 πέρα
769 1745 876 1798 τῶν
904 1748 1200 1803 δοκούντων
1237 1755 1472 1820 φρονεῖν,
1511 1755 1543 1826 ἧ
1577 1769 1740 1826 μεταο

1843 649 2000 717 Atqui
2037 646 2191 717 133
2223 647 2311 700 ille
2347 663 2441 701 eos
2476 647 2780 711 atlamahat,
2825 655 2989 713 utque
3017 655 3297 701 manerent
3324 663 3411 700 ro-

1842 743 2038 811 gabat;
2068 743 2168 810 ipsi
2209 755 2335 794 vero
2368 739 2540 810 magis
2565 755 2630 792 ex
2659 754 2714 792 re
2749 754 2846 792 sua
2874 751 2994 792 esse
3019 738 3331 800 censebant,
3365 740 3408 791 si

1842 835 1921 886 vel
1953 833 2212 888 immissis
2244 842 2448 886 tantum
2483 833 2534 886 in
2580 830 2950 884 Romanorum
2993 828 3126 883 lines
3160 830 3408 899 pedibus,

1841 927 2046 994 statim,
2075 927 2120 982 si
2151 926 2222 981 ita
2258 943 2358 981 usu
2393 927 2613 990 veniret,
2644 934 2984 978 niorerentur
3005 938 3169 994 quam
3195 923 3240 978 si
3267 924 3407 993 apud

1841 1019 2036 1074 Persas
2063 1026 2346 1073 manentes
2367 1017 2716 1084 amplissimis
2743 1015 3044 1070 honoribus
3067 1015 3411 1084 praetniisque

1841 1111 2200 1164 allicerentur.
2226 1112 2400 1180 Atque
2422 1111 2493 1162 ita
2522 1124 2705 1162 ornues
2725 1107 2946 1162 domum
2967 1107 3264 1170 redierunt,
3292 1107 3413 1159 bar-

1843 1205 1958 1257 bari
1991 1203 2131 1272 regis
2161 1203 2528 1272 hospitalitate
2550 1202 2726 1254 valere
2746 1201 2921 1270 jussa.
2950 1198 3206 1255 Fructum
3232 1209 3408 1252 tamen

1841 1311 1906 1349 ex
1946 1311 2008 1349 ca
2044 1297 2476 1364 peregrinatione
2511 1295 2811 1348 retulerant
2845 1293 2895 1345 in
2944 1307 3000 1345 re
3039 1292 3261 1344 minime
3293 1290 3411 1343 vul-

1842 1389 1954 1456 gari
1979 1398 2070 1440 aut
2096 1388 2523 1451 contemnenda;
2550 1385 2640 1438 sed
2671 1385 2811 1438 unde
2835 1385 2914 1438 eis
2938 1383 3193 1450 deinceps
3217 1383 3410 1450 jucun-

1841 1479 2064 1534 dissimc
2095 1494 2188 1548 per
2221 1495 2434 1531 omnem
2466 1479 2629 1531 vitam
2661 1487 2713 1530 et
2742 1491 2809 1529 ex
2846 1476 3007 1528 animi
3037 1474 3299 1529 sententia
3331 1474 3408 1526 vi-

1842 1585 1965 1624 vere
1999 1572 2170 1626 licuit.
2217 1571 2352 1624 Cnm
2400 1572 2543 1623 enim
2589 1586 2684 1639 per
2727 1569 2778 1622 id
2824 1578 3034 1636 tempus
3080 1567 3313 1620 Romani
3360 1575 3411 1620 et

1842 1661 2020 1717 Persae
2051 1679 2236 1732 pacem
2276 1677 2339 1716 ac
2370 1661 2544 1715 fmdus
2580 1663 2719 1712 inter
2757 1674 2876 1714 sese
2905 1657 3254 1740 pepigissent,
3300 1655 3412 1708 ha-e

1841 1757 2000 1809 etiam
2036 1756 2090 1810 in
2127 1754 2296 1825 pactis
2327 1753 2566 1808 conditio
2597 1751 2996 1814 continebatur,
3025 1749 3168 1819 quod
3205 1748 3302 1801 viri
3337 1747 3410 1799 illi

183 1827 405 1882 ϐάλλειν
423 1830 523 1898 τὴν
549 1833 808 1903 πατρῴαν
835 1835 991 1902 δόξαν
1022 1839 1511 1910 ἀναγκαζομένους.
1536 1845 1610 1898 Οὐ
1631 1845 1740 1918 γάρ
1844 1870 1846 1898 ;

1844 1846 1910 1902 ad
1937 1863 2065 1902 suas
2095 1847 2250 1902 sedes
2279 1844 2478 1900 reversi
2521 1843 2653 1898 citra
2692 1843 2858 1896 ullum
2895 1851 3096 1896 metum
3143 1843 3194 1894 in
3231 1851 3410 1910 poste-

181 1919 389 1989 ἀνῆκεν
414 1925 444 1976 ὁ
479 1925 722 1996 Χοσρόης
755 1929 828 1998 μή
852 1928 971 1998 οὐχὶ
996 1931 1090 1984 καὶ
1123 1932 1215 1985 ἐπὶ
1243 1933 1378 2004 τῷδε
1414 1936 1454 1967 ¹⁷
1488 1939 1744 2008 συστῆναι
1775 1927 1818 1984 Β

1775 1927 1818 1984 Β
1845 1955 1963 1994 rum
1988 1940 2063 1994 ibi
2088 1939 2282 2010 degere
2305 1945 2543 2008 possent,
2571 1950 2745 2004 neque
2767 1932 3058 2004 quidquam
3080 1948 3242 2003 quam
3269 1931 3407 2000 quod

179 2014 278 2066 καὶ
305 2019 525 2085 κρατεῖν
567 2019 666 2089 τὴν
689 2022 1013 2092 ἐκεχειρίαν.
1043 2025 1266 2092 Λέγεται
1293 2027 1350 2080 δὲ
1379 2029 1568 2095 αὐτοῖς
1603 2031 1742 2085 κατά

1843 2030 2136 2099 probarent
2179 2027 2380 2082 sentire
2430 2035 2522 2080 aut
2569 2024 2794 2094 patriam
2841 2023 3153 2092 opinionem
3202 2031 3411 2075 nmtare

180 2111 284 2176 τὴν
302 2109 637 2180 ἀποπορείαν
661 2112 959 2182 θαυμάσιόν
978 2134 1030 2168 τι
1047 2117 1232 2186 ἡλίκον
1250 2119 1342 2172 καὶ
1364 2122 1580 2192 μνήμης
1595 2122 1742 2187 ἄξιον

179 2197 583 2270 ξυνενεχθῆναι.
616 2204 1029 2270 Καταλύσαντες
1058 2210 1167 2279 γάρ
1194 2211 1251 2262 ἐν
1283 2211 1436 2283 ἀγρῷ
1462 2229 1569 2266 τινι
1603 2215 1741 2285 Περ-

177 2290 342 2360 σικῷ,
374 2291 666 2348 ἐθεάσαντο
700 2297 860 2366 σῶμα
887 2299 1081 2369 νεκρὸν
1119 2301 1406 2374 ἀνθρώπου
1436 2305 1738 2371 νεοθανοῦς,

181 2379 330 2434 οὕτω
358 2401 475 2447 πως
495 2385 702 2454 ἄταφον
734 2389 1084 2460 ἐρριμμένον.
1114 2395 1174 2445 υι
1198 2393 1253 2447 δὲ
1277 2393 1374 2466 τὴν
1401 2397 1741 2467 παρανομίαν

178 2471 278 2526 τοῦ
318 2474 654 2546 βαρϐαρικοῦ
681 2480 843 2550 νόμου
875 2483 1314 2554 κατελεήσαντες,
1351 2487 1446 2541 καὶ
1473 2489 1569 2558 οὐχ
1598 2489 1742 2544 ὅσιον

180 2559 328 2617 εἶναι
359 2565 648 2636 ἡγούμενοι
687 2571 948 2639 περιιδεῖν
975 2573 1035 2625 τὸ
1066 2573 1228 2643 μέρος
1262 2575 1617 2648 ἀδικουμένην
1645 2581 1744 2651 τήν

178 2655 370 2724 φύσιν.
401 2659 772 2727 περιέστειλάν
807 2680 866 2714 τε
902 2662 964 2715 τὸ
987 2664 1144 2734 σῶμα
1168 2665 1212 2697 ⁸⁸
1239 2666 1316 2729 ώς
1335 2663 1454 2720 οἷόν
1482 2686 1542 2724 τε
1568 2665 1636 2741 ἦν
1658 2671 1745 2725 διά

181 2745 296 2798 τῶν
335 2745 699 2818 θεραπόντων,
728 2752 821 2804 καὶ
858 2756 922 2824 τῇ
966 2757 1036 2826 γῇ
1073 2757 1485 2828 καταχώσαντες
1515 2762 1742 2833 ἔθαψαν.

197 2833 287 2899 Ὠς
316 2834 372 2887 δὲ
405 2836 693 2891 ἐκάθευδον
730 2839 968 2906 ἅπαντες
995 2845 1208 2916 ἐκείνης
1235 2851 1338 2919 τῆς
1359 2851 1570 2916 νυκτὸς,
1598 2853 1743 2918 ἔδοξέ

182 2938 271 2984 τις
287 2923 494 3013 αὐτῶν,
512 2927 621 2980 οὐκ
653 2924 771 2981 οἶδα
799 2929 856 2983 δὲ
891 2934 934 2963 ¹⁹
963 2933 1114 2998 ὅστις
1136 2937 1218 3006 (οὐ
1244 2939 1352 3008 γάρ
1378 2931 1746 3013 ἔχω’τοθνομα

183 3012 438 3082 φράσαι),
483 3017 627 3084 εδοξε
661 3019 792 3087 γοῦν
853 3022 1002 3091 ὅμως
1061 3027 1194 3096 όρᾷν
1251 3029 1372 3080 κατ’
1399 3029 1530 3102 ὄναρ
1565 3034 1612 3064 ⁸⁸
1652 3012 1745 3088 άν-

182 3108 292 3180 δρα
321 3111 654 3182 πρεσϐύτην,
689 3113 966 3184 γνώριμον
992 3114 1092 3185 μὲν
1115 3117 1383 3189 οὐδαμῶς,
1415 3122 1527 3176 οὐδ’
1552 3124 1673 3177 ὅσον
1697 3127 1741 3158 ’ί

187 3196 432 3261 είκάσαι,
455 3199 626 3263 ἄλλως
644 3201 701 3253 δὲ
725 3202 921 3272 σεμνὸν
951 3204 1046 3258 καὶ
1069 3205 1286 3272 αἰδοῖον,
1312 3211 1403 3264 καὶ
1431 3212 1744 3283 φιλοσοφίαν

189 3287 447 3340 ἀσκοῦντι
465 3289 508 3319 ¹²
525 3291 742 3359 ἐμφερῆ
761 3290 839 3360 τῷ
857 3309 916 3344 τε
939 3295 1174 3364 σχήματι
1194 3296 1292 3368 τῆς
1319 3300 1510 3370 στολῆς
1535 3305 1627 3355 καὶ
1649 3305 1742 3358 τοῦ

192 3377 454 3444 πώγωνος
480 3378 556 3449 τῷ
579 3379 696 3432 λίαν
715 3382 976 3452 ἐκκρεμεί
1006 3385 1100 3437 καὶ
1124 3386 1421 3459 ἀφειμένῳ,
1455 3394 1659 3464 ἐμϐοᾷν
1688 3413 1747 3448 τε

189 3466 342 3536 αὑτῷ
367 3467 618 3540 καθάπερ
647 3473 1062 3543 ἐγκελευόμενον
1088 3478 1180 3530 καὶ
1208 3481 1575 3550 παραινοῦντα
1597 3484 1644 3516 ⁸³
1667 3485 1749 3539 τό-

179 3558 250 3610 δε
279 3559 341 3612 τὸ
364 3559 512 3624 ἐποςο

192 3753 295 3839 f1
318 3755 514 3839 θάψῃς
538 3758 948 3839 τὸηᾶθαπτον,
974 3764 1047 3818 ἔα
1068 3765 1210 3839 κυσί
1233 3767 1425 3839 κύρμα
1451 3771 1748 3839 γενέσθαι.

190 3825 290 3893 Γῆ
323 3825 561 3880 πάντων
575 3828 772 3898 μήτηρ
793 3825 1215 3903 μητροφθόρον
1227 3825 1512 3907 οὐ’έέχε’τ’
1539 3825 1748 3910 ἄνθραξ

209 4084 592 4154 ’λφυπνισθεις
621 4087 677 4141 δὲ
711 4089 901 4161 ἀθρόον
925 4092 1030 4146 ὑπὸ
1058 4093 1150 4147 τοῦ
1185 4093 1358 4160 δέους,
1386 4097 1685 4168 ἀπήγγειλε
1705 4100 1753 4134 ³⁸

195 4180 314 4240 τοῖς
341 4179 518 4242 ἄλλοις
555 4179 646 4232 τὸν
670 4181 891 4254 ὄνειρον.
935 4187 997 4238 Οἱ
1025 4185 1084 4239 δέ
1110 4186 1170 4239 τὸ
1195 4187 1295 4257 μὲν
1327 4191 1637 4258 παραυτίκα
1675 4191 1753 4244 δι-

195 4268 464 4338 ηπόρουν,
491 4271 548 4333 ἐς
578 4272 607 4324 ὃ
642 4289 694 4325 τι
726 4273 833 4342 ἄρα
880 4276 970 4328 καὶ
996 4277 1256 4350 ἀποόαίη.
1303 4280 1452 4334 Ἐπεὶ
1488 4281 1544 4334 δὲ
1578 4285 1658 4344 εἰς
1689 4286 1755 4336 τὸ

195 4356 527 4428 περίορθρον
585 4359 908 4424 ἀναστάντες
957 4363 1200 4430 ἐϐάδιζον
1255 4367 1360 4421 ἀνά
1414 4367 1484 4421 τά
1547 4371 1750 4440 πρόσω,

199 4447 576 4518 παρέρποντες
595 4451 766 4505 ἐκεῖνο
791 4453 851 4506 τὸ
873 4455 1089 4524 χωρίον,
1117 4455 1260 4510 οὕτω
1290 4457 1390 4526 τῆς
1414 4458 1520 4512 τῶν
1551 4459 1634 4531 [Ρ.
1663 4462 1752 4532 71⁵1

1839 2128 2184 2190 cogerentur.
2213 2117 2398 2188 Neque
2416 2115 2560 2170 enim
2590 2115 2898 2185 permittere
2922 2115 3088 2167 voluit
3118 2113 3407 2172 Chosroes.

1840 2214 1971 2282 quin
2011 2213 2112 2266 hac
2154 2211 2318 2264 etiam
2368 2209 2420 2262 in
2457 2215 2614 2278 parte
2654 2215 2808 2276 pacta
2847 2214 3161 2260 constarent
3189 2214 3411 2274 rataqnc

1841 2313 2044 2360 essent.
2090 2300 2282 2357 Fertur
2328 2317 2453 2356 vero
2493 2301 2545 2353 in
2585 2313 2775 2354 eorum
2812 2298 2990 2353 reditu
3033 2298 3408 2351 admirandum

1843 2397 1972 2468 quid
2000 2405 2053 2450 et
2084 2402 2379 2448 memoratu
2420 2392 2644 2461 dignum
2679 2391 2759 2446 eis
2785 2389 3068 2446 accidisse.
3101 2387 3236 2443 Cum
3267 2389 3412 2443 enim

1842 2489 1896 2540 in
1927 2500 2057 2554 agro
2088 2484 2322 2553 quodam
2353 2482 2575 2537 Persico
2607 2482 3080 2551 conquiescerent,
3114 2481 3411 2550 conspicati

1843 2584 1971 2630 sunt
1991 2576 2224 2630 cadaver
2259 2575 2496 2628 hominis
2526 2582 2771 2627 recenter
2797 2571 2994 2627 mortui
3027 2573 3313 2641 neglecu'm
3345 2574 3414 2626 ita

1845 2667 2186 2720 inhumatum
2218 2665 2514 2735 abiectum.
2546 2663 2686 2718 Tum
2718 2663 2795 2717 illi
2825 2663 3121 2718 barbarica:
3148 2664 3282 2733 legis
3312 2663 3414 2717 ini-

1843 2761 2102 2830 quitatem
2131 2759 2495 2813 commiserati
2524 2799 2541 2822 ,
2573 2765 2626 2812 et
2657 2771 2998 2828 nequaquam
3039 2771 3253 2826 aequum
3291 2771 3412 2809 esse

1844 2861 2152 2915 censentes,
2183 2851 2229 2905 si
2268 2849 2601 2919 negligerent
2644 2859 2893 2903 naturam
2931 2863 2995 2902 ex
3039 2855 3190 2916 parte
3217 2845 3414 2916 injuria

1843 2943 2115 3008 aﬂ'ectam,
2164 2949 2519 2996 contexerunt
2562 2950 2622 2996 ut
2662 2950 2952 3010 potuerunt
2995 2955 3090 3009 per
3133 2938 3415 2993 ministros

1843 3033 2093 3098 cadaver,
2124 3043 2376 3102 terraque
2404 3033 2842 3087 conturnnlantes
2871 3031 3219 3102 sepelierunt.
3250 3029 3416 3084 Nocte

1845 3141 1974 3180 vero
1999 3126 2109 3190 illa,
2145 3124 2542 3180 dormientibus
2565 3123 2677 3194 jam
2708 3125 2983 3190 omnibus,
3009 3124 3160 3178 visus
3195 3131 3280 3178 est
3319 3139 3415 3178 eo-

1846 3233 1988 3284 rum,
2021 3217 2202 3272 nescio
2233 3215 2392 3288 135
2417 3215 2542 3286 quis
2575 3217 2790 3286 (neque
2823 3214 2968 3269 enim
2999 3229 3194 3268 nomen
3225 3213 3414 3282 novi).

1848 3308 1997 3362 visus
2035 3319 2213 3361 tamen
2242 3315 2327 3361 est
2362 3306 2466 3362 sibi
2498 3305 2694 3374 ,videre
2731 3305 2910 3359 virum
2941 3319 3126 3360 senem
3146 3345 3164 3371 ,
3195 3303 3416 3357 minime

1845 3394 2061 3462 quidem
2091 3405 2300 3458 notum,
2337 3409 2554 3464 gravem
2583 3394 2829 3464 alioquin
2863 3403 2918 3448 et
2950 3393 3340 3458 venerandum,
3363 3403 3416 3446 et

1847 3486 2198 3556 philosophia:
2217 3487 2456 3541 studium
2481 3496 2587 3540 tam
2613 3486 2780 3541 vestis
2802 3485 2974 3540 l‘orma
3000 3500 3162 3554 quam
3185 3485 3414 3555 oblonga

1847 3577 2222 3646 promissaque
2249 3577 2414 3632 barba
2443 3592 2556 3646 prae
2581 3593 2640 3631 se
2665 3577 2951 3640 ferentem,
2983 3577 3076 3644 qni
3108 3576 3209 3629 sibi
3243 3576 3411 3631 incla-

1847 3667 2051 3728 mabat,
2069 3675 2327 3735 tanquam
2353 3667 2648 3721 exhortans
2668 3680 2732 3720 ac
2761 3666 3050 3728 mandans,
3078 3664 3177 3719 hos
3205 3678 3412 3719 versus:

1850 3775 1934 3830 Nc
1966 3776 2190 3831 tumulas
2227 3777 2557 3830 inhumata»:
2593 3797 2608 3843 ;
2651 3787 2707 3830 at
2751 3776 2948 3830 nudum
2986 3777 3158 3844 (iam
3196 3777 3414 3830 cadaver

1853 3845 2157 3916 Dilacerare
2183 3862 2358 3916 canes,
2382 3863 2654 3916 «canaque
2687 3847 2977 3900 volucribus
3003 3861 3154 3909 esse;

1851 3915 2026 3970 Mater
2061 3916 2199 3970 enim
2239 3915 2414 3970 Tellus
2458 3915 2767 3970 Cunctorum
2800 3917 2942 3969 haud
2975 3915 3192 3981 suscipit
3225 3915 3376 3969 illum
3402 3956 3417 3981 ,

1850 3985 1958 4052 Qui
1995 3997 2213 4040 matrem
2240 3997 2316 4039 est
2345 4003 2506 4040 ausus
2539 3987 2680 4055 facta
2718 3987 2902 4040 vitiare
2932 3985 3182 4055 nefando.

1849 4099 1942 4155 Ille
1975 4109 2154 4154 autem
2186 4096 2470 4154 confestim
2496 4113 2606 4169 prie
2634 4108 2777 4152 metu
2814 4096 3242 4169 expergefactus,
3271 4111 3388 4152 sum

1851 4193 2000 4248 nium
2031 4207 2191 4246 suum
2212 4191 2334 4245 aliis
2356 4191 2718 4246 renuntiavit:
2749 4200 2912 4260 atque
2937 4190 2992 4244 hi
3020 4189 3177 4244 initio
3199 4189 3416 4259 quidem

1850 4284 2190 4348 dubitabant,
2209 4297 2445 4352 quonam
2471 4282 2745 4336 somnium
2768 4289 2913 4337 esset
2931 4296 3244 4337 evasurum.
3263 4281 3416 4336 Sum-

1851 4390 1940 4429 mo
1965 4375 2147 4445 itaque
2174 4389 2331 4429 mane
2359 4389 2482 4428 cum
2508 4373 2876 4428 surrexissent
2898 4382 2950 4428 et
2980 4372 3286 4428 institutum
3316 4373 3418 4426 iter

1853 4475 2325 4534 prosequerentur,
2357 4471 2698 4517 transeuntes
2731 4463 2879 4515 illum
2908 4476 3179 4532 campum,
3201 4462 3308 4516 situ
3335 4461 3417 4516 lo-

196 4537 611 4654 τόπιὲνιθέσίως
636 4541 1065 4615 ἀναγκαζούσης,
1087 4540 1147 4601 οὗ
1173 4545 1235 4617 δὴ
1261 4547 1443 4612 αὐτοῖς
1469 4549 1536 4602 τὰ
1564 4551 1655 4603 ἐπὶ
1685 4555 1750 4621 τῇ
1787 4600 1830 4654 D
1855 4582 1859 4603 4

1787 4600 1830 4654 D
1855 4572 2040 4611 eorum
2078 4556 2151 4610 ita
2192 4567 2437 4626 cogente,
2479 4555 2534 4609 in
2572 4571 2681 4624 quo
2721 4554 3042 4608 subitariam
3086 4554 3415 4624 sepulturam

197 4631 350 4698 ταφῇ
385 4631 708 4700 ἐσχεδίαστο,
743 4634 1048 4703 εὑρίσκουσι
1081 4637 1170 4688 τὸν
1207 4639 1395 4709 νεκρὸν
1423 4641 1626 4708 γυμνὸν
1656 4639 1753 4696 αὗ-
1787 4631 1829 4654 υ
1859 4666 1860 4695 s

1752 4675 1753 4680 η
1787 4631 1829 4654 υ
1859 4654 2232 4717 procurarant,
2261 4647 2538 4716 reperiunt
2571 4645 2804 4700 cadaver
2836 4644 2966 4698 illud
3001 4644 3179 4699 denuo
3213 4645 3415 4698 nudum

187 4719 290 4782 0t;
322 4719 556 4790 ὕπερθεν
585 4723 831 4793 κείμενον
857 4727 924 4791 ⁸⁵,
949 4727 1023 4791 ὼς
1043 4728 1108 4799 δὴ
1129 4729 1226 4797 τῆς
1255 4731 1358 4799 γῆς
1383 4731 1542 4784 αὐτὸν
1572 4734 1758 4804 τρόπῳ

1751 4755 1758 4783 ι
1857 4753 2020 4806 super
2052 4739 2317 4792 tumulum
2352 4738 2573 4807 jacens,
2606 4738 2828 4806 perinde
2879 4754 2944 4792 ac
2987 4737 3033 4791 si
3081 4745 3223 4790 terra
3267 4735 3414 4790 illum

198 4812 314 4866 τινὶ
340 4813 624 4885 αὐτομάτῳ
644 4817 699 4878 ἐς
722 4818 1025 4888 τούμφανὲς
1049 4821 1416 4893 ἁναϐαλούσης
1439 4825 1503 4888 ³⁸,
1532 4827 1624 4878 καὶ
1642 4825 1758 4879 δια·
1856 4842 1861 4878 1

1753 4855 1758 4868 ι
1856 4834 2150 4894 spontanea
2171 4827 2350 4896 aliqua
2370 4828 2578 4881 ratione
2601 4827 2653 4880 in
2679 4836 2924 4895 apertum
2945 4826 3216 4896 eiecisset,
3243 4842 3416 4896 neque

201 4903 496 4972 φυλάττειν
524 4906 746 4975 ἀόρῶτα
778 4909 850 4979 μὴ
881 4911 1273 4982 ἀνασχομένης.
1301 4915 1756 4984 Καταπλαγέντες
1856 4937 1864 4969 ε

1752 4937 1756 4973 r
1856 4932 1978 4971 eum
1997 4933 2102 4972 non
2114 4919 2438 4988 discerptum
2452 4929 2613 4989 atque
2633 4921 2976 4990 absumptum
3002 4935 3281 4976 asservare
3304 4936 3415 4975 sus-

191 4995 264 5046 ιδὲ
290 4995 368 5064 τῷ
393 4997 682 5068 παραλόγῳ
711 5002 812 5069 τῆς
836 5001 982 5068 θέας,
1006 5006 1212 5074 εἴχοντο
1239 5006 1338 5075 τῆς
1368 5009 1612 5077 πορείας,
1649 5027 1755 5080 μη-

1753 5043 1755 5049 ι
1858 5010 2125 5065 tinuisset.
2171 5010 2428 5066 Miraculo
2471 5012 2655 5082 itaque
2685 5011 2976 5080 spectaculi
3035 5011 3266 5082 perculsi
3317 5012 3416 5065 iter

193 5086 298 5139 δὲν
343 5087 518 5140 ὁτιοῦν
565 5089 808 5142 τολοιπὺν
855 5092 940 5143 ἐπ’
969 5093 1117 5163 αὑτῷ
1148 5094 1441 5165 δράσαντες
1468 5098 1575 5152 τῶν
1601 5100 1757 5167 σφίσι

1753 5139 1757 5150 ,
1861 5115 2019 5154 suum
2053 5101 2478 5166 continuarunt,
2515 5102 2662 5155 nullo
2703 5103 2936 5171 amplius
2977 5117 3042 5156 cx
3086 5102 3328 5155 instituto
3355 5116 3416 5153 ac

202 5179 627 5245 νενομισμένων.
669 5180 1060 5248 Ἀνελογίζοντο
1109 5183 1214 5257 γὰρ
1263 5185 1352 5238 τὸν
1391 5188 1615 5258 ὄνειρον,
1668 5189 1759 5242 καὶ
1863 5208 1865 5242 1

1752 5209 1759 5242 ι
1863 5206 2011 5245 more
2048 5192 2284 5260 ipsorum
2331 5193 2507 5246 oliicio
2544 5195 2593 5248 ei
2638 5195 2895 5263 praestito.
2943 5192 3225 5246 Somnium
3272 5192 3415 5247 enim

201 5267 518 5338 ὡμολόγουν
559 5271 802 5325 ἐντεῦθεν
837 5274 917 5326 ὅτι
944 5273 1008 5343 δὴ
1034 5276 1082 5328 ot
1113 5275 1316 5346 Πέρσαι
1359 5279 1546 5346 ποινὴν
1578 5279 1758 5348 ἔχουσι
1863 5310 1864 5323 ι

1750 5299 1758 5333 ι
1863 5281 2253 5349 expemlerunt,
2281 5283 2436 5353 135
2458 5293 2511 5339 et
2541 5285 2594 5338 in
2618 5301 2736 5338 eam
2768 5285 2890 5338 inde
2919 5283 3236 5338 sententiam
3260 5298 3413 5338 vene.

1483 5453 1714 5508 VARIE
1749 5451 2144 5512 LECTIONES.

213 5694 217 5697 _
279 5623 327 5702 A"
350 5619 441 5671 ἐπὶ⁷
460 5619 592 5688 τῷδε
623 5621 697 5702 ΒΑ..
719 5624 811 5702 ἐπὶ
836 5622 917 5702 trgi
942 5625 1084 5702 vulg.
1158 5627 1205 5702 _"
1225 5627 1362 5702 Ante
1382 5629 1451 5702 Δτὸ
1478 5631 1635 5702 σῶμα
1667 5631 1707 5683 R
1735 5633 1835 5686 ins.
1857 5633 1968 5688 καί.

208 5694 438 5773 interpr
473 5708 583 5745 uin.
660 5693 699 5722 ²¹
720 5693 863 5773 ,ὅσον
883 5693 945 5755 li,
979 5693 1054 5773 ῶς
1084 5697 1249 5773 γωδ..
1269 5699 1541 5773 ’ὃς-[ιιιιςιι.
1561 5693 1605 5773 ’Δ
1643 5703 1687 5732 ¹²
1717 5702 1971 5756 ἀσκοῦντι
1993 5702 2033 5756 Β
2063 5704 2208 5773 (CL),
2245 5706 2515 5757 άσκοῦντα
2547 5707 2689 5772 vnlg.
2801 5693 2846 5737 ⁸³
2884 5693 3416 5771 ἐγκελευόμενονκαὶ

209 5776 350 5844 παρο
473 5777 604 5844 παρα
635 5778 688 5840 κε
716 5762 896 5844 ἐγκεᾈο
928 5765 1085 5844 VIIng
1126 5835 1137 5844 _
1259 5758 1652 5844 ἀπήγγειλεῐὶ,
1683 5773 1992 5844 ἀπήγγελλε
2043 5758 2206 5842 νἰιιςί’
2280 5777 2324 5806 ⁸⁸
2357 5776 2586 5844 ὖπερθεν
2617 5758 2866 5842 κείμενον
2915 5758 2975 5834 Ιί,
3011 5758 3416 5844 κὺπερκείμενυν

207 5832 386 5897 vulg.,
417 5832 618 5898 interpr
671 5833 724 5883 in
750 5834 864 5902 agri
897 5835 1165 5901 superﬁcie
1179 5832 1482 5904 jacentcinn
1534 5841 1582 5874 "
1604 5832 1975 5905 ἀναῦαλοῦστς
1999 5832 2214 5901 οθι1.ἶιι
2237 5859 2344 5900 tua.
2377 5832 2540 5901 ιυὶιιι.
2603 5832 2972 5900 ἁναλαϐούατε
3009 5843 3052 5894 ιι
3089 5832 3144 5898 εί
3172 5832 3340 5904 ιιυίιιι-

2070 5635 2112 5668 ¹⁹
2147 5635 2201 5688 δὲ
2230 5651 2340 5689 om.
2380 5634 2443 5688 Β.
2519 5636 2563 5667 '°
2587 5637 2706 5688 κατ’
2730 5635 2861 5703 δναρ
2877 5635 2977 5688 add
2998 5651 3078 5688 .ex
3106 5633 3167 5691 ﬂ.
3193 5634 3336 5702 vnlg.
3367 5644 3414 5683 rt
