4212 6438
184 418 317 483 1405

1272 413 1807 478 IIISTORIARUM
1845 412 2074 472 LIBER
2133 414 2247 472 lll.

3256 418 3391 483 [406

179 536 432 607 ὑποψίας.
474 534 652 596 ἷΔπαν
702 531 810 604 γὰρ
851 529 1031 586 ὁτιοῦν
1087 532 1178 586 ὑπ’
1211 532 1734 602 αὐτοῦχιγνόμενον
1763 537 1842 591 At

1724 547 1734 579 ρ
1763 537 1806 591 Α
1835 528 1947 580 sius
1988 525 2126 579 facta
2168 525 2355 579 saucio
2407 525 2604 580 invidia
2636 525 2818 579 animo
2851 527 3191 597 explorantes
3220 530 3387 603 iisque

177 628 256 701 τῷ
300 626 591 679 πεπονθότι
624 625 726 693 τῆς
756 624 933 694 ψυχῆς
977 624 1342 691 ἐξετάζοντες,
1380 608 1486 679 ’καὶ
1513 624 1730 685 πάντως

175 718 486 790 ἀχθόμενοι,
536 716 835 785 ὑπέτρεφον
883 715 930 746 ⁸⁸
959 716 1021 768 τὸ
1061 717 1384 786 χαλεπαῖνον
1430 716 1525 769 καὶ
1571 716 1731 785 ἐπεῤ-

177 813 433 884 ρώννυον.
472 810 625 863 Ἐπεὶ⁵
661 809 717 864 δὲ
757 810 958 871 ἐκεῖνος
998 810 1348 879 ὑποτοπήσας
1392 808 1451 861 τὸ
1483 805 1637 877 ἔχθος
1662 805 1730 872 ⁸⁸,

176 904 275 957 καὶ
314 902 560 956 τολοιπδν
589 903 645 964 ἐς
680 899 741 953 τὸ
788 901 1099 953 ἀντιλυπεῖν
1141 899 1503 972 προηγμένος,
1533 900 1733 968 ἐκακη-

176 996 331 1066 γόρει
367 1011 431 1063 γε
460 994 657 1056 αὐτοὺς
687 990 734 1023 ⁵⁸
759 992 1017 1055 πολλάκις
1051 990 1127 1054 ὡς
1162 991 1452 1061 ἀνάνδρους
1481 990 1573 1042 καὶ
1600 988 1732 1041 άλα-

178 1085 358 1149 ζόνας,
390 1083 485 1136 καὶ
512 1082 665 1135 οὐδὲν
688 1080 865 1135 ὁτιοῦν
907 1080 1064 1149 μέλον
1085 1079 1269 1142 αὐτοῖς
1288 1079 1396 1131 τῶν
1424 1077 1732 1149 πρακτέων,

177 1176 237 1238 ες
269 1191 329 1228 τε
361 1174 428 1227 τὰ
454 1172 728 1241 ξυμπόσια
769 1172 859 1224 καὶ
889 1172 1012 1233 τοὺς
1041 1167 1329 1237 ξυλλόγους
1376 1166 1620 1238 νεμεσῶν
1647 1168 1734 1219 ἀεὶ

175 1266 423 1329 διετέλει,
478 1265 570 1317 καὶ
618 1263 739 1316 οὐδὲ
794 1261 1088 1332 πρεσϐείας
1133 1259 1295 1329 τυχὸν
1333 1259 1641 1329 ἀφιγμένης
1669 1259 1734 1311 ἐκ

176 1358 291 1412 τῶν
320 1354 625 1429 προσοίκων
652 1353 819 1407 ἐθνῶν
844 1352 982 1406 ἀνίει
1032 1353 1127 1405 καὶ⁹
1165 1351 1524 1405 ὑπεστέλλετο
1552 1365 1566 1379 ⁸
1601 1350 1651 1404 οἱ
1676 1350 1734 1403 δὲ

176 1449 353 1503 ταῦτά
375 1465 434 1501 τε
458 1448 557 1501 οὐκ
584 1447 917 1515 ἐνεγκόντες,
956 1445 1049 1497 καὶ
1093 1442 1227 1515 πρός
1257 1458 1321 1511 γε
1362 1443 1457 1506 τάς
1495 1443 1551 1503 ἐς
1580 1441 1736 1512 βασι·-

175 1540 279 1595 λέα
302 1540 551 1602 διαϐολὰς
578 1540 637 1592 ἐν
656 1538 793 1609 ὀργῇ
820 1536 1196 1609 ποιησάμενοι,
1225 1534 1318 1588 καὶ
1340 1533 1736 1602 γιγνώσκοντες

174 1633 256 1697 ὡς
279 1633 379 1688 οὐκ
410 1632 600 1703 ἀνήσει
631 1629 920 1701 διελέγχων
948 1628 1003 1682 et
1020 1644 1122 1681 που
1156 1626 1252 1679 καὶ
1279 1622 1434 1689 αὖθις
1459 1624 1733 1695 σφαλεῖεν,

179 1728 528 1785 ἐϐουλεύοντο
578 1726 819 1780 ἐκποδὼν
847 1725 939 1779 τὸν
978 1722 1255 1793 Γουὸάςην
1285 1720 1631 1791 ποιήσασθαι,
1661 1717 1737 1781 ὡς

179 1822 252 1874 ἂν
275 1819 514 1874 τισαιντό
537 1836 596 1872 τε
626 1816 785 1871 αὑτὸν
803 1815 896 1870 τοῦ
933 1814 1237 1884 φθάσαντος
1259 1812 1407 1883 πέρι,
1438 1811 1532 1864 καὶ
1560 1809 1734 1863 τολοι-

176 1911 284 1965 πδν
305 1910 535 1964 οὕδενότι
576 1910 619 1942 ⁸⁷
653 1908 998 1979 δειμαίνοιεν.

247 2202 321 2269 γ’.
364 2196 540 2251 Πολλὰ
569 2196 634 2269 δὴ
684 2191 777 2250 οὖν
824 2193 964 2248 κατὰ
1012 2193 1151 2263 σφᾶς
1201 2191 1732 2262 κοινολογησάμενοι,

174 2287 277 2344 καὶ
305 2290 475 2359 πέρας
504 2288 595 2340 ἐπὶ
636 2286 761 2357 τῇδε
807 2285 1028 2347 στάντες
1061 2285 1127 2355 τῇ
1174 2281 1389 2354 γνώμῃ,
1424 2282 1610 2355 ἐπειδὴ
1640 2283 1736 2336 αὑ-

173 2381 271 2436 ’τδν
299 2382 360 2435 οὐ
389 2381 655 2453 πρότερον
685 2376 1119 2450 διαχειρίσασθαι
1166 2375 1330 2449 ᾤοντο
1380 2379 1577 2448 χρῆναι
1605 2378 1736 2447 πρὶν

176 2473 249 2527 ἂν
280 2472 375 2527 καὶ
412 2471 507 2526 τοῦ
549 2470 807 2542 βασιλέως
844 2469 1298 2541 άποπειραθεῖεν,
1342 2472 1649 2524 στέλλουσιν
1678 2471 1735 2532 ἐς

174 2563 239 2618 ἰδ
264 2562 556 2629 Βυζάντιον
592 2562 844 2633 Ἰωάννην
881 2562 971 2615 τὸν
1013 2562 1323 2615 Ῥουστίκου
1348 2561 1596 2631 ἀδελιρὺν,
1631 2563 1735 2630 ἀγ-

175 2654 441 2725 γελοῦντα
467 2653 626 2725 δῆθεν
642 2653 722 2714 ὡς
766 2652 1018 2724 Μηδίζων
1046 2651 1093 2685 ⁸⁸
1121 2654 1149 2705 6
1183 2652 1461 2723 Γουὸάζης
1491 2651 1515 2725 ί
1540 2654 1596 2707 P.
1629 2650 1735 2724 75]

176 2746 521 2817 πεφώραται.
547 2744 655 2797 Καὶ
678 2739 769 2797 οὖν
797 2744 855 2807 ἐς
895 2742 1085 2812 λόγους
1113 2746 1142 2798 6
1188 2744 1437 2814 Ἰωάννης
1477 2744 1554 2815 τῷ
1579 2743 1737 2814 βασι-

174 2836 264 2891 λεῖ
286 2836 644 2907 λαθραιότατα
664 2835 719 2869 -⁸⁹
753 2836 1074 2906 ἀφιγμένος,
1126 2836 1369 2890 διέδαλλε
1410 2838 1502 2890 τὸν
1530 2836 1735 2891 Γουδάο-

172 2926 285 2999 {qv
321 2927 397 2992 ὡς
422 2928 732 2982 ἀποστάντα
769 2928 890 2999 ήδη,
948 2928 1041 2980 καὶ
1077 2927 1202 2991 τοὺς
1263 2928 1477 2999 Πέρσας
1531 2929 1735 2996 ὲπαγόυ

183 3035 369 3089 μενον,
401 3017 494 3071 καὶ
520 3019 620 3070 οὐκ
654 3019 709 3080 ἐς
739 3017 956 3087 μακρὰν
983 3016 1083 3088 τὴν
1109 3017 1292 3089 χώραν
1320 3018 1406 3072 ἐπ’
1429 3020 1668 3082 ἐκείνους
1689 3018 1737 3051 ⁸⁸

176 3109 575 3181 μεταθήσοντα,
609 3109 657 3161 ei
694 3109 767 3179 μὴ
806 3108 998 3163 θᾶττον
1021 3110 1291 3180 ὁτῳδηοῦν
1315 3112 1502 3181 τρόπῳ
1538 3112 1737 3167 διακω-

1832 620 2036 687 seipsos
2074 628 2407 688 torquentes,
2455 619 2780 672 simultatem
2832 621 3083 675 fovebant
3111 631 3166 677 et
3198 627 3380 677 contir-

1832 713 2072 764 mabant.
2112 710 2357 765 Gubazes
2386 711 2563 779 itaque
2593 721 2853 781 concepta
2885 713 2953 765 de
2996 714 3215 768 illorum
3248 716 3299 767 in
3334 730 3391 770 se

1802 802 1957 855 .odio
1981 800 2307 870 suspicione,
2341 810 2397 855 et
2424 801 2491 855 ad
2521 810 2767 854 mutuum
2805 801 2987 855 odium
3026 808 3390 860 exercendum

1835 905 2173 962 provocatus,
2228 894 2443 949 acribus
2498 902 2551 947 et
2604 894 3013 950 contumeliosis
3068 897 3246 950 verbis
3295 913 3392 952 eos

1833 986 2139 1055 frequenter
2170 986 2584 1056 perstringebat,
2637 996 2892 1056 tanquam
2927 1003 3119 1058 parum
3166 991 3309 1046 viros
3339 999 3390 1045 et

1834 1086 2027 1126 manus
2051 1072 2103 1126 in
2136 1073 2317 1143 lingua
2349 1083 2615 1141 gerentes,
2648 1076 2958 1142 nullamque
2988 1092 3171 1132 rerum
3203 1094 3387 1148 geren-

1833 1163 2025 1217 darum
2050 1179 2236 1219 curant
2271 1164 2547 1221 habentes.
2577 1168 2754 1236 Atque
2782 1168 2852 1221 ita
2884 1168 2936 1221 in
2971 1170 3235 1224 conviviis
3263 1185 3363 1224 con

1833 1255 2187 1326 ventibusque
2218 1256 2269 1309 in
2303 1271 2399 1311 sua
2433 1271 2556 1325 erga
2595 1272 2689 1312 eos
2735 1259 3104 1328 indignatione
3132 1261 3392 1330 persiste-

1833 1346 1966 1401 bat:
2018 1351 2110 1401 sed
2163 1364 2337 1416 neque
2367 1363 2489 1402 cum
2530 1364 2560 1401 a
2606 1349 2848 1405 linitimis
2895 1353 3142 1420 gentibus
3194 1353 3394 1422 legatio

1833 1434 1971 1491 forte
1994 1437 2171 1506 aliqua
2199 1438 2454 1501 venisset,
2485 1436 2669 1492 minus
2708 1439 2903 1492 acriter
2934 1440 2987 1492 in
3029 1454 3125 1495 eos
3174 1442 3394 1496 invebe-

1832 1529 2008 1584 batur.
2054 1528 2118 1582 lii
2170 1543 2299 1583 vero
2340 1544 2681 1599 nequaquam
2742 1530 2793 1584 id
2853 1530 3133 1586 ferendum
3159 1534 3302 1599 rati,
3341 1543 3395 1589 et

1833 1622 2244 1677 criminationes
2276 1623 2340 1675 ad
2376 1637 2554 1690 regem
2604 1620 2812 1677 delatas
2852 1621 2919 1676 ad
2960 1626 3200 1678 animum
3242 1641 3395 1679 πονοι

1834 1723 2042 1776 cantes,
2073 1723 2234 1782 atque
2261 1712 2333 1767 ita
2378 1728 2559 1767 secum
2593 1723 3056 1779 statttentt-s,.non
3091 1718 3395 1772 desiturum

1834 1819 1956 1859 eum
1986 1804 2055 1858 ab
2083 1803 2215 1872 ipsis
2243 1804 2619 1867 criminaudis,
2648 1805 2692 1859 si
2724 1819 2827 1873 qua
2860 1806 2911 1858 in
2945 1821 3003 1860 te
3030 1807 3220 1860 iterum
3269 1806 3398 1862 offi-

1834 1895 1919 1948 cio
1946 1910 2047 1949 suo
2070 1896 2340 1959 deessent,
2368 1895 2656 1951 concilium
2684 1898 2751 1948 de
2776 1898 3010 1951 tollendo
3029 1913 3059 1952 e
3085 1896 3261 1953 medio
3285 1898 3395 1955 Gu-

1834 1986 1967 2040 baze
1996 1987 2250 2052 inierunt,
2285 1998 2343 2041 ttt
2372 1998 2424 2041 et
2453 1999 2724 2057 acceptam
2758 1989 3006 2058 injuriam
3039 1991 3394 2057 vindicarent,

1834 2078 2089 2147 omnique
2137 2078 2189 2132 in
2224 2088 2495 2147 posterum
2530 2080 2699 2148 ipsius
2736 2091 2881 2134 metu
2913 2095 3030 2136 sese
3083 2084 3394 2137 liberarent.

1909 2168 2066 2241 142
2105 2172 2157 2224 5.
2194 2169 2368 2224 Variis
2396 2172 2577 2240 itaque
2610 2171 2750 2226 inter
2779 2174 2839 2227 se
2872 2175 3115 2229 consiliis
3147 2176 3388 2244 agitatis,

1834 2277 2063 2333 quorum
2100 2276 2309 2315 summa
2348 2261 2461 2315 haec
2501 2259 2625 2325 fuit,
2665 2275 2771 2314 non
2807 2271 2932 2316 ante
2964 2262 3393 2318 interlieicndum

1834 2368 1998 2424 quam
2023 2352 2388 2431 imperatoris
2421 2352 2663 2407 animum
2710 2363 3036 2420 tentassent;
3094 2355 3395 2421 Joannem,

1834 2445 2043 2501 Rustici
2075 2445 2317 2510 fratrem,
2342 2442 2671 2515 Byzantium
2694 2445 2935 2513 mittunt,
2959 2448 3052 2517 qui
3081 2447 3395 2518 imperatori

1836 2536 2186 2606 signiﬁcaret,
2236 2533 2510 2590 Gubazem
2561 2533 2851 2591 Persarum
2905 2547 3087 2607 partes
3125 2538 3397 2595 foventem

1833 2642 1955 2685 csse
1990 2628 2409 2698 deprehensum.
2438 2626 2677 2685 Joannes
2727 2629 2912 2699 itaque
2958 2645 3120 2700 quam
3160 2633 3398 2688 maxime

1832 2722 1950 2775 lteri
1999 2730 2210 2791 poterat
2253 2720 2398 2774 clam
2432 2720 2501 2775 ad
2533 2721 2879 2791 imperatoris
2908 2723 3240 2793 colloquium
3270 2740 3395 2780 cum

1834 2814 2195 2883 pervenisset,
2221 2811 2545 2868 criminatus
2572 2824 2656 2868 est
2694 2812 2974 2881 Gubazen,
3012 2816 3238 2883 perinde
3264 2832 3330 2873 ac
3348 2817 3397 2872 si

1830 2905 1942 2975 jam
1976 2903 2333 2960 defectionem
2367 2903 2603 2970 fecisset,
2652 2914 2705 2961 et
2753 2904 2950 2961 Persas
2983 2906 3399 2963 introducturus

1833 3005 2001 3060 esset,
2036 2997 2297 3065 brevique
2342 2996 2672 3066 provinciam
2713 3006 2878 3051 totam
2924 2998 3007 3054 eis
3054 2999 3394 3067 traditurus,

1835 3090 1938 3145 nisi
1983 3086 2272 3143 confestim
2318 3103 2646 3158 quocunque
2690 3089 2851 3143 modo
2895 3098 3255 3145 coerceretur.
3291 3091 3398 3145 lm-

177 3180 392 3271 λυθείη.
428 3202 487 3256 '0
524 3201 580 3254 δὲ
604 3200 855 3271 βασιλεὺς
896 3202 1266 3270 καταπλαγεὶς
1315 3180 1415 3272 μέν
1449 3180 1529 3274 τῷ
1558 3221 1732 3275 παρα·
1760 3225 1802 3282 c
1836 3196 1840 3249 ἶ

1760 3225 1802 3282 c
1836 3190 2058 3251 perator
2085 3195 2214 3234 vero
2243 3180 2525 3249 inopinato
2565 3183 2671 3235 hoc
2699 3180 2889 3234 nuntio
2919 3180 3225 3249 perculsus,
3256 3196 3396 3236 non-

169 3292 346 3364 λόγῳ,
391 3291 534 3347 οὕτω
576 3293 641 3361 ,δὲ
686 3292 993 3347 τελεώτατα
1043 3271 1443 3359 πεπιστευκὼς,
1488 3271 1605 3349 άλλ*
1638 3271 1737 3349 ἐπὶ
1764 3271 1802 3282 ν

1732 3271 1802 3348 _"
1834 3271 1961 3327 dum
2011 3278 2193 3326 tamen
2242 3273 2458 3341 plenam
2493 3271 2544 3326 ei
2599 3272 2761 3326 iidem
2814 3272 3254 3337 accommodans,
3301 3276 3395 3329 sed

179 3386 359 3459 μέσης
405 3384 548 3448 τινὸς
597 3387 853 3455 χωρήσας
913 3386 1158 3450 ἐννοίας·
1198 3389 1361 3456 Ἄγε,
1411 3389 1537 3459 ἔφη,
1582 3390 1740 3455 ὅπως

174 3476 292 3531 ’τὸν
318 3474 505 3542 ἄνδρα
538 3473 1056 3541 παρασκευάσοιτε
1088 3477 1171 3543 ὡς
1208 3476 1366 3544 ἡμᾶς
1396 3478 1607 3534 ἐνθάδε
1631 3496 1740 3550 γε..

180 3567 415 3623 νέσθαι.
457 3566 651 3629 Δείσας
681 3566 737 3618 δὲ
765 3568 793 3619 6
834 3567 1111 3638 Ἰωάννης,
1151 3570 1225 3641 μή
1262 3587 1410 3638 ποτε,
1443 3572 1496 3623 ei
1516 3589 1579 3640 γε
1601 3574 1743 3625 ἐκεῖ·

181 3677 279 3723 νος
295 3657 566 3728 ἀφίκοιτο,
586 3657 656 3709 τὰ
677 3657 776 3725 τῆς
807 3657 1099 3729 ἐπιτδουλῆς
1134 3660 1535 3734 άνακαλυφθείη
1553 3702 1569 3727 ,
1587 3660 1739 3717 Εἶεν⁴

182 3751 317 3819 ἔφη,
346 3743 393 3801 ὦ
418 3747 682 3801 δέσποτα
706 3764 720 3778 ο
751 3748 810 3801 τί
842 3748 910 3802 δὲ
945 3750 1061 3820 ἄρα
1091 3752 1374 3819 ποιητέον
1406 3753 1566 3822 ἡμῖν,
1598 3756 1654 3807 εἴ
1676 3770 1742 3825 τε

174 3840 343 3896 ἐλὼν
354 3837 505 3894 εἶναι
521 3841 955 3910 παραγενέσθαι
971 3841 1192 3911 ἣκιστα
1214 3843 1439 3911 uarro;
1459 3875 1529 3886 —-
1542 3847 1598 3900 ‘A
1606 3864 1742 3917 ναγ-

180 3931 446 3986 καστέον
490 3932 693 3998 αὐτὸν,
722 3928 758 4003 ἦ
785 3932 841 3984 δὲ
871 3936 899 3986 6
931 3932 1202 4002 βασιλεὺς,
1252 3936 1551 4005 κατήκοον
1575 3938 1739 4005 ὄντα,

178 4021 291 4075 καὶ
332 4021 497 4089 πάσῃ
549 4020 793 4091 μηχανῇ
826 4023 875 4054 ⁸⁸
907 4023 1295 4092 έκπεμπτέον.
1342 4027 1517 4090 Εὐθὺς
1548 4028 1613 4099 δὴ
1651 4026 1744 4083 οὖν

185 4111 474 4167 ὑπολαϐὼν
512 4115 542 4166 6
593 4113 848 4184 Ἰωάννης
871 4129 888 4145 ·
935 4114 1432 4185 Ἀνατκαζόμενος
1471 4118 1541 4172 δὲ
1582 4121 1642 4174 ετ
1680 4140 1746 4191 γε

176 4204 525 4270 ἀντισταίη,
568 4205 626 4257 τι
664 4204 742 4259 ἂν
788 4205 1016 4274 γένοιτο
1055 4207 1153 4260 ἐπὶ
1190 4210 1457 4275 τούτοις;
1485 4239 1552 4249 -
1579 4212 1641 4265 Ti
1677 4213 1746 4265 δὲ

184 4294 346 4348 ἄλλο
381 4311 467 4364 τε,
497 4296 601 4366 ἔφη
627 4297 655 4348 6
694 4296 969 4363 βασιλεὺς,
1017 4297 1055 4364 ἢ
1093 4298 1362 4352 πείσεται
1406 4300 1477 4352 τὰ
1501 4299 1621 4354 τῶν
1648 4319 1747 4354 τυ-

174 4378 443 4448 ραν-νων,
469 4381 569 4433 καὶ
606 4380 864 4435 κάκιστα
894 4384 1202 4438 ἀπολεῖται
1227 4401 1331 4449 ;-
1349 4388 1540 4441 Οὐδὲν
1559 4384 1671 4442 οὖν
1700 4390 1745 4423 δ’

183 4468 364 4521 ἔσται
389 4468 545 4533 δέος,
578 4465 615 4540 ἦ
640 4470 696 4524 δὲ
740 4471 770 4524 6
811 4472 1081 4543 Ἰωάννης,
1132 4472 1215 4538 τῷ
1247 4474 1462 4529 τοῦτον
1500 4477 1748 4530 ἀποκτε-

1837 3363 2075 3418 mediam
2105 3363 2400 3431 quamdam
2430 3363 2740 3432 opinionem
2779 3372 2969 3418 tenens
2998 3381 3012 3417 :
3044 3366 3171 3434 Age,
3199 3365 3396 3435 inquit,

1837 3466 2020 3510 curate
2048 3464 2103 3509 ut
2120 3454 2187 3508 ad
2214 3470 2309 3509 nos
2325 3455 2424 3509 huc
2441 3456 2705 3509 mittatur.
2725 3444 2967 3511 lietuens
2988 3471 3114 3511 vero
3136 3455 3397 3522 Joannes,

1841 3560 1910 3599 ne
1940 3544 2180 3613 quando,
2211 3544 2260 3599 si
2299 3545 2388 3598 ille
2411 3560 2477 3598 eo
2504 3545 2828 3614 perveniret,
2861 3543 3014 3600 fraus
3040 3547 3398 3616 detegeretur,

1839 3636 1920 3692 Sit
1947 3640 2048 3701 ita,
2086 3636 2282 3707 inquit,
2309 3637 2538 3700 domine;
2566 3638 2690 3706 quid
2720 3653 2841 3691 vero
2884 3637 3184 3707 faciendum
3214 3638 3398 3703 nobis,

1838 3730 1885 3785 si
1905 3729 1959 3782 id
1981 3744 2078 3783 sua
2103 3729 2483 3800 sponte’lacere
2506 3727 2809 3783 detrectarit
2826 3729 2852 3783 .9
2886 3758 2945 3770 —
2974 3727 3245 3799 Cogendus
3277 3731 3398 3798 erit,

1839 3823 2011 3891 inquit
2038 3836 2152 3885 rex,
2187 3821 2425 3875 subditus
2457 3836 2575 3873 cum
2604 3822 2707 3886 sit,
2753 3831 2803 3876 et
2844 3838 3150 3892 quacunque
3198 3824 3402 3876 ratione

1836 3919 1915 3966 est
1949 3910 2294 3980 ablegandus.
2337 3910 2532 3965 Statim
2562 3911 2747 3980 itaque
2793 3926 3100 3967 sermonem
3130 3913 3276 3982 regis
3305 3928 3402 3969 es-

1841 4003 2048 4073 cipiens
2092 4000 2355 4067 Joanucs,
2399 4002 2537 4067 Quid
2567 4002 2635 4068 si,
2680 4004 2876 4073 inquit,
2923 4013 3135 4058 coactus
3165 4005 3398 4070 resistat,

1836 4096 1965 4166 quid
1997 4104 2108 4148 tum
2137 4094 2271 4163 ﬁet!
2305 4092 2469 4159 Quid,
2499 4094 2693 4164 inquit,
2726 4094 2897 4159 aliud,
2929 4111 3090 4165 quam
3153 4096 3290 4167 quod
3318 4106 3401 4166 tg-

1843 4186 2024 4239 rannis
2053 4186 2207 4249 solet,
2255 4195 2309 4238 ut
2337 4185 2559 4252 pessime
2582 4196 2783 4253 pereat.
2815 4213 2880 4223 —
2914 4183 3009 4237 Nil
3040 4201 3182 4256 ergo,
3228 4186 3403 4255 inquit

1842 4277 2096 4339 Joannes,
2124 4280 2171 4331 ei
2197 4278 2294 4330 erit
2326 4277 2679 4341 metuendum,
2736 4277 2828 4346 qui
2872 4294 2994 4330 eum
3041 4277 3407 4347 interfecerit?

1842 4394 1911 4405 -—
1938 4365 2111 4431 Nihil,
2134 4366 2309 4434 inquit
2334 4381 2451 4430 rex,
2474 4366 2520 4419 si
2550 4368 2790 4420 resistam
2811 4378 2862 4421 et
2893 4384 2999 4420 non
3029 4368 3315 4423 obaudiens
3346 4380 3403 4423 ut

1844 4460 2009 4515 hostis
2043 4461 2278 4530 perierit.
2316 4460 2433 4514 Tali
2466 4460 2622 4532 153
2656 4462 2837 4530 itaque
2869 4477 3130 4531 responso
3157 4472 3403 4534 accepto,

185 4559 441 4621 νοῦντις
470 4590 539 4599 -
560 4562 883 4628 Οὺμενοῦν,
908 4562 1035 4634 ἔφη,
1066 4564 1123 4617 ει
1149 4582 1237 4635 γε,
1260 4566 1748 4636 ἀντιταττόμενος
1780 4570 1822 4624 1.)

1742 4589 1748 4603 .
1780 4570 1822 4624 υ
1848 4567 1973 4607 cum
2007 4552 2062 4606 in
2092 4552 2335 4607 eamdem
2375 4555 2487 4607 fere
2526 4559 2849 4607 sententiam
2887 4570 2979 4608 rex
3014 4556 3080 4610 ad
3126 4555 3405 4625 praefectos

186 4652 295 4705 καὶ
328 4652 698 4719 ἁνηκοστῶν,
718 4655 799 4719 ὡς
816 4657 1096 4723 πολέμιος
1116 4655 1483 4725 διαφθαρείη.
1511 4660 1746 4713 Τοιαῦτα

184 4744 251 4797 δὲ
278 4742 373 4795 τοῦ
426 4743 684 4813 βασιλέως
732 4744 1193 4813 ἀποκριναμένου,
1247 4747 1343 4799 καὶ
1392 4749 1745 4818 παραπλήσια

181 4833 399 4885 τούτων
423 4834 481 4883 έν
503 4831 757 4901 ἐπιστολῇ
804 4834 915 4894 τοῖς
944 4835 1269 4901 στρατηγοῖς
1298 4835 1641 4904 σημήναντος
1671 4837 1744 4898 ⁸³,

178 4921 343 4974 οὐδὲν
368 4920 448 4973 ἔτι
479 4923 507 4973 ό
548 4920 798 4989 Ἰωάννης
826 4922 1134 4990 περαιτέρω
1177 4922 1594 4989 ἀνεπυνθάνετο,
1630 4925 1747 4979 ἀλλ’

182 5013 519 5082 ἐπειλῆφθαι
552 5012 651 5084 ήδη
681 5012 728 5044 ⁵⁸
756 5015 851 5066 καὶ
877 5014 1093 5082 ἔχεσθαι
1122 5013 1214 5067 τοῦ
1246 5013 1578 5084 ζητουμένου
1608 5019 1747 5071 άπο-

1852 4645 2061 4700 militite
2108 4646 2438 4714 scripsisset,
2492 4646 2625 4699 nihil
2677 4647 2819 4699 ultra
2867 4657 2950 4701 est
2984 4658 3408 4716 percunctatus;

1850 4738 1944 4792 sed
1972 4738 2190 4792 abunde
2222 4737 2468 4806 petitioni
2500 4752 2613 4791 sua:
2641 4737 2981 4793 satisfactum
3008 4754 3130 4793 esse
3155 4753 3406 4804 censeas,

1849 4829 2138 4884 confestim
2194 4830 2262 4881 atl
2315 4829 2543 4883 Colchos
2598 4830 2922 4895 revertitur,
2972 4831 3180 4885 litteras
3231 4831 3409 4900 regias

1850 4921 2151 4990 perferens.
2178 4921 2325 4987 Quas
2350 4936 2473 4974 cum
2496 4919 2757 4977 Martinus
2778 4931 2831 4975 et
2856 4924 3102 4977 Justinus
3129 4924 3409 4992 legissent,

1851 5028 1974 5067 cum
2004 5014 2248 5068 viderent
2274 5024 2454 5067 artum
2492 5015 2640 5070 hunc
2678 5015 2812 5069 scite
2846 5016 3185 5079 instructum,
3220 5015 3287 5069 ad
3316 5029 3413 5069 au-

181 5105 448 5177 χρὼντως
476 5104 798 5175 ⁴ἡγούμενος,
835 5106 1106 5175 ἐπανῆκεν
1147 5103 1299 5169 αὖθις
1338 5113 1393 5171 ἐς
1423 5107 1661 5179 Κόλχους
1690 5111 1751 5164 τὸ

1749 5139 1751 5155 .
1855 5105 2088 5159 dendum
2121 5107 2328 5159 facinus
2349 5122 2470 5161 sese
2490 5108 2857 5161 contulerunt.
2882 5106 3208 5162 Convocatis
3231 5108 3412 5176 itaque

180 5196 427 5268 γράμμα
455 5194 612 5248 τοῦτο
648 5198 1043 5267 ἐπιφερόμενος
1066 5212 1081 5227 ο
1110 5196 1139 5249 ὃ
1169 5197 1234 5266 δὴ
1284 5199 1551 5269 Μαρτῖνός
1576 5217 1635 5253 τε
1660 5204 1751 5254 καὶ

1746 5240 1751 5254 ,
1854 5193 2070 5249 Justino
2099 5206 2153 5249 et
2196 5195 2356 5257 Buse.
2409 5196 2460 5250 id
2493 5196 2634 5265 quod
2676 5198 2733 5250 in
2776 5198 2956 5250 animo
2998 5212 3099 5251 suo
3132 5198 3409 5266 agitabant

196 5285 515 5349 Ῥούστικος
588 5287 1008 5355 ἀναλεξάμενοι,
1060 5285 1155 5339 καὶ
1228 5287 1371 5356 μάλα
1454 5289 1746 5359 εὐπρεπῶς
1854 5307 1859 5333 ι

1854 5286 2113 5351 celantes,
2144 5286 2519 5356 signiﬁcaruut
2555 5288 2621 5341 ad
2657 5286 2930 5342 Gubazem
2960 5302 3123 5357 quam
3151 5287 3409 5342 citissime

1476 5467 1707 5523 VARUE
1745 5467 2146 5524 LECTJONES.

266 5622 682 5702 “paéﬂpscov
814 5623 1273 5702 bneppdivyuovil.
1302 5694 1339 5702 _
1374 5623 1720 5702 "“EXOOSWR
1762 5627 2069 5702 ΙθιιειΙτ-ιηεΣ
2112 5638 2185 5702 Δοι
2212 5630 2360 5702 Par._,
2392 5630 2769 5702 &XQO;_Lugd.
2812 5641 2865 5687 et
2909 5632 2995 5686 ed.
3052 5646 3135 5701 pr.
3235 5632 3283 5665 “
3346 5649 3412 5700 γε

186 5694 395 5772 αὖτοὺς
420 5692 576 5772 n.3,:
601 5696 795 5772 aliisab;
827 5692 967 5765 vulg:
1042 5695 1088 5772 ‘:
1120 5696 1272 5772 ορδέν
1302 5694 1367 5748 R.
1395 5721 1413 5739 ν
1441 5692 1743 5772 δ’ἡμεδίζων
1782 5692 1872 5772 κζ
1921 5697 1965 5729 ⁸³
2002 5692 2080 5772 τίξ)
2107 5698 2229 5767 βασ.
2266 5692 2547 5770 λαθρίῖὶί
2570 5692 2728 5772 λαυρ.
2764 5702 2842 5772 τῷ
2876 5704 2999 5771 βασ.
3047 5692 3192 5770 9mg.
3271 5702 3316 5733 '°
3354 5692 3412 5766 ἐς

184 5764 439 5842 ἐκείνους
469 5763 532 5817 Ii.
635 5766 678 5842 ς
704 5766 851 5842 πάσῃ
883 5763 1092 5842 μηχανῇ
1130 5764 1194 5827 li,
1236 5767 1397 5842 intpr.
1426 5769 1614 5842 quovis
1635 5779 1767 5842 arte,
1798 5766 1946 5842 πάσῃ
1968 5763 2382 5842 *φυλακῇ-ναις(
2463 5772 2507 5803 ³³
2561 5769 2653 5825 οὖν
2676 5763 2826 5827 Ξιάᾱ.’
2850 5763 2912 5826 εἰς
2949 5772 3013 5839 li,
3042 5763 3205 5842 itttpr.
3265 5763 3407 5842 ergo:

180 5837 241 5867 ⁸³
270 5837 611 5905 σημήναντος
636 5834 680 5890 Β
710 5834 855 5907 (οι),
881 5838 1216 5905 σημάναντος
1247 5840 1386 5903 vulg.
1414 5834 1566 5889 οὐδὲν
1591 5838 1669 5889 ὃτι
1698 5835 1761 5890 ii.
1859 5839 1903 5868 θ’
1922 5834 2023 5892 ἢδη
2056 5834 2241 5892 οιιιζἸί
