4212 6438
182 412 297 476 1409

1264 410 1802 476 HISTORIARUM
1848 410 2073 470 LIBER
2100 412 2213 471 lli.

3220 414 3359 480 1410

178 542 301 592 ρονν,
332 523 419 577 καὶ
447 522 729 594 ξυμφορὰν
760 523 822 577 τὸ
855 525 1097 597 πραχθὲν
1140 527 1439 593 ἐποιοῦντο.
1471 521 1700 594 ἡσυχίαν
1729 564 1733 577 ι

1804 518 2064 588 ferebant,
2117 532 2172 577 et
2199 531 2351 577 atrox
2410 520 2622 578 facinus
2673 538 2795 579 esse
2843 522 3162 591 crnsebant;
3191 524 3365 597 quieti

173 616 220 667 δὲ
241 616 370 684 ὅμως
395 608 550 685 ἦγον,
593 615 826 685 οἰόμενοι
866 616 1089 687 βασιλέα
1125 602 1497 668 ’1ουστινὶανὸν
1525 613 1699 668 ταῦτα

173 704 335 772 σαφῶς
360 706 676 760 ἐπιστεῖλαι.
720 706 779 759 '0
810 707 867 760 δὲ
910 707 1022 761 τῶν
1066 707 1261 771 Λαζῶν
1306 705 1494 776 ὅμιλος
1519 704 1701 758 διετα-

175 793 324 864 ράχθη
345 811 404 847 τε
442 794 610 858 ἄπας,
643 796 736 850 καὶ
766 795 1036 869 δυσθυμία
1076 797 1413 867 κατείχοντο,
1465 795 1540 859 ὡς
1566 795 1702 866 μηδὲ

172 887 549 958 ἀναμίγνυσθαι
585 889 832 943 τολοιπὸν
880 893 993 955 τοῖς
1033 889 1360 960 Ῥωμαίοις,
1408 890 1545 959 μήτε
1579 887 1702 953 ξυν-

169 981 558 1053 ετιστρατεύειν
597 982 896 1054 αἱρεῖσθαι,
918 985 1053 1038 ἀλλὰ
1083 985 1175 1038 τὸν
1203 983 1393 1055 νεκρὸν
1421 984 1467 1016 ⁸⁸
1496 977 1531 1057 ᾖ
1555 984 1704 1036 νενόο

171 1090 337 1141 μισται
364 1072 796 1145 καταχώσαντες.
827 1073 1020 1145 ἔμενον
1057 1076 1200 1130 οὕτω
1219 1075 1516 1146 ἀπόμαχοι,
1538 1074 1614 1138 ὡς
1636 1072 1701 1145 δὴ

163 1163 301 1220 δεινὰ
330 1165 646 1237 ὑϐρισμένοι
689 1167 783 1220 καὶ
801 1166 901 1239 τὴν
945 1168 1177 1238 πάτριον
1203 1166 1361 1233 δόξαν
1396 1165 1702 1239 ἀποϐεϐλη-

166 1272 330 1322 κοτες.

233 1439 290 1488 ε’.
325 1432 646 1503 Μέγιστονη
689 1434 798 1506 γάρ
838 1433 987 1498 ἔθνος
1029 1436 1124 1489 καὶ
1154 1435 1434 1509 ἀγέρωχον
1463 1436 1512 1489 οἰ
1539 1435 1707 1501 Δαζοὶ

165 1525 254 1581 καὶ
281 1525 544 1597 μεγίστων
588 1526 762 1581 ἄλλων
808 1527 1098 1598 κρατοῦσι,
1145 1527 1224 1598 τῷ
1252 1544 1312 1580 τε
1344 1526 1558 1599 παλαιῷ
1598 1528 1706 1581 τῶν

162 1618 372 1689 Κόλχων
394 1619 615 1687 ὀνόματι
644 1619 1026 1690 βρενθυόμενοι
1059 1623 1203 1692 πέρα
1225 1619 1320 1675 τοῦ
1356 1622 1577 1694 μετρίου
1608 1639 1707 1691 με·

161 1709 480 1782 γαλαυχοῦσι
497 1711 564 1776 ⁸⁸,
589 1714 682 1765 καὶ
707 1714 846 1784 τάχα
869 1715 930 1767 οὐ
954 1714 1071 1767 λίαν
1096 1714 1321 1782 ἀλόγως,
1358 1713 1446 1768 Ἑν
1470 1713 1576 1784 γάρ
1595 1714 1709 1778 τοῖς

159 1804 328 1859 εθνεσι
354 1807 467 1869 τοῖς
500 1806 601 1860 ὅσα
643 1806 733 1875 ὑφ’
777 1806 969 1875 ἑτέραν
986 1807 1030 1840 ⁸⁸
1074 1805 1349 1876 βασιλείαν
1391 1806 1706 1876 τετάχαται,

158 1898 257 1951 οὐκ
272 1891 382 1952 οἶδα
395 1896 569 1967 ἔγωγε
595 1897 724 1952 ἄλλο
740 1896 882 1952 οὕτω
902 1898 1110 1952 κλεινόν
1128 1916 1230 1953 που
1253 1897 1417 1968 φῦλον
1432 1898 1479 1930 ’⁸
1500 1899 1595 1953 καί
1615 1901 1707 1952 εὐ-

170 1987 375 2061 δαῖμον,
404 1990 635 2044 πλούτου
668 2007 727 2043 τε
753 1988 1023 2062 ὑπερὸολῇ
1057 1991 1153 2044 καὶ
1175 1990 1370 2063 πλήθει
1397 1992 1703 2060 κατηκόων,

156 2082 333 2136 τόπων
350 2098 410 2135 τε
433 2081 689 2154 εὐκαιρία
718 2081 812 2135 καὶ
834 2080 1062 2153 ἀφθονίᾳ
1097 2082 1207 2136 τῶν
1242 2081 1577 2153 ἐπιτηδείων,
1611 2081 1706 2135 καὶ

163 2177 233 2246 τῇ
275 2174 380 2230 τῶν
422 2174 570 2246 ἠθῶν
616 2175 885 2246 εὐκοσμίᾳ
913 2190 974 2229 τε
1017 2176 1111 2229 καὶ
1137 2176 1423 2247 δεξιότητι.
1461 2176 1572 2228 Καὶ
1597 2175 1706 2228 τοί-

155 2253 254 2322 νυν
276 2267 324 2320 οἰ
356 2266 456 2338 μὲν
494 2266 722 2323 πάλαιτι
763 2269 1051 2340 οἰκήτορες
1075 2268 1184 2322 τῶν
1220 2269 1285 2321 ἐκ
1310 2269 1408 2338 τῆς
1441 2266 1707 2336 θαλάττης

155 2359 372 2431 ἀγαθῶν
397 2361 641 2430 ἀγνῶτες
677 2364 1018 2416 παντάπασιν
1061 2359 1146 2434 [Ρ.
1173 2359 1264 2434 77]
1294 2361 1588 2433 ἐτύγχανον
1621 2362 1707 2415 ὅν-

154 2471 267 2517 τες,
293 2449 373 2518 οἷς
402 2469 467 2522 γε
490 2454 609 2507 οὐδὲ
633 2452 803 2523 ὄνομα
827 2451 961 2518 νεὼς
989 2454 1237 2524 ἠκούετο,
1266 2455 1393 2527 πρίν
1420 2471 1485 2523 γε
1510 2453 1575 2526 δὴ
1603 2454 1705 2508 αὑ-

150 2547 269 2609 τοῖς
295 2545 392 2613 τὴν
424 2544 602 2617 Ἀργὼ
643 2546 855 2616 ἐκείνην
891 2546 1260 2617 ὲπιφοιτῆσαι.
1310 2548 1374 2600 Oi
1404 2547 1462 2601 δὲ
1492 2546 1586 2601 νῦν
1611 2546 1707 2600 καὶ

152 2635 520 2692 ναυτίλλονταί
547 2654 635 2705 γε,
682 2638 824 2692 οὕτω
846 2637 1148 2709 παρασχὸν,
1187 2639 1283 2692 καὶ
1308 2638 1379 2692 τὰ
1404 2639 1504 2709 τῆς
1532 2640 1704 2708 ἐμπο-

154 2731 282 2803 ρίας
306 2730 617 2801 κομίζονται
657 2730 847 2801 κέρδη.
875 2729 997 2785 Εἰσί
1036 2746 1096 2783 τε
1124 2730 1186 2783 οὐ
1214 2730 1478 2801 βάρϐαροι
1505 2731 1566 2784 τέ)
1598 2732 1709 2786 λοι-

153 2822 281 2882 πδν.
313 2822 431 2877 οὐδὲ
467 2822 669 2877 οὓτωη
699 2822 1051 2892 βιοτεύουσιν,
1089 2822 1203 2876 ἀλλ’
1228 2825 1287 2887 ἐς
1331 2826 1392 2877 τὸ
1434 2824 1709 2879 πολιτικόν

151 2931 218 2967 τε
247 2915 337 2968 καὶ
364 2914 586 2984 ἔννομον
623 2914 1052 2984 μεταθέὸληνται
1097 2917 1164 2986 τῇ
1216 2916 1353 2987 πρὸς
1406 2917 1709 2985 Ῥωμαίους

151 3005 441 3078 ἐπιμιξίαν
504 3006 645 3060 ὥστε
691 3007 746 3060 εῐ
783 3025 867 3070 τις
909 3007 1034 3071 τοὺς
1082 3008 1419 3079 χαλκόποδας
1478 3010 1711 3081 ταύρους

150 3098 419 3169 περιέλοι,
455 3099 550 3152 καὶ
575 3098 811 3162 τάς-τῶν
841 3099 1088 3170 γηγενῶν
1122 3101 1582 3173 ἁναϐλαστήσεις,
1617 3103 1713 3156 καὶ

150 3190 328 3243 ὁπόσα
361 3188 497 3244 ἄλλα
534 3189 813 3262 τερατώδη
845 3191 942 3246 καὶ
984 3192 1186 3246 ἄπιστα
1213 3195 1281 3263 τῇ
1321 3195 1538 3263 ποιήσει
1570 3194 1715 3262 ἀμφὶ

150 3282 237 3354 τῷ
261 3283 432 3355 Αἰήτῃ
464 3282 859 3354 κεκόμψευται,
892 3283 1043 3354 εὕροι
1064 3301 1127 3354 γε
1146 3283 1214 3339 ἂν
1233 3285 1304 3339 τὰ
1325 3286 1569 3358 παρόντα
1591 3286 1721 3340 πολ-

151 3375 240 3446 λῷ
282 3375 392 3429 τῶν
438 3375 785 3446 προτέρων²⁸
827 3374 1109 3445 ἀμείνονα.
1162 3375 1408 3430 Τοιοῦτοι
1446 3375 1512 3448 δὴ
1565 3375 1660 3431 οὖν
1677 3377 1723 3411 τι

149 3468 312 3531 ὄντες
342 3468 390 3520 οἰ
421 3465 605 3531 Λαζοί,
636 3466 862 3529 εἰκότως
888 3467 988 3521 οὐκ
1013 3467 1215 3522 ἀνεκτά
1254 3467 1483 3537 ἡγοῦντο
1523 3486 1724 3524 πεπον-

151 3558 332 3620 θέναι,
363 3556 440 3621 ὡς
465 3556 531 3627 δὴ
559 3555 652 3610 τὸν
695 3555 918 3626 βασιλέα
965 3556 1115 3625 σφῶν
1146 3559 1473 3627 παραλόγως
1510 3561 1725 3633 ἀφῃρη.

155 3648 339 3720 μένοι.
368 3647 575 3702 Αὐτίκα
601 3646 659 3702 δὲ
685 3648 736 3701 οἰ
774 3647 1054 3717 Ῥωμαῖοι,
1095 3648 1371 3722 Μαρτίνου
1415 3649 1726 3720 ἐξοτρύνον-

147 3757 276 3804 τος,
302 3740 591 3809 ἠπείγοντο
617 3740 849 3794 πανσυδὶ
875 3739 1157 3795 ἐπιθέσθαι
1182 3743 1296 3807 τοῖς
1323 3742 1382 3806 ἐς
1418 3743 1726 3814 ὐνόγουριν

150 3832 424 3900 Πέρσαις.
454 3830 625 3900 Τήνθε
649 3831 708 3885 δὲ
727 3830 827 3902 τὴν
849 3832 1163 3903 ἰπωνυμίαν
1183 3833 1249 3887 ἐκ
1270 3834 1504 3888 παλαιοῦ
1531 3834 1726 3905 ἔλαχεν

146 3921 223 3976 τὸ
244 3921 466 3995 χωρίον.
492 3921 706 3977 Οὖννων
737 3922 868 3986 εσως
894 3924 954 3977 ἐν
976 3927 1092 3987 τοίς
1121 3925 1234 3980 ἄνω
1259 3926 1493 3996 χρόνοις,
1522 3926 1633 3980 τῶν
1659 3927 1725 3996 δὴ

164 4012 510 4085 Ὀνογούρων
530 4014 949 4084 ἐπιλεγομένων,
970 4016 1134 4071 αὐτοῦ
1157 4035 1261 4072 που
1283 4017 1664 4090 ξυμϐαλόντων
1678 4020 1724 4053 ⁷⁸

146 4106 276 4170 τοῖς
301 4106 554 4176 Κόλχοις,
583 4105 680 4161 καὶ
702 4101 820 4160 εἶτα
842 4107 1226 4178 νενικημένων,
1260 4108 1354 4162 καὶ
1378 4108 1568 4183 ῶσπερ
1594 4126 1729 4182 μνη-

150 4198 324 4267 μείου
353 4198 515 4270 χάριν
539 4197 634 4251 καὶ
658 4199 919 4270 τροπαίου
956 4201 1056 4271 τὴν
1084 4200 1372 4272 ἐπίκλησιν
1394 4203 1597 4273 ταύτην
1617 4203 1727 4256 τῶν

141 4290 478 4362 ιπιχωρίων
524 4291 944 4361 ἔπενεγκόντων.
990 4292 1106 4346 Νῦν
1136 4293 1196 4347 δὲ
1243 4293 1340 4365 οὐχ
1385 4293 1529 4348 οὕτω
1576 4296 1729 4365 παρὰ

146 4384 280 4447 τοῖς
290 4382 341 4415 ’⁸⁸
363 4380 581 4446 πολλοῖς
608 4382 952 4454 ὀνομάζεται,
983 4384 1097 4439 ἀλλ’
1123 4385 1310 4458 ὶπειδὴ
1337 4386 1609 4455 Στεφάνου
1632 4386 1728 4442 τοῦ

1801 622 1980 668 tamen
2030 614 2362 677 manebant,
2411 614 2786 670 existimantes
2836 615 3203 671 Justiniauuni
3251 620 3366 677 hau:

1799 716 1986 771 aperte
2011 719 2108 771 per
2136 705 2344 761 litteras
2372 706 2683 761 mandasse.
2727 705 2996 763 Lazorum
3046 724 3180 764 vero
3211 725 3365 765 exer-

1802 793 1971 848 ritum
2006 793 2322 850 universum
2353 796 2546 868 ingens
2593 798 2928 867 perturbatio
2953 809 3010 855 et
3050 816 3258 856 mceror
3285 802 3358 856 in-
3397 853 3400 856 .

1799 886 1959 952 vasit,
1997 885 2134 941 adeo
2160 895 2217 941 ut
2250 901 2352 943 nec
2381 890 2697 959 permisceri
2732 889 2985 962 deinceps
3010 908 3131 948 cum
3161 892 3369 949 Roma-

1799 977 1910 1042 nis,
1944 992 2122 1048 neque
2150 993 2275 1032 eum
2308 978 2441 1046 ipsis
2471 981 2709 1037 militare
2738 980 2944 1036 vellent
2976 998 2991 1037 :
3026 982 3118 1037 sed
3156 991 3369 1051 [mittea-

1801 1083 1968 1137 quam
2016 1079 2288 1125 mortuum
2328 1085 2393 1125 ex
2441 1073 2682 1142 ipsorum
2732 1088 2885 1129 more
2921 1082 3086 1142 atque
3120 1075 3371 1130 instituto

1804 1161 2205 1228 tumulassent,
2261 1164 2573 1220 secessione
2629 1165 2771 1222 facta
2830 1182 2861 1221 a
2922 1167 3067 1223 bello
3115 1167 3373 1238 deinceps

1804 1254 2201 1323 abstinuerunt,
2232 1264 2420 1327 utpote
2448 1258 2621 1314 atroci
2662 1257 2864 1330 injuria
2896 1258 3092 1328 allecti,
3120 1271 3178 1316 et
3199 1259 3373 1330 patria

1803 1346 1975 1418 gloria
2007 1350 2231 1405 amissa.
3146 1345 3151 1349 ⁴

1877 1440 1934 1495 5.
1964 1438 2199 1497 Maxima
2228 1442 2374 1497 enim
2405 1449 2490 1499 est
2519 1451 2576 1497 et
2617 1440 2770 1497 ferox
2814 1442 2963 1497 natio
3007 1443 3372 1511 Colchorum,

1805 1535 2170 1605 maximisque
2215 1536 2340 1591 aliis
2382 1536 2695 1605 imperant:
2724 1544 2778 1591 et
2822 1537 2988 1592 veteri
3035 1534 3368 1593 Colchorum

1805 1624 2166 1694 appellatione
2209 1626 2542 1695 gloriantes,
2587 1641 2754 1696 supra
2799 1629 3023 1683 modum
3064 1643 3186 1684 sese
3226 1628 3374 1697 ipsos

1804 1717 2081 1772 extollunt
2111 1727 2166 1772 et
2189 1716 2435 1788 lactant,
2480 1726 2535 1773 et
2564 1717 2796 1774 fortasse
2822 1729 2931 1774 non
2963 1719 3259 1775 admodum
3298 1729 3377 1775 te-

1807 1824 1976 1865 mere.
2008 1808 2154 1864 luter
2181 1810 2431 1866 nationes
2460 1809 2627 1875 enim,
2657 1826 2781 1878 qua:
2805 1811 2909 1865 sub
2940 1811 3118 1865 alieno
3146 1811 3376 1881 imperio

1808 1910 1935 1955 sunt
1968 1902 2299 1967 constitutte,
2335 1902 2539 1956 nullam
2572 1902 2825 1972 equidem
2857 1903 3016 1957 aliam
3046 1902 3154 1958 vidi
3179 1903 3250 1958 ita
3281 1918 3375 1959 ce—

1806 1993 2009 2048 lebrem
2041 1995 2206 2064 atque
2237 1993 2448 2048 felicem
2486 2003 2595 2048 tam
2646 2010 2812 2064 opum
2849 1994 3168 2050 excellentia
3211 2011 3376 2066 quam

1810 2084 2155 2140 multitudine
2191 2085 2559 2148 subditorum,
2599 2086 2839 2140 locorum
2864 2086 3031 2141 etiam
3055 2089 3380 2156 opportuni-

1808 2185 1938 2242 tate,
1969 2174 2128 2247 ιω
2153 2176 2595 2245 abundantiaque
2630 2191 2811 2230 rerum
2837 2177 3295 2241 necessariarum,
3322 2188 3380 2233 et

1807 2287 2023 2326 morum
2056 2271 2324 2342 elegantia
2349 2285 2413 2325 ac
2436 2271 2781 2326 dexteritate.
2813 2270 2893 2327 Ae
2920 2283 3130 2327 veteres
3155 2273 3377 2344 quidem

1806 2362 2138 2417 habitatores
2164 2362 2586 2432 bonorum,‘qute
2602 2360 2759 2417 affert
2783 2377 2952 2427 mare,
2978 2377 3206 2433 prorsus
3226 2373 3383 2419 erant

1808 2454 2009 2525 ignari,
2034 2454 2234 2525 quippe
2258 2455 2459 2526 quibus
2491 2471 2558 2510 ne
2591 2471 2785 2510 nomen
2816 2455 3034 2526 quidem
3063 2457 3219 2513 navis
3253 2468 3374 2514 erat

1808 2547 2076 2613 auditum,
2110 2548 2285 2604 donec
2311 2563 2379 2604 eo
2406 2548 2553 2620 Argo
2577 2548 2668 2602 illa
2698 2550 3015 2619 appulisset.
3042 2547 3216 2620 llujus
3245 2565 3377 2605 vero

1808 2639 2067 2709 temporis
2099 2638 2285 2693 Colchi
2323 2650 2381 2695 et
2414 2641 2687 2710 navigant,
2721 2655 2846 2694 cum
2881 2640 2953 2694 ita
2987 2656 3090 2695 usu
3121 2641 3288 2706 venit,
3318 2650 3377 2696 et

1813 2744 1879 2784 ex
1912 2741 2219 2784 mercatura
2242 2740 2509 2800 quaestum
2536 2730 2741 2785 faciunt
2763 2747 2777 2783 :
2802 2741 3041 2801 suntque
3067 2732 3135 2786 de
3164 2733 3381 2803 reliquo

1814 2836 2160 2891 nequaquam
2192 2821 2437 2886 barbari,
2465 2837 2643 2892 neque
2672 2822 2747 2876 ita
2775 2823 2983 2887 vivunt,
3011 2823 3105 2877 scd
3131 2828 3197 2877 ad
3222 2822 3383 2878 civile

1813 2928 1878 2967 ac
1915 2913 2088 2983 legale
2110 2913 2327 2968 vivendi
2362 2928 2534 2985 genus
2560 2928 2626 2968 ex
2662 2914 3062 2970 consuetudine
3087 2930 3220 2970 eum.
3268 2913 3381 2969 ιιο-

1814 3005 1992 3060 inanis
2043 3015 2172 3060 sunt
2220 3005 2454 3060 traducti
2490 3023 2506 3061 :
2541 3006 2678 3060 adeo
2718 3015 2779 3060 ut
2829 3007 2877 3061 si
2924 3007 3052 3076 quis
3101 3007 3387 3077 aeripedes

1813 3104 2001 3150 tauros
2032 3094 2426 3165 hominumque
2458 3109 2490 3150 e
2528 3106 2673 3150 terra
2718 3094 3098 3164 pullulantium
3143 3104 3385 3165 segetem

1816 3187 2033 3258 aliaque
2082 3198 2395 3258 portentosa
2454 3197 2510 3243 et
2564 3188 2926 3252 incredibilia,
2980 3205 3105 3259 quae
3146 3190 3281 3245 St'ite
3320 3189 3390 3245 de

1817 3277 1977 3335 Eeta
2005 3279 2285 3350 ﬁnguntur
2306 3296 2337 3334 a
2358 3280 2552 3350 poetis,
2575 3280 2778 3347 demat,
2799 3280 3087 3350 praesentia
3109 3280 3390 3337 veteribus

1821 3372 1982 3442 longe
2018 3371 2245 3426 meliora
2286 3372 2606 3441 comperiat.
2638 3371 2796 3426 Tales
2829 3373 3011 3443 itaque
3044 3387 3168 3427 cum
3203 3380 3392 3427 essent

1820 3462 1973 3528 Lazi,
2004 3463 2201 3518 merito
2231 3478 2291 3519 se
2326 3464 2651 3519 intolerabili
2688 3466 2889 3535 injuria
2934 3465 3153 3519 allectos
3194 3479 3391 3521 cense-

1821 3551 1972 3616 bunt,
2006 3560 2192 3621 utpote
2216 3566 2340 3622 rege
2370 3567 2472 3607 suo
2499 3555 2755 3613 atrociter
2781 3555 2995 3625 privati.
3030 3553 3225 3609 Statim
3260 3570 3389 3610 vero

1822 3645 2076 3710 Romani,
2103 3644 2362 3700 incitante
2390 3644 2645 3712 Martiae,
2668 3647 2926 3702 omnibus
2948 3646 3156 3702 viribus
3179 3646 3389 3702 adoriri

1823 3736 2090 3806 parabant
2120 3734 2317 3793 Persas
2339 3735 2638 3806 Onogurim
2674 3736 2995 3793 insidentes.
3016 3737 3239 3803 Accepit
3261 3750 3393 3793 vero

1817 3831 1931 3898 jam
1964 3829 2093 3884 inde
2124 3829 2195 3884 ab
2223 3829 2450 3900 antiquo
2484 3830 2573 3884 hic
2618 3829 2770 3884 locus
2798 3845 2918 3884 eam
2952 3829 3392 3900 appellationem,

1821 3920 1967 3991 quod
2001 3936 2125 3976 cum
2173 3918 2352 3975 llunni
2400 3920 2657 3987 fortasse,
2701 3921 2942 3992 Onoguri
2979 3921 3188 3985 vocati,
3221 3935 3392 3991 supe-

1822 4017 2063 4072 rioribus
2092 4017 2428 4088 temporibus
2471 4018 2564 4073 illo
2601 4019 2721 4089 ipso
2766 4021 2819 4073 lu
2863 4018 2981 4073 loco
3006 4033 3132 4072 cum
3174 4017 3394 4073 Colchis

1824 4110 2014 4180 praelio
2045 4111 2419 4166 decertassent
2450 4111 2685 4181 victique
2718 4109 2966 4176 fuissent,
2997 4111 3162 4167 veluti
3198 4126 3394 4165 monu-

1827 4203 1989 4257 tuenti
2018 4212 2074 4258 et
2100 4202 2287 4273 tropaei
2317 4218 2482 4259 causa
2513 4203 2563 4258 id
2597 4218 2794 4257 nomen
2823 4204 2871 4258 ei
2916 4203 2984 4257 ab
3010 4202 3280 4274 indigenis
3311 4203 3397 4257 in-

1825 4293 1997 4347 ditum
2034 4293 2228 4359 fuerit;
2281 4308 2427 4347 nunc
2455 4307 2584 4346 vero
2610 4294 2872 4362 temporis
2897 4307 3004 4346 non
3033 4292 3105 4346 ita
3143 4307 3173 4346 a
3202 4291 3397 4361 pleris-

1826 4401 1933 4454 que
1962 4385 2297 4455 appellatur;
2334 4385 2428 4440 sed
2461 4400 2586 4440 cum
2616 4385 2689 4440 ibi
2723 4387 2980 4455 templum
3006 4394 3147 4440 esset
3177 4399 3395 4439 sacrum

141 4475 455 4532 θεσπεσίου
482 4476 625 4546 ἱερὸν
651 4475 884 4531 ὶνταῦθα
908 4477 1138 4549 ἵδρυται,
1160 4478 1219 4531 ὃν
1246 4478 1543 4550 δήπρῶτον
1564 4482 1730 4536 πάλαι

1802 4476 2015 4537 .divino
2046 4477 2122 4531 illi
2158 4475 2455 4547 Stephano,
2503 4493 2664 4548 quem
2698 4477 2917 4547 quidem
2973 4473 3129 4547 147
3159 4476 3396 4545 primum

141 4567 332 4637 φασὶν
355 4566 499 4638 ὑπὲρ
524 4568 632 4620 τῶν
676 4568 1020 4633 Χριστιανοῐς
1048 4568 1246 4640 ἄριστα
1273 4569 1571 4626 δοκούντων
1610 4573 1737 4632 ἔθει-ς

142 4655 363 4725 λοντὴν
407 4656 913 4710 ὂιακινδυνεύσαντα
961 4657 1068 4711 ὑπὸ
1111 4658 1222 4711 τῶν
1266 4659 1523 4713 ἐναντίων
1569 4679 1737 4716 κατα.

139 4745 484 4816 λευσθῆναι,
510 4745 591 4817 τῷ
617 4746 827 4800 ἐκείνου
854 4747 1078 4817 ὀνόματι
1115 4747 1396 4804 καλεῖσθαι
1438 4750 1532 4803 τὸν
1572 4753 1736 4808 τόπον

137 4839 503 4910 νενόμισται.
557 4840 735 4910 Ἦμᾶς
764 4839 821 4893 δὲ
865 4840 1039 4901 οὐδὲν,
1086 4836 1261 4912 οἶμαι,
1311 4841 1373 4896 τδ
1403 4844 1629 4911 κωλύον,
1679 4851 1737 4912 ἐς

139 4930 460 5001 γνώρισμα
503 4932 573 5002 τῇ
621 4929 954 5001 ἀρχαιοτάτῃ
971 4932 1017 4963 "
1067 4933 1303 5003 χρῆσθαι
1354 4938 1732 5009 προσηγορία,

138 5022 292 5076 ἐπεὶ
315 5021 416 5075 καὶ
443 5019 728 5091 ξυγγραφῇ
761 5019 958 5089 μᾶλλον
987 5023 1273 5092 προσήκει.
1318 5022 1377 5074 ὐ
1403 5022 1468 5093 δὴ
1506 5018 1599 5076 οὖν
1616 5010 1736 5076 τῶν

150 5113 471 5182 Ῥωμαίων
500 5111 725 5183 στρατὸς
769 5113 826 5175 ἐς
879 5112 1187 5183 Ὀνόγουριν
1229 5114 1363 5167 ἰέναι
1398 5117 1736 5185 παρεσκευά-

133 5208 329 5270 ζοντο
343 5204 412 5259 ⁷⁸.
454 5204 516 5256 ΟΞ
545 5202 656 5272 γάρ
677 5201 772 5256 τοῦ
807 5204 1110 5274 μιάσματος
1143 5203 1463 5276 βουληφόροι
1496 5207 1553 5268 ἐς
1580 5205 1738 5260 τοῦτο

138 5297 468 5358 ἐνέκειντο,
510 5295 818 5359 ἐλπίζοντες
865 5296 1064 5367 ῥαδίως
1105 5296 1263 5351 τοῦτο
1290 5297 1353 5369 δὴ
1394 5298 1456 5351 τὸ
1480 5298 1736 5369 φρούριον

137 5386 701 5458 καταστρέψασθαι·
742 5384 915 5459 ταύτῃ
957 5402 1017 5438 τε
1062 5386 1153 5440 τὸν
1180 5384 1423 5455 βασιλέα,
1468 5390 1516 5441 εἰ
1547 5390 1641 5441 καὶ
1669 5389 1735 5443 τά

1827 4569 1958 4623 olim
1989 4569 2145 4623 aiunt
2174 4583 2273 4637 pro
2307 4568 2637 4623 Christianis
2676 4568 2880 4637 optime
2906 4567 3271 4623 sentientibus
3298 4581 3400 4621 vn-

1829 4658 2128 4714 luntarium
2158 4669 2431 4715 certamen
2460 4659 2770 4725 adeuntem,
2800 4658 3072 4728 lapidibus
3104 4659 3173 4713 ab
3198 4659 3395 4712 adver-

1829 4751 1990 4805 sariis
2014 4751 2272 4805 obrutum
2306 4750 2496 4816 fuisse,
2523 4757 2787 4804 statutum
2819 4760 2901 4805 est
2930 4761 2987 4804 ut
3014 4765 3079 4805 ex
3113 4749 3260 4803 illius
3293 4766 3396 4803 no-

1832 4844 1975 4899 mine
2006 4843 2159 4897 locus
2182 4841 2593 4912 appellationem
2626 4843 2915 4910 acciperet.
2941 4840 3051 4895 Nos
3073 4854 3206 4894 vero
3235 4840 3395 4905 nihil,

1842 4936 2097 4998 arbitror,
2123 4944 2288 4998 vetat,
2313 4933 2609 5003 quominus
2645 4933 3018 4987 vetustissima
3041 4931 3401 5002 appellatione

1840 5024 2043 5079 notitia:
2058 5039 2222 5078 causa
2237 5032 2474 5086 utamur,
2490 5038 2614 5078 cum
2627 5023 2791 5077 etiam
2809 5022 3050 5078 historias
3064 5023 3236 5092 magis
3257 5036 3395 5077 con-

1840 5115 2040 5169 veniat.
2075 5112 2449 5169 Romanorum
2481 5115 2662 5184 itaque
2692 5114 2966 5169 exercitus
2994 5112 3394 5180 expeditionem

1841 5205 2136 5276 Onogurim
2167 5220 2357 5261 versus
2395 5205 2718 5276 apparabat;
2761 5204 2922 5260 caedis
2967 5203 3112 5259 enim
3148 5214 3401 5258 auctores

1840 5299 1942 5354 hoc
1962 5299 2241 5370 urgebant,
2262 5308 2543 5367 sperantes
2565 5296 2723 5352 facile
2742 5312 2801 5352 se
2817 5296 3282 5367 propugnaculum
3303 5296 3403 5349 hoc

1840 5391 1895 5445 in
1940 5399 2259 5460 potestatem
2302 5404 2461 5445 suam
2521 5389 2865 5454 redacturos;
2907 5402 3083 5458 eoque
3113 5388 3403 5457 imperato-

1423 5562 1656 5618 VARUE
1696 5562 2103 5624 LECTIONES.

228 5664 292 5697 “
322 5663 421 5717 τὸν
447 5662 643 5734 νεκρὸν
658 5661 705 5715 Β
736 5661 931 5734 Lngd..
953 5662 1014 5715 τὺ
1035 5661 1227 5734 νεκρὸν
1243 5662 1373 5734 cdd.

136 5735 338 5803 λαυχ.
404 5749 467 5787 τε
523 5730 579 5787 κ.
618 5730 691 5803 R.
780 5730 976 5803 ηὗρ’*
1006 5730 1208 5803 ἑτέριον
1242 5730 1308 5784 li.
1340 5801 1367 5803 _r
1409 5731 1455 5763 ⁷⁸

137 5804 204 5838 ’³
237 5798 549 5873 Ιπροτέραν
597 5802 719 5855 edd.
824 5798 1011 5860 ⁷³ὀῦν
1068 5798 1189 5858 add.
1238 5819 1298 5857 ex
1339 5801 1402 5855 ll.

139 5872 204 5906 θ’
246 5873 684 5937 ξυνεσκευάζετο
708 5871 769 5925 ιι.

1485 5661 1529 5692 ⁶⁷
1558 5661 1669 5740 ~[fro
1704 5662 1957 5740 μέγιστον
1985 5674 2202 5740 et_mox
2231 5677 2342 5740 pro
2364 5660 2862 5740 πέρατοᾘιιοιιιιω
2880 5663 2952 5740 _in
2982 5656 3184 5740 KH".
3227 5671 3400 5740 μεγα-

1515 5732 1679 5798 φῦλον
1710 5734 1862 5804 _an_le
1888 5732 2094 5804 κλεινόν
2120 5734 2273 5804 ponit
2306 5732 2371 5789 R,

1506 5804 1549 5833 ⁷³
1590 5800 2000 5871 ξυμϐαλλόντων
2046 5802 2110 5855 ll.

2475 5733 2519 5765 ⁷⁸
2547 5732 2712 5786 πάλαι
2734 5736 2845 5787 oni.
2880 5731 2943 5782 ιι.
3062 5729 3110 5760 ⁷³
3129 5727 3300 5791 οὕτως
3335 5728 3403 5781 li.

2217 5804 2265 5835 ⁷⁸
2308 5803 2437 5873 περί
2499 5805 2612 5863 τοῖς
2648 5802 2716 5855 Β.
2822 5802 2864 5831 ’⁷⁷
2888 5800 3302 5877 τῇάρχαιότητι
3333 5798 3399 5850 Β.
