4212 6438
182 389 306 452 1417

1296 379 1831 443 HISTORIARUM
1863 377 2096 436 LIBER
2132 378 2241 437 III.

3246 380 3384 445 1418

237 506 307 569 η’.
340 488 499 549 Οὗτοι
542 494 651 565 γὰρ
693 492 900 563 ἀνδρῶν
929 489 1106 562 ἔρημα
1129 488 1199 543 τά
1237 488 1418 560 ἐκείνῃ
1446 486 1600 539 πεδία
1628 484 1721 537 εὑ·
1750 488 1795 542 Α
1893 486 1900 533 l

1750 488 1795 542 Α
1893 482 1949 539 8.
1992 481 2056 536 Hi
2084 485 2227 538 enim
2261 498 2385 539 eum
2427 478 2537 539 illic
2575 500 2797 556 campos
2841 487 3152 543 hominibus
3184 504 3388 549 vacuos

177 590 372 662 ρόντες,
404 585 650 640 διέλυσάν
690 600 750 637 τε
790 583 854 635 τὸ
896 581 1233 651 χαράκωμα,
1276 580 1372 631 καὶ
1405 578 1617 631 ἅπαντα
1657 574 1727 627 τά

174 680 315 742 ἐντὸς
355 678 692 749 ληϊσάμενοι,
739 674 879 727 οὕτω
921 673 986 742 δὴ
1032 670 1323 741 γεγηθότες
1355 669 1399 699 ¹⁶
1428 666 1728 736 ἐπανῆλθον

174 775 250 834 εἰς
289 770 358 824 τά
401 770 596 832 οίκεῖα,
647 768 740 820 καὶ
785 764 884 834 τῆς
933 762 1201 833 προτέρας
1252 757 1407 824 αὖθις
1451 758 1634 830 χώρας
1684 757 1723 787 ⁸³

175 864 453 933 ἐκράτουν.
486 859 674 914 Καίτοι
703 857 819 921 πῶς
844 859 904 911 οὐ
933 857 1053 909 λίαν
1096 855 1365 926 ἀρίδηλον,
1406 853 1481 915 ὡς
1506 850 1648 905 θεῖόν
1675 866 1728 903 τι

180 958 382 1025 μήνιμα
415 952 510 1005 τοῦ
546 951 761 1005 ἀνοσίου
804 949 1035 1019 αἵματος
1083 949 1127 980 ¹²
1154 948 1307 1002 ἐκατι
1336 945 1406 997 τὰ
1445 942 1728 1013 Ῥωμαίων

175 1044 369 1114 ἔσφηλε
410 1041 612 1114 πλήθη,
642 1042 697 1093 οἴ
740 1058 804 1109 γε
841 1038 1226 1093 ἐόουλεύσαντό
1257 1054 1316 1090 τε
1348 1037 1418 1090 τά
1459 1036 1725 1107 χείριστα,

175 1136 267 1188 καὶ
293 1133 443 1194 ὄντες
476 1133 535 1184 οὑ
568 1134 719 1201 μεῖον
746 1131 779 1201 ἢ
829 1129 990 1183 πέντε
1018 1128 1272 1199 μαχίμων
1311 1127 1522 1199 ἀνδρῶν
1550 1126 1595 1158 ¹³
1625 1142 1731 1196 μυ-

178 1224 376 1294 ριάδες,
408 1221 512 1276 ὑπὸ
556 1220 865 1291 τρισχιλίων
906 1220 1129 1291 Περσῶν
1171 1218 1408 1287 ἀγεννῶς
1443 1218 1586 1271 οὕτω
1630 1233 1730 1269 πε-

175 1314 427 1383 φεύγασι,
462 1311 742 1375 πλείστους
769 1312 925 1374 ὅσους
956 1309 1420 1378 ἀποὸεὸληκότες;
1452 1306 1590 1377 πλὴν
1615 1306 1729 1359 ἀλλ’

174 1407 323 1459 αὐτοί
362 1422 426 1473 γε
454 1406 502 1457 οἱ
533 1403 632 1473 τῆς
664 1402 972 1473 μιαιφονίας
1019 1403 1246 1473 ἐργάται
1274 1403 1374 1455 οὐκ
1414 1403 1471 1464 ἐς
1516 1398 1731 1470 μακρὰν

174 1500 273 1569 τὴν
301 1497 634 1566 τελεωτάτην
671 1494 979 1565 ἀνέπλησαν
1007 1494 1180 1565 δίκην,
1221 1494 1296 1556 ὼς
1328 1494 1604 1564 προϊόντες
1634 1496 1733 1562 ἀφ-

173 1588 510 1658 ηγησὸμεθα.
536 1588 668 1641 Τότε
707 1588 763 1640 δὲ
790 1588 1051 1658 χειμῶνος
1078 1587 1488 1656 ἐπιλαϐομένου,
1534 1587 1638 1640 ἀνά
1664 1588 1732 1640 τά

178 1680 485 1751 πολίσματά
528 1678 592 1751 [Ρ
620 1678 708 1749 81]
758 1696 817 1732 τε
854 1680 948 1731 καὶ
992 1678 1225 1750 φρούρια
1269 1677 1465 1739 ἂπαςό
1507 1677 1734 1748 στρατὸς

175 1773 548 1834 ἑσκεδάννυτο,
596 1767 737 1844 ᾗπερ
784 1771 996 1837 ἑκάστῳ
1045 1769 1414 1839 διαχειμάζειν
1455 1769 1728 1821 ἐτέτακτο.

191 1863 279 1916 Ἐν
299 1862 470 1931 τούτῳ
492 1862 548 1913 δὲ
572 1837 640 1914 ea
669 1837 776 1913 τῶν
802 1859 1020 1929 Κόλχων
1047 1837 1345 1930 πράγματα
1371 1855 1646 1926 ἀμφίϐολά
1669 1870 1732 1923 γε
1763 1837 1807 1897 Β

172 1951 244 2024 ἦν
275 1956 329 2017 ἐς
372 1955 441 2006 τά
477 1954 709 2022 μάλιστα
760 1953 852 2005 καὶ
883 1950 1285 2021 τεταραγμένα.
1324 1948 1611 2020 Τοιγάρτοι
1641 1947 1736 2002 καὶ

175 2048 410 2108 ἅπαντες
435 2048 482 2097 οἰ
513 2049 571 2098 ἐν
603 2045 745 2097 τέλει
774 2045 1085 2115 διηπόρουν,
1110 2045 1252 2106 τίνες
1280 2044 1348 2097 ἂν
1376 2042 1614 2111 γένοιντο
1642 2040 1736 2095 καὶ

173 2139 299 2191 ὅποι
322 2140 596 2208 τραπεῐεν.
629 2136 736 2188 Καὶ
761 2134 852 2189 οὖν
883 2135 985 2188 ὑπό
1026 2152 1147 2187 τινα
1178 2135 1437 2204 φάραγγα
1461 2131 1557 2183 τοῦ
1587 2133 1734 2183 Καυ-

176 2227 348 2281 κάσου
376 2227 690 2297 ἀγείραντες
734 2229 794 2279 ἐν
838 2227 1132 2298 ἀπορρήτῳ
1160 2226 1220 2278 τὸ
1249 2224 1497 2277 πλεῖστον
1520 2221 1613 2276 τοῦ
1646 2221 1735 2274 ἐθ-

176 2337 326 2383 νιιυς,
369 2319 442 2381 ὡς
488 2319 555 2373 ἂν
604 2319 679 2391 μὴ
722 2318 964 2372 ἔκπυστα
1007 2318 1093 2389 εἴη
1125 2318 1168 2349 ιδ
1194 2320 1306 2381 τοῖς
1349 2315 1639 2388 Ῥωμαίοις
1668 2316 1737 2370 τὰ

179 2410 549 2481 μελετώμενα,
595 2411 787 2482 βουλὴν
822 2410 1188 2479 προύτίθεντο,
1219 2408 1446 2480 πότερον
1477 2408 1570 2461 ἐπὶ
1599 2408 1737 2477 Πέρ-

178 2520 283 2568 σας
322 2504 747 2574 μεταχωρητέον,
779 2504 813 2573 ἢ
848 2501 1070 2573 μενετέα
1114 2503 1193 2554 ἐτι
1224 2502 1373 2571 παρὰ
1426 2499 1734 2568 Ῥωμαίοις.

177 2595 386 2650 Αὐτίκα
426 2594 482 2647 δὲ
521 2595 709 2648 πολλοὶ
761 2595 1159 2665 ἀπεῤῥίπτοντο
1199 2593 1368 2659 λόγοι,
1414 2591 1465 2643 οἱ
1514 2590 1614 2661 μὲν
1646 2591 1737 2643 ἐπὶ

175 2688 330 2753 τάδε,
354 2688 404 2740 oi
441 2687 495 2741 δὲ
526 2687 619 2740 ἐπὶ
646 2686 847 2757 θάτερα
874 2685 1320 2758 προκαλούμενοι.
1347 2680 1456 2737 Ἦν
1487 2683 1542 2737 δέ
1579 2682 1737 2753 ἄκρι-

174 2796 274 2841 τος
299 2781 332 2848 ἡ
366 2778 460 2849 βοὴ
504 2779 598 2831 καὶ
624 2778 963 2849 ταραχώδης,
1014 2778 1151 2848 μήτε
1186 2774 1279 2829 τοῦ
1317 2774 1564 2843 λέγοντος
1588 2775 1737 2836 ὅστις

178 2870 295 2940 εἴη,
327 2872 459 2939 μήτε
501 2871 529 2922 ὅ
551 2887 603 2922 τι
640 2869 769 2922 ποτὲ
799 2868 945 2937 λέγοι
976 2868 1041 2933 ⁸⁸,
1072 2865 1597 2936 διαγιγνωσκομένου
1641 2881 1739 2917 σα-

177 2960 321 3028 φῶς.
371 2961 503 3012 Τότε
536 2960 603 3030 δὴ
650 2954 743 3013 οὖν
792 2960 839 3011 ei
887 2957 1244 3011 δυνατώτατοι
1289 2956 1448 3026 σιγὴν
1498 2958 1596 3027 μέν
1624 2957 1739 3019 τοῖς

174 3049 442 3113 πλήθεσιν
467 3050 610 3121 ἔχειν
645 3048 1087 3120 παρεκελεύοντο,
1120 3049 1373 3119 παριέναι
1402 3048 1459 3101 δέ
1486 3047 1579 3102 τόν
1610 3048 1737 3119 βου-

1833 574 2186 639 invenissent,
2226 578 2403 633 soluto
2430 578 2718 647 dirutoque
2755 580 2918 641 vallo,
2949 581 3129 635 omnia
3169 598 3293 651 qua:
3335 584 3389 638 in

1833 682 1899 720 eo
1932 677 2089 722 erant
2121 668 2433 738 depraedati,
2465 669 2571 725 laeti
2613 672 2681 724 ad
2718 687 2815 727 sua
2847 672 3146 739 redierunt,
3177 676 3391 743 priora-

1833 774 1938 827 que
1981 759 2174 813 iterum
2219 760 2336 815 loca
2364 771 2718 832 occuparunt.
2761 765 2923 834 Atqui
2952 779 3062 833 quo
3094 775 3254 834 pacto
3284 783 3393 822 non

1834 850 2010 905 cuivis
2048 850 2201 906 valde
2237 855 2578 923 perspicuum
2619 852 2802 919 fuerit,
2824 856 3061 910 divinam
3103 858 3394 927 quamdam

1836 940 1969 994 iram
2008 942 2221 1010 injustas
2265 944 2428 999 caedis
2472 961 2636 1001 causa
2671 945 3040 1002 Romanorum
3074 949 3261 1018 copias
3288 950 3395 1002 cir-

1836 1032 2195 1097 cumvenisse,
2243 1048 2367 1088 eum
2396 1035 2627 1102 pessima
2663 1035 2889 1089 consilia
2930 1046 3130 1092 secuta:
3170 1038 3392 1103 fuerint,

1833 1129 1889 1174 et
1942 1120 2337 1191 quinquaginta
2396 1136 2505 1176 non
2555 1123 2738 1177 minus
2785 1125 3024 1178 virorum
3074 1125 3393 1181 bellatorum

1842 1207 2009 1283 millia
2042 1223 2072 1263 a
2102 1210 2275 1265 tribus
2301 1209 2589 1266 Persarum
2631 1214 2868 1269 millibus
2893 1214 3032 1269 adeo
3054 1217 3290 1284 turpiter.
3309 1214 3396 1270 fu-

1835 1309 1981 1369 gata,
2020 1317 2181 1370 quam
2223 1304 2472 1373 plurimis
2494 1304 2853 1361 desideratis?
2897 1305 3068 1362 Porro
3102 1307 3203 1377 ipsi
3232 1310 3395 1364 etiam

1836 1394 1997 1447 caedis
2037 1405 2283 1451 auctores
2333 1412 2439 1451 non
2480 1398 2651 1451 multo
2696 1408 2818 1468 post
2852 1410 3144 1455 extremam
3179 1417 3394 1471 poenam

1840 1485 2078 1551 luerunt,
2137 1496 2195 1541 ut
2244 1488 2297 1541 in
2349 1504 2634 1560 progressu
2673 1492 3038 1548 narrabimus.
3088 1493 3227 1549 Tum
3267 1511 3396 1549 vero

1836 1577 2118 1647 ingruente
2162 1579 2338 1634 hieme
2368 1596 2462 1650 per
2494 1585 2687 1651 oppida
2731 1592 2787 1637 et
2821 1587 3222 1655 propugnacula
3273 1590 3396 1641 uni-

1838 1685 2027 1745 versus
2064 1671 2332 1727 exercitus
2382 1681 2466 1727 est
2503 1676 2849 1742 distributus,
2890 1665 3051 1746 p'rout
3090 1679 3287 1748 cuique
3328 1683 3395 1735 all

1837 1761 2231 1817 hibernandum
2253 1764 2404 1819 locus
2430 1774 2515 1821 est
2544 1767 2876 1839 designatus.
2917 1769 3127 1825 [nterea
3166 1770 3395 1829 Colcho-

1834 1868 1953 1907 rum
1985 1868 2072 1908 res
2109 1854 2285 1911 dubiae
2310 1856 2604 1913 admodum
2633 1860 2969 1930 turbatisque
2989 1872 3164 1927 erant,
3190 1880 3315 1919 cum
3341 1875 3396 1921 et

1836 1942 2072 1998 universi
2128 1946 2397 2014 principes
2449 1947 2607 2020 15‘.
2650 1950 2789 2005 inter
2837 1965 2931 2006 eos
2982 1953 3088 2007 viri
3125 1954 3396 2011 haererent

1833 2034 2020 2101 animi,
2056 2034 2187 2103 quid
2234 2049 2452 2107 agerent
2483 2054 2660 2108 quove
2698 2056 2757 2097 se
2782 2051 3075 2100 verterent.
3109 2046 3248 2102 Cum
3287 2048 3393 2102 ita-

1832 2141 1939 2195 que
1971 2126 2039 2182 ad
2075 2129 2364 2197 quamdam
2398 2130 2628 2187 Caucasi
2656 2135 2860 2190 montis
2893 2137 3191 2192 convallem
3220 2142 3394 2195 maxi-

1833 2233 1975 2272 mam
2019 2222 2195 2289 gentis
2260 2237 2375 2277 suae
2421 2234 2631 2292 partem
2671 2226 2811 2281 clam
2860 2239 3272 2298 convocassent,
3328 2248 3397 2287 ne

1834 2310 2067 2366 inaudiri
2103 2328 2133 2366 a
2163 2311 2423 2370 Romanis
2450 2331 2571 2385 quae
2605 2319 2976 2374 tractabantur
2996 2333 3237 2390 possent,
3269 2340 3396 2394 pro-

1834 2415 2127 2473 posuerunt
2157 2408 2222 2460 ad
2251 2407 2680 2477 deliberandum,
2708 2420 2888 2465 utrum
2915 2412 2982 2466 ad
3008 2412 3198 2471 Persas
3219 2426 3397 2474 trans-

1833 2493 2069 2548 eundum
2100 2504 2262 2563 esset,
2300 2512 2368 2551 an
2404 2512 2535 2552 vero
2571 2499 2713 2568 apud
2759 2498 3034 2557 Romanos
3074 2504 3251 2561 adhuc
3277 2522 3396 2562 ma-

1837 2586 2095 2642 nendum.
2125 2585 2316 2642 Statim
2346 2604 2474 2644 vero
2498 2590 2651 2645 multi
2680 2593 3071 2661 spargebautur
3092 2610 3393 2662 sermones,

1836 2677 1959 2732 aliis
1991 2677 2117 2743 hoc,
2148 2679 2271 2735 aliis
2299 2680 2430 2734 illud
2478 2683 2824 2753 urgentibus.
2864 2684 3244 2743 Confusaneus
3271 2705 3399 2745 vero

1834 2777 1889 2822 et
1921 2769 2264 2825 turbulentus
2309 2772 2515 2827 clamor
2558 2774 2916 2839 excitabatur,
2944 2776 3081 2832 adeo
3123 2788 3185 2834 ιιι
3225 2796 3399 2850 neque

1836 2862 1960 2930 quis
2001 2862 2223 2928 diceret,
2269 2878 2444 2933 neque
2490 2865 2623 2934 quid
2653 2866 2878 2932 diceret,
2931 2878 3116 2938 aperte
3158 2871 3397 2927 discerni

1839 2963 2045 3023 posset.
2076 2952 2213 3008 Tum
2247 2953 2518 3024 principes
2549 2956 2751 3010 indicto
2782 2959 3115 3015 multitudini
3161 2961 3395 3030 silentio,

1833 3044 2028 3115 jubent
2062 3053 2122 3099 ut
2148 3045 2241 3115 qui
2269 3045 2400 3115 quid
2432 3046 2574 3101 facto
2614 3062 2751 3117 opus
2793 3049 3066 3105 videretur
3099 3055 3400 3122 composite

176 3142 408 3212 λόμενον
448 3143 508 3195 ἐν
551 3141 740 3212 κόσμῳ
783 3142 876 3194 καὶ
910 3141 972 3194 τὸ
1012 3140 1285 3210 πρακτέον
1313 3139 1563 3205 διεξιέναι
1590 3142 1739 3204 ὅστις
1763 3182 1807 3240 C

1737 3160 1807 3240 λε
1841 3157 2140 3213 proponere
2180 3145 2358 3209 vellet,
2411 3148 2708 3213 accederet,
2737 3149 3045 3219 quicunque
3089 3153 3304 3207 tandem
3351 3153 3400 3209 is

178 3234 255 3287 ἃν
280 3229 392 3298 οἷός
418 3251 478 3287 τε
610 3234 769 3304 ’Δνὴρ
807 3232 864 3285 δέ
909 3250 995 3297 τις
1024 3232 1132 3286 τῶν
1161 3233 1565 3304 λογιμωτάτων,
1606 3233 1739 3303 Αἰή-

175 3342 285 3397 της
331 3324 500 3395 ὄνομα
550 3325 615 3392 ⁸⁸,
666 3325 945 3396 ἐδυσφόρει
993 3325 1191 3395 μᾶλλόν
1245 3341 1300 3378 τι
1347 3325 1597 3378 ἁπάντων
1645 3325 1741 3379 καὶ

177 3417 537 3487 ἐχαλέπαινεν
573 3415 667 3469 ἐπὶ⁵
707 3434 785 3486 τῳ
819 3416 1204 3487 ξυνενεχθέντι,
1252 3415 1330 3470 ὣν
1377 3415 1475 3486 μὲν
1523 3416 1617 3469 καὶ
1647 3415 1743 3468 ἄλ-

177 3510 292 3573 λως
325 3509 689 3581 μισορώμαιος
715 3510 781 3576 ⁸⁷,
823 3509 919 3563 καὶ
953 3508 1025 3563 τὰ
1067 3507 1292 3581 Περσῶν
1334 3508 1420 3561 ἀεὶ
1448 3508 1739 3579 προσιέμε-

174 3618 297 3665 νος.
326 3602 457 3654 Τότε
500 3600 561 3654 δὲ
605 3601 700 3655 καὶ
744 3600 905 3655 πλέον
932 3599 1012 3670 τῷ
1042 3598 1385 3672 εὐπροσώπῳ
1418 3600 1515 3669 τῆς
1565 3600 1741 3664 αίτίας

174 3690 592 3763 αποχρὼμενος,
620 3690 857 3761 ἐξαίρειν
879 3691 1136 3762 ἐπειρᾶτο
1163 3690 1306 3760 πέρα
1329 3689 1425 3743 τοῦ
1452 3692 1743 3762 προσήκον-

176 3802 278 3850 τος
326 3786 387 3839 τὸ
414 3784 809 3854 γεγενημένον·
858 3783 955 3838 καὶ
986 3781 1106 3836 οὐδέ
1147 3780 1343 3851 βουλῆς
1376 3781 1609 3850 ἔφασκεν
1634 3780 1744 3833 δεῖν

177 3879 284 3931 ἐπὶ
310 3880 420 3940 τοίς
460 3876 743 3947 παροῦσιν,
771 3874 887 3930 ἀλλ’
930 3874 1092 3939 εὐθὺς
1119 3876 1177 3937 ἐς
1218 3871 1547 3927 τελεώτατον
1590 3872 1744 3942 μηδι-

182 3969 329 4040 σμὸν
352 3969 697 4040 καταστῆναι.
732 3967 854 4021 Τῶν
895 3967 953 4020 δὲ
994 3966 1167 4020 ἀλλων
1214 3964 1290 4036 μὴ
1334 3965 1531 4036 χρῆναι
1562 3963 1745 4031 λεγόν-

175 4080 301 4118 των
326 4060 468 4116 οὕτω
491 4063 556 4133 δή
583 4078 634 4115 τι
660 4060 919 4131 ἐξαπίνης
941 4060 1033 4114 τὸν
1059 4058 1172 4130 βίον
1195 4059 1313 4113 ὅλον
1342 4059 1385 4090 ¹⁸
1412 4057 1747 4127 μετασκευά-

180 4153 411 4220 οασθαι,
440 4154 569 4224 πρὶν
592 4154 657 4224 δὴ
698 4151 1036 4222 σχολαίτερον
1064 4151 1212 4220 σφίσι
1258 4149 1662 4220 βουλευομένοις
1686 4148 1747 4201 τὸ

180 4246 332 4319 λῷον
357 4247 675 4317 ἀναφανείη,
701 4249 729 4299 ό
753 4246 809 4299 δὲ
836 4243 1071 4307 ἀναστὰς
1100 4243 1195 4300 σὺν
1219 4244 1375 4314 ὀργῇ,
1407 4243 1501 4295 καὶ
1530 4256 1744 4313 προπηο

178 4344 363 4411 δήσας
389 4340 430 4371 ¹⁹
441 4342 498 4403 ἐς
524 4338 737 4409 μέσους,
770 4337 1097 4408 ἐδημηγόρει
1125 4337 1376 4405 καθάπερ
1388 4336 1446 4387 ἐν
1471 4334 1746 4406 δημοκρα-

178 4430 333 4501 τικῷ
361 4429 739 4501 βουλευτηρίῳ.
772 4424 879 4483 Ἦν
909 4427 1016 4499 γάρ
1057 4427 1151 4480 καὶ
1179 4426 1355 4494 λέγειν
1392 4426 1562 4487 δεινὸς
1591 4425 1748 4479 πλέον

1839 3234 1922 3288 vel
1955 3235 2352 3306 qualiscunque
2383 3245 2547 3293 esset.
2586 3236 2681 3291 Vir
2717 3248 2893 3294 autem
2933 3239 3154 3310 quidam
3187 3253 3399 3312 speeta-

1838 3325 1982 3391 bilis,
2014 3326 2199 3383 [Eetes
2229 3328 2467 3394 nomine,
2497 3330 2591 3399 qui
2620 3345 2728 3400 prte
2759 3331 2880 3386 aliis
2917 3332 3173 3389 omnibus
3196 3334 3398 3390 factum

1842 3417 1946 3472 hoc
1978 3418 2206 3473 moleste
2235 3420 2561 3490 indigneque
2591 3419 2815 3485 ferebat,
2850 3430 2905 3477 et
2936 3422 3137 3494 alioqui
3171 3422 3399 3480 Romani

1840 3509 2081 3565 nominis
2130 3524 2260 3565 osor
2308 3511 2649 3582 Persicisque
2697 3513 2860 3567 rebus
2911 3528 3126 3585 semper
3153 3517 3396 3581 studens,

1840 3609 1973 3655 tunc
2000 3613 2053 3657 et
2076 3602 2291 3672 quidem
2318 3603 2491 3673 magis
2514 3603 2763 3673 specioso
2797 3620 2977 3661 causa:
2999 3615 3259 3677 praetextu
3304 3610 3401 3664 ab-

1842 3702 2001 3748 utens
2028 3692 2230 3748 factum
2282 3696 2461 3766 ipsum
2494 3711 2657 3767 supra
2696 3711 2859 3767 quam
2893 3713 2989 3767 par
3030 3709 3150 3756 erat
3169 3715 3400 3773 exagge-

1842 3798 1964 3838 rare
1987 3784 2259 3840 nitebatur
2276 3825 2292 3850 ,
2316 3800 2565 3842 asserens
2589 3801 2676 3842 res
2700 3797 2995 3858 praesentes
3015 3790 3403 3849 deliberatione

1842 3891 1951 3930 non
2006 3892 2184 3945 egere.
2230 3878 2326 3933 sed
2371 3876 2657 3933 confestim
2709 3880 3055 3949 apertissime
3098 3880 3169 3936 ad
3206 3881 3403 3939 Persas

1845 3969 2231 4023 transeundum
2278 3985 2421 4027 esse.
2470 3972 2605 4027 Aliis
2649 3986 2778 4027 vero
2832 3980 3023 4027 contra
3071 3972 3399 4041 dicentibus,

1846 4075 1953 4114 non
1999 4070 2250 4131 oportere
2287 4064 2359 4117 ita
2408 4073 2626 4134 repente
2662 4071 2832 4119 totam
2882 4064 3046 4119 vitam
3092 4066 3400 4131 immutare,

1845 4152 2160 4223 priusquam
2233 4155 2460 4210 lentiore
2522 4155 2913 4211 deliberatione
2968 4156 3193 4223 habita,
3255 4159 3410 4229 quod

1846 4245 2083 4298 maxime
2113 4261 2144 4299 e
2189 4261 2248 4300 re
2290 4244 2427 4299 foret
2458 4254 2791 4314 compertum
2835 4246 3282 4317 exploratumque
3316 4264 3405 4303 es-

1846 4342 1956 4399 set;
1981 4344 2092 4388 tutn
2130 4334 2220 4388 ille
2261 4336 2339 4388 ira
2376 4336 2679 4390 concitatus
2698 4350 2819 4389 cum
2843 4334 2998 4406 155
3015 4336 3408 4392 assurrexisset

1847 4434 1901 4481 et
1932 4427 1986 4480 in
2023 4427 2227 4483 medios
2270 4426 2609 4497 prosiliisset,
2640 4427 2960 4483 concionem
3012 4428 3202 4483 habuit
3239 4430 3407 4484 veluti

179 4522 222 4592 ἢ
258 4519 400 4573 κατά
427 4518 748 4592 βαρϐάρους,
778 4519 871 4572 καὶ
892 4514 1003 4583 οἶος
1026 4519 1139 4580 τοῖς
1167 4516 1399 4586 νοήμασι
1436 4515 1745 4587 ῥητορεύειν
1776 4512 1824 4570 D

1743 4512 1824 4570 ιο
1850 4517 1904 4573 in
1948 4528 2138 4574 senatu
2183 4519 2449 4589 populari.
2499 4517 2629 4573 Erat
2667 4519 2811 4573 enim
2852 4520 3214 4589 eloquentior,
3241 4537 3406 4591 quam

182 4613 411 4685 φύσεως
444 4612 725 4684 δεξιότητι.
763 4614 873 4667 Καὶ
895 4611 1073 4666 τοίνυν
1105 4610 1251 4677 ἔλεξε
1288 4609 1465 4664 τοιάδε
1484 4628 1500 4641 ο

266 4891 335 4944 θ’.
374 4892 445 4943 El
468 4888 582 4957 μὲν
622 4888 692 4940 ὲν
728 4886 930 4957 λόγοις
963 4882 1121 4954 ἡμᾶς
1147 4885 1193 4917 ιο
1216 4884 1315 4938 και
1334 4884 1591 4949 βουλαῖς
1616 4883 1745 4950 ἠδί-

185 4997 351 5035 κουν
391 4978 676 5047 Ῥωμαῖοι,
706 4977 902 5044 καλῶς
943 4977 1020 5031 ἂν
1051 4979 1151 5031 καὶ
1174 4976 1344 5046 ἡμεῖς
1371 4977 1494 5042 τοῖς
1525 4978 1747 5043 ὁμοίοις

183 5069 418 5136 αὐτοὺς
451 5071 493 5100 ¹¹
520 5071 876 5140 ἀμυνόμενοι
908 5068 1284 5138 διετελοῦμεν
1305 5084 1320 5099 ο
1362 5067 1479 5123 νῦν
1524 5068 1591 5121 δὲ
1622 5068 1746 5135 πῶς

184 5162 471 5227 ἀνεκτὸν,
520 5163 660 5227 τοὺς
710 5161 826 5232 μὲν
875 5162 990 5230 ἤδη
1040 5163 1112 5216 τὰ
1160 5162 1401 5215 πάντων
1444 5161 1749 5216 δεινότατα

186 5253 568 5321 δεδρακέναι,
598 5253 741 5322 ἡμῖν
765 5253 834 5306 δὲ
878 5255 985 5307 τὸν
1013 5253 1120 5307 τοῦ
1160 5252 1507 5321 ἀντιδρᾶσαι
1542 5252 1748 5320 καιρὸν

1848 4611 2027 4664 solent
2059 4626 2180 4666 esse
2226 4610 2462 4673 barbari,
2493 4611 2694 4680 quique
2743 4610 3029 4667 sententiis
3060 4611 3195 4680 ipsis
3223 4621 3409 4667 orato-

1850 4717 1963 4757 rem
2010 4716 2168 4773 agere
2202 4712 2429 4771 poterat,
2477 4714 2682 4756 natura:
2723 4702 3039 4758 dexteritate
3071 4703 3309 4772 adjutus.
3346 4701 3405 4758 in

1852 4796 1997 4850 hunc
2024 4797 2205 4864 itaque
2232 4796 2449 4848 modum
2478 4794 2639 4848 verba
2671 4793 2832 4849 fecit:

1922 4886 1976 4941 9.
2017 4886 2079 4940 Si
2117 4886 2284 4940 verbis
2323 4903 2416 4940 nos
2455 4896 2545 4939 aut
2585 4886 2818 4940 consiliis
2863 4886 3122 4941 lmsisscnt
3167 4886 3406 4949 Romani.

1853 4986 1988 5030 recte
2037 4977 2270 5045 profecto
2307 4978 2465 5029 etiam
2507 4992 2599 5028 nos
2645 4974 2903 5029 similibus
2956 4975 3108 5029 rebus
3154 4975 3407 5044 injuriam

1853 5071 2255 5125 vindicor-emus.
2289 5067 2341 5122 Ν
2346 5085 2444 5123 unc
2470 5085 2586 5122 vero
2606 5085 2829 5139 quonam
2856 5065 3010 5139 pa'clo
3046 5069 3144 5123 hoc
3186 5069 3255 5123 sit
3280 5068 3409 5123 talea

1854 5162 2096 5227 randum,
2138 5161 2258 5214 illos
2300 5160 2507 5228 quidem
2553 5161 2899 5214 atrocissimis
2939 5162 3096 5214 malis
3136 5177 3231 5217 nos
3277 5162 3395 5229 olfe-

1854 5254 2009 5318 cisse,
2059 5252 2207 5305 nobis
2247 5268 2362 5305 vero
2400 5252 2796 5318 compensanda:
2829 5252 3042 5321 injuria:
3084 5256 3414 5309 occasionem

1480 5430 1563 5486 VA
1573 5430 1712 5487 ΒΙΑΞ
1742 5429 2145 5487 LECTION’ES.
2248 5426 2253 5429 ’

272 5619 319 5650 ¹⁶
342 5618 403 5687 δή
430 5634 483 5670 τι
519 5632 641 5684 γεγ.
666 5617 732 5672 Β.
786 5618 849 5687 7"
884 5613 1068 5687 χώρας
1095 5610 1253 5678 αὖθις
1407 5615 1477 5687 _“
1502 5613 1598 5666 τοῦ
1652 5613 1766 5687 ἄνω
1813 5611 2189 5687 ῥεύματοςλβ.
2264 5613 2309 5646 ¹³
2344 5613 2605 5687 ἀνδρείων
2632 5610 2680 5664 R
2709 5626 2808 5687 pro
2836 5602 3069 5687 ἀνδρῶν.
3226 5612 3312 5687 εἴη
3343 5611 3409 5674 Β,

189 5689 283 5742 Eat
312 5689 455 5757 vulg.

188 5760 350 5828 vulg.

191 5824 330 5884 σθαι
358 5824 501 5884 Ριινξ
554 5828 594 5858 ¹¹¹
624 5828 1010 5897 προσπηδήσας
1042 5824 1106 5878 Β.

531 5949 789 6010 Punon.
823 5948 936 6009 Gn.
971 5945 1343 6009 LXXXVIII.

533 5682 574 5718 ί⁸
603 5688 748 5754 λέγει
778 5686 843 5741 R.
886 5682 1136 5753 διὰγιγν.
1186 5684 1373 5753 σαφῶς
1407 5682 1470 5745 Β.
1512 5701 1642 5751 0°“?-
1693 5682 1840 5749 διατι
1864 5684 2009 5754 νυκιε·

2089 5683 2133 5714 “
2164 5684 2336 5754 ὄνομα
2368 5682 2689 5754 Βίτοθνομα
2714 5683 2858 5752 vulg.
2938 5683 2977 5713 "
3004 5682 3409 5753 μισορρώμαιος

429 5758 470 5789 ⁸⁸
491 5756 602 5835 βίον
626 5752 744 5809 ὅλον
784 5756 999 5835 Βκδλον
1030 5754 1143 5835 ῥίον
1180 5752 1324 5835 vulg.
1344 5753 1986 5835 pagaseaque-atii,
2026 5770 2089 5835 με

1745 5753 1986 5835 [σθαι-Β,
2026 5752 2457 5835 μετασκευάσθαι
2510 5752 2678 5835 L_u_gd.
2713 5752 3035 5835 eieil-apta,
3078 5752 3408 5835 insectand-

1181 5825 1226 5857 "
1256 5824 1403 5894 ἡμᾶς
1431 5824 1475 5879 ιι
1492 5834 1545 5881 et
1581 5825 1767 5895 intpr.,
1811 5824 1954 5893 ὑμᾶς
1989 5825 2130 5895 vulg.
2208 5826 2249 5856 υ
2274 5825 2466 5886 αὐτοὺς
2490 5825 2611 5877 add.
2652 5837 2719 5877 ex
2750 5824 2793 5877 Β
2820 5837 2844 5879 e

1588 5825 1767 5895 intpr.,
1811 5824 1954 5893 ὑμᾶς
1989 5825 2130 5895 vulg.
2208 5826 2249 5856 υ
2274 5825 2466 5886 αὐτοὺς
2490 5825 2611 5877 add.
2652 5837 2719 5877 ex
2750 5824 2793 5877 Β
2820 5832 2872 5879 et
2900 5824 3045 5893 inlpr
3071 5824 3124 5876 in
3145 5839 3251 5877 eos.

3132 5935 3205 5995 Mi
