4212 6438
128 423 252 489 1421

1256 420 1785 482 HlSTURlARUM
1825 419 2056 479 LIBER
2082 419 2192 478 ΙΙΙ.

3201 415 3333 479 1422

116 558 282 609 μενοι
315 541 465 610 μετά
499 543 828 609 πραότητος
877 537 1126 606 δολερᾶς
1163 538 1260 591 καὶ
1305 539 1541 607 ὁμιλίας
1563 554 1673 606 μευ
1703 549 1748 604 Α
1777 573 1779 590 ι

1665 565 1673 579 ν
1703 549 1748 604 Α
1777 537 2117 591 hostilitatem
2139 536 2454 590 consuetudo
2483 551 2600 589 cum
2632 535 2708 588 eis
2745 535 2812 586 sit
2847 534 3212 596 intercessum,
3241 537 3328 587 sed

115 633 534 702 μηχανημένης
562 633 704 697 τοὺς
731 633 1124 695 πιστεύοντας
1151 626 1447 695 ἀδικῶσι,
1481 645 1670 696 περιτ-

113 724 222 774 τὸν
246 723 418 779 ἔσται
461 723 559 777 καὶ
612 722 927 790 ἀνόνητον,
958 721 1057 774 καὶ
1105 723 1218 790 οὐχ
1247 720 1494 784 ἕξουσιν
1515 721 1675 786 ὅπως

111 813 272 879 αὐτῷ
300 813 627 882 χρήσονται
655 812 697 844 ⁸¹
729 814 858 866 καθ’
882 811 1052 881 ἡμῶν
1071 813 1167 866 διὰ
1194 813 1262 866 τὸ
1293 811 1537 881 ἄμικτον
1564 812 1676 879 τῆς

110 902 471 972 δυσμενείας
497 903 594 956 καὶ
622 902 957 971 περιφανῶς
978 903 1462 972 ἀποκεκριμένον.
1507 904 1576 956 El
1606 902 1675 955 δὲ

114 992 212 1045 καὶ
241 993 526 1062 πολεμεῖν
553 992 902 1062 πειραθεῖεν,
931 993 1091 1048 ἀλλὰ
1132 993 1279 1062 πρὸς
1305 993 1528 1059 Λαζοὺς
1557 994 1676 1062 ἅμα

113 1083 210 1135 καί
246 1082 483 1151 Πέρσας
513 1083 1040 1152 παραταττόμενοι,
1089 1083 1187 1137 καὶ
1229 1084 1414 1138 ταῦτα
1465 1083 1536 1137 ἐν
1571 1100 1676 1139 πο-

113 1175 290 1244 λεμίᾳ
337 1173 434 1245 γῇ,
474 1173 542 1228 τὸ
590 1174 742 1244 γοῦν
793 1174 1090 1236 ἐντεῦθεν,
1125 1177 1236 1230 οῦκ
1280 1175 1357 1230 ἂν
1395 1175 1536 1229 οὐδὲ
1562 1176 1676 1243 τὴν

109 1266 309 1336 όρμὴν
335 1267 680 1323 ὑποσταῖεν.
732 1269 801 1322 Οἳ
841 1285 908 1338 γε
937 1268 1034 1322 καὶ
1065 1269 1276 1338 ἀρτίως
1307 1270 1353 1303 ³’
1381 1271 1556 1325 παντὶ
1595 1270 1676 1334 τῷ

108 1355 346 1422 στρατῷ
364 1357 544 1425 μοίρᾳ
569 1358 685 1412 τινὶ
711 1357 830 1411 τῶν
859 1357 1080 1426 Μήδων
1099 1360 1391 1429 ἐλαχίστη
1421 1363 1674 1432 προσμί-

107 1445 330 1513 ξαντες
369 1447 470 1503 καὶ
497 1449 543 1480 ³³
571 1449 721 1518 πρὸς
748 1449 951 1518 φυγὴν
974 1451 1153 1517 εὐθὺς
1183 1452 1508 1521 αἰσχίστην
1538 1471 1675 1522 τρα-

1774 641 1949 697 aperte
1996 627 2248 695 disjuncti
2295 627 2459 680 simus
2487 627 2676 693 futuri.
2723 623 2876 689 Quod
2921 625 2969 679 si
3018 639 3138 678 vero
3174 623 3335 676 etiam

1773 718 1906 772 bello
1931 733 2025 772 nos
2055 718 2264 787 aggredi
2289 717 2570 781 tentarint;
2605 716 2652 770 si
2677 714 2924 769 adversus
2962 712 3130 768 Laxos
3173 713 3334 766 simul

1772 819 1821 863 et
1852 809 2046 863 Persas
2080 807 2522 879 congrediendum
2566 807 2724 876 fuerit
2757 815 2807 860 et
2829 805 3037 875 quidem
3063 806 3119 858 in
3154 803 3336 858 hostilt

1773 903 2000 973 regione,
2021 917 2086 957 ne
2111 903 2338 971 primum
2360 900 2568 971 quidem
2589 914 2768 952 eorum
2794 898 3044 966 impetum
3081 896 3334 951 sustinere

1772 995 1996 1065 possint,
2027 994 2116 1062 qui
2155 994 2310 1047 modo
2343 1007 2463 1047 cum
2499 990 2736 1044 universo
2781 987 3011 1044 exercitu
3051 984 3115 1038 ab
3145 985 3335 1054 exigua

1772 1087 2003 1158 quadam
2045 1085 2314 1140 Medorum
2360 1100 2521 1138 manu
2566 1083 2836 1152 confestim
2876 1082 2931 1133 in
2973 1077 3333 1147 turpissimam

1775 1183 1955 1249 fugam
1993 1180 2151 1242 versi,
2178 1189 2228 1233 et
2261 1177 2432 1232 adhuc
2468 1187 2674 1231 tantum
2700 1189 2803 1228 non
2839 1189 2946 1242 prae
2987 1186 3146 1226 cursu
3177 1167 3338 1222 anhe-

1774 1274 1942 1326 lantes
1966 1272 2213 1341 spiritum
2253 1271 2507 1334 trahunt;
2549 1277 2600 1324 et
2633 1265 2872 1321 omnibus
2904 1263 3132 1334 quidem,
3167 1271 3223 1314 ut
3257 1260 3338 1312 ita

1775 1365 1972 1439 dicam,
2019 1365 2140 1418 aliis
2186 1365 2331 1426 victi,
2371 1363 2488 1418 sola
2533 1377 2651 1417 vero
2696 1358 2965 1414 celeritate
3011 1355 3336 1424 insequentes

1779 1455 1969 1510 Persas
1994 1459 2244 1512 vicerunt.

106 1537 343 1604 πέντες,
379 1538 556 1608 μέχρι
631 1540 730 1593 καὶ
771 1540 888 1595 νῦν
929 1543 1256 1612 μονονουχὶ
1306 1545 1712 1599 πνευστιιῖηιν
1747 1546 1832 1617 [Ρ.
1865 1547 1956 1621 85]
2023 1550 2144 1605 ὑπὸ
2190 1549 2298 1604 τοῦ
2339 1549 2582 1617 δρόμου,
2637 1546 2827 1602 ἅπασι
2865 1541 2982 1613 μὲν
3023 1540 3105 1607 ὡς
3149 1535 3337 1592 είπεῖν

105 1625 238 1692 τοῖς
294 1627 506 1694 ἄλλοις
567 1629 1014 1698 ἐλαττωθὲντες,
1057 1633 1224 1702 μόνῳ
1276 1632 1346 1686 δὲ
1384 1633 1464 1699 τῷ
1508 1635 1675 1705 τάχει
1713 1638 1855 1704 τοὺς
1879 1639 2203 1706 διώκοντας
2238 1639 2618 1706 νενικηκότες
2649 1636 2714 1690 ³⁸.

184 1723 236 1771 ι’.
271 1720 488 1773 Τούτου
508 1719 577 1773 δὲ
595 1721 662 1774 τὸ
683 1722 800 1791 μέν
816 1723 1076 1792 ἐμφανὲς
1098 1724 1197 1778 καὶ
1217 1729 1672 1795 προχειρότατον
1703 1735 1746 1792 Β
1841 1749 1847 1784 1

1671 1735 1746 1792 Β
1841 1731 1930 1787 10.
1977 1731 2154 1802 Hujus
2193 1748 2312 1787 vero
2354 1733 2432 1786 rei
2469 1729 2800 1800 apertissima
2843 1723 3334 1794 expeditissimaqu.

100 1807 300 1861 αἷτιον
333 1809 662 1879 ἀνανδρίαν
693 1811 740 1844 ⁸⁸
787 1814 944 1868 εἴποι
997 1831 1087 1882 τις
1113 1814 1210 1880 ἂν,
1267 1818 1365 1872 καὶ
1396 1817 1463 1871 τὸ
1485 1817 1571 1888 μὴ
1600 1819 1672 1874 τὰ

103 1898 498 1967 προσήκοντα
518 1900 974 1964 βεϐουλεῦσθαι.
1002 1905 1295 1972 Πρόσεστι
1330 1907 1440 1976 γὰρ
1465 1904 1672 1976 αὐτοῖς

100 1988 190 2054 ὡς
229 1989 467 2057 ἀληθῶς
495 1992 759 2061 καθάπερ
807 1994 994 2049 οἰκεῖα
1033 1996 1133 2051 καὶ
1169 1998 1435 2070 συγγενῆ
1472 2001 1570 2054 καί
1600 2002 1672 2056 τὰ

105 2079 602 2148 τοιαῦταόνείδη·
638 2083 806 2149 πλὴν
833 2084 994 2138 ἀλλὰ
1033 2084 1155 2154 τοῖς
1182 2088 1252 2142 ἐκ
1289 2090 1530 2159 φύσεως
1563 2109 1672 2160 μο-

106 2171 358 2236 χθηροῖς
388 2170 458 2225 τὸ
490 2173 841 2241 αὐθαίρετον
879 2175 1140 2247 ἀδίκημα
1172 2180 1520 2248 προστεθὲν,
1551 2183 1668 2237 ἐδι-

105 2262 461 2317 πλασίασεν
485 2263 691 2329 αὐτοῖς
719 2264 784 2319 τὸ
802 2265 1096 2336 ἀτύχημα,
1133 2268 1244 2338 τῆς
1270 2271 1377 2324 τοῦ
1411 2273 1669 2340 κρείττο-

103 2372 221 2421 νος
257 2357 614 2426 προμηθείας
636 2355 734 2411 διὰ
759 2357 825 2411 τὸ
846 2358 988 2428 ἄγος
1009 2361 1435 2417 ἐκπεπτωκόσι.
1467 2365 1536 2418 Τὸ
1560 2367 1670 2434 γὰρ

103 2446 292 2513 νικᾷν
316 2450 431 2516 οὐχ
457 2447 609 2502 οὕτω
657 2449 782 2517 τοῖς
817 2450 1049 2518 ὅπλοις,
1076 2452 1228 2506 ὅσον
1254 2451 1333 2519 τῷ
1367 2457 1602 2510 εὐσεϐεῖ
1623 2457 1669 2489 ³⁸

98 2537 472 2601 βεϐαιοῦται·
519 2541 615 2594 καὶ
671 2542 782 2596 οὐκ
824 2540 902 2595 ἄν
929 2557 1071 2596 ποτε
1112 2545 1376 2612 μετεῖναι
1417 2545 1672 2616 φήσαιμι

106 2628 222 2695 τῆς
283 2629 388 2683 τοῦ
434 2630 658 2700 ἀγαθοῦ
701 2634 1047 2702 συμμαχίας
1099 2635 1382 2704 πονηροῖς
1416 2637 1672 2704 ἀνδράσι

107 2721 209 2774 καὶ
240 2713 642 2790 μιαρώτὰτοις.
689 2724 926 2790 Τούτοις
951 2719 1085 2793 οὖν,
1113 2726 1280 2794 εῖπερ
1319 2723 1390 2783 εὖ
1415 2728 1671 2796 φρονοῦ-

101 2827 243 2880 μεν,
276 2813 347 2866 ού
401 2815 789 2880 προσεκτέον,
828 2809 917 2880 οἷς
963 2817 1102 2870 οὔτε
1151 2817 1224 2872 τὰ
1276 2817 1387 2887 τῆς
1437 2819 1672 2888 γνώμης

107 2903 329 2970 ἄριστα
345 2905 670 2973 σύγκειται,
700 2907 798 2961 καὶ
823 2906 889 2960 τὸ
915 2906 1121 2968 σώζειν
1143 2907 1379 2962 ἅπαντα
1405 2911 1672 2978 πεφυκὸς

106 2991 358 3062 νεμεσᾷ.
405 2993 500 3060 Ὠς
531 2995 646 3063 μὲν
670 2992 783 3052 οὖν
815 2998 852 3066 ἠ
878 2998 1301 3068 προσχώρησις
1339 3001 1384 3034 ³¹
1405 3001 1550 3070 ἡμῖν
1577 3003 1672 3056 εὔ-

107 3089 296 3153 κολος
319 3087 489 3142 ἔσται
526 3090 624 3143 καὶ
653 3091 1114 3160 προσφορωτάτη
1145 3091 1244 3147 καί
1279 3091 1360 3159 τῷ
1384 3094 1672 3164 κρείττονι

106 3181 532 3248 κεχαρισμένη,
563 3180 662 3235 διὰ
689 3181 808 3235 τῶν
832 3181 1188 3252 πραγμάτων
1218 3183 1460 3254 μᾶλλον
1488 3186 1528 3254 ἢ
1556 3184 1675 3239 τῶν

104 3272 311 3339 λόγων
333 3270 378 3301 ³⁸
407 3269 754 3337 δεδήλωται.
792 3273 875 3326 Οὐ
897 3272 1027 3341 μὴν
1043 3273 1186 3328 οὐδὲ
1215 3273 1445 3329 ἀδικεῖν
1480 3275 1674 3340 δόξοι-

100 3378 223 3429 μεν
247 3360 346 3428 ἂν,
383 3362 525 3416 οὐδὲ
544 3362 786 3417 ἄπιστοι
831 3363 1207 3420 καθεστάναι.
1239 3366 1543 3432 Πολλάκις
1565 3368 1675 3436 γὰρ

106 3449 228 3518 ἤδη
263 3453 360 3506 καί
387 3454 675 3522 πρότερον
705 3455 822 3509 ὑπὸ
855 3456 1151 3525 Ῥωμαίων
1175 3457 1674 3528 προπηλακιζόμε-

105 3559 223 3606 νοι,
239 3543 517 3612 ἐμμένειν
541 3545 638 3602 καὶ
661 3547 742 3613 ὥς
764 3547 888 3614 τοῖς
913 3551 1351 3617 καθεστηκόσιν
1377 3552 1675 3622 ἡγούμεθα

107 3632 354 3702 χρῆναι,
404 3637 784 3704 φαυλότατον
835 3635 987 3694 εἶναι
1029 3640 1342 3709 κρίνοντες
1393 3644 1460 3698 τὸ
1492 3660 1672 3713 μετα..

106 3724 445 3780 ϐάλλεσθαι
469 3726 692 3795 ῥᾳδίως
719 3728 820 3782 ἐπί
852 3746 1012 3784 τισιν
1033 3731 1268 3798 αἰτίαις,
1289 3734 1341 3786 ει
1364 3731 1463 3787 καὶ
1487 3733 1674 3790 δεινό-

104 3832 283 3871 ταται
313 3813 456 3882 εἷεν,
479 3820 760 3888 φορηταῖς
784 3820 852 3874 δὲ
884 3821 1042 3891 ὅμως
1069 3823 1113 3855 ³⁹
1138 3823 1237 3878 καὶ
1266 3825 1337 3878 οὺ
1365 3823 1673 3879 παντάπα-

103 3923 215 3960 σιν
242 3907 655 3976 ἀνυποίστοις.
690 3910 760 3965 Τὸ
789 3911 856 3965 δὲ
883 3913 978 3965 καὶ
1001 3913 1289 3982 μεγίστας
1313 3913 1549 3981 ,ϐλάϐας
1572 3915 1670 3969 καὶ

100 3999 421 4064 ἀνήκεστα
460 4001 507 4033 ⁸ο
543 4001 890 4071 πάσχοντας
936 4003 1140 4073 φέρειν
1174 4004 1497 4074 διαπαντὸς
1533 4007 1672 4062 dra-

100 4090 442 4159 λαιπώρως,
476 4092 574 4146 καὶ
604 4093 751 4160 πρὸς
771 4094 964 4162 μηδὲν
1004 4096 1206 4150 ὁτιοῦν
1230 4097 1520 4168 ἄχθεσθαι
1548 4097 1670 4154 τῶν

98 4181 375 4236 ἀνοσίων
401 4181 588 4253 ἔργων
610 4185 709 4238 καὶ
733 4186 1144 4250 ἀτοπωτάτων,
1172 4189 1244 4242 οὐ
1284 4191 1670 4258 σωφρονούν-

99 4291 228 4327 των
253 4273 489 4342 ἀνδρῶν
510 4271 666 4330 εἷναί
688 4294 853 4346 φημι,
878 4278 1036 4334 ἀλλὰ
1063 4280 1276 4334 δειλῶν
1297 4281 1394 4334 καὶ
1424 4281 1668 4347 ἀθλίων,

100 4359 208 4414 καὶ
236 4358 354 4428 τὴν
379 4361 511 4430 περὶ
544 4363 615 4418 τὰ
657 4364 828 4418 κοινὰ
861 4367 1164 4435 ρᾳθυμίαν
1206 4367 1288 4433 τῷ
1330 4367 1438 4437 τῆς
1479 4369 1668 4437 ἀπρα-

98 4454 421 4521 γμοσύνης
469 4453 709 4524 ὀνόματι
747 4455 1163 4525 σοφιζομένων.
1217 4459 1434 4513 Τούτου
1465 4458 1534 4512 δὲ
1562 4459 1668 4513 τοῦ

98 4540 220 4608 τῆς
239 4542 583 4610 μιαιφονίας
607 4541 835 4608 πάθους
871 4545 981 4597 οὐκ
1007 4542 1084 4598 ἂν
1107 4539 1266 4612 οἶμαι
1292 4545 1429 4612 παρ’
1446 4545 1668 4613 ἑτέροις

90 4628 308 4696 μεῖζόν
330 4645 383 4680 τι
405 4627 654 4696 γένοιτο,
694 4629 818 4683 οὔτ’
842 4629 918 4682 ἂν
943 4633 1266 4698 γενόμενον
1299 4633 1664 4700 περιοφθείη.

102 4715 350 4769 Οὐκοῦν
375 4714 513 4768 οὐδ’
541 4716 684 4784 ἡμῖν
723 4717 1094 4785 περιοπτέον,
1128 4719 1587 4788 αἰσχυνομένοις
1611 4719 1669 4772 εἴ

97 4823 170 4873 γε
215 4806 263 4837 ⁸⁸
308 4805 632 4873 φανείημεν
683 4806 788 4860 τοῦ
829 4807 1135 4874 βασιλέως
1178 4807 1664 4876 ἐπιλελησμένοι,

99 4891 208 4946 καὶ
259 4891 401 4957 τοὺς
454 4891 850 4958 ἀπεκτονότας
891 4895 1395 4960 ὑποθωπεύοντες.
1438 4897 1508 4948 Ei
1555 4897 1668 4964 γὰρ

95 4974 240 5033 οἷόν
264 4995 329 5032 τε
354 4974 433 5047 ἦν
456 4977 641 5033 αὐτὸν
669 4978 879 5033 ἐνθάδε
903 4979 1192 5046 παρεῖναι,
1219 4980 1453 5047 πάντως
1471 4979 1548 5034 ἂν
1572 4981 1667 5034 ἐπι

93 5068 314 5122 εκάλει
345 5067 444 5120 καὶ
471 5066 867 5137 κατεμέμφετο
896 5067 1005 5136 τῆς
1028 5069 1314 5138 ἡμετέρας
1334 5070 1663 5138 ὀλιγωρίας,

94 5159 241 5214 ἀνθ’
270 5153 359 5212 ὦν
390 5160 444 5212 οί
465 5158 753 5227 ἀλιτήριοι
776 5153 941 5214 οὗτοι
972 5159 1120 5213 κατὰ
1149 5160 1262 5229 τὴν
1289 5161 1522 5215 ἐκείνου
1551 5160 1667 5230 γῆν

95 5252 188 5307 ἔτι
222 5249 648 5313 ἐνδιαιτῶνται,
680 5249 779 5304 καὶ
805 5252 876 5304 οὐ
913 5249 1119 5315 πολλῷ
1146 5254 1434 5320 πρότερον
1457 5251 1667 5320 ἐξελή-

1769 1844 1932 1882 causa
1959 1829 2172 1898 ignavia
2197 1826 2384 1881 merito
2409 1825 2621 1879 dicatur
2646 1831 2696 1877 et
2717 1819 3060 1875 consiliorum
3080 1818 3334 1887 pravitas.

1769 1925 2144 1980 Adhwrescunt
2160 1924 2297 1979 enim
2321 1923 2451 1993 ipsis
2479 1937 2658 1976 resera
2681 1928 2933 1987 tanquam
2951 1914 3165 1981 propria
3183 1921 3338 1982 atque

1768 2017 1952 2072 innata
1988 2017 2097 2072 lucc
2133 2016 2367 2086 probra;
2404 2014 2473 2070 ad
2505 2029 2622 2084 quas
2654 2030 2690 2066 a
2730 2019 2925 2065 natura
2963 2007 3130 2062 insita
3177 2003 3339 2074 158

1767 2109 1896 2162 vitia
1921 2124 2040 2162 cum
2062 2107 2336 2162 accesserit
2358 2104 2715 2160 uoluntarium
2738 2102 2928 2167 scelus,
2954 2099 3246 2170 duplicavit
3261 2099 3337 2152 eis

1768 2197 1990 2264 malum,
2019 2199 2209 2270 quippe
2227 2199 2320 2270 qui
2345 2215 2380 2252 a
2409 2197 2590 2252 divina
2623 2194 2874 2250 Numinis
2905 2208 3034 2247 cura
3062 2191 3125 2244 ob
3150 2191 3339 2257 piacu-

1769 2292 1880 2346 lare
1910 2291 2116 2361 facinus
2145 2291 2434 2345 admissum
2454 2289 2782 2345 exciderunt.
2813 2284 3049 2342 Victoria
3073 2283 3212 2337 enim
3234 2297 3338 2335 non

1769 2394 1879 2439 tarn
1911 2387 2072 2440 armis
2105 2402 2264 2456 quam
2309 2386 2501 2454 pietate
2541 2383 2856 2444 stabilitur;
2902 2394 3066 2449 neque
3106 2391 3338 2446 unquam

1767 2494 1986 2533 summa
2011 2479 2158 2534 illius
2191 2478 2438 2533 bonitatis
2471 2475 2730 2531 auxilium
2762 2473 3041 2529 sceleratos
3072 2480 3122 2526 et
3150 2470 3337 2540 piacu-

1769 2570 1905 2626 lares
1927 2572 2155 2627 homines
2175 2581 2542 2627 consecuturos
2562 2568 2993 2625 existimaverim.
3017 2565 3070 2619 II
3073 2567 3118 2619 is
3138 2565 3334 2633 itaque,

1769 2663 1816 2716 si
1833 2664 2090 2733 sapimus,
2113 2679 2438 2734 nequaquam
2456 2671 2535 2717 est
2557 2658 2952 2720 adhmrendum,
2970 2656 3156 2727 quibus
3177 2669 3337 2723 neque

1770 2771 1912 2810 mens
1940 2765 2019 2810 est
2047 2756 2239 2825 optime
2265 2756 2570 2815 constituta,
2607 2762 2658 2807 et
2696 2753 2742 2806 is
2769 2768 2802 2805 a
2843 2751 2993 2819 cujus
3029 2764 3192 2802 manu
3223 2763 3336 2800 om-

1771 2849 1915 2900 nium
1939 2847 2085 2902 salus
2110 2847 2379 2916 dependet,
2408 2855 2484 2900 est
2510 2845 2764 2914 infensus.
2803 2842 3081 2898 Ostensum
3105 2857 3230 2911 ergo
3259 2851 3335 2896 est

1771 2949 1948 3010 aperte
1978 2943 2130 2995 rebus
2175 2941 2301 3011 ipsis
2346 2941 2521 3009 potius
2549 2955 2708 3009 quam
2745 2938 2947 3001 verbis,
2989 2943 3224 2991 nostrum
3266 2934 3336 2989 ad

1697 3070 1740 3128 ϐ
1773 3033 1967 3090 Persas
2016 3035 2299 3088 transitum
2346 3034 2551 3102 facilem
2591 3031 2919 3100 maximeque
2959 3027 3337 3083 conducibilem

1774 3129 1944 3195 nobis,
1972 3139 2022 3185 et
2049 3129 2158 3184 Deo
2195 3131 2249 3184 in
2283 3130 2469 3197 primis
2503 3136 2712 3199 gratum
2749 3127 2879 3196 fore.
2909 3124 3013 3180 Sed
3042 3140 3203 3194 neque
3229 3123 3339 3178 ini-

1772 3244 1869 3298 que
1898 3229 2084 3299 fecisse
2110 3240 2199 3283 aut
2230 3228 2384 3298 inﬁdi
2414 3228 2575 3297 fuisse
2601 3224 2911 3281 videbimur.
2943 3222 3083 3278 Nam
3105 3231 3155 3276 et
3179 3231 3337 3275 antea

1771 3337 2121 3388 sa'penumero
2148 3339 2180 3375 a
2217 3321 2465 3375 Romanis
2501 3317 2832 3373 contumeliis
2874 3316 3127 3381 lacessiti,
3163 3324 3337 3368 tamen

1771 3414 1850 3469 vel
1889 3413 1966 3467 ita
1993 3414 2050 3466 in
2087 3413 2268 3467 eodem
2305 3421 2449 3466 statu
2487 3409 2894 3481 permanendum
2921 3407 3171 3461 duximus
3196 3445 3214 3471 ,
3245 3421 3338 3460 ua-

1773 3507 2048 3560 nissimum
2075 3521 2186 3560 esse
2215 3504 2508 3574 iudicantes
2544 3502 2702 3574 facile
2733 3502 3004 3556 immutari
3034 3501 3209 3556 causis
3236 3499 3339 3554 ali-

1769 3608 1896 3668 quot
1932 3597 2124 3653 oblatis
2149 3639 2164 3663 ,
2199 3615 2315 3670 quia
2351 3605 2408 3651 ut
2453 3598 2560 3650 sint
2603 3595 2926 3666 gravissimae
2950 3633 2965 3659 ,
2995 3593 3122 3663 ferri
3162 3601 3338 3648 tamen

1770 3691 1992 3760 possint,
2025 3708 2182 3762 neque
2202 3699 2322 3745 sunt
2339 3707 2553 3761 prorsus
2585 3686 2958 3743 intolerabiles.
2984 3685 3052 3739 At
3081 3701 3197 3739 vero
3217 3699 3336 3738 cum

1769 3786 2014 3839 extremis
2044 3793 2198 3854 atque
2224 3782 2694 3838 irremediabilibus
2718 3780 2873 3834 malis
2910 3779 3219 3849 afficiamur,
3249 3779 3336 3848 fa-

1771 3876 1870 3931 cile
1907 3878 1962 3931 id
1996 3894 2194 3947 semper
2230 3877 2542 3946 minimeque
2574 3875 2787 3929 moleste
2827 3874 2983 3943 ferre,
3018 3888 3179 3942 neque
3208 3871 3334 3926 ullis

1769 3970 1961 4039 iniquis
2003 3970 2448 4037 atrocissimisque
2489 3968 2644 4038 factis
2683 3965 2877 4036 offendi
2901 4007 2916 4029 ,
2963 3965 3187 4019 dixerim
3231 3981 3335 4018 non

1770 4078 1879 4117 esse
1905 4063 2166 4116 hominum
2200 4063 2606 4122 moderatorum,
2642 4058 2732 4114 sed
2771 4059 3068 4112 timidorum
3097 4066 3147 4110 et
3176 4059 3336 4111 mise-

1771 4172 1968 4220 rorum,
1999 4171 2251 4224 suamque
2288 4156 2429 4208 circa
2470 4153 2736 4222 publicum
2770 4151 3065 4206 vecordiam
3105 4149 3330 4203 curiosi-

1771 4250 1894 4303 tatis
1925 4252 2106 4319 fugam
2132 4247 2272 4317 falsa
2298 4247 2643 4316 appellatione
2669 4244 2984 4298 vocantium.
3018 4241 3132 4296 Hoc
3155 4253 3331 4297 autem

1770 4342 1927 4396 credis
1967 4340 2158 4394 scelere
2195 4355 2351 4408 neque
2392 4339 2624 4393 atrocius
2668 4337 2837 4390 ullum
2873 4335 3014 4406 apud
3046 4335 3181 4390 alios
3211 4352 3329 4405 per-

1699 4421 1744 4476 Ῑ)
1769 4432 1966 4502 petrari
2000 4429 2159 4500 159
2187 4439 2374 4500 queat,
2418 4445 2578 4500 neque
2619 4436 2972 4498 perpetratum
3003 4426 3324 4497 negligatur.

1773 4520 2028 4586 Quocirca
2062 4537 2222 4590 neque
2259 4521 2404 4574 nobis
2444 4518 2802 4590 negligendum
2837 4527 2952 4582 est,
2996 4519 3064 4571 ad
3105 4534 3326 4588 quorum

1770 4612 2109 4683 ignominiam
2137 4611 2431 4681 pertinebit,
2459 4613 2504 4665 si
2524 4611 2734 4682 quando
2762 4610 2861 4666 visi
2897 4611 3150 4676 fuerimus
3175 4609 3327 4662 obliti

1770 4704 1944 4774 regis,
1989 4703 2409 4774 interfectoribus
2460 4702 2874 4757 adblandientes.
2925 4700 2988 4756 Si
3029 4701 3169 4756 enim
3207 4700 3326 4770 fieri

1770 4806 1940 4866 posset
1985 4805 2043 4849 ut
2067 4798 2177 4866 ipse
2206 4813 2340 4851 nunc
2361 4812 2537 4850 coram
2564 4798 2857 4860 sisteretur,
2881 4795 3077 4848 acriter
3095 4793 3325 4864 profecto

1769 4904 1856 4942 vos
1881 4888 2192 4956 increparet,
2219 4898 2268 4941 et
2297 4887 2624 4958 negligentie
2649 4897 3069 4956 contemptusque
3087 4886 3170 4938 sui
3191 4885 3328 4939 insi-

1771 4977 2012 5045 mularet,
2045 4980 2183 5048 quod
2213 4978 2448 5032 scelerati
2487 4979 2578 5032 isti
2614 4980 2724 5031 suis
2767 4977 2938 5030 adhuc
2971 4978 3023 5030 in
3056 4976 3207 5030 terris
3237 4974 3330 5028 de-

1771 5079 1914 5140 gant,
1945 5086 2104 5133 neque
2136 5070 2295 5124 multo
2325 5078 2445 5124 ante
2476 5071 2580 5123 sint
2609 5069 2777 5138 ejecti.
2803 5068 3065 5134 Quoniam
3089 5081 3206 5120 vero
3235 5081 3330 5118 ne-

1770 5179 1866 5233 que
1897 5163 2179 5232 adfuturus
2207 5173 2283 5217 est
2303 5163 2413 5232 ipse
2441 5163 2704 5232 deinceps,
2738 5177 2901 5231 neque
2925 5176 3012 5214 vos
3043 5157 3329 5228 compella-

1777 5262 1948 5320 turus,
1980 5271 2068 5309 vos
2101 5257 2272 5309 rirum
2303 5255 2455 5310 illum
2494 5271 2612 5309 cum
2642 5253 2834 5308 animis
2861 5253 3046 5308 vestris
3081 5261 3325 5322 reputate

1387 5407 1620 5463 VARUE
1644 5408 2044 5465 LECTIONES.

166 5577 213 5608 “
249 5576 548 5646 χρήσονται
583 5576 655 5658 Β..
679 5576 988 5658 χρήσωνται
1040 5576 1182 5646 vnlg.
1225 5647 1240 5658 .
1281 5577 1326 5609 ³²
1363 5576 1465 5658 κᾶν
1513 5578 1714 5658 ἀρτίως
1753 5579 1816 5633 R'
1915 5581 1959 5658 '_'
1987 5580 2382 5658 προςμίξαντες
2434 5582 2528 5658 καὶ
2569 5580 2714 5658 _add.
2767 5593 2835 5658 εξ
2943 5587 3000 5634 et
3036 5577 3237 5658 intpr;
3237 5577 3332 5630 ubi

88 5675 166 5688 -ο
196 5662 391 5700 manus
420 5655 814 5699 conseruissent.

88 5769 318 5840 om.‘n.
369 5769 613 5854 δόξοιμεύ
649 5769 694 5839 Ii
718 5785 868 5856 (CL).
904 5769 1271 5855 aanimi...

224 5662 391 5732 nanus
420 5646 814 5732 c'ons'eruissent.
874 5646 966 5732 ,ξ
992 5647 1434 5732 νενικηκόὶεειιζ,
1458 5646 1804 5732 χενὶκηκςναι
1856 5650 2002 5717 vulg.

89 5718 140 5748 ⁸⁸
169 5716 258 5787 τῷ
293 5715 513 5768 εὐσεεεί
536 5717 602 5776 Β,
634 5716 712 5784 τῷ
743 5715 988 5769 εὐσεϐεῖν
1015 5718 1161 5786 vulg.
1237 5717 1278 5748 "
1308 5717 1588 5773 Exciditne
1615 5715 1752 5789 πρὸς
1773 5720 1898 5782 τοὺς
1932 5715 2144 5791 Πέρσας
2169 5731 2292 5776 ante
2317 5715 2697 5793 προσχὼρησις

89 5801 210 5862 orn.
251 5786 318 5840 Β.
369 5785 613 5862 δόξαιμεν
649 5785 693 5839 ιι
718 5785 868 5856 (CL).
904 5787 1105 5862 δόξειεν
1127 5789 1271 5862 ΥιιΙεζ.
1323 5788 1416 5862 ,³⁸
1447 5787 1503 5862 δὲ
1529 5798 1653 5842 ante
1676 5789 1823 5862 ὅμως
1853 5790 1959 5847 ins.
1983 5807 2049 5847 ex
2083 5790 2127 5844 Β
2153 5801 2208 5846 et
2240 5792 2400 5862 intpr.
2504 5792 2547 5824 ⁸ο
2581 5793 2697 5862 ἁνήι

2103 5646 2147 5683 ³⁸
2197 5646 2520 5723 ἀνανδρείανᾲ
2569 5652 2632 5707 R.
2666 5651 3008 5723 προσήσομαι
3036 5646 3169 5723 δβῆς
3198 5646 3325 5723 Pi"-

2708 5665 3008 5774 poanaowa
3036 5665 3169 5718 bpn.
3199 5665 3325 5702 νοτ.

2801 5719 2849 5752 ⁸⁸
2863 5719 2969 5772 τῶν
3005 5729 3128 5773 ante
3153 5719 3328 5784 λόγων

2504 5792 2547 5824 ⁸ο
2581 5793 2850 5863 ἀνήκεστα
2881 5790 2930 5845 R
2972 5798 3027 5846 et
3053 5790 3218 5860 impr.
3269 5795 3327 5840 ut

88 5857 342 5921 videtur,
416 5855 745 5926 ἀνηκέστους
807 5873 951 5931 ξυιε.
1026 5857 1068 5889 ⁸³
1101 5856 1154 5910 εἴ
1199 5875 1261 5928 γε
1323 5855 1390 5927 Β,
1441 5858 1626 5912 εἵπου
1656 5855 1798 5930 vulg.
