4212 6438
175 430 312 497 1425

1317 432 1851 494 HISTORIARUM
1880 432 2112 492 LIBER
2147 433 2261 492 ΙΙΙ.

3264 427 3405 492 1426

169 540 420 611 Κόλχοις,
470 540 692 614 ἔμφρων
734 543 792 597 δὲ
834 544 925 599 καὶ
951 544 1240 616 δημοτικὸς
1277 544 1421 622 μάλα
1462 543 1585 607 τοὺς
1607 543 1733 615 τρό-
1762 550 1793 604 Α

1836 543 1967 613 ipsis
1988 541 2468 607 tumultuantibus,
2493 542 2576 597 vir
2601 542 2820 613 quidem
2846 540 3138 599 Phartazes
3160 541 3401 608 nomine,

169 649 324 696 πους,
348 633 574 704 ἐπέσχεν
597 635 794 698 αὐτοὺς
819 636 918 707 τῆς
940 637 1114 709 ὁρμῆς
1142 636 1238 691 καὶ
1279 636 1563 705 ἀνέκοψεν,
1607 635 1721 688 ἱκε-

168 719 369 785 τεύσας
397 721 472 792 μὴ
494 723 758 796 πρότερον
794 726 887 780 ἐπὶ
934 726 1033 799 τὴν
1072 726 1269 799 πρᾶξιν
1296 728 1558 799 χωρῆσαι,
1600 727 1729 797 πρίν

166 828 222 864 τι
254 813 347 865 καὶ
372 813 538 867 αὑτοῦ
568 815 814 884 λέγοντος
855 818 1219 875 διακούσαιεν.
1248 820 1415 883 Μόλις
1446 819 1503 873 δὲ
1546 818 1727 873 αὐτῶν

168 905 554 974 πεπεισμένων
578 909 643 978 τῇ
670 909 806 979 πρὸς
838 909 932 962 τὸν
981 910 1150 981 ἄνδρα
1189 911 1347 973 αἰδοῖ,
1373 910 1467 964 καὶ
1510 910 1651 963 κατὰ
1679 910 1726 942 ⁸⁸

165 992 350 1069 χώραν
380 999 762 1070 μεμενηκότων
797 1000 882 1072 [Ρ.
908 1000 1000 1073 85]
1034 1000 1319 1073 παρελθὼν
1350 1003 1443 1055 καὶ
1480 1001 1641 1065 αὐτὸς
1669 1002 1727 1064 ἐς

166 1089 356 1159 μέσον,
388 1089 566 1156 ἔλεξεν
592 1094 788 1147 τοιάδιο
815 1095 1030 1148 Εἰκότα
1068 1094 1205 1164 μὲν,
1245 1089 1294 1150 ὦ
1333 1094 1544 1163 ἄνδρες
1578 1096 1723 1148 Κόλ-

164 1197 285 1250 χοι,
340 1182 693 1249 πεπόνθατε,
750 1185 949 1256 λόγων
1007 1185 1297 1254 δεινότητι
1348 1186 1580 1256 σφόδρα
1629 1202 1725 1239 κε·

162 1272 594 1343 κομψευμένων
635 1273 741 1342 τὰς
778 1275 1012 1346 γνώμας
1051 1275 1529 1345 ἐκταραχθέντες.
1572 1279 1725 1330 Δυσ-

156 1363 515 1433 μαχώτατον
536 1364 646 1436 γάρ
666 1384 719 1419 τι
744 1368 810 1420 τὸ
836 1367 1035 1437 χρῆμα
1061 1368 1160 1422 καὶ
1183 1363 1313 1423 οἷον
1338 1368 1607 1435 ἅπαντας
1629 1368 1723 1422 dr-

160 1454 436 1523 θρώπους
468 1457 850 1527 ἐκπλήττειν,
884 1461 994 1527 οὐχ
1031 1459 1255 1529 ἥκιστα
1294 1459 1363 1513 δὲ
1392 1459 1534 1526 τοὺς
1559 1460 1723 1514 οὔπω

159 1548 453 1616 πρότερον
479 1551 544 1615 ἐς
567 1551 778 1620 πεῖραν
803 1553 1002 1607 αὐτῶν
1039 1552 1470 1619 καταστάντας’
1498 1555 1570 1608 οὐ
1596 1552 1721 1621 μὴν

159 1639 553 1695 παντάπασιν
590 1643 1111 1714 ἀνανταγώνιστον
1138 1644 1402 1714 σώφρονι
1429 1644 1718 1714 λογισμῷ,

158 1730 267 1782 καὶ
292 1730 401 1798 τῆς
421 1732 488 1785 ἐκ
513 1731 633 1787 τῶν
654 1737 1008 1805 πραγμάτων
1027 1736 1283 1804 κρίσεως
1309 1736 1588 1807 ἐχομένῳ.
1621 1737 1719 1806 Μὴ

158 1820 374 1874 τοίνυν
401 1823 779 1890 ἀρεσκόντων
803 1824 960 1892 ὑμᾶς
984 1827 1055 1880 τὰ
1093 1828 1391 1896 εἰρημένα,
1426 1826 1718 1897 λογιζομέ-

159 1928 311 1978 νους
345 1886 535 1979 ὠςντῷ
572 1914 760 1983 ἀθρόῳ
1008 1918 1105 1972 καὶ
1139 1886 1443 1986 ⁷ἀοῖυνήθει
1475 1886 1522 1952 ’ί
1546 1886 1720 1974 δὲέπι-
1749 1886 1793 1943 Β

157 2020 429 2070 στευται,
467 2007 602 2061 ἀλλ’
640 2010 712 2062 ού
760 2007 839 2073 τῷ
879 2008 1165 2077 πρέποντι
1215 2011 1313 2065 καὶ
1357 2011 1628 2083 ὠφελίμῳ
1651 2013 1718 2068 ⁵⁷.

161 2094 501 2151 Γινώσκετε
529 2096 598 2151 δὲ
614 2097 877 2168 μᾶλλον,
905 2100 986 2169 ὡς
1011 2104 1063 2157 εί
1092 2101 1193 2156 καί
1218 2102 1361 2156 λίαν
1384 2103 1528 2173 ὑμῖν
1549 2120 1725 2173 κεχαο

151 2188 421 2256 ρισμένα
470 2189 664 2259 δοκεῖ,
714 2192 853 2246 ἀλλ’
897 2193 1094 2248 ἔνεστι
1142 2196 1450 2263 κρείττονα
1498 2197 1723 2251 τούτων

158 2278 429 2335 ἑλέσθαι·
470 2283 569 2336 καὶ
598 2283 666 2337 τὸ
683 2284 905 2352 ῥᾳδίως
943 2286 1378 2356 ἀναπεισθῆναι
1405 2291 1723 2360 τεκμήριον

159 2372 309 2437 ύμῖν
334 2372 578 2441 ἐναργὲς
616 2373 727 2442 τῆς
754 2375 988 2443 ἀπάτης
1018 2374 1265 2445 γινέσθω
1296 2377 1360 2433 ⁵⁸.
1397 2377 1481 2445 Τῷ
1510 2379 1621 2450 γὰρ
1650 2379 1723 2435 τὰ

160 2462 365 2531 ’ψευδῆ
408 2466 883 2532 συμϐουλεύοντι
924 2466 1194 2536 μείζονός
1233 2486 1297 2524 τε
1344 2473 1575 2541 κόσμου
1620 2473 1720 2527 καὶ

161 2557 467 2622 ποικιλίας
494 2557 777 2627 ῥημάτων
822 2559 1089 2629 προσδεῖ*
1134 2562 1460 2618 κάντεῦθεν
1516 2563 1723 2629 πολλῷ

159 2646 248 2712 τῷ
271 2646 540 2718 θέλγοντι
570 2646 892 2719 χρώμενος,
928 2649 1143 2705 θᾶττον
1171 2653 1480 2722 ἐφέλκεται
1505 2654 1551 2687 ⁸⁸
1580 2655 1723 2722 τοὺς

160 2738 619 2807 εὐηθεστέρους.
646 2742 808 2794 Οὕτω
832 2741 901 2795 δὲ
921 2742 1021 2796 καὶ
1046 2743 1235 2813 ὑμεῖς,
1258 2744 1364 2799 τοῦ
1382 2745 1599 2815 Αἰήτου
1627 2762 1722 2801 σο·

158 2831 435 2900 φίσματα
481 2831 803 2900 προθέντος
850 2834 895 2866 ⁸⁸
941 2835 1216 2905 ἐπαγωγὰ
1245 2836 1341 2889 καὶ
1388 2838 1718 2907 παράλογα,

158 2921 278 2974 οὐκ
312 2922 443 2974 ἴστε
472 2920 630 2988 ὅπως
648 2922 1095 2993 ἐφενακίσθητε·
1127 2927 1315 2982 καίτοι
1333 2929 1387 2983 εί
1405 2928 1505 2982 καὶ
1529 2928 1722 2998 μηδὲν

156 3012 386 3079 ἕτερον,
414 3013 551 3068 ἀλλ’
578 3013 773 3069 ἐκεῖνό
806 3032 873 3083 γε
899 3016 996 3070 καὶ
1028 3019 1170 3073 λίαν
1188 3019 1260 3073 ἐν
1278 3019 1560 3089 προδήλῳ
1597 3021 1721 3075 κεί-

155 3118 349 3172 μενον
371 3102 531 3171 εὕροι
555 3120 643 3169 τις
658 3103 753 3169 ἂν,
781 3104 862 3171 ὡς
892 3105 1087 3176 ἄλλης
1111 3108 1276 3175 τινὸς
1297 3108 1595 3179 ζητήσεως
1619 3112 1721 3181 dp-

1827 638 2117 707 praecipua
2147 636 2431 708 cujusdam
2459 637 2599 691 inter
2618 636 2853 693 Colchos
2880 634 3248 697 auctoritatis,
3271 648 3403 704 pru-

1827 732 1962 785 dens
1998 728 2166 783 etiam
2194 744 2259 785 ac
2290 729 2602 785 moderatus
2631 737 2687 784 et
2718 727 2876 783 valde
2913 726 3212 796 popularis,
3247 740 3403 779 com-

1826 822 2036 888 pescuit
2053 834 2243 876 eorum
2265 820 2549 892 impetum,
2570 820 2930 891 ardoremque
2949 818 3252 884 restrinxit,
3278 832 3404 887 pre-

1824 922 1980 967 catus
2022 925 2092 966 ne
2137 912 2241 968 hoc
2275 913 2552 985 negotium
2586 910 3035 982 aggrederentur,
3073 918 3400 977 anteaquam

1823 1006 1987 1059 etiam
2029 1018 2092 1060 se
2132 1004 2646 1076 aliquid’dicentem
2690 1003 2988 1059 audissent.
3023 1000 3193 1071 Egre
3221 1010 3399 1057 autem

1824 1095 1958 1165 ipsis
2004 1097 2307 1153 reverentia
2352 1098 2501 1154 illius
2544 1096 2648 1152 viri
2695 1096 2993 1167 persuasis,
3024 1108 3238 1164 suoque
3280 1094 3401 1148 loco
3466 1080 3469 1081 7

1823 1185 2195 1251 manentibus,
2240 1202 2562 1257 progressus
2597 1186 2762 1242 etiam
2806 1184 2923 1254 ipse
2959 1183 3013 1238 in
3048 1183 3311 1248 medium,
3344 1182 3402 1236 in

1823 1276 1972 1332 hunc
2002 1277 2224 1333 modum
2260 1279 2421 1334 verba
2461 1278 2625 1333 fecit:
2662 1275 2813 1332 Nihil
2842 1273 2961 1328 novi
2999 1274 3138 1328 vobis
3172 1271 3397 1337 accidit,

1822 1385 1853 1422 ο
1878 1367 2081 1436 Colchi,
2105 1371 2244 1440 quod
2276 1371 2327 1425 vi
2354 1370 2628 1425 verborum
2656 1368 2807 1424 valde
2829 1368 3179 1437 speciosorum
3203 1365 3399 1420 animis

1821 1461 1941 1515 sitis
1960 1463 2274 1532 perturbati.
2322 1460 2529 1517 Invicta
2553 1462 2693 1517 enim
2713 1476 2795 1514 res
2814 1467 2891 1513 est
2916 1456 3233 1528 eloquentia,
3255 1473 3398 1526 quar-

1820 1569 1918 1624 que
1945 1569 2118 1608 omnes
2145 1554 2380 1609 homines
2408 1554 2677 1623 percellit,
2710 1552 2973 1622 prazcipue
3004 1566 3121 1604 vero
3158 1565 3269 1613 eos,
3307 1550 3398 1619 qui

1822 1662 2086 1717 nunquam
2112 1657 2269 1701 antea
2295 1646 2409 1715 ejus
2435 1646 2724 1715 periculum
2754 1644 3027 1713 fecerunt;
3060 1659 3162 1696 non
3191 1642 3269 1695 ita
3313 1652 3397 1695 ta-

1820 1751 1968 1800 men,
2008 1736 2135 1805 quin
2176 1735 2224 1788 ei
2272 1735 2447 1789 resisti
2486 1735 2654 1805 possit
2695 1734 2941 1801 prudenti
2977 1732 3394 1787 consideratione

1818 1844 2029 1899 quaeque
2055 1842 2121 1881 ex
2152 1843 2324 1881 rerum
2348 1827 2552 1882 delectu
2579 1827 2821 1897 pendeat.
2860 1824 2943 1881 Ne
2972 1825 3139 1896 igitur
3164 1840 3280 1893 quae
3310 1824 3395 1877 dio

1820 1928 1905 1973 cta
1937 1919 2094 1989 162
2114 1928 2259 1983 sunt,
2285 1936 2317 1971 a
2346 1919 2488 1973 vobis
2514 1919 2891 1989 approbentur,
2909 1916 3390 1978 considerantibus,

1819 2012 1954 2082 quod
1984 2012 2248 2081 repentino
2282 2021 2486 2065 tantum
2517 2020 2568 2066 et
2594 2014 2817 2078 insueto,
2843 2028 2946 2066 non
2975 2018 3151 2065 autem
3177 2008 3391 2064 honesto

1818 2118 1867 2164 et
1904 2109 2025 2163 utili
2060 2108 2351 2179 probabilia
2383 2108 2491 2164 sint
2530 2108 2665 2163 visa.
2710 2106 3001 2178 Intelligite
3033 2122 3153 2162 vero
3189 2107 3389 2173 patius.

1817 2203 1955 2274 quod
1986 2202 2192 2257 tametsi
2219 2201 2330 2257 haec
2352 2201 2503 2257 valde
2522 2201 2667 2257 vobis
2683 2211 2837 2272 grata
2852 2200 3145 2267 videantur,
3169 2201 3391 2255 meliora

1821 2309 1993 2353 tamen
2031 2298 2111 2352 his
2159 2297 2405 2369 amplecti
2446 2298 2608 2353 licet:
2647 2297 2957 2368 evidensquc
2992 2278 3138 2351 τοι»ἱὶ
3184 2295 3390 2363 fraudis

1819 2400 2183 2462 argumentum
2208 2392 2279 2445 sit
2308 2392 2466 2461 facile
2500 2392 2826 2459 persuaderi.
2870 2390 3014 2445 Nam
3042 2390 3092 2444 ei
3127 2390 3219 2459 qui
3249 2388 3391 2459 falsa

1818 2485 1938 2538 velit
1968 2483 2219 2549 suadere,
2251 2484 2453 2553 majore
2495 2494 2688 2537 ornatu
2726 2484 3075 2553 varietateque
3116 2469 3390 2535 verborum

1819 2586 1895 2632 est
1937 2577 2376 2648 opus;quocirca
2412 2576 2578 2631 multo
2617 2575 2874 2631 orationis
2919 2574 3176 2630 lenocinio
3219 2582 3389 2635 utens,

1819 2670 2161 2737 simpliciores
2200 2670 2358 2724 citius
2388 2669 2631 2723 attrahit.
2660 2667 2751 2723 Ita
2779 2684 2896 2723 vero
2935 2669 3097 2722 etiam
3133 2682 3243 2730 vos,
3272 2681 3392 2718 cum

1818 2759 1997 2815 Eum
2022 2760 2354 2816 illecebrosas
2382 2760 2641 2830 quasdam
2671 2759 2990 2829 fallacesque
3022 2757 3261 2828 argutias
3288 2755 3391 2809 ad-

1818 2851 2068 2915 hibuerit,
2108 2852 2316 2906 nescitis
2346 2852 2466 2921 ipsi,
2492 2850 2748 2922 quomodo
2774 2850 2979 2921 decepti
3006 2849 3148 2903 sitis.
3180 2847 3251 2901 Et
3270 2847 3392 2917 qui-

1818 2942 1935 2996 dem
1961 2951 2017 2995 ut
2052 2942 2182 2996 nihil
2212 2941 2380 3006 aliud,
2406 2942 2541 2995 illud
2562 2950 2698 2996 certe
2726 2941 3055 3010 apertissime
3077 2940 3241 2994 cuivis
3266 2954 3392 2992 con-

1818 3043 1960 3089 stare
1983 3043 2169 3104 potest,
2189 3036 2325 3105 quod
2346 3034 2513 3088 aliam
2541 3033 2824 3103 quamdam
2855 3034 3036 3088 statim
3068 3032 3219 3086 initio
3246 3045 3393 3101 qua:-

1820 3127 2038 3181 stionem
2071 3126 2325 3195 injecerit,
2353 3125 2418 3179 ab
2450 3125 2538 3190 iis,
2577 3139 2800 3196 quorum
2835 3138 2999 3177 causa
3040 3122 3392 3185 convenimus,

160 3195 290 3290 ἓςῖιν
320 3193 640 3290 έμσξίλλειν
661 3194 930 3290 προήχθη
959 3197 1078 3253 τῶν
1094 3200 1185 3269 ἐφ’
1208 3198 1247 3255 ἁ
1274 3200 1581 3272 πάρεσμεν
1611 3205 1717 3259 ἀλ-
1742 3228 1787 3290 c

1823 3193 2224 3272 alienissimam.
2247 3215 2476 3270 Perinde
2494 3193 2632 3270 enim
2654 3224 2809 3285 atque
2834 3215 2977 3269 vobis
2998 3212 3262 3279 omnibus,
3288 3227 3392 3265 non

157 3284 583 3354 λοτριωτάτην.
618 3288 896 3358 Καθάπερ
946 3292 1057 3360 γάρ
1106 3291 1274 3362 ὑμῶν
1312 3293 1593 3350 ἁπάντων
1643 3300 1718 3353 οὐ

159 3375 335 3428 δεινά
378 3378 736 3435 καθεστάναι
785 3381 858 3436 τὰ
884 3384 1298 3453 συμϐεϐηκότα
1338 3389 1717 3459 φασκόντων,

163 3466 271 3519 καὶ
308 3464 416 3535 τῆς
445 3468 669 3524 ἀτόπου
705 3473 1051 3541 μιαιφονίας
1089 3475 1308 3543 ἣκιστα
1348 3495 1721 3550 καταμεμφο-

154 3556 384 3623 μένων,
408 3558 506 3612 καὶ
530 3561 704 3614 τοῦτο
736 3563 923 3628 μόνον
946 3564 1435 3623 διασκοπούντων
1449 3572 1616 3640 ειπερ
1639 3572 1720 3639 ὠς

157 3642 403 3711 ἀληθῶς
428 3645 841 3715 άμαρτήκασιν
867 3653 923 3707 οἱ
949 3652 1054 3707 τὸν
1076 3655 1383 3725 Γουϐάζην
1405 3660 1723 3718 ἀπεκτονό-

161 3752 282 3799 τες,
312 3736 617 3806 παρῆλθεν
632 3744 972 3810 κατηγορῶν
991 3744 1255 3810 ἐκείνων,
1277 3749 1373 3803 καὶ
1396 3753 1722 3822 πλείστους

159 3827 359 3895 ὅσους
400 3834 840 3902 προφερόμενος
875 3835 920 3867 ⁸⁸
948 3838 1169 3907 λόγους
1201 3840 1303 3894 ἐπὶ
1336 3843 1461 3909 τοῖς
1492 3844 1607 3914 ἤδη
1633 3846 1721 3901 δι-

158 3920 582 3989 εγνωσμένοις.
625 3922 773 3996 Ἐγὼ
815 3924 885 3979 δὲ
933 3929 1302 4000 καταράτους
1337 3934 1454 4003 μὲν
1483 3938 1526 3969 ⁸³
1568 3934 1723 3995 εἷναί

157 4025 319 4078 φημι
339 4010 434 4064 καὶ
457 4014 913 4084 κακοδαίμονας,
934 4017 1031 4071 καὶ
1057 4021 1224 4089 οἵους
1250 4022 1465 4091 ἥδιστα
1484 4030 1725 4083 θεασαί-

154 4114 293 4168 μην
318 4097 394 4153 ἂν
428 4101 650 4170 ὀλέθρῳ
678 4102 758 4168 τῷ
777 4104 1016 4161 πάντων
1042 4113 1437 4183 χαλεπωτάτῳ
1467 4115 1722 4174 διωλλυ-

157 4187 409 4281 μένους,
439 4194 510 4246 ού
535 4194 727 4263 μόνον
746 4196 887 4265 τοὺς
912 4200 1280 4270 πλήξαντας,
1308 4206 1403 4261 καὶ
1434 4208 1548 4277 τὴν
1570 4226 1726 4281 σφα-

163 4279 291 4350 γὴν
327 4282 451 4348 ταῖς
489 4287 696 4353 χερσὶν
733 4288 1185 4361 ἐπενεγκόντας,
1224 4299 1385 4354 ἀλλὰ
1428 4302 1526 4356 καὶ
1581 4279 1726 4373 τοὺς

164 4373 525 4466 ὁξσοιλπαρὸν
546 4379 816 4445 κωλύειν,
833 4381 1087 4451 ἐφῆκαν,
1113 4388 1262 4455 πρὸς
1288 4389 1356 4445 δέ
1374 4409 1441 4461 γε
1464 4394 1561 4448 καὶ
1586 4398 1726 4466 τοὺς

161 4463 491 4558 ἡσθέντας,
541 4471 639 4525 καὶ
679 4471 820 4538 τοὺς
849 4474 935 4543 μὴ
972 4476 1114 4531 λίαν
1160 4463 1721 4558 ὑπεραλγήσαντας,

1820 3324 1933 3363 esse
1966 3307 2173 3361 atrocia
2212 3323 2329 3377 qua:
2368 3306 2712 3373 acciderunt,
2754 3304 3069 3370 dicentibus,
3104 3316 3154 3360 et
3190 3314 3392 3373 turpem

1820 3398 1955 3451 hanc
1987 3397 2175 3451 eadem
2218 3413 2539 3467 nequaquam
2568 3396 2959 3463 accusantibus,
2990 3405 3149 3466 atque
3184 3396 3280 3448 hoc
3307 3410 3392 3447 so-

1822 3487 1932 3541 lum
1962 3486 2434 3549 considerantibus,
2464 3502 2534 3540 an
2572 3502 2749 3541 revera
2789 3484 3100 3555 deliquerint
3139 3485 3230 3554 qui
3283 3481 3392 3537 Gu-

1822 3581 2002 3633 bazem
2032 3578 2424 3647 interfecerunt,
2458 3578 2671 3632 illorum
2699 3578 3087 3632 accusationem
3112 3575 3380 3645 prasteriit,

1821 3671 2088 3739 multaque
2109 3670 2261 3725 verba
2291 3670 2355 3724 de
2382 3671 2448 3725 iis
2471 3685 2588 3739 qute
2608 3670 2727 3739 jam
2755 3668 2965 3739 cognita
2988 3679 3132 3732 sunt,
3156 3682 3390 3719 consum-

1819 3766 1945 3833 psit.
1974 3762 2087 3834 Ego
2112 3779 2230 3818 vero
2259 3761 2606 3817 exsecrabiles
2647 3777 2759 3816 esse
2788 3762 2906 3815 dico
2937 3758 3145 3829 Deoque
3176 3758 3390 3817 invisos.

1819 3871 2047 3926 quosque
2082 3854 2425 3909 libentissime
2453 3854 2671 3908 viderim
2703 3869 2823 3908 nece
2860 3852 3092 3907 omnium
3121 3851 3394 3905 atrocissi-

1822 3964 1910 4002 ma
1936 3948 2168 4017 periisse.
2193 3962 2293 4000 non
2324 3956 2525 3999 tantum
2552 3960 2898 4013 percussores;
2922 3944 3111 4014 quique
3130 3943 3242 3998 suis
3259 3943 3398 4012 ipso-

1822 4056 1940 4093 rum
1969 4039 2208 4092 manibus
2236 4039 2428 4092 cwdem
2463 4045 2852 4105 perpetrarunt,
2885 4050 3059 4089 verum
3085 4034 3246 4088 etiam
3285 4050 3397 4087 om-

1823 4147 1911 4186 nes
1938 4146 2046 4194 eos,
2072 4130 2163 4200 qui
2200 4144 2319 4182 cum
2358 4127 2630 4197 prohibere
2667 4135 2896 4195 possent,
2941 4126 3310 4196 permiserunt,
3342 4136 3396 4181 et

1822 4239 1907 4279 eos
1935 4225 2142 4289 insuper
2165 4220 2254 4290 qui
2284 4220 2449 4289 gavisi
2477 4230 2619 4279 sunt,
2656 4227 2705 4271 et
2727 4218 2819 4287 qui
2852 4234 2955 4271 non
2981 4234 3286 4288 magnopere
3312 4219 3398 4273 in-

1823 4313 2120 4368 doluerunt.
2168 4310 2347 4381 Neque
2392 4308 2549 4381 163
2594 4320 2788 4375 tamen,
2827 4324 3127 4378 quanquam
3162 4309 3239 4362 ita
3276 4326 3396 4363 sum

1826 4407 2062 4475 affectus,
2098 4405 2167 4456 ad
2199 4401 2391 4457 Persas
2418 4402 2641 4456 transire
2662 4403 2909 4471 expedit;
2940 4418 3100 4472 neque
3120 4404 3397 4473 quisquam

1832 4495 1927 4548 hoc
1974 4494 2050 4547 ita
2088 4492 2313 4560 accipiat
2368 4501 2615 4559 tanquam
2663 4500 3056 4544 consectaneum
3102 4492 3294 4544 rationi
3344 4500 3396 4544 et

162 4555 348 4625 Πλὴν
386 4558 520 4653 au
552 4563 681 4626 οὐκ,
729 4563 934 4633 ἐπειδὴ
984 4567 1169 4624 ταῦτα
1224 4572 1551 4642 γιγνώσκω,
1608 4555 1726 4650 ἤδη
1763 4574 1793 4631 Ε

1839 4599 2116 4649 annexum,
2140 4555 2298 4653 quod,
2329 4582 2451 4651 quia
2471 4555 2556 4633 illi
2587 4580 2720 4650 leges
2748 4579 3135 4648 proculcarunt,
3159 4590 3396 4650 oporteat

163 4665 295 4703 ,που
323 4650 421 4703 καὶ
456 4655 825 4722 προσχωρεῖν
858 4658 979 4725 τοῖς
1014 4659 1269 4729 Πέρσαις
1306 4668 1601 4722 συνοίσει·
1626 4674 1727 4726 ού-

161 4741 242 4794 es
270 4742 442 4797 τοῦτο
467 4744 638 4801 λάϐοι
679 4764 770 4815 τις
800 4748 877 4803 ἂν
901 4750 1102 4821 ὥσπερ
1141 4754 1432 4824 ἑπόμενον
1464 4759 1543 4825 τῷ
1568 4764 1728 4832 λόγῳ

165 4836 274 4887 καὶ
307 4839 706 4907 συνημμένον,
733 4841 835 4909 ὡς.
874 4844 1123 4900 ἐκείνων
1154 4854 1727 4923 παρανομησάντων,

161 4930 381 4997 δεήσει
402 4932 500 4986 καὶ
519 4934 673 5002 ἡμᾶς
715 4936 787 4991 τὰ
806 4938 993 4992 οἰκεῖα
1022 4941 1239 5010 νόμιμα
1266 4946 1723 5012 καταπροέσθαιο

166 5023 321 5077 οὐδὲ
346 5024 421 5090 ὡς
445 5025 721 5095 ἀπίστοις
738 5029 856 5099 μὲν
874 5030 1077 5097 αὐτοῖς
1098 5032 1402 5101 ἄχθεσθαι,
1427 5040 1732 5105 παραπλη-

165 5116 324 5170 σίαν
345 5116 413 5170 δὲ
438 5118 772 5185 κτήσασθαι
794 5122 998 5188 δόξαν.
1026 5124 1155 5178 Νῦν
1176 5125 1284 5194 γὰρ
1304 5128 1376 5181 οὐ
1401 5127 1468 5180 τὸ
1492 5128 1732 5196 φθάσαν

167 5209 276 5262 καὶ
315 5208 733 5281 διηνυσμένον,
760 5215 855 5269 καὶ
884 5215 1084 5270 οὐκέτι
1114 5217 1230 5287 τὴν
1259 5219 1365 5273 τοῦ
1384 5219 1469 5288 μὴ
1496 5220 1733 5291 γεγονέο

168 5320 279 5355 ναι
308 5302 496 5370 φύσιν
532 5305 974 5375 ἐπιδεχόμενον,
1004 5310 1452 5380 ἀναλογίζεσθαι
1488 5312 1627 5381 χρὴ,
1650 5312 1732 5378 ὠς

168 5393 255 5447 ἂν
276 5392 388 5462 μὴ,
415 5393 537 5448 σὺν
568 5396 615 5427 ⁸³
641 5395 719 5462 τῷ
746 5398 1091 5468 θυμουμένῳ
1118 5399 1223 5467 τῆς
1244 5401 1451 5471 ψυχῆς
1479 5403 1576 5455 καὶ
1623 5419 1727 5470 χα-

1832 4678 1992 4731 etiam
2014 4691 2107 4729 nos
2128 4674 2315 4743 patriis
2340 4671 2595 4726 institutis
2617 4671 2918 4737 valedicere,
2945 4686 3106 4741 neque
3134 4671 3259 4740 ipsis
3279 4672 3396 4741 qui-

1831 4769 1948 4823 dem
1985 4776 2040 4820 ut
2068 4766 2281 4836 perﬁdis
2310 4764 2539 4834 infensos
2568 4779 2699 4828 esse,
2722 4764 2957 4818 eamdem
2982 4778 3097 4817 vero
3118 4779 3275 4832 quam
3295 4763 3397 4831 ipsi

1831 4859 2124 4928 opinionem
2166 4869 2354 4911 tenere.
2392 4854 2573 4925 Neque
2602 4855 2739 4908 enim
2782 4869 2917 4907 nunc
2950 4853 3041 4915 id,
3080 4852 3218 4922 quod
3259 4868 3397 4921 pra:-

1832 4951 2043 5004 teritum
2069 4956 2435 5016 peractumque
2462 4955 2539 4999 est
2578 4944 2928 5014 infectumque
2964 4943 3113 4997 reddi
3155 4958 3259 4995 non
3301 4958 3397 5008 po-

1834 5048 1952 5100 test,
1981 5049 2222 5105 reputare
2247 5045 2464 5105 oportet,
2494 5051 2556 5089 ne
2581 5035 2816 5089 videlicet
2838 5035 3013 5088 animo
3040 5035 3122 5087 ira
3149 5034 3396 5103 indigna-

1835 5130 2067 5197 tioneque
2094 5143 2339 5181 succenso
2367 5125 2732 5190 deliberantes,
2751 5126 3103 5194 imprudentes
3131 5124 3399 5193 judicium

1836 5229 2069 5274 nostrum
2095 5220 2441 5284 obfuscemus,
2471 5220 2696 5272 sanioris
2733 5220 3051 5288 patiarisque
3083 5217 3288 5270 consilii
3315 5217 3399 5267 in-

1836 5312 2123 5366 ventionem
2152 5311 2298 5365 nobis
2325 5310 2676 5379 prazripientes
2702 5327 2720 5374 ;
2743 5308 2837 5363 sed.
2859 5310 2935 5361 ita
2959 5309 3055 5360 hoc
3085 5307 3223 5359 malo
3243 5306 3397 5373 aﬁici,

1837 5411 1895 5455 ut
1926 5417 2026 5456 non
2061 5400 2344 5469 neglexisse
2383 5399 2437 5451 id
2478 5400 2745 5452 videamur
2768 5439 2782 5461 ,
2831 5399 3122 5465 prospicere
3159 5412 3295 5454 vero,
3341 5405 3400 5444 ut

1451 5574 1685 5629 VARIAS
1714 5572 2115 5630 LECTIONES.

256 5722 304 5754 ⁸⁸
333 5721 470 5801 κατὰ
484 5723 664 5801 χώρας
690 5726 1037 5801 ἀμενηκότων
1075 5727 1139 5801 Βζ
1212 5730 1503 5801 “cuku
1534 5730 1599 5790 Β.
1638 5731 1801 5801 intpr.
1854 5734 2240 5786 consuetudine.
2314 5733 2357 5763 ⁸⁷
2381 5730 2585 5801 ἀλλὀὐ
2613 5730 2689 5798 τῷ
2719 5730 2988 5801 [πρέποντι
3013 5728 3106 5780 καὶ
3137 5727 3396 5795 ὠφελίμῳ

177 5808 303 5847 om.
335 5792 454 5871 [tet
501 5794 663 5871 intpr.
731 5792 741 5796 “
772 5797 818 5871 f9
851 5792 1084 5864 γινέσθω
1107 5792 1460 5871 Βηγενέσσω
1485 5805 1631 5871 vulg.

1734 5803 1778 5833 ⁸⁹
1797 5800 2117 5868 ἐφέλκεσθαι
2149 5803 2211 5855 Β.

2313 5803 2356 5833 ⁶⁹
2380 5800 2675 5871 προθέντος
2719 5799 2763 5853 Β
2791 5810 2843 5852 ct
2870 5800 3031 5871 intpr.
3063 5805 3399 5871 propellente,

185 5860 520 5933 προσθέντος
550 5860 695 5937 vulg.
772 5869 813 5899 ει
845 5860 1282 5939 προσφερόμενος
1306 5870 1367 5926 ιι.
1444 5872 1488 5903 θ’
1509 5860 1608 5939 μὲῦ
1630 5882 1742 5941 post
1770 5860 2105 5942 καταράτους
2136 5873 2239 5928 ins.
2274 5872 2363 5938 Β..
2400 5860 2508 5927 οήι.
2539 5860 2683 5940 vulg.
2762 5870 2805 5901 ⁸³
2859 5860 3093 5923 sitv-oui.
3125 5860 3189 5922 li.
