4212 6438
806 417 941 482 1427
1984 421 2333 483 ΑϐΛΤΗΙιΕ
2373 424 2384 480 ε

2478 421 2858 484 L-IOLASTICI
3925 415 4060 478 1428

799 532 1015 602 reliquae
1053 547 1134 585 res
1170 546 1327 601 quam
1357 533 1547 600 optime
1577 534 1984 586 constituantur.
2035 531 2361 586 Dementium

2478 533 2805 586 ῑεπαίνοντι
2837 532 3296 601 βουλευόμενοι,
3337 531 3626 600 λάθοιμεν
3671 527 3938 593 ἑαυτοὺς
3995 527 4062 578 τὸ

799 623 941 676 enim
968 631 1064 686 est,
1092 625 1154 677 ob
1181 623 1449 690 praeterita
1481 623 1624 677 mala
1655 617 1899 693 perpetuo
1927 624 2050 694 angi
2081 633 2236 693 atque
2261 625 2373 678 dis-

2478 622 2679 691 κρῖνον
2706 622 3151 688 ὲπιθολοῦντες,
3184 623 3284 676 καὶ
3323 620 3441 690 τὴν
3469 621 3576 675 τοῦ
3604 620 3932 688 ἀμείνονος
3963 617 4060 668 εῦ-

759 705 764 710 ’
801 716 1072 780 cruciari;
1110 717 1424 782 sapientium
1460 733 1602 781 vero,
1647 717 1953 771 inordinata
1995 717 2225 785 fortuna:
2263 732 2374 770 mo-

2478 728 2644 778 ρεσιν
2666 710 3170 780 προαφῃρημένοι·
3192 711 3358 766 ἀλλὰ
3397 710 3506 764 τοῦ
3535 708 3653 779 μὲν
3681 707 3924 770 πάθους
3951 708 4060 772 ir;-

802 816 975 860 menta
998 823 1317 876 cognoscere,
1341 818 1389 861 et
1411 809 1702 862 mutatione
1723 806 2180 875 vicissitudineque
2201 821 2374 860 rerum

2478 802 2656 866 ελεῐν,
2679 803 2930 856 εἰσόσον
2957 802 3042 871 μὴ
3080 802 3286 856 δοκεῖν
3318 801 3715 872 ἠμεληκέναι·
3764 799 4060 866 πρόνοιαν

803 909 905 948 non
935 899 1263 962 commoveri,
1299 914 1461 968 neque
1493 897 1754 966 prioribus
1788 897 2044 967 privatos,
2073 897 2376 966 futurorum

2478 894 2541 946 δὲ
2575 893 2694 946 τῶν
2733 894 2883 962 γοῦν
2923 894 3156 947 λοιπῶν
3183 894 3394 949 θέσθαι
3427 893 3512 966 [Ρ.
3543 892 3638 964 86]
3671 891 4059 960 πραγμάτων.

801 991 961 1040 etiam
987 1005 1128 1057 spem
1157 1006 1360 1043 omnem
1393 989 1639 1059 abjicere.

2478 987 2632 1051 ὅπως
2668 984 2883 1054 ἄριστα
2917 986 3284 1054 καθεστήξῃ,
3335 985 3638 1052 Ἀνοήτων
3665 986 3788 1054 μὲν
3822 985 3940 1053 γὰρ
3965 984 4062 1035 ἁν-

801 1078 962 1148 δρῶν
995 1082 1094 1134 ἐπὶ
1134 1082 1258 1149 τοῖς
1289 1082 1734 1153 παρφχημένοις
1768 1082 1973 1148 κακοῖς
2007 1080 2364 1153 ἀγανακτεῖν
2396 1080 2569 1150 μέχρι
2632 1082 2862 1146 παντὸς
2933 1080 3030 1133 καὶ
3073 1079 3377 1141 ἀνιᾶσθαι,
3436 1081 3775 1147 σωφρόνων
3820 1076 3896 1129 δὲ
3952 1076 4057 1138 τὰς

803 1173 1098 1240 ἀτάκτους
1122 1174 1321 1242 ῥοπὰς
1348 1175 1700 1245 γιγνώσκειν
1759 1175 1871 1243 τῆς
1907 1175 2119 1244 τύχης,
2155 1175 2253 1228 καὶ
2318 1172 2450 1238 ταῖς
2483 1172 2842 1242 μεταϐολαῖς
2863 1171 2950 1242 μὴ
2981 1172 3391 1241 ταράττεσθαι,
3408 1170 3586 1242 μηδὲ,
3611 1169 3737 1224 τῶν
3766 1167 4064 1238 προτέμον

804 1269 1262 1338 ἐστερημένους,
1305 1269 1757 1340 συνδιαφθεῖραι
1796 1271 1898 1324 καὶ
1933 1272 2042 1336 τὰς
2069 1268 2190 1324 τῶν
2220 1269 2573 1338 μελλόντων
2603 1265 2877 1332 ἐλπίδας.
4002 1281 4015 1293 ·

874 1364 964 1419 12.
998 1362 1100 1419 Sed
1123 1367 1207 1417 hic
1227 1365 1436 1433 quidem
1461 1364 1730 1418 consultor
1759 1379 1879 1417 cum
1897 1362 2218 1432 jamdudum
2245 1360 2377 1414 Per-

804 1474 988 1513 sarum
1012 1460 1079 1511 sit
1100 1457 1385 1523 studiosus,
1411 1474 1604 1527 nosque
1632 1457 1701 1510 ad
1726 1455 1847 1510 illos
1873 1457 2099 1509 transire
2118 1462 2373 1523 peroptet,

803 1548 1202 1617 perterrefacere
1232 1565 1326 1602 nos
1372 1559 1432 1604 ut
1467 1565 1655 1619 pueros
1694 1556 1959 1612 conatur;
1983 1548 2120 1618 quod
2150 1544 2374 1599 Romani

804 1642 898 1706 iis,
930 1655 1048 1709 qua:
1063 1639 1180 1708 jam
1213 1641 1269 1695 in
1294 1657 1386 1694 nos
1416 1643 1536 1696 ausi
1573 1651 1716 1708 sunt,
1749 1641 1978 1697 contenti
2016 1657 2119 1694 non
2155 1640 2260 1692 sint
2290 1638 2376 1705 fu-

807 1733 936 1799 tuti,
971 1733 1062 1786 sed
1100 1725 1448 1787 atrocioribus
1487 1734 1642 1787 malis
1679 1733 1970 1801 affecturi;
2007 1730 2244 1801 quodque
2285 1741 2377 1780 rex

804 1825 933 1892 ipsis
975 1825 1039 1877 sit
1070 1839 1322 1878 novarum
1353 1841 1528 1878 rerum
1561 1823 2005 1885 studiosissimus,
2041 1822 2249 1889 ipseque
2276 1834 2378 1870 au-

806 1929 920 1971 ctor
957 1917 1311 1987 impulsorque
1340 1917 1499 1987 fuerit
1540 1916 1698 1971 caedis
1747 1915 1914 1969 multo
1953 1922 2110 1966 antea
2153 1922 2378 1980 tempore

805 2011 1106 2064 deliberata:
1139 2019 1189 2063 et
1232 2016 1568 2078 procuratw;
1613 2017 1768 2078 atque
1815 2003 1974 2077 164
2011 2005 2120 2058 lucc
2161 2004 2373 2064 dicens,

813 2098 1000 2153 Persas
1033 2099 1182 2152 miris
1211 2098 1457 2152 laudibus
1489 2097 1718 2162 extollit,
1748 2110 2122 2165 persuasurum
2149 2109 2204 2147 se
2230 2092 2376 2146 nobis

805 2189 903 2243 hac
929 2191 1131 2244 ratione
1159 2190 1393 2255 credens,
1422 2199 1482 2242 ut
1505 2189 1764 2258 supplices
1800 2187 2172 2256 spontaneique
2199 2197 2376 2237 trans-

805 2281 946 2350 fugae
983 2282 1176 2349 fiamus
1215 2281 1303 2345 iis,
1329 2282 1420 2351 qui
1458 2279 1606 2334 uobis
1645 2289 1840 2335 natura
1880 2289 2003 2333 sunt
2043 2278 2374 2346 infestissimi

803 2374 996 2426 hostes.
1033 2371 1172 2425 Nam
1204 2372 1273 2425 ad
1301 2373 1439 2426 ltunc
1478 2372 1689 2426 unicum
1733 2387 1948 2440 scopum
1987 2370 2246 2433 collimat,
2277 2369 2374 2422 hoc

794 2463 914 2532 jam
943 2465 1008 2518 ab
1037 2464 1189 2518 initio
1231 2463 1460 2534 parturit
1496 2474 1544 2517 et
1581 2464 1838 2526 enititur,
1887 2471 1946 2516 ut
1985 2478 2102 2532 qua:
2140 2461 2376 2516 studiose

803 2557 1124 2624 procuravit,
1157 2556 1542 2626 perficiantur;
1577 2565 1627 2608 et
1664 2554 1956 2609 inconsulte
1988 2554 2212 2608 suadens
2249 2569 2379 2607 con-

802 2648 1108 2702 sultationis
1142 2649 1377 2703 ordinem
1416 2648 1692 2716 confundit
1732 2664 1795 2701 ac
1832 2651 2032 2711 turbat,
2072 2647 2379 2716 inutilisque

803 2747 862 2792 ut
889 2739 957 2792 sit
985 2739 1155 2808 efficit.
1187 2739 1520 2793 Consultatio
1540 2740 1679 2794 enim
1708 2753 1908 2807 semper
1939 2739 2229 2808 praecedere
2251 2755 2378 2792 con-

804 2831 992 2897 suevit,
1027 2847 1108 2884 res
1135 2848 1239 2884 non
1270 2831 1427 2900 plane
1466 2832 1779 2900 manifestas
1808 2831 2186 2885 examinationi
2213 2831 2381 2899 subji-

804 2923 967 2978 cicns.
1005 2921 1106 2977 Ubi
1131 2939 1248 2978 vero
1271 2924 1480 2979 tandem
1515 2923 1643 2994 quid
1676 2923 1818 2992 facto
1855 2923 1926 2977 sit
1959 2939 2111 2991 opus,
2139 2933 2216 2977 est
2255 2938 2379 2991 per-

2553 1359 2641 1430 ιβ’.
2682 1361 2843 1414 Ἀλλ’
2886 1363 2920 1414 ό
2961 1357 3078 1427 μὲν
3117 1358 3468 1426 σύμϐουλος
3495 1355 3684 1408 πάλαι
3741 1361 3815 1408 τὰ
3847 1354 4062 1420 Μήδων

2480 1449 2736 1520 φρονῶν,
2766 1450 2863 1503 καὶ
2883 1447 3178 1517 μεθιστᾷν
3213 1447 3372 1516 ἡμᾶς
3416 1449 3513 1500 ἐπ’
3543 1448 3834 1512 ἐκείνοι-ς
3870 1448 4062 1514 γλιχό-

2474 1558 2680 1612 μενος,
2719 1542 3155 1611 μορμολύττειν
3193 1541 3459 1608 καθάπερ
3488 1539 3631 1606 τοὺς
3663 1539 3899 1604 παῖδας
3947 1556 4060 1591 πει-

2471 1632 2672 1703 ρᾶται,
2705 1635 2786 1700 ὡς
2819 1632 2896 1700 δὴ
2935 1633 2979 1664 ⁸⁸
3009 1633 3136 1699 τοῖς
3178 1633 3487 1701 Ῥωμαίοις
3517 1635 3590 1686 οὐ
3617 1631 3742 1684 τῶν
3781 1634 4062 1698 τετολμη-

2472 1726 2672 1796 μένων
2713 1727 3213 1795 ἀποχρησόντων,
3248 1723 3412 1779 ἀλλὰ
3437 1724 3734 1794 μειζόνων
3764 1737 4062 1792 προσεσο-

2473 1819 2675 1888 μένων
2695 1820 2741 1851 ⁸⁸
2758 1836 2772 1851 ο
2800 1820 2898 1872 καὶ
2931 1819 3012 1885 ὡς
3039 1821 3074 1872 ό
3089 1817 3393 1884 ,βασιλεὺς
3413 1817 3618 1883 αὐτοῖς
3638 1817 4060 1886 καινοιφτόταο

2477 1927 2580 1972 τος
2608 1909 2673 1974 ⁵⁸,
2711 1909 2809 1963 καὶ
2855 1908 2930 1962 τὰ
2955 1907 3066 1976 τῆς
3092 1909 3442 1979 μιαιφονίας
3478 1909 3664 1975 αὐτὸς
3698 1907 4061 1976 ἐγκελευσὰ-

2473 2019 2654 2072 μενος
2678 2002 2794 2070 ειη,
2833 2001 3228 2056 σπουδασθέν
3263 2001 3333 2054 ἐκ
3373 2001 3670 2055 πλείστου
3713 2001 3819 2053 καὶ
3849 2001 4058 2064 ,ϐεϐοιι⁴

2476 2094 2794 2165 λευμένονο
2825 2095 3128 2150 καὶταῦτα
3151 2094 3428 2164 φάσκων,
3458 2093 3726 2164 ἀνυμνεῒ
3744 2093 3895 2160 τοὺς
3922 2093 4058 2160 Πέρ-

2478 2203 2596 2254 σας
2621 2188 2721 2244 καὶ
2752 2187 3136 2259 ὐπεράταται,
3167 2188 3398 2242 πείθειν
3436 2185 3597 2256 ἡμᾶς
3625 2187 3923 2241 ἐντεῦθεν
3951 2188 4058 2239 οἰό-

2472 2298 2658 2350 μενος
2710 2280 2908 2348 ἱκέτας
2958 2281 3140 2347 εὐθὺς
3193 2281 3296 2333 καὶ
3347 2281 3726 2350 αὐτομόλους
3780 2280 4060 2349 γενέσθαι

2478 2372 2599 2427 τῶν
2632 2374 2815 2443 φύσει
2856 2372 3326 2443 πολεμιωτάτων.
3364 2374 3522 2442 Πρὸς
3545 2370 3724 2426 τοῦτο
3762 2372 3877 2442 γὰρ
3908 2371 4060 2424 ᾶπα-

2479 2482 2602 2523 σαν
2627 2465 2753 2536 ἔχει
2777 2466 2896 2534 τὴν
2917 2465 3248 2535 ἀναφορὰν,
3275 2465 3506 2520 ὠδίνων
3535 2463 3798 2534 έξαρχῆς
3829 2465 3936 2518 καὶ
3957 2481 4064 2531 μη-

2478 2560 2821 2631 χανώμενος
2861 2561 2942 2626 ὡς
2989 2558 3067 2614 ἂν
3107 2558 3270 2626 αὐτῷ
3305 2559 3380 2614 τὰ
3421 2559 3874 2630 μεμελετημένα
3915 2558 4063 2624 πρὸς

2477 2653 2655 2722 ἔργον
2702 2653 2931 2721 ἐκϐαίη,
2981 2653 3081 2707 καὶ
3116 2653 3240 2707 σὺν
3283 2651 3365 2718 τῷ
3405 2651 3784 2715 ἀνεξετάστῳ
3810 2649 4065 2718 προτρέ-

2478 2762 2628 2813 πων,
2676 2745 2796 2814 τὴν
2828 2745 2940 2813 τῆς
2959 2744 3203 2815 ,βουλῆς
3239 2743 3409 2808 τάξιν
3437 2743 3659 2813 συγχεῖ
3698 2743 3795 2796 καὶ
3845 2743 4066 2810 ταράτ-

2477 2853 2585 2901 τει,
2617 2837 2716 2891 καὶ
2743 2837 2894 2904 πρὸς
2923 2836 2990 2890 τὸ
3019 2837 3319 2903 ἀνόνητον
3355 2837 3399 2868 ⁸⁷
3421 2835 3801 2905 μεταϐάλλει.
3841 2835 3921 2889 Ἦ
3948 2832 4068 2903 μὲν

2478 2930 2588 3001 τὰρ
2621 2931 3000 2999 προτερεύειν
3027 2931 3249 3000 ἔλαχεν
3280 2929 3372 2983 ἀεὶ
3401 2929 3498 2983 καὶ
3529 2928 3819 2997 ἡγεῖσθαι,
3851 2927 4066 2990 ﬁcita-

804 3016 1090 3085 cognitum,
1131 3025 1244 3070 tum
1286 3033 1414 3070 sane
1455 3032 1660 3071 necesse
1686 3026 1763 3070 est
1792 3026 1850 3069 ut
1882 3017 2024 3069 adsit
2048 3016 2289 3070 voluntas
2329 3025 2379 3070 et

2481 3040 2595 3077 νον
2635 3023 2969 3092 ἐμποιοῦσα
3002 3022 3129 3090 τοῖς
3171 3023 3335 3078 οὔπω
3377 3021 3722 3091 προδήλοις·
3764 3022 3953 3090 μόλις
4001 3019 4074 3073 δὲ

802 3109 1122 3163 desiderium
1161 3109 1505 3178 consequendi
1545 3125 1629 3173 ea,
1663 3124 1780 3178 qua:
1819 3118 1945 3162 sunt
1981 3109 2183 3178 placita
2222 3117 2381 3178 atque

802 3203 1030 3257 decreta.
1052 3201 1157 3256 Hic
1176 3212 1352 3257 autem
1369 3218 1434 3256 ex
1451 3203 1556 3272 ﬁne
1582 3203 1900 3271 principium
1924 3202 2073 3271 facit,
2099 3202 2379 3256 decernens

795 3293 935 3362 jam,
965 3295 1274 3363 priusquam
1310 3293 1512 3363 aliquid
1547 3293 1895 3363 perpenderit.
1933 3293 2191 3359 Quisnam
2218 3295 2382 3364 igitur

806 3386 968 3453 fuerit
1003 3385 1400 3440 consultationis
1433 3387 1660 3456 fructus,
1693 3387 1737 3438 si
1762 3386 1968 3454 judicio
1998 3395 2073 3439 est
2097 3387 2382 3454 posterior?

817 3477 917 3532 Vos
947 3489 1142 3544 autem,
1185 3497 1216 3532 ο
1243 3478 1445 3544 Colchi,
1477 3480 1669 3532 animis
1707 3478 1854 3532 nullo
1883 3480 2193 3548 prajudicio
2222 3495 2380 3532 occu-

803 3571 966 3638 patis,
993 3581 1040 3622 et
1071 3571 1142 3622 ad
1170 3586 1333 3622 unum
1369 3571 1593 3639 aliquem
1625 3571 1974 3638 priestitutum
1998 3572 2155 3638 linem
2180 3586 2266 3623 vos
2296 3570 2384 3623 di-

805 3663 1047 3731 rigentes,
1075 3662 1153 3714 ita
1181 3662 1249 3713 ad
1271 3662 1677 3715 consultationes
1699 3661 1945 3714 accedite.
1969 3661 2074 3726 Qui
2101 3661 2239 3714 enim
2262 3676 2380 3728 pos-

803 3763 926 3805 sunt
959 3769 1135 3805 rerum
1170 3753 1552 3806 vicissitudines
1588 3754 1636 3806 vi
1674 3753 1869 3806 arcessi
1905 3762 1956 3806 et
1998 3753 2068 3805 ad
2094 3753 2260 3806 animi
2289 3769 2378 3806 oo-

806 3847 1060 3899 luntatem
1081 3847 1332 3899 traduci?
1351 3845 1691 3900 Contrarium
1717 3848 1855 3900 enim
1876 3846 1956 3901 Itis
1981 3847 2216 3900 ordinem
2237 3852 2381 3917 sequi

805 3950 1028 4008 oportet,
1059 3940 1474 4010 intellectumque
1498 3956 1689 4009 purum
1714 3958 1776 3994 ac
1801 3940 2024 3994 liberum
2047 3942 2228 4011 suique
2239 3943 2380 4010 juris

803 4035 1016 4103 afferre,
1050 4045 1127 4098 ut,
1163 4036 1314 4086 rebus
1342 4044 1592 4087 accurate
1616 4034 1900 4103 perpensis,
1932 4033 2068 4102 quod
2099 4034 2381 4088 consultis-

805 4129 998 4179 simum
1025 4129 1350 4196 maximeque
1374 4143 1440 4180 ex
1478 4143 1534 4180 re
1557 4137 1656 4190 est,
1688 4141 2054 4197 exsequamur.
2088 4126 2175 4181 Sic
2208 4127 2384 4198 itaque

808 4218 1227 4272 consultantibus
1256 4218 1403 4273 nobis
1425 4220 1606 4272 statim
1637 4218 1907 4287 apparebit
1939 4218 2097 4288 165
2131 4220 2268 4288 quod
2293 4235 2383 4273 ne-

805 4329 906 4383 que
942 4329 976 4365 a
1011 4310 1260 4365 Romanis
1295 4311 1600 4382 legionibus,
1629 4326 1788 4380 neque
1819 4327 1853 4363 a
1877 4310 2140 4379 praefectis
2181 4313 2383 4366 univer-

806 4409 903 4471 sis,
924 4407 1091 4458 multo
1121 4421 1240 4458 vero
1269 4405 1439 4457 minus
1469 4403 1534 4456 ab
1561 4405 1675 4471 ipso
1707 4417 1885 4453 eorum
1912 4403 2227 4470 imperatore
2250 4406 2382 4458 insi-

806 4497 912 4551 dia:
946 4494 1151 4550 Gubazi
1189 4495 1382 4564 fuerint
1417 4504 1652 4548 stntctte.
1696 4490 2070 4559 Pervulgaturn
2102 4495 2240 4547 enim
2265 4494 2385 4562 jam

807 4586 948 4654 apud
980 4587 1120 4654 ipsos
1149 4596 1195 4639 et
1231 4587 1286 4638 in
1316 4587 1551 4655 confesso
1581 4597 1680 4653 est,
1713 4587 1850 4657 quod
1896 4586 2138 4640 Rusticus
2169 4596 2219 4640 et
2246 4585 2388 4640 Mar-

809 4681 948 4731 tinus
976 4695 1237 4747 prosperte
1273 4679 1417 4732 illius
1444 4679 1673 4748 fortunw
1702 4680 1987 4734 invidentes
2015 4679 2068 4732 in
2092 4681 2386 4733 ultroneam

809 4773 974 4824 animi
1007 4772 1271 4839 feritatem
1300 4775 1403 4826 sint
1432 4772 1654 4841 abrepti,
1691 4774 1904 4837 reliquis
1929 4772 2147 4826 ducibus
2180 4789 2281 4824 non
2311 4789 2392 4825 so-

808 4874 917 4925 lum
943 4886 1044 4922 non
1079 4870 1470 4937 adjuvantibus,
1496 4885 1671 4922 verum
1695 4869 1855 4923 etiam
1878 4871 2058 4922 acerbe
2086 4868 2388 4936 ferentibus.

810 4959 1061 5026 Iniquum
1104 4958 1279 5025 itaque
1319 4967 1368 5011 et
1407 4967 1660 5026 prastereu
1694 4957 1880 5010 inutile
1913 4957 2092 5026 fuerit,
2136 4955 2198 5008 ob
2231 4956 2389 5009 unius

812 5051 1058 5117 fortassis
1097 5061 1250 5119 atque
1282 5051 1500 5104 alterius
1533 5050 1746 5118 culpam
1785 5049 2019 5119 publicas
2058 5048 2214 5118 leges,
2255 5065 2386 5118 quas

811 5143 1083 5195 observare
1113 5143 1504 5209 constituimus,
1535 5155 1768 5211 proterve
1805 5142 2020 5207 violare,
2057 5143 2380 5195 universum-

2479 3116 2586 3171 τοῦ
2623 3117 2921 3185 πρακτέου
2959 3115 3459 3185 διαγνωσθέντος,
3498 3117 3631 3169 τότε
3667 3113 3743 3181 δὴ
3783 3112 4073 3182 παρεῖναι

2480 3209 2672 3279 χρεὼν
2711 3211 2779 3264 τὸ
2806 3208 3037 3264 ἐθέλειν
3064 3209 3272 3278 τυχεῖν
3314 3209 3416 3263 καὶ
3451 3209 3720 3278 ἐφίεσθαι
3759 3206 3881 3259 τῶν
3910 3209 4074 3274 cipe-

2480 3300 2724 3357 θέντων.
2763 3301 2824 3354 '0
2845 3299 2914 3353 δέ
2940 3301 3005 3353 τὸ
3036 3299 3222 3368 πέρας
3252 3299 3452 3369 ἀρχὴν
3480 3299 3814 3365 πεποίηται,
3843 3297 4072 3364 ἐλόμεο

2479 3411 2589 3459 νος
2623 3393 2739 3462 ἤδη
2769 3393 2912 3460 πρίν
2936 3410 2991 3445 τι
3012 3391 3223 3461 σαφῶς
3245 3389 3676 3457 διασκοπῆσαι.
3716 3388 3906 3442 Ποῖον
3939 3389 4040 3440 τοί
4047 3418 4070 3428 ο

2479 3504 2598 3541 νυν
2643 3486 2712 3540 τὸ
2751 3487 2818 3540 ἐκ
2851 3484 2962 3553 τῆς
2989 3484 3230 3552 ,ϐουλῆς
3256 3483 3577 3553 ὠφέλιμον,
3606 3483 3771 3548 εἴπερ
3791 3479 3904 3548 τῆς
3939 3482 4072 3548 κρί-

2481 3596 2635 3646 σεως
2681 3580 2751 3633 ἐν
2802 3579 3035 3646 ὑστέρῳ
3081 3575 3282 3646 παρῇ;
3313 3576 3498 3646 Ὑμεῖς
3532 3574 3577 3607 ⁸⁸
3617 3575 3702 3638 δὲ,
3745 3569 3792 3627 ὦ
3844 3572 4072 3639 ἄνδρες

2481 3673 2724 3738 Κόλχοι,
2770 3667 3056 3738 μηδαμῶς
3103 3666 3210 3732 τὰς
3243 3665 3482 3735 γνώμας
3523 3663 3699 3731 ἑτέρῳ
3748 3679 3828 3726 τῳ
3865 3680 4068 3715 κατει-

2479 3762 2791 3831 λημμένοι,
2832 3760 2930 3814 καὶ
2962 3760 3111 3827 πρὸς
3147 3759 3216 3812 ἓν
3248 3777 3302 3812 τι
3331 3759 3510 3821 τέλος
3545 3755 4069 3824 προδιωρισμένοι·

2482 3855 2755 3924 ὁρῶντες,
2785 3854 2971 3919 οὕτως
3010 3853 3110 3904 ἐπὶ
3151 3852 3259 3917 τὰς
3296 3849 3572 3918 ζητήσεις
3614 3849 3877 3917 χωρεῖτε.
3929 3847 4070 3911 Πῶς

2481 3947 2592 4018 γὰρ
2633 3947 2731 4000 καὶ
2779 3947 2980 3999 ἔνεστι
3015 3946 3060 3976 ⁶⁹
3092 3942 3244 4015 [τὰς]
3275 3943 3394 3996 τῶν
3423 3940 3779 4011 πραγμάτων
3804 3939 4069 4006 peracti-

2482 4055 2612 4106 σεις
2639 4039 2945 4104 βιάζεσθαι
2987 4036 3083 4090 καὶ
3128 4036 3271 4103 πρὸς
3298 4035 3363 4088 τὸ
3388 4034 3655 4102 ἀρέσκον
3674 4032 4067 4102 μετασκευά-

2483 4133 2638 4194 ζειν;
2686 4131 3046 4185 Τούναντίον
3092 4127 3202 4197 γὰρ
3251 4127 3484 4191 τούτοις
3508 4125 3756 4178 ἕπεσθαι
3791 4123 4066 4190 κοσμίως

2482 4223 2794 4292 προσήκει,
2845 4221 2942 4274 καὶ
2988 4218 3094 4272 τὸν
3131 4217 3425 4287 λογισμὸν
3458 4216 3553 4270 ἐπ’
3585 4215 3734 4269 αὐτὰ
3787 4214 4066 4282 μεθιέναι

2483 4317 2746 4383 καθαρὸν
2785 4312 2882 4366 καὶ
2929 4311 3287 4378 αὐτόνομον,
3326 4309 3481 4361 ῶστε
3528 4307 3677 4361 κατά
3709 4306 3963 4374 σχολὴν
3993 4307 4066 4358 τὰ

2483 4406 2904 4475 προστυχόντα
2942 4404 2988 4434 ⁷ο
3026 4401 3548 4470 διευκρινήσαντα,
3588 4398 3693 4452 τοῦ
3725 4399 4062 4451 συνοίσον-

2485 4515 2587 4563 τος
2638 4497 2966 4566 ἐφικέσθαι.
3036 4495 3200 4549 Οὕτω
3249 4495 3360 4563 γὰρ
3416 4492 3562 4560 ἡμῖν
3598 4493 3640 4550 ’,⁸
3687 4487 4062 4555 βουλευομέ-

2484 4609 2632 4656 νοις,
2666 4591 2881 4644 αὑτίκα
2915 4587 3208 4659 φανεῖται,
3244 4587 3324 4652 ὡς
3352 4586 3491 4638 οὔτε
3539 4583 3613 4635 ἐκ
3647 4579 3765 4634 τῶν
3811 4578 4061 4646 Ῥωμαῖα

2484 4682 2608 4737 κῶν
2632 4682 2960 4752 ταγμάτων,
3000 4681 3142 4734 οὔτε
3182 4679 3310 4748 μὴν
3341 4677 3459 4729 τῶν
3489 4669 3843 4742 στρατηγῶν
3866 4670 4061 4723 ἀπόν-

2488 4793 2606 4830 των
2646 4774 2855 4840 πολλῷ
2887 4773 2955 4828 δέ
2981 4791 3044 4843 γε
3076 4770 3317 4840 μᾶλλον
3355 4767 3500 4822 οὐδὲ
3529 4766 3633 4820 τοῦ
3666 4763 3843 4833 σφῶν
3878 4764 4060 4828 ,βαδι-

2485 4869 2637 4933 λέως
2677 4868 2747 4920 τὰ
2775 4865 2885 4934 τῆς
2909 4861 3236 4931 ἐπιϐουλῆς
3276 4861 3375 4915 ἐπὶ
3411 4856 3715 4924 Γουϐάζην
3750 4857 4054 4923 συνέστη.

2484 4961 2985 5027 Διατεθρύλληται
3017 4957 3130 5026 γὰρ
3162 4955 3278 5024 ἤδη
3309 4955 3445 5021 παρ’
3470 4950 3668 5016 αὐτοῖς
3697 4950 3796 5003 καὶ
3829 4950 4057 5018 ἀνωμο-

2481 5055 2751 5122 λόγηται,
2787 5053 2868 5116 ὡς
2916 5051 3262 5116 Ῥούστικος
3296 5047 3397 5100 καὶ
3434 5043 3749 5113 Μαρτῖνος,
3806 5041 4051 5109 ,ϐασκή-

2480 5160 2703 5211 σαντες
2751 5142 2910 5208 αὺτῷ
2962 5141 3072 5211 τῆς
3121 5140 3424 5210 εὐτυχίας,
3453 5140 3540 5203 εἰς
3569 5134 4051 5202 αὐτεπάγγελτοι·

2096 5336 2324 5392 ἺΑΒΙᾸΞ
2355 5336 2755 5392 ιεοτιοκεδ.

877 5512 924 5544 ⁸⁸
956 5513 1031 5574 ὡς
1059 5512 1123 5582 δὴ
1149 5510 1218 5576 R,
1246 5511 1413 5576 Lugd.
1452 5513 1604 5582 (CL),
1631 5514 1704 5575 ὡς
1726 5513 1779 5564 δὲ
1798 5513 1921 5565 etM.

811 5583 984 5636 Bon".
1038 5599 1090 5635 ν.
1155 5583 1208 5636 5.

2022 5510 2067 5541 ⁸⁸
2092 5510 2481 5580 παρεσομένων
2509 5508 2577 5564 Β.

2685 5508 2730 5540 ⁶⁶
2777 5506 2988 5562 Mallem
3032 5504 3467 5575 πανουργότατος
3523 5517 3538 5554 :
3587 5497 3666 5575 cf.
3687 5513 3742 5575 p_.
3806 5496 3907 5550 {56
3956 5500 4035 5575 ed.

1312 5568 1356 5614 εἳ
1394 5568 1650 5651 ἀνόνητον
1680 5568 1746 5648 R,
1802 5583 1961 5651 idque
1999 5582 2141 5649 conj.
2174 5568 2248 5632 'B.
2286 5568 2384 5633 V'ui

2478 5581 2620 5651 lius,”
2649 5579 2814 5647 intpr.
2851 5577 2924 5651 ad
2965 5578 3042 5642 id,
3071 5568 3462 5651 qnodlinutileﬁ
3493 5579 3589 5651 est,
3626 5569 3869 5651 Abba-:99
3898 5568 4034 5651 utsic:

809 5635 1033 5722 "ibisci;
1063 5653 1102 5704 ﬂ
1131 5635 1180 5706 ei
1213 5635 1764 5724 ἰηιβτηνήμεέέ-νυῖέ.
1831 5635 1889 5684 θ
1912 5653 2017 5722 γὰρ
2045 5635 2139 5704 xxi.
2174 5651 2350 5703 ἔνεστι
2380 5651 2384 5720 χ

2478 5649 2521 5722 ς]
2553 5635 2663 5724 τῶν
2701 5635 3043 5724 πραγμάτωῇ
3069 5635 3408 5724 ’μεταϐάσεις
3436 5635 3833 5724 βιάζεσθαιμκιξι
3861 5635 4035 5724 addidi

807 5742 873 5779 ex
914 5707 958 5778 ii
992 5707 1105 5783 (ubi
1140 5724 1234 5785 τὰς
1261 5707 1621 5795 όέεἰίιεῗειιίτ)
1653 5707 1896 5791 δι’ἷηῐρν.
1923 5707 2152 5790 possunt
2189 5707 2410 5795 namque
2440 5707 2611 5795 nescio
2635 5707 2764 5795 quo:
2785 5707 2939 5795 pacto
2977 5707 3166 5795 violari
3189 5729 3388 5795 .rerunt
3415 5707 3623 5795 eventus
3647 5718 3725 5795 "et
3749 5707 3846 5795 a'd"

811 5796 1123 5862 voluptatem
1158 5795 1388 5856 traduci,
1447 5795 1551 5848 nisi
1581 5789 1759 5848 tamen
1797 5789 1879 5846 Inc
1905 5789 1998 5860 pro
2037 5789 2381 5861 μεταϐάσεις,

2478 5791 2739 5862 ποὸἁσειςί
2753 5789 2976 5858 legebat.

812 5861 972 5935 impr.
1012 5883 1182 5928 casus,
1219 5864 1284 5917 τὰ
1315 5868 1614 5935 spes/331:1
1661 5867 1782 5934 \ng
1884 5867 1924 5895 τί
1988 5867 2114 5935 ἡμῖν
2149 5863 2194 5918 R
2232 5874 2282 5916 e:
2313 5864 2384 5917 in:

2502 5863 2527 5914 ’ἓ
2541 5865 2628 5926 uin
2659 5861 2778 5926 vulg

809 5867 972 5936 impr.
1012 5883 1182 5928 casus,
1219 5867 1284 5917 τὰ
1315 5868 1614 5937 spes/331:1
1661 5867 1782 5934 \ng

3075 5790 3118 5818 το
3149 5787 3213 5838 τὰ
3242 5782 3611 5854 προστυχόντα
3647 5777 3715 5843 ﬂ,
3771 5775 3945 5847 Lugd.
3985 5783 4032 5829 et
