4212 6438
174 403 308 468 1429

1320 401 1855 482 HISTORiARUM
1885 423 2114 484 LIBER
2142 424 2254 486 III.

3263 425 3400 492 1430

168 517 412 578 ἤλασαν
435 520 482 552 τ’
525 521 1010 593 κακοδαιμονίαν,
1049 525 1168 580 τῶν
1193 527 1400 585 ἄλλων
1423 532 1732 601 ἡγεμόνων
1759 539 1803 596 Δ

1834 553 1928 606 que
1961 537 2082 590 vita:
2123 547 2318 592 nostra:
2356 537 2680 606 institutum,
2725 537 2812 592 cui
2849 542 3016 595 amice
3055 542 3400 610 assuevimus,

165 611 278 677 οὐκ
308 611 466 676 ὅπως
501 615 970 684 συλλαϐομένων
991 617 1061 682 ⁷³,
1087 619 1247 675 ἀλλὰ
1272 613 1375 675 καί
1390 623 1727 693 περιφανῶς

165 701 548 758 ἀνιαθέντων.
580 705 814 760 ’Δδικον
833 703 948 763 οὖν
969 705 1127 778 οἴμαι
1146 710 1246 766 καὶ
1274 714 1421 780 πρός
1447 731 1514 784 γε
1540 715 1729 785 ἀσύμ-

167 809 358 861 φορον
387 795 454 859 ",
481 795 621 861 ἐνὸς
671 796 742 862 ἐξ
777 799 1057 854 ἁπάντων
1086 802 1307 870 ἀνδρὸς
1351 804 1390 873 ἢ
1431 805 1534 860 καὶ
1559 806 1731 861 δυοῖν

168 883 360 952 τυχὸν
408 886 862 955 ήμαρτηκότοιν,
918 891 1228 960 ἐξυϐρίσαι
1272 893 1390 964 μὲν
1445 898 1533 964 είς
1589 899 1732 967 τοὺς

169 975 411 1040 κοινοὺς
435 976 678 1045 νόμους,
707 979 814 1046 οὓς
853 979 1125 1051 στέργειν
1149 985 1536 1055 προύθέμεθα,
1562 991 1731 1042 πολι-

171 1066 342 1118 τείαν
400 1065 469 1120 δὲ
523 1069 854 1138 σύμπασαν
899 1072 999 1126 καὶ
1050 1072 1284 1128 δίαιταν
1345 1077 1582 1146 συνήθη
1634 1080 1733 1134 zeal

175 1155 260 1226 [ρ.
289 1156 378 1223 87]
404 1159 592 1224 φίλην
612 1160 765 1213 οὕτω
789 1174 914 1227 πως
934 1150 1151 1234 male.
1172 1164 1730 1234 ἀποσκευάσασθαι,

173 1245 293 1299 τῶν
321 1246 390 1300 δὲ
411 1246 522 1315 τὴν
552 1247 750 1317 χώραν
777 1253 1195 1321 φρουρούντων
1218 1255 1288 1319 ⁷⁸,
1326 1257 1427 1311 zeal
1461 1258 1734 1326 πολλοὺς

172 1336 362 1404 ὅσους
387 1339 684 1394 κινδύνων
706 1341 1176 1414 ἀναδεχομένων,
1229 1347 1313 1416 ὡς
1364 1348 1443 1403 ἂν
1486 1349 1634 1420 ήμῖν
1665 1351 1737 1407 έν

171 1429 462 1496 εὐπαθείᾳ
484 1430 787 1494 βιοτεύειν
815 1433 926 1502 ἐξῇ
961 1435 1030 1502 ’⁸,
1071 1436 1366 1505 προδότας
1403 1438 1733 1510 δειχθῆναι,

175 1518 278 1570 καὶ
329 1519 393 1571 τὸ
443 1519 520 1588 δὴ
568 1521 808 1577 πάντων
852 1524 1269 1596 ἀνοσιώτερον,
1305 1526 1497 1594 δόξαν
1547 1533 1737 1602 ὀρθὴν

175 1609 329 1676 πρὸς
377 1612 687 1666 εὐσέϐειαν
740 1613 837 1668 zeal
878 1619 994 1684 τὴν
1034 1618 1154 1672 τῶν
1180 1617 1352 1688 ἱερῶν
1385 1620 1739 1691 ἀπορρήτων

175 1698 518 1767 σεμνότητα
544 1702 998 1772 περιφρονῆσαι.
1023 1705 1156 1774 Πῶς
1182 1707 1293 1777 γὰρ
1321 1710 1394 1765 οὐ
1421 1713 1596 1766 τοῦτο
1623 1730 1738 1782 φα-

175 1790 437 1857 νούμεθα
460 1791 506 1823 ⁷⁷
544 1790 818 1862 δρῶντες,
849 1797 902 1849 ει
920 1799 1460 1869 προσχωρήσαιμεν
1483 1801 1608 1869 τοῖς
1632 1802 1740 1858 τοῦ

179 1881 530 1948 Κρείττονος
559 1882 1036 1954 ἐναντιωτάτοις;
1067 1891 1138 1944 El
1165 1889 1283 1959 μὲν
1319 1893 1428 1962 γὰρ
1451 1893 1739 1949 διακωλύ-
1773 1887 1815 1943 Β

178 1993 358 2030 σιιιεν
387 1977 546 2048 ἡμᾶς
572 1980 699 2047 ταῖς
729 1982 936 2048 αὐταῖς
965 1985 1292 2054 ἁγιστείαις
1310 1987 1608 2058 ἐμμένειν,
1637 1990 1736 2044 zeal

176 2072 624 2141 μεταστήσαιεν
646 2075 794 2143 πρὸς
818 2074 932 2144 τὴν
955 2079 1273 2146 σφετέραν,
1297 2080 1355 2134 τί
1379 2081 1594 2136 τούτου
1619 2094 1742 2134 πει-

181 2164 409 2230 σόμεθα
440 2167 873 2238 χαλεπώτερον,
905 2173 1211 2239 περιόντες
1244 2190 1309 2226 τε
1337 2173 1437 2227 καὶ
1464 2174 1742 2240 τεθνηκό-

183 2272 314 2320 τες;
354 2256 412 2309 Τί
425 2254 494 2309 δὲ
514 2257 917 2329 κερδανοῦμεν
934 2260 1178 2316 ἅπασαν
1197 2262 1312 2332 τὴν
1335 2263 1596 2332 Περσίδα
1615 2265 1743 2336 (θῶ-

177 2365 298 2415 μεν
325 2347 431 2417 γὰρ
473 2349 648 2418 οὕτω)
684 2353 1267 2422 προσλαμϐάνοντες,
1296 2357 1403 2423 τὰς
1439 2355 1507 2410 δὲ
1542 2357 1744 2427 ψυχὰς

181 2440 555 2510 ὲῖιιμιωμένοι
567 2461 586 2508 ;
615 2445 682 2497 El
704 2442 772 2498 δέ
793 2461 857 2514 γε
875 2445 974 2500 zeal
999 2446 1045 2478 ⁷⁸
1057 2447 1292 2517 μεθεῖεν
1317 2448 1414 2504 zeal
1434 2451 1745 2520 συγχωρή-

184 2550 382 2600 auter,
405 2535 539 2588 ἀλλ’
566 2538 637 2589 οὐ
653 2536 907 2600 βεϐαίαν
928 2539 1071 2608 ήμῖν
1088 2541 1200 2608 τὴν
1217 2541 1459 2596 εὔνοιαν
1475 2542 1744 2607 ἕξουσιν.

186 2624 462 2678 ὕπουλος·
487 2624 555 2679 δέ
579 2623 822 2694 μᾶλλον
861 2629 959 2683 καὶ
992 2633 1322 2700 σφαλερὰν,
1357 2636 1455 2688 καὶ
1483 2636 1638 2705 μόνῃ
1675 2634 1749 2704 τῇ

187 2715 357 2783 γρείςι
375 2719 918 2787 συμμετρουμένην.
930 2721 1210 2790 Ἀμικτον
1224 2723 1334 2792 γὰρ
1349 2724 1394 2757 ⁷⁸
1410 2725 1501 2780 ἀεὶ
1517 2725 1639 2792 τοῖς
1653 2726 1754 2782 ἁν-

189 2807 434 2875 ιὶῃώποες
471 2809 532 2862 τὸ
557 2810 972 2881 ἐτερὸγνωμον,
993 2815 1092 2868 zeal
1123 2817 1261 2870 οὔτε
1285 2817 1460 2884 δέους
1487 2834 1750 2886 προσπε-

185 2900 429 2966 σόντι-ς,
447 2903 582 2955 οὔτε
605 2903 766 2970 τινὸς
787 2905 1131 2975 εὐεργεσίας
1153 2909 1557 2979 ἠγησαμένης,
1581 2912 1751 2980 μόνι-

179 3011 300 3058 μος
315 2992 515 3059 αὐτοῖς
541 2994 866 3064 ἐγγίγνεται
891 2998 1112 3064 πίστις,
1137 3001 1304 3069 πλὴν
1322 3003 1375 3056 εί
1387 3002 1474 3071 μὴ
1505 3003 1602 3058 zeal
1626 3004 1754 3070 ταῖς

185 3081 386 3149 δόξαις
418 3085 820 3152 ὁμοφρω-οῖεν·
852 3088 920 3141 τό
941 3105 1004 3142 τε
1030 3091 1323 3160 συγγενές
1349 3092 1447 3146 zeal
1469 3092 1621 3147 τδιον
1652 3095 1751 3149 zeal

186 3175 516 3243 ὁμόφυλον,
547 3179 599 3230 εὶ
646 3179 819 3232 τοῦδε
854 3181 1181 3250 λειπόμενα
1214 3183 1471 3252 τύχοιεν,
1507 3186 1747 3256 ὀνόματι

1830 627 1960 679 adeo
2000 626 2176 680 leviter
2206 628 2508 691 inmutare,
2537 643 2717 680 eorum
2749 641 2886 690 vero,
2915 623 3004 696 qui
3045 629 3101 682 in
3139 630 3404 696 prasidiis

1828 717 2110 785 provincia:
2121 733 2217 786 pro
2238 717 2408 780 nobis,
2425 725 2482 770 ut
2501 717 2787 786 tranquille
2794 717 3126 790 jucundeque
3147 722 3406 783 vivamus.

1829 808 2107 873 excubant,
2137 809 2429 877 proditores
2463 824 2525 860 ac
2554 807 2839 862 desertores
2868 807 3131 866 declarari
3151 828 3169 873 ;
3187 820 3237 866 et
3265 811 3409 881 quod

1831 900 2062 954 omnium
2096 911 2169 954 est
2212 901 2439 954 maxime
2466 899 2707 966 impium.
2743 912 2939 954 rectam
2973 899 3037 953 de
3078 901 3328 971 religione
3357 912 3409 956 et

1831 1006 2105 1046 sacrorum
2133 991 2501 1061 mysteriorum
2533 991 2786 1063 dignitate
2815 992 3112 1060 opinionem
3140 1002 3294 1061 atque
3323 995 3412 1048 do-

1833 1082 2057 1135 ctrinam
2083 1083 2375 1150 aspernari.
2419 1083 2535 1147 Quo
2558 1090 2712 1152 pacto
2741 1083 2881 1135 enim
2912 1099 3015 1136 non
3043 1081 3097 1136 id
3131 1088 3304 1148 facere
3335 1083 3414 1136 vi-

1830 1171 2088 1238 debimur,
2129 1175 2176 1227 si
2215 1173 2285 1226 ad
2337 1173 2716 1242 infensissimos
2749 1173 2913 1227 divini
2949 1173 3195 1228 Numinis
3239 1173 3412 1227 hostes

1833 1264 2236 1318 concesserimus
2256 1265 2282 1317 ?
2305 1262 2366 1320 Si
2392 1265 2531 1318 enim
2553 1263 2636 1318 illi
2665 1263 3026 1333 prohibuerint
3084 1280 3146 1318 ne
3171 1274 3412 1318 nostram

1833 1353 2072 1423 deinceps
2097 1354 2401 1426 religionem
2427 1354 2690 1418 colamus,
2720 1359 2809 1410 sed
2831 1354 2900 1409 ad
2927 1370 3080 1409 suam
3105 1369 3196 1409 nos
3225 1356 3412 1424 adege-

1835 1441 1962 1506 rint,
1989 1440 2115 1510 quid
2137 1444 2349 1511 gravius
2383 1442 2532 1497 nobis
2561 1442 2798 1496 accidere
2834 1445 3019 1510 possit,
3048 1445 3411 1512 superstitibus

1833 1533 2033 1600 pariter
2057 1542 2107 1588 et
2135 1535 2387 1588 mortuis?
2415 1533 2554 1599 Quid
2581 1534 2720 1588 enim
2744 1533 2878 1587 lucri
2906 1535 3196 1604 fecerimus,
3225 1535 3272 1588 si
3293 1537 3410 1588 uni‘

1834 1640 2035 1678 versam
2055 1623 2338 1694 (faciamus
2361 1625 2438 1676 ita
2462 1623 2620 1694 166
2639 1623 2774 1692 esse)
2795 1621 3038 1678 Persium
3060 1624 3206 1677 nobis
3226 1622 3414 1689 adjun-

1834 1717 2091 1782 xerinsus,
2127 1717 2427 1771 animarum
2456 1733 2575 1770 vero
2607 1716 2876 1785 jacturam
2911 1716 3230 1785 fecerimus?
3261 1715 3414 1780 Quod

1837 1807 1883 1860 si
1909 1821 2028 1861 vero
2053 1806 2384 1874 permiserint
2407 1813 2456 1860 et
2483 1806 2852 1864 concesserint.
2882 1806 3038 1873 ﬁrma
3067 1814 3240 1858 tamen
3263 1805 3414 1858 bene-

1839 1899 2067 1954 volentia
2095 1915 2188 1954 nos
2227 1913 2554 1970 nequaquam
2591 1906 2982 1968 prosequentur,
3017 1898 3185 1966 inﬁda
3225 1913 3340 1952 vero
3365 1907 3414 1950 et

1838 1993 2021 2060 dubia,
2053 2009 2310 2065 quamque
2332 1993 2447 2048 sola
2477 1993 2710 2046 utilitate
2739 1991 3042 2046 metiantur.
3072 1989 3248 2060 Neque
3275 1993 3416 2045 enim

1839 2086 1974 2141 inter
1995 2101 2104 2151 eos,
2125 2085 2215 2156 qui
2235 2085 2454 2138 diversis
2477 2084 2807 2151 opinionibus
2825 2094 2945 2137 sunt
2965 2083 3173 2150 imbuti,
3192 2083 3415 2137 societas

1839 2187 2080 2230 constare
2107 2184 2275 2244 potest
2303 2189 2322 2239 ;
2349 2185 2397 2229 et
2433 2191 2596 2246 neque
2631 2173 2890 2229 incidente
2932 2184 3094 2237 metu.
3136 2183 3228 2228 aut
3268 2174 3416 2228 bene-

1841 2267 1962 2337 ficio
1993 2267 2138 2320 nullo
2164 2267 2551 2333 interveniente,
2583 2266 2714 2336 fides
2745 2267 2872 2336 Ipsis
2910 2274 3157 2323 constans
3183 2275 3234 2321 et
3259 2268 3417 2336 ﬁrma

1839 2367 2126 2430 permanet,
2169 2359 2272 2413 nisi
2310 2359 2471 2414 etiam
2511 2359 2810 2427 opinionum
2849 2374 3137 2412 consensus
3179 2357 3414 2412 accedat.

1847 2452 1988 2518 Quin
2019 2460 2069 2506 et
2097 2451 2326 2521 cognati,
2355 2451 2530 2520 afﬁnes
2559 2459 2608 2504 et
2641 2449 2982 2515 contribules,
3012 2449 3059 2503 si
3088 2448 3186 2502 hac
3212 2448 3420 2503 animo-

1845 2560 1962 2598 rum
1987 2543 2386 2614 opinionumque
2421 2541 2777 2597 consenientia
2808 2540 3186 2607 destituuntur,
3214 2541 3420 2594 nomine

1845 2635 1958 2690 solo
1989 2634 2280 2688 amicitiam
2312 2649 2423 2702 pra:
2447 2649 2501 2687 se
2538 2634 2735 2702 ferunt,
2765 2649 2821 2688 re
2846 2649 2962 2688 vero
3000 2632 3116 2702 ipsa
3146 2640 3270 2686 sunt
3299 2631 3422 2690 alie.

1848 2728 2075 2782 nissimi.
2121 2725 2285 2796 Cujus
2313 2727 2488 2795 itaque
2525 2726 2644 2779 boni
2680 2741 2792 2796 spe,
2819 2740 2850 2779 ο
2885 2723 3086 2790 Colchi,
3119 2723 3189 2777 ad
3232 2723 3421 2778 Persas

1847 2819 2191 2875 desciscemus
2211 2857 2227 2884 ,
2269 2818 2316 2872 si
2353 2819 2514 2873 etiam
2542 2818 2620 2872 ita
2650 2817 2806 2885 Tnobis
2836 2816 3020 2886 futuri
3063 2825 3184 2870 sunt
3230 2814 3420 2878 hostes,

1849 2928 2010 2982 neque
2051 2912 2256 2981 aliquid
2300 2911 2523 2981 amplius
2585 2911 3043 2982 inpraesentiarum
3090 2911 3210 2964 inde
3273 2911 3422 2964 nobis

1851 3003 2078 3066 accedet,
2106 3018 2265 3070 quam
2293 3003 2430 3071 quod
2462 3009 2610 3056 tanto
2639 3002 2852 3071 facilius
2883 3003 2946 3056 ab
2986 3001 3095 3057 illis
3128 3001 3250 3055 la'di
3281 3010 3425 3069 pote-

1853 3094 2042 3156 rimus,
2066 3101 2262 3162 quanto
2290 3091 2554 3162 difﬁcilius
2578 3090 2645 3146 ab
2675 3092 2878 3146 occulto
2898 3107 3056 3164 quam
3081 3099 3262 3160 aperto
3281 3091 3426 3146 hoste

1853 3185 2000 3239 nobis
2027 3200 2204 3240 cavere
2239 3201 2514 3254 possumus
2536 3187 2562 3241 2
2588 3183 2770 3255 Atqui,
2793 3185 2840 3238 si
2879 3184 3107 3247 videtur,
3136 3183 3316 3236 demus
3346 3183 3426 3235 ita

185 3268 351 3334 μόνῳ
378 3268 491 3331 τὴν
514 3269 812 3324 οἱκείωσιν
840 3274 1175 3341 ὑποφαίνει,
1194 3275 1316 3342 τοῖς
1335 3276 1402 3330 δέ
1423 3277 1616 3346 ἔργοις
1641 3280 1747 3335 ἀλ·
1776 3268 1803 3292 ι

1850 3295 1978 3346 esse,
2010 3278 2212 3349 factum
2251 3279 2425 3347 ipsum
2465 3292 2626 3347 neque
2669 3293 2790 3330 cum
2829 3278 3074 3346 (equitate
3114 3289 3272 3344 neque
3309 3288 3424 3327 cum

188 3362 385 3425 ,ίοτριο
398 3360 453 3413 ετ
466 3379 542 3418 ιιι.
581 3364 736 3417 Ἀντί
764 3366 949 3419 ποίων
966 3368 1174 3424 τοίνυν
1193 3371 1446 3441 ἀγαθῶν,
1466 3369 1514 3428 ὦ
1535 3375 1747 3444 ἄνδρες

1849 3371 2062 3424 honesto
2091 3384 2342 3439 pugnare,
2381 3377 2431 3422 et
2465 3377 2762 3422 statuamus
2795 3365 3079 3420 Persarum
3111 3381 3279 3418 mores
3305 3379 3428 3417 con-

189 3454 434 3517 ιῐίλχίι,
460 3469 606 3520 προς
630 3457 863 3523 Περσας
884 3461 1354 3528 μεταϐησόμεθα,
1382 3467 1437 3518 ετ
1456 3481 1522 3535 γε
1547 3465 1644 3519 zeal
1667 3466 1747 3532 ὥς

1847 3468 2044 3515 stantes
2069 3475 2184 3513 esse
2221 3475 2282 3512 ac
2316 3459 2472 3528 fidos,
2502 3458 2736 3529 quodque
2763 3469 3006 3528 perpetuo
3035 3467 3190 3524 pacta
3217 3464 3430 3509 conuen‘

190 3542 435 3596 ἔσω-ται
494 3543 831 3615 δυσμενεῖς,
883 3549 983 3604 zeal
1019 3551 1212 3620 μηδὲν
1276 3553 1420 3624 ήμῖν
1475 3556 1666 3611 πλέον
1701 3557 1747 3590 ⁸⁸⁵

188 3633 368 3688 ἔσται
417 3636 522 3690 τοῦ
560 3639 874 3706 παρόντος,
911 3641 950 3710 ἦ
973 3643 1167 3712 μόνον
1193 3644 1258 3698 τὸ
1293 3645 1450 3713 ῥᾷον
1480 3648 1750 3713 ,βλάπτε-

190 3728 338 3778 σθαι
365 3727 510 3792 πρὸς
544 3728 760 3797 αὐτῶν,
789 3731 913 3797 ὅσῳ
948 3733 1055 3788 τοῦ
1083 3735 1386 3805 ἐμφανοῦς
1409 3739 1477 3794 τὸ
1505 3739 1750 3794 διαλαν-

193 3811 380 3867 θάνω·
408 3816 931 3888 ιὶφυλακτότερον;
974 3823 1158 3879 Ἀλλὰ
1181 3825 1310 3894 γὰρ,
1330 3829 1381 3880 el
1403 3827 1586 3894 δοκεῖ,
1609 3847 1754 3900 συγ-

193 3904 554 3972 κεχωρήσθω
584 3907 652 3972 ⁸⁸,
696 3908 843 3976 μήτε
881 3910 1091 3966 ἄδικον
1131 3909 1283 3969 εἶναι
1333 3918 1752 3989 τοὺγχείρημα,

187 3997 349 4061 μήτε
377 3996 479 4050 τοῦ
510 3997 840 4067 πρέποντος
863 4002 1280 4074 ἐστερημένον,
1312 4008 1412 4063 καί
1450 4012 1752 4081 decoloret-

195 4090 329 4140 σθω
371 4087 444 4142 τὰ
475 4090 719 4158 Περσῶν
754 4093 870 4162 ἤθη
896 4095 1115 4160 ,βέϐαια
1147 4099 1244 4154 zeal
1291 4103 1478 4156 πιστὰ
1517 4101 1617 4156 zeal
1658 4097 1756 4161 οἵα

197 4177 527 4244 διαπαντὸς
572 4183 848 4252 ἐμμένειν
886 4187 1017 4255 ταῖς
1056 4189 1372 4261 ἐσομέναις
1400 4193 1753 4263 συνθήκαις.

199 4272 274 4324 Εἰ
304 4271 411 4338 γὰρ
457 4274 551 4326 καὶ
591 4275 776 4330 ταῦτα
811 4278 1060 4346 δοθεῖεν,
1100 4282 1199 4336 zeal
1237 4283 1432 4354 μηδὲν
1464 4286 1608 4355 ἡμῖν
1638 4286 1758 4341 τῶν

1851 3550 2136 3620 taque‘sint
2161 3548 2503 3604 observaturi.
2535 3547 2605 3602 Ut
2635 3548 2772 3602 enim
2805 3548 2964 3602 etiam
2995 3547 3104 3601 ίιιεο
3131 3546 3320 3600 dentur
3356 3545 3433 3598 ni.

1850 3643 2024 3712 hilque
2051 3640 2198 3696 aliud
2225 3641 2372 3694 nobis
2396 3638 2757 3706 impedimenti
2798 3638 2866 3692 sit
2899 3637 3179 3708 reliquum,
3207 3644 3263 3688 at
3294 3635 3428 3690 vires

1854 3743 2049 3786 nostra:
2074 3746 2177 3785 non
2207 3729 2480 3799 sufficient.
2510 3727 2626 3793 Quo
2659 3736 2812 3796 pacto
2838 3727 2976 3781 enim
3005 3726 3073 3779 ad
3102 3725 3235 3778 alios
3263 3733 3430 3778 trans'

1851 3841 2050 3890 eamus,
2078 3839 2196 3876 cum
2217 3824 2365 3876 nobis
2395 3822 2618 3877 Romani
2647 3821 2978 3886 immineant,
2999 3828 3046 3874 et
3068 3818 3276 3890 quidem
3298 3817 3428 3870 adeo

1855 3916 2008 3970 multi
2034 3931 2096 3969 ac
2122 3915 2417 3984 fortissimi,
2437 3916 2625 3986 quique
2649 3912 3112 3984 praestantissimos
3140 3911 3282 3964 nacti
3303 3919 3428 3964 sunt

1855 4007 2040 4062 duces?
2069 4007 2183 4072 Quo
2211 4016 2362 4074 pacto
2389 4023 2509 4062 vero
2534 4007 2695 4062 etiam
2723 4005 2840 4075 ﬁeri
2856 4005 3038 4075 possit,
3067 4012 3125 4057 ut
3151 4018 3254 4056 non
3285 4012 3431 4055 atro-

1858 4100 2126 4154 cissimam
2175 4099 2331 4170 167
2366 4099 2654 4154 vindictam
2697 4085 3055 4160 incurramus,
3092 4095 3160 4149 iis
3197 4093 3426 4164 quidem,

1860 4209 1988 4264 quos
2017 4192 2221 4247 auxilio
2254 4194 2402 4248 nobis
2427 4192 2600 4246 venire
2624 4200 2844 4261 oportet,
2872 4189 3054 4259 procul
3084 4189 3203 4242 hinc
3225 4190 3282 4241 in
3308 4186 3431 4241 lbe-

1862 4284 1945 4338 ria
1977 4283 2340 4337 cunctantibus
2376 4281 2607 4349 lenteque
2643 4281 3081 4349 procedentibus;
3108 4278 3174 4332 iis
3203 4293 3316 4332 vero
3341 4279 3430 4346 qui

200 4363 411 4418 ἄλλων
446 4365 720 4435 ἐμποδὼν
751 4369 943 4438 ἔσται,
978 4373 1142 4427 ἀλλὰ
1182 4374 1255 4430 τὰ
1298 4374 1409 4444 τῆς
1451 4375 1760 4447 δυνάμεως
1793 4425 1803 4449 ,

1834 4380 2112 4449 ,ιιίιὶοηειη
2151 4379 2379 4449 exigent,
2421 4378 2717 4432 universam
2758 4377 3016 4447 regionem
3055 4373 3430 4443 occupantibu‘

201 4459 320 4510 οὐκ
361 4458 614 4526 ἀρκέσει.
661 4461 795 4528 Πῶς
842 4463 952 4534 γὰρ
988 4463 1065 4519 ἂν
1105 4469 1636 4538 μεταχωρήσαιμεν
1668 4470 1760 4540 ἐφ’

1791 4425 1840 4483 ο

1864 4479 1912 4526 et
1941 4472 1995 4524 in
2031 4471 2224 4524 nostris
2256 4469 2470 4524 urbibus
2499 4467 2855 4523 habitantibus
2873 4468 2899 4521 ?

201 4553 470 4621 ἐτέρους.
514 4555 932 4625 ἐφεστηκότων
973 4560 1119 4628 ήμῒν
1188 4554 1309 4616 τῶν
1374 4563 1692 4634 Ῥωμαίων,
1733 4566 1834 4620 zeal
1872 4566 2024 4621 οὕτω
2056 4563 2304 4619 πολλῶν
2348 4565 2449 4618 zeal
2484 4561 2911 4633 ἀνδρειοτάτων
2948 4559 3047 4616 zeal
3077 4561 3196 4616 ὑπὸ
3230 4561 3433 4630 κρατί-

202 4661 380 4710 στοις
404 4648 756 4718 στρατηγοῖς
784 4652 1151 4721 ταττομένων
1167 4655 1212 4688 ⁸¹
1228 4670 1249 4720 ;
1275 4654 1407 4721 Πῶς
1425 4655 1495 4710 δέ
1516 4657 1615 4712 καὶ
1634 4653 1764 4712 οἶόν
1795 4673 1860 4712 τε
1892 4662 1979 4727 μη
2022 4656 2159 4726 οὐχὶ
2215 4657 2431 4723 ποινὰς
2474 4655 2772 4726 ὑποσχεῖν
2849 4654 3248 4722 ἀνηκέστους,
3312 4653 3431 4706 τῶν

197 4738 328 4809 μὲν
353 4739 460 4806 οὓς
487 4742 812 4811 ἐπαμύνειν
846 4743 1040 4814 χρεὼν
1083 4749 1278 4817 πόῤῥω
1311 4763 1428 4804 που
1469 4752 1618 4806 κατὰ
1688 4751 1806 4820 τὴν
1853 4752 2111 4820 Ἰϐηρίαν
2145 4750 2236 4805 ἔτι
2263 4751 2634 4820 μελλόντων,
2672 4749 2772 4804 zeal
2805 4749 3128 4818 ἀνειμένως
3183 4760 3428 4814 impave—

199 4829 428 4898 μένων,
450 4829 569 4885 τῶν
590 4832 659 4886 δὲ
677 4834 1167 4904 τιμωρησομένων
1190 4838 1306 4909 τήν
1324 4856 1390 4895 τε
1413 4840 1612 4910 χώραν
1629 4842 1875 4898 ἅπασαν
1912 4843 1957 4875 ⁸³
1991 4844 2383 4913 κατεχόντων,
2421 4841 2520 4896 καὶ
2586 4841 2718 4910 ταῖς
2783 4841 3097 4913 ἡμετέραις
3171 4843 3430 4894 πόλεσιν

204 4922 606 4975 ἐνοικούντων
620 4939 644 4989 ;

283 5011 374 5077 ιγ’.
407 5011 605 5067 Καίτοι
646 5015 836 5084 φησιν
860 5017 1078 5085 αὐτοὺς
1110 5020 1159 5053 ⁸⁸
1185 5023 1220 5076 ό
1257 5025 1527 5094 γενναῖος
1562 5028 1768 5081 οὐτοσὶ

1946 5022 2029 5076 15.
2058 5021 2241 5088 Atqui.
2273 5031 2328 5074 ut
2362 5020 2583 5091 insignis
2603 5021 2704 5075 iste
2732 5021 2811 5074 vir
2842 5020 2942 5082 ait,
2967 5035 3030 5074 ne
3060 5019 3292 5089 primum
3317 5023 3434 5091 qui-

198 5101 365 5173 μηδὲ
388 5101 500 5170 τὴν
520 5103 711 5174 ὁρμὴν
731 5107 1185 5178 ὑποστήσεσθαι
1213 5112 1382 5181 ήμῶν
1407 5114 1478 5181 ⁸⁸,
1500 5116 1772 5182 παραδείο

1875 5118 1991 5169 dem
2017 5124 2249 5167 nostrum
2273 5114 2515 5182 impetum
2545 5111 2892 5180 sustinebunt,
2921 5121 3226 5183 argumento
3255 5128 3321 5168 ex
3342 5115 3410 5168 iis

1488 5311 1722 5368 VARUE
1759 5313 2157 5371 LECTIONES.

283 5479 591 5570 illi???
635 5482 680 5535 “
719 5481 1117 5570 ’((Ξιολμηλασε
1158 5486 1328 5570 “'18-.
1370 5487 1914 5570 .-⁷³·συλὶςι⁶ομένειξν
1972 5490 2042 5570 ξίν
2097 5491 2623 5570 ευλλαμδανοξένων
2664 5493 2860 5570 πιθα..
2913 5494 2959 5525 ’⁸
3001 5491 3330 5570 ἀειὶμςρρραη
3365 5490 3430 5570 lt-

209 5550 1053 5642 jfjeogeoéyﬂgyjlis‘txeﬁia;
1071 5570 1182 5642 oin:
1202 5550 1280 5642 ίιιξ
1298 5550 1771 5642 ,Ιείιιέτεκινδύγςυὶο
1800 5563 1949 5642 solus
1977 5550 2148 5642 Lugd.
2182 5550 2282 5632 pro'
2295 5550 2696 5642 guo_t;I._corr._
2716 5550 2991 5642 κῖνξύνους
3039 5550 3124 5642 ,π’
3145 5550 3273 5642 ι’ξῇν
3296 5559 3430 5642 squ.

215 5619 346 5704 g’ar.
405 5619 465 5704 :7
495 5621 773 5704 quoin
794 5619 878 5677 RQ'
939 5619 994 5704 ’ξω
1044 5626 1138 5704 καὶ.
1193 5635 1318 5680 ante
1335 5619 1578 5704 Ῑιεθεζενι.
1610 5629 1830 5704 δρᾶ-..εξ
1862 5630 1908 5684 R
1940 5640 1996 5686 et
2032 5619 2334 5704 iﬁtprivel.‘
2425 5634 2471 5704 τέ
2502 5633 2607 5688 Pro
2637 5633 2746 5704 γὰρ
2795 5633 2938 5704 Par.
2968 5619 3120 5704 καὶ.-
3186 5619 3436 5704 “fl-inv

215 5688 1065 5787 ἷῗτέἲὲ.ΞῑέὲἶελτέέέἔηΥῗὲἒη
1091 5695 1147 5787 Ῑῖ
1172 5688 1613 5787 Ἣὶιείίωεήσθαξ
1635 5688 2359 5787 “.ςο¹ο);.σεδγκεκῴρείῖθω.
2377 5703 2562 5787 νιειπο..
2701 5688 3051 5787 ὲετξιγμένίοιν
3090 5701 3156 5787 ῐὶο

3251 5701 3308 5730 ⁸³
3335 5701 3434 5752 τήν

215 5701 377 5772 ἐσται
407 5701 470 5751 ti,
498 5701 647 5774 ἐσται
677 5701 836 5778 πλεογ
872 5701 1018 5775 vulg.
1091 5701 1136 5726 '"
1173 5701 1608 5784 συγκεχωρήσθω
1635 5701 1678 5750 R
1706 5701 1853 5769 (CL).
1887 5701 2340 5772 συγκεχώρείσθω
2377 5703 2523 5772 vulg.
2633 5705 2679 5734 "
2703 5701 3051 5774 τεταγμένων
3090 5701 3156 5756 R.
3251 5701 3308 5730 ”
3335 5701 3431 5821 τίὶν

213 5775 493 5846 οξεῖχῳραγ
516 5777 742 5846 mnam:
769 5779 865 5846 την
885 5780 1065 5846 χῶραν
1090 5781 1150 5846 ’ξε
1172 5766 1313 5846 vulg.
1414 5767 1462 5796 “
1487 5767 1654 5846 ευτὸί
1682 5765 1748 5821 R.
1779 5837 1805 5846 _
1838 5769 1884 5800 ⁸⁸
1913 5772 2310 5844 ὑποστήσεσθαι
2335 5774 2496 5844 ἡμῶν
2525 5772 2588 5842 Β,
2613 5773 2768 5846 ἡμῶν
2797 5772 2891 5830 ὑπ.
2927 5773 3052 5844 vulg
3119 5771 3343 5842 ἔναγχος
3369 5768 3386 5822 Ι
3421 5813 3431 5831 .

213 5829 403 5898 Lugd.
434 5841 489 5886 et
519 5830 679 5901 impr.
708 5829 865 5899 paulo
880 5829 1019 5898 ante,
1046 5835 1132 5890 ed.
1166 5850 1244 5899 pr.
1265 5829 1610 5900 Evamgl’ar.
1639 5837 1864 5903 Evaréc.
