4212 6438
790 395 919 462 1431

2012 408 2367 469 ΑΟΑΤΗΙᾹΞ
2421 411 2911 473 SCHOLASTICI

3908 413 4050 477 1432

787 531 903 585 qua:
929 516 1091 586 paulo
1119 525 1250 610 ante.
1267 519 1592 586 acciderunt,
1634 533 1862 594 sumpto.
1907 523 1974 576 At
1994 526 2111 595 quis
2143 527 2355 595 ignora-
2380 532 2450 593 Α,

2390 532 2427 589 Α
2449 544 2590 596 ματι
2648 528 2948 598 χρώμενος
2998 530 3124 598 τοῖς
3169 532 3427 602 ἔναγχος
3462 533 3902 599 συμεεθηκόσι.
3943 530 4053 583 Καὶ

790 612 918 665 verit
949 609 1200 665 bellorum
1228 609 1610 668 vicissitudines
1641 634 1965 687 nequaquam
2004 629 2149 673 certa
2181 636 2362 674 neces~

2460 622 2550 687 τίς
2575 622 2932 693 ἀγνοήσειεν
2974 624 3054 679 ἂν
3092 626 3174 690 ὡς
3219 625 3327 694 τὰς
3351 627 3470 680 τῶν
3496 625 3782 695 πολέμων
3821 625 4053 691 τροπὰς

787 706 945 758 sitate
972 704 1240 771 accidere;
1261 723 1356 760 nec
1376 723 1461 761 eos
1491 708 1580 777 qui
1615 724 1752 763 nunc
1785 709 1921 778 forte
1949 710 2085 765 male
2107 728 2216 766 rem
2243 730 2358 783 ges-

789 804 989 859 serunt,
1017 797 1231 865 perinde
1249 798 1522 853 adversam
1552 818 1751 870 semper
1769 802 2041 870 fortunam
2060 804 2360 860 habituros?

793 884 936 939 Nam
957 903 984 940 e
1010 890 1280 943 contrario
1303 891 1523 944 victoria
1553 893 1848 961 frequenter
1869 895 1939 947 ad
1960 895 2121 948 victos
2145 897 2356 962 transit,

788 988 836 1032 et
869 978 1101 1048 fortuna
1132 983 1505 1037 adversitatem
1537 985 1798 1038 emendat.
1829 985 1948 1040 Non
1973 995 2174 1055 oportet
2197 988 2362 1057 igitur

789 1087 906 1138 nos,
947 1075 1162 1138 perinde
1197 1092 1259 1128 ac
1306 1077 1355 1131 si
1374 1093 1470 1146 pro
1513 1095 1609 1132 suo
1641 1094 1784 1134 more
1823 1089 1874 1133 et
1910 1080 2276 1135 consuetudine
2307 1081 2362 1135 in

791 1169 1034 1224 omnibus
1079 1171 1320 1242 deinceps
1357 1173 1560 1242 pra’liis
1594 1184 1767 1229 essent
1811 1175 2157 1241 succubituri,
2199 1193 2362 1246 supra

793 1261 1004 1316 modum
1035 1279 1147 1318 esse
1175 1265 1517 1334 conﬁdentes.
1554 1264 1614 1322 Si
1642 1269 1781 1322 enim
1809 1284 1870 1322 eo
1890 1268 2002 1322 solo
2041 1269 2251 1339 fuerunt
2285 1270 2362 1325 vi-

791 1360 884 1422 cti,
914 1358 1056 1428 quod
1078 1376 1181 1414 non
1213 1361 1365 1422 satis,
1393 1362 1520 1431 quid
1551 1363 1692 1432 facto
1721 1379 1850 1431 opus
1872 1372 2025 1430 esset,
2061 1365 2362 1433 perpendis-

789 1461 925 1518 sent,
969 1451 1117 1506 nobis
1159 1453 1371 1522 quidem
1399 1456 1496 1508 hoc
1524 1454 1812 1519 exemplum
1847 1456 1902 1509 in
1941 1465 2180 1509 nostrum
2209 1473 2364 1510 usum

790 1554 868 1600 est
903 1549 1323 1614 convertendum,
1371 1558 1421 1604 et
1457 1547 1820 1617 prccavenda.
1865 1565 1984 1618 qua:
2019 1551 2364 1604 temeritatem

795 1639 1102 1708 consiliique
1146 1642 1591 1710 prwcipitantiam
1645 1652 2066 1712 consequuntur,
2107 1643 2361 1712 pericula.

796 1724 978 1795 Neque
999 1727 1138 1780 enim
1157 1743 1222 1782 ea:
1261 1729 1532 1795 prieterito
1564 1745 1693 1782 casu
1732 1739 1930 1783 certam
1958 1729 2107 1784 nobis
2139 1731 2204 1784 de
2233 1731 2364 1800 ipsis

792 1819 1067 1872 victoriam
1098 1835 1377 1888 possumus
1398 1821 1656 1891 polliceri.
1682 1821 1967 1876 Verisimile
1984 1822 2123 1874 enim
2149 1832 2249 1884 est,
2275 1839 2364 1878 eos

792 1911 882 1980 qui
919 1921 1079 1964 antea
1109 1923 1378 1978 errarunt,
1417 1914 1734 1979 experientia
1760 1913 1875 1982 ipsa
1899 1913 2024 1983 quid
2057 1913 2362 1983 fugiendum

793 2005 886 2067 sit,
913 2004 1146 2069 edoctos,
1169 2006 1226 2058 id
1249 2005 1388 2074 quod
1414 2005 1666 2059 omissum
1690 2005 2076 2076 neglectumque
2099 2006 2223 2075 fuit,
2257 2024 2365 2061 ma-

786 2096 906 2165 jore
928 2096 1167 2165 deinceps
1200 2098 1257 2150 in
1291 2098 1446 2152 rebus
1475 2097 1713 2167 gerendis
1743 2115 1874 2152 cura
1917 2109 2363 2168 compensaturos.

794 2187 858 2243 Si
883 2204 1001 2242 vero
1044 2188 1185 2244 Deus
1215 2191 1345 2260 ipsis
1393 2191 1554 2262 168
1583 2202 1658 2245 est
1713 2192 1950 2259 infensus
1997 2193 2060 2246 ob
2103 2193 2364 2262 nefariam

791 2283 985 2337 credent
1011 2283 1367 2349 commissam,
1397 2285 1616 2353 ideoque
1649 2285 1788 2339 hisce
1830 2285 1984 2339 malis
2013 2285 2364 2354 afficiuntur;

791 2375 920 2445 quid
951 2391 1080 2444 opus
1105 2384 1182 2429 est
1206 2376 1370 2429 etiam
1399 2393 1494 2430 nos
1527 2378 1574 2430 ei
1617 2378 1816 2437 adesse.
1864 2385 2196 2448 nostramque
2241 2395 2364 2448 ope-

794 2485 908 2521 ram
952 2468 1208 2537 conferre,
1248 2469 1464 2538 perinde
1510 2480 1665 2540 atque
1689 2472 1735 2524 si
1784 2471 1873 2524 ille
1917 2487 2010 2540 per
2051 2488 2106 2525 se
2137 2471 2369 2540 justitite

793 2563 1098 2617 exercenda:
1129 2579 1233 2616 nou
1259 2564 1546 2632 sufﬁceret,
1570 2564 1662 2618 sed
1698 2575 1884 2635 nostra
1927 2565 2131 2619 auxilio
2162 2565 2366 2635 indige-

794 2657 910 2710 ret?
934 2654 1123 2720 Qualis
1147 2671 1267 2709 vero
1289 2655 1576 2726 impietatis
1607 2673 1846 2711 excessus
1870 2658 1991 2710 aliis
2021 2659 2364 2727 relinquetur,

792 2751 839 2802 si
867 2765 1127 2802 summam
1150 2750 1287 2802 hanc
1315 2749 1599 2804 bonitatem
1628 2763 1810 2804 nostra
1837 2751 2124 2820 defectione
2143 2761 2368 2805 conteru-

795 2857 1021 2907 namus,
1057 2857 1176 2911 qua:
1221 2843 1381 2895 etiam
1413 2843 1559 2897 nobis
1600 2845 1975 2912 quiescentibus
2021 2861 2113 2898 nos
2157 2845 2237 2898 uti
2269 2861 2369 2913 par

793 2949 868 2988 est
897 2943 1190 3004 propugnat
1214 2933 1424 2988 ?Nemo
1451 2937 1628 3004 itaque
1648 2936 1795 2989 nobis
1818 2948 2076 2988 mortuum
2102 2935 2368 2989 Gubazem

794 3028 962 3081 verbis
985 3028 1040 3080 in
1070 3028 1299 3081 medium
1323 3029 1556 3082 adducat
1589 3045 1777 3098 parum
1807 3028 2035 3082 viriliter
2060 3029 2366 3098 ejnlantem,

796 3129 846 3173 et
885 3120 1163 3188 populares
1213 3137 1338 3175 suos
1377 3121 1680 3190 suppliciter
1705 3132 1962 3187 orantem,
1999 3132 2055 3174 ut
2079 3123 2163 3175 sui
2209 3126 2368 3176 mise-

797 3223 1033 3280 reantur,
1056 3213 1238 3284 plagas
1261 3215 1468 3283 corpori
1495 3231 1590 3268 suo
1615 3215 1846 3284 inflictas
1880 3214 2208 3268 ostentando.
2238 3217 2368 3269 Htvc

795 3306 934 3359 enim
966 3306 1163 3360 vitiosis
1208 3307 1622 3378 eﬁemirtatisque
1651 3309 1843 3360 animis
1899 3308 2142 3377 fortassis
2185 3324 2368 3360 conve-

797 3399 971 3456 niant.
1008 3415 1336 3469 nequaquam
1365 3416 1485 3455 vero
1537 3401 1843 3453 ascribenda
1871 3411 1991 3455 sunt
2026 3402 2134 3471 regi
2186 3410 2234 3453 et
2254 3401 2371 3470 qni-

796 3494 912 3545 tlem
947 3490 1232 3558 Lazarum,
1276 3504 1431 3562 atque
1467 3495 1597 3546 adeo
1628 3495 1872 3548 Gubazaz.
1909 3492 1969 3546 Si
1993 3494 2132 3546 enim
2163 3493 2253 3546 ille
2281 3510 2368 3545 co-

799 3601 912 3637 ram
946 3587 1171 3647 adesset.
1209 3586 1438 3655 graviter
1467 3595 1623 3644 certe.
1657 3595 1830 3647 utpote
1859 3585 1975 3654 pius
2017 3593 2068 3639 et
2117 3585 2368 3638 cordatus

798 3677 897 3739 vir,
951 3693 1045 3729 nos
1082 3675 1397 3743 ejuscemodi
1444 3677 1667 3729 consilia
1700 3677 1958 3744 agitantes
2011 3674 2366 3740 insimularet,

790 3767 1098 3838 juberetque
1129 3785 1230 3822 non
1262 3769 1340 3822 ita
1369 3769 1558 3821 animis
1590 3770 1776 3820 radere
1805 3780 1961 3837 atque
1985 3767 2366 3834 elanguescere.

797 3871 849 3914 et
878 3861 1119 3916 servilem
1157 3863 1213 3914 in
1259 3862 1471 3913 modum
1507 3862 1942 3930 aufugere:quin
1982 3860 2153 3927 potius
2193 3861 2370 3911 animo

801 3954 1046 4010 Colchico
1077 3964 1124 4009 et
1146 3953 1355 4008 liberali
1376 3964 1639 4021 resumpto
1668 3969 1957 4008 (erumnam
1979 3953 2188 4021 fortiter
2210 3953 2372 4005 susti-

798 4065 937 4113 nere,
962 4059 1012 4102 et
1029 4047 1164 4102 nihil
1193 4057 1341 4116 turpe
1363 4047 1654 4117 patriisque
1675 4045 1906 4100 moribus
1936 4046 2206 4115 indignum
2229 4060 2372 4097 com-

799 4142 1048 4204 mittere;
1078 4139 1167 4195 sed
1197 4139 1440 4209 prazsenti
1478 4155 1652 4192 rerum
1685 4139 1848 4191 statui
1876 4139 2136 4199 insistere,
2172 4145 2370 4189 certam

799 4235 1054 4306 fiduciam
1112 4233 1459 4299 concipientes
1503 4231 1736 4285 divinum
1796 4229 2060 4282 auxilium
2107 4227 2371 4283 Colchico:

798 4328 939 4398 genti
981 4341 1306 4396 nequaquam
1333 4325 1656 4392 defuturum.
1698 4323 1926 4376 Proinde
1962 4337 2062 4391 quo
2089 4330 2240 4388 pacto
2267 4336 2371 4372 non

799 4419 1124 4473 vehementer
1167 4416 1455 4470 absurdum
1493 4416 1674 4486 fuerit,
1727 4416 1826 4484 ipsi
1871 4416 2082 4487 quidem
2120 4415 2370 4469 violenter

798 4511 1074 4581 interfecto
1104 4509 1456 4563 uerisimiliter
1473 4509 1579 4563 lucc
1608 4505 2020 4578 probari,'uobis
2051 4507 2209 4579 169
2229 4523 2367 4571 vero,

801 4603 1208 4660 benevolentiam
1253 4617 1378 4672 ergo
1421 4603 1592 4670 ipsum
1631 4601 2052 4669 prwtexentibus,
2097 4601 2368 4653 contraria

798 4696 1122 4751 deliberari?
1144 4694 1251 4751 Sed
1275 4711 1469 4758 vereor,
1500 4711 1565 4748 ne
1595 4695 1670 4747 vel
1697 4710 1758 4746 ea
1779 4693 1893 4746 sola
1924 4693 1988 4746 de
2016 4709 2199 4757 causa,
2229 4692 2367 4761 quod

799 4791 910 4842 lucc
954 4787 1130 4840 animo
1189 4786 1602 4857 cogitationeque
1653 4785 2055 4854 agitaverimus,
2103 4784 2366 4836 maximas

800 4895 978 4952 poenas
1013 4879 1177 4933 simus
1211 4879 1458 4932 subituri.
1490 4876 1550 4931 Si
1591 4878 1729 4930 enim
1753 4877 1952 4930 incerta
1983 4892 2069 4944 spe
2109 4875 2367 4944 dubioque

799 4982 982 5026 eventu
1007 4981 1056 5023 et
1079 4969 1238 5023 variis
1266 4970 1320 5023 in
1345 4971 1598 5022 utramvis
1623 4979 1823 5036 portent
1843 4967 2112 5018 momentis
2142 4965 2365 5018 obnoxio

799 5063 1144 5129 defectionem
1176 5062 1346 5114 moliti
1378 5078 1631 5123 essemus,
1675 5070 1791 5113 erat
1829 5058 2062 5129 profecto
2087 5059 2246 5110 etiam
2273 5057 2366 5108 hoc

802 5169 981 5222 grave,
1019 5153 1071 5205 in
1106 5161 1376 5205 tantarum
1410 5169 1585 5206 rerum
1613 5165 1758 5204 motu
1785 5169 1818 5204 a
1857 5150 1971 5203 sola
1999 5148 2215 5218 fortuna
2243 5162 2368 5214 pen-

802 5246 958 5310 dere;
993 5245 1226 5299 licuisset
1269 5256 1441 5298 tamen
1482 5245 1707 5314 fortasse
1761 5244 1848 5308 iis,
1891 5242 1982 5312 qui
2021 5241 2116 5294 hoc.
2161 5239 2368 5292 consilii

805 5347 1068 5410 ceperant,
1099 5339 1314 5393 liberius
1345 5337 1796 5408 impudentiusque
1819 5336 1871 5389 id
1895 5335 2126 5404 aggredi.
2165 5332 2224 5386 Si
2249 5348 2368 5386 vero

2459 717 2571 770 οὐκ
2624 715 2725 770 ἐπὶ
2763 718 2972 784 ῥητοῖς
3017 718 3250 788 ἀνάγκῃ
3305 720 3678 788 συμϐαίνειν,
3707 717 3863 772 οὐδὲ
3913 734 3970 769 τι
3988 719 4055 782 in;

2459 806 2578 860 νῦν
2604 808 2951 876 σφαλέντας
2983 808 3175 877 τυχὸν
3199 809 3320 863 τῶν
3357 811 3578 879 ὁμοίων
3607 808 3700 863 ἀεὶ
3737 813 4051 878 usta-la?“

2459 897 2669 968 χάνειν
2695 901 2745 933 ³⁸
2771 899 3274 970 ἀποτευγμάτων;
3305 903 3667 956 Τοὺναντίον
3709 902 3831 970 γὰρ
3864 902 3953 964 ὠς
3987 901 4054 952 τὰ

2462 993 2665 1046 πολλὰ
2712 992 2865 1062 πρὸς
2911 997 3055 1061 τοὺς
3096 994 3461 1062 ἡττηθέντας
3485 993 3532 1028 ³⁷
3573 995 3613 1062 ὴ
3649 995 3800 1059 νίκη
3833 991 3925 1064 [Ρ.
3964 993 4052 1062 8δῖ

2454 1084 2708 1154 μέτεισι,
2744 1087 2842 1140 καὶ
2887 1087 2957 1141 τὸ
2984 1086 3336 1156 δυσφοροῦν
3363 1087 3772 1155 ἐκθεραπεύει.
3815 1087 3905 1138 Οὐ
3939 1084 4052 1153 χρὴ

2461 1179 2670 1233 τοίνυν
2694 1178 2874 1248 ἡμᾶς,
2911 1178 3176 1248 καθάπερ
3216 1179 3556 1248 εἰθισμένον
3595 1177 3815 1242 αὐτοῖς
3863 1181 4056 1230 τολοιο

2462 1272 2582 1325 πόν
2615 1272 2686 1325 ἐν
2723 1269 2991 1338 άπάσαις
3019 1271 3149 1338 ταῖς
3180 1271 3566 1340 συμπλοκαῖς
3596 1269 4055 1329 ἐλασσοῦσθαι,

2463 1362 2614 1432 πέρα
2637 1361 2746 1417 τοῦ
2763 1363 3008 1432 μετρίου
3025 1362 3280 1430 θαρρεῖν.
3309 1365 3380 1416 El
3395 1362 3512 1431 μέν
3535 1361 3646 1430 γὰρ
3668 1360 3877 1422 τούτῳ
3898 1359 4059 1426 μόνῳ

2463 1455 2828 1524 νενίκηνται,
2849 1454 2930 1520 τῷ
2940 1455 3026 1524 μὴ
3048 1455 3120 1508 τὰ
3135 1455 3350 1510 δέοντα
3367 1453 3852 1520 βεϐουλεῦσθαι,
3878 1466 4059 1519 apoc-

2463 1547 2674 1602 εκτέον
2695 1549 2813 1616 μέν
2836 1546 2982 1618 ἡμῖν
3024 1547 3174 1613 τῷδε
3206 1547 3450 1617 μᾶλλον
3480 1545 3558 1610 τῷ
3590 1544 4057 1614 παραδείγματι.

2465 1640 2563 1696 καὶ
2591 1640 3050 1710 προφυλακτέον
3089 1639 3140 1672 ⁸³
3173 1639 3317 1706 τοὺς
3350 1639 3421 1693 ἐκ
3455 1637 3566 1706 τῆς
3593 1637 3909 1700 ἀϐουλίας
3939 1652 4058 1687 κιν-

2467 1734 2709 1800 δύνους.
2733 1733 2816 1786 Οὺ
2832 1731 2964 1800 μὴν
2983 1731 3291 1800 πρόδηλον
3309 1729 3589 1784 ἐντεῦθεν
3608 1729 3868 1782 οἴεσθαι
3889 1725 3986 1780 δεῖ
4003 1726 4058 1778 τὸ

2459 1825 2684 1895 ῥᾳδίως
2723 1822 2924 1878 αὐτῶν
2954 1823 3354 1892 περιέσεσθαι.
3391 1821 3570 1885 Εἰκὸς
3610 1821 3731 1889 γὰρ
3765 1821 4062 1886 πρότερον

2463 1920 2950 1990 ἁμαρτήσαντας,
2997 1921 3096 1975 καὶ
3149 1919 3247 1974 διὰ
3293 1919 3405 1987 τῆς
3435 1919 3646 1985 πείρας
3688 1916 3890 1970 ὁποῖα
3926 1933 4060 1984 ρετ-ν

2465 2017 2642 2068 κτέον
2661 2012 3196 2083 πεπαιδευμένους,
3231 2014 3327 2067 και
3357 2011 3502 2065 αὐτὸ
3534 2008 3613 2078 δὴ
3640 2009 3717 2063 τὸ
3748 2009 4060 2077 παροφθὲν

2463 2106 2955 2162 ἀνακαλέσασθαι
2974 2105 3049 2174 τῇ
3065 2107 3197 2174 περὶ
3218 2105 3336 2159 τῶν
3350 2103 3573 2173 ἑςεξῆς
3597 2102 3936 2172 ἐσομένων
3947 2103 4060 2156 ἐπι-

2459 2201 2692 2271 μελείᾳ.
2721 2202 2791 2254 ει
2813 2199 2883 2254 δὲ
2907 2200 2976 2254 τὸ
3001 2199 3174 2255 Θεῖον
3202 2199 3408 2264 αὐτοῖς
3437 2199 3802 2268 χαλεπαίνει
3829 2196 3948 2264 τῆς
3973 2195 4058 2246 ἐπὶ

2463 2290 2546 2356 τῷ
2572 2289 2822 2359 κειμένῳ
2870 2291 2916 2323 ⁸⁸
2959 2291 3352 2360 παρανομίας,
3381 2287 3479 2342 καὶ
3511 2288 3707 2355 ταύτῃ
3759 2289 4054 2340 κεκάκωτ-

2464 2401 2578 2448 ται,
2610 2383 2670 2436 τί
2697 2381 2795 2436 δεῖ
2825 2383 2925 2437 καὶ
2959 2381 3118 2453 ἡμᾶς
3154 2380 3428 2449 παρεῖναι
3475 2379 3575 2434 καί
3602 2378 4062 2447 συνεπιλαμεά-

2463 2496 2614 2541 νειν,
2638 2475 2842 2544 ὥσπερ
2883 2477 2996 2530 οὐκ
3030 2473 3446 2543 ἐπαρκοῦντος
3477 2473 3723 2527 ἐκείνου
3759 2473 3838 2526 τὰ
3869 2472 4066 2525 δίκαια

2465 2569 2704 2640 δρᾶσαι,
2735 2568 2896 2624 ἀλλὰ
2925 2567 3038 2638 τῆς
3065 2567 3136 2631 ἐξ
3164 2565 3336 2637 ἡμῶν
3363 2567 3720 2634 ἐπικουρίας
3767 2565 4065 2631 προσδεο-

2459 2663 2688 2734 μένου;
2721 2663 2870 2719 Ποία
2898 2662 2968 2716 δέ
3016 2680 3107 2728 τις
3148 2659 3227 2716 ἂν
3271 2660 3551 2724 ἀσεϐείας
3585 2659 3923 2726 ὑπερϐολὴ
3954 2657 4068 2710 ἐτέ-

2460 2775 2592 2827 ροις
2619 2759 2988 2826 λελείψεται,
3020 2756 3078 2808 ετ
3104 2772 3169 2824 γε
3193 2753 3330 2807 τόδε
3374 2755 3441 2808 τὸ
3472 2751 3704 2822 ἀγαθὸν
3745 2751 4069 2820 ἀτιμάσαι-

2463 2867 2578 2919 μεν
2599 2847 2674 2918 τῇ
2692 2847 3082 2918 μεταστάσει,
3114 2845 3260 2914 ὅπερ
3285 2845 3332 2876 ³⁸
3353 2845 3450 2897 καὶ
3476 2844 3880 2912 ἠρεμούντων
3903 2841 4072 2909 ἡμῶν

2466 2941 2799 3012 ύπερμαχεῐ
2828 2940 3291 3010 προσηκόντως;
3320 2936 3543 3004 Μηδεὶς
3585 2937 3804 2990 τοίνυν
3841 2936 4000 3005 ἡμῖν
4026 2936 4068 2967 ’⁸

2469 3036 2575 3090 τὸν
2626 3036 2920 3090 τεθνεῶτα
2961 3030 3270 3102 παραγέτω
3305 3029 3492 3097 δῆθεν
3556 3028 3638 3092 τῷ
3680 3032 3857 3097 λογῳ
3929 3030 4075 3082 λίαν

2468 3127 2735 3199 ἀγέννως
2763 3127 3232 3196 ὀλοφυρόμενον,
3258 3123 3356 3176 καὶ
3382 3122 3728 3176 ἱκετεύοντα
3751 3122 3910 3188 τοὺς
3944 3127 4074 3190 ὁμο-

2394 3241 2437 3298 c
2468 3223 2702 3291 gulovc
2729 3220 2934 3272 οἴκτου
2961 3217 3170 3287 τυχεῖν
3196 3216 3275 3283 τῷ
3301 3217 3416 3282 τὴν
3444 3215 3693 3285 σφαγὴν
3719 3213 4075 3268 ἐπιδεικνύ-

2471 3329 2587 3368 ναι.
2624 3301 2813 3367 Ταῦτά
2846 3309 2956 3378 γὰρ
2977 3308 3307 3379 μοχθηραῖς
3332 3307 3450 3377 μὲν
3483 3307 3711 3376 ψυχαῖς
3742 3308 3846 3360 καὶ
3879 3308 4074 3361 ἄνπάνυ

2470 3407 2631 3474 δροις
2681 3405 2827 3470 ἴσως
2858 3403 3108 3471 ἁρμόσει
3136 3403 3204 3468 θ’,
3239 3405 3311 3456 οὐ
3333 3402 3462 3470 μὴν
3485 3400 3886 3470 προσαπτέον
3912 3402 4073 3454 αὐτὰ

2465 3496 2714 3562 ,βασιλεῖ
2743 3503 2842 3549 καὶ
2868 3493 3063 3552 λαζῶν
3100 3495 3198 3548 καὶ
3227 3492 3518 3561 Γουϐάζῃ.
3569 3495 3638 3547 El
3677 3492 3792 3560 γὰρ
3822 3493 4072 3558 ἐκεῖνος

2469 3589 2727 3644 ἐνταῦθα
2781 3587 3004 3657 παρῆν,
3053 3586 3292 3653 πάντως
3340 3586 3438 3652 ἂν,
3477 3585 3581 3640 ἅτε
3625 3584 3702 3651 δὴ
3763 3586 4071 3652 θεοφιλὴς

2469 3679 2624 3747 ἀνὴρ
2673 3681 2930 3750 γεγονὼς
2979 3678 3079 3734 καὶ
3113 3678 3437 3748 φρενήρης,
3487 3675 3901 3744 κατεμέμφετο
3949 3678 4072 3746 μὲν

2471 3775 2630 3842 ἡμᾶς
2655 3775 2701 3806 ⁸³
2730 3772 2976 3826 τοιαῦτα
3002 3769 3517 3839 βουλευομένους
3549 3769 3836 3822 ἐκέλευεν
3866 3769 3963 3823 δὲ,
3978 3771 4067 3838 μὴ

2471 3867 2625 3917 οὓτω
2678 3861 3198 3917 καταπεπτωκέναι
3257 3861 3358 3915 καί
3409 3859 3903 3930 μαλθακίζεσθαι,
3965 3865 4066 3914 καὶ

2470 3958 2877 4026 δραπετεύειν,
2903 3953 3167 4021 καθάπερ
3203 3952 3458 4018 οἰκέτας,
3481 3952 3778 4020 αίρεῖσθαι
3802 3952 3849 3983 ’δ
3871 3967 3891 3982 ο
3922 3971 3991 4020 5:;
4011 3957 4066 4005 ός

2469 4065 2630 4118 νημα
2653 4046 2721 4100 δέ
2741 4045 2983 4116 μᾶλλον
3013 4044 3316 4113 Κολχικὸν
3343 4043 3439 4096 καὶ
3474 4044 3796 4111 ἐλεύθερον
3827 4045 4069 4099 ἀνα-ιιι-

2473 4142 2706 4203 ϐόντας,
2740 4137 3018 4206 ἀντέχειν
3053 4133 3164 4204 τῆς
3195 4131 3514 4204 συμφορᾶς
3551 4135 3926 4202 θαρραλέως,
3965 4139 4069 4191 καὶ

2471 4230 2621 4298 πρὸς
2666 4229 2858 4298 μηδὲν
2909 4227 3025 4297 μὲν
3073 4225 3331 4296 αἰσχρὸν
3376 4226 3476 4278 καὶ
3506 4225 3762 4290 ἀνάξιον
3807 4225 3938 4280 τῶν
3959 4247 4068 4280 πα.

2472 4323 2644 4391 τρίων
2669 4319 2990 4388 ἐξάγεσθαι
3019 4320 3273 4386 τρόπων,
3305 4316 3584 4386 ἐμμένειν
3621 4315 3692 4368 δὲ
3732 4316 3863 4382 τοῖς
3909 4335 4068 4388 παρ-

2473 4415 2613 4470 οὖσι
2656 4415 2755 4466 καὶ
2788 4413 3158 4477 πεποιθέναι,
3184 4411 3266 4476 ὡς
3293 4410 3400 4464 τοῦ
3443 4412 3784 4479 κρείττονος
3828 4412 4067 4478 ἣκιστα

2471 4511 2535 4561 τὸ
2579 4507 2753 4572 ἔθνος
2803 4503 3262 4574 περιοψομένου.
3316 4499 3463 4558 Εἶτα
3508 4501 3636 4568 πῶς
3681 4506 3756 4558 οὐ
3811 4507 4066 4575 σφόδρα

2403 4582 2446 4639 D
2471 4598 2836 4667 παράλογον.
2887 4594 3049 4660 αὐτῷ
3097 4596 3215 4664 μὲν
3275 4593 3359 4661 τῷ
3412 4597 3628 4662 ,βιαίως
3688 4597 4062 4668 ἀνῃρημένη)

2471 4692 2658 4744 ταῦτα
2708 4689 2857 4743 κατὰ
2895 4688 2961 4741 τὸ
2986 4688 3146 4754 εἰκὸς
3170 4687 3336 4757 ἔχειν
3359 4689 3408 4720 ⁹³
3435 4687 3736 4756 δεδόχθαι,
3765 4687 3935 4757 ἡμᾶς
3967 4692 4059 4750 δὲ,

2471 4782 2613 4846 τοὺς
2656 4779 2771 4847 τὴν
2811 4780 2960 4849 πρὸς
3003 4779 3236 4833 ἐκεῖνον
3275 4780 3518 4833 εὔνοιαν
3557 4781 4058 4849 σκηπτομένους,

2473 4875 2758 4928 τάναντία
2783 4873 3150 4926 διανοεῖσθαι
3164 4888 3183 4936 ;
3227 4872 3405 4926 Ἀλλὰ
3432 4872 3675 4942 δέδοικα
3706 4874 3797 4942 μὴ
3824 4875 3926 4926 καὶ
3951 4878 4058 4943 μό.

2470 4985 2583 5021 νου
2620 4965 2797 5035 χάριν
2837 4965 2946 5018 τοῦ
2987 4963 3420 5034 διαλογίζεσθαι
3447 4965 3633 5018 ταῦτα
3663 4965 3762 5018 καὶ
3801 4966 4057 5020 διασκο-

2471 5056 2608 5112 πεῖν
2639 5057 2930 5126 μεγίστας
2977 5054 3278 5124 ύφέξομεν
3327 5055 3518 5120 δίκας.
3548 5058 3619 5108 Εἰ
3649 5054 3915 5124 μὲνγὰρ
3957 5057 4054 5110 ἐπ’

2468 5147 2720 5214 ἀδήλοις
2746 5147 2954 5199 ἐλπίσι
2997 5145 3096 5198 καὶ
3131 5143 3246 5211 τὴν
3269 5143 3362 5212 ἐφ’
3390 5143 3643 5209 ἑκάτερα
3678 5145 3890 5211 ῥοπὴν
3918 5147 4051 5199 ἐπι-

2470 5237 2819 5308 δεχομέναις
2851 5241 2922 5289 τὰ
2958 5235 3069 5303 τῆς
3098 5235 3492 5302 ἀποστάσεως
3520 5236 3662 5303 ἡμῖν
3701 5237 4048 5306 ἑμελετᾶτο.

2471 5329 2550 5402 ἦν
2587 5329 2704 5400 μὲν
2753 5329 2832 5382 ἂν
2879 5330 2975 5382 καὶ
3015 5328 3150 5381 τόδε
3189 5329 3236 5359 ³⁸
3267 5327 3488 5391 δεινὸν,
3533 5328 3633 5380 ἐπὶ
3671 5330 4051 5396 τηλικούτων

2088 5513 2319 5568 VARUS
2346 5510 2746 5567 LECTIONES.

872 5677 918 5705 ⁸⁸⁵
956 5673 1382 5746 μεταλαγχάνειν
1412 5671 1486 5746 Β,
1507 5670 1796 5746 λαγχάνειν
1824 5671 1965 5746 vulg.

805 5749 847 5777 "°
875 5742 1062 5816 ὥσπερ
1117 5743 1182 5816 R.
1285 5742 1532 5816 "diutini
1586 5744 1646 5816 Ii.

807 5816 851 5847 ³³
880 5815 1127 5884 αἴρεσθαι
1161 5815 1226 5866 Β.
1320 5815 1364 5843 ⁸³
1396 5815 1536 5864 κατὰ
1566 5815 1624 5884 τὸ
1652 5815 1755 5884 eiu.
1787 5815 1843 5884 ἐχ

807 5886 850 5918 ’θ
890 5878 979 5939 ua‘:
1008 5886 1125 5946 τόδε
1159 5886 1201 5939 R
1233 5894 1283 5939 et
1315 5885 1475 5952 impr.
1525 5882 1598 5934 vel
1653 5883 1721 5936 id.
1768 5881 1857 5932 XI".
1901 5881 2018 5932 τότε
2063 5878 2183 5948 vulg

1320 5815 1364 5843 ⁸³
1396 5804 1536 5864 κατὰ
1566 5813 1624 5862 τὸ
1652 5812 1755 5862 six.
1787 5809 1863 5877 ἐκ.
1903 5804 1964 5860 It.
1994 5826 2046 5861 κ.
2085 5825 2136 5861 τ.
2175 5808 2282 5872 ciu,
2309 5804 2368 5862 εὖ
2422 5807 2502 5878 ἐχ.
2536 5808 2706 5877 vulg.,
2739 5804 2897 5877 impr.
2936 5819 2990 5860 n3
3025 5807 3066 5859 is

2067 5665 2451 5737 "mxrﬁévm;
2489 5665 2554 5719 R.
2629 5668 2673 5698 ⁸⁸
2706 5665 3142 5737 προσφυλακτέον
3180 5664 3241 5717 R.
3309 5667 3363 5737 ’ξ’
3395 5665 3504 5737 -ὲπὶ
3539 5663 3943 5737 τῶν-κειμένων
3978 5665 4036 5716 li.

1752 5740 1796 5770 ”
1865 5739 2092 5806 ἁρμόσει
2121 5736 2163 5789 Β
2186 5748 2240 5789 et.
2276 5737 2436 5806 inl_pr.
2477 5736 2758 5804 congruit,
2799 5737 3023 5805 ἀρκέσει
3057 5736 3198 5802 \‘tllg.

3305 5734 3350 5765 ”
3387 5735 3530 5802 ὑμᾶς
3570 5735 3717 5799 vulg.
3773 5744 3833 5787 et
3873 5735 4034 5801 impr.

3217 5815 3322 5858 tam
3373 5805 3610 5858 decenter
3650 5804 3764 5859 lure
3809 5815 4035 5857 censeat.
