4212 6438
186 427 323 494 1433

1313 435 1848 498 HISTORIARUM
1882 437 2112 498 LIBER
2146 440 2263 501 III.

3259 438 3394 503 1434

180 542 538 613 πραγμάτων
580 545 810 613 κινήσει
839 546 1029 615 μόνης
1060 546 1351 617 ἠρτῆσθαι
1383 552 1494 619 τῆς
1528 550 1733 619 τύχης.
1763 558 1808 613 Δ
1834 567 1843 620 l

1763 558 1808 613 Α
1834 551 2065 620 pravitas
2089 551 2246 621 hujus
2266 551 2473 606 consilii
2497 561 2546 606 et
2577 552 2718 605 mala
2750 552 2868 605 inde
2888 550 3234 621 exspectanda
3256 554 3396 607 omni

180 633 348 701 πλὴν
374 635 509 689 ἀλλ’
535 635 687 703 ἐξῆν
728 638 874 703 ἴσως
910 638 1033 705 τοῖς
1076 640 1260 693 ταῦτα
1303 626 1733 710 προῃρημένοις

178 724 537 795 ἀδεέστερον
560 728 709 796 γοῦν
727 728 1226 798 ἀναισχυντήσαι.
1251 732 1319 783 El
1345 730 1413 783 δὲ
1441 734 1735 800 πανταχό-

180 819 289 869 θεν
318 817 363 850 "
388 813 695 885 προῦπτον
716 819 1017 875 δείκνυται
1041 821 1108 873 τὸ
1131 821 1339 885 κακὸν,
1369 823 1451 894 ίΡ.
1479 821 1570 892 89]
1610 824 1736 890 πῶς

181 910 256 961 οὐ
282 910 571 978 μισητέον
605 912 823 979 αὐτοὺς
862 915 1138 982 τοιαύτην
1174 915 1417 967 ἔννοιαν
1462 914 1738 982 ἐμϐαλόν-

184 1017 292 1067 τας
322 1003 367 1035 "
394 1018 416 1067 ;
468 1002 565 1069 Ὧς
600 1004 716 1073 μὲν
759 1001 874 1060 οὖν
903 1007 1195 1075 ἀφεκτέον
1222 1007 1364 1075 ἡμῖν
1395 1009 1438 1041 ’⁸
1473 1007 1735 1071 ἐκείνων,

182 1094 285 1147 καὶ
335 1094 413 1162 δὴ
459 1097 709 1164 μετρίως
764 1098 1006 1166 ὲρῤήθη.
1043 1098 1194 1168 Φημὶ
1230 1098 1299 1152 δὲ
1341 1099 1469 1153 δεῖν
1493 1098 1745 1163 ,ϐασιλεῖ

182 1184 305 1237 τῶν
337 1187 636 1256 Ῥωμαίων
664 1188 729 1241 τὸ
763 1191 997 1257 συμϐὰν
1022 1190 1383 1260 ἀναγγεῖλαι,
1424 1192 1501 1257 ὠς
1531 1190 1608 1244 ἄν
1641 1190 1739 1243 ἐν·

181 1274 475 1330 δικώτατα
491 1278 746 1347 μετέλθῃ
770 1279 787 1309 ¹
815 1279 953 1346 τοὺς
990 1280 1097 1333 τοῦ
1122 1281 1457 1349 μιάσματος
1475 1278 1739 1333 αἰτιωτά-

183 1384 347 1435 τους,
374 1369 471 1422 real
512 1372 565 1423 ει
603 1370 719 1439 μὲν
751 1371 1047 1440 ἐθελήσει,
1080 1371 1421 1426 πεπαῦσθαι
1459 1372 1741 1425 τολοιπὸν

184 1459 297 1527 τῆς
321 1461 468 1528 πρὸς
492 1461 814 1531 Ῥωμαίους
842 1462 1142 1531 διαφορᾶς,
1165 1463 1262 1517 και
1296 1463 1612 1533 συνεργεῖν
1633 1457 1741 1518 αὖ·

184 1556 280 1616 θις
311 1553 406 1604 καί
442 1555 976 1620 συστρατεύεσθαι,
1008 1556 1106 1607 καὶ
1137 1555 1253 1607 τῶν
1281 1554 1580 1623 προτέρων
1602 1572 1739 1624 μετ-

182 1643 404 1713 έχομεν
448 1647 470 1672 ⁸
516 1645 1045 1715 συνδιαιτημάτων.
1082 1650 1150 1700 Ei
1193 1646 1261 1700 δὲ
1300 1646 1593 1701 ἀπώσοιτο
1627 1646 1743 1713 τὴν

183 1740 459 1803 ἀξίωσιν,
493 1739 626 1793 τότε
670 1737 747 1805 δὴ
791 1739 1160 1803 ,ϐουλευτέον
1192 1739 1357 1807 ἡμῖν,
1410 1738 1574 1805 εἴπερ
1617 1737 1742 1791 ἐτέ-

177 1854 196 1897 ί
222 1848 301 1884 αν
329 1831 472 1885 ὁδὸν
502 1829 801 1899 τραπῆναι
833 1832 1127 1886 συνοίσει.
1165 1832 1328 1885 οὕτω
1360 1830 1469 1900 γὰρ
1502 1830 1741 1884 ποιοῦν-

1834 659 1901 697 ea:
1932 653 2081 712 parte
2108 655 2228 699 sunt
2264 645 2545 713 conspicua
2577 656 2627 698 et
2652 644 2956 714 manifesta,
2991 660 3091 713 quo
3121 651 3272 711 pacto
3298 660 3398 696 non

1838 738 1943 792 sint
1970 738 2113 809 digni
2138 741 2280 805 odio,
2313 740 2403 809 qui
2432 756 2520 793 vos
2549 741 2604 792 in
2633 740 2767 793 hanc
2792 740 3158 809 cogitationem
3177 739 3398 793 induxe-

1832 832 1995 884 runt!
2017 830 2288 896 Quomodo
2308 831 2470 900 igitur
2508 830 2874 884 abstinendum
2908 829 3058 883 nobis
3086 830 3148 883 ab
3171 830 3281 882 illis
3305 829 3395 889 sit,

1831 931 1881 976 et
1904 922 2112 991 quidem
2138 922 2402 977 moderate
2438 922 2638 976 dictum
2662 933 2763 976 est.
2797 922 2907 992 Ego
2938 938 3058 976 vero
3101 925 3179 975 ita
3205 922 3397 987 sentio,

1834 1013 2036 1083 factum
2052 1014 2243 1082 ipsum,
2269 1018 2416 1069 itaut
2446 1016 2660 1078 accidit,
2688 1016 2991 1082 imperatori
3015 1031 3125 1069 esse
3148 1015 3399 1067 nuntian-

1834 1104 1979 1169 dum,
2009 1112 2066 1157 ut
2094 1106 2343 1158 nimirum
2380 1105 2677 1173 jnstissime
2717 1105 3099 1158 animadvertat
3132 1106 3187 1156 in
3213 1104 3400 1171 prteci-

1840 1211 1973 1265 puos
2004 1197 2160 1249 credis
2183 1204 2443 1249 auctores.
2488 1195 2637 1261 Quod
2675 1196 2883 1266 quidem
2909 1197 2956 1249 si
2982 1195 3184 1264 fecerit,
3220 1205 3401 1247 nostra

1838 1301 1956 1339 cum
1980 1285 2232 1340 Romanis
2253 1286 2494 1340 simultas
2524 1289 2869 1355 consopietur,
2901 1295 2951 1339 et
2979 1286 3219 1339 laborum
3242 1299 3398 1352 expe-

1838 1376 2196 1447 ditionumque
2222 1378 2522 1431 societatem
2545 1379 2925 1447 pristinamque
2958 1392 3078 1429 cum
3102 1376 3231 1444 ipsis
3274 1390 3402 1428 con-

1838 1468 2163 1522 suetudinem
2189 1469 2677 1541 redintegrabimus.
2710 1467 2765 1521 Si
2790 1483 2907 1521 vero
2935 1466 3191 1535 repulsam
3220 1466 3398 1535 patia-

1846 1575 1982 1620 mur.
2032 1559 2429 1628 uetitiouentque
2480 1569 2712 1612 nostram
2758 1559 2984 1625 rejiciat,
3040 1566 3151 1609 tum
3190 1557 3400 1608 demum

1839 1652 2233 1706 deliberandum
2278 1653 2377 1705 erit
2439 1669 2508 1705 an
2554 1651 2715 1704 aliam
2745 1652 2883 1704 viain
2914 1649 3112 1720 ingredi
3139 1646 3400 1716 expediat.

1845 1741 1934 1796 Ita
1960 1744 2097 1796 enim
2128 1742 2399 1809 facientes,
2426 1759 2586 1812 neque
2617 1743 2813 1796 mortui
2856 1739 3084 1795 ϐιώσειν
3117 1739 3269 1793 obliti
3296 1754 3403 1791 esse

1842 1836 2151 1898 videbimur,
2185 1850 2349 1904 neque
2380 1834 2670 1887 temeritate
2698 1833 2871 1902 potius
2895 1846 3053 1902 quam
3079 1830 3297 1885 consilio
3321 1845 3400 1884 res

188 1942 308 1989 τες.
338 1926 473 1978 οὔτε
513 1923 619 1977 τοῦ
646 1924 1003 1989 τεθνηκότος
1032 1922 1422 1989 ἐπιλελῆσθαι
1465 1922 1742 1990 δόξωμεν
1776 1905 1817 1965 Β
1845 1944 1851 1980 ι

707 1924 1003 1989 ’θνηκότος
1032 1922 1422 1989 ἐπιλελῆσθαι
1465 1922 1742 1990 δόξωμεν
1776 1905 1817 1965 θ
1845 1935 2051 1981 nostras
2078 1925 2370 1979 instituere.

184 2018 286 2079 (ιν,
315 2016 452 2069 οὔτε
488 2017 803 2084 προπετείᾳ
828 2014 1064 2082 μᾶλλον
1092 2015 1131 2082 ἢ
1157 2014 1357 2083 γνώμῃ
1390 2012 1461 2067 τὰ
1485 2013 1739 2083 ἡμέτερα

183 2110 527 2163 διατιθέναι.

262 2199 340 2254 ιδ’.
366 2200 681 2270 Εἰρημένων
712 2198 768 2252 δὲ
797 2196 1135 2259 καὶτούτων,
1172 2195 1517 2266 παλινῳδίαν,
1558 2194 1617 2248 τὸ
1650 2193 1736 2246 λε-

183 2290 433 2358 γόμενον,
462 2284 587 2361 ᾖδον
608 2289 657 2341 οἱ
677 2287 891 2357 Κόλχοι,
929 2285 1021 2339 καὶ
1054 2285 1452 2355 μετεπείθοντο.
1487 2284 1736 2337 Μάλιστα

190 2382 295 2449 γὰρ
318 2380 513 2441 αὐτοὺς
543 2380 622 2441 εἰς
654 2377 811 2431 τοῦτο
831 2376 1095 2447 συνήλασε
1130 2376 1191 2429 τὸ
1217 2375 1468 2439 δεδιέναι,
1508 2376 1579 2446 μή
1605 2392 1736 2429 ποτε

184 2474 313 2545 ἄρα,
342 2475 391 2525 εί
421 2474 767 2543 μετασταῖεν,
790 2468 903 2523 ’καὶ
926 2470 1026 2539 τὴν
1059 2470 1151 2522 ἐπὶ
1190 2468 1265 2538 τῷ
1290 2469 1554 2539 κρείττονι
1585 2469 1742 2532 δόξαν

185 2564 552 2637 ἀφαιρεθεῖεν.
590 2564 805 2636 Ἐπειδὴ
852 2559 946 2617 οὖν
983 2564 1016 2633 ἡ
1060 2562 1156 2616 τοῦ
1200 2562 1480 2632 Φαρτάζου
1505 2562 1526 2592 ⁸
1551 2561 1744 2630 γνώμη

185 2659 362 2721 ἐνίκα,
390 2657 583 2710 αὐτίκα
616 2659 666 2710 οἱ
704 2657 917 2727 ἄριστοι
957 2656 1051 2709 καὶ
1080 2656 1401 2726 εὐπατρίδαι
1430 2654 1523 2707 τοῦ
1559 2653 1744 2717 ἔθνους

198 2749 557 2818 Ἰουστινιανῷ
591 2749 797 2816 βασιλεῖ
834 2748 898 2800 τὰ
938 2747 959 2779 ⁵
988 2747 1078 2799 ἐπὶ
1099 2746 1341 2817 Γουϐἀζῃ
1366 2744 1745 2816 ξυνενεχθέντα

188 2840 501 2913 διήγγειλαν
522 2881 537 2903 ,
569 2842 782 2894 ἅπασάν
811 2841 872 2893 τέ
900 2841 950 2893 οἱ
992 2839 1335 2907 ἁνεκάλυψαν
1373 2840 1471 2909 τὴν
1504 2839 1742 2906 ἀπάτην,

187 2934 263 2995 tiu;
289 2935 489 2995 ἐκεῖνος
519 2933 617 3002 μὲν
646 2932 768 2984 οὔτε
801 2931 1030 3002 μηδίσας
1077 2930 1320 2997 πώποτε,
1360 2929 1483 2983 οὔτε
1535 2929 1664 2983 ἄλλο
1694 2944 1745 2979 τι

188 3024 386 3094 ἄχαρι⁸
429 3023 568 3076 κατὰ
618 3023 901 3092 Ῥωμαίων
943 3021 1369 3091 βουλευσάμενος
1422 3021 1557 3089 ἥλω,
1594 3019 1644 3070 οἱ
1688 3018 1745 3070 δὲ

188 3116 336 3185 ἀμφὶ
356 3115 624 3186 Μαρτῖνόν
640 3131 697 3167 τε
729 3116 822 3167 καὶ⁵
863 3113 1193 3177 Ῥούστικον,
1227 3110 1414 3183 ἐπειδὴ
1439 3111 1617 3172 αὐτοῖς
1642 3108 1747 3161 ὑπὸ

192 3206 474 3280 ῥᾳστώνης
496 3205 644 3275 θαμὰ
673 3204 1057 3273 σφαλλομένοις
1086 3201 1342 3256 ἐπεκάλει
1372 3219 1431 3254 τε
1455 3204 1523 3256 τι
1555 3202 1741 3254 εἰκότα

189 3299 289 3354 καὶ
317 3296 687 3367 ἐχαλέπαινεν,
733 3296 784 3349 οἱ
816 3295 871 3348 δὲ
909 3294 1111 3364 ταύτην
1147 3310 1207 3346 τε
1247 3292 1344 3363 τὴν
1388 3292 1747 3359 συκοφαντίαν

190 3389 437 3459 ἐμηχανή
447 3403 624 3447 σαντο,
641 3386 733 3437 καὶ
761 3386 851 3438 τὸν
871 3385 1018 3439 οὐδὲν
1038 3386 1394 3454 ἡμαρτηκότα
1414 3382 1743 3452 διέφθειραν.

1912 2178 1998 2232 Η.
2031 2175 2126 2231 llis
2162 2176 2339 2241 dictis,
2379 2173 2565 2229 Colchi
2605 2172 2955 2243 palinodiam,
2992 2179 3052 2226 ut
3083 2179 3166 2225 est
3195 2171 3250 2224 in
3278 2184 3403 2239 pro-

1838 2270 2045 2334 verbio,
2075 2269 2384 2325 cecinerunt
2405 2310 2419 2333 ,
2458 2266 2616 2337 170
2637 2266 3065 2333 sententiamque
3093 2271 3401 2327 mutarunt;

1840 2364 2105 2433 praecipue
2151 2379 2279 2416 vero
2331 2362 2477 2433 ipsos
2515 2376 2581 2413 eo
2640 2358 2885 2417 adduxit.
2924 2355 3067 2427 quod
3106 2364 3407 2409 metuerent

1842 2473 1928 2520 ne,
1969 2456 2011 2510 si
2045 2455 2261 2525 quando
2298 2454 2363 2507 ad
2403 2454 2592 2507 Persas
2622 2452 3001 2511 desciscerent,
3055 2459 3195 2503 recta
3242 2448 3402 2501 etiam

1841 2549 1908 2602 de
1937 2548 2044 2601 Deo
2073 2547 2324 2615 opinione
2350 2546 2711 2615 religioneque
2741 2560 2838 2598 sua
2864 2544 3224 2613 privarentur.
3252 2539 3404 2594 Post-

1843 2656 2005 2711 quam
2039 2640 2202 2708 igitur
2238 2638 2517 2693 Phartazis
2552 2636 2819 2691 sententia
2863 2634 3010 2698 vicit,
3053 2635 3233 2688 statim
3262 2631 3406 2701 opti-

1846 2734 1918 2787 mi
1958 2733 2177 2803 quidam
2214 2730 2645 2800 nobilissimique
2677 2729 2942 2783 Colchicaa
2977 2727 3153 2798 gentis
3182 2726 3283 2780 viri
3313 2728 3408 2781 de-

1845 2830 1966 2884 lecti
2001 2838 2149 2893 sunt,
2195 2828 2284 2897 qui
2321 2825 2626 2882 Justiniano
2670 2823 3003 2893 imperatori,
3055 2839 3177 2892 qua:
3208 2822 3262 2877 in
3292 2822 3409 2877 Gu-

1846 2921 2035 2976 bazem
2084 2926 2381 2988 perpetrata
2415 2926 2597 2973 essent
2620 2918 2951 2979 nuntiarent,
2996 2929 3317 2979 omnemque
3360 2913 3407 2965 ei

1846 3011 2096 3065 fraudem
2139 3011 2482 3078 detegerem;
2521 3010 2773 3076 quodque
2815 3006 2900 3059 ille
2957 3005 3176 3075 quidem
3218 3003 3409 3058 Persa-

1851 3115 1969 3153 rum
2006 3098 2247 3168 partibus
2293 3109 2571 3163 nunquam
2604 3092 2921 3154 studuisset,
2950 3106 3124 3161 neque
3150 3090 3410 3145 adversus

1850 3190 2126 3245 Romanos
2162 3187 2366 3257 aliquid
2413 3194 2556 3241 esset
2595 3185 2853 3251 molitus;
2894 3183 3153 3237 Martinus
3189 3197 3318 3236 vero
3360 3191 3412 3235 et

1846 3294 2122 3361 Rusticus,
2149 3293 2292 3363 quod
2338 3291 2459 3347 illos
2498 3306 2608 3361 pra:
2641 3292 2853 3361 ignavia
2892 3290 3254 3359 vecordiaque
3292 3287 3400 3343 fre-

1847 3397 2070 3458 quenter
2106 3395 2351 3439 errantes
2394 3385 2587 3438 merito
2615 3383 2915 3451 increparet
2958 3382 3145 3451 eisque
3182 3397 3409 3435 succcn—

204 3481 445 3532 Ἐδέοντο
469 3478 530 3548 δὴ
556 3472 649 3530 οὖν
679 3478 743 3547 τῇ
772 3474 867 3528 τοῦ
902 3475 1288 3546 κατοιχομένου
1317 3474 1461 3544 ψυχῇ
1496 3474 1654 3527 τοῦτο
1685 3473 1749 3544 δὴ
1778 3462 1818 3517 C
1850 3498 1867 3537 ε

1778 3462 1818 3517 C
1850 3490 2016 3543 seret,
2050 3480 2190 3533 hanc
2218 3478 2318 3548 ipsi
2344 3477 2671 3532 calumniam
2704 3475 3043 3541 strinxissent,
3065 3484 3120 3528 ct
3158 3473 3413 3527 innocen-

191 3575 494 3644 παρασχεῖν
530 3570 590 3623 τὸ
632 3569 1012 3640 χαριστήριον·
1064 3567 1250 3635 ελεγον
1292 3566 1350 3618 δὲ
1396 3566 1496 3618 οὐκ
1538 3565 1666 3618 ἄλλο
1697 3583 1749 3618 τι

190 3668 304 3737 ἄρα
330 3665 361 3735 ἦ
393 3663 532 3716 ὥστε
560 3662 633 3733 μὴ
667 3662 1011 3731 ἀτιμώρητον
1049 3659 1369 3712 καταλιπεῖν
1402 3660 1463 3711 τὸ
1486 3658 1748 3728 ἀδίκημα,

194 3755 419 3827 βασιλέα
458 3755 514 3809 δὲ
559 3754 740 3822 σφίσιν
778 3753 1065 3819 ἐπιστῆσαι
1094 3751 1194 3803 οὐκ
1231 3750 1435 3805 ὀθνεῖόν
1460 3766 1600 3808 τινα.
1630 3749 1751 3802 οὐδὲ

193 3852 488 3922 ὲπηλύτην,
515 3848 648 3903 ἀλλὰ
676 3847 890 3917 Τζάθην
910 3847 999 3898 τὸν
1025 3846 1291 3910 Γουὸαζου
1315 3846 1576 3915 νεώτερον
1600 3843 1751 3897 ἁδελ-

192 3944 298 4012 φὸν
312 3944 408 3994 ⁸’ὲν
433 3941 706 4010 Βυζαντίῳ
734 3941 852 3993 κατ’
871 3941 1044 3992 ἐκεῖνο
1063 3938 1156 3991 τοῦ
1179 3936 1372 4009 καιροῦ
1388 3937 1751 4008 διατρίϐοντα,

190 4037 272 4100 ὡς
299 4034 363 4087 ἂν
389 4035 568 4096 αὐτοῖς
605 4033 764 4086 πάλιν
791 4033 819 4084 ὁ
848 4031 1070 4099 πάτριος
1112 4029 1429 4094 διασώζοιτο
1465 4030 1628 4100 νόμος
1660 4033 1755 4083 καὶ

192 4131 226 4197 ἡ
257 4124 519 4179 ἀνέκαθεν
542 4123 634 4176 τοῦ
670 4122 939 4192 βασιλείου
985 4122 1174 4189 γένους
1202 4121 1510 4191 ἀκραιφνὴς
1548 4122 1741 4190 ὁμολο-

193 4221 313 4288 γία.
360 4218 415 4270 ὐ
443 4216 500 4270 δὲ
535 4217 676 4282 (ὅσια
706 4220 813 4283 γαρ
841 4212 989 4283 αὐτῷ
1024 4214 1195 4265 ἐδόκει
1223 4214 1314 4266 καὶ
1339 4213 1519 4266 δίκαια
1537 4215 1578 4282 ⁷)
1608 4254 1624 4278 ,
1666 4213 1742 4275 ὡς

194 4313 428 4381 τάχιστα
450 4308 710 4371 ἐπετέλει,
743 4306 836 4359 καὶ
857 4304 949 4359 οὖν
985 4304 1313 4367 Ἄθανάσιον,
1345 4305 1441 4357 ἕνα
1464 4304 1750 4376 τῶνπρῶ-

191 4423 268 4457 τα
301 4402 568 4473 λαχόντων
595 4401 652 4451 ὲν
680 4401 745 4468 τῇ
777 4398 1065 4467 συγκλήτῳ
1090 4398 1272 4467 βουλῇ,
1298 4397 1506 4451 ἔστειλε
1531 4398 1749 4451 διασκο-

196 4496 445 4568 πήσοντὰ
461 4510 521 4547 τε
548 4494 607 4546 τὸ
635 4491 871 4562 πραχθὲν
895 4491 953 4553 ἐς
977 4490 1038 4543 τὸ
1062 4490 1305 4561 ἀκριϐὲς,
1329 4492 1424 4544 καὶ
1444 4490 1587 4544 κατὰ
1618 4492 1745 4554 τοὺς

210 4587 496 4656 Ῥωμαίων
517 4586 710 4655 νόμους
730 4581 1033 4654 κρινοῦντα.
1065 4583 1170 4633 Καὶ
1188 4582 1251 4650 δὴ
1281 4582 1745 4653 παραγενόμενος,

208 4680 524 4734 Ῥούστικον
563 4677 661 4747 μὲν
692 4674 849 4738 εὐθὺς
885 4674 978 4736 ὲς⁸
1025 4672 1361 4743 ’Λψαροῦντα
1413 4672 1617 4725 ἔστειλε
1656 4674 1754 4743 τὴν

199 4772 379 4833 πόλιν,
454 4766 668 4837 καὶτῷ
729 4765 908 4837 ἐκείνῃ
978 4763 1331 4834 δεσμωτηρίῳ
1391 4762 1746 4832 ἐγκαθείρξας

199 4863 478 4933 ἐφρούρει.
515 4860 736 4929 Ἰωάννῃ
771 4857 825 4909 δὲ
872 4854 949 4925 τῷ
993 4854 1213 4925 βασιλέα
1247 4857 1341 4925 μὲν
1373 4855 1746 4924 φενακίσαντι,

199 4953 494 5023 αὐτουργῷ
529 4951 586 5004 δὲ
627 4950 719 5003 τοῦ
765 4950 1066 5019 μιάσματος
1110 4947 1475 5017 γεγενημένῳ,
1519 4946 1756 5016 ἀποδρά-

203 5045 362 5099 σαντί
384 5060 500 5106 πως
519 5042 577 5095 ὲν
601 5040 677 5110 τῷ
690 5040 811 5093 τότε
831 5039 1207 5110 λαθραιότατα,
1238 5040 1330 5090 καὶ
1356 5040 1499 5108 φυγῇ
1525 5036 1624 5107 τὴν
1646 5054 1755 5091 σω-

202 5135 404 5207 τηρίαν
438 5130 825 5204 καρπώσασθαι
857 5130 1199 5201 πειρωμένῳ,
1226 5129 1339 5182 ἀλλ’
1362 5130 1551 5199 ἐκείνῳ
1574 5146 1639 5198 γε
1671 5130 1747 5201 τῷ

216 5227 439 5296 Ἰωάννῃ
486 5224 578 5277 ἐπὶ
622 5222 793 5276 τοῖσδε
838 5222 1186 5292 πορευομένῳ
1230 5220 1562 5285 ὑπαντιάζει,
1613 5221 1756 5275 οὕτω

1071 5308 1097 5323 ς.

208 5319 525 5392 παρασχὸν,
557 5320 587 5371 ὁ
633 5314 935 5387 Μετριανδς
968 5317 987 5347 ⁹
1019 5308 1121 5382 (εἷς
1155 5313 1211 5366 δέ
1249 5330 1312 5382 γε
1352 5309 1419 5385 ἦν
1445 5306 1600 5375 οὗτος
1642 5314 1752 5366 τῶν

1854 3581 1958 3626 tem
2021 3568 2402 3622 trucidassent.
2465 3566 2744 3635 Supplices
2798 3565 2981 3634 itaque
3033 3564 3411 3633 imperatorem

1851 3672 2098 3726 orarunt,
2140 3670 2200 3715 ut
2233 3659 2474 3716 defuncti
2525 3658 2776 3713 manibus
2828 3656 2930 3712 hoc
2984 3656 3410 3728 gratiﬁcaretur;

1853 3756 1986 3809 nihil
2028 3771 2159 3808 vero
2214 3751 2359 3807 aliud
2398 3753 2673 3816 dixerunt,
2713 3766 2872 3821 quam
2930 3761 2989 3804 ut
3036 3748 3246 3803 facinus
3283 3746 3414 3801 illud

1852 3849 2175 3918 impunitum
2215 3862 2284 3901 ne
2317 3846 2661 3913 relinqueret,
2696 3857 2983 3913 regemque
3025 3841 3127 3896 sibi
3164 3841 3413 3910 desugna-

1851 3949 1938 3996 ret
1974 3954 2080 3993 non
2130 3937 2488 4005 alienigenam
2533 3935 2788 4003 aliquem,
2835 3950 3011 4005 neque
3040 3935 3408 4004 peregrinum,

1855 4032 1948 4088 sed
1987 4030 2242 4085 Tzatbem
2292 4028 2561 4098 juniorem
2609 4026 2842 4081 Gubaza:
2879 4026 3123 4093 fratrem,
3162 4026 3255 4095 qui
3295 4037 3410 4080 tum

1852 4125 2111 4193 temporis
2163 4121 2401 4193 Byzantii
2444 4120 2690 4189 degebat,
2730 4129 2895 4187 utque
2947 4119 3017 4172 ita
3064 4118 3193 4187 ipsis
3235 4119 3411 4173 denuo

1853 4219 2027 4289 patria
2066 4216 2150 4271 lex
2183 4223 2614 4275 conservaretur,
2650 4222 2703 4266 et
2738 4212 2869 4279 regii
2912 4212 3124 4281 generis
3148 4210 3259 4278 jam
3290 4210 3413 4265 inde

1854 4311 1924 4365 ab
1962 4310 2183 4378 antiquo
2208 4307 2519 4361 continuata
2550 4306 2759 4373 sibique
2786 4313 3043 4357 constans
3075 4313 3127 4356 et
3152 4302 3411 4357 inviolata

1852 4400 2144 4457 successio.
2198 4399 2495 4468 Imperator
2533 4397 2715 4466 itaque
2758 4394 2994 4465 (aequum
3032 4395 3175 4449 enim
3217 4394 3271 4448 id
3312 4394 3409 4463 ipsi

1852 4495 2137 4551 videbatur
2187 4501 2243 4548 et
2269 4491 2511 4561 .justum)
2548 4505 2710 4559 quam
2746 4488 3012 4544 citissime
3047 4503 3233 4543 eorum
3274 4487 3409 4550 peti-

1854 4587 1985 4641 tioni
2020 4582 2307 4645 satisfecit,
2348 4594 2402 4637 et
2427 4581 2809 4645 Athanasium,
2837 4594 3002 4633 unum
3032 4594 3096 4634 ex
3138 4578 3411 4649 primariis

1855 4678 2216 4739 senatoribus,
2248 4676 2341 4745 qui
2380 4684 2630 4729 accurate
2670 4674 2721 4727 in
2761 4672 2962 4727 factum
2998 4671 3309 4739 inquireret,
3358 4680 3413 4723 et

1780 4795 1828 4854 ι)
1853 4770 1921 4826 de
1954 4786 2019 4825 eo
2049 4784 2114 4823 ex
2143 4769 2295 4838 171
2328 4767 2643 4836 praescripto
2682 4765 3049 4819 Romanarum
3085 4764 3258 4832 legum
3285 4778 3409 4817 sen-

1851 4862 2070 4917 tentiam
2105 4860 2291 4915 ferret.
2326 4858 2428 4924 Qui
2460 4873 2583 4912 cum
2610 4855 2935 4921 advenisset,
2973 4854 3253 4909 Rusticum
3286 4855 3409 4923 qui-

1849 4954 1969 5008 dem
2017 4951 2198 5006 statim
2238 4952 2579 5020 Apsarunten
2639 4948 2809 5012 misit,
2865 4957 3027 5016 atque
3064 4947 3119 5000 in
3145 4946 3289 5000 illius
3317 4960 3411 4999 ur-

1851 5044 1936 5099 bis
1969 5057 2186 5097 carcere
2223 5041 2482 5097 custodiri
2524 5040 2709 5108 jussit.
2761 5038 2955 5095 Joanni
2994 5054 3149 5104 vero,
3196 5039 3290 5109 qui
3322 5053 3408 5092 re-

1850 5150 1966 5203 gem
1999 5132 2277 5199 fefellerat,
2311 5140 2366 5186 et
2408 5140 2518 5185 tum
2553 5128 2809 5200 temporis
2852 5129 3139 5183 admodum
3186 5129 3321 5184 clam
3352 5143 3411 5185 se

1850 5226 1973 5280 inde
2029 5225 2395 5293 subripuerat,
2446 5232 2500 5277 et
2536 5222 2663 5291 fuga
2718 5221 2942 5276 salutem
2988 5235 3177 5290 parere
3212 5220 3412 5275 niteba-

1855 5325 1974 5384 tur;
2012 5317 2154 5380 huic,
2186 5316 2427 5385 inquam,
2454 5312 2676 5377 Joanni,
2704 5312 2797 5384 qui
2824 5312 2927 5369 hac
2961 5311 3031 5369 de
3058 5326 3224 5368 causa
3267 5327 3326 5368 se
3353 5313 3407 5365 in

1478 5488 1714 5545 VAllhE
1749 5486 2158 5545 LECTIONES.

279 5661 325 5691 "
354 5655 684 5725 πανταχόθεν
700 5655 824 5709 add.
850 5671 912 5709 ex
941 5653 981 5706 Β
1000 5664 1052 5710 et
1086 5655 1246 5723 intpr.
1278 5654 1657 5725 ιιιιιιειμιαιιιιεζ
1698 5652 1754 5725 _"'
1782 5650 2142 5725 ἐμὸοριλόντας
2173 5649 2295 5725 edd.
2334 5650 2580 5725 furui!
2598 5648 2715 5725 Par.
2735 5654 2790 5725 ct
2820 5646 2982 5715 intpr.
3008 5714 3021 5725 _
3045 5646 3071 5725 _‘
3098 5642 3329 5723 μετέλθῃ
3343 5640 3405 5697 Β.

210 5727 459 5801 μετέλθοι
476 5714 633 5801 uulg‘.
670 5729 728 5801 *λ’
750 5724 887 5801 Nutu
922 5714 1204 5801 μετέχεινῖ
1275 5714 1586 5801 ³Φαρῖςὰξου
1624 5714 2174 5801 R‘intpi'u‘l’lrnrazis.
2214 5722 2269 5801 M‘
2293 5718 2371 5787 τῷ
2421 5714 2494 5770 Γ(
2520 5718 2608 5801 Ἰῖ.
2663 5714 3082 5801 ’⁵.ἆχαρι““ιιι1ι1;
3109 5730 3189 5801 ’σεχ
3244 5714 3405 5797 itttp‘t'.

206 5794 359 5867 'vulg.
390 5797 531 5851 facit.
593 5794 629 5826 7°
658 5794 1025 5867 ἀδελφόπαιδα
1048 5796 1087 5847 li
1121 5795 1172 5847 in
1209 5810 1314 5865 mg.

212 5872 256 5925 ιι
287 5864 346 5923 ἐι
372 5868 563 5937 intpr.,
594 5864 920 5937 Λαστριανὸς
943 5866 1083 5935 vulg.

1389 5788 1408 5824 ’ί
1431 5794 1551 5847 ὅσια
1578 5801 1632 5848 et
1655 5788 1838 5845 δίκαια
1863 5788 1907 5843 R
1956 5792 2099 5843 ὅσιον
2128 5798 2182 5845 et
2209 5788 2416 5843 δίκαιον
2445 5790 2591 5856 vulg.

2662 5787 2682 5817 ⁸
2714 5783 2887 5850 ὲςοιιι
2914 5783 2979 5836 R.
3054 5785 3075 5814 "
3106 5784 3407 5852 Μετριανὸς
