4212 6438
190 423 319 487 1437
1290 419 1826 480 HISTORIARUM

1742 420 1826 480 1M
1880 419 2108 479 LIBER
2138 419 2252 480 III.
3265 417 3405 486 1438

181 542 243 613 δὴ
259 538 438 610 τρίτος
453 535 652 598 αὐτῶν,
674 535 999 607 Εὑστράτιος
1044 534 1111 602 ³⁸,
1141 536 1198 588 ἐν
1246 535 1520 613 Βυζαντίῳ
1551 534 1748 589 emet-
1775 545 1820 597 Α

1742 564 1748 574 ι
1775 545 1820 597 Α
1849 519 2011 602 quam
2039 533 2237 587 valido.
2279 530 2635 604 Posteaquam
2665 541 2843 588 autem
2869 533 2936 590 ad
2981 532 3405 590 Misimianorum

182 650 303 694 πτο,
329 631 447 694 νέος
481 647 542 699 γε
569 629 644 681 ὣν
666 628 744 681 ἔτι
781 628 997 698 κομιδῇ,
1049 627 1144 680 καὶ
1181 626 1354 689 ἄλλως
1379 626 1443 679 τὸ
1480 627 1638 696 σῶμα
1669 627 1731 679 οὐ
1843 651 1845 666 ι

1843 623 2105 677 ditionem
2137 625 2380 693 pervenit
2412 622 2727 678 Sotericbus
2775 624 2887 695 (qui
2925 624 3145 696 quidem
3177 623 3405 680 Colcho-

184 721 484 794 ρωμαλὲος.
536 720 626 782 Ὦς
659 721 716 773 δὲ
754 721 810 782 ές
858 719 954 788 τὴν
996 717 1106 772 τῶν
1131 716 1214 790 [Ρ.
1250 716 1342 788 91]
1386 717 1734 788 καλουμένων
1843 729 1847 767 1

1843 729 1963 768 rum
1997 716 2106 784 regi
2135 724 2347 785 parent,
2375 726 2435 769 ut
2455 725 2510 770 et
2547 714 2758 786 Apsilii,
2797 717 3006 773 diversa
3032 727 3213 773 tamen
3245 726 3407 772 utun-

183 813 591 884 Μισιμιανῶν²⁸
627 810 810 883 χώραν
854 813 883 865 ό
923 810 1232 881 Σωτήριχος
1285 809 1530 879 ἀφίκετο,
1575 807 1625 862 οἶ
1669 809 1732 879 δὴ
1841 818 1846 860 l

1841 817 1926 861 tur
1957 806 2137 876 lingua
2160 807 2391 876 aliisque
2415 808 2657 879 legibus;
2690 818 2816 864 sunt
2840 825 2968 864 vero
2999 810 3051 863 hi
3075 810 3405 880 Apsiliorum

183 908 440 977 κατήκοοι
467 905 565 974 μὲν
594 902 686 956 τοῦ
716 903 976 973 βασιλέως
995 900 1102 954 τῶν
1131 900 1352 971 Κόλχων
1375 902 1734 971 τυγχάνουσιν
1839 918 1846 966 ι

1839 909 1999 970 gente
2057 899 2383 955 horealiores
2440 909 2495 954 et
2529 901 2597 954 ad
2634 902 2895 957 orientem
2947 901 3116 956 solem
3164 893 3410 956 nonnihil

184 997 336 1061 ὄντες
391 995 636 1049 καθάπου
678 995 770 1047 καὶ
815 996 866 1047 οί
920 993 1168 1063 Ἀψίλιοι,
1221 991 1432 1064 γλώττῃ
1491 993 1548 1046 δὲ
1591 989 1741 1063 ὅμως
1843 1007 1847 1016 ‘

1843 995 2166 1062 vergentes).
2197 993 2261 1046 ad
2290 993 2410 1058 hos,
2441 992 2681 1062 inquam,
2709 1009 2832 1048 cum
2869 993 3128 1058 venisset,
3155 993 3412 1064 cogitatio

188 1087 428 1158 χρῶνται
470 1085 879 1159 ἀποκεκριμένῃ
916 1085 1011 1138 καὶ¹
1039 1083 1220 1154 νόμοις
1253 1083 1462 1155 ἑτέροις
1486 1099 1501 1114 ο
1541 1083 1646 1137 εἰσὶ
1682 1084 1742 1138 δὲ
1845 1103 1851 1134 ι

1845 1082 2088 1152 quaedam
2116 1083 2246 1154 ipsis
2285 1084 2492 1149 incidit,
2520 1087 2665 1154 quod
2708 1086 2892 1155 utique
2927 1101 3093 1139 unum
3142 1085 3409 1155 quoddam

186 1176 380 1230 τούτου
412 1176 477 1246 δὴ
503 1174 598 1228 τοῦ
640 1175 894 1245 ’Δψιλίων
919 1176 1111 1244 γένους
1141 1173 1488 1245 βορειότεροι,
1533 1175 1627 1228 καὶ
1650 1191 1740 1227 τεο
1845 1199 1849 1221 ‹

1845 1189 1910 1228 ex
1937 1175 2179 1244 ipsorum
2210 1176 2628 1246 propugnaculis
2649 1175 2792 1230 circa
2817 1177 2962 1246 ipsos
2991 1177 3257 1231 Lazarum
3281 1175 3413 1231 lines

185 1265 490 1336 τραμμένοι
521 1263 705 1334 ἠρέμα
741 1265 800 1328 ἐς
828 1265 978 1334 ἥλιον
1015 1263 1252 1318 ἀνιόντα.
1304 1263 1520 1334 Ἐπειδὴ
1565 1259 1658 1317 οὖν
1682 1266 1740 1327 ἐς
1844 1286 1848 1320 :

1844 1265 2030 1329 situm,
2081 1266 2376 1322 Buchloum
2412 1274 2686 1332 vocatum,
2733 1267 2919 1323 Alanis
2957 1269 3181 1338 prodere
3233 1268 3413 1328 vellet.

183 1357 376 1411 τούσδε
406 1355 798 1426 παραγέγονεν,
823 1355 998 1410 ἔννοιά
1016 1373 1100 1420 τις
1131 1357 1329 1418 αὐτοὺς
1365 1355 1632 1426 εἰσῆλθεν,
1665 1354 1742 1418 ὼς

1850 1366 1912 1411 ιιι
1955 1359 2234 1428 gentium,
2285 1373 2404 1429 quae
2454 1360 2716 1415 remotius
2748 1360 3089 1424 habitarent,
3141 1360 3297 1430 legati
3338 1359 3413 1414 ibi

186 1450 300 1520 ἄρα
325 1449 384 1502 έν
403 1466 456 1503 τι
476 1449 587 1502 τῶν
614 1449 891 1520 σφετέρων
913 1448 1186 1520 φρουρίων
1225 1448 1362 1518 ἀμφ’
1391 1447 1531 1502 αὐτά
1562 1447 1628 1519 δὴ
1673 1446 1745 1500 τὰ

1849 1449 2159 1519 congregati
2197 1449 2459 1518 stipendia
2504 1450 2794 1517 deferrent,
2827 1466 3001 1520 neque
3044 1451 3276 1519 amplius
3321 1466 3415 1505 ne-

187 1541 382 1606 Λαζῶν
410 1542 534 1613 ὅρια
560 1539 864 1612 ἱδρυμένον,
887 1539 916 1592 δ
937 1540 1001 1610 δὴ
1028 1538 1347 1609 Βούχλοον³⁶
1367 1536 1742 1609 ὀνομάζουσιν,
1848 1568 1850 1585 ι

1848 1541 2073 1596 cessitas
2101 1541 2208 1596 ulla
2245 1547 2408 1606 esset,
2437 1551 2516 1608 ut,
2563 1543 2655 1613 qui
2697 1543 2955 1613 pecunias
2983 1541 3224 1607 aﬂ‘erret,
3278 1541 3416 1596 Cau-

185 1633 346 1686 τοῦτο
371 1632 428 1686 δὲ
473 1634 567 1702 ὅγε
609 1631 851 1703 βούλοιτο
880 1634 994 1696 τοῖς
1033 1630 1274 1692 Ἀλανοῖς
1315 1629 1742 1701 καταπροέσθαι,

184 1725 265 1790 ὼς
286 1725 351 1780 ἂν
378 1727 428 1779 οί
463 1725 573 1779 τῶν
599 1724 768 1780 ἐθνῶν
801 1723 1060 1796 πρέσϐεις
1087 1722 1194 1778 τῶν
1232 1722 1499 1795 ἀπωτέρω
1535 1721 1748 1777 οἰκούν-

1853 1631 1968 1687 casi
2027 1632 2228 1689 montis
2267 1632 2478 1689 radices
2512 1633 2856 1702 circumiret,
2902 1635 3127 1706 ipseque
3174 1634 3240 1690 ad
3296 1633 3418 1690 illos

1853 1722 1977 1779 iret.

186 1823 319 1883 των,
358 1817 522 1871 αὑτοῦ
564 1818 930 1890 ἀγειρόμενοι,
974 1818 1067 1872 τὸν
1141 1817 1333 1888 μισθὸν
1398 1817 1778 1888 ἀποφέροιντο,
1816 1817 1911 1871 καὶ
1941 1818 2138 1890 μηκέτι
2169 1818 2380 1892 ἀνάγκη
2408 1838 2493 1885 τις
2518 1822 2602 1893 εἴη
2641 1821 2720 1894 τῷ
2760 1820 2831 1876 τὰ
2858 1822 3118 1894 χρήματα
3182 1835 3419 1893 παρεχο-

190 1912 342 1982 μένῳ
381 1911 482 1975 τὰς
524 1914 619 1965 τοῦ
671 1911 966 1966 Καυκάσου
1005 1914 1344 1984 περινοστεῖν
1395 1911 1438 1943 ³⁷
1482 1910 1780 1984 ὑπωρείας,
1818 1912 1912 1966 καὶ
1934 1912 1980 1944 ³³
2008 1912 2172 1966 αὐτὸν
2207 1913 2293 1967 ἐπ’
2321 1915 2566 1980 ἐκείνους
2599 1914 2756 1971 ίέναι.

266 2009 361 2068 ις’.
390 2002 574 2056 Ταῦτα
594 2002 659 2074 δὴ
688 2003 737 2056 οἱ
768 2003 1092 2074 Μισιμιανοὶ
1120 2004 1230 2056 εἴτε
1259 2001 1499 2071 γνόντες,
1522 2003 1629 2056 εἴτε
1655 2000 1750 2055 καὶ
1781 2006 1822 2062 Β
1923 2003 1929 2071 ξ

1781 2006 1822 2062 Β
1923 2001 2081 2075 174
2110 2003 2194 2057 l6.
2229 2003 2352 2060 Haec
2385 2021 2508 2060 cum
2554 2004 2844 2060 Misimiani
2883 2005 2996 2061 sive
3043 2003 3421 2075 cognovissent

190 2095 674 2167 ὑποτοπήσαντες,
722 2095 1035 2150 στέλλουσιν
1076 2094 1276 2166 ἄνδρας
1319 2089 1412 2148 δύο
1455 2093 1564 2148 τῶν
1605 2091 1756 2165 παρὰ

191 2187 348 2256 σφίσι
385 2185 823 2256 λογίμων,Χάδον
851 2186 1017 2258 ὄνομα
1040 2187 1135 2239 καὶ
1153 2185 1385 2258 Θυάνην.
1405 2185 1538 2253 Οίδὲ
1567 2185 1753 2258 εὑρόν-

188 2296 286 2342 τες
308 2279 466 2332 αὺτὸν
485 2278 654 2350 ἀγχοῦ
669 2296 769 2333 που
787 2279 991 2333 ἐκείνου
1011 2278 1072 2349 δὴ
1087 2277 1182 2333 τοῦ
1201 2279 1476 2349 ἐρύματος
1492 2276 1756 2343 ἐναυλιζό-

193 2388 356 2442 μενον
369 2373 434 2434 ³³,
449 2372 540 2424 καὶ
557 2370 716 2424 πλέον
726 2372 782 2435 ὲς
792 2371 890 2436 τὴν
901 2370 1120 2441 δόκησιν
1131 2369 1578 2442 ἐπιρρωσθέντες·
1595 2370 1752 2424 Ἀλλ’

190 2461 269 2514 οὑ
294 2459 490 2514 δίκαια
532 2459 778 2528 δράσειν
809 2461 856 2492 ³³
886 2458 1062 2529 ἡμᾶς,
1093 2458 1319 2528 ἔφασαν,
1355 2455 1752 2546 ὧκστρατηγέ,

190 2550 508 2618 διενοήθης
526 2569 540 2583 ο
567 2553 682 2621 χρὴ
710 2550 820 2621 γάρ
845 2565 919 2605 σε
941 2549 1095 2621 μηδὲ
1130 2551 1295 2618 ἄλλῳ
1325 2550 1405 2618 τῷ
1431 2551 1657 2620 ἐφιέναι
1683 2549 1757 2605 τὰ

192 2643 448 2714 ἡμέτερα
484 2643 952 2713 παραιρουμένῳ,
995 2643 1137 2714 μήτι
1176 2660 1242 2714 τε
1284 2644 1382 2697 καί
1430 2642 1614 2697 αὑτὸν
1656 2641 1754 2696 οὔ·

194 2754 313 2802 τως
340 2737 382 2770 ³⁸
410 2736 656 2790 ἐθέλειν.
692 2738 761 2790 Εί
807 2735 874 2789 δέ
917 2750 991 2790 σε
1033 2735 1114 2802 ὡς
1155 2735 1393 2803 ἀληθῶς
1443 2734 1526 2804 μὴ
1572 2733 1757 2790 ταῦτα

197 2827 464 2896 ἀρέσκει,
493 2827 598 2896 ἆγε
638 2826 795 2893 ὅπως
823 2825 1065 2882 ἐνθένδε
1092 2826 1171 2894 ὡς
1204 2825 1456 2896 τάχιστα
1481 2826 1752 2893 μεταϐὰς,

197 2919 273 2972 ἐν
307 2919 479 2988 ἑτέρῳ
513 2919 958 2987 ἁποδιατρίψεις
971 2920 1016 2951 ³³
1048 2920 1255 2988 χωρίῳ,
1292 2920 1392 2972 καί
1418 2935 1493 2973 σε
1522 2920 1591 2973 τὰ
1627 2919 1755 2972 ἐπι-

197 3010 406 3079 τήδεια
437 3011 657 3078 ἣκιστα
683 3010 1105 3080 ἐπιλείψουσιν
1124 3011 1191 3078 ³³,
1225 3011 1360 3066 ἀλλ’
1382 3011 1551 3080 ἡμεῖς
1573 3010 1760 3065 ἄπαν-

196 3120 278 3158 τα
305 3103 570 3173 οίσομεν.
612 3101 895 3157 Ἐνταῦθα
918 3101 1027 3171 γάρ
1050 3117 1147 3156 σοι
1171 3105 1243 3155 οὐ
1271 3100 1521 3171 μενετέα
1539 3101 1760 3156 παντά-

200 3211 414 3260 πασιν,
459 3193 599 3250 οὐδὲ
637 3193 964 3263 ἀνεξόμεθά
997 3210 1111 3248 σου
1153 3193 1481 3261 μέλλοντος
1519 3194 1584 3260 ές
1627 3193 1762 3250 τόδε

199 3288 307 3340 καὶ
333 3285 770 3355 σκηπτομένου.
801 3284 956 3338 Οὕτω
981 3285 1037 3338 δὲ
1060 3284 1238 3338 αὐτῶν
1263 3285 1758 3356 αὐθαδιαζομένων,

200 3379 309 3431 οὐκ
360 3377 558 3431 ἀνεκτὰ
612 3376 955 3448 ἡγησάμενος
982 3378 1010 3430 ὁ
1059 3376 1383 3448 Σωτήριχος,
1428 3378 1478 3430 εί
1502 3380 1612 3441 τοῖς
1654 3377 1764 3430 τῶν

201 3468 431 3538 Κόλχων
470 3469 758 3538 κατηκόοις
796 3468 940 3538 ἐξείη
965 3468 1012 3501 ³⁸
1043 3467 1184 3522 κατὰ
1233 3469 1522 3539 Ῥωμαίων
1562 3469 1767 3541 θρασύ-

205 3580 266 3614 νε
277 3561 395 3614 σθαι
417 3560 523 3613 τῶν
546 3562 632 3630 ὑφ’
652 3559 743 3625 οὓς
768 3562 816 3615 oi
843 3560 1037 3630 Κόλχοι
1060 3561 1372 3633 τετάχαται,
1398 3561 1768 3633 παρακελεύε-

203 3672 303 3709 ται
330 3655 439 3718 τοῖς
466 3655 677 3716 ὀπαδοῖς
707 3653 884 3707 παίειν
912 3655 1107 3717 αὐτοὺς
1149 3650 1234 3713 αἷς
1264 3654 1589 3725 ἐπεφέροντο
1632 3655 1766 3725 βακ-

204 3745 450 3816 τηρίαις.
486 3749 548 3799 Ol
593 3748 649 3800 δὲ
681 3745 965 3800 καθίκοντο
1002 3745 1181 3799 αὐτῶν
1227 3746 1480 3812 ἀφειδῶς,
1515 3746 1608 3800 καὶ
1623 3748 1668 3780 ³⁵
1710 3748 1771 3812 ές

207 3839 778 3909 τούπίσωήμιθνῆτας
815 3837 1167 3908 ἀπέπεμψαν.
1207 3840 1409 3892 Τούτου
1447 3838 1504 3891 δὲ
1542 3856 1771 3911 γεγενη-

212 3931 403 4003 μένου,
430 3931 735 4001 Σωτήριχος
765 3930 864 4001 μὲν
891 3930 1025 4001 ῷετο
1047 3929 1214 4000 μηδὲν
1251 3929 1545 3984 ἀντίπαλον
1579 3931 1622 3963 ³⁸
1653 3931 1772 3984 ἐσε-

213 4023 364 4086 σθαι,
405 4023 517 4076 ἀλλ’
548 4022 735 4092 ὥσπερ
758 4021 947 4092 ἀμέλει
981 4022 1196 4085 οἰκέτας
1240 4023 1474 4086 οίκείους
1518 4025 1772 4094 ἡμαρτη-

211 4114 386 4176 κότας
408 4114 890 4184 διαχειρισάμενος,
923 4113 1016 4166 καὶ
1048 4113 1198 4166 οὐδὲν
1226 4113 1403 4168 ὁτιοῦν
1447 4113 1773 4185 εὐλαϐητέον

214 4204 389 4275 αὐτῷ,
416 4204 572 4274 ἔμενέ
604 4221 660 4256 τε
688 4205 829 4256 κατὰ
877 4203 1078 4274 χώραν,
1118 4203 1211 4256 καὶ
1245 4199 1383 4267 εἷτα,
1413 4204 1605 4264 νυκτὸς
1653 4205 1775 4256 επι-

214 4297 540 4368 γενομένης,
568 4294 824 4348 ἐκάθευδε
857 4296 1059 4367 σφόδρα
1087 4296 1257 4359 ἀδεῶς
1287 4297 1379 4350 καὶ
1413 4295 1736 4364 ἀφυλάκτως
1757 4307 1772 4322 ⁶

215 4391 366 4446 οὕτω
386 4391 440 4442 δὲ
466 4389 519 4442 οἶ
540 4405 598 4441 τε
629 4389 809 4450 παῖδες
827 4389 919 4441 καὶ
942 4389 990 4441 oi
1019 4388 1302 4458 δορυφόροι
1326 4389 1419 4441 καὶ
1437 4388 1630 4441 ὁπόσον
1651 4387 1778 4442 ἄλλο

217 4481 375 4551 αὐτῷ
392 4481 434 4511 ³⁷
463 4477 679 4549 θητικὸν
723 4476 966 4548 εἴπετοῆ
1011 4477 1108 4531 καὶ
1141 4476 1346 4542 δοῦλον,
1390 4477 1778 4548 έκμελέστερον

218 4574 322 4628 καὶ
346 4565 488 4624 οὗτοι
513 4571 749 4633 ἅπαντες
772 4568 804 4641 ἢ
832 4568 906 4632 ὠς
930 4570 988 4621 ὲν
1017 4568 1288 4638 πολεμίων
1301 4568 1345 4600 ³³
1365 4569 1780 4640 κατεσκηνημέ-

218 4682 331 4728 νοι,
364 4659 711 4714 ἀνεπαύοντο.
769 4659 856 4710 Ἐν
900 4657 1074 4727 τούτῳ
1105 4656 1160 4708 δὲ
1186 4657 1235 4709 οί
1285 4654 1629 4726 Μισιμιανοὶ,
1680 4655 1779 4727 τὴν
1812 4692 1853 4747 D

223 4757 296 4811 ὖ6
307 4773 390 4826 ριν
419 4754 516 4806 οὐκ
547 4751 878 4821 ἐνεγκόντες,
914 4749 1263 4819 ἐπιφοιτῶσιν
1290 4748 1474 4811 αὐτοῖς
1500 4746 1779 4820 καρτερώ-

221 4865 366 4903 τατα
389 4843 795 4915 ἐξωπλισμένοι,
822 4843 914 4896 καὶ
942 4842 1138 4896 αὐτίκα
1174 4843 1264 4895 ἐπὶ
1293 4842 1354 4895 τὸ
1382 4841 1648 4911 δωμάτιον
1671 4859 1778 4912 χω-

227 4941 516 5014 ρήσαντες,
545 4931 605 4991 οὗ
632 4936 696 5006 δὴ
723 4936 753 4989 ό
785 4935 1086 5006 στρατηγὸς
1114 4933 1460 5000 άνεκέκλιτο,
1496 4934 1781 4988 κατακτεί-

224 5047 382 5084 νουσι.
422 5027 714 5100 προτέρους
754 5027 878 5090 τοὺς
906 5026 1355 5098 παρευναστῆρας
1383 5025 1490 5079 τῶν
1519 5024 1781 5095 θεραπόν-

229 5140 362 5176 των.
383 5119 618 5190 Θορύῦου
645 5117 722 5180 δὲ,
753 5115 940 5187 ὥσπερ
966 5115 1132 5178 είκδς,
1171 5117 1265 5168 καὶ
1307 5114 1549 5182 πατάγου
1584 5111 1779 5166 πολλοῦ

229 5211 568 5281 κινηθέντος,
618 5207 964 5278 ξυναίσθησις
1015 5205 1112 5276 μὲν
1165 5204 1259 5258 τοῦ
1318 5203 1489 5258 κακοῦ
1531 5203 1678 5272 αὐτῷ
1721 5220 1782 5255 τε

231 5300 531 5372 Σωτηρίχῳ
559 5300 655 5353 καὶ
692 5301 801 5361 τοῖς
835 5297 974 5368 ἀμφ’
1001 5295 1164 5350 αὑτὸν
1189 5297 1390 5351 ἅπασιν
1427 5294 1672 5363 ἐγίγνετο
1686 5295 1730 5326 ³³
1765 5310 1780 5324 ·

1853 2095 1966 2150 sive
2000 2096 2262 2167 suspicati
2294 2109 2499 2163 essent,
2533 2099 2642 2154 duo
2690 2115 2755 2153 ex
2784 2098 2900 2155 suis
2959 2099 3198 2169 insignes
3251 2097 3420 2161 viros,

1851 2185 2095 2242 Chadum
2139 2190 2362 2245 nomine
2407 2199 2462 2245 et
2505 2189 2808 2256 Thuanem,
2845 2191 3101 2256 mittunt,
3142 2189 3234 2258 qui
3294 2206 3418 2245 curn

1851 2279 2028 2350 ipsum
2062 2282 2393 2351 reperissent
2413 2282 2568 2353 juxta
2615 2281 2746 2337 illud
2792 2283 3260 2352 propugnaculum
3304 2290 3418 2335 sta-

1850 2371 2056 2426 tionem
2092 2371 2398 2438 habentem,
2438 2373 2751 2444 suspicione
2796 2373 3030 2428 validius
3059 2374 3374 2428 conlirmata
3403 2389 3418 2424 :

1853 2461 2089 2532 Iujuria,
2121 2464 2460 2534 inquiebant,
2503 2482 2596 2520 nos
2631 2465 2843 2535 afﬁcere
2887 2466 3105 2536 cogitas,
3156 2464 3420 2534 pra'fecte.

1856 2557 2070 2626 Oportet
2094 2557 2232 2611 enim
2283 2566 2330 2611 te
2355 2573 2518 2627 neque
2554 2557 2709 2612 alteri
2765 2559 2976 2612 cuidam
3014 2557 3330 2626 permittere,
3361 2566 3419 2608 ut

1854 2661 2036 2704 nostra
2078 2650 2225 2704 nobis
2275 2650 2535 2715 adimant,
2576 2652 2767 2704 nedum
2809 2651 2980 2719 ipsum
3027 2651 3124 2703 hoc
3159 2649 3308 2704 velle.
3358 2646 3423 2703 Si

1853 2759 1969 2800 vero
2011 2742 2100 2796 hoc
2147 2743 2239 2796 tibi
2267 2743 2588 2811 propositum
2610 2759 2714 2796 non
2749 2753 2843 2809 est,
2882 2743 2970 2813 [ac
3023 2759 3140 2812 age,
3182 2757 3238 2795 ut
3267 2755 3426 2811 quam

1854 2833 2102 2887 Cilissime
2125 2832 2248 2885 hinc
2273 2831 2541 2886 discedens
2570 2831 2676 2885 alio
2713 2834 2768 2886 in
2801 2832 2915 2888 loco
2937 2833 3292 2887 commoreris.
3318 2829 3426 2884 Ne-

1853 2939 1952 2994 que
1980 2923 2070 2976 tibi
2099 2921 2347 2991 defutura
2379 2930 2503 2976 sunt
2533 2923 2845 2989 necessaria,
2873 2922 2963 2976 sed
2993 2937 3086 2976 nos
3118 2921 3296 2975 omnia
3328 2919 3424 2974 de-

1858 3013 2109 3082 feremus.
2159 3011 2260 3065 Hic
2306 3012 2443 3064 enim
2468 3012 2613 3064 nullo
2662 3013 2814 3064 modo
2847 3011 2943 3064 tibi
2984 3020 3060 3065 est
3090 3010 3424 3076 manendum,

1863 3120 2023 3174 neque
2055 3103 2278 3172 feremus
2308 3113 2356 3156 te
2380 3103 2463 3156 hic
2494 3120 2668 3157 moras
2694 3103 2980 3157 trahentem
3010 3113 3058 3156 et
3088 3104 3428 3171 tergiuersan-

1863 3203 1987 3248 tem.
2022 3191 2156 3264 Ipsis
2193 3206 2320 3247 vero
2365 3192 2436 3246 ita
2481 3192 2781 3262 procaciter
2817 3190 3179 3260 loquentibus,
3225 3187 3428 3242 Soteri-

1862 3286 1997 3338 chus
2047 3298 2388 3353 nequaquam
2419 3281 2755 3338 tolerandum
2792 3293 2962 3346 ratus,
3012 3280 3056 3335 si
3104 3279 3428 3335 Colchorum

1866 3375 2095 3430 subditis
2127 3375 2201 3430 ita
2231 3376 2490 3430 adversus
2511 3375 2808 3440 Romanos,
2838 3373 3034 3442 quibus
3072 3379 3279 3442 parent,
3306 3370 3434 3424 licc-

1865 3475 1950 3524 ret
1987 3466 2232 3534 ferocire,
2280 3465 2632 3537 stipatoribus
2670 3465 2785 3521 suis
2853 3465 3072 3519 mandat
3106 3473 3164 3518 ut
3205 3461 3434 3524 baculis,

1868 3575 2007 3630 quos
2035 3561 2340 3629 gestabant,
2368 3574 2462 3614 eos
2480 3557 2769 3613 caederent.
2794 3556 2893 3623 Qui
2919 3556 3172 3611 atrociter
3204 3558 3254 3608 in
3287 3555 3436 3626 ipsos

1869 3653 2090 3716 invecti,
2125 3653 2419 3708 semineces
2445 3651 2788 3706 remiserunt.
2815 3649 3022 3716 Quibus
3051 3649 3304 3719 peractis,
3334 3646 3436 3702 So-

1878 3741 2119 3797 terichus
2151 3740 2367 3810 quidem
2406 3739 2541 3794 nihil
2586 3739 2783 3794 hostile
2819 3745 3134 3794 eventurum
3173 3745 3342 3802 ratus,
3381 3744 3439 3791 et

1872 3833 2096 3904 perinde
2152 3831 2261 3886 fere
2291 3845 2355 3885 ac
2386 3830 2432 3885 si
2472 3844 2662 3886 servos
2705 3845 2832 3886 suos
2865 3829 3237 3898 delinquentes
3267 3827 3438 3896 plagis

1878 3924 2197 3995 excepisset,
2227 3922 2360 3977 nihil
2392 3921 2516 3976 inde
2547 3922 2650 3977 sibi
2688 3920 2980 3976 verendum
3010 3920 3348 3983 existimans,
3373 3932 3440 3974 eo

1871 4016 1976 4071 loci
2009 4016 2244 4080 mansit;
2277 4023 2333 4069 et
2367 4013 2561 4068 deinde
2588 4012 2777 4067 oborta
2809 4019 2966 4066 nocte
2998 4009 3151 4064 valde
3178 4008 3442 4080 intrepide

1873 4109 2077 4178 absque
2102 4107 2226 4163 ullis
2256 4105 2499 4162 excubiis
2536 4105 2609 4160 ibi
2638 4103 2894 4160 dcrmivit
2922 4121 2934 4156 :
2962 4101 3215 4158 similiter
3239 4115 3367 4156 vero
3388 4111 3444 4156 et

1878 4199 2031 4271 175
2071 4199 2164 4253 ﬁlii
2210 4206 2265 4253 et
2304 4197 2582 4261 satellites,
2622 4205 2674 4250 et
2714 4201 2982 4264 quotquot
3007 4207 3129 4246 eum
3157 4190 3441 4246 domestici

1875 4290 2059 4345 famuli
2089 4301 2144 4344 et
2187 4288 2325 4344 servi
2366 4287 2752 4357 sequebantur,
2786 4287 2950 4340 etiam
2983 4283 3037 4337 bi
3061 4298 3253 4338 omnes
3285 4295 3443 4337 secu-

1880 4385 2016 4446 rius,
2039 4396 2202 4452 quam
2232 4381 2284 4434 iu
2309 4379 2490 4434 hostili
2520 4388 2660 4433 terra
2689 4375 3062 4439 conveniebat,
3085 4374 3440 4429 dormiebant.

1880 4475 2086 4529 Interea
2117 4487 2245 4528 vero
2272 4471 2584 4535 Misimiani,
2622 4470 2875 4540 injuriam
2920 4478 3194 4539 acceptam
3225 4484 3331 4522 non
3362 4467 3442 4522 fe-

1881 4573 2081 4630 rentes,
2121 4561 2453 4617 validissime
2483 4561 2674 4615 armati
2710 4559 2766 4614 in
2821 4575 2915 4616 eos
2945 4559 3178 4624 irruuut,
3231 4558 3444 4613 statim-

1881 4672 1988 4730 que
2015 4657 2067 4711 iu
2098 4652 2505 4722 domunculam,
2538 4655 2591 4709 in
2630 4669 2736 4723 qua
2767 4653 3000 4709 cubabat
3031 4653 3338 4722 praefectus,
3367 4653 3443 4707 ir-

1884 4758 2216 4819 rumpentes,
2238 4747 2479 4818 proxime
2497 4745 2823 4803 accubantes
2845 4744 3074 4800 famulos
3098 4745 3441 4799 obtruncant.

1882 4841 2135 4897 Tumultu
2175 4840 2375 4910 itaque,
2429 4839 2505 4893 uti
2545 4854 2642 4908 par
2683 4846 2788 4903 est,
2853 4836 3188 4906 strepituque
3241 4834 3444 4906 ingenti

1883 4932 2147 4993 excitato,
2202 4945 2395 4985 sensus
2439 4929 2565 4983 mali
2601 4929 2667 4983 ad
2715 4927 3051 4982 Sotericbum
3101 4927 3445 4996 reliquosque

1884 5025 1974 5094 qui
2007 5024 2111 5094 ipsi
2131 5023 2353 5078 aderant
2389 5036 2581 5076 omnes
2608 5021 2863 5091 pervenit.
2895 5019 3160 5087 Quocirca
3189 5033 3312 5074 cum
3334 5033 3447 5087 prae

1885 5128 2028 5172 metu
2057 5115 2208 5170 lectis
2229 5113 2464 5180 excussi,
2489 5127 2682 5169 somno
2711 5120 2892 5167 tamen
2920 5111 3098 5166 adhuc
3125 5109 3444 5181 praegravati

1886 5215 1940 5262 et
1971 5205 2210 5276 languidi
2256 5213 2458 5268 essent,
2511 5218 2619 5258 non
2645 5200 2933 5256 admodum
2965 5215 3086 5256 sese
3115 5199 3254 5255 tueri
3293 5206 3445 5269 pote-

1887 5307 2038 5364 rant;
2075 5298 2166 5354 alii
2195 5298 2336 5354 enim
2375 5311 2500 5352 cum
2533 5294 2698 5366 pedes
2721 5293 2950 5365 pellibus
2978 5292 3252 5348 involutos
3278 5291 3446 5346 habe-

1515 5474 1745 5531 VARUE
1775 5473 2162 5541 LECTIONES

310 5576 360 5610 ³³
389 5573 700 5645 Εὑστράτης
733 5574 794 5638 R,
824 5573 994 5645 intpr.
1044 5573 1332 5630 Estratius.

237 5649 282 5681 ³⁷
321 5647 425 5700 Pro
445 5644 776 5712 περινοστεῖν
814 5644 862 5714 Β
918 5644 1063 5714 πέρι,
1095 5647 1190 5701 sed
1225 5645 1278 5699 in
1329 5660 1436 5714 mg.
1490 5647 1681 5713 περᾷν.

241 5789 289 5842 ιι
322 5785 436 5847 οὒς.

242 5860 304 5910 ἐν
329 5853 555 5927 πολεμίᾳ
577 5853 718 5926 vulg.
763 5853 836 5888 ⁷³³
865 5855 1107 5924 ἐγίγνετο
1141 5857 1203 5922 ll,
1242 5857 1450 5925 ἐγένετο
1484 5855 1623 5924 vulg.

1438 5574 1483 5606 ’⁵
1513 5573 1725 5627 Μὶδίαιιί
1754 5579 1880 5626 sunt
1905 5571 2042 5641 apud
2075 5572 2238 5642 impr.
2264 5578 2319 5626 et
2349 5569 2571 5642 infrain
2606 5567 2902 5642 Exc._Bav.

1783 5643 1829 5674 ³³
1858 5642 1950 5695 καὶ
1977 5657 2086 5695 om.
2124 5641 2188 5697 Ιῖ.

165 5759 198 5784 ,
239 5719 283 5750 ³³
316 5715 459 5786 οὖτω
496 5714 560 5770 Β.
611 5716 676 5786 ﬂ”
700 5713 1099 5786 ἀποδιατρίψεις
1128 5715 1217 5778 R.,
1251 5713 1638 5786 ἀποδιατρίψῃς
1659 5714 1812 5786 vulg.

533 5786 577 5816 ³³
601 5784 736 5855 {pcto
761 5783 1233 5856 μηδὲνάντίπαλον
1251 5786 1317 5847 Β,
1340 5783 1490 5838 οὐδὲν
1648 5783 1781 5856 ᾤετο
1815 5783 1961 5853 vulg.

3010 5567 3055 5597 ³³
3084 5561 3347 5633 Βούχλοος

2290 5642 2333 5673 ³³
2359 5639 2708 5707 αὐλιζόμενοι)
2737 5636 2806 5694 Β.
2903 5635 2948 5669 ³⁸
2978 5637 3123 5691 δίκαι
3152 5630 3346 5707 δράσαι
3378 5630 3440 5707 R:

2142 5729 2258 5764 υσιν
2279 5709 2344 5766 R.
2420 5710 2467 5742 ³³
2494 5701 2640 5778 ἐξείη
2668 5707 2732 5769 R,
2761 5707 3077 5779 éEﬁEtjlllg.
3154 5701 3199 5779 ³⁸
3228 5701 3326 5779 Pro
3351 5701 3445 5779 καὶ

1919 5711 1963 5742 ³³
1988 5711 2258 5781 λείψουσιν
2279 5711 2344 5766 R.
2420 5711 2467 5742 ³³
2494 5711 2640 5778 ἐξείη
2668 5711 2732 5769 R,
2761 5711 2906 5779 ἐξῄει
2933 5711 3077 5775 vulg.
3155 5711 3199 5735 "
3229 5711 3326 5756 Pro
3351 5711 3444 5752 και

1919 5798 1961 5848 ζ.
2059 5785 2100 5816 ³⁷
2122 5783 2316 5836 ὁπόσον
2346 5779 2492 5848 αὐτῷ
2511 5779 2638 5834 ἄλλο
2664 5779 2811 5848 vulg.
2915 5777 2958 5809 ³⁸
2999 5777 3057 5829 ὲν
3085 5773 3352 5848 πολεμίων
3376 5769 3444 5834 R,

2059 5779 2100 5816 ³⁷
2122 5783 2316 5836 ὁπόσον
2346 5779 2492 5851 αὐτῷ
2511 5779 2638 5834 ἄλλο
2664 5779 2811 5850 vulg.
