4212 6438
831 411 851 474 Ι
869 409 968 472 439

2007 405 2359 466 AGATHIIE
2384 404 2865 465 SCHOLASTICI

3920 395 4064 460 1Ηο

824 529 964 584 rent,
1019 517 1228 572 incessu
1259 513 1720 584 prohibebantur;
1752 512 1842 568 alii
1873 526 2000 567 vero
2026 527 2148 568 cum
2173 513 2286 583 jam
2320 513 2386 567 ad
2413 547 2456 604 Α

2413 547 2456 604 Α
2488 516 2582 567 καὶ
2611 515 2792 568 τοίνυν
2814 511 2920 566 ὑπὸ
2944 511 3098 574 δέους
3129 509 3195 563 ἐκ
3218 507 3329 562 τῶν
3354 506 3527 563 εὐνῶν
3547 507 3944 604 ἀνεπάλλοντο,
3980 507 4063 604 ἔτι

823 625 981 666 enses
999 605 1335 678 arripiendos
1355 614 1698 676 proruerent,
1723 613 1779 660 et
1811 604 2221 659 tumultuarium
2249 619 2382 658 con-

824 702 1024 756 llictum
1064 705 1359 761 tentarent,
1411 696 1699 753 errabundi
1729 697 2028 751 miserrime
2054 695 2380 762 ferebantur,

825 799 1005 860 utpote
1037 791 1091 844 in
1122 790 1357 845 tenebris
1393 798 1446 844 et
1479 805 1688 843 summa
1721 788 1932 844 consilii
1981 789 2179 858 inopia,
2211 788 2265 842 in
2296 803 2383 858 pa-

823 883 979 938 rietes
1025 880 1402 950 impingentes,
1442 889 1499 933 et
1551 879 1771 934 ubinam
1823 895 1973 934 arma
2009 879 2384 949 deposuissent

821 971 994 1025 obliti.
1028 971 1280 1025 Nonnulli
1303 969 1713 1039 veroipsorum,
1742 984 1808 1024 eo
1836 970 1977 1040 quod
1996 969 2105 1038 jam
2136 972 2382 1039 oppressi

821 1073 1004 1118 essent
1033 1063 1401 1130 desperantes,
1434 1062 1564 1114 nihil
1595 1061 1750 1129 plane
1777 1061 2134 1124 attentahant,
2175 1061 2380 1116 clama-

824 1154 958 1207 bant
995 1163 1200 1208 tantum
1229 1151 1368 1207 alius
1393 1153 1514 1206 alibi
1539 1160 1701 1220 atque
1733 1152 2024 1221 ejulabant,
2057 1153 2227 1222 ignari
2249 1151 2378 1222 quid

821 1253 1057 1312 agerent.
1090 1243 1182 1298 Sic
1211 1243 1390 1312 itaque
1417 1242 1681 1312 perculsis
1703 1243 1854 1310 ipsis,
1892 1241 2126 1307 barbari,
2162 1241 2379 1298 irruen-

825 1348 906 1391 tes
977 1345 1029 1390 et
1092 1335 1429 1391 Soteriehnm
1474 1335 1648 1405 ipsum
1696 1335 2206 1406 obtruncant176
2234 1347 2284 1390 et
2318 1337 2380 1389 li-

826 1427 934 1481 lios
969 1438 1024 1482 et
1079 1428 1313 1496 reliquos
1345 1442 1555 1492 omnes,
1591 1427 1694 1481 lliai
1727 1427 1851 1496 quis
1890 1425 2025 1482 forte
2072 1443 2167 1496 per
2190 1427 2382 1481 editio-

823 1535 940 1575 rem
992 1521 1224 1590 aliquam
1253 1519 1476 1588 januam
1525 1526 1620 1572 aut
1659 1518 1766 1572 alio
1811 1518 1990 1588 aliquo
2035 1519 2194 1571 modo
2239 1521 2378 1574 clam

819 1612 1097 1664 evasisset.
1129 1609 1249 1665 limo
1271 1625 1392 1665 curn
1417 1608 1660 1664 scelerati
1686 1615 2110 1678 perpetrassent,
2133 1618 2379 1666 mortuos

823 1703 1145 1772 spoliarunt,
1193 1703 1506 1772 reliquaque
1549 1702 1730 1756 omnia
1760 1715 1950 1755 eorum
1980 1701 2139 1766 bona,
2169 1713 2221 1754 et
2245 1717 2380 1770 pra:-

820 1803 965 1849 terea
1009 1796 1170 1849 etiam
1212 1797 1409 1865 regiam
1443 1795 1724 1865 pecuniam
1755 1793 2111 1862 diripuerunt,
2137 1806 2258 1846 cum
2286 1807 2379 1849 eos

2482 604 2540 657 δὲ
2571 603 2648 673 τῷ
2699 601 2852 672 ὕπνῳ
2887 599 3330 674 καρηϐαροῦντες
3365 600 3462 654 καὶ
3509 599 3866 670 παρειμένοι,
3906 598 4062 669 ἀμύο

2481 695 2661 748 νεσθαι
2691 695 2871 758 αὐτοῖς
2898 693 2957 745 οῦ
2983 709 3033 745 τι
3063 693 3208 762 μάλα
3233 693 3437 762 παρῆν.
3471 691 3535 743 Οἱ
3568 688 3653 761 [Ρ.
3686 687 3781 761 92]
3818 691 3924 760 μὲν
3952 691 4063 762 γὰρ

2480 789 2599 851 ταῖς
2620 785 2866 857 σισύραις
2877 787 2922 816 ⁸⁸
2942 785 3020 838 τὼ
3036 787 3164 840 πόδε
3187 784 3673 857 περιελιττόμενοι,
3693 785 3951 856 εῐργοντο
3963 787 4064 854 τῆς

2483 877 2725 947 πορείας.
2757 877 2808 930 oi
2837 877 2895 930 δέ
2924 879 3018 931 καὶ
3055 877 3153 948 ἤδη
3179 877 3272 931 ἐπὶ
3291 877 3360 932 τά
3394 877 3521 948 ξίφη
3554 879 3928 949 ὁρμήσαντες,
3969 878 4063 929 καὶ

2481 968 2779 1039 σχεδιάζειν
2802 969 3133 1040 πειρώμενοι
3159 969 3229 1024 τὰ
3262 969 3520 1040 πολέμια.
3548 969 3813 1034 ἀλύοντες
3852 970 3897 1002 ⁸⁸
3920 965 4062 1040 ἦσαν

2479 1060 2798 1129 οἰκτρότατα
2811 1057 2899 1112 οἷα
2913 1063 2968 1114 ἐν
2986 1062 3160 1131 σκότῳ
3177 1061 3271 1114 καὶ
3291 1061 3518 1133 ἀπορίᾳ,
3533 1061 3591 1123 ἐς
3607 1079 3668 1114 τε
3683 1063 3817 1124 τοὺς
3842 1062 4061 1131 τοίχους

2485 1151 2977 1223 περιρῤηγνύμενοι
3018 1153 3085 1219 ⁸³,
3119 1153 3204 1206 καὶ
3247 1153 3350 1225 ἳπη
3385 1153 3682 1224 ἐτύγχανον
3727 1154 3966 1223 κείμενα
3991 1155 4061 1208 τὰ

2479 1247 2618 1300 ὅπλα
2638 1246 3070 1318 ἐπιλελησμένοι·
3087 1248 3216 1302 ἔνιοι
3244 1247 3301 1302 δὲ
3321 1248 3500 1302 αὐτῶν
3526 1247 3711 1319 καὶτῷ
3741 1250 3848 1318 ἤδη
3882 1249 4057 1314 ξυνει-

2477 1338 2674 1410 λῆφθαι
2701 1339 3082 1410 ἀπειρηκότες,
3111 1341 3346 1394 ούδενότι
3375 1341 3731 1412 ἐμηχανῶντο
3753 1383 3769 1405 ,
3791 1341 3972 1394 ἐϐόων
4001 1357 4059 1393 τι

2481 1430 2640 1498 μόνον
2679 1429 2836 1492 ἄλλος
2895 1430 3078 1484 ἄλλοθι
3115 1431 3210 1483 καὶ
3256 1430 3623 1502 ὠλοφύροντο,
3678 1431 3784 1484 οὐκ
3843 1431 4059 1500 ἔχοντες

2477 1520 2506 1572 ὃ
2533 1537 2584 1572 τι
2624 1521 2718 1573 καὶ
2751 1520 3026 1590 δράσαιεν.
3072 1520 3227 1574 Οῦτω
3259 1522 3315 1574 δὲ
3353 1523 3534 1575 αὐτῶν
3576 1520 4052 1589 καταπεπληγμέ-

2479 1625 2604 1670 νων,
2643 1610 3053 1672 ἐπεισπεσόντες
3079 1611 3131 1662 οἱ
3159 1608 3430 1680 βάρϐαροι
3459 1609 3622 1663 αύτόν
3645 1627 3708 1662 τε
3740 1611 4058 1680 ωτήριχον

2478 1700 2881 1754 κατακτείνουσι
2894 1701 3128 1763 καὶτοὺς
3143 1702 3335 1764 παῖδας
3358 1700 3452 1754 καὶ
3479 1701 3614 1768 πρός
3631 1718 3696 1769 γε
3734 1702 4057 1768 ξύμπαντας

2476 1795 2599 1845 τοὺς
2631 1791 2839 1855 ἄλλους,
2865 1793 3002 1864 πλὴν
3031 1793 3079 1845 εί
3108 1793 3183 1863 μή
3218 1810 3302 1856 τις
3325 1793 3389 1846 ἔκ
3415 1811 3562 1856 τινος
3587 1793 3755 1862 τυχὸν
3785 1793 4059 1861 ἁλάμενος

821 1896 1074 1956 tanquam
1131 1888 1314 1942 hostes
1360 1888 1620 1956 quosdam
1668 1899 1872 1948 revera,
1923 1899 2030 1940 non
2078 1895 2254 1940 autem
2305 1897 2364 1942 ut
2396 1886 2484 1944 Bt!

2396 1891 2436 1944 Β
2465 1884 2763 1956 όρσοθύρης
2792 1886 2900 1957 “ﬁ
2944 1886 3036 1939 καὶ
3077 1885 3250 1957 ἑτέρῳ
3291 1885 3468 1957 ὁποίῳ
3511 1885 3575 1952 δὴ
3631 1885 3832 1955 τρόπῳ
3881 1883 4056 1937 λαθὼν

821 1979 1028 2033 amicos
1053 1986 1109 2032 et
1145 1979 1309 2032 duces
1331 1992 1458 2033 suos
1486 1975 1908 2031 interfecissent.

2480 1977 2728 2050 διεσώθη.
2758 1978 2941 2033 Ταῦτα
2970 1979 3026 2033 δέ
3055 1978 3352 2050 δράσαντες
3376 1979 3427 2031 οἱ
3457 1978 3748 2049 ἀλιτήριοι,
3793 1977 4053 2030 ἐσκύλευ-

821 2090 918 2126 σαν
938 2073 1060 2136 τοὺς
1083 2073 1383 2144 κειμένους,
1411 2073 1480 2127 τά
1501 2091 1560 2126 τε
1588 2072 1722 2128 ἄλλα
1749 2072 1922 2126 ὁπόσα
1950 2072 2216 2143 ἐπήγοντο
2241 2073 2520 2142 κτήματα,
2583 2075 2678 2128 καὶ
2735 2075 2874 2146 πρός
2931 2091 2996 2143 γε
3023 2074 3084 2128 τὸ
3112 2073 3375 2145 βασιλέως
3405 2075 3733 2147 ἀφελόμενοι
3789 2073 4014 2145 χρυσίον
4035 2109 4050 2134 ,

820 2163 1065 2236 καθάπερ
1119 2162 1270 2228 τινὰς
1343 2165 1629 2236 πολεμίους
1677 2163 1753 2227 ὡς
1810 2153 2055 2233 ἀληθῶς,
2109 2164 2224 2217 ἀλλ’
2276 2165 2394 2236 οὐχὶ
2428 2166 2612 2236 φίλους
2643 2183 2702 2220 τε
2721 2165 2816 2221 καὶ
2834 2165 3109 2240 ἡγεμόνας
3139 2167 3514 2231 ἀπεκτονότες.

890 2257 977 2313 l7.
1021 2257 1371 2328 Posteaquam
1421 2274 1546 2313 vero
1599 2266 1813 2328 peracta
1867 2257 1982 2326 jam
2039 2260 2214 2313 atroci
2272 2259 2373 2314 hac

819 2359 996 2420 strage
1024 2349 1471 2406 excandescentia
1502 2350 1590 2404 illa
1620 2351 1930 2405 animorum
1974 2363 2138 2419 atque
2185 2351 2264 2406 ira
2297 2353 2374 2406 vi-

818 2445 1046 2499 debatur
1069 2442 1403 2499 deferbuisse
1445 2443 1740 2514 sedataque
1777 2460 1920 2510 esse,
1957 2444 2170 2515 expleto
2214 2446 2373 2500 nimi-

820 2551 939 2590 rmn
968 2549 1136 2604 pravo
1187 2536 1425 2604 ipsorum
1481 2535 1784 2602 desiderio;
1833 2545 1948 2591 tum
1989 2537 2193 2591 nudum
2231 2537 2283 2592 in
2315 2553 2374 2594 se

819 2624 1019 2679 factum
1050 2625 1476 2690 considerantes,
1511 2643 1694 2682 secum
1741 2637 2058 2697 reputarunt
2100 2640 2257 2699 atquc
2289 2629 2364 2684 in-

821 2715 1159 2782 tellexerunt,
1195 2718 1371 2786 qualis
1401 2719 1513 2773 alea
1545 2720 1676 2790 ipsis
1721 2731 1866 2776 esset
1889 2720 2073 2790 iacta;
2108 2724 2364 2791 quodque

819 2821 928 2860 non
962 2807 1132 2862 multo
1167 2816 1288 2876 post
1319 2807 1544 2863 Romani
1575 2821 1759 2866 essent
1789 2813 2000 2866 venturi
2036 2811 2199 2882 idque
2228 2815 2373 2868 ultu-

818 2893 898 2971 ri;
933 2910 1107 2964 neque
1133 2896 1234 2966 ipsi
1269 2897 1481 2951 illorum
1524 2899 1627 2952 vim
1655 2901 1922 2955 sustinere
1948 2912 2187 2971 possent.
2223 2901 2373 2967 Quo-

818 2986 962 3042 circa
993 2997 1177 3057 aperta
1231 2988 1530 3044 delectione
1577 2990 1739 3054 facta,
1796 2991 1990 3047 l‘ersas
2028 2993 2280 3048 adierunt
2320 3003 2372 3050 et

819 3086 1066 3132 oratores
1083 3079 1365 3143 miserunt,
1388 3082 1720 3152 postulantes
1748 3092 1806 3138 ut
1831 3084 1978 3153 ipsos
1994 3086 2222 3141 tuendos
2246 3101 2373 3141 sus-

820 3164 1082 3234 ciperent,
1133 3173 1187 3220 et
1212 3174 1469 3236 tanquam
1500 3168 1733 3224 subditis
1755 3169 2008 3239 deinceps
2037 3170 2370 3240 opitularen-

821 3265 929 3313 tur.
957 3255 1084 3313 Haec
1105 3274 1233 3315 vero
1261 3262 1442 3316 omnia
1468 3273 1817 3332 posteaquam
1849 3261 2212 3318 Romanorum
2241 3279 2374 3332 prte-

821 3348 978 3405 fectis
1006 3360 1133 3405 sunt
1165 3355 1494 3418 renuntiata,
1523 3353 1744 3424 indigne
1777 3354 1993 3424 quidem
2017 3369 2081 3410 ea
2105 3355 2375 3410 molestis-

821 3441 1062 3510 simeque
1083 3442 1343 3507 tulerunt,
1370 3443 1560 3499 ulcisci
1585 3453 1764 3498 tamen
1798 3459 1828 3498 e
1851 3444 2078 3514 vestigio
2107 3460 2216 3500 non
2238 3446 2372 3501 satis

2544 2260 2629 2326 ιζ’.
2669 2261 2821 2316 Ἐπεὶ
2844 2261 2900 2316 δὲ
2921 2261 3102 2324 αὐτοῖς
3117 2261 3184 2316 τὰ
3211 2261 3310 2332 τῆς
3341 2260 3652 2332 μιαιφονίας
3679 2258 4045 2329 ἀπείργαστο,

2470 2352 2565 2404 καὶ⁸
2598 2351 2660 2405 τὸ
2685 2351 2982 2406 ἀνοιδαῖνον
3009 2351 3148 2415 τέως
3176 2351 3224 2384 ⁸⁵
3251 2353 3349 2422 τῆς
3402 2350 3629 2421 γνώμης
3674 2350 3774 2405 καί
3830 2350 4046 2420 ὀργιζὸ-

2473 2459 2654 2512 μενον,
2689 2442 2766 2513 τῷ
2796 2442 3218 2514 άποπλησθῆναι
3249 2443 3351 2510 τὴν
3373 2441 3692 2512 ἐπιθυμίαν,
3762 2441 4048 2510 ὑποχαλᾷν

2471 2535 2646 2587 ἐδόκει
2674 2535 2768 2588 καὶ
2785 2513 3264 2606 ίπεριστέλλεσθαι,
3282 2535 3403 2589 τότε
3431 2534 3496 2604 δὴ
3524 2534 3571 2566 ’⁵⁸
3601 2534 3762 2604 μόνον
3786 2533 3850 2586 τὺ
3871 2550 4047 2603 πραχ-

2472 2625 2562 2679 θέν
2599 2627 2682 2695 ἐφ’
2713 2625 2858 2698 αύτῷ
2893 2626 3330 2692 διασκοποῦντες,
3369 2625 3759 2695 ἀνελογίζοντο,
3786 2626 3890 2678 καὶ
3926 2624 4044 2689 ξυν-

2475 2716 2623 2769 ίεσαν
2680 2718 2860 2780 ὁποῖος
2909 2718 3094 2781 αὐτοῖς
3131 2717 3428 2789 ἀνέρῤιπτο
3487 2717 3534 2749 ⁸⁸
3582 2716 3768 2779 κύϐος.
3832 2716 3924 2768 ὅτι
3985 2730 4042 2767 τε

2471 2810 2570 2861 οὐκ
2600 2810 2658 2873 ἐς
2686 2809 2903 2880 μακρὰν
2935 2809 3154 2880 ἥξουσιν
3187 2810 3238 2862 οί
3281 2810 3538 2878 Ῥωμαῖοι
3567 2807 4042 2878 τιμωρησείοντες

2472 2898 2516 2929 ⁸⁷
2549 2900 2642 2952 καὶ
2670 2900 2750 2953 ὃτι
2778 2900 2972 2962 αὐτοὺς
3001 2901 3201 2954 ἐκεῖνοι
3229 2900 3330 2953 οὐκ
3361 2899 3772 2969 ύποστήσονται.
3797 2897 4045 2967 Τοιγάρ-

2471 3007 2552 3042 τοι
2589 2991 2884 3060 άναφανδὸν
2916 2991 3272 3055 ἀποστάντες,
3301 2989 3680 3062 προσεχώρουν
3711 2991 3825 3050 τοῖς
3896 2989 4045 3057 Πέρ-

2474 3099 2612 3144 σαις.
2653 3083 2746 3136 καὶ
2771 3081 3187 3154 ἐπρεσϐεύοντο,
3221 3081 3576 3152 ὑποδέχεσθαί
3630 3097 3689 3133 τε
3746 3081 3894 3147 σφᾶς
3952 3081 4042 3132 αξ·

2469 3172 2737 3242 τούμενοι,
2765 3173 2858 3228 καὶ
2886 3172 2962 3236 ὡς
2990 3172 3054 3244 δὴ
3081 3173 3372 3243 κατηκόοις
3422 3170 3668 3226 τολοιπδν
3700 3172 4039 3240 ἐπαρήγειν.

2471 3265 2686 3317 Τούτων
2713 3264 2770 3318 δὲ
2817 3264 3075 3318 ἁπάντων
3120 3264 3234 3326 τοῖς
3287 3262 3396 3316 τῶν
3456 3261 3738 3330 Ῥωμαίων
3787 3276 4041 3330 στρατη-

2470 3359 2585 3424 γοίς
2621 3355 3054 3426 ἀπηγγελμένων
3100 3354 3166 3416 ⁸⁸.
3223 3354 3574 3425 ἐχαλέπαινον
3629 3352 3729 3423 μὲν
3778 3352 3904 3420 οἵγε
3946 3352 4043 3405 καὶ

2470 3446 2816 3516 ἐδυσφόρουν,
2846 3445 3098 3500 τίσασθαι
3151 3445 3209 3499 δέ
3242 3443 3556 3516 παραυτίκα
3583 3445 3709 3507 τοὺς
3760 3443 4040 3512 Μισιμια-

822 3543 1089 3603 poterant,
1114 3537 1470 3606 occupatione
1500 3535 1646 3590 circa
1699 3535 1921 3606 majoris
1962 3536 2220 3590 momenti
2252 3551 2368 3592 rem
2395 3521 2438 3576 (ἶ
2468 3556 2485 3590 π

2395 3521 2438 3576 (ἶ
2468 3538 2591 3598 νοὺς
2619 3537 2680 3588 ού
2727 3537 2871 3607 μάλα
2932 3536 3220 3608 ἠδύναντο,
3272 3536 3582 3606 πιεζόμενοι
3632 3538 3698 3605 τῇ
3745 3535 3881 3604 περὶ
3941 3534 4036 3587 τοῦ

821 3627 1117 3696 praepediti.
1151 3625 1268 3680 Jam
1298 3627 1444 3683 enim
1495 3627 1845 3696 Naehoragan
1890 3627 2168 3697 sexaginta
2207 3627 2372 3682 bella-

820 3724 998 3770 torum
1027 3717 1193 3771 millia
1222 3717 1288 3771 ad
1323 3718 1552 3773 insulam
1599 3718 1873 3783 ductabat,
1905 3733 2067 3789 quam
2107 3717 2371 3775 Martinus

819 3817 875 3861 et
908 3805 1151 3864 Justinus
1195 3806 1448 3864 Germani
1492 3810 1650 3880 177
1689 3809 1832 3864 [ilius
1861 3824 2160 3878 eorumque
2203 3810 2372 3880 copiae

819 3898 1152 3967 insidebant;
1177 3901 1374 3956 milites
1393 3908 1572 3955 autem
1596 3899 1916 3956 mercenarii
1935 3901 2150 3957 natione
2165 3899 2368 3970 Hunni,

817 3991 912 4060 qui
941 3989 1116 4046 Sabiri
1142 4001 1402 4047 vocantur
1426 3993 1635 4058 (aderat
1663 3994 1807 4048 enim
1847 3992 2110 4050 Romanis
2138 3993 2368 4050 militum

817 4085 1081 4152 gravioris
1097 4095 1385 4138 armatura;
1411 4085 1588 4154 portio
1615 4084 1847 4139 duorum
1881 4086 2096 4140 circiter
2116 4085 2367 4152 millium;

816 4189 954 4243 quos
981 4176 1272 4230 ductabant
1299 4174 1552 4231 Balmach
1587 4185 1640 4230 et
1659 4177 1918 4231 Coutilsis
1951 4185 2006 4231 et
2029 4176 2205 4246 lliger,
2229 4177 2370 4231 cele-

816 4265 1111 4320 bratissimi
1151 4266 1290 4337 apud
1340 4267 1462 4321 illos
1506 4267 1654 4335 viri),
1689 4268 1743 4322 hi
1793 4268 1974 4338 itaque
2008 4267 2186 4321 Sabiri
2221 4267 2365 4322 circa

818 4355 1212 4426 Arcbatopolim
1239 4367 1292 4411 et
1319 4357 1763 4426 circumjacentes
1791 4373 2034 4427 campos,
2057 4367 2221 4429 prout
2241 4357 2371 4427 ipsis

815 4444 1080 4503 Martinus
1126 4447 1426 4515 mandarat,
1473 4458 1649 4504 castra
1693 4457 2020 4520 posuerant;
2080 4458 2138 4504 ut
2189 4449 2372 4504 hostes

819 4537 1163 4607 (videbantur
1189 4539 1331 4593 enim
1367 4542 1487 4596 illac
1518 4541 1820 4610 transituri)
1843 4543 2020 4612 quoad
2049 4550 2267 4611 possent
2290 4541 2370 4594 in-

817 4627 1120 4696 instarent,
1171 4639 1226 4686 et
1274 4632 1625 4688 dilliciliorem
1675 4634 1954 4704 magisque
2003 4634 2368 4703 periculosum.

818 4717 952 4786 ipsis
985 4718 1264 4772 transitum
1310 4721 1614 4776 redderent.
1651 4721 2006 4792 Naehoragau
2048 4735 2175 4774 vero
2221 4729 2370 4790 post-

2472 3624 2713 3694 μείζονος
2740 3625 2982 3696 ἀσχολίᾳ.
3015 3624 3151 3697 Ἤδη
3199 3625 3306 3698 γάρ
3338 3626 3367 3678 δ
3394 3626 3720 3696 Ναχοραγὰν
3757 3624 4039 3696 ἐξήκοντά.

2470 3733 2573 3768 που
2603 3716 2842 3785 χιλιάδας
2886 3717 3142 3788 μαχίμων
3195 3717 3409 3789 ἀνδρῶν
3436 3717 3482 3781 ⁸9
3514 3718 3877 3787 ἐπαγόμενος,
3943 3719 4038 3770 ἐπὶ

2467 3804 2567 3876 τὴν
2599 3807 2776 3876 Νῆσον
2809 3808 3020 3876 ἐφοίτα,
3048 3808 3135 3861 ἵνα
3164 3809 3439 3874 Μαρτῖνός
3463 3825 3524 3861 τε
3575 3811 3672 3862 καὶ
3743 3807 4038 3872 Ἰουστίνος

2468 3897 2514 3929 ⁵ο
2543 3899 2571 3950 ὁ
2619 3897 2897 3969 Γερμανοῦ
2943 3899 3038 3952 καὶ
3094 3897 3166 3952 τὰ
3222 3900 3360 3969 ἀμφ’
3398 3899 3595 3962 αὐτοὺς
3643 3899 4037 3971 στρατεύματα

2467 3987 2759 4058 ἐτύγχανον
2791 3985 3172 4058 ξυνειλεγμένα
3190 4005 3204 4019 ·
3244 3992 3293 4043 οἱ
3320 3991 3377 4044 δέ
3409 3991 3474 4044 ἐκ
3501 3990 3609 4043 τῶν
3635 3989 3852 4043 θύννων
3910 4009 4032 4061 μισ·

2467 4077 2706 4150 θοφόροι,
2738 4081 2845 4133 τῶν
2870 4080 2935 4152 δὴ
2966 4081 3239 4153 Σαϐείρων
3284 4080 3696 4154 ὀνομαζομένων
3749 4084 4034 4152 (παρῆσαν

2465 4171 2574 4242 γὰρ
2623 4173 2735 4234 τοῖς
2775 4172 3340 4247 Ῥωμαίοιςδπλιτῶν
3388 4174 3668 4244 ἀπόμοιρα
3719 4173 3780 4226 ού
3842 4174 4033 4247 πολλῷ

2467 4261 2723 4324 ἐλάσσους
2743 4261 2850 4316 τῶν
2860 4243 3133 4333 δισχιλίων
3147 4281 3160 4294 ο
3186 4264 3412 4334 ἡγοῦντο
3431 4264 3487 4318 δὲ
3507 4243 3684 4318 αὐτῶν
3710 4264 3946 4336 Βαλμάχ
3966 4243 4026 4318 τε

2466 4355 2561 4408 καὶ
2595 4355 2880 4421 Κούτιλζις
2929 4358 3023 4411 xui.
3074 4357 3278 4430 Ἰλιγερ
3337 4358 3402 4424 ⁸¹,
3459 4357 3650 4426 ἄνδρες
3696 4357 3803 4410 τῶν
3873 4360 4031 4429 παρὰ

2467 4445 2648 4512 σφίσιν
2703 4446 3188 4516 ὀνομαστοτάτων),
3218 4441 3362 4500 οὗτοι
3419 4446 3484 4518 δὴ
3520 4442 3614 4500 οῦν
3666 4448 3712 4500 οἱ
3770 4447 4029 4518 Σάδειροι

2465 4536 2608 4607 ἀμφὶ
2655 4537 2754 4609 τὴν
2803 4537 2861 4591 Ἀ
2872 4536 3180 4609 ρχαιόπολιν
3223 4539 3316 4591 καὶ
3342 4538 3410 4592 τὰ
3438 4539 3624 4612 ἐκείνῃ
3646 4539 3824 4598 πεδία,
3849 4555 4027 4610 προσ-

2464 4629 2791 4699 τεταγμένον
2825 4629 3004 4691 αύτοῖς
3031 4628 3446 4700 ύπδΜαρτίνου,
3465 4629 4027 4701 ἐστρατοπεδεύσαντο

2467 4724 2552 4791 ἐφ’
2673 4724 2800 4787 τοὺς
2849 4721 3137 4792 πολεμίους
3191 4721 3423 4794 (ἐνθένδε
3473 4722 3582 4792 γὰρ
3621 4721 3856 4791 ἤμελλον
3910 4723 4024 4776 δια-

815 4825 978 4878 quam
998 4810 1217 4865 Sahiros
1240 4827 1299 4865 ea
1327 4811 1446 4867 loca
1485 4813 1748 4868 insedisse
1775 4813 2042 4880 cognovit,
2075 4813 2278 4868 delecta
2299 4829 2365 4868 ex
2395 4877 2426 4883 _
2466 4815 2478 4862 l

2356 4829 2426 4883 :_
2466 4811 2772 4883 δήσεσθαι),
2808 4810 2884 4874 ώς
2909 4810 2975 4864 ἂν
3007 4805 3111 4863 οἷοί
3161 4827 3220 4864 τε
3278 4807 3388 4864 εἷεν
3441 4809 3803 4880 πημαίνοντες
3857 4813 4019 4878 χαλε-

816 4897 1120 4951 auxiliariis
1151 4896 1544 4953 Dilimnitarum
1585 4901 1757 4969 copiis
1789 4901 2029 4954 virorum
2069 4901 2170 4954 tria
2195 4901 2360 4956 millia
2392 4877 2479 4957 Dr

2356 4927 2360 4956 ι
2392 4877 2440 4938 D
2463 4877 2714 4972 πωτέραν
2730 4877 2922 4964 ἀὐτοῖς
2947 4901 3042 4955 καὶ
3070 4901 3482 4972 σφαλερωτέραν
3505 4877 3552 4932 ἶ³
3575 4877 3890 4970 ποιήσοιντο
3924 4903 4019 4970 τὴν

816 4985 1098 5041 confestim
1136 4987 1188 5039 in
1216 5003 1311 5042 eos
1333 4989 1499 5054 misit,
1553 5005 1675 5044 cum
1727 4993 1994 5046 mandatis
2039 4994 2180 5060 (erat
2215 4994 2358 5048 cnim

818 5095 1078 5152 arrogans
1105 5089 1159 5134 et
1181 5079 1567 5154 iactabundus)
1615 5093 1674 5140 ut
1710 5098 1900 5140 onmes
1947 5085 2162 5156 penitus
2197 5085 2362 5140 inter-

2462 4997 2706 5068 πορείαν.
2749 4997 2808 5048 ’0
2835 4995 2892 5049 δὲ
2941 4993 3286 5066 Ναχοραγὰν,
3330 4994 3515 5060 ἐπειδὴ
3547 4995 3603 5056 ἐς
3641 4992 3799 5045 τοῦτο
3823 4995 4018 5062 τετάχ-

2463 5086 2554 5142 θαι
2589 5087 2713 5151 τοὺς
2769 5085 3067 5159 Σαὸείρους
3129 5085 3425 5151 ἐπέπυστο,
3472 5084 3876 5156 ἀπολεξάμενος
3955 5088 4018 5138 ἐκ

2084 5261 2320 5317 VARIA‘S
2356 5260 2740 5318 LECTIONES

885 5394 929 5425 “
967 5392 1214 5470 σισύραις
1245 5395 1319 5470 R._
1348 5395 1575 5470 σκύραις
1603 5398 1743 5465 vnlg.
1799 5397 1960 5470 intpr.
1985 5409 2118 5453 ueste
2155 5399 2396 5470 oblonga.

2505 5400 2549 5432 “
2573 5399 2827 5470 ἀλύοντες
2881 5399 3076 5470 scripsi
3113 5415 3224 5470 quo
3245 5401 3372 5470 vulg
3396 5401 3633 5463 ἁλόντες.
3679 5399 3904 5462 ἁλόντες
3951 5401 4013 5464 R,

815 5463 982 5531 iutpr.
1041 5465 1320 5542 errabundi
1361 5463 1766 5542 diuagabantur,
1813 5463 1966 5542 quasi
2010 5463 2548 5542 Ιθςετίιμάὶῖώμενοι.
2599 5469 2734 5524 Num
2789 5463 2954 5542 ᾔεσαν
2975 5463 3368 5542 ξ’,υιιῖνοι-βυιὲἶ
3397 5471 3584 5542 locum
3627 5463 4014 5542 emendatione

810 5548 975 5601 egere
1009 5535 1296 5604 perspicio,
1348 5535 1498 5616 satis
1527 5535 1856 5607 probabilem
1894 5535 2106 5594 invento
2145 5535 2390 5594 nullam.‘
2443 5542 2488 5572 “
2516 5535 2890 5622 περιρηγν,”’ίι.
2987 5539 3033 5572 ⁸³
3057 5540 3356 5662 οἰσοθύρης
3397 5538 3463 5602 R,
3510 5540 3811 5620 ῥρσοθύρας
3865 5543 4010 5604 vulg.

815 5605 862 5634 “
887 5602 1023 5662 τέως
1050 5619 1156 5659 om.
1194 5603 1238 5658 Β
1283 5613 1336 5660 et
1372 5615 1534 5662 mtnr.
1607 5608 1653 5639 "
1677 5608 1796 5659 τότε
1823 5608 1880 5660 δὲ
1919 5610 1982 5662 Β.
2016 5610 2099 5662 ἐφ’
2135 5611 2279 5662 αὑτῶ
2308 5609 2468 5662 Item.
2494 5612 2668 5662 ἐαυτιιι
2696 5611 2839 5662 vuln.
2934 5609 2979 5641 “
3003 5610 3068 5662 ἀν
3103 5611 3296 5662 ὁὺιπτο
3314 5625 3546 5662 correxi.
3576 5609 3906 5662 ἁνέδόιπται
3949 5609 4010 5662 Β.

815 5605 862 5681 ξ’
886 5602 1024 5681 τέως
1050 5602 1156 5659 om.
1283 5602 1543 5681 etintpr.‘
1607 5608 1653 5639 "
1677 5608 1796 5681 τότε
1823 5608 1880 5660 δὲ
1919 5610 1982 5681 Β.
2016 5610 2099 5678 ἐφ’
2135 5611 2279 5679 αὐτῷ
2308 5609 2468 5680 mea.
2494 5602 2839 5681 éau'tr'frvulg.

815 5673 1099 5743 ἐνέρῤιπτο
1122 5675 1208 5728 vul

816 5691 1099 5743 ενερριπτο
1122 5691 1208 5728 vul

816 5741 1058 5812 Πετρῶν.
1078 5811 1094 5812 η
1130 5745 1176 5776 ⁸⁸

817 5811 1057 5882 ρωτίραν
1076 5811 1144 5877 ιι,
1171 5815 1586 5885 σφαλερωτάτην
1607 5811 1744 5887 vulg.

3101 5609 3296 5681 ῤῥιπτο
3314 5610 3546 5681 correxi.
3576 5609 3906 5681 ᾁνέρῤιπται
3949 5609 4013 5681 [ξ.

1254 5715 1267 5728 .
1285 5693 1303 5712 ο
1342 5673 1396 5755 δῖ
1422 5673 1872 5755 τιμερρησείοντες
1894 5679 1986 5755 μιι,
2027 5673 2238 5755 τιμωρῄ
2252 5673 2433 5755 σοντες
2453 5681 2614 5755 vnlg;
2640 5673 2652 5681 ’
2675 5680 2724 5711 ⁸⁸
2748 5673 3149 5755 ᾁπηγγεμένων
3175 5681 3294 5750 sph.
3318 5679 3446 5755 Par.
3495 5680 3564 5755 _"
3585 5673 3690 5733 Pro
3713 5673 3947 5755 ἀνδρῶν
3970 5678 4022 5755 Β.

1246 5745 1483 5821 ουστῖνος
1517 5744 1560 5796 R
1585 5758 1636 5798 et
1660 5747 1846 5821 i_ntpr.,
1894 5744 2259 5815 ’1ουστινιανὺς
2291 5752 2432 5820 vulg.
2507 5752 2548 5782 "
2571 5744 3219 5821 BarnalchfCnpilscsquc'
3239 5759 3290 5803 et
3308 5748 3657 5820 Lagcrintpr.
3731 5749 3778 5780 "
3812 5744 4010 5818 σφαλεὲ
