  <div class='ocr_page' id='page_1' title='image "/cluster/home/n/w/nwhite01/storage/ocr_20150623/88/nnc1.0046980237/728.png"; bbox 0 0 4212 6438; ppageno 0'>
   <div class='ocr_carea' id='block_1_1' title="bbox 210 407 342 474">
    <p class='ocr_par' dir='ltr' id='par_1_1' title="bbox 210 407 342 474">
     <span class='ocr_line' id='line_1_1' title="bbox 210 407 342 474; baseline -0.023 0"><span class='ocrx_word' id='word_1_1' title='bbox 210 407 342 474; x_wconf 76' lang='grc'>1441</span> 
     </span>
    </p>
   </div>
   <div class='ocr_carea' id='block_1_2' title="bbox 1325 408 2283 474">
    <p class='ocr_par' dir='ltr' id='par_1_2' title="bbox 1325 408 2283 474">
     <span class='ocr_line' id='line_1_2' title="bbox 1325 408 2283 474; baseline 0.007 -7"><span class='ocrx_word' id='word_1_2' title='bbox 1325 408 1860 469; x_wconf 78' lang='lat' dir='ltr'>IIISTORIARUM</span> <span class='ocrx_word' id='word_1_3' title='bbox 1917 410 2144 470; x_wconf 68' lang='lat' dir='ltr'>LIBER</span> <span class='ocrx_word' id='word_1_4' title='bbox 2171 412 2283 474; x_wconf 89' lang='grc' dir='ltr'>ΙῘΙ.</span> 
     </span>
    </p>
   </div>
   <div class='ocr_carea' id='block_1_3' title="bbox 3282 427 3418 496">
    <p class='ocr_par' dir='ltr' id='par_1_3' title="bbox 3282 427 3418 496">
     <span class='ocr_line' id='line_1_3' title="bbox 3282 427 3418 496; baseline 0.029 -4"><span class='ocrx_word' id='word_1_5' title='bbox 3282 427 3418 496; x_wconf 75' lang='grc'>1442</span> 
     </span>
    </p>
   </div>
   <div class='ocr_carea' id='block_1_4' title="bbox 201 519 1864 612">
    <p class='ocr_par' dir='ltr' id='par_1_4' title="bbox 201 519 1836 612">
     <span class='ocr_line' id='line_1_4' title="bbox 201 519 1836 612; baseline 0.001 -37"><span class='ocrx_word' id='word_1_6' title='bbox 201 524 314 576; x_wconf 83' lang='grc' dir='ltr'>τῶν</span> <span class='ocrx_word' id='word_1_7' title='bbox 346 519 851 592; x_wconf 86' lang='grc' dir='ltr'>ξυστρατευομένων</span> <span class='ocrx_word' id='word_1_8' title='bbox 881 521 928 552; x_wconf 78' lang='grc'>⁸³</span> <span class='ocrx_word' id='word_1_9' title='bbox 957 521 1275 591; x_wconf 83' lang='grc' dir='ltr'>Διλιμνιτῶν</span> <span class='ocrx_word' id='word_1_10' title='bbox 1305 523 1503 612; x_wconf 76' lang='grc' dir='ltr'>ἄνδρας</span> <span class='ocrx_word' id='word_1_11' title='bbox 1533 527 1590 587; x_wconf 80' lang='grc' dir='ltr'>ἐς</span> <span class='ocrx_word' id='word_1_12' title='bbox 1609 541 1763 596; x_wconf 87' lang='grc' dir='ltr'>τρισ-</span> <span class='ocrx_word' id='word_1_13' title='bbox 1790 533 1836 589; x_wconf 75' lang='grc' dir='ltr'><strong>Α</strong></span> 
     </span>
    </p>
   </div>
   <div class='ocr_carea' id='block_1_5' title="bbox 1756 519 3419 612">
    <p class='ocr_par' dir='ltr' id='par_1_5' title="bbox 1756 528 3419 612">
     <span class='ocr_line' id='line_1_5' title="bbox 1756 528 3419 612; baseline 0.013 -33"><span class='ocrx_word' id='word_1_14' title='bbox 1756 555 1763 566; x_wconf 77' lang='grc' dir='ltr'>ι</span> <span class='ocrx_word' id='word_1_15' title='bbox 1790 533 1836 589; x_wconf 75' lang='grc' dir='ltr'><strong>Α</strong></span> <span class='ocrx_word' id='word_1_16' title='bbox 1865 528 2104 594; x_wconf 78' lang='lat' dir='ltr'><strong>ficerent,</strong></span> <span class='ocrx_word' id='word_1_17' title='bbox 2129 544 2196 583; x_wconf 89' lang='lat' dir='ltr'>ne</span> <span class='ocrx_word' id='word_1_18' title='bbox 2235 530 2335 584; x_wconf 83' lang='lat' dir='ltr'>sibi</span> <span class='ocrx_word' id='word_1_19' title='bbox 2375 531 2440 585; x_wconf 91' lang='lat' dir='ltr'>ad</span> <span class='ocrx_word' id='word_1_20' title='bbox 2465 532 2707 602; x_wconf 69' lang='lat' dir='ltr'><strong>praelium</strong></span> <span class='ocrx_word' id='word_1_21' title='bbox 2754 538 2903 592; x_wconf 88' lang='lat' dir='ltr'><strong>eunti</strong></span> <span class='ocrx_word' id='word_1_22' title='bbox 2949 539 3023 595; x_wconf 85' lang='lat' dir='ltr'><strong>illi</strong></span> <span class='ocrx_word' id='word_1_23' title='bbox 3047 557 3078 595; x_wconf 84' lang='lat' dir='ltr'><strong>a</strong></span> <span class='ocrx_word' id='word_1_24' title='bbox 3107 549 3260 612; x_wconf 82' lang='lat' dir='ltr'><strong>tergo</strong></span> <span class='ocrx_word' id='word_1_25' title='bbox 3289 545 3419 601; x_wconf 90' lang='lat' dir='ltr'><strong>insi-</strong></span> 
     </span>
    </p>
   </div>
   <div class='ocr_carea' id='block_1_6' title="bbox 199 602 1761 686">
    <p class='ocr_par' dir='ltr' id='par_1_6' title="bbox 199 602 1761 686">
     <span class='ocr_line' id='line_1_6' title="bbox 199 602 1761 686; baseline 0.002 -20"><span class='ocrx_word' id='word_1_26' title='bbox 199 615 428 683; x_wconf 85' lang='grc' dir='ltr'>χιλίους.</span> <span class='ocrx_word' id='word_1_27' title='bbox 476 613 669 666; x_wconf 83' lang='grc' dir='ltr'>αὐτίκα</span> <span class='ocrx_word' id='word_1_28' title='bbox 701 613 787 666; x_wconf 81' lang='grc' dir='ltr'>ἐπ’</span> <span class='ocrx_word' id='word_1_29' title='bbox 842 613 1039 675; x_wconf 73' lang='grc' dir='ltr'>αὐτοὺς</span> <span class='ocrx_word' id='word_1_30' title='bbox 1092 612 1318 680; x_wconf 77' lang='grc' dir='ltr'>ἔστειλε,</span> <span class='ocrx_word' id='word_1_31' title='bbox 1349 602 1761 686; x_wconf 64' lang='grc' dir='ltr'>πάρακελευσάο</span> 
     </span>
    </p>
   </div>
   <div class='ocr_carea' id='block_1_7' title="bbox 202 698 1762 778">
    <p class='ocr_par' dir='ltr' id='par_1_7' title="bbox 202 698 1762 778">
     <span class='ocr_line' id='line_1_7' title="bbox 202 698 1762 778; baseline 0.001 -22"><span class='ocrx_word' id='word_1_32' title='bbox 202 720 362 773; x_wconf 87' lang='grc' dir='ltr'>μενος</span> <span class='ocrx_word' id='word_1_33' title='bbox 395 698 484 774; x_wconf 78' lang='grc' dir='ltr'>(ἦν</span> <span class='ocrx_word' id='word_1_34' title='bbox 516 705 623 774; x_wconf 81' lang='grc' dir='ltr'>γὰρ</span> <span class='ocrx_word' id='word_1_35' title='bbox 649 703 865 767; x_wconf 78' lang='grc' dir='ltr'>ἀλαζὼν</span> <span class='ocrx_word' id='word_1_36' title='bbox 917 704 1011 756; x_wconf 82' lang='grc' dir='ltr'>καὶ</span> <span class='ocrx_word' id='word_1_37' title='bbox 1047 703 1338 775; x_wconf 67' lang='grc' dir='ltr'>ὑψηγόρος)</span> <span class='ocrx_word' id='word_1_38' title='bbox 1363 706 1531 778; x_wconf 84' lang='grc' dir='ltr'>ἄρδην</span> <span class='ocrx_word' id='word_1_39' title='bbox 1585 706 1762 760; x_wconf 78' lang='grc' dir='ltr'>ἃπαν-</span> 
     </span>
    </p>
   </div>
   <div class='ocr_carea' id='block_1_8' title="bbox 197 795 1761 870">
    <p class='ocr_par' dir='ltr' id='par_1_8' title="bbox 197 795 1761 870">
     <span class='ocr_line' id='line_1_8' title="bbox 197 795 1761 870; baseline 0.003 -23"><span class='ocrx_word' id='word_1_40' title='bbox 197 811 300 856; x_wconf 90' lang='grc' dir='ltr'>τας</span> <span class='ocrx_word' id='word_1_41' title='bbox 342 795 672 867; x_wconf 84' lang='grc' dir='ltr'>διαφθεῖραι,</span> <span class='ocrx_word' id='word_1_42' title='bbox 698 796 772 861; x_wconf 86' lang='grc' dir='ltr'>ὡς</span> <span class='ocrx_word' id='word_1_43' title='bbox 800 797 866 850; x_wconf 82' lang='grc' dir='ltr'>ἂν</span> <span class='ocrx_word' id='word_1_44' title='bbox 914 798 962 849; x_wconf 80' lang='grc' dir='ltr'>οἰ</span> <span class='ocrx_word' id='word_1_45' title='bbox 1024 797 1154 851; x_wconf 85' lang='grc' dir='ltr'>ίόντι</span> <span class='ocrx_word' id='word_1_46' title='bbox 1192 797 1239 829; x_wconf 75' lang='grc'>⁸⁸</span> <span class='ocrx_word' id='word_1_47' title='bbox 1271 796 1356 870; x_wconf 65' lang='grc' dir='ltr'>[Ρδ</span> <span class='ocrx_word' id='word_1_48' title='bbox 1379 797 1468 870; x_wconf 81' lang='lat'>9&#39;5]</span> <span class='ocrx_word' id='word_1_49' title='bbox 1521 800 1615 852; x_wconf 75' lang='grc' dir='ltr'>ἐπὶ</span> <span class='ocrx_word' id='word_1_50' title='bbox 1670 799 1761 853; x_wconf 82' lang='grc' dir='ltr'>τὸν</span> 
     </span>
    </p>
   </div>
   <div class='ocr_carea' id='block_1_9' title="bbox 197 883 1752 959">
    <p class='ocr_par' dir='ltr' id='par_1_9' title="bbox 197 883 1752 959">
     <span class='ocr_line' id='line_1_9' title="bbox 197 883 1752 959; baseline 0.004 -22"><span class='ocrx_word' id='word_1_51' title='bbox 197 883 434 954; x_wconf 87' lang='grc' dir='ltr'>πόλεμον</span> <span class='ocrx_word' id='word_1_52' title='bbox 461 884 682 938; x_wconf 68' lang='grc' dir='ltr'>ὄπισθεν</span> <span class='ocrx_word' id='word_1_53' title='bbox 707 887 901 940; x_wconf 82' lang='grc' dir='ltr'>ἐκεῖνοι</span> <span class='ocrx_word' id='word_1_54' title='bbox 934 888 1308 958; x_wconf 80' lang='grc' dir='ltr'>ἐφεδρεύοντες</span> <span class='ocrx_word' id='word_1_55' title='bbox 1339 889 1710 959; x_wconf 82' lang='grc' dir='ltr'>ύπολειφθεῖεν</span> <span class='ocrx_word' id='word_1_56' title='bbox 1737 909 1752 924; x_wconf 78' lang='grc' dir='ltr'><strong><em>ο</em></strong></span> 
     </span>
    </p>
   </div>
   <div class='ocr_carea' id='block_1_10' title="bbox 195 974 1757 1054">
    <p class='ocr_par' dir='ltr' id='par_1_10' title="bbox 195 974 1757 1054">
     <span class='ocr_line' id='line_1_10' title="bbox 195 974 1757 1054; baseline 0.007 -28"><span class='ocrx_word' id='word_1_57' title='bbox 195 975 250 1026; x_wconf 85' lang='grc' dir='ltr'>οί</span> <span class='ocrx_word' id='word_1_58' title='bbox 295 974 354 1028; x_wconf 85' lang='grc' dir='ltr'>δὲ</span> <span class='ocrx_word' id='word_1_59' title='bbox 391 975 714 1045; x_wconf 85' lang='grc' dir='ltr'>Διλιμνῖται,</span> <span class='ocrx_word' id='word_1_60' title='bbox 739 977 994 1048; x_wconf 88' lang='grc' dir='ltr'>μέγιστον</span> <span class='ocrx_word' id='word_1_61' title='bbox 1030 979 1178 1044; x_wconf 73' lang='grc' dir='ltr'>ἔθνος</span> <span class='ocrx_word' id='word_1_62' title='bbox 1207 980 1314 1034; x_wconf 83' lang='grc' dir='ltr'>τῶν</span> <span class='ocrx_word' id='word_1_63' title='bbox 1371 983 1519 1045; x_wconf 79' lang='grc' dir='ltr'>ἐντὸς</span> <span class='ocrx_word' id='word_1_64' title='bbox 1551 983 1757 1054; x_wconf 87' lang='grc' dir='ltr'>Τίγρη-</span> 
     </span>
    </p>
   </div>
   <div class='ocr_carea' id='block_1_11' title="bbox 193 1066 1755 1146">
    <p class='ocr_par' dir='ltr' id='par_1_11' title="bbox 193 1066 1755 1146">
     <span class='ocr_line' id='line_1_11' title="bbox 193 1066 1755 1146; baseline 0.008 -29"><span class='ocrx_word' id='word_1_65' title='bbox 193 1081 290 1127; x_wconf 86' lang='grc' dir='ltr'>τος</span> <span class='ocrx_word' id='word_1_66' title='bbox 310 1066 355 1097; x_wconf 86' lang='grc'>⁸⁸</span> <span class='ocrx_word' id='word_1_67' title='bbox 414 1067 660 1138; x_wconf 87' lang='grc' dir='ltr'>ποταμοῦ</span> <span class='ocrx_word' id='word_1_68' title='bbox 704 1071 772 1139; x_wconf 83' lang='grc' dir='ltr'>τῇ</span> <span class='ocrx_word' id='word_1_69' title='bbox 834 1069 1054 1142; x_wconf 75' lang='grc' dir='ltr'>Περσίδι</span> <span class='ocrx_word' id='word_1_70' title='bbox 1106 1071 1258 1144; x_wconf 77' lang='grc' dir='ltr'>χώρᾳ</span> <span class='ocrx_word' id='word_1_71' title='bbox 1304 1074 1755 1146; x_wconf 78' lang='grc' dir='ltr'>προσοικούντων,</span> 
     </span>
    </p>
   </div>
   <div class='ocr_carea' id='block_1_12' title="bbox 198 1156 1756 1234">
    <p class='ocr_par' dir='ltr' id='par_1_12' title="bbox 198 1156 1756 1234">
     <span class='ocr_line' id='line_1_12' title="bbox 198 1156 1756 1234; baseline 0.009 -27"><span class='ocrx_word' id='word_1_72' title='bbox 198 1156 575 1226; x_wconf 88' lang='grc' dir='ltr'>μαχιμώτατοί</span> <span class='ocrx_word' id='word_1_73' title='bbox 604 1159 664 1212; x_wconf 84' lang='grc' dir='ltr'>τέ</span> <span class='ocrx_word' id='word_1_74' title='bbox 703 1162 840 1214; x_wconf 84' lang='grc' dir='ltr'>εἰσιν</span> <span class='ocrx_word' id='word_1_75' title='bbox 875 1163 933 1215; x_wconf 81' lang='grc' dir='ltr'>ἐν</span> <span class='ocrx_word' id='word_1_76' title='bbox 961 1165 1074 1226; x_wconf 86' lang='grc' dir='ltr'>τοῖς</span> <span class='ocrx_word' id='word_1_77' title='bbox 1101 1163 1354 1234; x_wconf 86' lang='grc' dir='ltr'>μάλιστα,</span> <span class='ocrx_word' id='word_1_78' title='bbox 1387 1166 1482 1219; x_wconf 71' lang='grc' dir='ltr'>καὶ</span> <span class='ocrx_word' id='word_1_79' title='bbox 1535 1166 1595 1219; x_wconf 75' lang='grc' dir='ltr'>οὐ</span> <span class='ocrx_word' id='word_1_80' title='bbox 1635 1167 1756 1222; x_wconf 90' lang='grc' dir='ltr'>λίαν</span> 
     </span>
    </p>
   </div>
   <div class='ocr_carea' id='block_1_13' title="bbox 193 1247 1754 1327">
    <p class='ocr_par' dir='ltr' id='par_1_13' title="bbox 193 1247 1754 1327">
     <span class='ocr_line' id='line_1_13' title="bbox 193 1247 1754 1327; baseline 0.008 -27"><span class='ocrx_word' id='word_1_81' title='bbox 193 1247 414 1313; x_wconf 79' lang='grc' dir='ltr'>τοξόται</span> <span class='ocrx_word' id='word_1_82' title='bbox 444 1251 536 1303; x_wconf 80' lang='grc' dir='ltr'>καὶ</span> <span class='ocrx_word' id='word_1_83' title='bbox 594 1251 863 1322; x_wconf 83' lang='grc' dir='ltr'>ἐκηϐόλοι,</span> <span class='ocrx_word' id='word_1_84' title='bbox 917 1253 1104 1326; x_wconf 82' lang='grc' dir='ltr'>ὥσπερ</span> <span class='ocrx_word' id='word_1_85' title='bbox 1172 1256 1363 1327; x_wconf 86' lang='grc' dir='ltr'>ἀμέλει</span> <span class='ocrx_word' id='word_1_86' title='bbox 1416 1259 1464 1311; x_wconf 81' lang='lat' dir='ltr'><strong>oi</strong></span> <span class='ocrx_word' id='word_1_87' title='bbox 1516 1258 1754 1312; x_wconf 84' lang='grc' dir='ltr'>πλεῖστοι</span> 
     </span>
    </p>
   </div>
   <div class='ocr_carea' id='block_1_14' title="bbox 191 1337 1750 1417">
    <p class='ocr_par' dir='ltr' id='par_1_14' title="bbox 191 1337 1750 1417">
     <span class='ocr_line' id='line_1_14' title="bbox 191 1337 1750 1417; baseline 0.009 -28"><span class='ocrx_word' id='word_1_88' title='bbox 191 1337 304 1390; x_wconf 83' lang='grc' dir='ltr'>τῶν</span> <span class='ocrx_word' id='word_1_89' title='bbox 361 1339 560 1410; x_wconf 83' lang='grc' dir='ltr'>Μήδων</span> <span class='ocrx_word' id='word_1_90' title='bbox 583 1354 596 1368; x_wconf 79' lang='lat'>&#39;</span> <span class='ocrx_word' id='word_1_91' title='bbox 635 1341 858 1406; x_wconf 85' lang='grc' dir='ltr'>ξυστούς</span> <span class='ocrx_word' id='word_1_92' title='bbox 883 1360 944 1396; x_wconf 91' lang='grc' dir='ltr'>τε</span> <span class='ocrx_word' id='word_1_93' title='bbox 990 1343 1100 1415; x_wconf 85' lang='grc' dir='ltr'>γὰρ</span> <span class='ocrx_word' id='word_1_94' title='bbox 1148 1346 1498 1417; x_wconf 77' lang='grc' dir='ltr'>ἐπιφέρονται</span> <span class='ocrx_word' id='word_1_95' title='bbox 1534 1349 1626 1402; x_wconf 82' lang='grc' dir='ltr'>καὶ</span> <span class='ocrx_word' id='word_1_96' title='bbox 1653 1365 1750 1401; x_wconf 90' lang='grc' dir='ltr'>σα-</span> 
     </span>
    </p>
   </div>
   <div class='ocr_carea' id='block_1_15' title="bbox 195 1429 1752 1510">
    <p class='ocr_par' dir='ltr' id='par_1_15' title="bbox 195 1429 1752 1510">
     <span class='ocr_line' id='line_1_15' title="bbox 195 1429 1752 1510; baseline 0.009 -30"><span class='ocrx_word' id='word_1_97' title='bbox 195 1429 410 1498; x_wconf 85' lang='grc' dir='ltr'>ρίσσας,</span> <span class='ocrx_word' id='word_1_98' title='bbox 459 1432 552 1484; x_wconf 83' lang='grc' dir='ltr'>καὶ</span> <span class='ocrx_word' id='word_1_99' title='bbox 583 1431 736 1503; x_wconf 86' lang='grc' dir='ltr'>ξίφος</span> <span class='ocrx_word' id='word_1_100' title='bbox 784 1435 1053 1505; x_wconf 76' lang='grc' dir='ltr'>ἐκκρεμὲς</span> <span class='ocrx_word' id='word_1_101' title='bbox 1095 1437 1204 1490; x_wconf 82' lang='grc' dir='ltr'>ἀπὸ</span> <span class='ocrx_word' id='word_1_102' title='bbox 1234 1436 1328 1490; x_wconf 82' lang='grc' dir='ltr'>τοῦ</span> <span class='ocrx_word' id='word_1_103' title='bbox 1388 1437 1537 1509; x_wconf 77' lang='grc' dir='ltr'>ὤμου</span> <span class='ocrx_word' id='word_1_104' title='bbox 1564 1456 1579 1471; x_wconf 81' lang='grc' dir='ltr'><strong>ο</strong></span> <span class='ocrx_word' id='word_1_105' title='bbox 1643 1456 1752 1510; x_wconf 84' lang='grc' dir='ltr'>μα-</span> 
     </span>
    </p>
   </div>
   <div class='ocr_carea' id='block_1_16' title="bbox 195 1519 1752 1599">
    <p class='ocr_par' dir='ltr' id='par_1_16' title="bbox 195 1519 1752 1599">
     <span class='ocr_line' id='line_1_16' title="bbox 195 1519 1752 1599; baseline 0.006 -27"><span class='ocrx_word' id='word_1_106' title='bbox 195 1519 412 1589; x_wconf 85' lang='grc' dir='ltr'>χαιρίδα</span> <span class='ocrx_word' id='word_1_107' title='bbox 447 1519 508 1574; x_wconf 78' lang='grc' dir='ltr'><strong><em>τὲ</em></strong></span> <span class='ocrx_word' id='word_1_108' title='bbox 551 1539 676 1576; x_wconf 89' lang='grc' dir='ltr'>τινα</span> <span class='ocrx_word' id='word_1_109' title='bbox 716 1523 1005 1596; x_wconf 75' lang='grc' dir='ltr'>ἐλαχίστην</span> <span class='ocrx_word' id='word_1_110' title='bbox 1034 1526 1112 1596; x_wconf 85' lang='grc' dir='ltr'>τῷ</span> <span class='ocrx_word' id='word_1_111' title='bbox 1159 1526 1298 1596; x_wconf 83' lang='grc' dir='ltr'>λαιῷ</span> <span class='ocrx_word' id='word_1_112' title='bbox 1329 1527 1570 1599; x_wconf 83' lang='grc' dir='ltr'>βραχίονι</span> <span class='ocrx_word' id='word_1_113' title='bbox 1619 1530 1752 1582; x_wconf 88' lang='grc' dir='ltr'>ἀνα-</span> 
     </span>
    </p>
   </div>
   <div class='ocr_carea' id='block_1_17' title="bbox 193 1609 1750 1691">
    <p class='ocr_par' dir='ltr' id='par_1_17' title="bbox 193 1609 1750 1691">
     <span class='ocr_line' id='line_1_17' title="bbox 193 1609 1750 1691; baseline 0.007 -29"><span class='ocrx_word' id='word_1_114' title='bbox 193 1609 464 1680; x_wconf 84' lang='grc' dir='ltr'>δούμενοι,</span> <span class='ocrx_word' id='word_1_115' title='bbox 504 1612 732 1676; x_wconf 84' lang='grc' dir='ltr'>ἀσπίδας</span> <span class='ocrx_word' id='word_1_116' title='bbox 756 1615 849 1668; x_wconf 80' lang='grc' dir='ltr'>καὶ</span> <span class='ocrx_word' id='word_1_117' title='bbox 875 1615 1075 1678; x_wconf 79' lang='grc' dir='ltr'>πέλτας</span> <span class='ocrx_word' id='word_1_118' title='bbox 1114 1617 1509 1688; x_wconf 84' lang='grc' dir='ltr'>προϐέϐληνται</span> <span class='ocrx_word' id='word_1_119' title='bbox 1533 1635 1548 1650; x_wconf 73' lang='grc' dir='ltr'><strong><em>ο</em></strong></span> <span class='ocrx_word' id='word_1_120' title='bbox 1587 1620 1750 1691; x_wconf 80' lang='grc' dir='ltr'>φαίης</span> 
     </span>
    </p>
   </div>
   <div class='ocr_carea' id='block_1_18' title="bbox 188 1701 1748 1785">
    <p class='ocr_par' dir='ltr' id='par_1_18' title="bbox 188 1701 1748 1785">
     <span class='ocr_line' id='line_1_18' title="bbox 188 1701 1748 1785; baseline 0.011 -33"><span class='ocrx_word' id='word_1_121' title='bbox 188 1717 255 1753; x_wconf 82' lang='grc' dir='ltr'>τε</span> <span class='ocrx_word' id='word_1_122' title='bbox 284 1701 350 1755; x_wconf 80' lang='grc' dir='ltr'>ἂν</span> <span class='ocrx_word' id='word_1_123' title='bbox 387 1705 583 1767; x_wconf 67' lang='grc' dir='ltr'>αὐτοὺς</span> <span class='ocrx_word' id='word_1_124' title='bbox 628 1705 750 1759; x_wconf 79' lang='grc' dir='ltr'>οὔτε</span> <span class='ocrx_word' id='word_1_125' title='bbox 793 1709 1108 1763; x_wconf 83' lang='grc' dir='ltr'>παντάπασι</span> <span class='ocrx_word' id='word_1_126' title='bbox 1138 1709 1345 1780; x_wconf 71' lang='grc' dir='ltr'>ψιλοὺς,</span> <span class='ocrx_word' id='word_1_127' title='bbox 1376 1712 1500 1767; x_wconf 76' lang='grc' dir='ltr'>οὔτε</span> <span class='ocrx_word' id='word_1_128' title='bbox 1531 1713 1630 1785; x_wconf 87' lang='grc' dir='ltr'>μὲν</span> <span class='ocrx_word' id='word_1_129' title='bbox 1654 1712 1748 1770; x_wconf 88' lang='grc' dir='ltr'>οὗν</span> 
     </span>
    </p>
   </div>
   <div class='ocr_carea' id='block_1_19' title="bbox 190 1790 1750 1874">
    <p class='ocr_par' dir='ltr' id='par_1_19' title="bbox 190 1790 1750 1874">
     <span class='ocr_line' id='line_1_19' title="bbox 190 1790 1750 1874; baseline 0.011 -33"><span class='ocrx_word' id='word_1_130' title='bbox 190 1790 242 1821; x_wconf 77' lang='grc'>⁸⁸</span> <span class='ocrx_word' id='word_1_131' title='bbox 275 1791 496 1855; x_wconf 83' lang='grc' dir='ltr'>ὁπλίτας</span> <span class='ocrx_word' id='word_1_132' title='bbox 527 1793 620 1846; x_wconf 78' lang='grc' dir='ltr'>καὶ</span> <span class='ocrx_word' id='word_1_133' title='bbox 674 1795 1044 1866; x_wconf 85' lang='grc' dir='ltr'>ἀγχεμάχους.</span> <span class='ocrx_word' id='word_1_134' title='bbox 1092 1798 1380 1871; x_wconf 77' lang='grc' dir='ltr'>Πὸῤῥωθέν</span> <span class='ocrx_word' id='word_1_135' title='bbox 1433 1818 1494 1854; x_wconf 89' lang='grc' dir='ltr'>τε</span> <span class='ocrx_word' id='word_1_136' title='bbox 1524 1803 1630 1874; x_wconf 83' lang='grc' dir='ltr'>γὰρ</span> <span class='ocrx_word' id='word_1_137' title='bbox 1658 1804 1750 1858; x_wconf 85' lang='grc' dir='ltr'>οὓ-</span> 
     </span>
    </p>
   </div>
   <div class='ocr_carea' id='block_1_20' title="bbox 1867 616 3418 693">
    <p class='ocr_par' dir='ltr' id='par_1_20' title="bbox 1867 616 3418 693">
     <span class='ocr_line' id='line_1_20' title="bbox 1867 616 3418 693; baseline 0.011 -21"><span class='ocrx_word' id='word_1_138' title='bbox 1867 616 2080 672; x_wconf 83' lang='lat' dir='ltr'><strong>diantes</strong></span> <span class='ocrx_word' id='word_1_139' title='bbox 2111 619 2566 689; x_wconf 90' lang='lat' dir='ltr'><strong>relinquerentur.</strong></span> <span class='ocrx_word' id='word_1_140' title='bbox 2616 622 2899 682; x_wconf 61' lang='lat' dir='ltr'><strong>Dilimnita</strong></span> <span class='ocrx_word' id='word_1_141' title='bbox 2950 638 3150 693; x_wconf 86' lang='lat' dir='ltr'><strong>autem.</strong></span> <span class='ocrx_word' id='word_1_142' title='bbox 3183 635 3418 688; x_wconf 80' lang='lat' dir='ltr'><strong>maxima</strong></span> 
     </span>
    </p>
   </div>
   <div class='ocr_carea' id='block_1_21' title="bbox 1865 709 3418 786">
    <p class='ocr_par' dir='ltr' id='par_1_21' title="bbox 1865 709 3418 786">
     <span class='ocr_line' id='line_1_21' title="bbox 1865 709 3418 786; baseline 0.012 -27"><span class='ocrx_word' id='word_1_143' title='bbox 1865 709 2016 761; x_wconf 91' lang='lat' dir='ltr'><strong>natio</strong></span> <span class='ocrx_word' id='word_1_144' title='bbox 2067 723 2422 780; x_wconf 82' lang='lat' dir='ltr'><strong>earum,qnac</strong></span> <span class='ocrx_word' id='word_1_145' title='bbox 2460 713 2604 768; x_wconf 91' lang='lat' dir='ltr'><strong>intra</strong></span> <span class='ocrx_word' id='word_1_146' title='bbox 2658 713 2861 786; x_wconf 80' lang='lat' dir='ltr'><strong>Tigrim</strong></span> <span class='ocrx_word' id='word_1_147' title='bbox 2902 718 3122 774; x_wconf 81' lang='lat' dir='ltr'><strong>fluvium</strong></span> <span class='ocrx_word' id='word_1_148' title='bbox 3175 721 3418 778; x_wconf 86' lang='lat' dir='ltr'><strong>Persiam</strong></span> 
     </span>
    </p>
   </div>
   <div class='ocr_carea' id='block_1_22' title="bbox 1867 794 3418 879">
    <p class='ocr_par' dir='ltr' id='par_1_22' title="bbox 1867 794 3418 879">
     <span class='ocr_line' id='line_1_22' title="bbox 1867 794 3418 879; baseline 0.01 -31"><span class='ocrx_word' id='word_1_149' title='bbox 1867 794 2140 861; x_wconf 80' lang='lat' dir='ltr'><strong>accolunt,</strong></span> <span class='ocrx_word' id='word_1_150' title='bbox 2175 797 2570 854; x_wconf 84' lang='lat' dir='ltr'>bellicosissimi</span> <span class='ocrx_word' id='word_1_151' title='bbox 2628 801 2680 855; x_wconf 88' lang='lat' dir='ltr'><strong>in</strong></span> <span class='ocrx_word' id='word_1_152' title='bbox 2718 802 2908 872; x_wconf 86' lang='lat' dir='ltr'><strong>primis</strong></span> <span class='ocrx_word' id='word_1_153' title='bbox 2949 817 3094 867; x_wconf 89' lang='lat' dir='ltr'><strong>sunt.</strong></span> <span class='ocrx_word' id='word_1_154' title='bbox 3122 823 3292 879; x_wconf 88' lang='lat' dir='ltr'><strong>neque</strong></span> <span class='ocrx_word' id='word_1_155' title='bbox 3319 812 3418 865; x_wconf 84' lang='lat' dir='ltr'><strong>ad-</strong></span> 
     </span>
    </p>
   </div>
   <div class='ocr_carea' id='block_1_23' title="bbox 1862 883 3418 965">
    <p class='ocr_par' dir='ltr' id='par_1_23' title="bbox 1862 883 3418 965">
     <span class='ocr_line' id='line_1_23' title="bbox 1862 883 3418 965; baseline 0.012 -30"><span class='ocrx_word' id='word_1_156' title='bbox 1862 883 2082 936; x_wconf 88' lang='lat' dir='ltr'><strong>modum</strong></span> <span class='ocrx_word' id='word_1_157' title='bbox 2105 885 2393 954; x_wconf 76' lang='lat' dir='ltr'>sagittarii,</span> <span class='ocrx_word' id='word_1_158' title='bbox 2416 890 2737 946; x_wconf 89' lang='lat' dir='ltr'><strong>auteminus</strong></span> <span class='ocrx_word' id='word_1_159' title='bbox 2769 890 3043 956; x_wconf 88' lang='lat' dir='ltr'><strong>ferientes,</strong></span> <span class='ocrx_word' id='word_1_160' title='bbox 3062 898 3418 965; x_wconf 90' lang='lat' dir='ltr'><strong>quemadmo-</strong></span> 
     </span>
    </p>
   </div>
   <div class='ocr_carea' id='block_1_24' title="bbox 1861 971 3418 1056">
    <p class='ocr_par' dir='ltr' id='par_1_24' title="bbox 1861 971 3418 1056">
     <span class='ocr_line' id='line_1_24' title="bbox 1861 971 3418 1056; baseline 0.011 -30"><span class='ocrx_word' id='word_1_161' title='bbox 1861 973 1988 1026; x_wconf 91' lang='lat' dir='ltr'>dum</span> <span class='ocrx_word' id='word_1_162' title='bbox 2021 971 2133 1028; x_wconf 90' lang='lat' dir='ltr'><strong>fere</strong></span> <span class='ocrx_word' id='word_1_163' title='bbox 2181 975 2423 1045; x_wconf 80' lang='lat' dir='ltr'>plerique</span> <span class='ocrx_word' id='word_1_164' title='bbox 2447 974 2756 1046; x_wconf 81' lang='lat' dir='ltr'><strong>Medorum;</strong></span> <span class='ocrx_word' id='word_1_165' title='bbox 2796 981 2982 1038; x_wconf 87' lang='lat' dir='ltr'><strong>hastas</strong></span> <span class='ocrx_word' id='word_1_166' title='bbox 3019 984 3162 1037; x_wconf 90' lang='lat' dir='ltr'><strong>enim</strong></span> <span class='ocrx_word' id='word_1_167' title='bbox 3205 996 3418 1056; x_wconf 86' lang='lat' dir='ltr'><strong>gestant</strong></span> 
     </span>
    </p>
   </div>
   <div class='ocr_carea' id='block_1_25' title="bbox 1860 1065 3415 1145">
    <p class='ocr_par' dir='ltr' id='par_1_25' title="bbox 1860 1065 3415 1145">
     <span class='ocr_line' id='line_1_25' title="bbox 1860 1065 3415 1145; baseline 0.011 -28"><span class='ocrx_word' id='word_1_168' title='bbox 1860 1073 1915 1118; x_wconf 89' lang='lat' dir='ltr'>et</span> <span class='ocrx_word' id='word_1_169' title='bbox 1981 1065 2212 1120; x_wconf 81' lang='lat' dir='ltr'><strong>sarissas</strong></span> <span class='ocrx_word' id='word_1_170' title='bbox 2242 1076 2297 1121; x_wconf 83' lang='lat' dir='ltr'>et</span> <span class='ocrx_word' id='word_1_171' title='bbox 2341 1083 2528 1122; x_wconf 77' lang='lat' dir='ltr'><strong>ensem</strong></span> <span class='ocrx_word' id='word_1_172' title='bbox 2576 1083 2642 1122; x_wconf 84' lang='lat' dir='ltr'><strong>ex</strong></span> <span class='ocrx_word' id='word_1_173' title='bbox 2703 1071 2929 1128; x_wconf 85' lang='lat' dir='ltr'><strong>humero</strong></span> <span class='ocrx_word' id='word_1_174' title='bbox 2987 1075 3415 1145; x_wconf 82' lang='lat' dir='ltr'>dependentem;</span> 
     </span>
    </p>
   </div>
   <div class='ocr_carea' id='block_1_26' title="bbox 1861 1151 3415 1234">
    <p class='ocr_par' dir='ltr' id='par_1_26' title="bbox 1861 1151 3415 1234">
     <span class='ocr_line' id='line_1_26' title="bbox 1861 1151 3415 1234; baseline 0.014 -33"><span class='ocrx_word' id='word_1_175' title='bbox 1861 1151 2148 1222; x_wconf 83' lang='lat' dir='ltr'><strong>pugionem</strong></span> <span class='ocrx_word' id='word_1_176' title='bbox 2197 1164 2453 1224; x_wconf 71' lang='lat' dir='ltr'><strong>prmterea</strong></span> <span class='ocrx_word' id='word_1_177' title='bbox 2531 1158 2754 1214; x_wconf 89' lang='lat' dir='ltr'><strong>sinistro</strong></span> <span class='ocrx_word' id='word_1_178' title='bbox 2817 1163 3042 1219; x_wconf 86' lang='lat' dir='ltr'><strong>brachio</strong></span> <span class='ocrx_word' id='word_1_179' title='bbox 3108 1165 3415 1234; x_wconf 76' lang='lat' dir='ltr'><strong>alligantes,</strong></span> 
     </span>
    </p>
   </div>
   <div class='ocr_carea' id='block_1_27' title="bbox 1860 1247 3418 1328">
    <p class='ocr_par' dir='ltr' id='par_1_27' title="bbox 1860 1247 3418 1328">
     <span class='ocr_line' id='line_1_27' title="bbox 1860 1247 3418 1328; baseline 0.01 -30"><span class='ocrx_word' id='word_1_180' title='bbox 1860 1252 2017 1298; x_wconf 88' lang='lat' dir='ltr'><strong>seuta</strong></span> <span class='ocrx_word' id='word_1_181' title='bbox 2044 1253 2096 1299; x_wconf 91' lang='lat' dir='ltr'>et</span> <span class='ocrx_word' id='word_1_182' title='bbox 2134 1247 2304 1314; x_wconf 83' lang='lat' dir='ltr'><strong>peltas</strong></span> <span class='ocrx_word' id='word_1_183' title='bbox 2336 1249 2708 1316; x_wconf 68' lang='lat' dir='ltr'><strong>praetendunt;</strong></span> <span class='ocrx_word' id='word_1_184' title='bbox 2732 1251 2932 1309; x_wconf 74' lang='lat' dir='ltr'><strong>dixeris</strong></span> <span class='ocrx_word' id='word_1_185' title='bbox 2965 1269 3094 1310; x_wconf 90' lang='lat' dir='ltr'><strong>sane</strong></span> <span class='ocrx_word' id='word_1_186' title='bbox 3124 1272 3218 1311; x_wconf 88' lang='lat' dir='ltr'><strong>eos</strong></span> <span class='ocrx_word' id='word_1_187' title='bbox 3243 1273 3418 1328; x_wconf 85' lang='lat' dir='ltr'><strong>neque</strong></span> 
     </span>
    </p>
   </div>
   <div class='ocr_carea' id='block_1_28' title="bbox 1856 1336 3416 1418">
    <p class='ocr_par' dir='ltr' id='par_1_28' title="bbox 1856 1336 3416 1418">
     <span class='ocr_line' id='line_1_28' title="bbox 1856 1336 3416 1418; baseline 0.01 -28"><span class='ocrx_word' id='word_1_188' title='bbox 1856 1336 2080 1390; x_wconf 89' lang='lat' dir='ltr'><strong>omnino</strong></span> <span class='ocrx_word' id='word_1_189' title='bbox 2110 1337 2326 1392; x_wconf 88' lang='lat' dir='ltr'><strong>levioris</strong></span> <span class='ocrx_word' id='word_1_190' title='bbox 2346 1349 2638 1395; x_wconf 69' lang='lat' dir='ltr'><strong>armatura:</strong></span> <span class='ocrx_word' id='word_1_191' title='bbox 2662 1343 2823 1414; x_wconf 76' lang='lat'>178</span> <span class='ocrx_word' id='word_1_192' title='bbox 2836 1359 2976 1410; x_wconf 87' lang='lat' dir='ltr'><strong>esse,</strong></span> <span class='ocrx_word' id='word_1_193' title='bbox 2998 1362 3169 1417; x_wconf 88' lang='lat' dir='ltr'><strong>neque</strong></span> <span class='ocrx_word' id='word_1_194' title='bbox 3193 1364 3416 1418; x_wconf 87' lang='lat' dir='ltr'><strong>prorsus</strong></span> 
     </span>
    </p>
   </div>
   <div class='ocr_carea' id='block_1_29' title="bbox 1854 1427 3413 1506">
    <p class='ocr_par' dir='ltr' id='par_1_29' title="bbox 1854 1427 3413 1506">
     <span class='ocr_line' id='line_1_29' title="bbox 1854 1427 3413 1506; baseline 0.011 -28"><span class='ocrx_word' id='word_1_195' title='bbox 1854 1427 2137 1496; x_wconf 75' lang='lat' dir='ltr'><strong>gravioris,</strong></span> <span class='ocrx_word' id='word_1_196' title='bbox 2167 1437 2222 1482; x_wconf 93' lang='lat' dir='ltr'>et</span> <span class='ocrx_word' id='word_1_197' title='bbox 2273 1432 2527 1486; x_wconf 82' lang='lat' dir='ltr'><strong>statarios</strong></span> <span class='ocrx_word' id='word_1_198' title='bbox 2576 1435 2805 1497; x_wconf 87' lang='lat' dir='ltr'><strong>milites;</strong></span> <span class='ocrx_word' id='word_1_199' title='bbox 2857 1451 2980 1490; x_wconf 91' lang='lat' dir='ltr'>nam</span> <span class='ocrx_word' id='word_1_200' title='bbox 3008 1446 3062 1491; x_wconf 92' lang='lat' dir='ltr'><strong>et</strong></span> <span class='ocrx_word' id='word_1_201' title='bbox 3089 1440 3324 1506; x_wconf 88' lang='lat' dir='ltr'><strong>eminus,</strong></span> <span class='ocrx_word' id='word_1_202' title='bbox 3364 1442 3413 1496; x_wconf 87' lang='lat' dir='ltr'>si</span> 
     </span>
    </p>
   </div>
   <div class='ocr_carea' id='block_1_30' title="bbox 1854 1517 3410 1593">
    <p class='ocr_par' dir='ltr' id='par_1_30' title="bbox 1854 1517 3410 1593">
     <span class='ocr_line' id='line_1_30' title="bbox 1854 1517 3410 1593; baseline 0.01 -22"><span class='ocrx_word' id='word_1_203' title='bbox 1854 1517 1929 1572; x_wconf 91' lang='lat' dir='ltr'>ita</span> <span class='ocrx_word' id='word_1_204' title='bbox 1957 1534 2042 1573; x_wconf 90' lang='lat' dir='ltr'>res</span> <span class='ocrx_word' id='word_1_205' title='bbox 2071 1521 2326 1589; x_wconf 87' lang='lat' dir='ltr'><strong>postulet,</strong></span> <span class='ocrx_word' id='word_1_206' title='bbox 2357 1522 2458 1576; x_wconf 90' lang='lat' dir='ltr'><strong>tela</strong></span> <span class='ocrx_word' id='word_1_207' title='bbox 2479 1523 2710 1593; x_wconf 86' lang='lat' dir='ltr'><strong>jacinnt,</strong></span> <span class='ocrx_word' id='word_1_208' title='bbox 2731 1535 2784 1580; x_wconf 78' lang='lat' dir='ltr'>et</span> <span class='ocrx_word' id='word_1_209' title='bbox 2807 1529 3056 1584; x_wconf 88' lang='lat' dir='ltr'><strong>cominus</strong></span> <span class='ocrx_word' id='word_1_210' title='bbox 3102 1547 3264 1584; x_wconf 87' lang='lat' dir='ltr'><strong>manu</strong></span> <span class='ocrx_word' id='word_1_211' title='bbox 3297 1549 3410 1587; x_wconf 90' lang='lat' dir='ltr'>rem</span> 
     </span>
    </p>
   </div>
   <div class='ocr_carea' id='block_1_31' title="bbox 1856 1613 3409 1692">
    <p class='ocr_par' dir='ltr' id='par_1_31' title="bbox 1856 1613 3409 1692">
     <span class='ocr_line' id='line_1_31' title="bbox 1856 1613 3409 1692; baseline 0.013 -33"><span class='ocrx_word' id='word_1_212' title='bbox 1856 1618 2088 1676; x_wconf 86' lang='lat' dir='ltr'><strong>gerunt;</strong></span> <span class='ocrx_word' id='word_1_213' title='bbox 2134 1613 2411 1667; x_wconf 78' lang='lat' dir='ltr'><strong>exercitati</strong></span> <span class='ocrx_word' id='word_1_214' title='bbox 2461 1618 2622 1669; x_wconf 80' lang='lat' dir='ltr'><strong>etiam</strong></span> <span class='ocrx_word' id='word_1_215' title='bbox 2662 1620 2726 1671; x_wconf 90' lang='lat' dir='ltr'>ad</span> <span class='ocrx_word' id='word_1_216' title='bbox 2782 1619 2977 1674; x_wconf 89' lang='lat' dir='ltr'><strong>infesta</strong></span> <span class='ocrx_word' id='word_1_217' title='bbox 3015 1625 3132 1676; x_wconf 84' lang='lat' dir='ltr'><strong>acie</strong></span> <span class='ocrx_word' id='word_1_218' title='bbox 3162 1625 3409 1692; x_wconf 57' lang='lat' dir='ltr'><strong>pra&#39;lian-</strong></span> 
     </span>
    </p>
   </div>
   <div class='ocr_carea' id='block_1_32' title="bbox 1855 1699 3408 1784">
    <p class='ocr_par' dir='ltr' id='par_1_32' title="bbox 1855 1699 3408 1784">
     <span class='ocr_line' id='line_1_32' title="bbox 1855 1699 3408 1784; baseline 0.012 -34"><span class='ocrx_word' id='word_1_219' title='bbox 1855 1699 2008 1760; x_wconf 87' lang='lat' dir='ltr'><strong>dum,</strong></span> <span class='ocrx_word' id='word_1_220' title='bbox 2045 1715 2366 1771; x_wconf 88' lang='lat' dir='ltr'><strong>summaque</strong></span> <span class='ocrx_word' id='word_1_221' title='bbox 2397 1704 2444 1759; x_wconf 91' lang='lat' dir='ltr'>vi</span> <span class='ocrx_word' id='word_1_222' title='bbox 2473 1704 2640 1762; x_wconf 86' lang='lat' dir='ltr'><strong>densa</strong></span> <span class='ocrx_word' id='word_1_223' title='bbox 2675 1709 2888 1778; x_wconf 78' lang='lat' dir='ltr'><strong>agmina</strong></span> <span class='ocrx_word' id='word_1_224' title='bbox 2921 1715 3408 1784; x_wconf 83' lang='lat' dir='ltr'><strong>perrumpendum;</strong></span> 
     </span>
    </p>
   </div>
   <div class='ocr_carea' id='block_1_33' title="bbox 1853 1786 3408 1867">
    <p class='ocr_par' dir='ltr' id='par_1_33' title="bbox 1853 1786 3408 1867">
     <span class='ocr_line' id='line_1_33' title="bbox 1853 1786 3408 1867; baseline 0.012 -28"><span class='ocrx_word' id='word_1_225' title='bbox 1853 1786 2095 1856; x_wconf 74' lang='lat' dir='ltr'><strong>expediti</strong></span> <span class='ocrx_word' id='word_1_226' title='bbox 2128 1805 2344 1860; x_wconf 89' lang='lat' dir='ltr'><strong>quoque</strong></span> <span class='ocrx_word' id='word_1_227' title='bbox 2365 1803 2419 1847; x_wconf 90' lang='lat' dir='ltr'>et</span> <span class='ocrx_word' id='word_1_228' title='bbox 2447 1791 2635 1850; x_wconf 82' lang='lat' dir='ltr'><strong>faciles</strong></span> <span class='ocrx_word' id='word_1_229' title='bbox 2665 1797 2717 1850; x_wconf 92' lang='lat' dir='ltr'>in</span> <span class='ocrx_word' id='word_1_230' title='bbox 2763 1801 3019 1855; x_wconf 86' lang='lat' dir='ltr'><strong>mutanda</strong></span> <span class='ocrx_word' id='word_1_231' title='bbox 3047 1803 3181 1857; x_wconf 83' lang='lat' dir='ltr'><strong>aciei</strong></span> <span class='ocrx_word' id='word_1_232' title='bbox 3213 1803 3408 1867; x_wconf 88' lang='lat' dir='ltr'><strong>forma,</strong></span> 
     </span>
    </p>
   </div>
   <div class='ocr_carea' id='block_1_34' title="bbox 189 1879 1852 1962">
    <p class='ocr_par' dir='ltr' id='par_1_34' title="bbox 189 1879 1828 1962">
     <span class='ocr_line' id='line_1_34' title="bbox 189 1879 1828 1962; baseline 0.01 -33"><span class='ocrx_word' id='word_1_233' title='bbox 189 1895 272 1930; x_wconf 89' lang='grc' dir='ltr'>τω</span> <span class='ocrx_word' id='word_1_234' title='bbox 299 1879 456 1948; x_wconf 85' lang='grc' dir='ltr'>τυχὸν</span> <span class='ocrx_word' id='word_1_235' title='bbox 488 1881 854 1948; x_wconf 75' lang='grc' dir='ltr'>ἀκοντίζουσι,</span> <span class='ocrx_word' id='word_1_236' title='bbox 911 1883 1005 1937; x_wconf 72' lang='grc' dir='ltr'>καὶ</span> <span class='ocrx_word' id='word_1_237' title='bbox 1048 1884 1111 1938; x_wconf 90' lang='grc' dir='ltr'>ἐκ</span> <span class='ocrx_word' id='word_1_238' title='bbox 1187 1887 1371 1958; x_wconf 82' lang='grc' dir='ltr'>χειρὸς</span> <span class='ocrx_word' id='word_1_239' title='bbox 1428 1884 1496 1942; x_wconf 83' lang='grc' dir='ltr'>αὖ</span> <span class='ocrx_word' id='word_1_240' title='bbox 1561 1889 1756 1962; x_wconf 87' lang='grc' dir='ltr'>διαμά-</span> <span class='ocrx_word' id='word_1_241' title='bbox 1784 1894 1828 1954; x_wconf 82' lang='grc' dir='ltr'><strong>Β</strong></span> 
     </span>
    </p>
   </div>
   <div class='ocr_carea' id='block_1_35' title="bbox 1744 1879 3407 1962">
    <p class='ocr_par' dir='ltr' id='par_1_35' title="bbox 1744 1880 3407 1959">
     <span class='ocr_line' id='line_1_35' title="bbox 1744 1880 3407 1959; baseline 0.012 -28"><span class='ocrx_word' id='word_1_242' title='bbox 1744 1921 1756 1932; x_wconf 91' lang='grc'>.</span> <span class='ocrx_word' id='word_1_243' title='bbox 1784 1894 1828 1954; x_wconf 71' lang='grc' dir='ltr'><strong>Β</strong></span> <span class='ocrx_word' id='word_1_244' title='bbox 1854 1886 1908 1932; x_wconf 81' lang='lat' dir='ltr'>et</span> <span class='ocrx_word' id='word_1_245' title='bbox 1933 1880 1999 1933; x_wconf 90' lang='lat' dir='ltr'>ad</span> <span class='ocrx_word' id='word_1_246' title='bbox 2031 1886 2278 1950; x_wconf 88' lang='lat' dir='ltr'><strong>quemvis</strong></span> <span class='ocrx_word' id='word_1_247' title='bbox 2307 1896 2556 1941; x_wconf 88' lang='lat' dir='ltr'><strong>eventum</strong></span> <span class='ocrx_word' id='word_1_248' title='bbox 2591 1902 2710 1943; x_wconf 86' lang='lat' dir='ltr'><strong>sese</strong></span> <span class='ocrx_word' id='word_1_249' title='bbox 2733 1893 3213 1959; x_wconf 89' lang='lat' dir='ltr'><strong>accommodandi;</strong></span> <span class='ocrx_word' id='word_1_250' title='bbox 3250 1894 3407 1952; x_wconf 80' lang='lat' dir='ltr'><strong>facile</strong></span> 
     </span>
    </p>
   </div>
   <div class='ocr_carea' id='block_1_36' title="bbox 190 1971 1750 2049">
    <p class='ocr_par' dir='ltr' id='par_1_36' title="bbox 190 1971 1750 2049">
     <span class='ocr_line' id='line_1_36' title="bbox 190 1971 1750 2049; baseline 0.009 -27"><span class='ocrx_word' id='word_1_251' title='bbox 190 1987 376 2040; x_wconf 88' lang='grc' dir='ltr'>χονται</span> <span class='ocrx_word' id='word_1_252' title='bbox 399 1971 467 2038; x_wconf 82' lang='grc'>⁸⁷,</span> <span class='ocrx_word' id='word_1_253' title='bbox 507 1973 700 2040; x_wconf 77' lang='grc' dir='ltr'>ἀγαθοὶ</span> <span class='ocrx_word' id='word_1_254' title='bbox 732 1973 788 2026; x_wconf 78' lang='grc' dir='ltr'>δὲ</span> <span class='ocrx_word' id='word_1_255' title='bbox 839 1973 933 2027; x_wconf 80' lang='grc' dir='ltr'>καὶ</span> <span class='ocrx_word' id='word_1_256' title='bbox 979 1975 1245 2048; x_wconf 76' lang='grc' dir='ltr'>συρράξαι</span> <span class='ocrx_word' id='word_1_257' title='bbox 1301 1978 1538 2049; x_wconf 83' lang='grc' dir='ltr'>φάλαγγι</span> <span class='ocrx_word' id='word_1_258' title='bbox 1591 1982 1750 2036; x_wconf 63' lang='grc' dir='ltr'>πολε-</span> 
     </span>
    </p>
   </div>
   <div class='ocr_carea' id='block_1_37' title="bbox 192 2061 1748 2145">
    <p class='ocr_par' dir='ltr' id='par_1_37' title="bbox 192 2061 1748 2145">
     <span class='ocr_line' id='line_1_37' title="bbox 192 2061 1748 2145; baseline 0.01 -32"><span class='ocrx_word' id='word_1_259' title='bbox 192 2061 316 2132; x_wconf 77' lang='grc' dir='ltr'>μία,</span> <span class='ocrx_word' id='word_1_260' title='bbox 359 2063 455 2116; x_wconf 74' lang='grc' dir='ltr'>καὶ</span> <span class='ocrx_word' id='word_1_261' title='bbox 506 2062 736 2136; x_wconf 78' lang='grc' dir='ltr'>ὠθισμῷ</span> <span class='ocrx_word' id='word_1_262' title='bbox 783 2064 1055 2137; x_wconf 87' lang='grc' dir='ltr'>χρώμενοι</span> <span class='ocrx_word' id='word_1_263' title='bbox 1104 2068 1203 2132; x_wconf 81' lang='grc' dir='ltr'>τὰς</span> <span class='ocrx_word' id='word_1_264' title='bbox 1239 2069 1544 2136; x_wconf 81' lang='grc' dir='ltr'>πυκνώσεις</span> <span class='ocrx_word' id='word_1_265' title='bbox 1591 2073 1748 2145; x_wconf 79' lang='grc' dir='ltr'>διαρο</span> 
     </span>
    </p>
   </div>
   <div class='ocr_carea' id='block_1_38' title="bbox 191 2153 1746 2228">
    <p class='ocr_par' dir='ltr' id='par_1_38' title="bbox 191 2153 1746 2228">
     <span class='ocr_line' id='line_1_38' title="bbox 191 2153 1746 2228; baseline 0.01 -24"><span class='ocrx_word' id='word_1_266' title='bbox 191 2153 442 2224; x_wconf 78' lang='grc' dir='ltr'>ρηνύναι,</span> <span class='ocrx_word' id='word_1_267' title='bbox 487 2154 545 2218; x_wconf 82' lang='grc' dir='ltr'>ἐς</span> <span class='ocrx_word' id='word_1_268' title='bbox 612 2173 671 2209; x_wconf 91' lang='grc' dir='ltr'>τε</span> <span class='ocrx_word' id='word_1_269' title='bbox 747 2158 806 2210; x_wconf 85' lang='grc' dir='ltr'>τὸ</span> <span class='ocrx_word' id='word_1_270' title='bbox 869 2159 1272 2228; x_wconf 80' lang='grc' dir='ltr'>μετατάξασθαι</span> <span class='ocrx_word' id='word_1_271' title='bbox 1324 2161 1590 2228; x_wconf 81' lang='grc' dir='ltr'>εὐπετεῖς,</span> <span class='ocrx_word' id='word_1_272' title='bbox 1651 2164 1746 2219; x_wconf 77' lang='grc' dir='ltr'>καὶ</span> 
     </span>
    </p>
   </div>
   <div class='ocr_carea' id='block_1_39' title="bbox 187 2243 1746 2317">
    <p class='ocr_par' dir='ltr' id='par_1_39' title="bbox 187 2243 1746 2317">
     <span class='ocr_line' id='line_1_39' title="bbox 187 2243 1746 2317; baseline 0.008 -21"><span class='ocrx_word' id='word_1_273' title='bbox 187 2243 532 2314; x_wconf 77' lang='grc' dir='ltr'>ἁρμοσθῆναι</span> <span class='ocrx_word' id='word_1_274' title='bbox 562 2244 638 2314; x_wconf 84' lang='grc' dir='ltr'>τῷ</span> <span class='ocrx_word' id='word_1_275' title='bbox 683 2247 1063 2314; x_wconf 85' lang='grc' dir='ltr'>προσπεσόντι.</span> <span class='ocrx_word' id='word_1_276' title='bbox 1126 2249 1289 2303; x_wconf 74' lang='grc' dir='ltr'>Αὐτοὶ</span> <span class='ocrx_word' id='word_1_277' title='bbox 1335 2251 1392 2305; x_wconf 86' lang='grc' dir='ltr'>δέ</span> <span class='ocrx_word' id='word_1_278' title='bbox 1433 2254 1527 2308; x_wconf 83' lang='grc' dir='ltr'>καὶ</span> <span class='ocrx_word' id='word_1_279' title='bbox 1564 2254 1620 2317; x_wconf 89' lang='grc' dir='ltr'>ἐς</span> <span class='ocrx_word' id='word_1_280' title='bbox 1677 2254 1746 2310; x_wconf 76' lang='grc' dir='ltr'>τὰ</span> 
     </span>
    </p>
   </div>
   <div class='ocr_carea' id='block_1_40' title="bbox 187 2333 1744 2413">
    <p class='ocr_par' dir='ltr' id='par_1_40' title="bbox 187 2333 1744 2413">
     <span class='ocr_line' id='line_1_40' title="bbox 187 2333 1744 2413; baseline 0.008 -29"><span class='ocrx_word' id='word_1_281' title='bbox 187 2333 465 2403; x_wconf 80' lang='grc' dir='ltr'>προσάντη</span> <span class='ocrx_word' id='word_1_282' title='bbox 523 2333 768 2402; x_wconf 84' lang='grc' dir='ltr'>γεώλοφα</span> <span class='ocrx_word' id='word_1_283' title='bbox 813 2334 1010 2406; x_wconf 79' lang='grc' dir='ltr'>ῥᾳδίως</span> <span class='ocrx_word' id='word_1_284' title='bbox 1065 2337 1409 2406; x_wconf 85' lang='grc' dir='ltr'>ἀναθέοντες,</span> <span class='ocrx_word' id='word_1_285' title='bbox 1467 2358 1744 2413; x_wconf 86' lang='grc' dir='ltr'>προκατα-</span> 
     </span>
    </p>
   </div>
   <div class='ocr_carea' id='block_1_41' title="bbox 187 2425 1745 2506">
    <p class='ocr_par' dir='ltr' id='par_1_41' title="bbox 187 2425 1745 2506">
     <span class='ocr_line' id='line_1_41' title="bbox 187 2425 1745 2506; baseline 0.008 -29"><span class='ocrx_word' id='word_1_286' title='bbox 187 2425 609 2495; x_wconf 73' lang='grc' dir='ltr'>λαμϐάνουσιτὰ</span> <span class='ocrx_word' id='word_1_287' title='bbox 646 2427 937 2499; x_wconf 82' lang='grc' dir='ltr'>ὑπερδέξια</span> <span class='ocrx_word' id='word_1_288' title='bbox 991 2429 1098 2482; x_wconf 83' lang='grc' dir='ltr'>τῶν</span> <span class='ocrx_word' id='word_1_289' title='bbox 1130 2431 1365 2500; x_wconf 87' lang='grc' dir='ltr'>χωρίων,</span> <span class='ocrx_word' id='word_1_290' title='bbox 1421 2434 1745 2506; x_wconf 80' lang='grc' dir='ltr'>τρεπόμενοι</span> 
     </span>
    </p>
   </div>
   <div class='ocr_carea' id='block_1_42' title="bbox 185 2515 1742 2597">
    <p class='ocr_par' dir='ltr' id='par_1_42' title="bbox 185 2515 1742 2597">
     <span class='ocr_line' id='line_1_42' title="bbox 185 2515 1742 2597; baseline 0.007 -30"><span class='ocrx_word' id='word_1_291' title='bbox 185 2532 248 2568; x_wconf 85' lang='grc' dir='ltr'>τε</span> <span class='ocrx_word' id='word_1_292' title='bbox 308 2515 561 2570; x_wconf 79' lang='grc' dir='ltr'>ὠκύτατα</span> <span class='ocrx_word' id='word_1_293' title='bbox 584 2517 950 2588; x_wconf 79' lang='grc' dir='ltr'>διαφεύγουσι,</span> <span class='ocrx_word' id='word_1_294' title='bbox 986 2521 1081 2575; x_wconf 76' lang='grc' dir='ltr'>καὶ</span> <span class='ocrx_word' id='word_1_295' title='bbox 1131 2523 1375 2587; x_wconf 74' lang='grc' dir='ltr'>ἐπιόντες</span> <span class='ocrx_word' id='word_1_296' title='bbox 1427 2525 1632 2597; x_wconf 78' lang='grc' dir='ltr'>ἑτέροις</span> <span class='ocrx_word' id='word_1_297' title='bbox 1693 2528 1742 2560; x_wconf 80' lang='grc'><strong><em>⁸⁸</em></strong></span> 
     </span>
    </p>
   </div>
   <div class='ocr_carea' id='block_1_43' title="bbox 185 2607 1744 2690">
    <p class='ocr_par' dir='ltr' id='par_1_43' title="bbox 185 2607 1744 2690">
     <span class='ocr_line' id='line_1_43' title="bbox 185 2607 1744 2690; baseline 0.011 -33"><span class='ocrx_word' id='word_1_298' title='bbox 185 2607 567 2676; x_wconf 77' lang='grc' dir='ltr'>ἐμμελέστατα</span> <span class='ocrx_word' id='word_1_299' title='bbox 621 2611 682 2672; x_wconf 88' lang='grc' dir='ltr'>ἐς</span> <span class='ocrx_word' id='word_1_300' title='bbox 734 2609 830 2681; x_wconf 82' lang='grc' dir='ltr'>τὴν</span> <span class='ocrx_word' id='word_1_301' title='bbox 871 2612 1056 2679; x_wconf 79' lang='grc' dir='ltr'>δίωξιν</span> <span class='ocrx_word' id='word_1_302' title='bbox 1099 2613 1392 2683; x_wconf 76' lang='grc' dir='ltr'>έγκεινται,</span> <span class='ocrx_word' id='word_1_303' title='bbox 1440 2619 1534 2671; x_wconf 83' lang='grc' dir='ltr'>καὶ</span> <span class='ocrx_word' id='word_1_304' title='bbox 1558 2619 1744 2690; x_wconf 88' lang='grc' dir='ltr'>σχεδόν</span> 
     </span>
    </p>
   </div>
   <div class='ocr_carea' id='block_1_44' title="bbox 186 2698 1743 2784">
    <p class='ocr_par' dir='ltr' id='par_1_44' title="bbox 186 2698 1743 2784">
     <span class='ocr_line' id='line_1_44' title="bbox 186 2698 1743 2784; baseline 0.01 -34"><span class='ocrx_word' id='word_1_305' title='bbox 186 2715 242 2751; x_wconf 79' lang='grc' dir='ltr'>τι</span> <span class='ocrx_word' id='word_1_306' title='bbox 276 2698 489 2754; x_wconf 80' lang='grc' dir='ltr'>ἅπασαν</span> <span class='ocrx_word' id='word_1_307' title='bbox 527 2701 670 2754; x_wconf 83' lang='grc' dir='ltr'>ἰδέαν</span> <span class='ocrx_word' id='word_1_308' title='bbox 701 2702 747 2734; x_wconf 76' lang='grc'>⁸⁸</span> <span class='ocrx_word' id='word_1_309' title='bbox 804 2702 1063 2774; x_wconf 86' lang='grc' dir='ltr'>πολέμου,</span> <span class='ocrx_word' id='word_1_310' title='bbox 1086 2707 1361 2775; x_wconf 82' lang='grc' dir='ltr'>μετιόντες</span> <span class='ocrx_word' id='word_1_311' title='bbox 1420 2711 1515 2764; x_wconf 82' lang='grc' dir='ltr'>καὶ</span> <span class='ocrx_word' id='word_1_312' title='bbox 1586 2713 1743 2784; x_wconf 78' lang='grc' dir='ltr'>ἐξησ-</span> 
     </span>
    </p>
   </div>
   <div class='ocr_carea' id='block_1_45' title="bbox 1846 1970 3405 2050">
    <p class='ocr_par' dir='ltr' id='par_1_45' title="bbox 1846 1970 3405 2050">
     <span class='ocr_line' id='line_1_45' title="bbox 1846 1970 3405 2050; baseline 0.011 -26"><span class='ocrx_word' id='word_1_313' title='bbox 1846 1970 2010 2026; x_wconf 88' lang='lat' dir='ltr'><strong>eliam</strong></span> <span class='ocrx_word' id='word_1_314' title='bbox 2033 1973 2232 2028; x_wconf 88' lang='lat' dir='ltr'><strong>arduos</strong></span> <span class='ocrx_word' id='word_1_315' title='bbox 2256 1976 2425 2032; x_wconf 86' lang='lat' dir='ltr'><strong>colles</strong></span> <span class='ocrx_word' id='word_1_316' title='bbox 2462 1993 2624 2033; x_wconf 90' lang='lat' dir='ltr'><strong>cursu</strong></span> <span class='ocrx_word' id='word_1_317' title='bbox 2658 1995 2999 2050; x_wconf 87' lang='lat' dir='ltr'><strong>superantes,</strong></span> <span class='ocrx_word' id='word_1_318' title='bbox 3039 1984 3270 2041; x_wconf 88' lang='lat' dir='ltr'><strong>editiora</strong></span> <span class='ocrx_word' id='word_1_319' title='bbox 3290 1987 3405 2041; x_wconf 74' lang='lat' dir='ltr'><strong>loca</strong></span> 
     </span>
    </p>
   </div>
   <div class='ocr_carea' id='block_1_46' title="bbox 1845 2067 3403 2147">
    <p class='ocr_par' dir='ltr' id='par_1_46' title="bbox 1845 2067 3403 2147">
     <span class='ocr_line' id='line_1_46' title="bbox 1845 2067 3403 2147; baseline 0.009 -31"><span class='ocrx_word' id='word_1_320' title='bbox 1845 2075 2249 2134; x_wconf 62' lang='lat' dir='ltr'><strong>pratoccupant,</strong></span> <span class='ocrx_word' id='word_1_321' title='bbox 2269 2067 2659 2140; x_wconf 86' lang='lat' dir='ltr'><strong>celerrimeque</strong></span> <span class='ocrx_word' id='word_1_322' title='bbox 2675 2086 2797 2126; x_wconf 92' lang='lat' dir='ltr'>cum</span> <span class='ocrx_word' id='word_1_323' title='bbox 2828 2089 2964 2143; x_wconf 83' lang='lat' dir='ltr'><strong>opus</strong></span> <span class='ocrx_word' id='word_1_324' title='bbox 2987 2085 3068 2129; x_wconf 89' lang='lat' dir='ltr'>est</span> <span class='ocrx_word' id='word_1_325' title='bbox 3105 2075 3403 2147; x_wconf 83' lang='lat' dir='ltr'><strong>refugiunt,</strong></span> 
     </span>
    </p>
   </div>
   <div class='ocr_carea' id='block_1_47' title="bbox 1848 2159 3408 2237">
    <p class='ocr_par' dir='ltr' id='par_1_47' title="bbox 1848 2159 3408 2237">
     <span class='ocr_line' id='line_1_47' title="bbox 1848 2159 3408 2237; baseline 0.009 -29"><span class='ocrx_word' id='word_1_326' title='bbox 1848 2169 2150 2226; x_wconf 82' lang='lat' dir='ltr'><strong>rursusque</strong></span> <span class='ocrx_word' id='word_1_327' title='bbox 2179 2159 2426 2214; x_wconf 87' lang='lat' dir='ltr'><strong>conversi</strong></span> <span class='ocrx_word' id='word_1_328' title='bbox 2467 2162 2731 2216; x_wconf 89' lang='lat' dir='ltr'><strong>acerrime</strong></span> <span class='ocrx_word' id='word_1_329' title='bbox 2774 2164 3105 2220; x_wconf 88' lang='lat' dir='ltr'><strong>insectantur</strong></span> <span class='ocrx_word' id='word_1_330' title='bbox 3127 2178 3286 2237; x_wconf 86' lang='lat' dir='ltr'><strong>atque</strong></span> <span class='ocrx_word' id='word_1_331' title='bbox 3315 2184 3408 2222; x_wconf 86' lang='lat' dir='ltr'><strong>ur-</strong></span> 
     </span>
    </p>
   </div>
   <div class='ocr_carea' id='block_1_48' title="bbox 1845 2249 3405 2327">
    <p class='ocr_par' dir='ltr' id='par_1_48' title="bbox 1845 2249 3405 2327">
     <span class='ocr_line' id='line_1_48' title="bbox 1845 2249 3405 2327; baseline 0.008 -27"><span class='ocrx_word' id='word_1_332' title='bbox 1845 2254 1991 2316; x_wconf 82' lang='lat' dir='ltr'><strong>gent,</strong></span> <span class='ocrx_word' id='word_1_333' title='bbox 2025 2257 2188 2319; x_wconf 90' lang='lat' dir='ltr'><strong>atque</strong></span> <span class='ocrx_word' id='word_1_334' title='bbox 2220 2249 2273 2305; x_wconf 95' lang='lat' dir='ltr'>in</span> <span class='ocrx_word' id='word_1_335' title='bbox 2307 2254 2455 2307; x_wconf 93' lang='lat' dir='ltr'><strong>omni</strong></span> <span class='ocrx_word' id='word_1_336' title='bbox 2493 2252 2604 2310; x_wconf 89' lang='lat' dir='ltr'><strong>fere</strong></span> <span class='ocrx_word' id='word_1_337' title='bbox 2636 2254 2761 2310; x_wconf 87' lang='lat' dir='ltr'><strong>belli</strong></span> <span class='ocrx_word' id='word_1_338' title='bbox 2793 2258 2972 2327; x_wconf 88' lang='lat' dir='ltr'><strong>specie</strong></span> <span class='ocrx_word' id='word_1_339' title='bbox 3018 2260 3213 2313; x_wconf 86' lang='lat' dir='ltr'><strong>versati</strong></span> <span class='ocrx_word' id='word_1_340' title='bbox 3247 2274 3405 2313; x_wconf 81' lang='lat' dir='ltr'><strong>exer-</strong></span> 
     </span>
    </p>
   </div>
   <div class='ocr_carea' id='block_1_49' title="bbox 1841 2336 3402 2418">
    <p class='ocr_par' dir='ltr' id='par_1_49' title="bbox 1841 2336 3402 2418">
     <span class='ocr_line' id='line_1_49' title="bbox 1841 2336 3402 2418; baseline 0.008 -27"><span class='ocrx_word' id='word_1_341' title='bbox 1841 2336 2259 2412; x_wconf 90' lang='lat' dir='ltr'><strong>citatissimique</strong></span> <span class='ocrx_word' id='word_1_342' title='bbox 2285 2342 2604 2413; x_wconf 77' lang='lat' dir='ltr'><strong>gravissime</strong></span> <span class='ocrx_word' id='word_1_343' title='bbox 2631 2345 2813 2401; x_wconf 86' lang='lat' dir='ltr'><strong>hostes</strong></span> <span class='ocrx_word' id='word_1_344' title='bbox 2830 2347 3030 2402; x_wconf 66' lang='lat' dir='ltr'><strong>laedunt</strong></span> <span class='ocrx_word' id='word_1_345' title='bbox 3048 2365 3064 2414; x_wconf 88' lang='lat'><strong>;</strong></span> <span class='ocrx_word' id='word_1_346' title='bbox 3084 2347 3402 2418; x_wconf 77' lang='lat' dir='ltr'><strong>jamdudum</strong></span> 
     </span>
    </p>
   </div>
   <div class='ocr_carea' id='block_1_50' title="bbox 1839 2429 3405 2507">
    <p class='ocr_par' dir='ltr' id='par_1_50' title="bbox 1839 2429 3405 2507">
     <span class='ocr_line' id='line_1_50' title="bbox 1839 2429 3405 2507; baseline 0.008 -25"><span class='ocrx_word' id='word_1_347' title='bbox 1839 2429 1986 2483; x_wconf 88' lang='lat' dir='ltr'><strong>enim</strong></span> <span class='ocrx_word' id='word_1_348' title='bbox 2021 2429 2162 2486; x_wconf 87' lang='lat' dir='ltr'><strong>bello</strong></span> <span class='ocrx_word' id='word_1_349' title='bbox 2193 2443 2504 2502; x_wconf 88' lang='lat' dir='ltr'><strong>assuerunt,</strong></span> <span class='ocrx_word' id='word_1_350' title='bbox 2531 2436 2852 2507; x_wconf 85' lang='lat' dir='ltr'><strong>jampridem</strong></span> <span class='ocrx_word' id='word_1_351' title='bbox 2891 2440 2992 2495; x_wconf 88' lang='lat' dir='ltr'><strong>sub</strong></span> <span class='ocrx_word' id='word_1_352' title='bbox 3043 2439 3229 2497; x_wconf 86' lang='lat' dir='ltr'><strong>Persis</strong></span> <span class='ocrx_word' id='word_1_353' title='bbox 3261 2441 3405 2496; x_wconf 78' lang='lat' dir='ltr'><strong>mili-</strong></span> 
     </span>
    </p>
   </div>
   <div class='ocr_carea' id='block_1_51' title="bbox 1847 2525 3400 2598">
    <p class='ocr_par' dir='ltr' id='par_1_51' title="bbox 1847 2525 3400 2598">
     <span class='ocr_line' id='line_1_51' title="bbox 1847 2525 3400 2598; baseline 0.008 -27"><span class='ocrx_word' id='word_1_354' title='bbox 1847 2526 2047 2582; x_wconf 85' lang='lat' dir='ltr'><strong>tantes.</strong></span> <span class='ocrx_word' id='word_1_355' title='bbox 2075 2536 2182 2577; x_wconf 91' lang='lat' dir='ltr'>non</span> <span class='ocrx_word' id='word_1_356' title='bbox 2213 2531 2393 2578; x_wconf 87' lang='lat' dir='ltr'><strong>tamen</strong></span> <span class='ocrx_word' id='word_1_357' title='bbox 2431 2525 2606 2580; x_wconf 91' lang='lat' dir='ltr'><strong>coacti</strong></span> <span class='ocrx_word' id='word_1_358' title='bbox 2651 2535 2908 2598; x_wconf 87' lang='lat' dir='ltr'><strong>tanquam</strong></span> <span class='ocrx_word' id='word_1_359' title='bbox 2951 2529 3174 2584; x_wconf 85' lang='lat' dir='ltr'><strong>subditi.</strong></span> <span class='ocrx_word' id='word_1_360' title='bbox 3219 2529 3400 2584; x_wconf 88' lang='lat' dir='ltr'><strong>Liberi</strong></span> 
     </span>
    </p>
   </div>
   <div class='ocr_carea' id='block_1_52' title="bbox 1836 2609 3399 2694">
    <p class='ocr_par' dir='ltr' id='par_1_52' title="bbox 1836 2609 3399 2694">
     <span class='ocr_line' id='line_1_52' title="bbox 1836 2609 3399 2694; baseline 0.007 -30"><span class='ocrx_word' id='word_1_361' title='bbox 1836 2609 1980 2666; x_wconf 90' lang='lat' dir='ltr'><strong>enim</strong></span> <span class='ocrx_word' id='word_1_362' title='bbox 2014 2622 2142 2667; x_wconf 89' lang='lat' dir='ltr'><strong>sunt</strong></span> <span class='ocrx_word' id='word_1_363' title='bbox 2159 2616 2354 2686; x_wconf 88' lang='lat' dir='ltr'><strong>suique</strong></span> <span class='ocrx_word' id='word_1_364' title='bbox 2373 2617 2537 2686; x_wconf 84' lang='lat' dir='ltr'><strong>juris,</strong></span> <span class='ocrx_word' id='word_1_365' title='bbox 2571 2635 2745 2690; x_wconf 90' lang='lat' dir='ltr'><strong>neque</strong></span> <span class='ocrx_word' id='word_1_366' title='bbox 2768 2625 2834 2675; x_wconf 89' lang='lat' dir='ltr'><strong>ad</strong></span> <span class='ocrx_word' id='word_1_367' title='bbox 2857 2621 3088 2694; x_wconf 85' lang='lat' dir='ltr'><strong>alicujus</strong></span> <span class='ocrx_word' id='word_1_368' title='bbox 3112 2620 3399 2677; x_wconf 82' lang='lat' dir='ltr'><strong>arbitrium</strong></span> 
     </span>
    </p>
   </div>
   <div class='ocr_carea' id='block_1_53' title="bbox 1839 2705 2686 2771">
    <p class='ocr_par' dir='ltr' id='par_1_53' title="bbox 1839 2705 2686 2771">
     <span class='ocr_line' id='line_1_53' title="bbox 1839 2705 2686 2771; baseline 0.017 -18"><span class='ocrx_word' id='word_1_369' title='bbox 1839 2716 1935 2771; x_wconf 87' lang='lat' dir='ltr'>per</span> <span class='ocrx_word' id='word_1_370' title='bbox 1965 2705 2074 2758; x_wconf 90' lang='lat' dir='ltr'>vim</span> <span class='ocrx_word' id='word_1_371' title='bbox 2100 2707 2240 2762; x_wconf 89' lang='lat' dir='ltr'><strong>trahi</strong></span> <span class='ocrx_word' id='word_1_372' title='bbox 2265 2723 2686 2767; x_wconf 81' lang='lat' dir='ltr'><strong>consueverunt.</strong></span> 
     </span>
    </p>
   </div>
   <div class='ocr_carea' id='block_1_54' title="bbox 185 2791 3400 2898">
    <p class='ocr_par' dir='ltr' id='par_1_54' title="bbox 185 2791 3400 2898">
     <span class='ocr_line' id='line_1_54' title="bbox 185 2791 3400 2898; baseline 0.012 -54"><span class='ocrx_word' id='word_1_373' title='bbox 185 2791 437 2861; x_wconf 86' lang='grc' dir='ltr'>κημένοι,</span> <span class='ocrx_word' id='word_1_374' title='bbox 493 2792 723 2863; x_wconf 88' lang='grc' dir='ltr'>μέγιστα</span> <span class='ocrx_word' id='word_1_375' title='bbox 778 2793 1010 2849; x_wconf 83' lang='grc' dir='ltr'>σίνονται</span> <span class='ocrx_word' id='word_1_376' title='bbox 1069 2798 1195 2863; x_wconf 84' lang='grc' dir='ltr'>τοὺς</span> <span class='ocrx_word' id='word_1_377' title='bbox 1243 2800 1567 2867; x_wconf 81' lang='grc' dir='ltr'>ἀντιπάλους</span> <span class='ocrx_word' id='word_1_378' title='bbox 1591 2821 1605 2835; x_wconf 75' lang='grc'><em>’</em></span> <span class='ocrx_word' id='word_1_379' title='bbox 1663 2806 1739 2870; x_wconf 88' lang='grc' dir='ltr'>ώς</span> <span class='ocrx_word' id='word_1_380' title='bbox 1807 2809 1864 2864; x_wconf 79' lang='grc' dir='ltr'>δὲ</span> <span class='ocrx_word' id='word_1_381' title='bbox 1906 2814 1951 2846; x_wconf 77' lang='grc'><strong>⁸⁸</strong></span> <span class='ocrx_word' id='word_1_382' title='bbox 2000 2815 2343 2870; x_wconf 83' lang='grc' dir='ltr'>ἐπιπλεῖστον</span> <span class='ocrx_word' id='word_1_383' title='bbox 2379 2817 2742 2891; x_wconf 85' lang='grc' dir='ltr'>ξυμπολεμείν</span> <span class='ocrx_word' id='word_1_384' title='bbox 2799 2826 2910 2888; x_wconf 84' lang='grc' dir='ltr'>τοῖς</span> <span class='ocrx_word' id='word_1_385' title='bbox 2985 2827 3219 2898; x_wconf 78' lang='grc' dir='ltr'>Πέρσαις</span> <span class='ocrx_word' id='word_1_386' title='bbox 3274 2827 3400 2882; x_wconf 84' lang='grc' dir='ltr'>εἱώ-</span> 
     </span>
    </p>
   </div>
   <div class='ocr_carea' id='block_1_55' title="bbox 187 2881 3398 2992">
    <p class='ocr_par' dir='ltr' id='par_1_55' title="bbox 187 2881 3398 2992">
     <span class='ocr_line' id='line_1_55' title="bbox 187 2881 3398 2992; baseline 0.013 -57"><span class='ocrx_word' id='word_1_387' title='bbox 187 2881 369 2947; x_wconf 86' lang='grc' dir='ltr'>θασιν,</span> <span class='ocrx_word' id='word_1_388' title='bbox 433 2885 492 2936; x_wconf 76' lang='grc' dir='ltr'>οὐ</span> <span class='ocrx_word' id='word_1_389' title='bbox 525 2885 631 2954; x_wconf 82' lang='grc' dir='ltr'>μὴν</span> <span class='ocrx_word' id='word_1_390' title='bbox 663 2887 1098 2992; x_wconf 44' lang='grc' dir='ltr'>’ἠναγκασμένομ</span> <span class='ocrx_word' id='word_1_391' title='bbox 1176 2891 1363 2965; x_wconf 83' lang='grc' dir='ltr'>ὥσπερ</span> <span class='ocrx_word' id='word_1_392' title='bbox 1408 2897 1680 2968; x_wconf 84' lang='grc' dir='ltr'>κατήκοοι.</span> <span class='ocrx_word' id='word_1_393' title='bbox 1730 2900 2024 2977; x_wconf 80' lang='grc' dir='ltr'>Αύτόνομοί</span> <span class='ocrx_word' id='word_1_394' title='bbox 2082 2925 2141 2961; x_wconf 89' lang='grc' dir='ltr'>τε</span> <span class='ocrx_word' id='word_1_395' title='bbox 2186 2910 2296 2982; x_wconf 85' lang='grc' dir='ltr'>γάρ</span> <span class='ocrx_word' id='word_1_396' title='bbox 2347 2881 2460 2964; x_wconf 72' lang='grc' dir='ltr'>εἰσί</span> <span class='ocrx_word' id='word_1_397' title='bbox 2505 2881 2916 2989; x_wconf 47' lang='grc' dir='ltr'>καὶ-ἐλεύθεροι</span> <span class='ocrx_word' id='word_1_398' title='bbox 2942 2957 2958 2984; x_wconf 92' lang='grc'>,</span> <span class='ocrx_word' id='word_1_399' title='bbox 3022 2881 3398 2992; x_wconf 65' lang='grc' dir='ltr'>καὶάγεσθαι</span> 
     </span>
    </p>
   </div>
   <div class='ocr_carea' id='block_1_56' title="bbox 186 2971 1184 3046">
    <p class='ocr_par' dir='ltr' id='par_1_56' title="bbox 186 2971 1184 3046">
     <span class='ocr_line' id='line_1_56' title="bbox 186 2971 1184 3046; baseline 0.004 -17"><span class='ocrx_word' id='word_1_400' title='bbox 186 2973 292 3029; x_wconf 83' lang='grc' dir='ltr'>ὑπὸ</span> <span class='ocrx_word' id='word_1_401' title='bbox 322 2971 417 3026; x_wconf 83' lang='grc' dir='ltr'>τοῦ</span> <span class='ocrx_word' id='word_1_402' title='bbox 459 2975 594 3044; x_wconf 70' lang='grc' dir='ltr'>πρὸς</span> <span class='ocrx_word' id='word_1_403' title='bbox 623 2973 743 3044; x_wconf 85' lang='grc' dir='ltr'>βίας</span> <span class='ocrx_word' id='word_1_404' title='bbox 774 2975 835 3028; x_wconf 86' lang='grc' dir='ltr'>οὐ</span> <span class='ocrx_word' id='word_1_405' title='bbox 863 2979 1184 3046; x_wconf 79' lang='grc' dir='ltr'>πεφυκότες.</span> 
     </span>
    </p>
   </div>
   <div class='ocr_carea' id='block_1_57' title="bbox 275 3062 1744 3150">
    <p class='ocr_par' dir='ltr' id='par_1_57' title="bbox 275 3062 1744 3150">
     <span class='ocr_line' id='line_1_57' title="bbox 275 3062 1744 3150; baseline 0.012 -33"><span class='ocrx_word' id='word_1_406' title='bbox 275 3071 374 3135; x_wconf 86' lang='grc' dir='ltr'>ιη’.</span> <span class='ocrx_word' id='word_1_407' title='bbox 415 3065 634 3121; x_wconf 85' lang='grc' dir='ltr'>Τούτων</span> <span class='ocrx_word' id='word_1_408' title='bbox 659 3065 725 3134; x_wconf 80' lang='grc' dir='ltr'>δὴ</span> <span class='ocrx_word' id='word_1_409' title='bbox 768 3062 862 3122; x_wconf 81' lang='grc' dir='ltr'>οὖν</span> <span class='ocrx_word' id='word_1_410' title='bbox 891 3067 1002 3122; x_wconf 84' lang='grc' dir='ltr'>τῶν</span> <span class='ocrx_word' id='word_1_411' title='bbox 1030 3070 1354 3142; x_wconf 82' lang='grc' dir='ltr'>Διλιμνιτῶν</span> <span class='ocrx_word' id='word_1_412' title='bbox 1377 3076 1406 3129; x_wconf 83' lang='grc' dir='ltr'>ό</span> <span class='ocrx_word' id='word_1_413' title='bbox 1429 3076 1744 3150; x_wconf 84' lang='grc' dir='ltr'>ἀποδασμδς</span> 
     </span>
    </p>
   </div>
   <div class='ocr_carea' id='block_1_58' title="bbox 185 3158 1738 3242">
    <p class='ocr_par' dir='ltr' id='par_1_58' title="bbox 185 3158 1738 3242">
     <span class='ocr_line' id='line_1_58' title="bbox 185 3158 1738 3242; baseline 0.01 -33"><span class='ocrx_word' id='word_1_414' title='bbox 185 3158 381 3221; x_wconf 85' lang='grc' dir='ltr'>νυκτὸς</span> <span class='ocrx_word' id='word_1_415' title='bbox 414 3158 768 3230; x_wconf 86' lang='grc' dir='ltr'>ἐπελθούσης,</span> <span class='ocrx_word' id='word_1_416' title='bbox 815 3160 955 3215; x_wconf 88' lang='grc' dir='ltr'>κατά</span> <span class='ocrx_word' id='word_1_417' title='bbox 995 3160 1104 3214; x_wconf 84' lang='grc' dir='ltr'>τῶν</span> <span class='ocrx_word' id='word_1_418' title='bbox 1154 3164 1428 3237; x_wconf 89' lang='grc' dir='ltr'>Σαϐείρων</span> <span class='ocrx_word' id='word_1_419' title='bbox 1481 3169 1738 3242; x_wconf 89' lang='grc' dir='ltr'>ἐχώρουν,</span> 
     </span>
    </p>
   </div>
   <div class='ocr_carea' id='block_1_59' title="bbox 183 3247 1742 3326">
    <p class='ocr_par' dir='ltr' id='par_1_59' title="bbox 183 3247 1742 3326">
     <span class='ocr_line' id='line_1_59' title="bbox 183 3247 1742 3326; baseline 0.008 -22"><span class='ocrx_word' id='word_1_420' title='bbox 183 3253 407 3320; x_wconf 82' lang='grc' dir='ltr'>ἄμεινον</span> <span class='ocrx_word' id='word_1_421' title='bbox 446 3247 584 3303; x_wconf 83' lang='grc' dir='ltr'>εἶναι</span> <span class='ocrx_word' id='word_1_422' title='bbox 613 3249 825 3317; x_wconf 82' lang='grc' dir='ltr'>δοκοῦν,</span> <span class='ocrx_word' id='word_1_423' title='bbox 858 3250 940 3305; x_wconf 78' lang='grc' dir='ltr'>ἔτι</span> <span class='ocrx_word' id='word_1_424' title='bbox 984 3253 1332 3311; x_wconf 86' lang='grc' dir='ltr'>καθεύδουσιν</span> <span class='ocrx_word' id='word_1_425' title='bbox 1381 3261 1562 3326; x_wconf 80' lang='grc' dir='ltr'>αὐτοῖς</span> <span class='ocrx_word' id='word_1_426' title='bbox 1621 3264 1742 3316; x_wconf 83' lang='grc' dir='ltr'>ἐπι-</span> 
     </span>
    </p>
   </div>
   <div class='ocr_carea' id='block_1_60' title="bbox 183 3339 1728 3418">
    <p class='ocr_par' dir='ltr' id='par_1_60' title="bbox 183 3339 1728 3418">
     <span class='ocr_line' id='line_1_60' title="bbox 183 3339 1728 3418; baseline 0.01 -26"><span class='ocrx_word' id='word_1_427' title='bbox 183 3341 396 3409; x_wconf 78' lang='grc' dir='ltr'>στῆναι,</span> <span class='ocrx_word' id='word_1_428' title='bbox 431 3339 572 3392; x_wconf 80' lang='grc' dir='ltr'>οὖτω</span> <span class='ocrx_word' id='word_1_429' title='bbox 600 3356 657 3392; x_wconf 87' lang='grc' dir='ltr'>τε</span> <span class='ocrx_word' id='word_1_430' title='bbox 690 3339 932 3406; x_wconf 75' lang='grc' dir='ltr'>ἅπαντας</span> <span class='ocrx_word' id='word_1_431' title='bbox 966 3343 1332 3418; x_wconf 83' lang='grc' dir='ltr'>εὐκολώτερον</span> <span class='ocrx_word' id='word_1_432' title='bbox 1362 3349 1405 3381; x_wconf 78' lang='grc'>⁵⁸</span> <span class='ocrx_word' id='word_1_433' title='bbox 1437 3355 1728 3406; x_wconf 83' lang='grc' dir='ltr'>κατακτεῖ-</span> 
     </span>
    </p>
   </div>
   <div class='ocr_carea' id='block_1_61' title="bbox 181 3427 1738 3511">
    <p class='ocr_par' dir='ltr' id='par_1_61' title="bbox 181 3427 1738 3511">
     <span class='ocr_line' id='line_1_61' title="bbox 181 3427 1738 3511; baseline 0.012 -30"><span class='ocrx_word' id='word_1_434' title='bbox 181 3447 316 3483; x_wconf 74' lang='grc' dir='ltr'>ναισ</span> <span class='ocrx_word' id='word_1_435' title='bbox 365 3431 478 3497; x_wconf 81' lang='grc' dir='ltr'>καὶ,</span> <span class='ocrx_word' id='word_1_436' title='bbox 529 3427 700 3501; x_wconf 79' lang='grc' dir='ltr'>οἶμαι,</span> <span class='ocrx_word' id='word_1_437' title='bbox 763 3431 866 3485; x_wconf 82' lang='grc' dir='ltr'>οὐκ</span> <span class='ocrx_word' id='word_1_438' title='bbox 906 3432 973 3488; x_wconf 85' lang='grc' dir='ltr'>ἂν</span> <span class='ocrx_word' id='word_1_439' title='bbox 1026 3433 1322 3509; x_wconf 83' lang='grc' dir='ltr'>διήμαρτον</span> <span class='ocrx_word' id='word_1_440' title='bbox 1363 3441 1461 3511; x_wconf 83' lang='grc' dir='ltr'>τῆς</span> <span class='ocrx_word' id='word_1_441' title='bbox 1505 3443 1738 3508; x_wconf 86' lang='grc' dir='ltr'>ἐλπίδος,</span> 
     </span>
    </p>
   </div>
   <div class='ocr_carea' id='block_1_62' title="bbox 1909 3077 3392 3164">
    <p class='ocr_par' dir='ltr' id='par_1_62' title="bbox 1909 3077 3392 3164">
     <span class='ocr_line' id='line_1_62' title="bbox 1909 3077 3392 3164; baseline 0.013 -32"><span class='ocrx_word' id='word_1_442' title='bbox 1909 3077 1996 3133; x_wconf 81' lang='lat' dir='ltr'><strong>l8.</strong></span> <span class='ocrx_word' id='word_1_443' title='bbox 2031 3079 2236 3135; x_wconf 88' lang='lat' dir='ltr'><strong>Horum</strong></span> <span class='ocrx_word' id='word_1_444' title='bbox 2266 3082 2446 3154; x_wconf 84' lang='lat' dir='ltr'><strong>itaque</strong></span> <span class='ocrx_word' id='word_1_445' title='bbox 2473 3083 2874 3143; x_wconf 89' lang='lat' dir='ltr'><strong>Dilimnitarum</strong></span> <span class='ocrx_word' id='word_1_446' title='bbox 2914 3093 3093 3160; x_wconf 91' lang='lat' dir='ltr'><strong>portio</strong></span> <span class='ocrx_word' id='word_1_447' title='bbox 3121 3095 3392 3164; x_wconf 72' lang='lat' dir='ltr'><strong>quaedam,</strong></span> 
     </span>
    </p>
   </div>
   <div class='ocr_carea' id='block_1_63' title="bbox 1840 3173 3394 3250">
    <p class='ocr_par' dir='ltr' id='par_1_63' title="bbox 1840 3173 3394 3250">
     <span class='ocr_line' id='line_1_63' title="bbox 1840 3173 3394 3250; baseline 0.014 -27"><span class='ocrx_word' id='word_1_448' title='bbox 1840 3186 1961 3225; x_wconf 87' lang='lat' dir='ltr'>cum</span> <span class='ocrx_word' id='word_1_449' title='bbox 1980 3173 2092 3242; x_wconf 93' lang='lat' dir='ltr'>jam</span> <span class='ocrx_word' id='word_1_450' title='bbox 2126 3189 2232 3228; x_wconf 82' lang='lat' dir='ltr'><strong>nox</strong></span> <span class='ocrx_word' id='word_1_451' title='bbox 2252 3185 2418 3243; x_wconf 85' lang='lat' dir='ltr'><strong>esset,</strong></span> <span class='ocrx_word' id='word_1_452' title='bbox 2443 3177 2495 3232; x_wconf 94' lang='lat' dir='ltr'><strong>in</strong></span> <span class='ocrx_word' id='word_1_453' title='bbox 2529 3180 2752 3236; x_wconf 73' lang='lat' dir='ltr'><strong>Sabiros</strong></span> <span class='ocrx_word' id='word_1_454' title='bbox 2779 3182 2904 3250; x_wconf 90' lang='lat' dir='ltr'><strong>ivit;</strong></span> <span class='ocrx_word' id='word_1_455' title='bbox 2931 3185 3229 3242; x_wconf 87' lang='lat' dir='ltr'><strong>consultius</strong></span> <span class='ocrx_word' id='word_1_456' title='bbox 3249 3192 3394 3245; x_wconf 90' lang='lat' dir='ltr'><strong>enim</strong></span> 
     </span>
    </p>
   </div>
   <div class='ocr_carea' id='block_1_64' title="bbox 1839 3263 3399 3336">
    <p class='ocr_par' dir='ltr' id='par_1_64' title="bbox 1839 3263 3399 3336">
     <span class='ocr_line' id='line_1_64' title="bbox 1839 3263 3399 3336; baseline 0.013 -20"><span class='ocrx_word' id='word_1_457' title='bbox 1839 3263 1972 3332; x_wconf 91' lang='lat' dir='ltr'><strong>ipsis</strong></span> <span class='ocrx_word' id='word_1_458' title='bbox 2002 3265 2304 3331; x_wconf 86' lang='lat' dir='ltr'><strong>videbatur,</strong></span> <span class='ocrx_word' id='word_1_459' title='bbox 2354 3269 2399 3324; x_wconf 92' lang='lat' dir='ltr'>si</span> <span class='ocrx_word' id='word_1_460' title='bbox 2422 3286 2518 3326; x_wconf 89' lang='lat' dir='ltr'>eos</span> <span class='ocrx_word' id='word_1_461' title='bbox 2565 3273 2744 3329; x_wconf 90' lang='lat' dir='ltr'><strong>adhuc</strong></span> <span class='ocrx_word' id='word_1_462' title='bbox 2799 3274 3128 3334; x_wconf 89' lang='lat' dir='ltr'><strong>dormientes</strong></span> <span class='ocrx_word' id='word_1_463' title='bbox 3173 3279 3399 3336; x_wconf 84' lang='lat' dir='ltr'><strong>invade-</strong></span> 
     </span>
    </p>
   </div>
   <div class='ocr_carea' id='block_1_65' title="bbox 1839 3358 3394 3443">
    <p class='ocr_par' dir='ltr' id='par_1_65' title="bbox 1839 3358 3394 3443">
     <span class='ocr_line' id='line_1_65' title="bbox 1839 3358 3394 3443; baseline 0.012 -34"><span class='ocrx_word' id='word_1_464' title='bbox 1839 3365 1980 3423; x_wconf 87' lang='lat' dir='ltr'><strong>rent,</strong></span> <span class='ocrx_word' id='word_1_465' title='bbox 2013 3370 2174 3426; x_wconf 87' lang='lat' dir='ltr'><strong>atque</strong></span> <span class='ocrx_word' id='word_1_466' title='bbox 2205 3362 2277 3413; x_wconf 90' lang='lat' dir='ltr'><strong>ita</strong></span> <span class='ocrx_word' id='word_1_467' title='bbox 2313 3358 2568 3418; x_wconf 81' lang='lat' dir='ltr'><strong>facillime</strong></span> <span class='ocrx_word' id='word_1_468' title='bbox 2595 3379 2788 3422; x_wconf 86' lang='lat' dir='ltr'><strong>omnes</strong></span> <span class='ocrx_word' id='word_1_469' title='bbox 2814 3369 3394 3443; x_wconf 65' lang='lat' dir='ltr'><strong>trucidarentuieque,</strong></span> 
     </span>
    </p>
   </div>
   <div class='ocr_carea' id='block_1_66' title="bbox 1839 3449 3395 3537">
    <p class='ocr_par' dir='ltr' id='par_1_66' title="bbox 1839 3449 3395 3537">
     <span class='ocr_line' id='line_1_66' title="bbox 1839 3449 3395 3537; baseline 0.012 -36"><span class='ocrx_word' id='word_1_470' title='bbox 1839 3450 2050 3517; x_wconf 75' lang='lat' dir='ltr'><strong>opinor,</strong></span> <span class='ocrx_word' id='word_1_471' title='bbox 2081 3449 2324 3506; x_wconf 84' lang='lat' dir='ltr'><strong>frustrati</strong></span> <span class='ocrx_word' id='word_1_472' title='bbox 2378 3451 2604 3510; x_wconf 79' lang='lat' dir='ltr'><strong>fuissent</strong></span> <span class='ocrx_word' id='word_1_473' title='bbox 2637 3471 2734 3511; x_wconf 87' lang='lat' dir='ltr'>sua</span> <span class='ocrx_word' id='word_1_474' title='bbox 2767 3473 2880 3528; x_wconf 85' lang='lat' dir='ltr'><strong>spe,</strong></span> <span class='ocrx_word' id='word_1_475' title='bbox 2909 3461 3013 3516; x_wconf 88' lang='lat' dir='ltr'><strong>nisi</strong></span> <span class='ocrx_word' id='word_1_476' title='bbox 3042 3464 3286 3532; x_wconf 61' lang='lat' dir='ltr'><strong>quaedam</strong></span> <span class='ocrx_word' id='word_1_477' title='bbox 3315 3467 3395 3537; x_wconf 77' lang='lat' dir='ltr'>ip-</span> 
     </span>
    </p>
   </div>
   <div class='ocr_carea' id='block_1_67' title="bbox 181 3520 1844 3620">
    <p class='ocr_par' dir='ltr' id='par_1_67' title="bbox 181 3520 1844 3604">
     <span class='ocr_line' id='line_1_67' title="bbox 181 3520 1844 3604; baseline 0.024 -43"><span class='ocrx_word' id='word_1_478' title='bbox 181 3524 234 3574; x_wconf 78' lang='grc' dir='ltr'>εξ</span> <span class='ocrx_word' id='word_1_479' title='bbox 291 3522 366 3592; x_wconf 79' lang='grc' dir='ltr'>μή</span> <span class='ocrx_word' id='word_1_480' title='bbox 419 3539 502 3585; x_wconf 79' lang='grc' dir='ltr'>τις</span> <span class='ocrx_word' id='word_1_481' title='bbox 535 3521 732 3586; x_wconf 70' lang='grc' dir='ltr'>αὐτοὺς</span> <span class='ocrx_word' id='word_1_482' title='bbox 760 3520 961 3593; x_wconf 75' lang='grc' dir='ltr'>ἔσφηλε</span> <span class='ocrx_word' id='word_1_483' title='bbox 989 3523 1161 3596; x_wconf 87' lang='grc' dir='ltr'>τύχη.</span> <span class='ocrx_word' id='word_1_484' title='bbox 1204 3528 1393 3594; x_wconf 74' lang='grc' dir='ltr'>’ἰόντες</span> <span class='ocrx_word' id='word_1_485' title='bbox 1431 3532 1539 3604; x_wconf 73' lang='grc' dir='ltr'>γὰρ</span> <span class='ocrx_word' id='word_1_486' title='bbox 1562 3534 1732 3604; x_wconf 80' lang='grc' dir='ltr'>δήπου</span> <span class='ocrx_word' id='word_1_487' title='bbox 1759 3533 1803 3592; x_wconf 75' lang='lat' dir='ltr'><strong><em>C</em></strong></span> <span class='ocrx_word' id='word_1_488' title='bbox 1835 3554 1844 3593; x_wconf 84' lang='lat' dir='ltr'><strong>l</strong></span> 
     </span>
    </p>
   </div>
   <div class='ocr_carea' id='block_1_68' title="bbox 1730 3520 3393 3620">
    <p class='ocr_par' dir='ltr' id='par_1_68' title="bbox 1730 3520 3393 3620">
     <span class='ocr_line' id='line_1_68' title="bbox 1730 3520 3393 3620; baseline 0.014 -29"><span class='ocrx_word' id='word_1_489' title='bbox 1730 3533 1803 3592; x_wconf 33' lang='lat' dir='ltr'>lC</span> <span class='ocrx_word' id='word_1_490' title='bbox 1835 3553 1925 3595; x_wconf 89' lang='lat' dir='ltr'>sos</span> <span class='ocrx_word' id='word_1_491' title='bbox 1965 3541 2181 3596; x_wconf 87' lang='lat' dir='ltr'><strong>fortuna</strong></span> <span class='ocrx_word' id='word_1_492' title='bbox 2221 3544 2519 3600; x_wconf 87' lang='lat' dir='ltr'><strong>fefellisset.</strong></span> <span class='ocrx_word' id='word_1_493' title='bbox 2550 3546 2682 3605; x_wconf 79' lang='lat' dir='ltr'><strong>Nam</strong></span> <span class='ocrx_word' id='word_1_494' title='bbox 2724 3520 2951 3620; x_wconf 38' lang='lat' dir='ltr'><strong>ipsis&#39;ad</strong></span> <span class='ocrx_word' id='word_1_495' title='bbox 3000 3520 3105 3610; x_wconf 73' lang='lat' dir='ltr'><strong>hoc</strong></span> <span class='ocrx_word' id='word_1_496' title='bbox 3135 3520 3393 3614; x_wconf 68' lang='lat' dir='ltr'><strong>euntibus</strong></span> 
     </span>
    </p>
   </div>
   <div class='ocr_carea' id='block_1_69' title="bbox 181 3613 1734 3695">
    <p class='ocr_par' dir='ltr' id='par_1_69' title="bbox 181 3613 1734 3695">
     <span class='ocr_line' id='line_1_69' title="bbox 181 3613 1734 3695; baseline 0.008 -28"><span class='ocrx_word' id='word_1_497' title='bbox 181 3615 243 3677; x_wconf 83' lang='grc' dir='ltr'>ἐς</span> <span class='ocrx_word' id='word_1_498' title='bbox 281 3613 458 3677; x_wconf 85' lang='grc' dir='ltr'>τοῦτο,</span> <span class='ocrx_word' id='word_1_499' title='bbox 514 3615 651 3685; x_wconf 85' lang='grc' dir='ltr'>ἀνήρ</span> <span class='ocrx_word' id='word_1_500' title='bbox 683 3631 766 3678; x_wconf 92' lang='grc' dir='ltr'>τις</span> <span class='ocrx_word' id='word_1_501' title='bbox 821 3615 1005 3680; x_wconf 79' lang='grc' dir='ltr'>αὐτοῖς</span> <span class='ocrx_word' id='word_1_502' title='bbox 1059 3617 1264 3689; x_wconf 81' lang='grc' dir='ltr'>Κόλχος</span> <span class='ocrx_word' id='word_1_503' title='bbox 1304 3622 1361 3674; x_wconf 83' lang='grc' dir='ltr'>ἐν</span> <span class='ocrx_word' id='word_1_504' title='bbox 1400 3624 1573 3695; x_wconf 81' lang='grc' dir='ltr'>σκότῳ</span> <span class='ocrx_word' id='word_1_505' title='bbox 1643 3626 1734 3679; x_wconf 73' lang='grc' dir='ltr'>καὶ</span> 
     </span>
    </p>
   </div>
   <div class='ocr_carea' id='block_1_70' title="bbox 183 3698 1734 3780">
    <p class='ocr_par' dir='ltr' id='par_1_70' title="bbox 183 3698 1734 3780">
     <span class='ocr_line' id='line_1_70' title="bbox 183 3698 1734 3780; baseline 0.008 -22"><span class='ocrx_word' id='word_1_506' title='bbox 183 3704 411 3776; x_wconf 68' lang='grc' dir='ltr'>ἐρημίᾳ,</span> <span class='ocrx_word' id='word_1_507' title='bbox 443 3698 541 3774; x_wconf 82' lang='grc' dir='ltr'>ᾦδέ</span> <span class='ocrx_word' id='word_1_508' title='bbox 588 3723 705 3770; x_wconf 92' lang='grc' dir='ltr'>πως</span> <span class='ocrx_word' id='word_1_509' title='bbox 737 3706 1071 3780; x_wconf 85' lang='grc' dir='ltr'>ξυνενεχθέν,</span> <span class='ocrx_word' id='word_1_510' title='bbox 1123 3710 1473 3778; x_wconf 73' lang='grc' dir='ltr'>ὑπαντιάζειο</span> <span class='ocrx_word' id='word_1_511' title='bbox 1505 3717 1600 3769; x_wconf 77' lang='grc' dir='ltr'>καὶ</span> <span class='ocrx_word' id='word_1_512' title='bbox 1643 3718 1734 3771; x_wconf 88' lang='grc' dir='ltr'>τὸν</span> 
     </span>
    </p>
   </div>
   <div class='ocr_carea' id='block_1_71' title="bbox 180 3797 1734 3876">
    <p class='ocr_par' dir='ltr' id='par_1_71' title="bbox 180 3797 1734 3876">
     <span class='ocr_line' id='line_1_71' title="bbox 180 3797 1734 3876; baseline 0.007 -25"><span class='ocrx_word' id='word_1_513' title='bbox 180 3798 556 3868; x_wconf 82' lang='grc' dir='ltr'>ἀσμενέστατα</span> <span class='ocrx_word' id='word_1_514' title='bbox 579 3797 947 3866; x_wconf 82' lang='grc' dir='ltr'>ξυλλαϐόντες,</span> <span class='ocrx_word' id='word_1_515' title='bbox 971 3801 1339 3872; x_wconf 80' lang='grc' dir='ltr'>ἀναγκάζουσι</span> <span class='ocrx_word' id='word_1_516' title='bbox 1370 3806 1468 3876; x_wconf 80' lang='grc' dir='ltr'>τῆς</span> <span class='ocrx_word' id='word_1_517' title='bbox 1493 3807 1584 3861; x_wconf 79' lang='grc' dir='ltr'>ἐπὶ</span> <span class='ocrx_word' id='word_1_518' title='bbox 1611 3809 1734 3872; x_wconf 74' lang='grc' dir='ltr'>τοὺς</span> 
     </span>
    </p>
   </div>
   <div class='ocr_carea' id='block_1_72' title="bbox 180 3885 1734 3964">
    <p class='ocr_par' dir='ltr' id='par_1_72' title="bbox 180 3885 1734 3964">
     <span class='ocr_line' id='line_1_72' title="bbox 180 3885 1734 3964; baseline 0.005 -24"><span class='ocrx_word' id='word_1_519' title='bbox 180 3886 478 3955; x_wconf 81' lang='grc' dir='ltr'>Σαϐείρους</span> <span class='ocrx_word' id='word_1_520' title='bbox 521 3885 764 3956; x_wconf 77' lang='grc' dir='ltr'>ἡγεῖσθαι</span> <span class='ocrx_word' id='word_1_521' title='bbox 813 3887 1059 3957; x_wconf 86' lang='grc' dir='ltr'>πορείας.</span> <span class='ocrx_word' id='word_1_522' title='bbox 1135 3889 1196 3942; x_wconf 86' lang='grc' dir='ltr'>Ὀ</span> <span class='ocrx_word' id='word_1_523' title='bbox 1240 3890 1296 3943; x_wconf 86' lang='grc' dir='ltr'>δὲ</span> <span class='ocrx_word' id='word_1_524' title='bbox 1353 3892 1734 3964; x_wconf 87' lang='grc' dir='ltr'>προθυμότατα</span> 
     </span>
    </p>
   </div>
   <div class='ocr_carea' id='block_1_73' title="bbox 181 3975 1731 4053">
    <p class='ocr_par' dir='ltr' id='par_1_73' title="bbox 181 3975 1731 4053">
     <span class='ocr_line' id='line_1_73' title="bbox 181 3975 1731 4053; baseline 0.003 -23"><span class='ocrx_word' id='word_1_525' title='bbox 181 3977 422 4038; x_wconf 77' lang='grc' dir='ltr'>ὑποστὰς</span> <span class='ocrx_word' id='word_1_526' title='bbox 467 3975 527 4028; x_wconf 76' lang='grc' dir='ltr'>τὸ</span> <span class='ocrx_word' id='word_1_527' title='bbox 587 3975 882 4046; x_wconf 81' lang='grc' dir='ltr'>ἐπίταγμα,</span> <span class='ocrx_word' id='word_1_528' title='bbox 938 3977 1033 4031; x_wconf 78' lang='grc' dir='ltr'>καὶ</span> <span class='ocrx_word' id='word_1_529' title='bbox 1090 3979 1190 4051; x_wconf 76' lang='grc' dir='ltr'>ἥδη</span> <span class='ocrx_word' id='word_1_530' title='bbox 1242 3983 1731 4053; x_wconf 60' lang='grc' dir='ltr'>πῳπορευόμενος,</span> 
     </span>
    </p>
   </div>
   <div class='ocr_carea' id='block_1_74' title="bbox 183 4066 1734 4142">
    <p class='ocr_par' dir='ltr' id='par_1_74' title="bbox 183 4066 1734 4142">
     <span class='ocr_line' id='line_1_74' title="bbox 183 4066 1734 4142; baseline 0.006 -22"><span class='ocrx_word' id='word_1_531' title='bbox 183 4066 375 4137; x_wconf 84' lang='grc' dir='ltr'>ἐπειδὴ</span> <span class='ocrx_word' id='word_1_532' title='bbox 402 4067 580 4136; x_wconf 85' lang='grc' dir='ltr'>νάπης</span> <span class='ocrx_word' id='word_1_533' title='bbox 615 4067 756 4130; x_wconf 83' lang='grc' dir='ltr'>τινὸς</span> <span class='ocrx_word' id='word_1_534' title='bbox 789 4066 979 4132; x_wconf 89' lang='grc' dir='ltr'>λασίας</span> <span class='ocrx_word' id='word_1_535' title='bbox 1027 4068 1311 4142; x_wconf 86' lang='grc' dir='ltr'>ἐκύρησεν,</span> <span class='ocrx_word' id='word_1_536' title='bbox 1380 4074 1623 4142; x_wconf 76' lang='grc' dir='ltr'>ὑφιζάνει</span> <span class='ocrx_word' id='word_1_537' title='bbox 1673 4092 1734 4129; x_wconf 88' lang='grc' dir='ltr'>τε</span> 
     </span>
    </p>
   </div>
   <div class='ocr_carea' id='block_1_75' title="bbox 178 4157 1732 4234">
    <p class='ocr_par' dir='ltr' id='par_1_75' title="bbox 178 4157 1732 4234">
     <span class='ocr_line' id='line_1_75' title="bbox 178 4157 1732 4234; baseline 0.008 -26"><span class='ocrx_word' id='word_1_538' title='bbox 178 4157 372 4228; x_wconf 69' lang='grc' dir='ltr'>ἠρέμα</span> <span class='ocrx_word' id='word_1_539' title='bbox 405 4159 498 4210; x_wconf 77' lang='grc' dir='ltr'>καὶ</span> <span class='ocrx_word' id='word_1_540' title='bbox 527 4157 851 4212; x_wconf 76' lang='grc' dir='ltr'>ὑποδύεταιο</span> <span class='ocrx_word' id='word_1_541' title='bbox 891 4159 1032 4214; x_wconf 80' lang='grc' dir='ltr'>οὕτω</span> <span class='ocrx_word' id='word_1_542' title='bbox 1062 4178 1122 4214; x_wconf 90' lang='grc' dir='ltr'>τε</span> <span class='ocrx_word' id='word_1_543' title='bbox 1165 4162 1386 4234; x_wconf 84' lang='grc' dir='ltr'>διαδρὰς</span> <span class='ocrx_word' id='word_1_544' title='bbox 1431 4168 1555 4230; x_wconf 80' lang='grc' dir='ltr'>τοὺς</span> <span class='ocrx_word' id='word_1_545' title='bbox 1603 4164 1732 4221; x_wconf 61' lang='lat' dir='ltr'><strong>Erro.</strong></span> 
     </span>
    </p>
   </div>
   <div class='ocr_carea' id='block_1_76' title="bbox 182 4244 1734 4331">
    <p class='ocr_par' dir='ltr' id='par_1_76' title="bbox 182 4244 1734 4331">
     <span class='ocr_line' id='line_1_76' title="bbox 182 4244 1734 4331; baseline 0.009 -31"><span class='ocrx_word' id='word_1_546' title='bbox 182 4249 384 4320; x_wconf 82' lang='grc' dir='ltr'>μένους</span> <span class='ocrx_word' id='word_1_547' title='bbox 420 4249 513 4300; x_wconf 76' lang='grc' dir='ltr'>καὶ</span> <span class='ocrx_word' id='word_1_548' title='bbox 561 4251 923 4320; x_wconf 80' lang='grc' dir='ltr'>προτερήσας,</span> <span class='ocrx_word' id='word_1_549' title='bbox 991 4244 1092 4323; x_wconf 84' lang='grc' dir='ltr'>ἦκε</span> <span class='ocrx_word' id='word_1_550' title='bbox 1171 4252 1424 4325; x_wconf 83' lang='grc' dir='ltr'>δρομαῖος</span> <span class='ocrx_word' id='word_1_551' title='bbox 1475 4256 1518 4288; x_wconf 80' lang='grc'>⁸³</span> <span class='ocrx_word' id='word_1_552' title='bbox 1583 4261 1734 4331; x_wconf 80' lang='grc' dir='ltr'>παρὰ</span> 
     </span>
    </p>
   </div>
   <div class='ocr_carea' id='block_1_77' title="bbox 177 4339 1740 4419">
    <p class='ocr_par' dir='ltr' id='par_1_77' title="bbox 177 4339 1740 4419">
     <span class='ocr_line' id='line_1_77' title="bbox 177 4339 1740 4419; baseline 0.008 -26"><span class='ocrx_word' id='word_1_553' title='bbox 177 4341 312 4402; x_wconf 75' lang='grc' dir='ltr'>τοὺς</span> <span class='ocrx_word' id='word_1_554' title='bbox 365 4339 598 4402; x_wconf 80' lang='grc' dir='ltr'>Οὓννους</span> <span class='ocrx_word' id='word_1_555' title='bbox 627 4357 640 4370; x_wconf 91' lang='grc'><strong>·</strong></span> <span class='ocrx_word' id='word_1_556' title='bbox 677 4340 851 4411; x_wconf 85' lang='grc' dir='ltr'>εὑρὼν</span> <span class='ocrx_word' id='word_1_557' title='bbox 899 4343 957 4396; x_wconf 86' lang='grc' dir='ltr'>δέ</span> <span class='ocrx_word' id='word_1_558' title='bbox 1017 4344 1262 4410; x_wconf 75' lang='grc' dir='ltr'>ἅπαντας</span> <span class='ocrx_word' id='word_1_559' title='bbox 1308 4348 1606 4419; x_wconf 82' lang='grc' dir='ltr'>ἀνειμένως</span> <span class='ocrx_word' id='word_1_560' title='bbox 1646 4352 1740 4405; x_wconf 69' lang='grc' dir='ltr'>οὖα</span> 
     </span>
    </p>
   </div>
   <div class='ocr_carea' id='block_1_78' title="bbox 178 4431 1734 4508">
    <p class='ocr_par' dir='ltr' id='par_1_78' title="bbox 178 4431 1734 4508">
     <span class='ocr_line' id='line_1_78' title="bbox 178 4431 1734 4508; baseline 0.009 -24"><span class='ocrx_word' id='word_1_561' title='bbox 178 4431 320 4485; x_wconf 75' lang='grc' dir='ltr'>τωσὶ</span> <span class='ocrx_word' id='word_1_562' title='bbox 360 4432 804 4502; x_wconf 85' lang='grc' dir='ltr'>ἀναπαυομένους</span> <span class='ocrx_word' id='word_1_563' title='bbox 835 4435 928 4488; x_wconf 70' lang='grc' dir='ltr'>καὶ</span> <span class='ocrx_word' id='word_1_564' title='bbox 960 4436 1361 4508; x_wconf 81' lang='grc' dir='ltr'>ύπορέγχοντας</span> <span class='ocrx_word' id='word_1_565' title='bbox 1388 4442 1460 4474; x_wconf 75' lang='grc'>⁸³·</span> <span class='ocrx_word' id='word_1_566' title='bbox 1499 4438 1574 4498; x_wconf 83' lang='grc' dir='ltr'><strong><em>Ὦ</em></strong></span> <span class='ocrx_word' id='word_1_567' title='bbox 1615 4443 1734 4498; x_wconf 82' lang='grc' dir='ltr'>δεί-</span> 
     </span>
    </p>
   </div>
   <div class='ocr_carea' id='block_1_79' title="bbox 176 4525 1735 4608">
    <p class='ocr_par' dir='ltr' id='par_1_79' title="bbox 176 4525 1735 4608">
     <span class='ocr_line' id='line_1_79' title="bbox 176 4525 1735 4608; baseline 0.007 -28"><span class='ocrx_word' id='word_1_568' title='bbox 176 4529 361 4589; x_wconf 70' lang='grc' dir='ltr'>λαιοι,</span> <span class='ocrx_word' id='word_1_569' title='bbox 401 4525 525 4596; x_wconf 84' lang='grc' dir='ltr'>εφη,</span> <span class='ocrx_word' id='word_1_570' title='bbox 569 4527 782 4580; x_wconf 77' lang='grc' dir='ltr'>αὐτίκα</span> <span class='ocrx_word' id='word_1_571' title='bbox 801 4525 965 4598; x_wconf 81' lang='grc' dir='ltr'>μάλα</span> <span class='ocrx_word' id='word_1_572' title='bbox 994 4530 1333 4600; x_wconf 76' lang='grc' dir='ltr'>ἀπολεῖσθε,</span> <span class='ocrx_word' id='word_1_573' title='bbox 1374 4534 1527 4605; x_wconf 87' lang='grc' dir='ltr'>τορόν</span> <span class='ocrx_word' id='word_1_574' title='bbox 1559 4553 1611 4591; x_wconf 89' lang='grc' dir='ltr'>τι</span> <span class='ocrx_word' id='word_1_575' title='bbox 1636 4538 1735 4608; x_wconf 90' lang='grc' dir='ltr'>ἐμ-</span> 
     </span>
    </p>
   </div>
   <div class='ocr_carea' id='block_1_80' title="bbox 179 4618 1738 4698">
    <p class='ocr_par' dir='ltr' id='par_1_80' title="bbox 179 4618 1738 4698">
     <span class='ocr_line' id='line_1_80' title="bbox 179 4618 1738 4698; baseline 0.01 -29"><span class='ocrx_word' id='word_1_576' title='bbox 179 4618 390 4687; x_wconf 84' lang='grc' dir='ltr'>ϐοήσας</span> <span class='ocrx_word' id='word_1_577' title='bbox 419 4618 514 4670; x_wconf 78' lang='grc' dir='ltr'>καὶ</span> <span class='ocrx_word' id='word_1_578' title='bbox 556 4618 896 4690; x_wconf 84' lang='grc' dir='ltr'>διαπρύσιον.</span> <span class='ocrx_word' id='word_1_579' title='bbox 937 4620 1090 4676; x_wconf 80' lang='grc' dir='ltr'>Οὕτω</span> <span class='ocrx_word' id='word_1_580' title='bbox 1131 4640 1191 4676; x_wconf 88' lang='grc' dir='ltr'>τε</span> <span class='ocrx_word' id='word_1_581' title='bbox 1223 4625 1419 4689; x_wconf 82' lang='grc' dir='ltr'>αὐτοὺς</span> <span class='ocrx_word' id='word_1_582' title='bbox 1442 4629 1594 4698; x_wconf 88' lang='grc' dir='ltr'>μόλις</span> <span class='ocrx_word' id='word_1_583' title='bbox 1614 4630 1738 4684; x_wconf 85' lang='grc' dir='ltr'>ἀνα-</span> 
     </span>
    </p>
   </div>
   <div class='ocr_carea' id='block_1_81' title="bbox 178 4708 1736 4792">
    <p class='ocr_par' dir='ltr' id='par_1_81' title="bbox 178 4708 1736 4792">
     <span class='ocr_line' id='line_1_81' title="bbox 178 4708 1736 4792; baseline 0.009 -30"><span class='ocrx_word' id='word_1_584' title='bbox 178 4708 554 4778; x_wconf 85' lang='grc' dir='ltr'>καλεσάμενος</span> <span class='ocrx_word' id='word_1_585' title='bbox 584 4711 640 4772; x_wconf 87' lang='grc' dir='ltr'>ἐς</span> <span class='ocrx_word' id='word_1_586' title='bbox 663 4712 1273 4782; x_wconf 81' lang='grc' dir='ltr'>ἐγρήγορσιν,ἀγγέλλει</span> <span class='ocrx_word' id='word_1_587' title='bbox 1296 4719 1420 4780; x_wconf 82' lang='grc' dir='ltr'>τοὺς</span> <span class='ocrx_word' id='word_1_588' title='bbox 1446 4720 1736 4792; x_wconf 91' lang='grc' dir='ltr'>πολεμίους</span> 
     </span>
    </p>
   </div>
   <div class='ocr_carea' id='block_1_82' title="bbox 176 4799 1734 4881">
    <p class='ocr_par' dir='ltr' id='par_1_82' title="bbox 176 4799 1734 4881">
     <span class='ocr_line' id='line_1_82' title="bbox 176 4799 1734 4881; baseline 0.01 -29"><span class='ocrx_word' id='word_1_589' title='bbox 176 4802 308 4855; x_wconf 79' lang='grc' dir='ltr'>ὅσον</span> <span class='ocrx_word' id='word_1_590' title='bbox 351 4799 501 4853; x_wconf 80' lang='grc' dir='ltr'>οὓπω</span> <span class='ocrx_word' id='word_1_591' title='bbox 533 4802 959 4871; x_wconf 86' lang='grc' dir='ltr'>παρεσομένους.</span> <span class='ocrx_word' id='word_1_592' title='bbox 992 4806 1051 4857; x_wconf 86' lang='grc' dir='ltr'>Οἱ</span> <span class='ocrx_word' id='word_1_593' title='bbox 1079 4805 1135 4858; x_wconf 86' lang='grc' dir='ltr'>δὲ</span> <span class='ocrx_word' id='word_1_594' title='bbox 1167 4807 1258 4872; x_wconf 79' lang='grc' dir='ltr'>ξὺν</span> <span class='ocrx_word' id='word_1_595' title='bbox 1295 4807 1506 4881; x_wconf 82' lang='grc' dir='ltr'>θορύϐῳ</span> <span class='ocrx_word' id='word_1_596' title='bbox 1548 4813 1734 4867; x_wconf 86' lang='grc' dir='ltr'>διανα-</span> 
     </span>
    </p>
   </div>
   <div class='ocr_carea' id='block_1_83' title="bbox 183 4891 1735 4974">
    <p class='ocr_par' dir='ltr' id='par_1_83' title="bbox 183 4891 1735 4974">
     <span class='ocr_line' id='line_1_83' title="bbox 183 4891 1735 4974; baseline 0.01 -31"><span class='ocrx_word' id='word_1_597' title='bbox 183 4892 442 4956; x_wconf 85' lang='grc' dir='ltr'>στάντες,</span> <span class='ocrx_word' id='word_1_598' title='bbox 475 4891 568 4944; x_wconf 79' lang='grc' dir='ltr'>καὶ</span> <span class='ocrx_word' id='word_1_599' title='bbox 595 4891 664 4944; x_wconf 81' lang='grc' dir='ltr'>τὰ</span> <span class='ocrx_word' id='word_1_600' title='bbox 693 4891 832 4946; x_wconf 85' lang='grc' dir='ltr'>ὅπλα</span> <span class='ocrx_word' id='word_1_601' title='bbox 870 4895 1306 4968; x_wconf 80' lang='grc' dir='ltr'>περιϐαλόμενοι,</span> <span class='ocrx_word' id='word_1_602' title='bbox 1330 4900 1485 4965; x_wconf 82' lang='grc' dir='ltr'>ἐκτὸς</span> <span class='ocrx_word' id='word_1_603' title='bbox 1518 4903 1610 4956; x_wconf 76' lang='grc' dir='ltr'>τοῦ</span> <span class='ocrx_word' id='word_1_604' title='bbox 1638 4921 1735 4974; x_wconf 85' lang='grc' dir='ltr'>χα-</span> 
     </span>
    </p>
   </div>
   <div class='ocr_carea' id='block_1_84' title="bbox 180 4979 1732 5068">
    <p class='ocr_par' dir='ltr' id='par_1_84' title="bbox 180 4979 1732 5068">
     <span class='ocr_line' id='line_1_84' title="bbox 180 4979 1732 5068; baseline 0.014 -40"><span class='ocrx_word' id='word_1_605' title='bbox 180 4979 513 5052; x_wconf 82' lang='grc' dir='ltr'>ρακώματος</span> <span class='ocrx_word' id='word_1_606' title='bbox 567 4982 906 5054; x_wconf 83' lang='grc' dir='ltr'>ἀπεχώρουν,</span> <span class='ocrx_word' id='word_1_607' title='bbox 963 4987 1060 5038; x_wconf 83' lang='grc' dir='ltr'>καὶ</span> <span class='ocrx_word' id='word_1_608' title='bbox 1129 4988 1550 5060; x_wconf 85' lang='grc' dir='ltr'>ὐπεκρύπτοντο,</span> <span class='ocrx_word' id='word_1_609' title='bbox 1611 4994 1732 5068; x_wconf 83' lang='grc' dir='ltr'>διχῆ</span> 
     </span>
    </p>
   </div>
   <div class='ocr_carea' id='block_1_85' title="bbox 181 5074 1735 5155">
    <p class='ocr_par' dir='ltr' id='par_1_85' title="bbox 181 5074 1735 5155">
     <span class='ocr_line' id='line_1_85' title="bbox 181 5074 1735 5155; baseline 0.009 -30"><span class='ocrx_word' id='word_1_610' title='bbox 181 5074 620 5145; x_wconf 62' lang='grc' dir='ltr'>μεμερισμένοις</span> <span class='ocrx_word' id='word_1_611' title='bbox 645 5076 932 5129; x_wconf 88' lang='grc' dir='ltr'>κατέλιπον</span> <span class='ocrx_word' id='word_1_612' title='bbox 962 5077 1020 5131; x_wconf 85' lang='grc' dir='ltr'>δὲ</span> <span class='ocrx_word' id='word_1_613' title='bbox 1072 5080 1172 5151; x_wconf 83' lang='grc' dir='ltr'>τήν</span> <span class='ocrx_word' id='word_1_614' title='bbox 1203 5097 1261 5134; x_wconf 89' lang='grc' dir='ltr'>τε</span> <span class='ocrx_word' id='word_1_615' title='bbox 1289 5083 1490 5136; x_wconf 80' lang='grc' dir='ltr'>εἴσοδον</span> <span class='ocrx_word' id='word_1_616' title='bbox 1525 5086 1735 5155; x_wconf 84' lang='grc' dir='ltr'>ἀφύλα-</span> 
     </span>
    </p>
   </div>
   <div class='ocr_carea' id='block_1_86' title="bbox 177 5165 1734 5240">
    <p class='ocr_par' dir='ltr' id='par_1_86' title="bbox 177 5165 1734 5240">
     <span class='ocr_line' id='line_1_86' title="bbox 177 5165 1734 5240; baseline 0.009 -22"><span class='ocrx_word' id='word_1_617' title='bbox 177 5181 334 5228; x_wconf 82' lang='grc' dir='ltr'>κτον,</span> <span class='ocrx_word' id='word_1_618' title='bbox 377 5165 468 5217; x_wconf 78' lang='grc' dir='ltr'>καὶ</span> <span class='ocrx_word' id='word_1_619' title='bbox 501 5165 642 5219; x_wconf 78' lang='grc' dir='ltr'>οὕτω</span> <span class='ocrx_word' id='word_1_620' title='bbox 666 5165 806 5220; x_wconf 89' lang='grc' dir='ltr'>κατά</span> <span class='ocrx_word' id='word_1_621' title='bbox 843 5167 1023 5240; x_wconf 89' lang='grc' dir='ltr'>χώραν</span> <span class='ocrx_word' id='word_1_622' title='bbox 1050 5170 1289 5237; x_wconf 85' lang='grc' dir='ltr'>ἐστῶτας</span> <span class='ocrx_word' id='word_1_623' title='bbox 1319 5175 1443 5238; x_wconf 73' lang='grc' dir='ltr'>τοὺς</span> <span class='ocrx_word' id='word_1_624' title='bbox 1503 5178 1568 5230; x_wconf 83' lang='grc' dir='ltr'>ἐκ</span> <span class='ocrx_word' id='word_1_625' title='bbox 1624 5179 1734 5232; x_wconf 83' lang='grc' dir='ltr'>τῶν</span> 
     </span>
    </p>
   </div>
   <div class='ocr_carea' id='block_1_87' title="bbox 177 5251 1730 5333">
    <p class='ocr_par' dir='ltr' id='par_1_87' title="bbox 177 5251 1730 5333">
     <span class='ocr_line' id='line_1_87' title="bbox 177 5251 1730 5333; baseline 0.011 -28"><span class='ocrx_word' id='word_1_626' title='bbox 177 5251 360 5318; x_wconf 82' lang='grc' dir='ltr'>ξύλων</span> <span class='ocrx_word' id='word_1_627' title='bbox 410 5271 467 5306; x_wconf 86' lang='grc' dir='ltr'>τε</span> <span class='ocrx_word' id='word_1_628' title='bbox 501 5260 594 5307; x_wconf 75' lang='grc' dir='ltr'>καὶ</span> <span class='ocrx_word' id='word_1_629' title='bbox 620 5255 946 5327; x_wconf 87' lang='grc' dir='ltr'>ἐφεστρίδων</span> <span class='ocrx_word' id='word_1_630' title='bbox 971 5258 1403 5332; x_wconf 76' lang='grc' dir='ltr'>ἐσκευασμένους</span> <span class='ocrx_word' id='word_1_631' title='bbox 1436 5266 1730 5333; x_wconf 84' lang='grc' dir='ltr'>οίκίσκους.</span> 
     </span>
    </p>
   </div>
   <div class='ocr_carea' id='block_1_88' title="bbox 176 5343 1729 5433">
    <p class='ocr_par' dir='ltr' id='par_1_88' title="bbox 176 5343 1729 5433">
     <span class='ocr_line' id='line_1_88' title="bbox 176 5343 1729 5433; baseline 0.013 -38"><span class='ocrx_word' id='word_1_632' title='bbox 176 5344 247 5396; x_wconf 89' lang='grc' dir='ltr'>Οί</span> <span class='ocrx_word' id='word_1_633' title='bbox 282 5343 341 5396; x_wconf 86' lang='grc' dir='ltr'>δέ</span> <span class='ocrx_word' id='word_1_634' title='bbox 369 5345 667 5416; x_wconf 84' lang='grc' dir='ltr'>Διλιμνίται</span> <span class='ocrx_word' id='word_1_635' title='bbox 710 5345 968 5411; x_wconf 86' lang='grc' dir='ltr'>πλείστας</span> <span class='ocrx_word' id='word_1_636' title='bbox 1003 5349 1100 5419; x_wconf 85' lang='grc' dir='ltr'>μὲν</span> <span class='ocrx_word' id='word_1_637' title='bbox 1152 5351 1283 5418; x_wconf 83' lang='grc' dir='ltr'>ὅσας</span> <span class='ocrx_word' id='word_1_638' title='bbox 1328 5357 1607 5425; x_wconf 77' lang='grc' dir='ltr'>ἀτραποὺς</span> <span class='ocrx_word' id='word_1_639' title='bbox 1662 5363 1729 5433; x_wconf 76' lang='grc' dir='ltr'>τῇ</span> 
     </span>
    </p>
   </div>
   <div class='ocr_carea' id='block_1_89' title="bbox 1834 3633 3394 3707">
    <p class='ocr_par' dir='ltr' id='par_1_89' title="bbox 1834 3633 3394 3707">
     <span class='ocr_line' id='line_1_89' title="bbox 1834 3633 3394 3707; baseline 0.014 -23"><span class='ocrx_word' id='word_1_640' title='bbox 1834 3633 1917 3686; x_wconf 89' lang='lat' dir='ltr'><strong>vir</strong></span> <span class='ocrx_word' id='word_1_641' title='bbox 1946 3634 2168 3704; x_wconf 86' lang='lat' dir='ltr'><strong>quidam</strong></span> <span class='ocrx_word' id='word_1_642' title='bbox 2199 3637 2434 3692; x_wconf 76' lang='lat' dir='ltr'><strong>Colchus</strong></span> <span class='ocrx_word' id='word_1_643' title='bbox 2457 3641 2509 3694; x_wconf 93' lang='lat' dir='ltr'>in</span> <span class='ocrx_word' id='word_1_644' title='bbox 2543 3642 2784 3698; x_wconf 87' lang='lat' dir='ltr'><strong>tenebris</strong></span> <span class='ocrx_word' id='word_1_645' title='bbox 2823 3653 2879 3698; x_wconf 90' lang='lat' dir='ltr'>et</span> <span class='ocrx_word' id='word_1_646' title='bbox 2917 3646 3208 3704; x_wconf 86' lang='lat' dir='ltr'><strong>solitudine</strong></span> <span class='ocrx_word' id='word_1_647' title='bbox 3255 3649 3394 3707; x_wconf 85' lang='lat' dir='ltr'><strong>forte</strong></span> 
     </span>
    </p>
   </div>
   <div class='ocr_carea' id='block_1_90' title="bbox 1832 3723 3392 3813">
    <p class='ocr_par' dir='ltr' id='par_1_90' title="bbox 1832 3723 3392 3813">
     <span class='ocr_line' id='line_1_90' title="bbox 1832 3723 3392 3813; baseline 0.013 -35"><span class='ocrx_word' id='word_1_648' title='bbox 1832 3723 2050 3782; x_wconf 87' lang='lat' dir='ltr'><strong>fortuna</strong></span> <span class='ocrx_word' id='word_1_649' title='bbox 2081 3729 2140 3781; x_wconf 87' lang='lat' dir='ltr'>fit</span> <span class='ocrx_word' id='word_1_650' title='bbox 2170 3729 2381 3794; x_wconf 90' lang='lat' dir='ltr'><strong>obvius,</strong></span> <span class='ocrx_word' id='word_1_651' title='bbox 2413 3747 2574 3801; x_wconf 86' lang='lat' dir='ltr'><strong>quem</strong></span> <span class='ocrx_word' id='word_1_652' title='bbox 2617 3733 2691 3787; x_wconf 93' lang='lat' dir='ltr'><strong>illi</strong></span> <span class='ocrx_word' id='word_1_653' title='bbox 2735 3737 2916 3791; x_wconf 88' lang='lat' dir='ltr'><strong>statim</strong></span> <span class='ocrx_word' id='word_1_654' title='bbox 2960 3739 3271 3796; x_wconf 87' lang='lat' dir='ltr'><strong>avidissime</strong></span> <span class='ocrx_word' id='word_1_655' title='bbox 3293 3759 3392 3813; x_wconf 84' lang='lat' dir='ltr'><strong>ap-</strong></span> 
     </span>
    </p>
   </div>
   <div class='ocr_carea' id='block_1_91' title="bbox 1830 3820 3383 3907">
    <p class='ocr_par' dir='ltr' id='par_1_91' title="bbox 1830 3820 3383 3907">
     <span class='ocr_line' id='line_1_91' title="bbox 1830 3820 3383 3907; baseline 0.015 -37"><span class='ocrx_word' id='word_1_656' title='bbox 1830 3820 2180 3888; x_wconf 83' lang='lat' dir='ltr'><strong>prehensum,</strong></span> <span class='ocrx_word' id='word_1_657' title='bbox 2216 3831 2275 3876; x_wconf 94' lang='lat' dir='ltr'>ut</span> <span class='ocrx_word' id='word_1_658' title='bbox 2312 3823 2525 3879; x_wconf 85' lang='lat' dir='ltr'><strong>itineris</strong></span> <span class='ocrx_word' id='word_1_659' title='bbox 2558 3826 2622 3879; x_wconf 89' lang='lat' dir='ltr'>ad</span> <span class='ocrx_word' id='word_1_660' title='bbox 2649 3826 2871 3884; x_wconf 91' lang='lat' dir='ltr'><strong>Sabiros</strong></span> <span class='ocrx_word' id='word_1_661' title='bbox 2899 3830 3092 3886; x_wconf 89' lang='lat' dir='ltr'><strong>ducem</strong></span> <span class='ocrx_word' id='word_1_662' title='bbox 3127 3848 3186 3889; x_wconf 89' lang='lat' dir='ltr'><strong>se</strong></span> <span class='ocrx_word' id='word_1_663' title='bbox 3221 3836 3383 3907; x_wconf 55' lang='lat'>£79</span> 
     </span>
    </p>
   </div>
   <div class='ocr_carea' id='block_1_92' title="bbox 1832 3911 3382 3997">
    <p class='ocr_par' dir='ltr' id='par_1_92' title="bbox 1832 3911 3382 3997">
     <span class='ocr_line' id='line_1_92' title="bbox 1832 3911 3382 3997; baseline 0.014 -36"><span class='ocrx_word' id='word_1_664' title='bbox 1832 3911 2083 3978; x_wconf 70' lang='lat' dir='ltr'><strong>praebeat,</strong></span> <span class='ocrx_word' id='word_1_665' title='bbox 2108 3923 2306 3983; x_wconf 75' lang='lat' dir='ltr'><strong>cogunt</strong></span> <span class='ocrx_word' id='word_1_666' title='bbox 2335 3937 2346 3970; x_wconf 89' lang='lat'><strong>;</strong></span> <span class='ocrx_word' id='word_1_667' title='bbox 2376 3916 2520 3985; x_wconf 91' lang='lat' dir='ltr'><strong>quod</strong></span> <span class='ocrx_word' id='word_1_668' title='bbox 2543 3918 2760 3986; x_wconf 79' lang='lat' dir='ltr'><strong>quidem</strong></span> <span class='ocrx_word' id='word_1_669' title='bbox 2786 3923 3099 3978; x_wconf 89' lang='lat' dir='ltr'><strong>mandatum</strong></span> <span class='ocrx_word' id='word_1_670' title='bbox 3122 3941 3245 3981; x_wconf 92' lang='lat' dir='ltr'>cum</span> <span class='ocrx_word' id='word_1_671' title='bbox 3266 3928 3382 3997; x_wconf 90' lang='lat' dir='ltr'><strong>ipse</strong></span> 
     </span>
    </p>
   </div>
   <div class='ocr_carea' id='block_1_93' title="bbox 1831 3990 3380 4079">
    <p class='ocr_par' dir='ltr' id='par_1_93' title="bbox 1831 3990 3380 4079">
     <span class='ocr_line' id='line_1_93' title="bbox 1831 3990 3380 4079; baseline 0.014 -35"><span class='ocrx_word' id='word_1_672' title='bbox 1831 3990 2182 4050; x_wconf 89' lang='lat' dir='ltr'><strong>libentissime</strong></span> <span class='ocrx_word' id='word_1_673' title='bbox 2205 3998 2482 4065; x_wconf 89' lang='lat' dir='ltr'><strong>subiisset,</strong></span> <span class='ocrx_word' id='word_1_674' title='bbox 2517 4011 2572 4054; x_wconf 91' lang='lat' dir='ltr'>et</span> <span class='ocrx_word' id='word_1_675' title='bbox 2609 4001 2720 4070; x_wconf 92' lang='lat' dir='ltr'>jam</span> <span class='ocrx_word' id='word_1_676' title='bbox 2752 4004 2832 4058; x_wconf 84' lang='lat' dir='ltr'>eis</span> <span class='ocrx_word' id='word_1_677' title='bbox 2872 4007 3121 4075; x_wconf 75' lang='lat' dir='ltr'><strong>praeiret;</strong></span> <span class='ocrx_word' id='word_1_678' title='bbox 3159 3990 3380 4079; x_wconf 80' lang='lat' dir='ltr'><strong>postea-</strong></span> 
     </span>
    </p>
   </div>
   <div class='ocr_carea' id='block_1_94' title="bbox 1831 4087 3389 4173">
    <p class='ocr_par' dir='ltr' id='par_1_94' title="bbox 1831 4087 3389 4173">
     <span class='ocr_line' id='line_1_94' title="bbox 1831 4087 3389 4173; baseline 0.013 -35"><span class='ocrx_word' id='word_1_679' title='bbox 1831 4099 1994 4154; x_wconf 87' lang='lat' dir='ltr'><strong>quam</strong></span> <span class='ocrx_word' id='word_1_680' title='bbox 2021 4087 2244 4145; x_wconf 84' lang='lat' dir='ltr'><strong>densam</strong></span> <span class='ocrx_word' id='word_1_681' title='bbox 2273 4094 2562 4160; x_wconf 84' lang='lat' dir='ltr'><strong>quamdam</strong></span> <span class='ocrx_word' id='word_1_682' title='bbox 2603 4095 2793 4150; x_wconf 87' lang='lat' dir='ltr'><strong>silvam</strong></span> <span class='ocrx_word' id='word_1_683' title='bbox 2829 4098 2928 4153; x_wconf 90' lang='lat' dir='ltr'><strong>fuit</strong></span> <span class='ocrx_word' id='word_1_684' title='bbox 2959 4112 3168 4168; x_wconf 89' lang='lat' dir='ltr'><strong>nactus,</strong></span> <span class='ocrx_word' id='word_1_685' title='bbox 3201 4105 3389 4173; x_wconf 76' lang='lat' dir='ltr'><strong>paula~</strong></span> 
     </span>
    </p>
   </div>
   <div class='ocr_carea' id='block_1_95' title="bbox 1835 4180 3387 4256">
    <p class='ocr_par' dir='ltr' id='par_1_95' title="bbox 1835 4180 3387 4256">
     <span class='ocr_line' id='line_1_95' title="bbox 1835 4180 3387 4256; baseline 0.012 -24"><span class='ocrx_word' id='word_1_686' title='bbox 1835 4180 1928 4233; x_wconf 92' lang='lat' dir='ltr'>tim</span> <span class='ocrx_word' id='word_1_687' title='bbox 1959 4195 2018 4234; x_wconf 92' lang='lat' dir='ltr'>se</span> <span class='ocrx_word' id='word_1_688' title='bbox 2045 4181 2113 4236; x_wconf 90' lang='lat' dir='ltr'><strong>ab</strong></span> <span class='ocrx_word' id='word_1_689' title='bbox 2146 4182 2226 4237; x_wconf 85' lang='lat' dir='ltr'>eis</span> <span class='ocrx_word' id='word_1_690' title='bbox 2276 4185 2477 4254; x_wconf 83' lang='lat' dir='ltr'><strong>recepit</strong></span> <span class='ocrx_word' id='word_1_691' title='bbox 2509 4198 2671 4256; x_wconf 89' lang='lat' dir='ltr'><strong>atque</strong></span> <span class='ocrx_word' id='word_1_692' title='bbox 2725 4189 3002 4256; x_wconf 74' lang='lat' dir='ltr'><strong>subduxit,</strong></span> <span class='ocrx_word' id='word_1_693' title='bbox 3057 4209 3121 4248; x_wconf 88' lang='lat' dir='ltr'>ac</span> <span class='ocrx_word' id='word_1_694' title='bbox 3173 4196 3387 4252; x_wconf 90' lang='lat' dir='ltr'><strong>tandem</strong></span> 
     </span>
    </p>
   </div>
   <div class='ocr_carea' id='block_1_96' title="bbox 1832 4270 3388 4352">
    <p class='ocr_par' dir='ltr' id='par_1_96' title="bbox 1832 4270 3388 4352">
     <span class='ocr_line' id='line_1_96' title="bbox 1832 4270 3388 4352; baseline 0.013 -25"><span class='ocrx_word' id='word_1_695' title='bbox 1832 4270 2089 4339; x_wconf 77' lang='lat' dir='ltr'><strong>effugiens</strong></span> <span class='ocrx_word' id='word_1_696' title='bbox 2121 4286 2408 4344; x_wconf 86' lang='lat' dir='ltr'><strong>sequentes</strong></span> <span class='ocrx_word' id='word_1_697' title='bbox 2435 4290 2596 4352; x_wconf 88' lang='lat' dir='ltr'><strong>atque</strong></span> <span class='ocrx_word' id='word_1_698' title='bbox 2631 4292 2992 4350; x_wconf 86' lang='lat' dir='ltr'><strong>antevertens,</strong></span> <span class='ocrx_word' id='word_1_699' title='bbox 3029 4288 3195 4342; x_wconf 91' lang='lat' dir='ltr'><strong>citato</strong></span> <span class='ocrx_word' id='word_1_700' title='bbox 3224 4305 3388 4346; x_wconf 84' lang='lat' dir='ltr'><strong>cursu</strong></span> 
     </span>
    </p>
   </div>
   <div class='ocr_carea' id='block_1_97' title="bbox 1833 4364 3391 4452">
    <p class='ocr_par' dir='ltr' id='par_1_97' title="bbox 1833 4364 3391 4452">
     <span class='ocr_line' id='line_1_97' title="bbox 1833 4364 3391 4452; baseline 0.013 -34"><span class='ocrx_word' id='word_1_701' title='bbox 1833 4364 1898 4419; x_wconf 87' lang='lat' dir='ltr'>ad</span> <span class='ocrx_word' id='word_1_702' title='bbox 1925 4364 2147 4422; x_wconf 82' lang='lat' dir='ltr'><strong>Sabiros</strong></span> <span class='ocrx_word' id='word_1_703' title='bbox 2182 4369 2459 4438; x_wconf 86' lang='lat' dir='ltr'><strong>pervenit;</strong></span> <span class='ocrx_word' id='word_1_704' title='bbox 2513 4387 2652 4441; x_wconf 91' lang='lat' dir='ltr'><strong>quos</strong></span> <span class='ocrx_word' id='word_1_705' title='bbox 2700 4390 2822 4429; x_wconf 89' lang='lat' dir='ltr'>cum</span> <span class='ocrx_word' id='word_1_706' title='bbox 2882 4379 3162 4435; x_wconf 77' lang='lat' dir='ltr'><strong>universos</strong></span> <span class='ocrx_word' id='word_1_707' title='bbox 3197 4384 3391 4452; x_wconf 85' lang='lat' dir='ltr'><strong>supine</strong></span> 
     </span>
    </p>
   </div>
   <div class='ocr_carea' id='block_1_98' title="bbox 1832 4455 3388 4539">
    <p class='ocr_par' dir='ltr' id='par_1_98' title="bbox 1832 4455 3388 4539">
     <span class='ocr_line' id='line_1_98' title="bbox 1832 4455 3388 4539; baseline 0.012 -27"><span class='ocrx_word' id='word_1_708' title='bbox 1832 4455 2162 4514; x_wconf 88' lang='lat' dir='ltr'><strong>dormientes</strong></span> <span class='ocrx_word' id='word_1_709' title='bbox 2195 4471 2597 4534; x_wconf 87' lang='lat' dir='ltr'><strong>stertentesque</strong></span> <span class='ocrx_word' id='word_1_710' title='bbox 2642 4469 2951 4537; x_wconf 84' lang='lat' dir='ltr'><strong>reperisset:</strong></span> <span class='ocrx_word' id='word_1_711' title='bbox 2994 4471 3038 4527; x_wconf 90' lang='grc' dir='ltr'><strong><em>Ο</em></strong></span> <span class='ocrx_word' id='word_1_712' title='bbox 3080 4475 3277 4539; x_wconf 75' lang='lat' dir='ltr'><strong>miseri,</strong></span> <span class='ocrx_word' id='word_1_713' title='bbox 3303 4476 3388 4530; x_wconf 92' lang='lat' dir='ltr'><strong>in-</strong></span> 
     </span>
    </p>
   </div>
   <div class='ocr_carea' id='block_1_99' title="bbox 1833 4550 3386 4632">
    <p class='ocr_par' dir='ltr' id='par_1_99' title="bbox 1833 4550 3386 4632">
     <span class='ocr_line' id='line_1_99' title="bbox 1833 4550 3386 4632; baseline 0.014 -30"><span class='ocrx_word' id='word_1_714' title='bbox 1833 4551 1970 4618; x_wconf 91' lang='lat' dir='ltr'><strong>quit,</strong></span> <span class='ocrx_word' id='word_1_715' title='bbox 2005 4550 2236 4620; x_wconf 84' lang='lat' dir='ltr'><strong>jamjam</strong></span> <span class='ocrx_word' id='word_1_716' title='bbox 2265 4555 2516 4622; x_wconf 82' lang='lat' dir='ltr'><strong>periistis,</strong></span> <span class='ocrx_word' id='word_1_717' title='bbox 2574 4558 2682 4613; x_wconf 89' lang='lat' dir='ltr'><strong>alta</strong></span> <span class='ocrx_word' id='word_1_718' title='bbox 2727 4563 2980 4632; x_wconf 91' lang='lat' dir='ltr'><strong>claraque</strong></span> <span class='ocrx_word' id='word_1_719' title='bbox 3031 4580 3159 4621; x_wconf 89' lang='lat' dir='ltr'><strong>voce</strong></span> <span class='ocrx_word' id='word_1_720' title='bbox 3215 4567 3386 4622; x_wconf 80' lang='lat' dir='ltr'><strong>incla-</strong></span> 
     </span>
    </p>
   </div>
   <div class='ocr_carea' id='block_1_100' title="bbox 1836 4640 3387 4720">
    <p class='ocr_par' dir='ltr' id='par_1_100' title="bbox 1836 4640 3387 4720">
     <span class='ocr_line' id='line_1_100' title="bbox 1836 4640 3387 4720; baseline 0.015 -28"><span class='ocrx_word' id='word_1_721' title='bbox 1836 4654 2014 4694; x_wconf 90' lang='lat' dir='ltr'><strong>mans.</strong></span> <span class='ocrx_word' id='word_1_722' title='bbox 2060 4640 2332 4712; x_wconf 64' lang='lat' dir='ltr'><strong>Egreque</strong></span> <span class='ocrx_word' id='word_1_723' title='bbox 2387 4645 2522 4714; x_wconf 88' lang='lat' dir='ltr'><strong>ipsis</strong></span> <span class='ocrx_word' id='word_1_724' title='bbox 2583 4648 2656 4702; x_wconf 92' lang='lat' dir='ltr'><strong>ita</strong></span> <span class='ocrx_word' id='word_1_725' title='bbox 2716 4652 3126 4720; x_wconf 70' lang='lat' dir='ltr'><strong>expergefactis,</strong></span> <span class='ocrx_word' id='word_1_726' title='bbox 3175 4659 3387 4715; x_wconf 89' lang='lat' dir='ltr'><strong>nuntiat</strong></span> 
     </span>
    </p>
   </div>
   <div class='ocr_carea' id='block_1_101' title="bbox 1833 4731 3389 4806">
    <p class='ocr_par' dir='ltr' id='par_1_101' title="bbox 1833 4731 3389 4806">
     <span class='ocr_line' id='line_1_101' title="bbox 1833 4731 3389 4806; baseline 0.012 -20"><span class='ocrx_word' id='word_1_727' title='bbox 1833 4731 2040 4787; x_wconf 81' lang='lat' dir='ltr'><strong>hostem</strong></span> <span class='ocrx_word' id='word_1_728' title='bbox 2070 4748 2102 4788; x_wconf 91' lang='lat' dir='ltr'><strong>e</strong></span> <span class='ocrx_word' id='word_1_729' title='bbox 2129 4735 2353 4806; x_wconf 87' lang='lat' dir='ltr'><strong>vestigio</strong></span> <span class='ocrx_word' id='word_1_730' title='bbox 2405 4738 2741 4796; x_wconf 89' lang='lat' dir='ltr'><strong>adfuturum.</strong></span> <span class='ocrx_word' id='word_1_731' title='bbox 2777 4742 2842 4796; x_wconf 87' lang='lat' dir='ltr'><strong>Hi</strong></span> <span class='ocrx_word' id='word_1_732' title='bbox 2879 4760 3010 4799; x_wconf 87' lang='lat' dir='ltr'><strong>vero</strong></span> <span class='ocrx_word' id='word_1_733' title='bbox 3036 4748 3389 4806; x_wconf 84' lang='lat' dir='ltr'><strong>tumultuarie</strong></span> 
     </span>
    </p>
   </div>
   <div class='ocr_carea' id='block_1_102' title="bbox 1837 4825 3387 4904">
    <p class='ocr_par' dir='ltr' id='par_1_102' title="bbox 1837 4825 3387 4904">
     <span class='ocr_line' id='line_1_102' title="bbox 1837 4825 3387 4904; baseline 0.014 -28"><span class='ocrx_word' id='word_1_734' title='bbox 1837 4837 1958 4877; x_wconf 82' lang='lat' dir='ltr'>cum</span> <span class='ocrx_word' id='word_1_735' title='bbox 1991 4825 2359 4882; x_wconf 82' lang='lat' dir='ltr'><strong>surrexissent</strong></span> <span class='ocrx_word' id='word_1_736' title='bbox 2406 4845 2572 4900; x_wconf 81' lang='lat' dir='ltr'><strong>seque</strong></span> <span class='ocrx_word' id='word_1_737' title='bbox 2618 4845 2939 4904; x_wconf 86' lang='lat' dir='ltr'><strong>armassent,</strong></span> <span class='ocrx_word' id='word_1_738' title='bbox 2961 4839 3101 4894; x_wconf 88' lang='lat' dir='ltr'><strong>vallo</strong></span> <span class='ocrx_word' id='word_1_739' title='bbox 3142 4855 3387 4897; x_wconf 81' lang='lat' dir='ltr'><strong>excesse-</strong></span> 
     </span>
    </p>
   </div>
   <div class='ocr_carea' id='block_1_103' title="bbox 1838 4915 3384 4996">
    <p class='ocr_par' dir='ltr' id='par_1_103' title="bbox 1838 4915 3384 4996">
     <span class='ocr_line' id='line_1_103' title="bbox 1838 4915 3384 4996; baseline 0.013 -27"><span class='ocrx_word' id='word_1_740' title='bbox 1838 4926 1982 4976; x_wconf 90' lang='lat' dir='ltr'><strong>runt,</strong></span> <span class='ocrx_word' id='word_1_741' title='bbox 2014 4927 2066 4969; x_wconf 91' lang='lat' dir='ltr'>et</span> <span class='ocrx_word' id='word_1_742' title='bbox 2100 4915 2345 4972; x_wconf 90' lang='lat' dir='ltr'><strong>bifariam</strong></span> <span class='ocrx_word' id='word_1_743' title='bbox 2369 4919 2527 4976; x_wconf 89' lang='lat' dir='ltr'><strong>divisi</strong></span> <span class='ocrx_word' id='word_1_744' title='bbox 2563 4921 2784 4981; x_wconf 86' lang='lat' dir='ltr'><strong>insidias</strong></span> <span class='ocrx_word' id='word_1_745' title='bbox 2809 4926 3076 4996; x_wconf 86' lang='lat' dir='ltr'><strong>locarunt,</strong></span> <span class='ocrx_word' id='word_1_746' title='bbox 3100 4929 3305 4988; x_wconf 84' lang='lat' dir='ltr'><strong>aditum</strong></span> <span class='ocrx_word' id='word_1_747' title='bbox 3332 4935 3384 4988; x_wconf 90' lang='lat' dir='ltr'>in</span> 
     </span>
    </p>
   </div>
   <div class='ocr_carea' id='block_1_104' title="bbox 1837 5005 3385 5090">
    <p class='ocr_par' dir='ltr' id='par_1_104' title="bbox 1837 5005 3385 5090">
     <span class='ocr_line' id='line_1_104' title="bbox 1837 5005 3385 5090; baseline 0.016 -33"><span class='ocrx_word' id='word_1_748' title='bbox 1837 5005 2034 5059; x_wconf 88' lang='lat' dir='ltr'><strong>vallum</strong></span> <span class='ocrx_word' id='word_1_749' title='bbox 2077 5016 2377 5064; x_wconf 82' lang='lat' dir='ltr'><strong>castrorum</strong></span> <span class='ocrx_word' id='word_1_750' title='bbox 2411 5011 2802 5072; x_wconf 89' lang='lat' dir='ltr'><strong>incustoditum</strong></span> <span class='ocrx_word' id='word_1_751' title='bbox 2831 5018 3385 5090; x_wconf 88' lang='lat' dir='ltr'><strong>relinquentes,simi-</strong></span> 
     </span>
    </p>
   </div>
   <div class='ocr_carea' id='block_1_105' title="bbox 1837 5095 3389 5186">
    <p class='ocr_par' dir='ltr' id='par_1_105' title="bbox 1837 5095 3389 5186">
     <span class='ocr_line' id='line_1_105' title="bbox 1837 5095 3389 5186; baseline 0.015 -37"><span class='ocrx_word' id='word_1_752' title='bbox 1837 5095 2064 5166; x_wconf 88' lang='lat' dir='ltr'><strong>literque</strong></span> <span class='ocrx_word' id='word_1_753' title='bbox 2088 5101 2251 5154; x_wconf 90' lang='lat' dir='ltr'><strong>etiam</strong></span> <span class='ocrx_word' id='word_1_754' title='bbox 2297 5104 2510 5172; x_wconf 86' lang='lat' dir='ltr'><strong>tuguria</strong></span> <span class='ocrx_word' id='word_1_755' title='bbox 2555 5108 2754 5176; x_wconf 88' lang='lat' dir='ltr'><strong>passim</strong></span> <span class='ocrx_word' id='word_1_756' title='bbox 2793 5125 2860 5165; x_wconf 76' lang='lat' dir='ltr'><strong>ex</strong></span> <span class='ocrx_word' id='word_1_757' title='bbox 2889 5113 3024 5182; x_wconf 87' lang='lat' dir='ltr'><strong>palis</strong></span> <span class='ocrx_word' id='word_1_758' title='bbox 3067 5124 3122 5169; x_wconf 89' lang='lat' dir='ltr'>et</span> <span class='ocrx_word' id='word_1_759' title='bbox 3156 5117 3389 5186; x_wconf 87' lang='lat' dir='ltr'><strong>pellibus</strong></span> 
     </span>
    </p>
   </div>
   <div class='ocr_carea' id='block_1_106' title="bbox 1839 5187 3388 5281">
    <p class='ocr_par' dir='ltr' id='par_1_106' title="bbox 1839 5187 3388 5281">
     <span class='ocr_line' id='line_1_106' title="bbox 1839 5187 3388 5281; baseline 0.016 -39"><span class='ocrx_word' id='word_1_760' title='bbox 1839 5187 2109 5245; x_wconf 87' lang='lat' dir='ltr'><strong>confecta.</strong></span> <span class='ocrx_word' id='word_1_761' title='bbox 2192 5193 2577 5252; x_wconf 78' lang='lat' dir='ltr'><strong>AtDilimnita:</strong></span> <span class='ocrx_word' id='word_1_762' title='bbox 2643 5203 3068 5273; x_wconf 89' lang='lat' dir='ltr'><strong>quamplurimas</strong></span> <span class='ocrx_word' id='word_1_763' title='bbox 3133 5209 3388 5281; x_wconf 80' lang='lat' dir='ltr'><strong>ambages</strong></span> 
     </span>
    </p>
   </div>
   <div class='ocr_carea' id='block_1_107' title="bbox 1839 5277 3389 5359">
    <p class='ocr_par' dir='ltr' id='par_1_107' title="bbox 1839 5277 3389 5359">
     <span class='ocr_line' id='line_1_107' title="bbox 1839 5277 3389 5359; baseline 0.018 -30"><span class='ocrx_word' id='word_1_764' title='bbox 1839 5277 2047 5333; x_wconf 88' lang='lat' dir='ltr'><strong>viarum</strong></span> <span class='ocrx_word' id='word_1_765' title='bbox 2083 5297 2191 5350; x_wconf 79' lang='lat' dir='ltr'><strong>pra:</strong></span> <span class='ocrx_word' id='word_1_766' title='bbox 2217 5285 2456 5340; x_wconf 69' lang='lat' dir='ltr'><strong>iocorum</strong></span> <span class='ocrx_word' id='word_1_767' title='bbox 2491 5287 2755 5358; x_wconf 84' lang='lat' dir='ltr'><strong>imperitia</strong></span> <span class='ocrx_word' id='word_1_768' title='bbox 2778 5295 3002 5359; x_wconf 89' lang='lat' dir='ltr'><strong>emensi,</strong></span> <span class='ocrx_word' id='word_1_769' title='bbox 3035 5297 3389 5357; x_wconf 78' lang='lat' dir='ltr'><strong>nihilominus</strong></span> 
     </span>
    </p>
   </div>
   <div class='ocr_carea' id='block_1_108' title="bbox 1837 5371 3384 5446">
    <p class='ocr_par' dir='ltr' id='par_1_108' title="bbox 1837 5371 3384 5446">
     <span class='ocr_line' id='line_1_108' title="bbox 1837 5371 3384 5446; baseline 0.017 -27"><span class='ocrx_word' id='word_1_770' title='bbox 1837 5374 2016 5423; x_wconf 92' lang='lat' dir='ltr'><strong>tamen</strong></span> <span class='ocrx_word' id='word_1_771' title='bbox 2050 5380 2174 5426; x_wconf 88' lang='lat' dir='ltr'><strong>ante</strong></span> <span class='ocrx_word' id='word_1_772' title='bbox 2206 5371 2504 5430; x_wconf 81' lang='lat' dir='ltr'><strong>diluculum</strong></span> <span class='ocrx_word' id='word_1_773' title='bbox 2557 5395 2677 5434; x_wconf 86' lang='lat' dir='ltr'><strong>enni</strong></span> <span class='ocrx_word' id='word_1_774' title='bbox 2729 5380 2794 5435; x_wconf 90' lang='lat' dir='ltr'>ad</span> <span class='ocrx_word' id='word_1_775' title='bbox 2839 5391 3020 5440; x_wconf 88' lang='lat' dir='ltr'><strong>castra</strong></span> <span class='ocrx_word' id='word_1_776' title='bbox 3065 5385 3384 5446; x_wconf 84' lang='lat' dir='ltr'><strong>Hunnorum</strong></span> 
     </span>
    </p>
   </div>
   <div class='ocr_carea' id='block_1_109' title="bbox 1433 5508 2124 5580">
    <p class='ocr_par' dir='ltr' id='par_1_109' title="bbox 1433 5508 2124 5580">
     <span class='ocr_line' id='line_1_109' title="bbox 1433 5508 2124 5580; baseline 0.025 -17"><span class='ocrx_word' id='word_1_777' title='bbox 1433 5508 1520 5564; x_wconf 75' lang='lat' dir='ltr'><strong>VA</strong></span> <span class='ocrx_word' id='word_1_778' title='bbox 1534 5512 1675 5568; x_wconf 69' lang='lat' dir='ltr'><strong>Rle</strong></span> <span class='ocrx_word' id='word_1_779' title='bbox 1717 5517 2124 5580; x_wconf 79' lang='lat' dir='ltr'>LECTIONES.</span> 
     </span>
    </p>
   </div>
   <div class='ocr_carea' id='block_1_110' title="bbox 255 5630 3383 5747">
    <p class='ocr_par' dir='ltr' id='par_1_110' title="bbox 255 5630 3383 5747">
     <span class='ocr_line' id='line_1_110' title="bbox 255 5630 3383 5747; baseline 0.018 -64"><span class='ocrx_word' id='word_1_780' title='bbox 255 5630 303 5662; x_wconf 83' lang='grc'>’⁵³</span> <span class='ocrx_word' id='word_1_781' title='bbox 331 5648 515 5702; x_wconf 79' lang='grc' dir='ltr'>συστρ.</span> <span class='ocrx_word' id='word_1_782' title='bbox 545 5632 609 5687; x_wconf 81' lang='lat' dir='ltr'>R.</span> <span class='ocrx_word' id='word_1_783' title='bbox 683 5635 730 5667; x_wconf 69' lang='lat'>&quot;*</span> <span class='ocrx_word' id='word_1_784' title='bbox 749 5638 796 5688; x_wconf 83' lang='lat' dir='ltr'>oi</span> <span class='ocrx_word' id='word_1_785' title='bbox 830 5637 958 5691; x_wconf 79' lang='grc' dir='ltr'>ἰόντι</span> <span class='ocrx_word' id='word_1_786' title='bbox 980 5634 1279 5722; x_wconf 59' lang='lat' dir='ltr'><strong>correximi</strong></span> <span class='ocrx_word' id='word_1_787' title='bbox 1310 5644 1422 5698; x_wconf 79' lang='grc' dir='ltr'>ὄντι</span> <span class='ocrx_word' id='word_1_788' title='bbox 1461 5647 1523 5711; x_wconf 80' lang='grc' dir='ltr'>ιι,</span> <span class='ocrx_word' id='word_1_789' title='bbox 1548 5647 1658 5704; x_wconf 74' lang='grc' dir='ltr'>οἷόν</span> <span class='ocrx_word' id='word_1_790' title='bbox 1677 5672 1729 5708; x_wconf 85' lang='grc' dir='ltr'>τι</span> <span class='ocrx_word' id='word_1_791' title='bbox 1758 5655 1929 5728; x_wconf 83' lang='lat' dir='ltr'><strong>Lugd.</strong></span> <span class='ocrx_word' id='word_1_792' title='bbox 1971 5661 2060 5716; x_wconf 89' lang='lat' dir='ltr'>ed.</span> <span class='ocrx_word' id='word_1_793' title='bbox 2086 5679 2192 5733; x_wconf 90' lang='lat' dir='ltr'><strong>pr.,</strong></span> <span class='ocrx_word' id='word_1_794' title='bbox 2221 5663 2382 5735; x_wconf 81' lang='lat' dir='ltr'><strong>impr.</strong></span> <span class='ocrx_word' id='word_1_795' title='bbox 2402 5669 2520 5734; x_wconf 83' lang='lat' dir='ltr'><strong>sibi,</strong></span> <span class='ocrx_word' id='word_1_796' title='bbox 2542 5687 2659 5725; x_wconf 84' lang='lat' dir='ltr'>cum</span> <span class='ocrx_word' id='word_1_797' title='bbox 2688 5677 2801 5730; x_wconf 81' lang='lat' dir='ltr'><strong>acie</strong></span> <span class='ocrx_word' id='word_1_798' title='bbox 2837 5680 3218 5747; x_wconf 74' lang='lat' dir='ltr'><strong>decerneretur,</strong></span> <span class='ocrx_word' id='word_1_799' title='bbox 3255 5684 3383 5738; x_wconf 85' lang='grc' dir='ltr'>ίόντι</span> 
     </span>
     <span class='ocr_line' id='line_1_111' title="bbox 255 5702 2555 5747; baseline 0 0"><span class='ocrx_word' id='word_1_800' title='bbox 255 5715 306 5747; x_wconf 69' lang='lat' dir='ltr'>Ie</span> <span class='ocrx_word' id='word_1_801' title='bbox 347 5702 396 5747; x_wconf 76' lang='grc' dir='ltr'>οἱ</span> <span class='ocrx_word' id='word_1_802' title='bbox 446 5702 562 5747; x_wconf 68' lang='lat' dir='ltr'>P2P-</span> <span class='ocrx_word' id='word_1_803' title='bbox 637 5705 683 5736; x_wconf 75' lang='lat' dir='ltr'><strong><em>u</em></strong></span> <span class='ocrx_word' id='word_1_804' title='bbox 716 5707 1052 5747; x_wconf 60' lang='lat' dir='ltr'>&quot;(vnn-.mp1!</span> <span class='ocrx_word' id='word_1_805' title='bbox 1116 5721 1258 5747; x_wconf 78' lang='grc' dir='ltr'>ιηΙηι·</span> <span class='ocrx_word' id='word_1_806' title='bbox 1317 5713 1568 5747; x_wconf 61' lang='lat' dir='ltr'><strong>[Ha-hu...</strong></span> <span class='ocrx_word' id='word_1_807' title='bbox 1598 5723 1783 5747; x_wconf 54' lang='lat'>41-.----“</span> <span class='ocrx_word' id='word_1_808' title='bbox 1885 5729 1931 5747; x_wconf 72' lang='grc' dir='ltr'>ι.</span> <span class='ocrx_word' id='word_1_809' title='bbox 1959 5730 1996 5747; x_wconf 82' lang='lat' dir='ltr'><strong>n</strong></span> <span class='ocrx_word' id='word_1_810' title='bbox 2139 5733 2151 5747; x_wconf 67' lang='grc' dir='ltr'><strong>ς</strong></span> <span class='ocrx_word' id='word_1_811' title='bbox 2273 5732 2289 5747; x_wconf 73' lang='grc' dir='ltr'>ι’</span> <span class='ocrx_word' id='word_1_812' title='bbox 2389 5738 2424 5747; x_wconf 83' lang='grc'>..</span> <span class='ocrx_word' id='word_1_813' title='bbox 2542 5740 2555 5747; x_wconf 88' lang='grc'>-</span> 
     </span>
    </p>
   </div>
   <div class='ocr_carea' id='block_1_111' title="bbox 175 5701 1570 5784">
    <p class='ocr_par' dir='ltr' id='par_1_111' title="bbox 175 5701 1570 5784">
     <span class='ocr_line' id='line_1_112' title="bbox 175 5701 1570 5784; baseline 0.014 -31"><span class='ocrx_word' id='word_1_814' title='bbox 175 5701 306 5784; x_wconf 54' lang='lat' dir='ltr'><strong>sine</strong></span> <span class='ocrx_word' id='word_1_815' title='bbox 336 5702 396 5784; x_wconf 70' lang='grc' dir='ltr'>ὀί</span> <span class='ocrx_word' id='word_1_816' title='bbox 446 5702 562 5758; x_wconf 81' lang='lat' dir='ltr'><strong>Par.</strong></span> <span class='ocrx_word' id='word_1_817' title='bbox 637 5705 1079 5784; x_wconf 43' lang='grc' dir='ltr'>’ξηίγρητοςῖᾒ</span> <span class='ocrx_word' id='word_1_818' title='bbox 1114 5701 1276 5778; x_wconf 86' lang='lat' dir='ltr'><strong>intpr.</strong></span> <span class='ocrx_word' id='word_1_819' title='bbox 1311 5701 1570 5784; x_wconf 48' lang='lat' dir='ltr'><strong>Pigritu&#39;nt</strong></span> 
     </span>
    </p>
   </div>
   <div class='ocr_carea' id='block_1_112' title="bbox 174 5771 1417 5854">
    <p class='ocr_par' dir='ltr' id='par_1_112' title="bbox 174 5771 1417 5854">
     <span class='ocr_line' id='line_1_113' title="bbox 174 5771 1417 5854; baseline 0.024 -35"><span class='ocrx_word' id='word_1_820' title='bbox 174 5772 228 5805; x_wconf 79' lang='grc'><strong><em>⁸⁸</em></strong></span> <span class='ocrx_word' id='word_1_821' title='bbox 261 5771 467 5854; x_wconf 43' lang='lat' dir='ltr'>step-92¢</span> <span class='ocrx_word' id='word_1_822' title='bbox 495 5775 725 5854; x_wconf 79' lang='lat' dir='ltr'><strong>correxi,</strong></span> <span class='ocrx_word' id='word_1_823' title='bbox 747 5771 936 5854; x_wconf 69' lang='grc' dir='ltr'>ἐτέρᾲς</span> <span class='ocrx_word' id='word_1_824' title='bbox 963 5771 1248 5854; x_wconf 10' lang='grc' dir='ltr'>Πνίέτέἓρῴς</span> <span class='ocrx_word' id='word_1_825' title='bbox 1276 5771 1417 5854; x_wconf 49' lang='lat' dir='ltr'>Villio</span> 
     </span>
    </p>
   </div>
   <div class='ocr_carea' id='block_1_113' title="bbox 174 5841 1522 5929">
    <p class='ocr_par' dir='ltr' id='par_1_113' title="bbox 174 5841 1522 5929">
     <span class='ocr_line' id='line_1_114' title="bbox 174 5841 1522 5929; baseline 0.014 -34"><span class='ocrx_word' id='word_1_826' title='bbox 174 5858 341 5911; x_wconf 85' lang='grc' dir='ltr'>τερον</span> <span class='ocrx_word' id='word_1_827' title='bbox 358 5841 431 5906; x_wconf 75' lang='lat' dir='ltr'><strong>ll,</strong></span> <span class='ocrx_word' id='word_1_828' title='bbox 457 5852 508 5897; x_wconf 84' lang='lat' dir='ltr'><strong>et</strong></span> <span class='ocrx_word' id='word_1_829' title='bbox 537 5845 705 5914; x_wconf 88' lang='lat' dir='ltr'><strong>intpr.</strong></span> <span class='ocrx_word' id='word_1_830' title='bbox 738 5841 968 5915; x_wconf 67' lang='lat' dir='ltr'><strong>facilius,</strong></span> <span class='ocrx_word' id='word_1_831' title='bbox 1003 5841 1343 5907; x_wconf 74' lang='grc' dir='ltr'>εὐκολώτατα</span> <span class='ocrx_word' id='word_1_832' title='bbox 1368 5841 1522 5929; x_wconf 49' lang='lat' dir='ltr'><strong>Vulg.</strong></span> 
     </span>
    </p>
   </div>
   <div class='ocr_carea' id='block_1_114' title="bbox 1591 5723 2064 5790">
    <p class='ocr_par' dir='ltr' id='par_1_114' title="bbox 1591 5723 2064 5790">
     <span class='ocr_line' id='line_1_115' title="bbox 1591 5723 2064 5790; baseline 0.023 -17"><span class='ocrx_word' id='word_1_833' title='bbox 1591 5723 1808 5790; x_wconf 81' lang='lat' dir='ltr'><strong>ﬂumen.</strong></span> <span class='ocrx_word' id='word_1_834' title='bbox 1843 5723 1864 5728; x_wconf 57' lang='grc'>⁷</span> <span class='ocrx_word' id='word_1_835' title='bbox 1883 5729 1933 5760; x_wconf 80' lang='grc'>⁸⁸</span> <span class='ocrx_word' id='word_1_836' title='bbox 1959 5730 2064 5784; x_wconf 86' lang='lat' dir='ltr'><strong>Pro</strong></span> 
     </span>
    </p>
   </div>
   <div class='ocr_carea' id='block_1_115' title="bbox 1529 5791 2484 5876">
    <p class='ocr_par' dir='ltr' id='par_1_115' title="bbox 1529 5791 2484 5876">
     <span class='ocr_line' id='line_1_116' title="bbox 1529 5791 2484 5876; baseline 0.021 -35"><span class='ocrx_word' id='word_1_837' title='bbox 1529 5791 1573 5823; x_wconf 68' lang='lat'><strong>&#39;9</strong></span> <span class='ocrx_word' id='word_1_838' title='bbox 1598 5793 1738 5876; x_wconf 48' lang='grc' dir='ltr'>ἰδέαν</span> <span class='ocrx_word' id='word_1_839' title='bbox 1756 5791 2219 5876; x_wconf 29' lang='grc' dir='ltr'>πολέμου-κάπολ.</span> <span class='ocrx_word' id='word_1_840' title='bbox 2245 5805 2313 5859; x_wconf 81' lang='grc' dir='ltr'>ίδ.</span> <span class='ocrx_word' id='word_1_841' title='bbox 2343 5791 2484 5876; x_wconf 79' lang='lat' dir='ltr'><strong>vulg.</strong></span> 
     </span>
    </p>
   </div>
   <div class='ocr_carea' id='block_1_116' title="bbox 1601 5863 2654 5952">
    <p class='ocr_par' dir='ltr' id='par_1_116' title="bbox 1601 5863 2654 5952">
     <span class='ocr_line' id='line_1_117' title="bbox 1601 5863 2654 5952; baseline 0.019 -37"><span class='ocrx_word' id='word_1_842' title='bbox 1601 5863 1645 5894; x_wconf 81' lang='grc'>⁶²</span> <span class='ocrx_word' id='word_1_843' title='bbox 1670 5863 1944 5935; x_wconf 82' lang='grc' dir='ltr'>δρομαίως</span> <span class='ocrx_word' id='word_1_844' title='bbox 1977 5869 2041 5925; x_wconf 70' lang='lat' dir='ltr'>li.</span> <span class='ocrx_word' id='word_1_845' title='bbox 2067 5863 2091 5871; x_wconf 80' lang='grc'><em>”</em></span> <span class='ocrx_word' id='word_1_846' title='bbox 2115 5873 2160 5904; x_wconf 82' lang='grc'>⁸⁸</span> <span class='ocrx_word' id='word_1_847' title='bbox 2189 5863 2484 5948; x_wconf 62' lang='grc' dir='ltr'>ὑπορρἑξ.</span> <span class='ocrx_word' id='word_1_848' title='bbox 2515 5882 2654 5952; x_wconf 86' lang='lat' dir='ltr'><strong>vulg.</strong></span> 
     </span>
    </p>
   </div>
   <div class='ocr_carea' id='block_1_117' title="bbox 2097 5732 3381 5855">
    <p class='ocr_par' dir='ltr' id='par_1_117' title="bbox 2097 5732 3381 5855">
     <span class='ocr_line' id='line_1_118' title="bbox 2097 5732 3381 5855; baseline 0.005 -53"><span class='ocrx_word' id='word_1_849' title='bbox 2097 5732 2194 5802; x_wconf 70' lang='grc' dir='ltr'>μὲν</span> <span class='ocrx_word' id='word_1_850' title='bbox 2238 5732 2330 5789; x_wconf 56' lang='grc' dir='ltr'>υῦἶθ</span> <span class='ocrx_word' id='word_1_851' title='bbox 2388 5738 2451 5792; x_wconf 63' lang='grc' dir='ltr'>Ιί-</span> <span class='ocrx_word' id='word_1_852' title='bbox 2487 5732 2664 5802; x_wconf 47' lang='lat' dir='ltr'><strong>liti/0v.</strong></span> <span class='ocrx_word' id='word_1_853' title='bbox 2743 5748 2786 5778; x_wconf 87' lang='lat'><strong>&quot;</strong></span> <span class='ocrx_word' id='word_1_854' title='bbox 2821 5748 2888 5801; x_wconf 81' lang='grc' dir='ltr'>ἂν</span> <span class='ocrx_word' id='word_1_855' title='bbox 2916 5732 3381 5855; x_wconf 43' lang='grc' dir='ltr'>διαμάέίιᾷἑρὲάί</span> 
     </span>
     <span class='ocr_line' id='line_1_119' title="bbox 2101 5802 3381 5855; baseline 0 0"><span class='ocrx_word' id='word_1_856' title='bbox 2101 5802 2219 5855; x_wconf 89' lang='grc' dir='ltr'>πολ.</span> <span class='ocrx_word' id='word_1_857' title='bbox 2245 5805 2313 5855; x_wconf 80' lang='grc' dir='ltr'>ἰδ.</span> <span class='ocrx_word' id='word_1_858' title='bbox 2343 5809 2484 5855; x_wconf 73' lang='lat' dir='ltr'><strong>vulg-</strong></span> <span class='ocrx_word' id='word_1_859' title='bbox 2590 5812 2633 5843; x_wconf 70' lang='lat'>5°</span> <span class='ocrx_word' id='word_1_860' title='bbox 2657 5813 2731 5855; x_wconf 60' lang='lat' dir='ltr'>ch,-</span> <span class='ocrx_word' id='word_1_861' title='bbox 2754 5817 2816 5855; x_wconf 62' lang='grc' dir='ltr'>δελ</span> <span class='ocrx_word' id='word_1_862' title='bbox 2848 5817 2948 5855; x_wconf 70' lang='grc' dir='ltr'>βση·</span> <span class='ocrx_word' id='word_1_863' title='bbox 3104 5823 3122 5854; x_wconf 78' lang='lat' dir='ltr'>t</span> <span class='ocrx_word' id='word_1_864' title='bbox 3152 5823 3353 5855; x_wconf 50' lang='lat' dir='ltr'><strong>“amna.</strong></span> <span class='ocrx_word' id='word_1_865' title='bbox 3371 5853 3381 5855; x_wconf 85' lang='lat'>_</span> 
     </span>
    </p>
   </div>
   <div class='ocr_carea' id='block_1_118' title="bbox 2657 5817 3384 5887">
    <p class='ocr_par' dir='ltr' id='par_1_118' title="bbox 2657 5817 3384 5887">
     <span class='ocr_line' id='line_1_120' title="bbox 2657 5817 3384 5887; baseline 0.019 -21"><span class='ocrx_word' id='word_1_866' title='bbox 2657 5817 2731 5878; x_wconf 83' lang='grc' dir='ltr'>ὡς</span> <span class='ocrx_word' id='word_1_867' title='bbox 2754 5817 2816 5887; x_wconf 80' lang='grc' dir='ltr'>δὴ</span> <span class='ocrx_word' id='word_1_868' title='bbox 2847 5817 2969 5872; x_wconf 84' lang='lat' dir='ltr'><strong>Par.</strong></span> <span class='ocrx_word' id='word_1_869' title='bbox 3007 5817 3019 5821; x_wconf 70' lang='grc'>⁷</span> <span class='ocrx_word' id='word_1_870' title='bbox 3078 5817 3122 5855; x_wconf 63' lang='grc'>⁸⁵</span> <span class='ocrx_word' id='word_1_871' title='bbox 3151 5823 3384 5878; x_wconf 82' lang='grc' dir='ltr'>εὐκολώ-</span> 
     </span>
    </p>
   </div>
  </div>
