4212 6438
187 414 313 478 1445

1317 413 1851 475 HISTORIARUM
1878 415 2107 475 LIBER
2140 417 2255 480 III.

3264 429 3400 495 1445

181 526 353 577 πόλιν
374 520 490 590 τὴν
527 521 828 590 Ποντικὴν
855 521 976 589 ἅμα
1021 519 1102 587 τῷ
1139 521 1376 600 στρατῶ
1403 521 1737 592 μεταϐήσῃ,
1769 533 1810 585 Α
1839 541 1844 590 λ

1769 533 1810 585 Α
1839 537 1931 590 per
1957 525 2124 577 otium
2175 542 2416 596 agamus,
2474 530 2596 598 ﬁdis
2633 539 2835 585 utentes
2884 534 3258 601 internuntiis;
3297 532 3401 594 nisi

179 613 381 667 ἐνθάδε
429 612 499 666 δὲ
527 613 699 683 ἡμεῖς
741 613 1039 683 μενοῦμεν
1087 614 1143 666 οὶ
1195 612 1417 681 Πέρσαι
1437 629 1451 642 ·
1483 614 1638 666 οὕτω
1674 629 1739 666 τε

179 703 249 756 τὰ
287 703 332 734 ⁷³
382 700 488 771 τῆς
524 703 851 772 ἐκεχειρίας
898 703 1294 772 σχολαίτερον
1325 699 1736 772 διαλεξόμεθα,

177 793 406 862 πιστοῖς
433 794 720 864 χρώμενοι
741 793 1214 864 ἀγγελιαφόροις.
1241 796 1310 848 El
1337 794 1449 864 γὰρ
1467 794 1552 864 μὴ
1586 793 1740 848 ἑκὼν

180 882 260 954 [Ρ.
297 881 388 956 95]
425 880 578 938 εἶναι
607 882 856 950 ἀπάξεις
901 883 1142 936 ἐνθένδε
1191 883 1238 914 ⁷⁸
1275 882 1343 936 τὸ
1374 881 1735 954 στράτευμα,

177 975 312 1037 ισθι,
366 968 414 1027 ὦ
461 971 718 1041 γενναῖε,
769 972 850 1037 ὡς
884 971 1033 1039 πρὸς
1060 970 1328 1041 ἀνάγκης
1356 972 1737 1042 ἀπελαθήσῃ.

176 1065 530 1119 Βεϐαιότατα
570 1064 682 1133 γὰρ
705 1062 820 1133 ἐγὼ
859 1062 975 1130 τὴν
1015 1062 1194 1131 νίκην
1219 1063 1358 1130 ἔχω,
1389 1063 1487 1116 καὶ
1521 1065 1742 1133 περιϐέ-

177 1159 388 1226 ϐλημαι
418 1157 466 1197 ⁷⁸
489 1157 561 1210 οὐ
585 1153 998 1224 χαλεπώτερον
1041 1155 1080 1223 ἢ
1114 1153 1248 1208 τόδε
1269 1154 1336 1207 τὸ
1367 1153 1586 1225 κτῆμα.
1627 1157 1736 1211 Καὶ

175 1249 287 1319 ἅμα
302 1249 493 1317 λέγων,
509 1247 600 1300 τὸν
614 1246 894 1301 δακτύλιον
919 1246 1264 1300 ἐπεδείκνυεν
1285 1244 1332 1276 ⁷⁸
1346 1243 1406 1299 ὃν
1421 1246 1736 1317 ἐπεφέρετο.

177 1340 314 1411 Πρὸς
332 1338 504 1394 ταῦτα
521 1339 580 1392 δὲ
605 1337 887 1392 ὑπολαϐών
902 1355 917 1368 ο
957 1338 1128 1392 Ἀλλ’
1146 1336 1363 1406 ἔμοιγε,
1389 1339 1417 1391 6
1442 1338 1736 1408 Μαρτῖνος,

181 1433 399 1486 εὐκτὸν
423 1432 541 1502 μὲν
571 1433 610 1501 ἡ
655 1431 862 1500 είρήνη
897 1428 1064 1483 δοκεῖ
1100 1428 1199 1483 καί
1231 1430 1597 1499 τιμιώτατον,
1643 1430 1740 1484 καὶ

176 1527 334 1578 συλλ
345 1523 577 1593 ήψομαί
607 1539 706 1576 σοι
743 1520 1170 1591 προσαγομένη)
1195 1537 1260 1574 τε
1302 1520 1496 1590 αὐτὴν
1521 1521 1618 1575 καὶ
1646 1537 1743 1574 και

178 1615 450 1672 θιστῶντι
469 1632 483 1646 ·
523 1614 766 1683 ἄμεινον
811 1612 900 1676 δὲ,
953 1608 1133 1682 οἶμαι,
1185 1612 1371 1666 ταῦτα
1417 1611 1739 1682 δράσωμεν

177 1708 273 1774 ἂν,
297 1709 418 1778 εῖγε
453 1707 534 1761 σὺ
557 1707 675 1776 μὲν
709 1707 789 1772 ὡς
815 1705 1069 1776 τάχιστα
1094 1706 1160 1773 ἐς
1198 1705 1456 1774 Ἰϐηρίαν
1474 1721 1738 1775 μεταχω-

1840 630 1956 668 vero
1994 615 2165 670 volens
2193 635 2256 671 ac
2284 618 2452 674 libens
2471 623 2753 676 exercitum
2780 625 2898 678 hinc
2927 626 3229 694 abduxeris,
3247 631 3404 696 scito,

1841 721 1872 756 ο
1913 704 2064 770 bone,
2121 707 2259 776 quod
2311 724 2402 776 per
2451 711 2554 762 vim
2606 712 2991 780 proﬂigaberis.
3040 716 3406 772 Certissimam

1842 795 1980 847 enim
2018 795 2179 850 habeo
2206 797 2480 852 victoriam
2507 839 2521 864 ,
2553 818 2768 872 eamque
2784 804 2945 857 nihilo
2973 807 3248 876 difﬁcilius
3273 811 3404 864 mihi

1837 888 2135 950 comparavi
2164 903 2322 956 quant
2349 889 2484 943 hanc
2511 895 2884 954 possessionem
2916 909 2937 958 ,°
2983 895 3251 968 simulque
3289 901 3406 956 hinc

1838 974 2051 1039 dicens,
2108 980 2392 1042 annulum,
2445 996 2606 1051 quem
2639 985 2898 1052 gestabat,
2953 988 3286 1042 ostendebat.
3325 992 3407 1045 Διὶ

1838 1069 1957 1122 hazc
1995 1069 2290 1139 subjiciens
2323 1071 2630 1127 Martinus:
2686 1073 2755 1128 Et
2788 1076 2950 1143 mihi,
2991 1078 3187 1148 inquit,
3226 1095 3330 1148 pax
3349 1082 3406 1134 in

1838 1160 1971 1212 votis
1999 1176 2300 1232 summoque
2328 1164 2383 1216 in
2415 1165 2583 1233 pretio
2621 1173 2719 1228 est,
2766 1175 2913 1228 teque
2957 1183 3071 1220 eam
3107 1185 3406 1238 proponen-

1841 1259 1944 1304 tem
1988 1261 2040 1305 et
2078 1255 2480 1309 constituentem
2523 1257 2753 1324 juvabo;
2796 1257 2978 1310 melius
3024 1275 3144 1312 vero
3176 1264 3284 1314 haec
3313 1278 3405 1314 nos

1839 1338 2161 1407 perfecturos
2189 1345 2440 1408 putarim,
2469 1344 2516 1396 si
2539 1354 2595 1396 tu
2624 1360 2780 1414 quam
2810 1344 3059 1399 citissime
3086 1348 3138 1400 in
3175 1347 3408 1402 Iberiam

1841 1437 1892 1482 te
1925 1431 2280 1497 transtuleris,
2335 1435 2493 1504 182
2527 1451 2620 1506 ego
2652 1452 2771 1490 vero
2798 1436 3122 1492 Muchirisiin
3147 1457 3227 1493 me
3264 1458 3406 1494 rece-

1841 1535 1988 1590 pero,
2045 1533 2202 1593 atque
2232 1525 2309 1577 ita
2348 1526 2410 1580 de
2468 1527 2623 1581 rebus
2672 1529 2868 1582 nostris
2923 1531 3280 1600 dispiciemus.
3335 1533 3406 1586 lle

1839 1611 2063 1666 victoria
2115 1629 2234 1667 vero
2272 1613 2427 1667 liceat
2478 1615 2572 1669 tibi
2617 1616 2944 1685 jactabunde
2991 1634 3408 1690 arroganterque

1849 1699 2012 1771 loqui,
2042 1718 2258 1772 eamque
2293 1705 2430 1757 inter
2457 1706 2660 1759 venales
2691 1715 2742 1760 et
2789 1705 2970 1761 uestio
3017 1711 3238 1764 arbitrio
3277 1711 3403 1765 sub-

172 1800 402 1869 ρήσεις,
436 1799 548 1870 ἐγὼ
586 1800 653 1852 δὲ
683 1800 1011 1868 ἐλεύσομαι
1036 1798 1101 1867 ἐς
1143 1799 1546 1867 Μουχείρισιν.
1580 1799 1742 1852 Οὕτω
1776 1860 1814 1870 _

1740 1825 1742 1838 .
1776 1860 1814 1870 _
1838 1792 2008 1860 jectas
2035 1810 2098 1848 ac
2126 1795 2388 1862 parabiles
2416 1812 2494 1850 res
2523 1797 2801 1852 collocare.
2844 1797 2955 1869 Ego
3008 1817 3128 1855 vero
3153 1805 3403 1858 victorias

177 1860 247 1945 τε
276 1892 343 1946 τὰ
468 1860 612 1944 ποσὶ
658 1860 1119 1960 διασκεψῖόμεθα.
1158 1860 1378 1959 Τῆς-δὲ’
1394 1889 1568 1957 νίκης
1609 1887 1742 1955 πέρι
1775 1860 1818 1916 Β

1739 1926 1742 1936 .
1775 1860 1818 1916 Β
1843 1882 1943 1937 Dei
1988 1860 2144 1938 unius
2195 1886 2462 1942 voluntate
2507 1888 2698 1942 librari
2753 1905 2935 1945 censeo
2966 1908 3179 1963 eamque
3211 1898 3402 1948 nonad

177 1984 276 2037 σοι
302 1983 417 2052 μὲν
441 1982 664 2048 ἐξέστω
687 1982 1093 2052 μεγαλαυχεῖν
1118 1980 1200 2047 τῷ
1233 1981 1392 2050 λόγῳ
1422 1980 1520 2034 καὶ
1553 1981 1739 2034 αὐθα-

177 2073 491 2140 διὰζεσθαι,
537 2074 638 2128 καὶ
687 2073 807 2128 τῶν
842 2072 1136 2144 ἀγοραίων
1174 2071 1370 2140 αὐτὴν
1403 2071 1500 2126 καί
1543 2072 1742 2125 αὐθαι-

173 2166 363 2234 ρέτων
406 2164 678 2236 ἡγεῖσθαι
714 2163 1046 2234 κτημάτων.
1123 2163 1270 2234 Ἐγὼ
1313 2161 1383 2216 δὲ
1422 2162 1523 2216 καὶ
1566 2161 1742 2216 τοῦτό

186 2274 339 2327 φημι
378 2255 453 2326 τῇ
507 2256 615 2311 τοῦ
656 2257 996 2325 κρείττονος
1032 2255 1500 2310 ταλαντεύεσθαι
1539 2253 1739 2325 γνώμῃ

180 2349 277 2403 καὶ
325 2350 395 2404 οὐ
437 2348 596 2417 παρὰ
639 2349 778 2413 τοὺς
831 2347 985 2420 μέγα
1037 2345 1526 2417 βρενθυομένους
1568 2347 1736 2413 ἱέναι,

179 2445 315 2498 ἀλλ’
334 2443 420 2512 ἐφ’
445 2441 553 2508 οὒς
572 2442 649 2496 ἂν
667 2445 700 2497 ό
717 2439 957 2495 πάντων
994 2441 1336 2511 προαγωγὸς
1359 2440 1647 2509 ἐπινεύσῃ
1670 2439 1737 2494 ⁷⁷.

181 2534 336 2589 Οὕτω
354 2534 410 2588 δέ
429 2534 523 2588 τοῦ
543 2533 814 2606 Μαρτῖνου
835 2531 1186 2606 ἀνδρειότατά
1207 2549 1266 2586 τε
1287 2533 1383 2586 καὶ
1410 2531 1556 2603 μάλα
1577 2531 1742 2597 ὁσίως

180 2625 639 2699 ἀποκριναμένου,
669 2625 766 2680 καὶ
802 2625 849 2658 ⁷⁸
875 2628 942 2697 τῇ
976 2624 1069 2678 τοῦ
1105 2623 1381 2696 βαρϐάρου
1409 2624 1742 2695 νεμεσήσαν-

179 2737 272 2783 τος
304 2717 588 2789 ἀλαζονείᾳ
617 2716 772 2770 οὐδὲν
813 2716 870 2770 δὲ
917 2714 1096 2769 ὁτιοῦν
1142 2713 1404 2787 προελθὸν
1441 2716 1738 2786 εἰρηναῖόν,

178 2809 528 2881 διεκρίθησαν
558 2808 653 2863 ἀπ’
684 2807 946 2879 ἀλλήλων.
977 2807 1088 2862 Καὶ
1116 2809 1146 2861 6
1177 2806 1274 2878 μέν
1315 2809 1374 2870 ἐς
1419 2807 1482 2860 τὸ
1515 2807 1740 2876 στρατό-

182 2902 345 2955 πεδον
387 2901 650 2970 ἐπανῆκε,
683 2900 956 2970 Μαρτῖνος
999 2898 1058 2952 δὲ
1097 2899 1158 2962 ἐς
1193 2897 1290 2969 τὴν
1335 2898 1536 2967 Νῆσον.
1568 2897 1658 2968 Τῷ
1684 2896 1740 2951 δὲ

181 2993 510 3063 Ναχοραγὰν
540 2989 766 3061 μενετέα
798 2989 895 3059 μέν
921 2988 1084 3042 αὐτοῦ
1107 2989 1308 3059 ἥκιστα
1354 2987 1552 3051 ἐδόκει,
1587 2990 1646 3051 ἐς
1684 2985 1741 3039 δέ

181 3083 276 3135 τὸν
313 3082 481 3136 Φᾶσιν
511 3082 558 3114 ⁷⁹
602 3082 703 3154 τὴν
749 3079 904 3134 πόλιν
955 3079 1092 3134 ἱέναι
1139 3079 1413 3140 διενοεῖτο,
1459 3077 1639 3132 ἐκεῖσε
1680 3094 1740 3131 τε

1841 1975 2110 2046 fastuosos
2166 1978 2415 2049 valdeque
2441 1979 2605 2033 elatos
2628 1997 2851 2051 vergere,
2876 1984 2966 2036 sed
2993 1984 3062 2037 ad
3089 2001 3199 2049 eos,
3218 1986 3404 2056 quibus

1839 2068 1934 2124 ille
1973 2071 2207 2123 omnium
2243 2074 2528 2140 productor
2578 2083 2734 2143 atque
2787 2075 3092 2130 moderator
3140 2079 3404 2133 annuerit.

1839 2161 1971 2217 Haec
1997 2177 2122 2217 cum
2160 2162 2424 2218 Martinus
2452 2174 2768 2234 perstrenue
2796 2168 3288 2241 honestissimeque
3316 2187 3405 2226 re-

1849 2254 2184 2325 spondisset,
2213 2255 2430 2310 barbari
2461 2258 2770 2328 arrogantia
2824 2258 3088 2325 oﬂensus,
3147 2277 3279 2332 pace
3318 2263 3405 2317 iu-

1839 2346 2007 2415 lecta,
2046 2363 2078 2402 a
2107 2357 2300 2404 mutuo
2354 2349 2629 2420 colloquio
2675 2351 3082 2421 discesserunt;
3126 2363 3290 2424 atque
3321 2355 3410 2411 hic

1840 2438 2064 2509 quidem
2117 2440 2185 2495 ad
2217 2452 2419 2507 castra,
2475 2441 2743 2499 Martinus
2774 2459 2904 2501 vero
2963 2445 3020 2501 in
3079 2447 3314 2502 Insulam
3349 2462 3408 2502 se

1841 2530 2062 2601 recepit.
2097 2529 2448 2604 Nachuragan
2473 2543 2656 2590 autem
2687 2550 3034 2606 nequaquam
3063 2537 3136 2592 ibi
3166 2553 3402 2593 commo-

1839 2623 2070 2678 randum
2105 2638 2359 2688 censens,
2404 2626 2472 2680 ad
2507 2625 2796 2683 Phasidem
2839 2628 3028 2684 urbem
3072 2645 3132 2686 se
3161 2631 3409 2687 conferre

1839 2715 2055 2780 statuit,
2091 2731 2265 2786 eoque
2299 2717 2481 2786 potius
2507 2717 2782 2776 Romanos
2802 2736 3047 2777 evocare.
3065 2721 3409 2780 Facillimum

1841 2805 1986 2861 enim
2011 2815 2322 2877 expugnata
2345 2807 2456 2863 illic
2483 2821 2608 2864 esse
2636 2813 3102 2882 propugnaculum
3131 2813 3401 2880 audierat,

1839 2897 2038 2966 quippe
2083 2897 2227 2968 quod
2273 2905 2442 2953 totum
2491 2914 2522 2955 e
2576 2900 2737 2972 lignis
2775 2911 3108 2959 exstructum
3144 2915 3308 2970 esset,
3355 2915 3410 2961 et

1849 2986 2229 3058 circumiectos
2253 3003 2476 3060 campos
2512 3000 2755 3061 patentes
2805 3003 2861 3048 et
2905 2995 3098 3050 castris
3137 2997 3408 3052 metandis

1844 3080 2289 3136 accommodatos
2324 3081 2565 3138 haberet.
2603 3084 2768 3156 Atqui
2819 3086 3011 3143 urbem
3057 3086 3346 3144 Phasidem
3376 3105 3406 3144 a

185 3175 388 3247 μᾶλλον
411 3174 805 3230 ἐκκαλέσασθαι
833 3176 959 3238 τοὺς
990 3172 1316 3270 Ἱῖωμαίους.
1361 3171 1740 3270 Ἑπιμαχώταῗ
1768 3209 1813 3270 c

1768 3209 1813 3270 ε
1841 3166 2008 3225 ﬂuvio
2037 3169 2087 3224 ei
2113 3171 2438 3240 cognomine
2461 3173 2534 3226 ita
2563 3183 2809 3230 vocatam
2841 3190 2963 3232 esse
2981 3177 3288 3243 ,omnibus,
3317 3193 3407 3233 ar-

181 3284 277 3322 τον
310 3267 416 3339 γὰρ
463 3266 523 3320 τὸ
558 3265 739 3338 ἐκείνῃ
784 3266 962 3338 ἔρυμα
1008 3259 1146 3318 εἶναι
1185 3265 1480 3326 ἐπέπυστο,
1535 3262 1630 3318 ἅτε
1677 3262 1741 3335 δὴ
1773 3259 1844 3313 “’.

1773 3259 1813 3270 “’
1840 3259 2032 3324 bitror,
2055 3268 2140 3315 est
2163 3259 2543 3329 notissimum;
2591 3263 2682 3333 qui
2718 3263 2938 3334 quidem
2974 3263 3170 3322 ﬂuvius
3213 3264 3406 3321 Phasis

185 3357 363 3422 ξύλοις
395 3357 540 3410 ἅπαν
583 3354 1006 3425 ἐσκευασμένον,
1051 3355 1144 3407 καὶ
1188 3352 1259 3406 τὰ
1302 3354 1534 3423 ἐχόμενα
1584 3352 1744 3406 πεδία
1842 3367 1848 3405 1

1740 3392 1744 3404 ,
1842 3365 1953 3406 non
1981 3352 2170 3422 procul
2200 3353 2270 3406 ab
2297 3367 2359 3407 ea
2387 3351 2526 3420 ﬂuit,
2561 3363 2616 3408 et
2653 3355 2798 3410 circa
2836 3356 3009 3426 ipsam
3042 3358 3096 3412 in
3130 3356 3403 3412 Euxinum

183 3448 424 3520 εὐόμαλά
450 3449 496 3482 ⁸⁸
513 3465 574 3502 τε
601 3447 693 3502 καὶ
718 3445 900 3516 ἀγαθὰ
922 3443 1568 3516 ἐνστρατοπεδεύεασθαι.
1605 3442 1744 3512 Ἤδη
1843 3442 1846 3497 ξ

1742 3499 1744 3510 λ
1843 3441 2076 3498 Pontum
2103 3441 2293 3498 fertur.
2338 3445 2420 3499 Ad
2466 3446 2618 3502 littus
2670 3447 2815 3502 enim
2869 3456 2924 3503 et
2969 3450 3107 3505 ostia
3149 3452 3280 3506 urbs
3303 3450 3405 3506 sita

182 3542 244 3595 δὲ
282 3542 317 3610 ἡ
345 3541 496 3604 πόλις
519 3542 548 3594 6
576 3540 762 3606 Φάσις,
791 3538 1016 3602 ἅπασιν,
1039 3534 1211 3608 οἶμαι,
1243 3535 1640 3608 διαδηλότατον,
1669 3534 1747 3597 ὡς
1844 3567 1845 3576 χ

1745 3553 1747 3560 ν
1844 3543 1962 3600 est;
2001 3534 2167 3589 distat
2193 3544 2373 3590 autem
2406 3537 2476 3592 ab
2511 3539 2687 3594 insula
2715 3554 2814 3594 sex
2849 3555 3124 3595 summum
3147 3556 3408 3612 parasan—

183 3636 252 3686 ἐκ
292 3631 385 3686 τοῦ
428 3631 675 3703 ποταμοῦ
719 3629 906 3701 εἴληφε
945 3629 1046 3699 τὴν
1094 3627 1436 3699 ἐπωνυμίαν,
1487 3625 1745 3697 πλησιαί-
1845 3682 1846 3685 η

806 3647 906 3701 ηφε
945 3629 1046 3699 τὴν
1094 3627 1436 3699 ἐπωνυμίαν,
1487 3625 1745 3697 πλησιαί-
1845 3624 1928 3696 gis
1959 3639 2216 3682 occasum
2258 3642 2469 3684 versus.

181 3747 327 3785 τατα
368 3728 739 3801 ὑπορρέοντος,
790 3728 884 3780 καὶ
922 3725 1059 3796 ἀμφ’
1087 3722 1255 3796 αὐτὴν
1288 3725 1346 3788 ἐς
1411 3722 1502 3777 τὸν
1569 3720 1821 3786 Εὔξεινον
1858 3719 2051 3774 πόντον
2097 3721 2556 3794 ἀπερευγομένου.
2591 3715 2735 3794 Πρὸς
2775 3722 2886 3795 γὰρ
2929 3722 3008 3795 τῷ
3050 3724 3282 3797 αἰγιαλῷ
3312 3725 3408 3780 καὶ

183 3824 307 3885 ταῖς
358 3821 601 3885 ἐκϐολαῖς
649 3821 712 3875 τὸ
755 3820 994 3890 πόλισμα
1052 3818 1295 3892 ἵδρυται·
1350 3817 1628 3888 ἀφέστηκε
1684 3815 1743 3870 δὲ
1778 3814 1878 3885 τῆς
1921 3814 2107 3886 Νήσου
2144 3814 2206 3880 ἐξ
2246 3816 2484 3887 μάλιστα
2557 3818 2938 3889 παρασάγγαις
2983 3819 3076 3873 ἐπὶ
3151 3819 3408 3892 δυόμενον

226 3914 342 3966 λιον
375 3913 443 3966 ⁸⁸.

375 3915 422 3945 ιι

182 3915 342 4060 ἥλζὲ
373 3952 545 4067 Exibit;
569 4003 632 4075 δὴ
661 3997 752 4057 οὗν
777 4004 806 4057 6
833 4000 1161 4074 Ναχοραγὰν
1183 4000 1373 4074 πόρρω
1399 4001 1510 4056 τῶν
1535 3998 1748 4055 νυκτῶν

1736 4014 1748 4049 ρ
1913 3992 2071 4064 183
2141 3992 2231 4047 20.
2298 3993 2598 4051 Confestim
2647 3995 2832 4068 itaque
2890 3995 3244 4068 Nacboragan
3322 3999 3399 4056 in-

184 4097 294 4160 τὰς
343 4097 576 4159 ἀκάτους
618 4095 820 4158 ὁπόσας
869 4094 953 4164 ἐφ’
990 4092 1213 4164 ἁμαξῶν
1244 4094 1503 4165 ἐπήγετο,
1553 4093 1611 4156 ἐς
1655 4090 1748 4145 τδν
1839 4095 1847 4140 1

1738 4107 1748 4142 ι
1839 4093 2108 4158 tempesta
2153 4093 2315 4144 nocte
2391 4089 2652 4159 scaphis,
2719 4099 2987 4160 quotquot
3025 4106 3208 4146 secum
3251 4092 3401 4162 plau-

186 4189 437 4259 ποταμὸν
468 4187 718 4259 ἐμϐαλὼν
743 4187 834 4240 καὶ
859 4185 1147 4254 συζεύξας,
1175 4185 1424 4240 λανθάνει
1449 4185 1574 4248 τοὺς
1615 4183 1752 4237 Ῥω·
1843 4198 1849 4235 t

1742 4211 1752 4226 -
1843 4179 1976 4235 stris
2029 4179 2365 4246 advexerat,
2425 4182 2482 4235 in
2524 4180 2726 4236 ﬂumen
2781 4180 3043 4237 immissis
3099 4190 3264 4252 atque
3316 4183 3405 4237 iu-

189 4281 390 4352 μαίους
419 4280 663 4350 γέφυράν
701 4279 763 4333 τί
804 4295 927 4333 τινα
972 4279 1032 4344 ἐξ
1069 4279 1373 4350 αὐτομάτου
1415 4278 1747 4349 πηξάμενος,
1846 4283 1852 4323 1

1740 4317 1747 4338 ,
1846 4280 1928 4327 ter
1981 4285 2040 4326 se
2102 4271 2329 4341 junctis,
2384 4271 2574 4328 insciis
2625 4271 2886 4329 Romanis
2933 4281 3151 4344 pontem
3192 4275 3403 4341 stravit,

183 4374 288 4428 καὶ
319 4372 465 4426 ἅπαν
496 4372 558 4425 τὸ
601 4370 802 4442 πλῆθος
839 4372 898 4435 ἐς
946 4370 1008 4424 τὸ
1059 4371 1358 4443 ἀντιπέραν
1399 4368 1749 4434 διαϐιϐάσαςο

1744 4389 1749 4403 ι
1846 4372 1902 4420 et
1976 4363 2277 4419 exercitum
2345 4364 2662 4420 universum
2720 4367 2774 4420 in
2855 4368 3158 4437 oppositam
3235 4369 3407 4438 ripam

180 4463 444 4518 ἐϐούλετο
469 4463 578 4533 γὰρ
603 4465 658 4526 ἐς
694 4464 766 4518 τὰ
797 4463 934 4534 πρὸς
979 4463 1128 4516 νότον
1164 4463 1363 4534 ἄνεμον
1392 4462 1684 4533 ἀφικέσθαι
1705 4462 1751 4495 ³³

1742 4466 1751 4495 ι
1847 4455 2168 4511 transmisit.
2209 4455 2474 4526 Cupiebat
2519 4457 2662 4511 enim
2691 4456 2747 4511 in
2795 4471 2916 4514 eam
2967 4458 3151 4529 oppidi
3175 4467 3405 4528 partem,

180 4554 287 4610 τοῦ
318 4554 527 4620 ἄστεος,
557 4553 677 4610 ὅθεν
696 4554 761 4625 δὴ
791 4553 941 4625 αὑτῷ
970 4553 1218 4625 οὐδαμῶς
1243 4553 1444 4625 ἦμελλε
1459 4553 1533 4607 τὰ
1563 4553 1753 4625 ῥεῖθρα

1746 4571 1753 4607 ι
1848 4560 1970 4616 quae
2016 4555 2265 4601 austrum
2297 4553 2522 4616 spectat,
2553 4547 2875 4616 pervenire;
2906 4562 2936 4602 e
2961 4563 3066 4617 qua
3095 4557 3244 4618 parte
3269 4549 3409 4605 Pha-

177 4645 286 4701 τοῦ
322 4645 564 4718 ποταμοῦ
616 4645 842 4717 κώλυμα
876 4644 1091 4700 ἔσεσθαι
1139 4643 1218 4717 τῷ
1263 4644 1539 4716 περιϐόλῳ
1585 4644 1752 4701 πελά-

177 4740 376 4804 ζοντι·
405 4738 509 4792 ὑπὸ
536 4737 645 4810 γὰρ
675 4737 738 4791 τὸ
779 4736 1026 4810 ἀρκτῷον
1057 4738 1326 4809 καταρρεῖ
1367 4735 1463 4790 καὶ
1489 4735 1750 4807 παρατεί-

176 4847 342 4887 νεται
368 4830 548 4903 μέρος.
580 4831 691 4884 Καὶ
727 4830 757 4882 6
786 4829 886 4900 μὲν
912 4829 1054 4900 ἀμφὶ
1078 4829 1142 4884 τδ
1171 4826 1491 4900 περίορθρον
1517 4827 1655 4899 ἄρας
1683 4827 1749 4882 ἐκ

175 4923 294 4994 τῆς
334 4922 521 4993 ὄχθης,
559 4922 735 4992 εἴχετο
763 4920 865 4990 τῆς
908 4919 1154 4990 πορείας,
1183 4921 1280 4973 καὶ
1318 4917 1417 4990 τὴν
1457 4917 1640 4987 Νῆσον
1672 4917 1748 4982 ὡς

178 5015 466 5080 ἀπωτάτω
511 5013 1014 5084 παραμειψάμενος,
1042 5010 1148 5065 ἀνὰ
1190 5010 1258 5065 τά
1295 5010 1480 5082 πρόσω
1517 5008 1744 5081 ἐχώρεν

181 5108 351 5180 μόλις
387 5106 444 5160 δὲ
488 5105 617 5178 περὶ
656 5104 966 5178 πλήθουσαν
1011 5102 1216 5174 ἀγορὰν
1266 5102 1318 5155 οῖ
1363 5100 1620 5172 Ῥωμαῖοι
1648 5101 1749 5173 τὴν

173 5199 443 5256 διάϐασιν
486 5196 807 5266 ἐγνωκότες,
852 5193 1285 5265 διεταράχθησάν
1313 5209 1373 5246 τε
1413 5192 1509 5246 καὶ
1545 5192 1590 5224 ⁸³
1621 5193 1749 5264 περὶ

177 5289 448 5344 πλείστου
503 5286 780 5342 ἐποιοῦντο
826 5283 1155 5355 προτερῆσαι
1193 5282 1298 5338 ἀνὰ
1331 5282 1393 5336 τὸ
1443 5281 1578 5336 ἄστυ
1626 5281 1750 5345 τοὺς

176 5383 506 5454 πολεμίους.
537 5379 820 5453 Τοιγάρτοι
848 5377 944 5442 τάς
972 5394 1030 5430 τε
1060 5377 1300 5447 τριήρεις
1327 5374 1420 5428 καὶ
1458 5373 1572 5428 ὅσοι
1597 5390 1751 5445 τρια-

1850 4636 1984 4693 sidis
2042 4635 2245 4693 ﬂuenta
2306 4652 2650 4709 nequaquam
2698 4639 2804 4694 sibi
2861 4641 3249 4710 impedimento
3292 4641 3410 4699 fore

1851 4728 2171 4784 videbantur
2230 4742 2389 4784 muro
2449 4730 2936 4800 appropinquanti;
2965 4746 3090 4785 nam
3127 4733 3174 4787 is
3220 4731 3274 4787 in
3307 4732 3409 4788 bo-

1851 4818 2048 4875 realem
2066 4819 2337 4876 delabitur
2357 4827 2413 4875 et
2434 4821 2772 4890 protenditur
2797 4831 3023 4892 partem.
3053 4820 3410 4894 Naclioragan

1849 4911 2032 4982 itaque
2061 4911 2163 4967 sub
2193 4913 2430 4982 primum
2462 4912 2764 4968 diluculum
2811 4928 3038 4970 movens
3071 4931 3101 4970 e
3150 4915 3262 4984 ripa
3308 4916 3411 4970 iter

1849 5018 2009 5058 suum
2066 5005 2423 5071 continuavit,
2451 5005 2773 5076 [insulaque
2821 5021 2983 5076 quam
3047 5009 3412 5065 remotissima

1849 5091 2122 5163 praeterita
2143 5092 2208 5148 ad
2238 5093 2494 5150 ulteriora
2514 5096 2800 5165 processit.
2852 5096 3081 5152 Romani
3128 5114 3258 5153 vero
3285 5115 3408 5155 cum

1851 5185 1939 5239 vix
1968 5185 2185 5240 tandem
2217 5186 2347 5239 liora
2378 5185 2486 5242 diei
2513 5195 2668 5241 sexta
2695 5187 2852 5257 pleno
2885 5187 2996 5258 jam
3039 5188 3158 5243 foro
3205 5204 3410 5261 cogno-

1852 5278 2060 5333 vissent
2089 5278 2280 5334 Persas
2307 5278 2505 5335 (lumen
2559 5280 2865 5351 trajecisse,
2910 5281 3254 5337 vehementer
3291 5298 3412 5352 per-

1853 5370 2056 5427 turbati
2093 5379 2268 5438 erant,
2314 5387 2636 5442 sumasque
2687 5373 2738 5426 vi
2790 5371 3177 5428 adnitebantur
3227 5373 3412 5428 hostes

1463 5514 1700 5572 VARUS
1728 5515 2137 5573 LECTIONES.

738 5663 784 5693 ⁷⁸
808 5661 990 5715 ἐνθάδε
1017 5660 1081 5715 R.

748 5732 793 5764 ⁷⁸
824 5731 920 5785 καὶ
974 5740 1101 5787 ante
1125 5732 1191 5801 τῇ

258 5665 312 5696 ⁷³
333 5665 398 5717 τὰ
440 5678 548 5717 om.
584 5661 648 5716 Β.

179 5733 472 5789 ἐπινεύσοι
502 5733 644 5801 vulg.
748 5732 793 5764 ⁷⁸
824 5731 920 5785 καὶ
974 5740 1101 5787 ante
1125 5732 1191 5801 τῇ
1223 5728 1336 5785 om.
1368 5728 1435 5784 Β.

1179 5661 1225 5692 ⁷⁸
1246 5660 1398 5731 ἔχων
1421 5659 1603 5730 περιϐ.
1630 5659 1696 5731 Β.
1787 5659 1836 5731 ⁷⁸
1863 5658 2200 5731 ἐπεδείκνυεν
2250 5659 2340 5731 Β..
2375 5657 2717 5731 ἐπεδείκνυτο
2746 5659 2917 5731 νοις.Δ
2967 5658 3009 5689 ⁷⁷
3045 5654 3300 5725 ἐπινεύσῃ
3335 5650 3404 5719 Β,

1538 5731 1585 5762 ⁷⁸
1613 5730 1703 5785 τὸν
1725 5729 1890 5800 «rem
1913 5729 1979 5793 Β,
2001 5730 2099 5800 τὴν
2127 5731 2189 5783 Φ.
2213 5730 2363 5800 vulg.

2452 5730 2498 5761 ⁸⁸
2521 5728 2761 5798 εὐόμαλα
2796 5727 2866 5792 Β,
2903 5727 3406 5798 intpr._ea:tequatos

176 5814 240 5858 et
265 5795 622 5881 patentiora,—
653 5800 915 5881 εὐέμϐολα
937 5803 1079 5870 vulg.
1123 5795 1352 5881 secutus
1389 5815 1529 5881 sum,
1562 5799 1878 5881 constantia:
1908 5795 2093 5881 causa,
2120 5795 2515 5881 auctoritatem
2555 5795 2788 5881 codicis,
2831 5799 2891 5881 in
2934 5795 3238 5881 prioribus‘
3259 5804 3406 5881 certe

179 5863 357 5931 lib'ris
384 5863 730 5945 Lugdunensi
748 5863 913 5945 longe
937 5863 1348 5944 praistantioris.
1422 5863 1664 5927 “stadiis
1685 5880 1890 5926 centum
1920 5863 2088 5940 intpr.
2113 5870 2294 5940 (πέντε
2324 5871 2480 5939 παρ.)
2554 5869 2600 5904 ⁸³
2627 5868 2834 5924 ίκέσθαι
2854 5867 2917 5925 Β.
2936 5863 2953 5868 “
2993 5867 3040 5901 ³³
3070 5883 3134 5932 γε
3154 5868 3249 5920 καὶ
3266 5863 3333 5921 R.
