4212 6438
199 401 306 470 145Ἱ

1299 407 1830 469 HISTORIARUM
1863 409 2086 468 LIBER
2125 409 2236 469 III.

3260 405 3393 471 1458

195 516 360 587 ἐπῆρτο
397 513 729 580 ἁλάζονείας,
767 515 841 579 ὡς
879 516 976 571 καὶ
1025 518 1136 580 τοῖς
1165 516 1481 588 ἐργοπόνοις
1524 517 1571 549 δ’
1623 515 1758 576 καὶε

1830 525 2094 586 perpetua:
2129 515 2413 586 agitationi
2464 513 2917 584 fluctuationiqnc
2960 513 3068 569 sint
3128 514 3390 572 obnoxiae.

195 607 475 680 ὑπηρέταις,
528 610 579 663 οἳ
627 609 693 681 δὴ
717 611 821 664 ἀνὰ
865 611 965 681 τὴν
1011 610 1143 680 ὓλην
1195 609 1617 681 σκεδάννύμενοι
1649 610 1719 662 τὰ

192 697 346 769 δένδρα
393 700 745 772 κατέτεμνον,
776 703 940 772 τυχὸν
970 701 1070 771 μὲν
1095 701 1310 768 ξυλείας
1342 701 1719 772 ἐνεκα,.τυχὸν

192 788 241 841 δὲ
267 789 395 842 xui“
422 790 723 860 ἐπισκευῆς
751 791 861 844 τῶν
907 790 1220 862 πολεμικῶν
1263 792 1674 862 μηχανημάτων
1702 810 1717 822 ·

191 879 368 942 τούτοις
412 880 477 952 δὴ
530 875 624 934 οὖν
671 883 874 936 ἅπασιν
927 881 1199 948 ἐκέλευεν,
1243 881 1461 937 ἐπειδὰν
1517 881 1722 936 καπνὸν

191 970 389 1041 ἀρθέντα
431 971 706 1026 θεάσοιντο
721 973 787 1040 δ’,
839 974 965 1038 τοὺς
1009 974 1066 1028 δέ
1117 975 1448 1044 γιγνώσκειν
1491 975 1568 1039 ώς
1609 973 1722 1045 πῦρ

189 1065 274 1134 ἠδη
299 1062 364 1133 τῷ
393 1062 502 1116 τῶν
543 1064 828 1136 Ῥωμαίων
875 1066 1146 1136 περιὸόλῳ
1180 1066 1268 1136 εἴη
1293 1066 1722 1136 ἐμϐεϐλημένον,

189 1157 272 1209 καὶ
298 1156 526 1226 μεθεῖναι
551 1157 650 1227 μὲν
670 1157 740 1211 τὰ
768 1159 826 1211 ἐν
855 1160 1046 1229 χερσὶν
1075 1159 1234 1229 ἔργα,
1259 1159 1552 1230 δρομαίους
1571 1157 1629 1210 δὲ
1648 1158 1724 1222 ώς

188 1247 329 1299 αὑτὸν
353 1247 394 1280 ⁸³
413 1247 591 1318 ἥκειν,
618 1249 714 1301 καὶ
741 1249 1154 1303 συνεπιὸάλλειν
1193 1249 1292 1321 τὴν
1325 1249 1516 1319 φλόγα,
1546 1251 1621 1315 ὡς
1657 1251 1724 1306 ἂν

191 1337 362 1410 ῥαδίως
388 1339 600 1392 ἅπαντα
625 1340 1018 1411 πυρποληθείη.
1057 1341 1164 1393 Καὶ
1190 1342 1219 1394 ό
1261 1341 1358 1410 μὲν
1393 1341 1615 1394 τοιαῦτα
1640 1342 1724 1412 ἐφ’

187 1429 343 1500 ἑαυτῷ
370 1429 776 1500 βρενθυόμενος,
811 1432 986 1502 εἴχετο
1021 1433 1120 1502 τῆς
1175 1433 1387 1503 ἐφόδου.
1444 1434 1726 1488 Ἰουστῖνον

183 1520 237 1574 δὲ
261 1521 338 1573 τὸν
376 1520 657 1591 Γερμανοῦ
689 1522 770 1585 (ού
819 1521 927 1593 γάρ
957 1520 1094 1591 ῷετο
1139 1523 1198 1575 ἐν
1223 1521 1302 1592 τῷ
1324 1523 1444 1576 τότε
1474 1521 1567 1576 τὸν
1612 1523 1728 1577 Να-

186 1611 401 1682 χοραγὰν
473 1611 828 1683 παρέσεσθαι)
886 1612 1066 1667 ἔννοιά
1117 1631 1200 1678 τις
1259 1614 1464 1678 θεόθεν,
1548 1615 1725 1685 οἶμαι,

185 1703 380 1772 εἰσῆλθε
431 1705 566 1775 πρός
607 1722 730 1758 τινα
783 1703 921 1759 νεὼν
947 1704 992 1736 ⁸⁵
1035 1703 1144 1758 τῶν
1196 1705 1347 1776 παρὰ
1385 1706 1730 1776 Χριστιανοτς

186 1794 527 1864 σεμνοτάτων,
549 1794 610 1847 οὐ
639 1794 829 1865 πόρρω
852 1794 951 1864 τῆς
970 1795 1178 1859 πόλεως
1218 1796 1596 1865 ἀφεστηκότα,
1626 1814 1732 1850 πα-

1820 607 1918 662 Hic
1957 623 2084 662 vero
2114 623 2181 662 eo
2201 609 2470 677 superbiae
2497 607 2813 669 devenerat,
2853 616 2912 660 ut
2932 607 3095 661 etiam
3127 608 3395 678 operariis

1818 711 1872 756 et
1897 700 2180 768 ministris,
2203 701 2297 771 qui
2328 715 2424 770 per
2443 701 2634 756 silvam
2687 697 2916 768 dispersi
2953 699 3175 755 arbores
3199 701 3397 770 praeci-

1819 795 2041 859 dehanl,
2095 795 2210 850 sive
2285 794 2527 865 lignandi
2610 808 2799 856 causa,
2859 792 2974 846 sive
3046 793 3398 850 conficiendis

1820 887 2089 940 machinis
2128 887 2370 950 bellicis,
2406 887 2514 951 his,
2552 887 2794 954 inquam,
2830 883 3085 939 onmibus
3128 885 3400 941 mandarit

1822 989 1899 1044 ut,
1927 995 2048 1033 cum
2073 979 2280 1034 fumum
2325 977 2486 1051 194
2523 979 2574 1032 in
2600 978 2766 1032 altum
2795 977 3067 1031 sublatum
3091 989 3397 1042 cernerent,

1822 1071 2022 1125 scirent
2058 1071 2234 1140 ignem
2265 1072 2377 1142 jam
2413 1071 2783 1124 Romanorum
2810 1069 2988 1139 ligneo
3015 1069 3400 1139 septoimmis-

1823 1178 1969 1228 sum,
2008 1177 2300 1234 opereque,
2323 1164 2468 1233 quod
2492 1163 2546 1216 in
2570 1162 2823 1216 manibus
2847 1175 2985 1226 erat,
3013 1161 3241 1224 omisso,
3272 1175 3401 1216 cur-

1824 1254 1926 1308 sim
1976 1255 2042 1309 ad
2082 1271 2140 1310 se
2168 1256 2436 1322 venirent,
2465 1255 2741 1325 simulque
2796 1253 2974 1323 ignem
3025 1253 3402 1315 immitterent,

1827 1357 1885 1402 ut
1922 1362 1988 1401 eo
2031 1349 2245 1403 facilius
2280 1350 2464 1402 omnia
2489 1346 2745 1402 incendio
2770 1346 3184 1415 conﬂagrarent.
3227 1346 3405 1414 Atque

1826 1437 1916 1492 hic
1964 1439 2182 1508 quidem
2229 1440 2358 1494 talia
2408 1439 2550 1509 apud
2587 1454 2648 1493 se
2684 1438 2920 1508 jactans,
2964 1436 3146 1506 oppidi
3187 1452 3402 1489 murum

1827 1530 2090 1586 adoritur.
2117 1530 2390 1586 Iustinum
2423 1546 2548 1585 vero
2563 1529 2818 1585 Germani
2843 1529 3010 1584 lilium
3041 1530 3239 1600 (neque
3261 1527 3404 1580 enirn

1827 1624 2178 1678 existimabat
2230 1622 2669 1693 Naclmraganem
2716 1631 2831 1676 tum
2903 1620 3163 1691 temporis
3215 1619 3405 1674 urbem

1831 1715 2166 1785 invasurum)
2224 1717 2478 1786 cogitatio
2551 1714 2796 1784 quietiam
2833 1713 3143 1779 divinitus,
3221 1713 3404 1771 credo.

1832 1809 2022 1874 subiit,
2044 1810 2110 1865 ad
2136 1809 2548 1865 sanctissimum
2570 1807 2842 1879 quoddam
2875 1807 3131 1876 templum
3154 1806 3408 1875 quodque

185 1885 490 1956 ραγενέσθαι
524 1885 600 1950 ώς
619 1887 871 1956 τάχιστα.
904 1888 997 1941 καὶ
1025 1887 1357 1943 ἐπιθειάσαι.
1403 1889 1513 1942 Καὶ
1551 1888 1733 1942 τοίνυν

1831 1900 2160 1959 Christianis
2184 1904 2423 1958 maximo
2452 1904 2505 1956 in
2525 1903 2732 1956 honore
2763 1907 2899 1967 erat,
2923 1914 3098 1967 neque
3119 1897 3308 1968 procul
3339 1899 3409 1951 ab

183 1978 564 2047 ἀπολεξάμενος
590 1981 655 2032 ἐκ
684 1980 782 2050 τῆς
827 1980 1106 2048 Μαρτίνου
1135 1980 1230 2033 καὶ
1275 1980 1378 2050 τῆς
1402 1981 1610 2045 οἰκείας
1641 1981 1734 2034 δυ-

182 2071 379 2140 νάμεως
403 2072 431 2123 ὅ
458 2088 510 2124 τι
542 2073 808 2143 καρτερόν
863 2089 923 2126 τε
970 2073 1064 2125 καὶ
1095 2071 1478 2143 μαχιμώτατον
1525 2073 1595 2135 ⁸⁸,
1638 2073 1734 2128 καὶ

182 2163 428 2228 πεντάκις
448 2162 649 2234 χιλίους
682 2165 916 2227 ἱππότας
953 2165 1202 2236 ἀγείρας,
1241 2164 1488 2228 ἅπαντάς
1507 2181 1568 2218 τε
1583 2166 1628 2197 ⁵⁸
1657 2166 1734 2228 ὡς

181 2253 236 2314 ἐς
266 2253 491 2324 πόλεμον
514 2255 712 2324 ἄριστα
747 2253 1054 2319 ἐξοπλίσας,
1085 2257 1114 2306 ὁ
1141 2255 1196 2308 δὲ
1228 2255 1323 2322 ξὺν
1338 2255 1566 2320 ἐκείνοις
1598 2256 1734 2329 ἀπήο

179 2341 352 2405 λαυνε,
381 2345 487 2397 τῶν
513 2362 572 2399 τε
602 2346 844 2416 σημείων
895 2347 944 2399 οί
998 2347 1279 2417 ἑπομένων
1316 2349 1409 2402 καὶ
1444 2350 1543 2420 τῆς
1569 2349 1734 2420 ἄλλης

180 2437 540 2508 στρατηγικῆς
579 2439 894 2509 εὐκοσμίας.
948 2438 1106 2494 Οὕτω
1146 2439 1202 2494 δέ
1250 2441 1579 2512 ξυνενεχθέν,
1611 2444 1733 2498 οὔτε

175 2529 225 2579 oi
253 2527 442 2597 Πέρσαι
491 2533 733 2586 κατεῖδον
767 2535 987 2598 τούτους
1034 2538 1449 2607 πορευομένους,
1476 2538 1737 2608 οὐμενοῦν

176 2619 294 2672 ούδέ
313 2621 359 2673 oi
385 2623 528 2692 ἀμφὶ
561 2625 840 2679 ἰουστίνον
862 2627 1103 2692 ἐκείνους
1137 2629 1552 2698 ἐπιφοιτῶντας.
1599 2631 1736 2683 Ἀλλ’

176 2712 435 2783 ἑτέρωθεν
505 2716 615 2786 γὰρ
678 2718 993 2790 ἀφιγμένοι,
1060 2721 1255 2792 ἀθρόον
1321 2721 1399 2793 τῷ
1469 2721 1738 2794 περιϐόλῳ

177 2805 540 2875 προσέϐαλλον
612 2809 681 2872 ⁸⁷,
759 2811 967 2864 πλείονί
1016 2829 1076 2864 τε
1134 2813 1168 2883 ἢ
1225 2813 1491 2885 πρότερον
1559 2814 1741 2887 τοξείᾳ

174 2897 433 2968 ἐχρῶντο,
465 2899 540 2964 ὡς
585 2901 727 2956 οὕτω
778 2903 840 2975 δὴ
867 2903 962 2958 καὶ
997 2904 1197 2974 μᾶλλον
1251 2907 1377 2967 τοὺς
1436 2907 1741 2976 Ῥωμαίους

174 2989 534 3062 ἐκπλήξοντες
585 2995 652 3056 ⁵⁸,
709 2994 804 3049 καὶ
853 2995 1083 3067 τάχιστα
1141 2997 1240 3069 τὴν
1297 2998 1452 3052 πόλιν
1501 3000 1741 3070 ἁρπασό-

175 3100 348 3152 μενοι.

1833 1996 1968 2051 urbe
1997 1996 2250 2056 distabat,
2277 2012 2440 2066 quam
2461 1994 2723 2050 citissime
2752 1995 2851 2058 ire,
2883 1993 3086 2064 Deique
3125 2007 3282 2062 opem
3309 1993 3410 2046 im—

1832 2087 2068 2157 plorare.
2132 2085 2365 2140 Delectis
2397 2085 2580 2155 itaque
2621 2099 2688 2138 ex
2728 2082 2939 2138 Martini
2992 2093 3046 2138 et
3075 2083 3192 2136 suis
3235 2081 3412 2152 copiis

1833 2179 2148 2235 fortissimis
2193 2179 2502 2249 quibusque
2563 2175 3106 2246 bellicusissimisque
3150 2175 3307 2238 viris,
3357 2184 3406 2228 et

1833 2272 2076 2342 quinque
2123 2271 2364 2326 millibus
2412 2270 2680 2341 equitum,
2738 2269 3100 2339 omnibusque
3133 2267 3298 2321 veluti
3343 2266 3410 2320 ad

1835 2365 2080 2434 praelium
2117 2365 2380 2429 annalis,
2423 2379 2546 2419 cum
2572 2363 2680 2418 illis
2714 2364 3000 2432 processit,
3059 2357 3415 2430 sequentibus

1838 2458 2015 2527 ipsum
2076 2458 2248 2528 signis
2299 2458 2616 2527 reliquoque
2668 2465 2927 2525 apparatu
2959 2453 3198 2508 militari.
3267 2450 3412 2506 Casu

1839 2565 1968 2606 vero
1990 2551 2203 2616 accidit,
2233 2561 2290 2605 ut
2323 2565 2498 2620 neque
2525 2549 2704 2604 Persae
2730 2564 2826 2603 eos
2852 2548 3115 2602 abeuntes
3139 2546 3250 2600 sint
3286 2560 3416 2599 eon-

1839 2647 2052 2712 spicati,
2075 2644 2170 2700 sed
2189 2658 2364 2714 neque
2387 2643 2439 2696 hi
2469 2642 2590 2696 illos
2609 2640 2865 2711 oppidum
2888 2653 3079 2694 versus
3099 2638 3412 2701 venientes;

1840 2737 1936 2792 sed
1968 2739 2180 2792 diversa
2234 2738 2317 2790 via
2378 2735 2640 2796 adducti,
2694 2733 2980 2789 confertim
3044 2733 3306 2802 impetum
3361 2731 3415 2786 in

1841 2831 2044 2884 uttenia
2095 2828 2376 2893 fecerunt,
2439 2827 2754 2897 majoreque
2818 2826 2989 2880 multo
3035 2840 3198 2893 quam
3263 2837 3418 2878 antea

1840 2920 2170 2990 jaculatione
2189 2930 2318 2974 sunt
2347 2919 2451 2985 usi,
2484 2930 2740 2990 tanquam
2792 2917 2862 2972 ita
2893 2927 2948 2970 et
2991 2916 3208 2986 quidem
3251 2914 3426 2984 magis

1845 3012 2124 3067 Romanos
2189 3012 2566 3082 pet-territuri,
2634 3010 3004 3079 citissimcqne
3078 3009 3265 3062 urbem
3311 2996 3422 3060 ’(Ιί-

1847 3107 2073 3175 repturi.

250 3225 345 3272 κε’.
377 3220 664 3288 Τοιγάρτοι
699 3220 824 3291 βέλη
858 3220 1090 3292 ἐφέρετο
1121 3223 1238 3293 ἅμα
1273 3223 1460 3294 συχνὰ,
1499 3225 1594 3278 καὶ
1625 3221 1743 3279 εἶτα

1919 3199 2010 3256 25.
2035 3200 2186 3254 Adeo
2198 3213 2328 3253 vero
2351 3198 2534 3253 densa:
2545 3197 2707 3252 simul
2727 3194 2936 3264 sagitta.-
2954 3193 3285 3254 ferebantur,
3305 3209 3427 3246 rur-

171 3306 340 3376 ἕτερα
372 3311 465 3360 καὶ¹
487 3308 621 3362 ἄλλα
652 3311 745 3362 ἐπὶ
765 3311 972 3375 τούτοις
993 3326 1007 3340 ⁸
1053 3311 1270 3366 ἅπαντά
1323 3331 1382 3366 τε
1411 3313 1503 3367 τὸν
1543 3316 1747 3385 μεταξῦ

172 3399 320 3470 ἀέρα
381 3401 751 3454 ἐπεκάλυπτον
813 3405 880 3475 τῇ
946 3406 1217 3476 συνεχείᾳ,
1265 3404 1454 3476 ὥσπερ
1500 3407 1749 3478 ἀλλήλοις

174 3487 593 3558 ξυμπεφυκότα.
675 3492 907 3546 Εἴκασεν
955 3495 1021 3548 ἄν
1077 3512 1161 3557 τις
1197 3495 1258 3548 τὸ
1315 3497 1504 3568 χρῆμα
1551 3497 1751 3568 νιφετῷ

175 3581 426 3649 μεγάλῳ,
447 3582 479 3653 ἢ
502 3583 713 3657 χαλάζῃ
740 3587 904 3656 πολλῇ
939 3585 1032 3649 ξὺν
1058 3585 1217 3658 βιαίῳ
1252 3589 1527 3658 πνεύματι
1549 3593 1752 3662 καταρ-

171 3671 437 3744 ραγείση.
497 3674 678 3727 ’Δλλοι
706 3674 762 3727 δὲ
803 3674 900 3739 τάς
952 3693 1011 3729 τε
1063 3677 1310 3748 μηχανὰς
1381 3679 1613 3744 ἐκίνουν,
1659 3683 1752 3735 καὶ

171 3763 314 3834 βέλη
357 3767 612 3837 πυρφόρα
673 3767 973 3836 ἠκόντιζον,
1028 3769 1086 3834 ἐς
1129 3787 1188 3823 τε
1217 3773 1342 3835 τοὺς
1387 3772 1754 3840 καλουμένους

170 3855 498 3920 οπαλίωνας
539 3858 968 3929 ύπεισδυόμενοι,
1030 3860 1285 3914 πελέκεσι
1323 3863 1462 3915 κατὰ
1490 3862 1585 3916 τοῦ
1642 3863 1753 3917 τεί-

165 3961 314 4019 χους
347 3947 697 4017 ἐπεφέροντο,
743 3949 818 4014 ώς
851 3947 1060 4016 ξύλινόν
1089 3969 1149 4004 τε
1181 3952 1262 4016 ὃν,
1310 3955 1410 4007 καὶ.¹
1435 3955 1608 4027 ταύτῃ
1658 3959 1756 4028 ρᾳ-

162 4037 314 4101 δίως
365 4036 806 4109 διατεμνόμενον.
864 4042 926 4094 υἱ
978 4041 1035 4094 δὲ
1077 4042 1139 4094 τὸ
1174 4041 1403 4096 δάπεδον
1454 4045 1756 4115 διορύττειν

162 4126 505 4197 ἐπειρῶντο,
564 4131 658 4182 καὶ
706 4132 803 4200 τῆς
859 4129 1079 4202 πρώτης
1141 4132 1350 4201 βάσεως
1393 4134 1754 4200 ἐφικνεῖσθαι,

159 4219 332 4273 οὕτω
363 4237 425 4273 τε
451 4220 777 4292 ἀνατρέπειν
811 4222 904 4274 καὶ
937 4221 1359 4295 διασπαράττειν
1387 4224 1447 4277 τὸ
1469 4225 1760 4294 ξυμπεπηο

158 4311 279 4381 γδς
304 4312 403 4365 καὶ
433 4313 854 4383 ἐνηρμοσμένον.
873 4313 1032 4367 Ἀλλὰ
1060 4314 1170 4387 γὰρ
1200 4315 1293 4369 καὶ
1319 4318 1368 4370 οἱ
1403 4317 1685 4386 Ῥωμαῖοι,
1702 4318 1760 4382 ἐς

157 4421 238 4458 τε
291 4406 424 4468 τοὺς
480 4405 720 4476 πύργους
756 4407 851 4460 καὶ
891 4406 990 4470 τὰς
1041 4407 1294 4475 ἐπάλξεις
1331 4409 1588 4473 ἑστῶτες,
1634 4413 1762 4465 άντ-

158 4497 333 4566 εῖχον
362 4494 459 4559 ξὺν
510 4495 785 4567 προθυμίᾳ
828 4499 922 4551 καὶ
971 4499 1317 4569 ἀπεμάχοντο
1358 4500 1424 4564 δ’,
1462 4501 1650 4574 ὥσπερ
1692 4505 1758 4574 τῇ

162 4587 363 4658 πείρᾳ.
415 4585 688 4641 δεικνύναι
732 4588 1044 4659 βουλόμενοι
1085 4591 1146 4644 τὸ
1197 4591 1272 4662 μὴ
1324 4593 1520 4662 χρῆναι
1572 4595 1759 4659 αὐτοῖς

154 4680 388 4751 ἑτέραν
412 4679 641 4749 δύναμιν
677 4682 1094 4752 προσγενέσθαι.
1142 4684 1218 4736 Ἤ
1245 4701 1303 4737 τε
1342 4685 1434 4737 τοῦ
1484 4685 1759 4756 Μαρτίνου

151 4773 382 4842 ἀπάτη
430 4773 489 4823 ἐν
518 4771 665 4843 αύτῷ
694 4772 757 4843 δὴ
775 4771 853 4842 τῷ
876 4773 1022 4843 ἔργῳ
1047 4775 1294 4844 διεφάνη,
1319 4775 1395 4838 ὡς
1426 4775 1472 4808 ⁵⁸
1493 4778 1762 4848 χρήσιμός

149 4882 232 4920 τε
291 4860 372 4936 ἦν
430 4863 513 4936 [Ρ.
559 4864 686 4936 102]
740 4863 833 4918 καὶ
883 4866 1229 4936 ἐνεργοτάτη.
1267 4867 1536 4930 Ἅπαντες
1557 4868 1600 4898 ⁸⁸
1652 4868 1760 4939 γὰρ

150 4957 435 5026 ἀφειδῶς
466 4956 826 5024 διεπονοῦντο,
870 4957 1059 5011 οὐδένα
1090 4959 1274 5011 ὅντινα
1299 4959 1499 5030 τρόπον
1517 4960 1762 5031 ἀμυντή-

150 5067 306 5124 ριον
348 5050 647 5120 μεθιέντες.
685 5049 900 5121 Δόρατα
940 5048 1049 5121 γὰρ
1075 5050 1248 5104 πολλὰ
1264 5050 1310 5083 ⁸⁸
1345 5053 1410 5104 ἐκ
1434 5050 1526 5104 τοῦ
1559 5053 1764 5122 μετεώ-

1849 3307 2051 3364 susque
2073 3295 2191 3348 alia:
2205 3291 2361 3363 195
2375 3301 2536 3362 atque
2551 3291 2671 3345 alia:
2685 3289 3013 3359 super-alias,
3037 3294 3097 3340 ut
3113 3287 3425 3341 universum

1849 3391 2228 3446 intermedium
2262 3406 2441 3445 aerem
2468 3405 2565 3446 sua
2606 3388 2874 3442 densitate
2919 3387 3234 3455 obtegerent
3261 3381 3427 3436 veluti

1850 3484 1992 3538 inter
2029 3499 2088 3540 se
2138 3492 2546 3553 coagmentata.
2593 3479 2980 3549 Comparasset
3015 3478 3286 3548 quispiam
3311 3491 3428 3529 rem

1851 3578 2102 3649 ninguori
2157 3575 2359 3647 ingenti
2387 3585 2481 3630 aut
2507 3573 2754 3643 grandini
2783 3573 3084 3628 vehementi
3151 3585 3276 3625 cum
3314 3568 3430 3620 vio-

1852 3672 2156 3728 lentissimo
2189 3683 2351 3726 vento
2382 3671 2596 3736 ruenti;
2642 3669 2731 3723 alii
2766 3684 2893 3722 vero
2924 3666 3201 3720 machinas
3240 3663 3430 3717 admo-

1855 3767 2070 3829 vebant,
2098 3773 2153 3818 et
2208 3765 2312 3819 tela
2382 3763 2549 3831 ignita
2600 3762 2911 3831 jaciebant;
2983 3759 3072 3814 alii
3130 3757 3430 3812 testudines

1855 3859 2162 3929 (machinas
2191 3857 2263 3912 ita
2295 3857 2487 3919 dictas)
2529 3856 2845 3918 subeuntes,
2873 3867 3093 3908 secures
3135 3864 3292 3904 muro
3329 3848 3430 3901 im-

1856 3951 2165 4023 pingebant,
2227 3951 2426 4021 quippe
2489 3951 2580 4019 qui
2609 3949 2820 4017 ligneus
2859 3940 3430 4013 erat,ideoque.facile

1857 4045 2089 4100 discindi
2144 4053 2385 4114 poterat;
2443 4043 2536 4096 alii
2600 4041 2965 4110 pavimentum
3015 4037 3116 4091 soli
3164 4034 3433 4091 suffodere

1859 4136 2218 4198 conabantur,
2242 4143 2296 4188 et
2329 4135 2395 4189 ad
2433 4133 2662 4202 primam
2693 4131 2866 4185 basim
2908 4128 3210 4196 pervenire,
3271 4135 3433 4193 atque

1860 4230 1933 4284 ita
1962 4228 2105 4299 quod
2133 4236 2475 4296 compactum
2519 4233 2574 4278 et
2605 4230 3044 4294 coagmentatum
3071 4228 3182 4275 erat
3208 4215 3434 4273 convel-

1861 4321 1974 4376 lere
2001 4329 2165 4390 atque
2198 4320 2536 4374 subvertere.
2597 4313 2827 4370 Romani
2858 4326 3050 4368 contra
3084 4311 3139 4365 in
3166 4311 3348 4380 pinnis
3381 4318 3436 4363 et

1864 4411 2284 4485 propugnaculis
2300 4424 2580 4466 murorum
2602 4417 2826 4467 stantes.
2860 4405 3060 4459 acriter
3084 4404 3436 4471 animoseque

1865 4508 2180 4562 resistentes
2213 4503 2543 4574 pugnabant.
2582 4501 2744 4555 veluti
2778 4515 2834 4553 re
2888 4499 3002 4568 ipsa
3026 4495 3313 4551 ostendere
3338 4508 3435 4546 vo-

1867 4596 2059 4657 lentes,
2091 4607 2436 4664 nequaquam
2463 4607 2598 4659 opus
2626 4605 2768 4653 esse,
2824 4597 2883 4641 ut
2925 4587 3058 4656 ipsis
3087 4600 3241 4639 novat
3268 4583 3438 4652 copia:

1868 4685 2110 4744 subsidio
2142 4685 2408 4739 venirent.
2469 4682 2733 4752 Apparuit
2761 4695 2888 4734 vero
2917 4678 3202 4733 manifeste
3233 4677 3285 4730 in
3319 4677 3437 4745 ipso

1868 4793 2050 4848 opere,
2090 4791 2255 4844 quam
2285 4775 2432 4828 utilis
2454 4772 2755 4842 efﬁcaxque
2787 4769 2998 4824 Martini
3032 4768 3192 4823 dolus
3227 4768 3434 4820 luisset.

1869 4868 2028 4926 Omni
2103 4867 2249 4922 enim
2316 4884 2382 4922 ex
2439 4875 2592 4936 parte
2633 4868 2967 4919 incessanter
3043 4860 3438 4922 allaborabant,

1873 4961 2118 5028 nihilque
2146 4961 2324 5029 plane,
2361 4958 2504 5028 quod
2527 4959 2592 5012 ad
2625 4955 3049 5026 propulsandum
3087 4954 3297 5008 bouem
3323 4966 3442 5020 per-

1872 5054 2085 5117 tineret,
2112 5052 2447 5108 omittebant.
2511 5048 2645 5104 Nam
2700 5059 2755 5104 et
2806 5049 2975 5104 hastae
3003 5046 3186 5101 multa}
3230 5044 3445 5113 telaque

1495 5255 1729 5311 VARhE
1754 5254 2154 5312 LECTIONES.

247 5434 308 5505 δξ
345 5433 656 5505 ἐργοποίοις
687 5431 754 5488 R.
860 5435 900 5467 ⁵⁸
932 5434 1027 5487 καὶ
1055 5449 1165 5488 om.
1205 5433 1269 5486 li.
1321 5502 1328 5505 _
1368 5433 1413 5466 δ’
1436 5434 1720 5488 θεάσαιντο
1749 5433 1814 5487 ιι.
1870 5433 1945 5496 ὣς
2006 5449 2113 5504 περ
2137 5431 2325 5505 R,sed
2361 5431 2414 5485 in
2454 5445 2564 5499 mg.
2605 5428 2680 5491 ώς
2719 5427 2870 5505 πῦρ...
2961 5426 3008 5505 ⁸ξ
3034 5426 3112 5505 ὡς
3137 5424 3334 5505 ριύτρξς

150 5505 219 5536 ⁵⁸
274 5492 440 5559 Ρυὲί
466 5504 604 5555 νεὼν
637 5492 794 5575 iulg.
840 5514 894 5559 et
933 5506 1096 5572 intpr.
1148 5502 1420 5575 (templum
1469 5506 1861 5558 sanctissimum
1902 5492 1950 5556 et
1990 5492 2130 5572 apud
2179 5492 2540 5575 Christianos'
2560 5492 3014 5575 permagni/iouia)
3048 5495 3252 5575 addunt
3273 5492 3444 5574 ἁγιώ-

145 5591 385 5637 τατον,
422 5575 565 5642 quod
621 5562 830 5643 ιιιιιξῖὶ.
883 5562 1051 5642 intpr.
1103 5562 1361 5643 praeterea
1403 5577 1597 5643 legisse
1631 5576 1845 5629 videtur
1869 5575 1962 5626 καὶ
1990 5562 2098 5626 τῶν
2133 5574 2382 5642 suspicor
2412 5562 2593 5625 autem
2623 5562 2845 5643 alterum
2893 5562 3277 5643 διττογραφίας
3305 5562 3444 5643 scri-

147 5635 626 5715 pturam-fuisse
647 5642 785 5697 νεὼν
817 5635 1120 5706 ἁγιώτατον
1169 5643 1309 5705 τινὸς
1337 5661 1388 5699 τ.
1409 5635 1595 5713 πΪΧρ.
1629 5663 1707 5709 σ.,
1743 5644 1861 5700 scil.
1900 5645 2150 5713 templum
2190 5635 2604 5715 sanctissimam,
2647 5639 3049 5715 cuidgnrquent
3072 5635 3371 5715 Christiana"
3391 5636 3445 5684 in

146 5702 392 5785 irrisui:
448 5725 757 5785 venerantur
784 5702 1041 5785 dic-attint.
1102 5716 1189 5785 ‘7“
1220 5702 1601 5785 μαχιμώτερον
1622 5702 1704 5768 ιι.’
1787 5716 1833 5746 ⁸⁸
1862 5702 2106 5778 ἅπαντας
2131 5729 2190 5767 τε
2213 5729 2340 5785 otii.
2359 5713 2440 5785 li:
2523 5710 2566 5741 ‘7
2591 5702 2961 5785 προσέδαλλον
2992 5707 3055 5770 li,
3109 5702 3445 5785 προσέβαλον

145 5771 354 5854 ζτυιε.
436 5784 480 5816 ⁸⁸
523 5782 896 5856 ἐκπλήξαντας
941 5783 1008 5837 R.
1096 5783 1140 5856 ‘f
1161 5771 1600 5856 ἁπεμᾟῂοντοἯ,
1631 5785 1968 5856 ἐπεμάχοντο
1999 5771 2141 5855 vulg.
2242 5784 2290 5815 ”
2313 5783 2388 5837 ῶν
2412 5782 2456 5836 R
2487 5797 2584 5851 pro
2608 5771 2694 5851 ἦν.
2773 5781 2817 5811 ³ί
2861 5778 3092 5839 ἅπαντες
3125 5771 3169 5828 Ii
3202 5785 3255 5828 et
3277 5773 3441 5842 intpr.

147 5852 387 5910 armies
430 5855 795 5921 indesinenter,
817 5852 1132 5924 ἁπανταχοῦ
1167 5855 1310 5925 vulg.
1354 5852 1428 5888 ’⁷³⁸
1455 5855 1620 5908 πάλαι
1654 5856 1719 5910 ιι.
