4212 6438
814 398 947 462 1459

1995 403 2346 462 ,ιιίιΑΤιιιίΕ
2386 404 2869 464 SClIULASTllIf

3933 411 4088 475 N60

807 528 838 564 e
861 510 1080 564 sublimi
1110 510 1252 578 jacta
1280 510 1463 564 hostes
1483 507 1860 572 vulnerabant,
1890 515 2072 576 utpote
2095 508 2150 562 in
2180 509 2380 562 nudam
2409 513 2435 568 Α

2487 527 2579 578 ρου
2608 511 3001 579 ἀκοντιζόμενα
3056 514 3181 572 τοὺς
3239 511 3527 582 πολεμίους
3555 515 3920 583 ἐτίτρωσκεν,
3975 520 4080 572 at:

806 604 1086 672 nullisque
1123 602 1543 670 propugnaculis
1568 610 1764 654 tectam
1809 599 2204 654 multitudinem
2245 600 2382 655 inci-

805 696 1007 759 (lentia,
1041 709 1269 763 qua-que
1295 695 1552 747 aliorsum
1578 692 1706 746 ferri
1748 709 1853 745 non
1885 700 2176 760 poterant;
2252 707 2380 746 saxa

806 787 968 838 etiam
999 783 1310 851 plaustralia
1346 784 1397 837 in
1435 785 1737 837 testudines
1753 783 2098 851 jaciebautur
2121 821 2139 847 ,
2162 798 2380 837 onmem

809 876 1024 929 illarum
1067 885 1377 930 contextum
1409 875 1806 945 perrumpentia
1836 891 1850 937 ;
1903 874 2033 944 quin
2063 885 2114 926 et
2144 876 2383 929 minores

809 967 1015 1037 lapides
1043 967 1223 1022 fundis
1251 967 1407 1036 ejecti
1438 969 1618 1037 galeas
1648 966 1924 1020 Medorum
1960 976 2224 1034 scutaque
2256 981 2379 1036 per-

809 1057 1137 1128 fringebant,
1177 1067 1230 1111 et
1277 1058 1344 1110 ad
1389 1074 1604 1112 murum
1644 1074 1807 1127 quam
1853 1058 2096 1126 proxime
2126 1058 2383 1111 accedere

811 1163 920 1203 non
954 1149 1222 1212 sinebant,
1262 1149 1422 1220 196
1443 1151 1668 1202 multum
1706 1151 1967 1203 molestia:
1985 1165 2048 1203 ac
2079 1150 2262 1202 damni
2296 1150 2382 1203 in-

814 1240 1067 1296 ferentes.
1091 1239 1292 1295 Eorum
1319 1257 1464 1302 vero,
1486 1241 1577 1310 qui
1605 1241 1657 1295 in
1680 1243 1932 1296 corbibus
1959 1242 2194 1304 stabant,
2224 1250 2384 1311 prout

815 1334 975 1387 modo
1007 1334 1144 1398 dixi,
1193 1334 1282 1388 alii
1319 1335 1537 1404 quidem
1570 1337 1799 1406 sagittis,
1842 1344 2024 1404 utpote
2066 1350 2130 1387 ex
2165 1335 2380 1390 sublimi

814 1425 1012 1492 missis.
1062 1441 1224 1496 quam
1279 1426 1545 1495 plurimos
1601 1427 1900 1488 laedebant,
1961 1427 2052 1480 alii
2103 1428 2383 1482 macbinas

813 1517 1140 1587 peritissime
1191 1519 1516 1582 tractabant,
1553 1526 1606 1571 ιιι
1681 1519 1921 1588 pernicia
1977 1519 2226 1588 quaedam
2280 1520 2383 1574 tela

813 1624 1006 1680 magna
1031 1625 1154 1664 cum
1180 1609 1434 1664 violentia
1463 1626 1692 1665 excussa
1715 1611 2027 1680 longissime
2051 1611 2382 1677 ferebantur,

813 1702 948 1755 adeo
999 1702 1254 1756 utetiam
1313 1704 1515 1757 multos
1541 1703 1800 1758 barbaros
1845 1703 2032 1771 procul
2057 1702 2235 1757 adhuc
2260 1702 2384 1758 inde

813 1792 1158 1868 advenientes
1186 1809 1253 1848 ex
1279 1795 1570 1863 improviso
1602 1808 1708 1847 una
1763 1809 1886 1847 cum
1924 1793 2055 1863 ipsis
2080 1795 2235 1864 equis
2270 1805 2382 1848 tra-

809 1884 1042 1952 jicerent
1100 1885 1390 1956 subitoque
1465 1894 1892 1955 prosternerent.
1975 1883 2113 1940 Tum
2192 1887 2382 1956 ingens

812 1979 1082 2034 excitatus
1122 1978 1456 2038 estclamor.
1501 1987 1556 2033 et
1611 1979 1754 2034 tubae
1813 1978 2071 2049 utrinque
2134 1979 2383 2034 bellicam

813 2069 1103 2137 quamdam
1164 2071 1470 2126 cantionem
1533 2072 1648 2128 sive
1696 2072 1988 2127 classicum
2042 2073 2381 2128 aceinebant.

813 2163 992 2218 Persa:
1055 2180 1186 2219 vero
1241 2166 1511 2237 tympanis
1582 2167 2013 2236 perstrepebant,
2053 2175 2107 2220 et
2135 2167 2384 2235 ingentes

814 2258 1076 2325 ululatus,
1092 2260 1316 2315 terroris
1340 2260 1606 2314 excitandi
1625 2275 1810 2322 causa,
1828 2261 2092 2327 edebant;
2115 2275 2384 2331 equorqu

813 2352 977 2418 etiam
1009 2351 1273 2417 binnitus,
1296 2361 1575 2407 scutorum
1611 2353 1752 2408 ictus
1777 2364 1830 2407 et
1858 2353 2149 2408 loricarum
2182 2352 2384 2406 fractu-

815 2459 887 2498 τοι
905 2441 1292 2498 confusaneum
1317 2444 1606 2513 quemdam
1632 2454 1796 2514 atque
1821 2445 2110 2499 immanem
2141 2444 2382 2498 sonitum

813 2535 1136 2591 miscebant.
1197 2535 1402 2590 Interea
1429 2534 1676 2591 Justinus
1733 2552 1764 2590 e
1832 2538 2034 2606 templo
2084 2547 2382 2599 revertens,

811 2628 941 2698 quid
971 2628 1046 2684 rei
1073 2638 1344 2700 ageretur,
1391 2646 1456 2684 ex
1489 2631 1800 2686 turbulento
1832 2632 2012 2687 sonitu
2049 2631 2386 2702 strepituque

812 2736 1172 2790 cognoscens,
1193 2737 1457 2777 converso
1475 2723 1658 2776 statim
1693 2723 1934 2790 equitatu
1969 2733 2021 2778 et
2053 2724 2106 2778 in
2138 2724 2382 2780 ordinem

816 2815 1061 2878 reducto,
1117 2815 1268 2884 signa
1317 2815 1370 2868 in
1418 2815 1586 2868 altum
1639 2815 1826 2869 tollere
1873 2815 2048 2884 jubet,
2087 2829 2386 2884 omnesque

811 2904 960 2972 operi
1007 2911 1066 2957 ut
1115 2919 1177 2958 se
1223 2891 1703 2975 accingantjubet,
1740 2906 1814 2958 ita
1851 2919 2034 2959 secum
2063 2915 2381 2969 statuentes,

814 3011 923 3050 non
973 2997 1181 3065 absque
1231 2996 1396 3050 divini
1471 2998 1712 3052 numinis
1776 3007 1910 3052 nutu
1985 2997 2186 3053 factum
2238 2997 2383 3067 quod

814 3087 1014 3156 oppido
1046 3087 1369 3152 exivisseut;
1408 3087 1500 3141 sed
1537 3095 1596 3141 ut
1635 3087 1910 3158 inopinata
1954 3089 2253 3158 irruptione
2283 3090 2382 3143 ho-

814 3179 989 3233 stibus
1015 3187 1216 3234 metum
1235 3178 1536 3248 injicerent,
1559 3187 1613 3234 et
1631 3179 1700 3232 ab
1716 3179 1996 3234 obsidione
2013 3180 2382 3250 proﬂigarent.
2411 3183 2456 3243 ο

816 3268 994 3324 Simul
1041 3279 1203 3340 atque
1248 3285 1377 3324 vero
1434 3269 1710 3340 paululum
1769 3271 2036 3342 progressi
2088 3271 2282 3326 Persas
2326 3273 2379 3326 in

816 3377 1033 3416 murum
1081 3363 1340 3433 impetum
1393 3361 1652 3417 facientes
1707 3363 1864 3433 197
1896 3373 2024 3419 sunt
2061 3365 2380 3434 conspicati,

818 3464 932 3507 tum
972 3453 1159 3523 utique
1180 3452 1463 3508 confertim
1495 3454 1733 3507 clamore
1756 3453 1904 3507 edito
1933 3456 1985 3506 in
2021 3469 2141 3508 eam
2172 3464 2380 3524 partem

817 3549 1053 3613 irruunt,
1086 3565 1207 3619 quae
1248 3548 1404 3618 juxta
1445 3565 1592 3604 mare
1634 3551 1896 3604 instructa
1920 3551 2035 3604 acie
2061 3551 2257 3605 stabat.
2305 3550 2380 3603 Ex

813 3655 878 3695 ea
919 3642 1064 3696 enim
1099 3641 1262 3695 etiam
1301 3641 1400 3708 ipsi
1428 3651 1579 3710 parte
1607 3651 1899 3707 venerant;
1969 3641 2260 3710 statimque
2289 3642 2382 3696 alii

815 3731 1033 3801 quidem
1082 3733 1279 3798 contis,
1315 3733 1406 3786 alii
1439 3735 1678 3799 sarissis,
1738 3734 1830 3787 alii
1853 3735 2075 3788 ensibus
2104 3732 2378 3799 ferientes,

814 3824 1076 3894 quidquid
1130 3825 1346 3879 obvium
1394 3834 1512 3879 erat
1548 3825 1900 3890 sternebant;
1957 3825 2380 3894 violentioreque

815 3915 1017 3984 impetu
1055 3915 1108 3969 iu
1140 3915 1344 3971 densos
1378 3917 1616 3970 hostium
1649 3917 1868 3970 ordines
1896 3916 2053 3981 facto,
2105 3917 2380 3986 scutisque

817 4009 1216 4075 protrudeutes,
1261 4008 1645 4064 eondensatam
1717 4008 2127 4078 confertamque
2191 4025 2378 4062 eorum

816 4098 987 4153 aciem
1017 4099 1388 4170 perfregerunt
1421 4141 1435 4153 .

881 4229 974 4284 9.6.
1013 4229 1192 4287 Persa
1215 4247 1344 4287 vero
1374 4235 1517 4287 bunc
1549 4232 1696 4287 illum
1742 4233 2036 4288 exercituum
2082 4249 2205 4288 esse
2252 4236 2375 4298 rati,

815 4334 975 4386 quem
1025 4322 1314 4374 adventare
1359 4321 1772 4385 intellexerant,
1825 4322 2082 4391 quodque
2130 4325 2270 4377 clam
2326 4332 2379 4375 ιιι

815 4408 1004 4462 insciis
1033 4409 1121 4475 iis,
1158 4412 1250 4479 qui
1285 4411 1513 4480 sejuueti
1545 4427 1575 4465 a
1611 4412 1819 4481 reliquo
1848 4415 2086 4468 exercitu
2131 4415 2184 4468 in
2234 4414 2378 4484 ipsos

2482 599 2547 670 δὴ
2583 599 2780 669 πλήθει
2810 599 3004 670 γυμνῷ
3035 602 3323 670 ἐρυμάτων
3354 605 3784 673 προσπίπτοντα,
3817 607 3922 658 καὶ
3949 610 4079 661 οὑδὲ

2485 691 2605 743 ἐνὸν
2659 691 2886 757 ἑτέρωθι
2959 691 3220 760 φέρεσθαι
3249 709 3262 722 ο
3298 693 3434 746 λίθοι
3480 694 3536 746 δέ
3571 695 3855 764 ἁμαξιαῖοι
3922 700 4080 751 κατὰ

2484 783 2594 835 τῶν
2653 782 2976 835 σπαλιώνων
3027 785 3367 855 ἐρῤίπτοντο.
3425 785 3493 838 τά
3536 787 3826 854 πλέγματα
3891 807 4079 841 πειταο

2483 875 2728 941 γνὺντες.
2770 875 2996 938 Μείονές
3025 893 3085 928 τε
3139 876 3285 930 ἄλλοι
3345 877 3865 948 διασῳενδυνώμενοι
3917 881 3974 911 ⁸³
4005 882 4078 933 τὰ

2483 965 2659 1034 κράνη
2715 965 2824 1017 τῶν
2875 965 3074 1034 Μήδων
3131 966 3351 1028 καὶτὰς
3409 966 3637 1029 ἀσπίδας
3692 967 4072 1037 κατέθραυον,

2484 1057 2738 1120 πελάζειν
2762 1073 2822 1108 τε
2871 1057 3053 1119 αὑτοῖς
3112 1057 3158 1087 ⁸⁵
3187 1059 3245 1108 ἐν
3287 1056 3404 1128 χρῷ
3453 1057 3532 1126 τῷ
3579 1058 3745 1126 τείχει
3790 1059 3856 1110 οὑ

2484 1149 2730 1216 ἐφίεσαν,
2763 1147 3068 1218 βιαιότερον
3090 1148 3453 1216 ἐνοχλοῦντες.
3497 1149 3616 1200 Τῶν
3657 1149 3713 1202 δὲ
3756 1153 3885 1212 ταῖς
3923 1152 4074 1202 ἀκά-

2483 1255 2618 1301 τοις,
2671 1233 2814 1310 ᾖπέρ
2872 1255 2963 1308 μοι
3012 1238 3112 1308 ήδη
3161 1236 3392 1308 ἐρρήθη,
3433 1239 3838 1309 ἐφεστηκότων,
3863 1241 3916 1291 οἱ
3971 1243 4077 1309 μὲν

2482 1329 2656 1394 τόξοις
2706 1329 2976 1400 χρώμενοι
3035 1331 3318 1394 πλείστους
3385 1331 3642 1396 ἐσίνοντο,
3671 1332 3768 1384 ἆτε
3853 1333 4078 1385 ἄνωθεν

2487 1421 2790 1488 βάλλοντες,
2858 1423 2909 1474 ol
2967 1422 3023 1474 δὲ
3038 1423 3083 1453 ⁵⁸
3134 1423 3241 1474 τῶν
3319 1423 3576 1492 μηχανῶν
3640 1424 4074 1494 δαημονέστατα

2484 1513 2740 1581 ἥπτοντο,
2771 1513 2840 1565 τά
2868 1530 2925 1564 τε
2968 1513 3250 1583 ὑπόπτερα
3308 1514 3493 1567 ἐκεῖνα
3521 1514 3589 1567 τὰ
3639 1515 3734 1567 καὶ
3778 1517 3843 1576 ἐς
3908 1515 4076 1567 τοῦτο

2485 1607 2858 1676 ἐσκευασμένα
2890 1606 3132 1675 δοράτια,
3183 1606 3350 1676 πολλῇ
3402 1607 3496 1670 ξὺν
3541 1606 3756 1678 ἀνάγκῃ
3806 1607 4072 1661 ἐκτινασ-

2487 1697 2714 1764 σὸμενα,
2746 1696 3092 1749 ἐπιπλεῖστον
3126 1699 3374 1766 ἐφέρετο,
3405 1696 3481 1760 ὡς
3527 1697 3623 1749 καὶ
3668 1695 3913 1758 πολλοὺς
3960 1696 4042 1748 τιῖι

2488 1787 2802 1858 βαρϐάρων,
2860 1787 3144 1858 πόρρωθεν
3215 1788 3296 1840 ἐτι
3365 1787 3795 1858 ἐπερχομένους,

2483 1877 2723 1945 ἀφανοῦς
2786 1878 2971 1941 αὑτοῖς
3035 1879 3220 1940 ἵπποις
3275 1875 3715 1950 διαπεῳνάσθαι,
3757 1877 3862 1928 καὶ
3898 1893 4072 1929 κατα·

2485 1969 2704 2020 πίπτειν
2732 1966 3081 2032 ἐξαπιναίως.
3119 1969 3224 2039 Βοή
3259 1985 3321 2020 τε
3350 1969 3395 2001 ⁸⁸
3429 1967 3666 2036 ἐπιμέγα
3701 1968 3945 2037 ἐπῆρτο,
3979 1972 4074 2019 καὶ

2485 2059 2784 2127 σάλπιγγες
2869 2059 3211 2130 ἑκατέρωθεν
3272 2058 3696 2129 πολεμιπήριὸν
3763 2075 3825 2110 τι
3907 2057 4073 2127 μέλος

2483 2151 2696 2222 ἐπῇδον.
2727 2153 2789 2203 Οἱ
2821 2149 2877 2202 δέ
2900 2151 3123 2220 ίΠέρσαι
3152 2152 3378 2214 καὶτοῖς
3420 2152 3724 2220 τυμπάνοις
3762 2151 4075 2220 ἐϐόμεουν,

2483 2241 2576 2292 καὶ
2605 2239 2958 2309 σφοδρότερον
3009 2239 3348 2309 ἐπηλάλαζον
3376 2240 3688 2311 ἐκπλήξεως
3712 2241 3915 2304 ἕνεκα,
3959 2244 3989 2294 δ
4014 2258 4076 2293 τε

2481 2331 2589 2384 τῶν
2629 2331 2809 2382 ἵππων
2834 2331 3200 2401 χρεμετισμὸς
3233 2330 3457 2383 καὶτῶν
3483 2330 3725 2384 ἀσπίδων
3754 2335 3783 2384 ὁ
3816 2334 4073 2399 πάταγος

2481 2422 2577 2474 καὶ
2622 2421 2808 2474 αἰτῶν
2860 2421 3124 2491 θωράκων
3183 2421 3495 2492 συντρίιξεις
3527 2422 3571 2454 ⁵⁷
3622 2423 3900 2493 παμμιγῆ
3953 2441 4076 2477 τινα

2484 2515 2580 2567 καὶ
2615 2513 2804 2584 ἄγριον
2834 2513 3133 2566 ἀνέπλεκον
3163 2508 3318 2584 ἦχον,
3363 2515 3451 2567 Ἐν
3478 2515 3649 2585 τούτῳ
3680 2515 3743 2568 δέ
3789 2516 4078 2586 ’1ουστίνῳ

2482 2607 2562 2678 τῷ
2588 2605 2868 2678 Γερμανοῦ
2915 2607 2980 2659 ἐκ
3009 2605 3102 2659 τοῦ
3137 2607 3241 2660 νεώ
3273 2607 3549 2660 ἐπανιόντι
3579 2607 3943 2678 ξυναίσθησις
3992 2613 4076 2676 γί-

2483 2700 2732 2768 γνεται⁸⁸
2789 2699 2899 2752 τῶν
2957 2698 3252 2769 δρωμένων
3315 2701 3384 2770 τῇ
3442 2717 3502 2752 τε
3558 2702 3777 2770 ταραχῇ
3847 2703 3954 2754 καὶ
3999 2703 4075 2769 τῲ

2483 2790 2694 2860 κτύπῳ.
2762 2791 2872 2844 Καὶ
2928 2790 3126 2843 αὐτίκα
3201 2791 3330 2854 τοὺς
3391 2791 3528 2860 ἀμφ’
3601 2790 3771 2844 αὑτὸν
3827 2793 4073 2854 ἱππότας

2487 2877 2817 2948 συστρέψας,
2836 2876 2930 2930 καὶ
2956 2878 3012 2939 ἐς
3039 2876 3191 2943 τάξιν
3220 2876 3343 2930 τινὰ
3384 2879 3441 2930 ἐν
3475 2877 3664 2948 κόσμῳ
3704 2883 4074 2951 καταστησα-

2489 2986 2649 3038 μενος
2689 2970 2760 3022 τά
2797 2985 2858 3021 τε
2901 2971 3102 3038 σημεῖα
3137 2971 3195 3029 ἐς
3225 2966 3357 3037 ὕψος
3387 2969 3618 3039 ἀρθῆναι
3673 2970 3933 3032 ἐκέλευε,
3982 2973 4073 3024 κατ,

2485 3060 2728 3122 ἅπαντας
2752 3059 2972 3129 ἔχεσθαι
2997 3059 3181 3130 ἔργου,
3209 3060 3606 3128 γιγνώσκοντας
3628 3061 3704 3122 ώς
3719 3063 3823 3113 οὑκ
3852 3063 4011 3115 ἀθεεὶ
4030 3065 4071 3094 θ’

2487 3154 2677 3224 ἔτυχον
2703 3154 2798 3206 τοῦ
2832 3154 3025 3216 ἄστεος
3053 3153 3454 3222 ἐξεληλυθότες,
3496 3153 3610 3206 ἀλλ’
3630 3156 3718 3222 ἐφ’
3749 3148 3795 3222 ᾧ
3831 3157 3883 3186 ⁸⁸
3931 3157 4071 3209 δεδί-

2488 3243 2683 3311 ξασθαι
2733 3243 2859 3305 τοὺς
2904 3242 3194 3312 πολεμίους
3224 3242 3302 3311 τῷ
3333 3243 3748 3312 ἀπροσδοκήτῳ,
3801 3246 3908 3296 καὶ
3934 3248 4071 3298 ἀπεο

2488 3337 2648 3390 λάσαι
2671 3337 2771 3404 τῆς
2816 3335 3153 3406 πολιορκίας.
3192 3333 3281 3396 Ὠς
3310 3333 3366 3386 δέ
3411 3332 3582 3402 βραχὺ
3625 3351 3676 3386 τι
3703 3335 4070 3403 προελθόντες

2489 3424 2734 3478 κατεῖδον
2761 3424 2887 3486 τοὺς
2912 3423 3126 3492 Πέρσας
3148 3422 3497 3490 ἐγκειμένους
3517 3421 3592 3490 τῷ
3614 3439 3680 3473 πε
3688 3423 3921 3492 ριεὶόλῳ,
3953 3426 4069 3476 τότε

2487 3515 2550 3585 δὴ
2586 3515 2780 3584 ἀθρόον
2818 3514 3208 3583 ἐμϐοήσαντες,
3255 3512 3582 3582 ἐμϐάλλουσι
3642 3513 3723 3580 τῷ
3795 3516 3966 3584 μέρει
3998 3516 4071 3582 τῷ

2489 3607 2625 3674 πρὸς
2661 3608 2727 3675 τῇ
2775 3605 3010 3674 θαλάττῃ
3065 3604 3552 3674 παρατεταμένῳ⁶¹
3580 3622 3594 3636 ·
3629 3604 3848 3657 ἐνθένδε
3874 3608 3924 3637 δ’
3967 3608 4070 3674 γάρ

2487 3702 2582 3750 καὶ
2604 3697 2897 3766 ἐτύγχανον
2923 3697 3238 3765 ἀφιγμένοι.
3259 3695 3367 3748 Καὶ
3400 3696 3595 3748 αὐτίκα
3621 3697 3668 3748 oi
3706 3696 3806 3765 μὲν
3829 3700 4066 3761 κοντοῖς,

2485 3793 2533 3840 οἱ
2558 3789 2614 3841 δέ
2639 3789 2944 3858 σαρίσσαις,
2975 3789 3023 3839 οἱ
3067 3787 3121 3839 δὲ
3151 3788 3449 3854 καὶῑξίιρεσι
3495 3787 3766 3848 παίοντες,
3802 3788 3872 3838 τὸ
3925 3804 4067 3856 παρ-

3219 3877 3524 3948 βιαιοτέρας
3581 3895 3640 3929 τε
3698 3878 3802 3939 τὰς
3863 3880 4060 3931 ἐπελά-

3861 1788 3930 1840 ἐκ
3975 1788 4077 1838 τοῦ

2485 3899 2509 3933 ε
2519 3882 2756 3950 μπίπτον
2803 3878 3103 3947 διέφθειρον
3127 3895 3140 3907 ·

2489 3993 2600 4037 σεις
2621 3975 2668 4005 ⁸³
2696 3972 2797 4027 ἀνὰ
2823 3973 2920 4034 τὰς
2952 3971 3139 4040 στίχας
3168 3971 3277 4023 τῶν
3306 3972 3566 4024 ἐναντίων
3591 3970 3940 4040 ποιώμενοι.
3973 3974 4064 4024 καὶ

2486 4069 2606 4129 ταῖς
2658 4065 2882 4118 ἀσπίσιν
2911 4063 3258 4127 ἐξωθοῦντες,
3305 4065 3762 4134 παρερρήγνυσαν
3804 4063 3870 4114 τὸ
3908 4063 4062 4126 ξυνε-

2486 4158 2577 4222 χὲς
2606 4154 2706 4206 ’καὶ
2727 4155 3177 4221 συντεταγμένον.

2556 4251 2669 4310 κε’.
2701 4246 2762 4296 0i
2806 4243 2863 4296 δὲ
2909 4243 3111 4314 Πέρσαι
3151 4242 3338 4296 τοῦτον
3369 4245 3573 4297 ἐκεῖνον
3596 4239 3737 4298 εἶναι
3771 4244 3869 4296 τὸν
3893 4261 4061 4315 στρα-

2484 4337 2574 4391 τὺν
2630 4336 3072 4404 ὑποτοπήσαντες
3108 4335 3168 4388 ὃν
3207 4334 3272 4405 δὴ
3324 4334 3660 4405 παρέσεσθαι
3702 4337 4054 4407 ἠκηκόεσαν,

2484 4429 2575 4482 καὶ
2612 4429 2693 4481 ὃτι
2747 4426 3088 4490 διαλαθόντες
3127 4427 3251 4488 τοὺς
3292 4426 3350 4489 ἐς
3381 4427 3539 4479 τοῦτο
3585 4428 4058 4497 ἀποκεκριμένους

814 4499 966 4553 missi
988 4509 1165 4563 erant,
1183 4501 1296 4569 jam
1325 4502 1692 4562 advenissent,
1720 4504 2120 4572 perturbatione
2145 4520 2206 4558 ac
2232 4516 2375 4558 metu
2413 4535 2435 4587 ί

2484 4525 2763 4592 ἀφίκοντο,
2792 4521 3018 4592 θορὺὗου
3047 4523 3138 4572 καὶ
3161 4520 3315 4583 δέους
3337 4521 3857 4590 ἐνεπίμπλαντο,κα“ι
3889 4521 4060 4590 χύδην

813 4585 998 4654 pleni,
1034 4597 1086 4642 et
1131 4589 1464 4644 eonfusanee
1511 4591 1564 4644 in
1617 4593 1824 4661 seipsos
1857 4593 2124 4656 revoluti,
2174 4597 2376 4649 sensim

814 4687 1279 4746 retrocesserunt,
1331 4681 1632 4752 pedemque
1680 4683 1994 4739 retulerunt.
2044 4684 2203 4751 Quod
2255 4701 2377 4740 cum

815 4768 1106 4823 llilinmitzc
1151 4771 1364 4825 eminus
1409 4782 1694 4828 cernerent
1751 4775 1877 4843 (sub
1939 4775 2172 4830 mediam
2231 4778 2376 4831 enim

815 4862 957 4916 muri
987 4873 1192 4931 partem
1236 4865 1593 4934 pugnabant),
1622 4881 1827 4935 paucos
1853 4867 2070 4936 quidem
2127 4867 2199 4921 ibi
2255 4869 2384 4922 reli-

813 4965 1068 5028 querunt.
1100 4957 1280 5010 caeteri
1307 4956 1374 5011 ad
1397 4972 1517 5011 eam
1557 4965 1763 5026 partem
1790 4998 1804 5022 ,
1831 4973 1952 5028 qua:
1971 4958 2207 5013 maxime
2227 4959 2379 5014 labo-

814 5049 990 5112 rabat,
1020 5064 1079 5103 se
1103 5049 1471 5104 contulerunt.
1503 5049 1726 5121 Angilas
1773 5067 1905 5106 vero
1941 5061 1996 5105 et
2040 5050 2378 5117 Theodorus,

813 5140 1182 5196 Romanorum
1227 5141 1414 5207 duces,
1462 5159 1694 5212 quorum
1747 5145 1908 5198 etiam
1956 5157 2079 5201 ante
2131 5149 2377 5214 utemini,

813 5234 1188 5289 animadversa
1221 5239 1492 5304 paucitate
1515 5253 1727 5301 eorum,
1755 5239 1847 5307 qni
1886 5253 2219 5307 manserant,
2249 5258 2380 5297 con-

811 5324 994 5380 festim
1019 5342 1140 5380 cum
1172 5327 1304 5382 satis
1337 5328 1513 5384 valido
1559 5330 1772 5399 agmine
1798 5332 2135 5400 eruptionem
2167 5349 2232 5388 es
2281 5351 2374 5405 op-

2485 4619 2541 4678 ἐς
2573 4616 2797 4677 ἐαυτοὺς
2824 4615 2869 4646 ⁸⁸
2895 4613 3313 4683 ἀνελιττόμενοι,
3341 4612 3660 4684 ἀπεχώρουν
3687 4614 3873 4682 ἠρέμα
3903 4617 3966 4676 ἐς
3991 4615 4059 4666 τε

2484 4699 2678 4762 ὀπίσω,
2713 4698 2809 4751 καὶ
2842 4699 2900 4760 ἐς
2925 4696 3223 4768 ὑπαγωγὴν
3247 4696 3292 4727 ⁸³
3314 4695 3608 4750 ἐκινοῦντο.
3632 4696 3814 4748 Ταῦτα
3832 4696 3896 4748 δὲ
3927 4698 4058 4768 πόρ-

2492 4791 2665 4862 ῥωθεν
2699 4790 2751 4842 οἱ
2780 4789 3087 4858 Διλιμνϊται
3116 4788 3439 4857 θεασάμενοι
3464 4788 3752 4858 ιάμφὶπάρ
3774 4788 3838 4840 τὺ
3864 4787 4055 4856 μεσαί·

2485 4900 2646 4936 τατον
2675 4881 2773 4934 τοῦ
2805 4879 3016 4948 τείχους
3041 4878 3353 4950 ἐμάχοντο),
3369 4879 3582 4946 ὀλίγους
3611 4878 3707 4949 μὲν
3729 4877 3901 4930 αὑτοῦ
3918 4895 4052 4932 κατι

2489 4974 2699 5036 έλιπον,
2743 4971 2796 5024 οἱ
2825 4971 2910 5042 [Ρ.
2951 4971 3075 5042 ιοδῖ
3111 4969 3168 5022 δέ
3195 4969 3342 5023 ἄλλοι
3369 4969 3606 5040 ἐχώρουν
3651 4970 3744 5022 ἐπὶ
3769 4969 3829 5021 τὸ
3860 4970 4057 5022 πονοῦ-

2491 5084 2670 5136 μενον.
2722 5062 2974 5132 Ἀγγίλας
3003 5062 3060 5115 δέ
3084 5062 3178 5114 καὶ
3215 5061 3508 5133 Θεόδωρος,
3537 5064 3585 5115 οἱ
3610 5061 3718 5114 τῶν
3759 5062 4053 5129 Ῥωμαίων

2486 5157 2790 5228 ταξίαρχοι,
2823 5149 2898 5208 ὧν
2926 5155 2991 5226 δὴ
3021 5155 3397 5225 καὶπρότερον
3419 5153 3785 5223 ἐπεμνήσθην,
3808 5153 4052 5222 ἐπιφραο

2491 5251 2713 5318 σάμενοι
2745 5245 2844 5314 τὴν
2875 5245 3161 5316 ὀλιγότητα
3189 5245 3298 5298 τῶν
3329 5245 3734 5315 μεμενηκότων,
3770 5243 4052 5306 ἐπεξίασιν

2486 5339 2680 5410 ἀθρόον
2725 5337 2820 5390 τοῦ
2872 5338 3064 5400 ἀστεος
3105 5337 3199 5402 ξὺν
3245 5337 3541 5406 ἀποχρώσῃ
3576 5335 3830 5402 δυνάμει·
3865 5337 3966 5388 καὶ
3991 5334 4047 5385 τὸ

2099 5465 2330 5522 ΥΑΠΙᾹΞ
2356 5469 2522 5525 LEC'I
2541 5469 2757 5526 IONES.

883 5569 1474 5646 "ﬁt:aqsvaowbga‘ior
1515 5569 1580 5632 Ιὶ,
1613 5573 2138 5646 ἔδιασφεδονούμενοι
2171 5588 2314 5646 Vulg.

809 5636 976 5722 τηνιι
1009 5651 1064 5692 et
1102 5641 1154 5722 in
1183 5656 1269 5710 mg
1391 5641 1551 5722 got);
1587 5643 1653 5722 ’ξ’
1682 5636 2003 5722 Δσυντρίψας
2061 5649 2097 5700 Β
2159 5663 2211 5703 et
2251 5639 2414 5722 Intpr.

813 5713 900 5762 ed.
927 5725 1032 5776 pr,,
1065 5711 1280 5777 γίνεται
1311 5715 1433 5768 Par.

813 5794 920 5854 que
947 5779 1093 5850 conj.
1127 5779 1183 5834 Β.
1216 5780 1365 5835 Vulc.

812 5865 867 5905 ιιι
915 5865 1017 5920 mg.

1511 5713 1552 5787 ’,υ
1574 5713 1704 5787 eos?
1742 5715 1814 5787 ιι.
1860 5720 1930 5787 ,ιο
2071 5722 2098 5771 'o
2127 5720 2190 5772 ιι.

1445 5783 1487 5813 ⁶²
1524 5784 1733 5838 ἐνθένδε
1774 5785 1828 5838 δέ
1859 5785 1918 5838 ιι,

2416 5584 2461 5613 δι
2492 5585 2688 5645 αὑτοὺς
2731 5583 2773 5635 Il
2811 5583 2863 5635 in
2896 5598 3002 5650 mg.

2474 5656 2747 5720 fructm-re.
2802 5653 3082 5721 ἐκτρίφεις
3135 5653 3277 5720 vulg.

3103 5583 3149 5614 ⁸⁸
3181 5584 3228 5654 oi
3258 5582 3315 5634 δέ
3343 5581 3484 5654 πηοί
3521 5601 3581 5636 τε
3613 5584 3758 5654 vulg.

3833 5585 4043 5656 ..βοὴν

3385 5653 3431 5684 ⁵⁸
3462 5653 3716 5722 γίγνεται
3770 5653 3947 5724 Lugd.
3993 5653 4040 5708 ἐι

2270 5729 2308 5751 ⁸³
2347 5723 2772 5794 παρατεταμένη)
2803 5723 2844 5774 ll
2869 5739 3010 5794 corr.
3056 5739 3154 5791 pro
3178 5724 3323 5792 vnlg.
3351 5723 4037 5794 παρατεταγμένῳίίύειιι-

2003 5791 2048 5821 ⁸⁵³
2080 5791 2363 5845 ἐπελάσεις
2405 5793 2468 5851 li,
2504 5793 2812 5854 ἐπελάσεις
2837 5793 2975 5861 vulg.
3057 5794 3090 5822 ”‘

3057 5794 3097 5822 ”'°
3133 5796 3188 5856 ἐς
3214 5794 3408 5855 αὐτοὺς
3445 5795 3506 5849 lt.
3589 5797 3633 5826 ⁵³
3661 5797 3968 5861 ἀπαγωγὴν
3996 5799 4033 5850 ιι
