4212 6438
211 440 344 503 1465

1349 449 1889 514 HISTORIARUM
1912 447 2146 509 LIBER
2175 448 2292 509 III.

3308 443 3447 515 1466

208 552 367 624 ἐργου
425 557 636 628 καιρδς,
682 558 777 613 καὶ⁵
817 559 1034 616 ἅπαντα
1058 561 1398 636 τεφρωθείηέ
1414 564 1543 636 πρὶν
1571 564 1636 636 δὴ
1665 565 1765 616 αὑ-

1868 559 2068 630 niaque
2091 569 2217 617 ante
2248 561 2488 631 ipsorum
2521 560 2815 618 adventum
2846 561 2900 617 in
2936 561 3148 619 favillas
3187 569 3244 618 et
3284 563 3437 621 eine-—

206 645 330 712 τοὺς
349 647 662 717 ἀφικέσθαι.
697 653 937 724 Ἀμιλλά
958 673 1018 710 τε
1039 651 1108 729 ἦν
1131 657 1313 721 αὐτοῖς
1346 657 1488 730 ὑπὲρ
1529 657 1624 711 τοῦ
1665 657 1764 710 τά·

207 756 354 809 χους,
383 743 484 794 οὐκ
522 744 904 816 ἐπισταμένοις
936 748 1010 812 ώς
1042 747 1120 819 τῷ
1152 749 1373 804 νικῶντι
1426 750 1766 820 συμϐήσεται

207 828 408 901 πρώτῳ
427 832 698 889 τεθνάναι.
734 837 1009 903 ’Ἅπαντες
1049 841 1160 910 γὰρ
1188 841 1480 912 ἀμοιϐαδὸν
1521 842 1626 895 ὑπὸ
1656 841 1766 895 τῶν

217 920 502 990 Ῥωμαίων
531 925 898 997 ἁλισκόμενοι,
927 932 1355 996 κατεκτείνοντο,
1391 931 1578 1004 ὥσπερ
1615 933 1767 988 τοῦδέ

205 1030 267 1080 γε
297 1014 461 1068 ἕνεκα
493 1018 654 1087 μόνου
685 1022 1144 1092 παραγιγνόμενοι
1174 1025 1242 1078 ⁸⁸.
1295 1024 1628 1078 ’Δπολώλασι
1658 1042 1769 1078 τοι·

204 1106 408 1173 γαροῦν
431 1110 493 1161 οὐ
532 1111 712 1182 πολλῴ
736 1112 999 1178 ἐλάσσους
1025 1115 1134 1169 τῶν
1158 1116 1458 1190 δισχιλίων,
1480 1117 1768 1182 Τοσοῦτοις

204 1198 462 1268 ἀνδράσιν
501 1201 833 1270 ἐργοπόνοις,
883 1207 980 1260 καὶ
1009 1207 1077 1259 τὰ
1108 1207 1340 1278 πολέμια
1369 1209 1566 1278 ἥκιστα
1602 1225 1772 1279 μεμε-

202 1288 508 1360 λετηκόσιν,
551 1292 610 1357 ές
656 1312 716 1348 τε
752 1297 1058 1368 παράταξιν
1098 1299 1380 1353 οὐπώποτε
1418 1301 1766 1370 ἀφιγμένοις,

203 1380 512 1450 αὑτομάτου
538 1385 682 1448 τινὸς
719 1387 812 1440 καὶ
846 1388 1158 1458 παραλόγου
1189 1389 1407 1460 ὀλέθρου
1451 1392 1480 1443 ὁ
1519 1391 1769 1462 Ναχορα-

202 1469 307 1537 γὰν
332 1471 650 1537 αἰτιώτατος
674 1476 718 1507 ³⁷
747 1476 991 1545 γέγονεν,
1041 1478 1243 1547 ἀνόητα
1271 1480 1318 1512 ’⁸
1361 1479 1772 1550 παρακελευσά-

204 1577 388 1628 μενος.
411 1563 594 1628 Οὓτως
628 1565 736 1639 ἄρα
775 1571 808 1639 ἡ
845 1568 1136 1633 ἀλαζονεία
1169 1571 1230 1624 οὐ
1263 1572 1422 1642 μόνον
1460 1573 1658 1636 αὐτοὺς
1691 1573 1772 1626 σί-

201 1667 353 1704 νεται
378 1655 502 1715 τοὺς
527 1658 920 1728 κεκτημένους,
945 1659 1082 1714 ἀλλά
1119 1661 1229 1732 γάρ
1258 1663 1352 1714 καὶ
1385 1659 1478 1725 οὓς
1514 1661 1579 1716 ἂν
1623 1663 1769 1716 ἐκεί-

198 1757 313 1804 νοις
339 1743 384 1774 ⁹⁹
418 1745 709 1816 ὑπηρετεῖν
743 1751 982 1822 συμϐαίη
1007 1753 1101 1806 καὶ
1139 1752 1441 1806 πείθεσθαι.
1474 1753 1689 1807 Τούτων
1713 1754 1770 1808 δὲ

200 1824 305 1884 ὧδε
341 1833 785 1908 ξυνενεχθέντων,
812 1842 862 1894 οἱ
887 1843 985 1912 μέν
1000 1843 1259 1913 Ῥωμαῖοι
1287 1843 1563 1908 εὐέλπιδες
1588 1845 1766 1915 ὑπῆρ-

197 1940 295 1994 χον
325 1927 380 1989 ἐς
410 1927 477 1980 τά
506 1929 758 2003 μάλιστα,
783 1932 858 1997 ὡς
891 1936 985 1987 καὶ
1021 1930 1178 1998 αὖθις
1217 1935 1414 2006 ῥᾳδίως
1441 1936 1769 2008 περιεσόμε-
1799 1918 1840 1973 Β

196 2032 282 2068 νοι
309 2018 424 2086 εἴγε
454 2019 561 2090 ἄρα
602 2025 697 2076 καὶ
726 2025 1122 2096 ἀναμαχεῖσθαι
1172 2029 1222 2080 οί
1267 2028 1539 2098 Βάρϐαροι
1578 2044 1771 2097 πειρα-

199 2103 374 2157 θεῖεν·
410 2107 602 2163 ὅσοιδέ
639 2111 821 2163 αὐτῶν
845 2113 904 2164 ἐν
941 2115 1007 2185 τῇ
1041 2115 1189 2188 μάχῃ
1215 2115 1578 2186 ἐτεθνήκεσαν
1608 2111 1770 2187 (ἦσαν

193 2190 255 2243 δέ
286 2193 349 2245 οὐ
387 2193 604 2260 πλείους
638 2199 653 2228 ¹
697 2197 730 2268 ἢ
779 2199 1102 2271 διακόσιοι),
1141 2201 1364 2265 τούτους
1404 2201 1468 2273 δὴ
1503 2203 1772 2272 εὐπρεπέ-

194 2295 368 2334 στατα
427 2283 663 2354 ἔθαψαν,
717 2288 1124 2362 ὑπεραγάμενοι
1177 2292 1279 2363 τῆς
1316 2292 1644 2363 προθυμίας,
1692 2292 1769 2357 ὡς

192 2367 396 2438 ἄνδρας
437 2372 675 2440 ἀγαθοὺς
712 2377 1226 2449 ἀποδεδειγμένους·
1262 2382 1390 2444 τοὺς
1429 2381 1486 2434 δέ
1520 2381 1628 2433 τῶν
1671 2399 1767 2433 πο·

195 2457 404 2530 λεμίων
450 2466 678 2542 νεκροὺς
727 2469 1148 2539 σκυλεύσαντες,
1202 2473 1381 2527 ὃπλων
1425 2490 1486 2526 τε
1535 2472 1766 2542 ἄφθονον

199 2552 408 2624 πλῆθος
431 2541 531 2609 καί
551 2557 726 2612 ἄλλων
750 2577 854 2632 χρη
864 2562 1048 2629 μάτων
1077 2564 1517 2635 περιεϐάλοντοί.
1549 2541 1624 2617 0γύ
1657 2563 1766 2634 γὰρ

192 2644 357 2714 μόνον
397 2647 625 2711 ἀσπίδας
663 2651 756 2703 καὶ
799 2651 1055 2724 θώρακας
1093 2657 1256 2727 τυχὸν
1301 2657 1396 2710 καὶ
1436 2656 1716 2726 γωρυτοὺς
1741 2655 1764 2688 ³

191 2737 368 2808 βελῶν
408 2740 538 2794 ἔνιοι
581 2742 708 2798 τῶν·
728 2749 995 2815 κειμένων
1040 2751 1388 2822 ἐπεφέροντο,
1434 2750 1570 2805 ἀλλά
1606 2768 1762 2824 στρε-

189 2828 364 2890 πτοὺς
392 2827 500 2898 γάρ
530 2831 882 2900 παγχρύσους
910 2837 1005 2888 καὶ
1027 2837 1383 2908 περιδέραιαδ
1408 2838 1502 2892 καὶ
1522 2837 1759 2902 ἐλλόϐια,

187 2918 290 2970 καὶ
335 2917 467 2972 ἀλλα
505 2921 644 2974 ἄττα
693 2923 871 2976 τοιάδε
915 2924 1235 2998 θηλυπρεπῆ
1291 2927 1630 2995 ποικίλματα
1668 2926 1764 2979 καὶ

189 3007 482 3080 περίεργα,
509 3013 712 3076 ὁποίοις
749 3015 770 3045 ⁸
796 3016 847 3067 οἱ
881 3017 1215 3088 ἐντιμότεροι
1252 3017 1364 3070 τῶν
1407 3017 1607 3088 Μήδων
1641 3018 1763 3070 ἐνα-

187 3097 528 3166 γλαῖςονται,
552 3102 643 3154 τοῦ
679 3105 880 3173 μᾶλλον
904 3102 1044 3160 εἶναι
1073 3107 1319 3180 ἀρίδηλοι
1349 3110 1444 3163 καὶ
1473 3108 1566 3161 τοῦ
1598 3106 1760 3162 ἀλλου

186 3188 384 3259 ὁμίλου
417 3192 837 3263 ἀποκεκρίσθαι.
885 3197 942 3250 '0
975 3197 1033 3252 δέ
1060 3199 1411 3272 Ναχοραγάν,
1447 3200 1634 3272 ἐπειδὴ
1659 3201 1759 3253 αὑ-

185 3279 284 3334 τὸν
304 3283 373 3335 τά
392 3299 451 3336 τε
477 3285 758 3356 ἐπιτήδεια
783 3287 1070 3354 ἐλελοίπει,
1097 3293 1189 3344 καὶ
1222 3292 1322 3363 Ιἤδη
1345 3291 1614 3364 χειμῶνος
1641 3290 1758 3363 ὥρα

185 3373 530 3440 ἐπεγίγνετο,
573 3375 733 3446 ἐῴκει
779 3379 801 3412 ⁸
846 3381 944 3448 μὲν
981 3377 1132 3444 αὖθις
1175 3384 1611 3454 πολεμησείοντι,
1667 3383 1760 3442 καὶ

185 3463 251 3523 ἐς
275 3463 392 3514 τόδε
437 3466 909 3540 συσκευαζομένῳ.
952 3472 1026 3524 Οὺ
1061 3473 1165 3544 μὴν
1200 3474 1346 3546 ἔργῳ
1383 3477 1444 3529 τὸ
1483 3477 1760 3551 βούλευμα

182 3551 460 3619 ἐπετέλει,
496 3555 632 3610 ἀλλά
665 3557 726 3610 τὸ
762 3559 872 3612 τῶν
909 3560 1231 3632 Διλιμνιτῶν
1270 3568 1456 3634 στῖφος
1495 3571 1560 3640 τῇ
1603 3570 1760 3623 ὕστε-

184 3643 326 3713 ραίᾳ
355 3645 640 3717 ἐκπέμψας
659 3649 763 3703 ἀνά
790 3650 849 3704 τὸ
880 3653 1111 3717 στάδιον,
1151 3655 1243 3710 καὶ
1268 3658 1325 3720 ἐς
1353 3658 1592 3724 ἐκείνους
1626 3664 1759 3734 ὀρᾷν

178 3735 320 3794 τοὺς
366 3735 668 3807 Ῥωμαίους
688 3741 1009 3811 ἀναπείσας,
1030 3747 1200 3820 ταύτῃ
1225 3767 1287 3802 τε
1325 3751 1544 3823 δόκησιν
1580 3773 1760 3828 παρα-

183 3827 455 3898 σχόμενος
490 3830 584 3884 τοῦ
636 3834 1048 3902 ἐπελεύσεσθαι,
1099 3843 1297 3897 αὐτίκα
1343 3845 1436 3912 ὅγε
1484 3846 1757 3917 σχολαίτε-

183 3920 466 3991 ροντάμα
483 3925 595 3987 τοῖς
637 3925 816 3992 ἄλλοις
858 3932 1262 4004 στρατεύμασιν
1306 3938 1399 3991 ἐπὶ
1429 3940 1686 3994 Κοτάῖσιν
1735 3942 1757 3974 ⁸

180 4005 290 4058 καὶ
305 4007 654 4079 Μουχείρισιν
668 4013 1112 4084 ἐπορεύετο⁹.⁸Ως
1149 4020 1205 4073 δέ
1237 4023 1488 4080 πλεῖστον
1523 4026 1621 4098 ήδη
1656 4027 1756 4099 τῆς

177 4093 313 4147 ὀδοῦ
344 4097 719 4168 προεληλύθει,
749 4103 871 4156 τότε
905 4105 968 4176 δὴ
999 4109 1092 4161 καὶ
1130 4112 1180 4162 οἱ
1219 4112 1522 4182 Διλιμνίται
1544 4093 1756 4170 ’λύσαν-

178 4200 287 4247 τες
313 4186 411 4255 τὴν
437 4187 610 4254 τάξιν,
643 4191 987 4250 εὑκολώτατα
1016 4199 1357 4271 ἀπεχώρουν,
1393 4204 1489 4258 ἅτε
1528 4207 1592 4277 δὴ
1627 4209 1755 4262 κού-

179 4293 310 4344 φως
328 4279 415 4332 ἀεὶ
428 4279 765 4352 ἐσταλμένοι,
791 4287 884 4340 καὶ
909 4287 1083 4354 ἄλλως
1111 4292 1332 4364 ἄλκιμοι
1352 4300 1444 4350 καὶ
1470 4297 1753 4365 ποδώκεις.

180 4369 456 4440 Παρῆσαν
484 4373 542 4427 δε
563 4375 728 4430 αὐτοῦ
757 4380 902 4451 καὶὴ
931 4381 1064 4453 ἄλλη
1098 4385 1142 4416 ¹⁰
1178 4386 1420 4459 Περσικὴ
1454 4390 1754 4464 ἀπόμοιρα,

177 4461 237 4513 οἳ
263 4460 329 4532 δὴ
357 4463 650 4534 ἐτύγχανον
681 4472 831 4539 παρά
869 4473 960 4526 τὸν
993 4475 1227 4530 Νέοκνον
1257 4482 1502 4551 ποταμὸν
1537 4460 1753 4556 [Ρ.Ιθ6]

1867 665 1984 705 rem
2018 659 2202 706 essent
2230 652 2468 707 redacta.
2496 652 2790 708 Certabant
2819 653 2999 720 itaque
3029 654 3172 709 inter
3207 669 3267 710 se
3303 655 3447 712 cele-

1867 742 2046 807 ritate,
2079 743 2382 800 nescientes
2413 744 2530 799 fore
2555 754 2615 799 ttt
2642 749 2736 816 qui
2783 747 3048 809 vinceret,
3087 746 3298 818 primus
3325 761 3445 802 mo-

1867 841 2098 887 reretur.
2148 830 2348 889 Omnes
2390 834 2536 891 enim
2569 850 2636 889 ex
2679 837 2868 891 ordine
2896 851 2928 890 a
2979 834 3240 894 Romanis
3274 839 3442 909 capti,

1869 924 2177 980 obtruncati
2226 924 2464 991 fuerunt,
2513 927 2736 997 perinde
2792 943 2857 984 ac
2906 929 2955 984 si
3011 943 3076 983 ea
3120 939 3330 984 tantum
3376 929 3445 986 de

1869 1030 2033 1070 causa
2064 1017 2362 1070 venissent.
2407 1016 2692 1072 Perierunt
2738 1018 2922 1087 itaque
2954 1033 3065 1073 non
3101 1020 3270 1074 multo
3311 1037 3446 1091 pau-

1869 1107 2046 1162 ciores
2073 1109 2286 1164 duobus
2326 1109 2586 1165 millibus.
2617 1109 2721 1163 Tot
2745 1110 2875 1164 viris
2917 1111 3182 1179 operariis
3207 1120 3263 1165 et
3305 1114 3358 1166 in
3389 1129 3448 1167 re

1869 1197 2060 1253 bellica
2121 1200 2342 1255 minime
2389 1201 2740 1266 exercitatis,
2799 1201 3002 1272 quique
3053 1218 3332 1274 nunquam
3391 1205 3447 1259 in

1871 1290 2042 1344 aciem
2073 1291 2422 1359 prodiissent,
2470 1291 2700 1347 ultrouei
2746 1293 3032 1364 cujusdam
3066 1303 3228 1363 atque
3274 1295 3451 1362 inopi-

1872 1381 1984 1435 nati
2015 1383 2163 1435 exitii
2214 1392 2406 1438 auctor
2441 1385 2544 1439 fuit
2583 1382 2962 1454 Nachoragan,
3003 1386 3096 1457 qui
3143 1387 3448 1442 inconsulta

1873 1462 2186 1538 imperarat.
2219 1469 2403 1541 Usque
2428 1474 2563 1527 adeo
2603 1474 2913 1541 arrOgantia
2961 1489 3067 1529 non
3094 1473 3274 1529 solum
3319 1491 3450 1533 suos

1871 1576 2241 1632 possessores,
2275 1565 2366 1618 sed
2403 1574 2457 1619 et
2487 1566 2632 1629 illos,
2667 1581 2804 1634 quos
2840 1567 2922 1621 eis
2950 1567 3214 1622 inservire
3245 1575 3299 1623 et
3330 1584 3450 1622 mn-

1872 1667 1984 1706 retn
2023 1668 2210 1722 gerere
2243 1655 2528 1724 contingit,
2566 1658 2762 1726 perdit.
2805 1655 2900 1713 llis
2929 1674 3058 1713 vero
3086 1661 3158 1713 ita
3192 1661 3447 1730 peractis,

1874 1740 2102 1798 Romani
2146 1745 2364 1814 quidem
2403 1748 2605 1815 optima
2648 1763 2744 1816 spe
2782 1731 3131 1817 pleni'erant,
3167 1766 3226 1805 se
3261 1752 3316 1805 in
3350 1766 3449 1821 po-

1873 1843 2078 1889 sterum
2106 1833 2267 1891 fat-ile
2295 1837 2601 1907 superiores
2629 1837 2862 1906 futuros,
2887 1841 2932 1895 si
2963 1839 3198 1897 fortasse
3229 1842 3446 1897 barbari

1870 1929 2113 1997 praelium
2147 1929 2452 1985 instaurare
2488 1939 2776 1986 tentarent.
2813 1931 3091 2002 Quotquot
3138 1950 3267 1989 vero
3297 1935 3447 2004 ipso-

1872 2034 1990 2072 rum
2027 2019 2080 2072 in
2115 2019 2369 2076 conﬂictu
2420 2023 2692 2092 perierant
2727 2027 2905 2091 (erant
2941 2033 3121 2079 autem
3163 2041 3269 2079 non
3309 2041 3446 2095 pau-

1871 2107 2047 2162 ciores
2073 2107 2366 2179 ducentis),
2403 2124 2497 2166 eos
2527 2111 2909 2168 honestissime
2935 2115 3287 2184 sepelierunt,
3322 2116 3445 2170 lau-

1870 2196 1995 2251 data
2031 2213 2221 2253 eorum
2256 2202 2598 2268 strenuitate,
2639 2204 2840 2273 quippe
2874 2205 2966 2277 qui
3006 2215 3066 2260 ut
3097 2207 3201 2261 viri
3238 2207 3447 2263 fortiter

1869 2302 1983 2341 rem
2008 2289 2344 2356 gessissent:
2379 2289 2615 2346 hostium
2658 2308 2788 2346 vero
2827 2295 3089 2350 cadavera
3120 2297 3442 2366 spoliarunt,

1867 2387 1921 2434 et
1948 2379 2218 2451 ingentem
2243 2395 2521 2436 armorum
2548 2383 2890 2456 aliarumque
2913 2401 3096 2442 rerum
3123 2388 3232 2442 vim
3259 2391 3445 2459 aequi.

1867 2473 2130 2528 siverunt.
2166 2470 2351 2544 Neque
2389 2475 2532 2530 enim
2584 2487 2735 2532 scuta
2786 2487 2841 2534 et
2879 2478 3077 2535 loricas
3128 2489 3338 2536 tantum
3395 2494 3446 2537 et

1866 2565 2151 2634 pharetras
2199 2567 2444 2622 nonnulli
2524 2583 2792 2625 caesorum
2858 2573 3186 2642 gestabant;
3249 2573 3344 2630 sed
3396 2582 3446 2628 et

1866 2665 2091 2728 torques
2140 2674 2337 2715 aureos
2374 2669 2429 2716 et
2476 2663 2702 2717 monilia
2753 2671 2808 2718 et
2864 2664 3086 2720 inaures
3136 2665 3349 2737 aliaque
3392 2667 3448 2722 id

1865 2764 2036 2818 genus
2088 2751 2376 2806 muliebria
2431 2755 2814 2825 exquisitaque
2866 2757 3026 2827 203
3078 2767 3397 2814 ornamenta
3427 2799 3446 2825 ,

1864 2839 2118 2909 qualibus
2161 2842 2515 2898 notabiliores
2565 2846 3052 2917 honoratioresque
3079 2847 3220 2903 Medi
3261 2850 3445 2904 ornari

1865 2931 2061 2997 solent,
2111 2940 2171 2985 ut
2209 2935 2619 3003 spectabiliores
2642 2937 2773 3001 sint,
2807 2947 2862 2992 et
2891 2954 2921 2993 a
2951 2939 3113 3009 vulgo
3152 2955 3441 2996 secet-nan-

1864 3027 1973 3075 tnr.
2003 3020 2358 3094 Naehoragan
2388 3040 2536 3092 vero,
2567 3042 2692 3081 cum
2725 3027 2840 3098 jam
2889 3021 3068 3099 ipsum
3106 3039 3443 3087 commeatus

1863 3111 2076 3183 aliaque
2131 3118 2440 3171 necessaria
2478 3118 2789 3185 deficerent,
2843 3130 2900 3175 et
2935 3121 3044 3192 jam
3094 3121 3290 3178 bruma
3342 3123 3442 3178 imo

1862 3205 2114 3271 mineret,
2163 3207 2442 3276 praeliandi
2477 3210 2699 3278 quidem
2739 3210 3068 3266 desiderium
3099 3228 3212 3282 prae
3255 3228 3316 3269 se
3363 3212 3440 3269 fe-

1863 3298 2031 3362 rebat,
2062 3305 2116 3351 et
2159 3298 2366 3353 adhoc
2419 3315 2477 3354 se
2526 3303 2920 3372 comparabat;
2981 3318 3040 3358 re
3091 3313 3272 3359 tamen
3324 3303 3449 3376 ipsa

1861 3389 2146 3444 consilium
2182 3391 2625 3464 desideriumque
2667 3410 2829 3448 suum
2868 3411 2977 3452 non
3003 3397 3440 3466 praestabatgsetl

1861 3481 2268 3538 Dilimnitarum
2309 3486 2524 3555 agmine
2554 3487 2819 3557 postridie
2847 3487 2914 3543 ad
2946 3489 3182 3543 stadium
3211 3491 3438 3558 emisso,

1858 3583 1912 3627 et
1955 3574 2182 3629 adversa
2231 3575 2286 3630 in
2323 3576 2598 3632 Romanos
2631 3577 2808 3633 fronte
2841 3590 2987 3635 stare
3039 3580 3219 3650 jussu,
3263 3597 3438 3652 eoque

1861 3665 1978 3733 ipso
2015 3666 2184 3734 praelii
2211 3665 2308 3721 abs
2338 3682 2398 3723 se
2431 3669 2804 3725 committendi
2834 3673 3295 3742 exspectationem
3341 3689 3436 3729 ex.-

1860 3759 2054 3823 citans,
2083 3760 2288 3813 sensim
2321 3760 2436 3829 ipse
2475 3778 2598 3816 eum
2653 3763 2877 3834 reliquis
2927 3765 3100 3834 capiis
3143 3765 3433 3821 Cotaesium

1858 3860 1908 3901 et
1933 3848 2340 3907 Muchirisidem
2370 3869 2564 3910 versus
2588 3857 2773 3910 movit.
2802 3857 2938 3911 Cum
2966 3873 3094 3912 vero
3115 3859 3226 3928 jam
3255 3861 3430 3914 maxi-

1860 3952 1999 3990 mam
2025 3938 2125 3992 viaa
2158 3948 2365 4008 partem
2400 3939 2755 4008 confecisset,
2779 3951 2891 3996 tum
2932 3953 2988 3999 et
3020 3943 3311 4000 Dilimnita:
3339 3961 3445 4001 so-.

1860 4024 1968 4079 luta
1998 4027 2116 4081 acie
2155 4027 2410 4084 facillime
2439 4031 2846 4100 abscesserunt,
2874 4041 3059 4104 utpote
3082 4035 3269 4089 leviter
3287 4049 3430 4089 sem-

1858 4133 1952 4187 per
1998 4121 2198 4176 armati
2256 4121 2767 4194 expeditiorcsque,
2817 4134 2872 4181 et
2915 4135 3171 4196 praeterea
3219 4129 3429 4182 robusti

1856 4210 2192 4282 pedibusque
2241 4214 2465 4270 celeres.
2514 4216 2853 4273 Adventahat
2893 4229 3076 4274 autem
3123 4220 3286 4275 etiam
3321 4221 3438 4278 alia.

1857 4305 2028 4375 ipsius
2055 4307 2256 4364 Persici
2283 4312 2560 4366 exercitus
2591 4327 2740 4382 pars,
2767 4329 2889 4384 qua:
2917 4315 2982 4369 ad
3011 4313 3294 4386 Neognum
3320 4314 3419 4370 llu-

1856 4398 2000 4452 vium
2049 4409 2208 4455 antea
2257 4403 2424 4457 missa
2471 4402 2652 4459 fuerat
2697 4416 2918 4475 propter
2958 4405 3174 4461 Martini
3217 4408 3428 4472 dolum,

1859 4492 2315 4558 quemadmodum
2349 4510 2513 4564 supra
2543 4511 2574 4550 a
2605 4512 2691 4551 me
2717 4497 2922 4552 dictum
2962 4513 3066 4555 est.
3097 4502 3234 4557 Cum
3279 4503 3430 4558 enim

178 4555 456 4655 πρότερον
497 4559 896 4632 ἀπεσταλμένοι
934 4565 1022 4619 διὰ
1070 4568 1166 4638 τὴν
1204 4572 1479 4641 Μαρτίνου
1517 4555 1752 4646 ἀπάτην,

1864 4581 2236 4649 cognovissent
2265 4583 2434 4640 victos
2460 4586 2678 4655 quidem
2718 4603 2839 4642 esse
2879 4586 3097 4655 Persas,
3149 4590 3432 4648 Romanos.

177 4639 337 4716 ᾖπέρ
372 4663 460 4714 μοι
496 4648 594 4718 ἢδη
643 4651 872 4722 ἐρρήθη.
912 4655 1134 4719 Γνόντες
1184 4639 1307 4731 γὰρ.
1341 4661 1415 4725 ὡς
1449 4639 1758 4737 ἐνενίκηντο
1793 4639 1802 4668 ἶ

180 4737 294 4804 μὲν
327 4738 377 4788 oi
415 4738 645 4809 Πέρσαι,
667 4743 716 4794 οἱ
752 4744 808 4796 δὲ
857 4744 1113 4816 Ῥωμαῖοι
1138 4749 1354 4822 ἁπάσης
1389 4753 1488 4822 ἤδη
1523 4755 1621 4824 τῆς
1649 4755 1756 4826 κώ-

179 4844 292 4896 ρας
326 4829 609 4898 ἐκράτουν,
651 4833 847 4887 αὐτίκα
883 4837 998 4905 οἵγε
1029 4841 1381 4909 πορείαντινά
1413 4844 1758 4904 ¹¹διαλανθάσ

171 4933 390 4968 νουσα-ι
422 4919 644 4973 καὶτῶν
673 4921 963 4995 λεωφόρων
997 4929 1440 5004 ἀποκεκριμένην
1468 4935 1754 4993 διανύσαν-

165 5023 282 5069 τες
313 5009 390 5070 είς
417 5009 766 5083 Μουχείρισιν
788 5015 986 5084 ἵκοντο,
1025 5019 1130 5072 τῶν
1168 5023 1267 5091 μὲν
1293 5024 1517 5093 ἀγώνων
1558 5031 1755 5098 ἥκιστα

169 5097 573 5188 μετασχόντες,
616 5101 712 5154 τοῦ
748 5103 804 5156 δέ
840 5105 938 5175 τῆς
977 5109 1156 5180 φυγῆς
1192 5112 1413 5182 αἴσχους
1454 5097 1632 5188 πολλῷ
1672 5119 1754 5172 έτι

162 5187 548 5261 ἀκλεέστερον
598 5193 638 5223 ¹²
691 5197 1098 5268 μετειληφότες.
1154 5203 1369 5278 Ἐπειδὴ
1414 5204 1507 5262 οὖν
1551 5187 1695 5274 ἄπας
1724 5215 1754 5266 ὁ

1859 4687 1987 4724 vero
2021 4673 2274 4728 universa
2311 4675 2424 4744 jam
2459 4676 2678 4746 regione
2704 4679 2891 4747 potiri,
2924 4679 3209 4735 confestim
3245 4684 3418 4737 oecul~

1858 4762 1994 4816 tiore
2024 4763 2218 4819 itinere
2249 4773 2304 4820 et
2332 4780 2362 4820 a
2393 4766 2628 4836 publicis
2654 4769 2758 4824 viis
2787 4780 2994 4826 remoto
3021 4770 3425 4831 Muehirisidezn

1856 4867 2234 4924 pervenerunt,
2259 4857 2422 4930 2(MI
2443 4861 2792 4916 conﬂictuum
2818 4863 3035 4932 quidem
3059 4878 3421 4934 nequaquam,

1855 4945 2135 5003 dedecoris
2176 4963 2302 5003 vero
2348 4966 2416 5005 ex
2463 4951 2589 5022 fuga
2637 4962 2692 5007 et
2726 4954 2943 5024 quidem
2990 4956 3162 5010 multo
3210 4955 3429 5025 turpius

1853 5035 2168 5105 participes.
2215 5037 2574 5110 Posteaquam
2628 5041 2793 5112 igitur
2837 5042 3120 5098 universus
3149 5044 3420 5100 exercitus

1859 5125 1912 5179 in
1960 5143 2130 5183 unum
2177 5133 2539 5198 convenisset,
2590 5135 2798 5204 majore
2847 5134 3118 5204 equitatus
3162 5147 3314 5205 parte
3345 5136 3416 5192 ibi

1860 5219 2066 5286 relicta,
2106 5233 2160 5278 et
2199 5221 2458 5291 Walrise,
2488 5225 2605 5280 viro
2639 5226 2780 5281 inter
2819 5227 3012 5282 Persas
3043 5227 3414 5293 celeberrimo,

1471 5387 1706 5446 vitam
1727 5392 2158 5464 μεετιοΝΕε.

256 5543 308 5577 ’⁸
329 5559 626 5629 παραγιγν.
659 5551 726 5615 R,
761 5559 1199 5629 qquytv._vulg.

148 5629 299 5700 aut.
337 5611 422 5700 Ri
446 5684 460 5700 .
534 5611 753 5683 τούτους
775 5611 933 5678 δέ’ίὶξ
1008 5611 1052 5656 θ’
1071 5611 1628 5700 Απῷὶεδάλῐόᾴαὲόἠῗ
1667 5638 1688 5670 ³

1275 5562 1331 5652 ’.⁷η
1343 5565 1604 5652 μῖτιοςῇῐί
1615 5610 1628 5623 .
1669 5638 1686 5652 _
1703 5568 1749 5601 ³⁸

1864 5572 1986 5652 inter
2019 5575 2059 5629 Β
2078 5587 2150 5652 et
2176 5578 2340 5652 intpr.
2379 5580 2586 5652 stolide,
2611 5581 2847 5650 ἀνόνητα
2865 5584 3008 5648 vulg.
3083 5585 3130 5616 ⁹⁹
3183 5588 3415 5652 ἐκείνοις.

1720 5645 2032 5711 γωρυττοὺς
2078 5647 2213 5701 Edd.

2309 5651 2709 5726 fuspt6s§pctia
2736 5654 2884 5726 vulg.
2961 5655 2982 5686 '
3015 5652 3237 5726 όποίους
3269 5651 3405 5726 Spit.

151 5687 257 5741 Pa
269 5699 315 5735 r.
392 5683 413 5713 ⁸
443 5684 602 5755 ἐῴκει
631 5702 936 5746 correctum
958 5705 1043 5750 est
1070 5697 1122 5752 in
1155 5683 1273 5770 'mg.
1305 5683 1498 5772 Digiti;
1528 5683 1706 5761 ἐδόκει

151 5757 186 5787 Β
232 5752 524 5793 Κητηίηοωι
570 5757 677 5793 ΙδιιΛ
776 5762 797 5791 9
829 5765 1115 5793 s----.v.-_-
1155 5768 1191 5793 υ
1261 5771 1476 5793 :_____-,
1684 5780 1693 5793 .

1864 5683 2027 5708 νυνι...
2079 5683 2213 5701 υιιυ.
2359 5683 2709 5720 ιιςγιυςμγυιιυι
2741 5683 2884 5722 γωδ.
2964 5683 2979 5686 ν
3018 5683 3233 5718 υνιιυιυυς
3269 5683 3403 5726 opu.

1864 5728 1886 5793 ι
1905 5712 2105 5793 in_ort_l.
2128 5715 2466 5793 etli.__intp_tj.
2497 5721 2788 5793 videbatur.
2815 5791 2821 5793 Α
2865 5723 2884 5753 ⁷
2910 5722 3295 5793 σμολαιότερον
3337 5725 3403 5782 Β.

257 5756 270 5765 .
487 5752 497 5755 -
593 5757 607 5770 .
1221 5752 1270 5770 ο-
1306 5752 1498 5772 -ν-υ---ν
1533 5752 1706 5761 ---ην-
1735 5752 1752 5765 .

143 5757 186 5787 ⁸
231 5752 714 5850 Κοταεσιονηιιιίιι...
745 5762 1230 5850 ,⁸,ἐπορεύετοιξὶη
1259 5771 1578 5842 ἐπορεύοντο
1609 5780 1752 5850 vulg.

145 5823 511 5894 κρυμμένην
533 5825 596 5882 ll.
672 5831 714 5861 "
737 5823 1088 5900 ἀκλεεστέρου
1125 5823 1271 5893 R.'in
1295 5823 1400 5898 nisi.

1847 5783 1888 5813 ¹⁰
1917 5786 2082 5840 αὐτοῦ
2111 5805 2162 5842 κ.
2190 5791 2222 5859 η
2255 5783 2397 5860 ἄλλη
2417 5788 2481 5852 R,
2519 5807 2572 5844 κ.
2613 5793 2647 5860 ἡ
2673 5792 2726 5846 ἀ.
2765 5791 2885 5846 αὐτ.
2914 5783 3058 5864 vulg.
3136 5795 3176 5826 η
3202 5783 3402 5852 ἀποκε-
