4212 6438
218 423 350 490 1409

1354 434 1890 498 HISTORIARUM
1931 438 2161 498 LIBER
2217 440 2314 502 ιν.

3295 451 3440 512 1470

212 536 648 606 ἀπολελεγμένοι.
703 539 1060 612 Ἐπεφέροντο
1101 540 1180 604 δὲ,
1233 538 1314 606 οἷς
1369 544 1525 606 τοῦτο
1571 545 1768 613 ἀνεῖτο,
1803 553 1850 609 Α

1803 553 1850 609 Α
1877 545 1943 601 Et
1966 548 2182 617 quidem
2207 548 2337 602 mihi
2371 548 2579 605 videtur
2625 550 2964 608 Justinianus
3015 552 3308 623 imperator
3335 573 3447 612 non

209 627 440 696 δεσμούς
466 645 523 680 τε
555 628 804 700 σιδηροῦς
835 633 1261 702 περιαυχενίους,
1300 634 1682 706 κλινοστρόφιά
1713 653 1772 689 τε

211 719 304 770 καὶ
329 718 717 788 ποδοστράϐας,
748 722 844 775 καὶ
863 721 998 776 ἀλλα
1023 723 1158 777 ἀττα
1183 723 1389 795 ὄργανα
1421 725 1769 796 κολαστήρια.

210 809 325 863 Καί
354 826 445 879 μοι
479 809 580 882 [Ρ.
607 812 746 883 108]
780 813 928 866 δοκεῖ
957 814 1210 882 βασιλεὺς
1270 816 1640 879 Ἰουστινιανὸς
1672 817 1771 870 οὐκ

208 901 435 965 ἀπεικὸς
483 902 603 956 οὐδὲ
662 904 980 974 αὐτομάτως
1038 905 1154 958 ἀλλ’
1212 906 1625 978 ἐμφρονέστατα
1675 907 1769 960 τοῦ

207 989 415 1054 δέοντος
448 992 862 1063 ἐστοχασμένος,
901 996 994 1061 ξὺν
1025 997 1206 1069 τοιᾷδέ
1246 1015 1351 1050 τινι
1378 997 1526 1062 τάξει
1555 999 1650 1052 καὶ
1678 998 1770 1052 εὐ-

209 1083 411 1154 κοσμίᾳ
452 1086 552 1154 τὴν
589 1085 768 1155 κρίσιν
813 1087 1092 1157 προελθεῖν
1139 1089 1666 1160 παρακελεύσασθαι,
1708 1091 1768 1144 ού

211 1174 372 1242 μόνον
421 1177 568 1239 ὅπως
617 1178 665 1230 oi
714 1179 896 1249 ἐκείνῃ
948 1179 1244 1252 βάρϐαροι,
1291 1181 1400 1234 τῶν
1448 1180 1770 1251 Ῥωμαϊκῶν

211 1267 364 1335 σφίσι
386 1268 631 1339 νομίμων
652 1270 1100 1342 κομπωδέστερον
1129 1272 1613 1342 ἀναδεικνυμένων,
1640 1271 1770 1325 θαυ-

212 1355 436 1421 μάζοιέν
462 1374 522 1410 τε
567 1359 705 1412 αὐτά
733 1361 827 1414 καὶ
855 1360 1108 1415 ὲπιπλέον
1145 1361 1408 1433 ἄρχεσθαι
1435 1361 1540 1414 ὑπὸ
1567 1361 1769 1416 τούτων

211 1446 587 1511 ξυνεθισθεῖεν.
631 1451 768 1504 ἀλλά
809 1454 904 1506 καὶ
948 1454 1117 1520 ὅπως,
1164 1454 1214 1506 εἰ
1263 1453 1362 1523 μὲν
1410 1454 1485 1516 ὡς
1540 1453 1768 1522 μηδίσας

208 1538 473 1610 πρότερον
499 1543 528 1593 ὁ
547 1540 823 1611 Γουὸάζης
845 1542 1161 1596 δικαιότατα
1188 1543 1381 1614 φανείη
1408 1545 1766 1616 ἀνῃρημένος,

213 1630 409 1701 μηκέτι
441 1631 667 1702 ἀνιῷντο
693 1635 742 1686 oi
771 1634 992 1703 Κόλχοι,
1031 1635 1163 1706 μηδὲ
1191 1635 1266 1698 ὣς
1295 1653 1350 1688 τι
1373 1635 1542 1688 δεινὸν
1567 1635 1768 1689 πεπον-

209 1719 362 1784 θότες
408 1721 782 1789 ἀγανακτοῖεν.
839 1723 902 1774 Εἰ
951 1722 1008 1776 δέ
1052 1740 1117 1791 γε
1163 1723 1378 1778 ἅπαντα
1425 1724 1768 1794 καταψευσά-

210 1826 384 1879 μενοι,
402 1810 496 1864 καὶ
521 1809 702 1864 ἄδικον
725 1811 939 1882 μίασμα
953 1811 1244 1882 δράσαντες
1263 1812 1439 1865 ἁλοῖεν
1458 1813 1507 1866 οἱ
1537 1814 1768 1866 ἀπεκτο-

1880 639 1978 694 abs
2006 654 2067 693 re
2096 655 2276 710 neque
2305 651 2529 706 temere,
2559 644 2650 698 sed
2677 643 3099 714 prudentissime
3127 646 3314 701 decori
3347 649 3444 703 ba-

1877 731 1988 786 bita
2012 731 2240 796 ratione,
2272 734 2580 794 mandasse.
2634 744 2691 789 ut
2717 736 2820 790 hoc
2850 735 3040 791 ordine
3093 746 3255 807 atque
3281 753 3450 808 appa-

1877 831 1996 877 ratu
2036 821 2298 891 judicium
2335 824 2704 880 institueretur
2727 865 2742 889 ,
2777 841 2884 880 non
2919 827 3097 881 solum
3127 838 3185 882 ut
3236 829 3328 899 qui
3376 829 3451 884 ibi

1874 921 2030 969 erant
2056 914 2290 978 barbari,
2322 931 2441 971 cum
2470 917 2548 972 eis
2571 916 2936 972 Reluanorum
2963 918 3204 975 instituta
3239 923 3451 990 magni-

1873 1001 2150 1058 ficentiore
2164 1012 2422 1073 apparatu
2440 1016 2886 1075 proponerentur,
2899 1023 2960 1062 ea
2981 1016 3035 1060 et
3056 1008 3451 1063 admirarentur

1877 1092 2156 1164 magisque
2185 1109 2374 1150 eorum
2398 1095 2772 1163 gubernationi
2821 1097 3207 1163 assueliercut;
3261 1114 3446 1152 verum

1875 1186 2036 1255 207
2051 1186 2214 1241 etiam
2231 1195 2313 1252 ut,
2332 1186 2378 1241 si
2393 1186 2608 1256 quidem
2627 1187 2875 1242 Gubazcs
2893 1188 3194 1243 defectione
3206 1199 3365 1243 antea
3381 1189 3447 1243 ad

1874 1275 2058 1333 Medos
2101 1287 2301 1334 tentata
2326 1294 2502 1334 czesus
2555 1278 2723 1334 fuisse
2753 1280 3271 1348 deprehenderetur,
3335 1296 3444 1335 nou

1875 1369 2106 1440 amplius
2124 1371 2242 1440 ejus
2271 1371 2472 1425 eadem
2507 1369 2754 1424 dolerent
2773 1370 2981 1437 Colchi,
3007 1386 3182 1440 neque
3210 1381 3270 1425 ut
3295 1371 3444 1442 gravi

1874 1461 2017 1516 malo
2053 1468 2274 1530 accepto
2314 1461 2745 1532 indignarentur.
2808 1459 2866 1514 Si
2897 1475 3026 1514 vero
3070 1459 3444 1526 interft-cmres

1875 1566 1969 1622 per
2001 1551 2192 1607 falsam
2224 1551 2654 1606 criminationem
2697 1550 2960 1606 facinoris
2999 1549 3292 1621 piacularis
3320 1566 3444 1620 pcr-

1875 1643 2066 1712 petrati
2119 1643 2584 1708 convincerentur,
2625 1641 2757 1712 ipsis
2785 1641 3001 1710 publico
3029 1640 3236 1710 judicio
3287 1639 3442 1693 dam-

1873 1735 2036 1798 natis,
2094 1741 2149 1788 et
2204 1743 2476 1804 prmeunte
2532 1748 2596 1788 ac
2659 1727 3026 1802 proclamante
3071 1747 3319 1801 prmcone
3348 1746 3443 1800 per

1872 1826 2169 1879 exercitum
2200 1823 2583 1880 circumductis
2613 1822 2931 1893 vindicequc
2961 1821 3159 1890 gladio,
3187 1820 3442 1875 onmibus

205 1901 359 1964 νότες
380 1902 451 1969 ³³,
487 1899 628 1956 οὕτω
672 1918 730 1954 τε
759 1900 1283 1968 καταδιαιτηθέντες,
1313 1901 1409 1956 καὶ
1433 1902 1537 1956 ὑπὸ
1567 1903 1769 1972 κήρυκι
1800 1903 1842 1958 Β

1800 1903 2258 1987 Βερεριειιιίὺυε,
2312 1917 2488 1986 capite
2544 1913 2846 1977 truncatis,
2906 1913 3143 1968 atrocior
3192 1912 3441 1966 barbaris

204 1992 412 2064 πομπῷ
453 1993 557 2046 ἀνά
599 1992 667 2045 ce
701 1992 878 2062 πλήθη
907 1991 1284 2064 περιηγμένοι,
1331 1987 1452 2046 εἶτα
1485 1991 1564 2063 τῷ
1591 1992 1765 2046 παλα-

206 2083 385 2153 μναίῳ
438 2081 602 2151 ξίφει,
649 2083 902 2136 ἁπάντων
957 2082 1264 2153 θεωμένων,
1311 2082 1762 2155 καρατομηθεῖεν,

200 2175 324 2227 τότε
363 2174 427 2245 δὴ
465 2174 646 2244 μεῖζόν
677 2193 734 2228 τι
775 2175 977 2239 δόξειεν
1005 2169 1147 2228 εἶναι
1175 2174 1238 2228 τὸ
1266 2176 1438 2246 πέρας
1451 2175 1518 2239 ’⁸,
1566 2176 1658 2228 καὶ
1685 2174 1762 2228 δι-

199 2266 445 2320 πλασίων
471 2269 504 2338 ἡ
532 2267 790 2338 τιμωρία.
832 2265 1126 2321 Ἦπίστατο
1149 2267 1261 2339 γάρ
1287 2266 1383 2332 ὡς,
1417 2269 1465 2320 εί
1497 2267 1596 2336 μὲν
1624 2267 1762 2322 οὕτω

199 2375 320 2422 πως
369 2361 426 2412 έν
470 2360 767 2431 ἀπορρήτῳ
819 2358 1294 2431 βαρϐαρικώτερον
1349 2359 1658 2414 Ῥούστικόν
1701 2377 1762 2414 τε

199 2453 298 2505 καὶ
331 2453 582 2524 Ἰωάννην
612 2451 973 2524 διαφθαρῆναι
1008 2451 1478 2524 παρεκελεύσοιτο,
1509 2452 1607 2506 οὐκ
1628 2455 1762 2508 ἀπο-

197 2544 457 2616 χρώντως
487 2545 794 2614 ἡγήσασθαι
824 2543 891 2597 ἂν
920 2545 1044 2608 τοὺς
1079 2544 1317 2614 Κόλχους
1343 2546 1442 2613 τὴν
1478 2543 1635 2614 ὓϐριν
1665 2544 1763 2598 αὑ-

195 2639 312 2700 τοῖς
345 2635 770 2700 ἀπεσκευάσθαι,
810 2635 932 2688 οὑὸὲ
973 2637 1354 2706 προσήκουσαν
1385 2634 1574 2706 ποινὴν
1604 2637 1762 2706 κομί·

198 2729 397 2784 σασθαι
442 2729 551 2782 τῶν
595 2729 1016 2800 ἡμαρτημένων.
1081 2728 1442 2800 Δικαστηρίου
1490 2729 1548 2782 δὲ
1593 2747 1760 2783 κατα-

197 2821 423 2887 στάντος
442 2865 457 2888 ,
507 2822 600 2876 καὶ
645 2821 948 2890 ἀντιλογίας
985 2820 1322 2890 ἑκατέρωθεν
1371 2820 1758 2892 προελθούσης,

194 2913 294 2967 καὶ
322 2913 428 2966 τῶν
461 2912 748 2984 ὑπηρετῶν
791 2913 903 2968 ἄνω
946 2929 1008 2965 τε
1040 2911 1134 2964 καὶ
1166 2911 1316 2964 κάτω
1357 2911 1676 2965 διαττόντων
1691 2911 1759 2973 ⁸⁸.

194 3007 291 3058 καὶ
320 3006 466 3068 ὅπως
495 3005 604 3058 τῶν
632 3005 967 3077 κρινομένων
993 3003 1220 3067 ἕκαστος
1246 3005 1304 3056 ὲν
1332 3003 1521 3073 κόσμῳ
1547 3002 1762 3071 ἑστήξει

194 3097 292 3150 καὶ
311 3098 680 3167 ἀποκρινεῖται
708 3096 1154 3165 διαταττομένων,
1174 3094 1338 3163 ὄγκου
1369 3111 1428 3147 τε
1447 3093 1757 3147 ὃικαπικοῦ

194 3189 544 3262 φαινομένου,
579 3190 672 3242 καὶ
711 3186 1112 3260 μεγαληγορίας
1139 3185 1499 3256 ἀκουομένης,
1544 3186 1640 3240 καὶ
1664 3185 1756 3238 ἐπὶ

189 3277 406 3340 τούτοις
439 3275 533 3330 τοῦ
567 3275 786 3347 ὀλέθρου
831 3274 1262 3346 φρικωδέστερον
1305 3274 1713 3346 ἐπιγιγνομένου
1736 3290 1751 3306 '

193 3368 404 3422 τούτων
431 3367 496 3438 δὴ
521 3362 613 3421 οὖν
668 3366 808 3420 οὔτω
839 3365 1256 3439 πρασσομένων,
1288 3366 1473 3438 ἔτερόν
1495 3384 1548 3420 τι
1574 3367 1756 3430 αὐτοῖς

195 3460 384 3530 μεῖζον
411 3461 505 3512 καὶ⁵
536 3458 678 3531 μάλα
721 3457 944 3520 εἰκότως
977 3457 1258 3527 φανεῖσθαι
1306 3457 1365 3510 τὸ
1408 3458 1595 3528 χρῆμα
1642 3457 1754 3526 ὲγί-

191 3570 432 3620 γνωσκε,
465 3554 560 3605 καὶ
582 3551 720 3621 τάχα
741 3549 840 3621 τὴν
871 3549 1025 3615 ἀξίαν
1057 3548 1152 3602 τοῦ
1192 3550 1564 3620 ὲπικλὴματος
1591 3551 1756 3621 ὑπερο

188 3643 410 3698 ϐάλλον.
459 3643 642 3697 Ταῦτα
689 3643 797 3712 γάρ
839 3643 934 3694 καὶ
972 3642 1099 3704 τοὺς
1130 3643 1187 3694 ὲν
1228 3640 1503 3711 Βυζαντίῳ
1538 3642 1753 3706 ἀστοὺς,

188 3735 373 3790 καίτοι
421 3733 570 3806 θαμά
634 3735 813 3788 ἐκεῖσε
861 3732 1190 3804 γιγνόμενα,
1247 3733 1610 3802 καταπλήττει
1659 3732 1754 3786 καὶ

185 3829 437 3898 ἐξίστησι
486 3826 595 3880 τῶν
625 3825 1024 3897 φρονημάτων,
1080 3828 1154 3895 μὴ
1201 3823 1254 3878 τί
1285 3840 1350 3893 γε
1372 3825 1418 3855 ’⁸
1447 3822 1760 3895 Βαρὸἀρους

1863 2007 1942 2062 rei
1973 2008 2151 2061 exitus
2183 2016 2237 2062 et
2262 2006 2595 2077 duplicatum
2623 2005 2948 2075 supplicium
2988 2019 3110 2060 esse
3138 2002 3436 2056 videretur.

1865 2098 2083 2154 Sciebat
2144 2098 2309 2163 enim,
2368 2097 2416 2152 si
2454 2097 2784 2153 clandestina
2837 2111 2966 2151 nece
3007 2094 3350 2150 barbaricum
3382 2093 3436 2146 in

1863 2207 2066 2246 morem
2115 2190 2397 2245 Rusticum
2427 2199 2482 2245 et
2507 2187 2772 2244 Joannem
2817 2204 2848 2243 e
2899 2187 3077 2242 medio
3125 2187 3238 2241 tolli
3283 2202 3437 2239 mau-

1861 2283 2064 2347 dasset,
2123 2282 2535 2338 existimaturos
2598 2280 2862 2344 Colchos,
2930 2277 3209 2348 iujuriam,
3263 2293 3431 2347 quam

1861 2382 2201 2444 acceperant,
2235 2389 2342 2429 non
2366 2373 2499 2429 satis
2529 2389 2626 2443 pro
2642 2387 2707 2427 eo
2735 2387 2800 2426 ac
2830 2369 3058 2425 debebat
3081 2367 3435 2429 viudicatam,

1862 2482 2037 2536 neque
2058 2467 2192 2522 satis
2214 2481 2404 2537 graves
2425 2466 2492 2521 de
2515 2465 2746 2519 crimine
2762 2477 2954 2534 pmnas
2971 2470 3216 2530 sumptas
3241 2459 3430 2516 fuisse.

1860 2555 2072 2612 Judicio
2102 2572 2228 2612 vero
2259 2571 2360 2628 pro
2389 2554 2645 2611 tribunali
2682 2554 2948 2616 instituto,
2973 2560 3028 2606 et
3057 2567 3218 2607 causa
3263 2550 3437 2604 utrin-

1860 2663 1966 2718 que
2001 2648 2301 2718 disceptata
2324 2688 2340 2714 ,
2373 2659 2426 2704 et
2456 2645 2724 2702 ministris
2754 2643 3060 2715 judiciariis
3101 2642 3241 2696 ultro
3265 2640 3433 2696 citro-

1859 2755 1965 2810 que
2015 2740 2472 2805 commeantibus,
2519 2749 2686 2806 utque
2720 2745 2934 2791 actores
2975 2743 3029 2789 ct
3073 2732 3150 2787 rei
3182 2741 3306 2802 apte
3333 2746 3435 2786 suo

1860 2831 2052 2884 ordine
2071 2830 2500 2900 interloquantur
2526 2827 2966 2899 procurantibus,
2989 2837 3240 2880 versante
3268 2824 3432 2878 etiam

1859 2921 1931 2977 ob
1989 2921 2176 2976 oculos
2236 2921 2516 2991 majestate
2551 2920 2800 2991 judiciali
2847 2926 2901 2973 et
2958 2915 3433 2988 gramliloqueutia

1859 3026 2018 3067 aures
2055 3010 2302 3076 feriente,
2350 3027 2523 3082 eoque
2577 3012 2726 3067 omni
2766 3020 3024 3082 apparatu
3063 3020 3292 3065 mortem
3324 3008 3431 3062 im-

1860 3104 2153 3158 minentem
2216 3103 2614 3159 borribiliorem
2675 3103 2971 3169 efficiente;
3019 3102 3125 3164 bis,
3190 3103 3431 3170 inquam,

1862 3193 2112 3251 omnibus
2173 3193 2247 3248 ita
2301 3195 2556 3264 peractis,
2608 3209 2720 3250 rem
2787 3195 2957 3265 ipsam
3017 3193 3192 3262 majus
3228 3191 3431 3260 aliquid

1861 3291 2022 3354 atque
2055 3284 2295 3341 atrocius
2327 3285 2572 3341 barbaris
2627 3300 2748 3341 esse
2799 3292 3325 3354 reprmsentatnram,
3378 3288 3434 3334 et

1861 3374 2092 3430 fortasse
2122 3376 2368 3432 criminis
2389 3377 2614 3432 admissi
2667 3377 2919 3431 meritum
2961 3377 3244 3431 excedens.
3309 3373 3434 3431 llam

1861 3467 2004 3520 enim
2036 3465 2198 3520 etiam
2227 3466 2374 3537 ipsos
2398 3467 2541 3524 cives
2573 3468 2916 3538 Byzantinos,
2945 3467 3154 3522 tametsi
3185 3465 3430 3535 frequen-

1864 3567 1946 3612 ter
1973 3556 2085 3613 illic
2133 3558 2485 3629 contingant,
2517 3561 2840 3630 percellunt,
2871 3568 3033 3628 atque
3080 3559 3240 3627 208
3280 3566 3429 3611 extra

1862 3660 1921 3700 se
1956 3656 2184 3714 ponunt,
2219 3646 2417 3700 nedum
2452 3647 2717 3701 barbaros
2766 3646 2833 3701 iis
2873 3661 2980 3700 non
3025 3655 3293 3700 assuetos.
3334 3644 3430 3698 llis

1865 3733 2050 3804 igitur,
2083 3745 2143 3787 ut
2192 3734 2447 3798 arbitror,
2480 3736 2546 3790 de
2593 3735 2777 3790 causis
2809 3735 3138 3797 llomanum,
3166 3733 3278 3787 imo
3301 3747 3428 3787 vero

1866 3826 2280 3890 Atticissimum,
2306 3827 2544 3881 tribunal
2580 3827 2645 3881 ad
2671 3827 2972 3882 Caucasum
3025 3825 3126 3880 fuit
3145 3825 3428 3880 indictum.

187 3920 289 3973 καὶ
314 3921 414 3973 οὐκ
444 3917 802 3988 εἰθισμένους.
853 3905 1069 3970 Τούτων
1103 3918 1199 3986 μὲν
1227 3911 1320 3970 οὖν
1351 3915 1535 3982 ἕνεκα,
1583 3911 1757 3987 οἶμαι,
1809 3916 2114 3988 Ῥωμαϊκὸν
2174 3921 2539 3992 δικαστήριον,
2607 3919 2805 3990 μᾶλλον
2841 3918 2940 3989 μὲν
2970 3913 3061 3972 οὖν
3108 3915 3430 3969 Ἀττικώτα-

185 4029 306 4076 τον,
338 4011 442 4065 ὑπὸ
471 4009 548 4080 τῷ
577 4009 852 4078 Καυκάσῳ
886 4007 1276 4077 ξυνεκροτήθη.

268 4105 335 4175 β’.
380 4106 514 4158 Τότε
559 4104 617 4158 δὲ
663 4103 974 4166 Ῥούστικός
1007 4120 1066 4154 τε
1103 4103 1198 4155 καὶ
1237 4101 1509 4172 Ἰωάννης,
1553 4105 1620 4156 ὲκ
1658 4101 1753 4155 τοῦ

185 4194 564 4266 δεσμωτηρίου
593 4193 836 4263 ἡγμένω,
867 4192 970 4246 ἀνά
999 4191 1059 4244 τὸ
1083 4190 1231 4242 λαιὸν
1259 4190 1420 4262 μέρος
1441 4191 1754 4261 ὲστήκατον,

185 4281 283 4340 οἷα
325 4285 390 4357 δὴ
439 4285 721 4354 φεύγοντε.
777 4283 899 4336 Ἐπὶ
931 4281 1132 4352 θάτερα
1181 4281 1238 4334 δὲ
1286 4281 1538 4352 παρῆσαν
1584 4297 1755 4350 κατη-

184 4379 571 4450 γορησείοντες
601 4377 706 4430 τῶν
737 4376 959 4444 Κόλχων
985 4375 1035 4426 oi
1067 4372 1508 4444 ὲμφρονέστατοι,
1533 4373 1627 4426 καὶ⁹
1655 4373 1752 4443 ἤδη

185 4470 516 4526 ἑκπλείστου
565 4468 663 4539 τὴν
718 4467 944 4522 Ἐλλάδα
992 4466 1176 4538 φωνὴν
1227 4465 1670 4536 ἐκμεμαθηκότες
1687 4465 1752 4518 ’⁷.

1926 4101 1979 4154 ‘2.
2014 4098 2152 4153 Tum
2193 4113 2320 4154 vero
2348 4096 2606 4152 Rusticus
2635 4107 2689 4152 et
2712 4096 2952 4151 Joannes
2979 4109 3010 4150 e
3057 4108 3275 4149 carcere
3305 4107 3423 4162 pro-

1859 4192 2028 4258 ducti,
2059 4192 2126 4245 ad
2177 4191 2450 4246 sinistram
2481 4197 2682 4259 partem
2727 4197 2856 4243 sunt
2883 4185 3181 4249 constituti,
3237 4192 3421 4254 utpote

1860 4281 1936 4337 rei
1961 4296 2056 4346 ;ex
2087 4281 2316 4336 adverso
2333 4280 2798 4342 stabantactores,
2826 4277 2917 4346 qui
2939 4291 3060 4331 eum
3085 4274 3423 4329 criminaturi

1859 4381 2029 4436 erant,
2057 4371 2378 4426 Colchorum
2405 4367 2813 4439 sapientissimi,
2836 4366 3037 4437 quique
3060 4366 3175 4435 jam
3201 4380 3230 4418 a
3257 4365 3426 4418 multo

1857 4471 2097 4530 tempore
2115 4459 2298 4514 Cnece
2321 4459 2466 4529 loqui
2488 4457 2822 4521 didicerant;
2853 4471 2919 4510 ac
2943 4455 3176 4526 primum
3203 4452 3423 4524 quidem

201 4558 447 4612 Ἐδέοντο
477 4557 535 4610 δὲ
577 4556 895 4628 πρότερονη
930 4555 1030 4624 τὴν
1058 4554 1210 4625 παρά
1239 4553 1500 4624 βασιλέως
1537 4554 1755 4606 έπιστο·
1789 4567 1830 4622 ι)
1859 4568 1864 4621 ]

1859 4550 2219 4621 postularunt,
2247 4559 2307 4603 ut
2336 4549 2524 4602 litterae
2580 4546 2938 4617 imperatoria!
2975 4545 3187 4615 publice
3228 4543 3424 4599 recita-
3506 4542 3510 4547 ’

184 4653 294 4721 λὴν
347 4653 405 4704 ὲν
462 4649 626 4719 κοινῷ
685 4646 1196 4718 ἀνακηρύττεσθαι,
1258 4646 1438 4715 ἤνπερ
1495 4643 1757 4715 ἐτύγχανε

186 4742 458 4812 πρὰτερον
480 4743 509 4794 ὁ
541 4739 797 4808 Ἰωάννης
813 4737 1020 4792 τούτων
1049 4736 1114 4807 δὴ
1140 4736 1268 4806 πέρι
1291 4736 1404 4798 τοῖς
1433 4736 1757 4806 στρατηγοῖς

184 4833 519 4903 διακομίσας
544 4848 559 4863 ο
617 4830 755 4884 ἀλλά
781 4828 889 4901 γάρ
921 4829 1016 4884 καὶ
1051 4827 1129 4899 τῷ
1160 4827 1406 4897 διαιτητῇ
1447 4824 1753 4891 ξυνδοκοῦν,

184 4923 566 4994 γεγωνότερόν
581 4925 627 4956 ¹⁹
663 4940 744 4986 τις
776 4922 945 4990 αὐτὴν
985 4919 1094 4973 τῶν
1130 4921 1189 4983 ἐς
1223 4918 1383 4972 τοῦτο
1411 4917 1757 4988 τεταγμένων

184 5014 416 5086 διεξῄει,
446 5009 548 5069 ὧδέ
571 5031 686 5077 πως
711 5013 966 5084 ἔχουσαν·
1003 5013 1287 5066 "Amator
1307 5010 1424 5080 μὲν
1447 5008 1546 5062 καὶ
1575 5008 1760 5076 παρά-

185 5111 384 5175 λογον
413 5105 475 5159 τὸ
504 5105 652 5174 πρὸς
676 5102 841 5173 ὑμῶν
865 5101 1328 5171 ἀνηγγελμένον,
1359 5101 1438 5167 ὠς
1475 5099 1589 5168 ἄρα
1605 5100 1758 5163 ,βου-

185 5197 432 5266 λομένῳ
467 5196 598 5250 ἐστὶ
643 5194 722 5260 τῷ
762 5194 1047 5262 Γουϐάζη,
1084 5193 1157 5248 τὰ
1195 5194 1410 5262 πάτρια
1435 5193 1539 5260 ἔθη
1567 5209 1758 5246 κατα-

188 5288 500 5358 προεμένῳ
521 5287 618 5341 καὶ
646 5286 787 5352 τοὺς
806 5286 876 5339 ἐν
903 5286 1128 5340 ἅπασιν
1157 5286 1492 5353 ὁμόφρονας
1523 5283 1620 5335 καὶ
1649 5283 1754 5336 ἁν-

1861 4649 2068 4706 rentur,
2095 4654 2232 4710 quas
2251 4648 2408 4694 antea
2465 4636 2700 4692 Joannes
2729 4636 2966 4691 dehisce
2993 4635 3156 4690 rebus
3184 4633 3250 4689 ad
3278 4648 3419 4704 pra:-

1862 4730 2031 4787 fectos
2052 4730 2322 4786 exercitus
2346 4729 2621 4784 attulerat.
2651 4727 2808 4794 Quod
2837 4724 3057 4797 quidem
3089 4725 3421 4796 postulatum

1859 4837 1982 4878 cum
2016 4829 2070 4876 et
2088 4821 2254 4891 judici
2287 4820 2628 4890 probaretur,
2654 4819 2874 4889 quidam
2900 4833 2966 4873 ex
2990 4817 3055 4872 iis
3091 4815 3188 4886 qui
3217 4815 3286 4870 ad
3319 4815 3420 4869 boc

1857 4920 2015 4970 erant
2065 4912 2350 4982 designati.
2374 4911 2564 4966 altiore
2592 4925 2722 4964 voce
2775 4923 2896 4963 eam
2921 4907 3187 4969 recitavit,
3215 4905 3294 4960 sic
3324 4905 3420 4959 ba-

1855 5006 2098 5060 bentetn:
2163 5001 2475 5058 Incredibile
2511 5001 2718 5072 quidem
2750 5000 2877 5054 mihi
2930 4997 3318 5067 absurdumque
3346 4996 3419 5048 ri-

1854 5099 2032 5161 detur,
2065 5095 2202 5165 quod
2253 5111 2286 5147 a
2339 5094 2481 5147 vobis
2513 5092 2808 5155 nuntiatur,
2841 5091 3042 5146 ϐαίνειιὶ
3076 5088 3419 5144 deliberatum

1853 5203 1980 5252 esse,
2006 5186 2191 5255 patriis
2217 5183 2447 5238 moribus
2471 5183 2689 5246 relictis,
2707 5191 2757 5236 et
2784 5183 2850 5235 iis
2869 5181 2956 5252 qui
2973 5180 3128 5234 unius
3156 5178 3416 5249 ejusdem-

1853 5295 1950 5348 que
1991 5289 2112 5332 sunt
2149 5292 2264 5330 cum
2317 5277 2432 5345 ipso
2464 5275 2518 5329 in
2550 5275 2786 5328 omnibus
2828 5271 3128 5337 sententia;
3160 5271 3420 5326 veteribus

1465 5460 1698 5517 VARIAS
1744 5457 2143 5515 LECTIONES.

271 5676 319 5707 ’³
350 5675 399 5727 oi
427 5674 789 5736 ἀπεκτονότες
814 5670 884 5737 R,
903 5679 1005 5728 art.
1033 5687 1144 5727 om.
1171 5671 1315 5742 vulg.

196 5745 400 5813 Lugd,
431 5743 594 5813 impr.
617 5742 754 5798 ultro
770 5733 1001 5812 citroque
1029 5733 1426 5813 cui'sitaiti'ibus,
1457 5733 1843 5813 διαταττόντωξ
1862 5733 1906 5788 ll
1934 5746 1990 5813 et
2023 5733 2189 5800 Lugd.

194 5833 269 5871 cx
287 5804 338 5868 ἶι
364 5804 594 5881 etitttitr.
669 5813 714 5846 ’⁷
737 5804 1009 5883 expedio.
1049 5813 1136 5876 ιι..
1167 5811 1368 5882 μεμαθ.
1396 5810 1542 5881 vulg.
1567 5808 1781 5879 πρῶτον
1807 5804 1874 5859 li:

1429 5672 1476 5705 ³⁵
1514 5669 1686 5737 Lugd.
1750 5682 1891 5737 mg.‘
1908 5665 1982 5719 ῖσ.
2022 5665 2205 5737 τέρας.

2317 5664 2361 5696 ³⁵
2391 5660 2710 5716 διαττόντων
2755 5659 2900 5728 vulg.
2948 5673 3015 5712 ex
3039 5654 3184 5725 conj.
3214 5654 3268 5708 in
3299 5670 3409 5727 mg.

2278 5732 2324 5770 ³⁸
2359 5733 2430 5782 μή
2456 5731 2508 5782 τί
2529 5747 2590 5782 γε
2625 5730 2688 5782 ιι.
2725 5730 2970 5782 μήτοιγε
2996 5727 3142 5782 νιιίιῐ.
3174 5722 3268 5778 καὶ
3301 5726 3409 5780 ius.

1949 5746 1988 5789 ξι
2023 5732 2189 5800 Lugd.
2278 5732 2324 5770 ³⁸
2359 5733 2430 5855 μη
2456 5732 2508 5784 τί
2529 5747 2590 5798 γε
2625 5732 2688 5793 ιι,
2723 5732 2881 5800 μήτοι
2905 5743 2970 5794 γε
2996 5732 3142 5796 vulg.
3174 5732 3268 5778 καὶ
3301 5732 3411 5780 ius.

1949 5810 1992 5838 ’9
2021 5803 2383 5873 γεγωνότερον
2431 5803 2454 5856 ι
2499 5799 2648 5872 (CL),
2671 5798 3033 5868 γεγονώτερον
3053 5795 3195 5866 vulg.
