4212 6438
244 427 379 492 1473

1407 441 1932 504 HISTORIARUM
1977 445 2208 505 LIBER
2255 448 2350 508 IV.

3345 461 3364 524 Ῑ
3378 459 3482 528 474

230 545 548 614 μισμένον,
594 551 645 602 εἰ
673 555 769 605 καί
816 555 886 605 τὰ
923 554 1040 606 τῶν
1085 554 1283 623 λόγων
1333 556 1456 639 cier
1498 558 1663 610 άπλὰ
1707 575 1761 611 κι

1868 585 1878 619 ,
1909 561 2144 614 tudinem
2184 563 2466 616 criminum
2496 563 2848 620 admissorum
2875 583 3203 640 nequaquam
3222 589 3475 648 exaequet.

234 631 456 700 ἣκιστα
480 642 960 710 κεκομψευμένα,
987 642 1085 696 καί
1115 622 1210 696 οἷα
1236 644 1342 699 τοῦ
1364 622 1655 716 μεγέθους
1687 647 1805 700 τῶν

229 727 640 796 εἰργασμένων
675 731 762 800 μή
801 732 1192 797 ἐξικνεῖσθαι.
1243 740 1392 793 Ποία
1438 740 1550 810 γὰρ
1598 743 1804 810 αὐτοῖς

229 813 250 888 [
273 816 335 870 Ρ.
363 818 501 892 HO]
545 823 891 892 λελείψεται
934 825 1196 898 σκῆψις.
1243 831 1434 900 ἄνδρα
1483 835 1799 901 τοσοῦτον,

225 909 411 976 φίλον
434 911 578 982 ὑμῖν
607 913 706 968 καί
731 916 971 986 συνήθη
997 919 1096 972 καί
1129 921 1452 990 σύμμαχον
1477 924 1576 978 καί
1605 925 1802 994 όμοδί-

225 1019 397 1056 αιτον
421 1007 518 1061 καί
548 1009 950 1078 ὁμόσπονδον,
995 1014 1095 1068 καί
1131 1018 1315 1070 ταύτά
1344 1017 1479 1086 περί
1504 1019 1573 1072 τὸ
1598 1019 1800 1088 Κρεῖτ-

225 1109 334 1144 τον
359 1096 718 1168 φρονοῦντα,
756 1102 855 1156 καί
901 1104 960 1157 τί
989 1103 1058 1158 δὲ
1091 1105 1226 1174 οῠχί
1269 1104 1388 1159 τῶν
1427 1109 1800 1164 οἰκειοτάτων

223 1188 622 1256 κεκτημένον,
677 1193 934 1263 ἀναίδην
953 1197 996 1228 ⁸⁹
1041 1198 1195 1251 οὕτω
1237 1197 1795 1273 διαχειρισαμένοις,

221 1273 321 1326 καί
353 1276 557 1345 πολλῇ
590 1279 665 1348 τῇ
718 1281 1045 1353 δυσμενείᾳ
1087 1285 1350 1355 χρῆσθαι
1392 1293 1520 1345 καθ’
1560 1291 1729 1361 ὑμῶν
1749 1293 1795 1326 ⁸⁸

219 1368 615 1437 φωρασθεῐσι,
662 1371 744 1440 τῷ
784 1376 928 1443 τοὺς
961 1379 1214 1448 ἐχθροὺς
1263 1385 1794 1453 τεθεραπευκέναι;

223 1461 520 1528 Βασιλεὺς
567 1465 677 1534 γὰρ
721 1470 754 1521 ό
797 1469 1208 1539 ἀνῃρημένος,
1258 1471 1305 1525 ὦ
1356 1473 1647 1542 δικαστά,
1693 1478 1793 1531 καί

217 1553 428 1619 ἔθνους
468 1557 578 1610 οὐκ
616 1558 927 1628 ἀγεννοῦς,
962 1563 1060 1618 καί
1107 1565 1260 1634 πρὸς
1299 1567 1523 1636 ἀρετὴν
1559 1568 1792 1640 ἐνεργό-

181 1684 188 1691 .
219 1659 412 1707 τατος,
439 1645 536 1697 καί
565 1646 636 1700 τὰ
670 1647 968 1718 Ῥωμαίων
995 1652 1261 1726 στέργων
1289 1657 1378 1712 ἀεί
1410 1659 1619 1724 πολλῷ
1642 1660 1792 1730 μᾶλ-

229 1738 330 1785 tor
390 1733 507 1788 τῶν
560 1738 991 1797 ἀπεκτονότων,
1056 1746 1541 1818 Ἀνατετρὰφαται
1591 1752 1660 1804 δὲ
1719 1755 1789 1808 τὰ

213 1825 466 1892 Κόλχων
505 1829 818 1900 πράγματα
864 1835 963 1889 καί
1003 1836 1326 1906 tamen“,
1383 1842 1787 1914 ἀληθέστερον

1907 651 2164 716 Quianam
2215 657 2353 709 enim
2393 659 2660 712 excusatio
2713 669 2985 729 suppetere
3021 663 3188 730 pote‘st
3244 666 3332 729 iis,
3388 672 3481 737 qui

1906 742 2072 798 talem
2108 745 2298 812 cirum,
2333 749 2562 801 amicum
2595 749 2736 804 vobis
2763 759 2812 804 et
2848 750 3191 820 familiarem,
3228 759 3479 812 societate

1904 833 2026 888 belli
2047 842 2098 888 et
2131 835 2386 905 foederum
2415 838 2752 908 conjunctum
2793 839 3075 910 cadentque
3116 844 3381 898 vobiscum
3412 847 3478 901 de

1906 924 2010 980 Deo
2048 928 2373 992 sentientem,
2403 939 2452 984 et
2500 931 2627 1002 quid
2657 947 2760 984 non
2791 949 2970 986 eorum
2992 950 3108 1004 quae
3133 937 3275 991 vobis
3308 938 3477 1007 fami-

1898 1016 2062 1071 liaria
2097 1030 2220 1072 sunt
2259 1032 2613 1087 consecutum,
2661 1023 2862 1092 nefarie
2917 1026 3046 1079 adeo
3077 1027 3470 1095 interfecerunt,

1899 1117 2204 1180 tantamque
2264 1107 2513 1168 adversus
2562 1132 2648 1168 vos
2695 1115 3034 1170 hostilitatem
3106 1119 3471 1189 declararunt,

1896 1198 2129 1254 hostium
2163 1203 2395 1270 gratiam
2439 1204 2788 1260 demerendo?
2839 1209 2996 1278 Ωιι
3031 1208 3140 1264 Rea:
3163 1212 3301 1265 enim
3332 1223 3470 1278 erat,

1895 1291 1986 1362 qui
2016 1293 2324 1362 interfectus
2375 1304 2474 1358 est,
2514 1312 2545 1349 ο
2579 1297 2768 1364 judex,
2803 1311 2851 1352 et
2885 1301 3054 1370 gentis
3093 1318 3196 1355 non
3225 1302 3469 1373 ignobilis

1892 1394 1942 1438 et
1980 1397 2227 1440 strenuus
2259 1389 2466 1442 virtutis
2497 1389 2687 1453 cultor,
2715 1400 2764 1445 et
2797 1391 3152 1446 Romanorum
3199 1397 3469 1452 studiosus

1890 1496 2093 1551 semper
2115 1483 2281 1536 multo
2303 1485 2473 1552 magis
2509 1498 2670 1551 quam
2698 1483 3078 1551 interfectores.
3123 1483 3332 1542 Eversa
3349 1488 3470 1556 jam

1890 1577 2013 1621 sunt
2047 1569 2363 1623 Colchorum
2403 1587 2484 1623 res
2509 1581 2558 1624 et
2590 1569 2858 1640 collapsa.
2895 1572 3000 1625 imo
3027 1575 3201 1642 potius
3222 1577 3466 1643 publicae,

1889 1661 2144 1730 siquidem
2183 1677 2312 1730 pars
2372 1663 2611 1732 quadam
2667 1664 2827 1716 etiam
2876 1680 2971 1718 nos
3018 1681 3181 1736 neque
3242 1669 3468 1723 minima

1887 1751 2220 1805 subditorum
2235 1767 2418 1806 sumus
2439 1790 2453 1812 ,
2473 1752 2791 1823 deperiitque
2805 1752 2946 1807 vobis
2959 1771 3154 1809 'rerum
3175 1769 3466 1814 vestrarum

1887 1843 2087 1913 integer
2127 1854 2284 1915 atque
2333 1843 2620 1914 inoﬂ'ensus
2667 1853 2859 1909 status,
2908 1848 3244 1918 potentiaque
3289 1844 3465 1905 vestra

211 1915 281 1968 δὲ
314 1919 386 1972 τὰ
411 1922 604 2011 κοινὰ,
647 1923 705 1976 εἰ
737 1941 805 1994 γε
822 1925 1004 1996 μέρος
1034 1947 1090 1983 τι
1120 1930 1220 1985 καί
1246 1933 1417 2001 ἡμεῖς
1439 1909 1550 1989 οὐκ
1579 1909 1761 2006 ἐλάχιι

1885 1935 2205 1990 uehementer
2220 1944 2298 1990 est
2332 1938 2656 2001 imminuta;
2705 1937 3001 2003 respublica
3041 1955 3180 2006 vero,
3224 1957 3340 2011 qua:
3359 1959 3465 1997 non

205 2021 360 2061 στον
381 2007 488 2077 τῆς
517 2015 792 2083 ὑπηκόου
814 2020 1194 2092 τυγχάνομεν
1221 2024 1412 2093 ὄντες.
1445 2027 1554 2082 Kal
1572 2028 1780 2083 διόλω-

202 2103 319 2154 λεν
369 2103 512 2172 ὐμῖν
557 2106 624 2159 τὸ
690 2109 1018 2180 ἀκραιφνὲς
1060 2116 1179 2168 τῶν
1239 2120 1624 2174 καθεστώτων
1680 2121 1778 2175 καὶ

201 2190 558 2262 άπτ-αιστον,
589 2200 686 2254 καί
719 2202 867 2257 κατὰ
901 2205 1060 2262 πολὺ
1089 2207 1200 2274 τῆς
1227 2212 1451 2277 οἰκείας
1476 2211 1778 2284 δυνάμεως

192 2289 639 2352 μειονεκτεῖσθε
663 2308 678 2324 ·
718 2299 989 2352 πολιτεία
1015 2299 1084 2353 δὲ
1105 2301 1191 2370 μὴ
1219 2301 1317 2357 διὰ
1343 2303 1586 2360 πάντων
1603 2308 1777 2377 epiplo-

191 2379 375 2472 μένη,
421 2382 579 2438 ἀλλὰ
614 2386 872 2457 ,βραχείᾳ
905 2391 1054 2460 γοῦν
1093 2411 1209 2449 τινι
1235 2397 1414 2466 μοίρᾳ
1449 2402 1773 2472 σφαλεῖσά,

196 2469 399 2525 οὐκέτι
442 2477 812 2534 συνεστάναι
851 2481 1085 2546 δόξειεν
1103 2485 1145 2518 ⁵³
1203 2487 1283 2542 ἂν
1327 2493 1771 2560 προσηκόντως,

192 2564 558 2620 τούναντίον
590 2571 708 2639 μὲν
750 2568 864 2627 οὖν
895 2574 994 2628 καί
1041 2578 1238 2646 αὐτὴν
1276 2583 1606 2650 ψεύδεσθαι
1659 2585 1776 2653 τὴν

189 2652 559 2726 ἐπωνυμίαν,
591 2660 658 2714 τὸ
687 2663 946 2733 ἐντελῶς
974 2668 1138 2739 ἔχειν
1160 2671 1536 2743 ἀφῃρημένη.
1584 2652 1774 2732 Ταῦτα

187 2746 272 2814 δὴ
306 2743 420 2804 οὖν
448 2751 683 2808 ἅπαντα
713 2755 1072 2828 δράσαντες,
1108 2764 1181 2816 οὗ
1209 2781 1361 2832 φασι
1396 2765 1525 2820 δεῖν
1557 2768 1772 2837 ὐμᾶς⁸³

187 2839 559 2912 τὸ-πραχθὲν
589 2851 639 2902 εἰ
672 2853 770 2904 καί
803 2852 1006 2906 δεινὸν
1039 2855 1134 2924 εἴη
1163 2857 1440 2926 σκοπεῖν,
1477 2863 1671 2928 μόνην
1701 2862 1772 2916 δὲ

185 2929 310 2992 τὴν
353 2933 592 3004 γνώμην
649 2941 776 2995 καθ’
820 2941 902 3008 ἣν
942 2943 1249 3012 εἴργασται
1314 2946 1625 3016 διερευνᾷν
1670 2949 1770 3003 καί

184 3028 566 3095 προσίεσθαι,
599 3032 696 3085 καί
720 3031 820 3086 διά
852 3052 1030 3090 τινων
1052 3038 1303 3106 ἀφανῶν
1321 3043 1766 3109 τεκμηρίωνκαί

182 3111 320 3170 οἷον
339 3119 384 3150 ’⁵⁷⁸
413 3123 657 3177 εἰκότων
674 3127 1038 3195 χωροῦντας,
1074 3131 1480 3187 ἀναπλάττειν
1507 3133 1636 3200 ταῖς
1666 3135 1764 3187 ἐν·

1883 2026 2123 2081 omnibus
2151 2028 2262 2081 suis
2289 2029 2526 2097 partibus
2545 2038 2622 2084 est
2653 2029 2833 2085 valida
2858 2047 2922 2084 ac
2939 2031 3116 2096 firma,
3138 2033 3228 2086 sed
3245 2033 3325 2087 vel
3347 2036 3462 2089 exi-

1881 2136 1986 2189 gua
2007 2123 2092 2174 sui
2118 2131 2266 2190 parte
2293 2122 2636 2192 labefactata,
2681 2134 2816 2178 recte
2857 2124 2974 2193 jam
3007 2126 3150 2180 ultra
3178 2127 3463 2182 consistere

1883 2227 1984 2264 non
2022 2221 2226 2281 potest;
2272 2230 2300 2267 e
2337 2215 2602 2268 contrario
2633 2230 2748 2267 vero
2803 2215 2999 2284 falsam
3053 2217 3460 2286 appellationem

1880 2309 2124 2370 usurpat,
2176 2304 2362 2372 quippe
2398 2320 2515 2372 qum
2565 2304 2862 2374 integritate
2899 2307 3312 2378 perfectioneque
3358 2327 3459 2364 sua

1874 2403 1951 2446 est
1999 2393 2228 2462 privata.
2282 2393 2488 2446 [lorum
2545 2395 2720 2463 itaque
2769 2399 3003 2452 omnium
3044 2416 3164 2453 cum
3207 2401 3310 2470 ipsi
3348 2403 3458 2456 sint

1875 2491 2137 2547 auctores,
2168 2484 2319 2536 aiunt
2349 2499 2451 2536 non
2491 2485 2674 2538 debere
2702 2503 2789 2541 vos
2815 2490 3012 2558 factum
3040 2492 3213 2560 ipsum
3243 2495 3456 2548 tametsi

1875 2581 2033 2624 atrox
2062 2575 2418 2633 considerare.
2446 2576 2536 2629 sed
2562 2589 2788 2641 tantum,
2822 2595 2926 2648 qua
2945 2591 3111 2635 mente
3133 2585 3456 2655 consilioque

1874 2666 2074 2731 factum
2114 2666 2206 2728 sit,
2258 2667 2570 2737 investigare
2608 2679 2766 2739 atque
2794 2670 3095 2736 admittere,
3117 2684 3164 2726 et
3193 2689 3260 2728 ex
3273 2674 3457 2730 obscuo

1873 2757 1947 2809 ris
1984 2756 2295 2826 quibusdam
2319 2772 2366 2812 et
2391 2760 2776 2828 quodammodo
2791 2763 3454 2837 uerisimilibusargumen-

1872 2850 1938 2902 tis
1965 2861 2341 2918 reprcsentare
2359 2853 2552 2906 animis
2575 2855 2757 2909 uestris
2788 2855 3098 2925 beneﬁcium
3129 2860 3250 2914 inde
3267 2877 3452 2925 accep-

1870 2953 2017 3005 tum,
2057 2945 2231 3013 potius
2278 2961 2435 3014 quam
2488 2946 2714 3000 evidenti
2753 2947 2968 3017 damno,
3011 2954 3253 3023 quodque
3278 2955 3450 3022 reipsa

1867 3034 2184 3101 experimur,
2219 3034 2372 3103 ﬁdem
2430 3028 2847 3094 accommodare.
2925 3039 3052 3095 Hatc
3094 3043 3273 3113 itaque
3303 3061 3450 3098 com-

1868 3137 2042 3179 menta
2083 3125 2433 3198 fallaciasque
2473 3129 2636 3182 etiam
2684 3141 2807 3185 ante
2827 3131 3090 3200 iudicium
3133 3134 3446 3190 institutum

181 3210 381 3278 νοίαις
408 3214 760 3284 εὐεργεσίαν
778 3219 825 3251 ⁸⁵
857 3221 1002 3290 ὑμῖν
1027 3221 1233 3290 αὐτοῖς
1260 3223 1542 3279 ἐντεῦθεν
1579 3241 1761 3294 προσ-

1868 3216 2162 3286 frequenter
2203 3217 2258 3270 in
2290 3218 2474 3288 vulgus
2506 3219 2774 3289 jactantes
2826 3223 3116 3278 multarum
3172 3228 3368 3282 animis
3389 3245 3444 3284 se

180 3307 612 3378 γεγενημένην,
638 3313 677 3380 ἣ
699 3313 778 3380 τῷ
806 3317 995 3386 σαφεῖ
1011 3315 1254 3386 μᾶλλον
1271 3317 1380 3386 τῆς
1398 3321 1640 3389 βλάϐης
1663 3323 1761 3377 καί

1868 3311 2040 3379 fucum
2098 3309 2284 3379 fecisse
2343 3313 2758 3369 arbitrabantur.
2823 3315 2976 3381 Quod
3017 3319 3065 3371 si
3103 3335 3222 3374 vero
3245 3321 3300 3374 in
3327 3323 3442 3390 ipso

178 3395 312 3460 τοῖς
338 3397 535 3468 ἔργοις
557 3400 1084 3474 ἀποδεδειγμένῳδ⁶
1115 3410 1426 3463 πιστεύειν
1446 3410 1759 3478 αἱρεῖσθαι.
1850 3399 2061 3468 Ῑνάίσίο
2092 3401 2201 3455 ἡαπ
2238 3408 2351 3471 δρεα
2398 3417 2690 3472 Ρνοροηαηί
2717 3449 2733 3472 ν
2804 3407 3126 3478 “uulgum:
3168 3428 3199 3465 ο
3248 3413 3442 3481 iud“.

183 3487 384 3543 Ταῦτα
428 3493 538 3562 γὰρ
566 3495 642 3561 δὴ
676 3498 748 3551 τὰ
794 3500 1144 3569 σοφίσματα
1173 3502 1268 3556 καί
1297 3503 1414 3571 πρὸ
1443 3503 1554 3572 τῆς
1586 3503 1762 3572 δίκης

175 3581 481 3650 πολλάκις
508 3585 1036 3657 διαθρυλλοῦντες,
1085 3594 1376 3663 παράγειν
1417 3596 1558 3662 τοὺς
1595 3599 1761 3653 πλεί-

173 3689 372 3741 στους
399 3678 678 3746 ἡγοῦντο.
711 3685 777 3738 Εἰ
804 3685 1015 3740 τοίνυν
1042 3686 1141 3741 καί
1169 3687 1329 3757 παρὰ
1354 3689 1495 3756 τοὺς
1525 3690 1760 3759 ἀγῶνας

171 3767 426 3828 τοιαῦτα
456 3774 795 3839 προσθεῖεν,
839 3781 1276 3846 γινωσκόντων,
1302 3775 1350 3834 ὦ
1374 3780 1649 3842 δικαστά,
1678 3783 1759 3850 ὡς

175 3857 258 3908 οὐ
299 3855 623 3927 Ῥωμαϊκὸν
649 3865 792 3918 οὐδὲ
816 3866 1051 3924 δίκαιον
1071 3868 1137 3923 τὸ
1165 3871 1284 3939 μὲν
1318 3871 1584 3941 ἐμφανὲς
1607 3873 1758 3926 οὕτω

173 3947 283 4000 καί
326 3951 634 4016 προῦπτον
663 3957 926 4027 ἀδίκημα
974 3963 1355 4031 παραλιπεῖν,
1394 3964 1646 4032 ἀδήλοις
1689 3964 1758 4019 δὲ

165 4039 417 4107 μᾶλλον
465 4047 680 4114 αἰτίαις
727 4049 926 4118 ἄλλως
980 4055 1185 4122 αὐτοῖς
1225 4061 1756 4131 μεμηχανημένως

165 4133 644 4226 έεαπατηθῆναι.
693 4145 776 4197 Οὐ
816 4145 926 4214 γὰρ
962 4147 1246 4202 ἀνεκτέον
1268 4151 1490 4216 αὐτῶν,
1531 4155 1612 4221 ὡς
1637 4158 1756 4226 μὲν

162 4222 546 4282 ἀπεκτόνασι
597 4231 704 4284 τὸν
744 4233 933 4304 ἄνδρα
983 4236 1313 4308 διαρρήδην
1367 4222 1750 4310 φασκόντων,

159 4312 473 4382 ὠφέλειαν
507 4318 575 4374 δὲ
602 4325 898 4393 μεγίστην
942 4327 1191 4384 ἐνθένδε
1231 4333 1356 4399 τοῖς
1388 4335 1612 4402 κοινοῖς
1644 4354 1750 4392 πε-

158 4405 456 4471 πορίσθαι
482 4410 786 4482 πράγμασι
814 4420 1313 4490 τερατευομένων.
1357 4424 1491 4491 Πῶς
1526 4427 1636 4496 γὰρ
1671 4428 1752 4486 ἂν

155 4497 470 4588 τάναντία
487 4507 798 4562 ’συσταῖεν
844 4511 1064 4580 σφίσιν
1108 4514 1334 4582 αὐτοῖς,
1375 4516 1415 4585 ἦ
1455 4516 1602 4585 πῶς,
1635 4522 1751 4588 τὴν

1859 3493 2021 3562 212
2050 3510 2213 3565 neque
2226 3495 2522 3550 Romanum
2544 3513 2706 3568 neque
2723 3498 3076 3568 justumesse.
3097 3503 3229 3557 adeo
3255 3519 3439 3574 aperta

1859 3587 2246 3660 manifestaque
2298 3591 2500 3661 injuria
2556 3593 2814 3664 neglecta,
2867 3595 3082 3650 incertis
3138 3599 3314 3666 potius
3373 3601 3441 3654 de

1857 3677 2054 3740 causis,
2107 3693 2240 3747 quas
2271 3678 2372 3748 ipsi
2403 3679 2606 3749 frustra
2638 3683 2918 3736 commenti
2955 3692 3096 3750 sunt,
3128 3683 3268 3753 falli.
3325 3683 3442 3739 Ne-

1855 3805 1952 3858 que
1976 3791 2114 3842 enim
2141 3791 2340 3860 ferendi
2390 3801 2533 3857 sunt,
2584 3793 2674 3862 qui
2711 3793 3044 3862 interfectum
3098 3795 3309 3865 quidem
3338 3796 3438 3851 abs

1855 3896 1963 3934 sese
1991 3882 2160 3934 virum
2207 3881 2342 3934 [tunc
2385 3893 2563 3950 aperte
2609 3883 2863 3952 fatentur,
2898 3887 3191 3940 maximam
3222 3903 3341 3941 vero
3369 3905 3436 3942 ex

1854 3963 1951 4022 liae
1981 3971 2120 4024 carde
2151 3971 2436 4025 utilitatem
2453 3973 2521 4024 ad
2538 3973 2806 4040 publicum
2826 3976 3112 4042 peruenisse
3137 3978 3438 4048 prodigiose

1855 4063 2194 4115 mentiuntur.
2247 4063 2363 4128 Quo
2407 4075 2562 4130 pacto
2594 4065 2733 4117 enim
2757 4066 3039 4120 consistere
3085 4068 3286 4137 possint
3330 4069 3433 4122 sibi

1853 4156 1984 4224 ipsis
2014 4160 2284 4210 contraria
2313 4159 2337 4212 ?
2370 4167 2461 4210 aut
2511 4173 2612 4227 quo
2639 4168 2792 4226 pacto
2835 4157 3038 4224 factum
3072 4161 3245 4227 ipsum
3274 4170 3434 4216 atrox

1853 4248 2192 4317 appellantes,
2250 4250 2484 4302 animum
2523 4249 2659 4319 ejus,
2721 4252 2809 4321 qui
2843 4251 2899 4304 id
2930 4255 3265 4320 perpetravit,
3304 4254 3432 4308 lau-

1849 4341 2112 4402 dabimus,
2131 4351 2379 4411 tanquam
2403 4341 2668 4410 publicum
2696 4341 2884 4396 bonum
2913 4347 3265 4413 spectantem!
3289 4343 3428 4400 Sunt

1849 4435 1986 4487 enim
2026 4434 2136 4489 lure
2170 4450 2327 4504 quam
2357 4435 2705 4488 remotissime
2773 4435 2909 4489 inter
2969 4451 3024 4490 se
3068 4436 3333 4505 disjuncta
3373 4447 3422 4490 et

1849 4523 2220 4586 insociabilia;
2263 4531 2312 4576 et
2347 4539 2508 4592 neque
2535 4540 2767 4594 unquam
2814 4525 2974 4578 simul
2992 4525 3272 4580 subsistere
3297 4542 3425 4596 pos-

149 4587 332 4685 πράξ
334 4608 394 4645 ιν
424 4592 632 4665 δεινὴν
655 4600 1127 4673 ἀποκαλοῦντες,
1165 4606 1604 4680 ἐπαινεσόμεθα
1635 4587 1750 4682 τὴν

1868 4625 1969 4668 sunt
2017 4615 2222 4668 utilitas
2259 4623 2308 4668 et
2338 4587 2921 4684 iniquitasfcrudelitas
2938 4627 2986 4671 et
3010 4617 3243 4685 iustitia.

149 4683 489 4750 δράσασαν
516 4689 782 4760 γνώμην,
849 4695 932 4761 ὡς
993 4696 1102 4751 τοῦ
1138 4699 1544 4768 συνοίσοντος
1580 4703 2040 4774 ὲστοχασμένην
2056 4720 2075 4769 ;
2105 4704 2298 4761 Πάλαι
2325 4683 2438 4774 γὰρ
2496 4706 2795 4773 ἀλλήλοιν
2813 4683 3260 4778 ἀποκεκριμένοι
3281 4729 3422 4782 τυγο

149 4773 427 4842 κάνετον
465 4778 719 4848 ὠφέλεια
746 4785 846 4839 καί
886 4790 1245 4860 παρανομία,
1283 4791 1520 4862 ὠμότης
1551 4811 1614 4849 τε
1775 4773 2130 4867 δικαιοσύνη
2178 4773 2537 4866 διεστηκότα
2581 4799 2678 4853 καί
2718 4799 2936 4870 ἄμικτα
2994 4773 3113 4855 καί*
3167 4773 3420 4872 όμόσελν

147 4869 382 4940 χωρεῖν
407 4872 715 4933 οὐπώποτε
745 4874 1070 4950 πεφυκότα.

232 4962 300 5016 δ’.
343 4963 411 5017 El
451 4965 519 5018 δέ
558 4983 625 5036 γε
661 4970 757 5024 καί
801 4973 1038 5041 γυμνὴν
1081 4975 1196 5044 τὴν
1228 4976 1502 5031 διάνοιαν
1537 4977 1740 5044 ἐξετα-

143 5053 370 5117 στέον.
408 5058 784 5125 φανήσονται
822 5065 926 5118 καί.
948 5067 1133 5136 ταύτῃ
1172 5067 1386 5124 δύσνοι
1431 5071 1528 5124 καί
1574 5073 1739 5126 κάκι-

141 5163 319 5213 στοι,
349 5148 430 5214 ὡς
459 5148 535 5218 δὴ
573 5152 644 5206 τὰ
667 5155 806 5220 τοὺς
825 5155 869 5189 ⁸⁸
901 5157 1139 5227 Πέρσας
1165 5161 1501 5230 ἀρέσκοντα
1529 5163 1740 5228 βεϐου-

136 5238 439 5308 λευμένοι
459 5257 474 5272 ο
503 5240 658 5297 ὥστε
681 5245 823 5300 οὐδὲ
854 5249 1174 5319 Ῥωμαίους
1194 5254 1499 5323 ὀνομάζειν
1519 5257 1737 5310 τούσδε

1913 4983 1968 5038 4.
2014 4981 2166 5046 Quod
2192 4983 2238 5036 si
2268 4998 2386 5036 vero
2429 4983 2592 5037 etiam
2615 4991 2784 5038 nudus
2808 4984 3038 5053 ipsorum
3094 4986 3303 5040 animus
3338 4999 3418 5042 est

1842 5073 2218 5142 explorandus,
2265 5072 2360 5126 hoc
2396 5089 2598 5144 quoque
2622 5075 2734 5140 ipso
2763 5075 2987 5145 maligni
3013 5077 3419 5155 nequissimiqne

1841 5183 1952 5221 esse
1998 5169 2389 5228 connincentur,
2424 5168 2613 5238 quippe
2651 5168 2743 5237 qui
2779 5168 3002 5221 consilia
3034 5165 3213 5224 Persis
3257 5179 3415 5240 grata

1843 5258 2116 5328 agitarint,
2140 5258 2269 5312 adeo
2294 5268 2350 5311 ut
2395 5274 2459 5312 ne
2501 5256 2722 5312 Romani
2750 5259 2955 5326 quidem
2989 5260 3095 5314 sint
3111 5261 3416 5330 appellandi

1446 5433 1680 5490 VARItE
1712 5434 2115 5491 LECTIONES.

224 5577 279 5610 υ
305 5578 545 5650 ἀναιδην.
597 5580 690 5636 Sic
729 5583 894 5652 impr.
943 5588 1289 5656 impudenter,
1321 5591 1514 5661 ἀνέδην
1546 5590 1590 5645 R
1621 5602 1678 5648 et
1693 5595 1837 5658 vulg.
1948 5597 1994 5630 ⁸⁸³
2018 5601 2122 5654 καθ

229 5649 307 5734 Ιε.
350 5647 754 5734 θεραπευκένᾳι
951 5657 1125 5734 “fng
1280 5664 1350 5734 μ.
1393 5661 1566 5734 ὲρῤύη
1605 5662 1670 5718 Β.
1770 5665 1814 5702 ⁸³
1844 5665 2045 5734 δόξοιεν
2083 5671 2128 5724 R

1882 5686 2045 5724 DCOlEV
2084 5686 2148 5724 ﬂ.

130 5649 307 5734 iulg:
350 5647 754 5734 θεραπευκένᾳι
951 5647 1125 5734 “jng
1279 5647 1350 5734 li.
1393 5647 1566 5734 ὲῤῥύη
1605 5647 1670 5718 Κ.

1948 5597 1994 5630 ⁸⁸³
2018 5601 2142 5680 καέ
2182 5601 2607 5680 ὐμῶν-κμὶηιρτ.
2652 5602 2929 5680 aduersum
2959 5607 3408 5680 vos._ua0’ﬁp§w

2253 5673 2300 5704 ιι
2332 5674 2480 5742 ἡμᾶς
2529 5676 2594 5727 ις,
2698 5675 2746 5706 ⁸³
2767 5675 2864 5727 καὶ
2893 5685 3018 5730 ante
3042 5672 3155 5729 οἷον
3185 5672 3297 5732 oni:
3334 5679 3402 5737 Β.

128 5723 190 5757 ιι
217 5719 588 5804 ἐὐεργεσείαν
622 5721 754 5790 Sph.
781 5722 904 5778 Par.
941 5727 1140 5796 μᾶλλον
1177 5731 1210 5795 ἠ
1237 5731 1314 5802 τῷ
1347 5719 1508 5800 σαξρὲί
1535 5719 1680 5820 ῥοπῇ.
1710 5734 1816 5800 CL,
1841 5719 2006 5806 inl'pr;
2024 5719 2302 5808 ’ul‘pctins
2323 5719 2635 5867 eligkgﬁis
2660 5772 2727 5782 —
2747 5719 3404 5832 ᾆιῖηιῖιξνρἰῖιὲιῖἆὶριιῖί

128 5798 469 5867 δρξθυὲέπεν
494 5800 601 5845 θίθο
635 5863 645 5867 ,
674 5793 722 5824 δ’
746 5794 1205 5867 ἀποδεδειγμένην
1229 5799 1296 5860 Ro
1403 5803 1446 5834 ⁵⁷
1487 5821 1582 5859 και
1633 5805 1796 5867 ὁμόσε
1826 5838 1895 5850 --
1928 5811 2206 5867 πεφυκότα
2235 5828 2345 5867 om.
2503 5821 2557 5867 el.
2611 5823 2780 5867 lnior.
2857 5815 2902 5848 "
2921 5831 3043 5867 τους
3073 5816 3289 5867 Πεοσας
3338 5821 3403 5867 κ-

126 5790 646 5913 ερξοιῗῖἑιὲξᾶθιῗὶη
674 5793 722 5824 ⁸⁸
746 5790 1210 5870 ἀποδεδειγμένηῦ
1229 5790 1296 5860 ΒΣ

126 5879 206 5913 το
238 5875 268 5913 ς
348 5895 388 5913 υ,
488 5877 537 5913 ις
579 5877 589 5889 ’
651 5879 704 5913 Ω.

125 5875 268 5923 τοις
295 5875 537 5928 "sprung
559 5875 704 5933 vulg.

1403 5803 1446 5834 ⁵⁷
1487 5806 1582 5859 καὶ
1633 5805 1796 5876 ὁμόσε
1826 5838 1895 5850 —-
1925 5803 2206 5879 πεφυκότα
2235 5828 2345 5869 om.

2503 5821 2557 5868 el.
2611 5812 2780 5883 impr.
2857 5815 2902 5848 "
2921 5812 3043 5878 τοὺξς
3073 5812 3289 5888 Πέρσαξ
3336 5821 3403 5883 κ,
