4212 6438
217 378 345 440 1477

1354 362 1890 428 IIISTORIARUM
1941 362 2169 425 LIBER
2205 365 2300 424 IV.

3302 371 3441 440 1478

215 495 410 557 τήξει;
438 488 749 559 Προδοτῶν
766 478 1010 557 μὲνοῦν
1036 484 1115 550 ὡς
1137 481 1374 551 άληθῶς
1393 482 1489 537 καὶ
1523 481 1610 554 [Ρ.
1635 480 1769 553 112]
1797 485 1878 539 λι

1797 485 1855 539 Α.
1871 479 2013 533 ribus
2065 496 2190 535 sane
2250 482 2413 535 etiam
2483 483 2890 553 quamplurimis
2929 501 2959 541 e
2991 486 3162 543 meaio
3193 489 3436 553 sublatis.

213 585 532 644 πλείστων,
560 581 614 633 el
642 579 742 634 καὶ
770 578 933 631 ὅσων
961 573 1413 642 ἀπαιιυμένων,
1438 575 1492 626 εὶ
1522 572 1619 626 καὶ
1659 589 1774 642 μη-

212 675 315 727 δὲν
339 673 545 740 ἕτερον
574 670 693 725 τῶν
717 653 1029 738 ὼφὲλίμων
1056 663 1183 731 τοῖς
1209 663 1542 732 ἀνῃρηκόσι
1582 677 1771 731 προσ-

212 764 439 836 γένοιτο
498 764 567 826 ⁶²,
621 760 783 817 ἀλλὰ
832 758 983 813 αὐτό
1012 772 1079 827 γε
1142 755 1212 810 τὸ
1262 754 1400 819 τοὺς
1468 754 1774 819 τοιούτους

211 854 501 922 θνήσκειν
530 852 873 923 ἀρκούντως
926 848 1059 918 ἔχει
1111 846 1263 916 πρὸς
1305 844 1541 911 ὄνησιν.
1595 845 1666 897 El
1706 842 1775 896 δὲ

211 945 537 1014 προδοσίας
566 939 858 1013 μηδαμῶς
889 937 1412 1007 ἀποδεδειγμένης,
1444 935 1775 1005 ἠφάνισται

210 1056 299 1104 τις
334 1036 551 1105 ἀθρόον
597 1033 718 1089 τῶν
751 1030 987 1101 σφόδρα
1008 1031 1270 1101 λογίμων
1314 1027 1416 1082 και
1466 1025 1775 1095 τετιμώρη-

208 1143 324 1189 ται,
365 1123 631 1191 καθάπερ
672 1118 975 1192 διαφανῶς
1039 1115 1455 1189 ἐγνωσμένου
1519 1113 1647 1182 πῶς
1697 1114 1776 1168 ἂν

210 1217 353 1283 ὑμῖν
383 1213 627 1271 ἐνθένδε
674 1212 742 1266 τὸ
798 1208 1181 1281 συμμαχικὸν
1238 1206 1653 1277 σωφρονήσειε
1687 1205 1775 1267 “,-

209 1307 341 1375 Ιίὦς
370 1307 439 1361 δὲ
473 1308 585 1361 οὐκ
617 1303 695 1359 ἂν
723 1301 968 1372 μᾶλλον
994 1299 1094 1355 καὶ
1121 1300 1475 1355 διαλύσαιεν
1496 1297 1570 1352 τὰ
1628 1313 1776 1367 συγ-

209 1403 476 1470 κείμενα,
510 1398 569 1453 ετ
592 1415 659 1469 γε
694 1393 1021 1460 κοινωνοὺς
1051 1390 1207 1463 ὑμᾶς
1237 1392 1283 1424 ⁸⁸
1310 1390 1607 1461 ὑπάρχειν
1665 1389 1774 1445 τοῦ

203 1493 540 1564 μιάσματος
563 1488 853 1557 οίηθεῖεν;
881 1486 1274 1557 Λογιζόμενοι,
1304 1485 1386 1550 ὡς
1429 1482 1486 1536 sl
1510 1499 1577 1553 γε
1625 1481 1776 1550 πρὸς

210 1583 353 1650 τοὺς
374 1580 771 1646 οἰκειοτάτους
821 1577 964 1647 ὑμῖν
1017 1575 1116 1631 καὶ
1177 1574 1464 1642 συνήθεις
1536 1572 1778 1643 φειδοῦς

211 1676 433 1741 ἥκιστα
472 1672 713 1742 μέτεστι
744 1671 844 1726 καὶ
885 1669 1298 1737 δικαιοσύνης,
1327 1664 1545 1737 σχολῇ
1602 1682 1670 1737 γε
1695 1664 1774 1720 ἂν

201 1768 435 1833 ,βέϐαιοι
461 1763 790 1835 διαμενεῒτε
816 1764 965 1832 πρὸς
993 1760 1135 1829 τοὺς
1173 1758 1522 1831 ἀλλοπεενεῖς
1548 1759 1648 1814 καὶ
1681 1758 1777 1812 ὀθ-

207 1864 433 1923 νείους,
478 1855 575 1911 καὶ
610 1853 722 1923 τῆς
759 1852 1237 1921 προσπεσούσης
1262 1850 1488 1921 χρείας,
1552 1851 1625 1903 οὑ
1680 1864 1774 1902 πεη

200 1949 453 2021 ιαιτέρω
482 1944 961 2018 γνωριζομένους.
1007 1943 1173 1999 Ἀλλ’
1214 1942 1353 1997 οὔτε
1382 1940 1777 2013 μετειλήφατε

208 2042 321 2097 τοῦ
356 2040 794 2109 βουλεύματος,
843 2036 982 2090 οὔτε
1040 2034 1107 2089 τὸ
1149 2035 1382 2100 τούτοις
1430 2032 1548 2100 ιδίᾳ
1591 2046 1778 2101 προσ-

207 2134 488 2202 κείμενον
533 2130 676 2201 ἄγος
727 2128 829 2183 ἐπι
880 2128 949 2183 τὸ
1006 2127 1256 2196 σύμπαν
1297 2125 1417 2180 τῶν
1478 2124 1780 2192 Ῥωμαίων

207 2225 388 2288 ἔθνος
412 2218 831 2289 ἀναδραμεῖτιιι
859 2235 873 2248 ο
924 2217 1063 2271 οὔτε
1092 2215 1206 2283 τὴν
1229 2214 1415 2269 πάλαι
1447 2213 1580 2282 περὶ
1615 2210 1780 2283 ὑμῶν

208 2308 607 2380 κρατήσασαν
627 2306 851 2383 δόξαν,
870 2305 952 2372 ὠς
979 2303 1094 2374 ἄρα
1130 2304 1329 2359 πιστοί
1371 2303 1443 2358 τίι
1517 2302 1635 2372 ἤδη
1678 2302 1779 2357 καὶ

202 2402 442 2471 βέϐαιοι
481 2399 908 2468 καθεστήκατε,
967 2395 1067 2449 καὶ
1103 2393 1356 2462 δικαίοις
1415 2391 1642 2464 χρῆσθε
1680 2393 1780 2448 νό-

202 2515 348 2568 μοις
386 2496 452 2562 ⁸⁸,
477 2495 517 2563 η
551 2492 778 2548 τούτων
804 2489 1044 2558 νικήσει
1100 2486 1543 2558 κακοδαιμονία.
1602 2486 1780 2540 Τοὺν-

215 2590 430 2642 αντίον
475 2587 584 2658 γὰρ
615 2584 712 2639 καί
745 2583 1047 2653 ἡγούμεθα
1072 2580 1142 2635 τὸ
1169 2578 1365 2649 παρὸν
1392 2576 1784 2646 δικαστήριον

209 2681 368 2748 ὑπὲρ
401 2677 513 2746 τῆς
564 2674 776 2742 κοινῆς
809 2672 917 2727 τοῦ
955 2670 1170 2741 γένους
1191 2668 1465 2732 εὐκλείας
1486 2682 1784 2736 συνεστη-

212 2769 411 2834 κέναι,
445 2768 606 2833 ὅπως
647 2764 724 2820 ἂν
765 2764 1026 2828 ἅπαντες
1069 2759 1362 2828 ἄνθρωποι
1428 2756 1647 2829 γνοῖεν,
1700 2756 1782 2822 ὡς

207 2858 491 2925 οὐδαμῶς
527 2852 606 2926 ἦν
624 2854 767 2925 ὑμῖν
813 2852 859 2884 ⁸⁸
891 2848 1292 2921 ,βουλομένοις
1348 2847 1591 2902 τοιαῦτα
1639 2845 1781 2911 τοὺς

208 2953 495 3020 Κόλχους
545 2949 710 3003 δεινὰ
738 2945 840 3001 καὶ
882 2945 1055 3010 βίαια
1103 2941 1481 2997 πεπονθέναι.
1521 2938 1650 2994 Νῦν
1666 2937 1784 3008 μὲν

208 3045 329 3116 γὰρ
366 3044 511 3110 ἴσως
538 3042 632 3112 ἐφ’
668 3037 918 3106 ἑκάτερα
955 3035 1075 3091 τῶν
1117 3032 1363 3089 πολλῶν
1411 3028 1699 3101 φοιτῶσιν
1721 3029 1784 3083 ul

1869 571 2077 624 etiamsi
2110 572 2241 626 nihil
2273 571 2427 626 aliud
2463 572 2715 628 utilitatis
2744 575 2816 629 ad
2847 577 3202 647 interfectores
3243 579 3439 646 redeat,

1871 663 1982 733 ipse
2038 673 2211 718 tamen
2273 665 2462 719 talium
2503 664 2747 721 interitus
2770 666 2978 721 abunde
3005 670 3137 723 satis
3167 685 3261 739 per
3291 678 3442 724 seest

1871 756 2196 825 fructuosus.
2219 754 2289 809 At
2321 772 2440 811 vero
2468 756 2540 820 si,
2571 758 2865 825 proditione
2894 760 3198 829 neutiquam
3230 760 3447 815 demon-

1871 855 2068 909 strata,
2106 845 2380 916 confestim
2400 850 2480 901 vir
2500 847 2694 917 aliquis
2725 850 2948 904 maximi
2975 851 3200 904 nominis
3229 852 3443 905 emedio

1873 936 2095 989 tollatur
2117 937 2474 1008 supplicioque
2510 939 2791 1009 aﬁiciatur,
2815 940 3027 1009 perinde
3078 950 3234 1011 atque
3281 941 3443 1013 215

1873 1036 2051 1094 aperte
2077 1025 2438 1095 deprehensus,
2462 1043 2566 1098 quo
2587 1036 2741 1098 pacto
2765 1027 2907 1083 vobis
2932 1029 3063 1083 socii
3098 1028 3222 1083 hinc
3268 1031 3444 1084 mode-

1873 1120 2101 1174 rationes
2138 1121 2432 1174 reddantur
2454 1122 2481 1176 l
2529 1118 2649 1174 lmo
2683 1135 2804 1175 vero
2830 1136 2935 1191 quo
2989 1124 3145 1175 modo
3186 1137 3290 1176 non
3345 1138 3443 1191 po-

1874 1210 1978 1263 tius
2006 1222 2163 1279 pacta
2188 1220 2536 1280 conuentaque
2561 1210 2870 1276 dissoluant,
2911 1211 2959 1265 si
3017 1227 3105 1266 vos
3156 1212 3444 1284 participes

1876 1301 2012 1355 tanti
2035 1301 2245 1355 sceleris
2269 1301 2533 1356 exstitisse
2565 1301 2831 1370 putarint,
2871 1310 3174 1372 reputantes
3204 1302 3342 1372 quod
3394 1302 3445 1356 si

1873 1407 1995 1462 erga
2042 1392 2256 1446 intimos
2310 1391 2867 1462 conjunctissimosque
2921 1390 3068 1446 vobis
3137 1391 3268 1445 adeo
3326 1393 3445 1448 sitis

1873 1483 2148 1538 inhumani
2177 1493 2334 1554 atque
2362 1485 2553 1555 iniqui.
2581 1484 2729 1537 nullo
2749 1485 2909 1537 etiam
2941 1485 3096 1539 modo
3150 1494 3445 1540 constantes

1873 1577 1989 1631 sitis
2015 1576 2186 1647 futuri
2213 1592 2337 1646 erga
2362 1575 2682 1646 alienigenas
2704 1586 2754 1630 et
2775 1585 3000 1643 exteros,
3032 1587 3104 1643 et,
3143 1578 3449 1633 necessitate

1876 1677 2083 1723 tantum
2132 1668 2211 1721 ita
2253 1666 2576 1737 postulante,
2623 1683 2727 1721 non
2770 1667 2912 1722 ultra
2945 1676 3101 1722 notos
3130 1670 3156 1721 ?
3186 1668 3448 1725 Ca'terum

1875 1777 1964 1816 vos
2020 1777 2184 1833 neque
2234 1761 2429 1831 nefarii
2480 1759 2628 1817 illius
2679 1761 2891 1816 consilii
2934 1762 3216 1832 participes
3246 1763 3445 1832 fuistis,

1882 1870 2042 1925 neque
2066 1854 2336 1920 piaculare
2357 1851 2548 1918 scelus,
2589 1854 2730 1925 quod
2764 1853 3015 1923 privatim
3068 1854 3176 1908 illis
3230 1856 3447 1919 insedit,

1876 1948 2173 2003 universam
2222 1944 2577 2000 Romanorum
2625 1955 2826 2017 gentem
2849 1946 3083 2014 involvit,
3119 1962 3279 2017 neque
3308 1958 3449 2001 rete-

1876 2055 1984 2093 rem
2023 2038 2175 2093 illam
2236 2039 2303 2093 de
2357 2039 2499 2094 vobis
2541 2039 2856 2106 opinionem,
2901 2041 3037 2110 quod
3062 2030 3316 2094 nimirum
3348 2040 3449 2111 ﬁdi

1876 2140 2276 2201 constantesquc
2324 2132 2444 2187 sitis
2495 2131 2913 2202 mquissimisque
2961 2131 3156 2201 legibus
3223 2141 3447 2197 utentes,

1876 2223 2065 2279 horum
2092 2224 2301 2294 nefaria
2326 2222 2633 2295 malignitas
2667 2224 2952 2296 infringet:
2976 2224 3103 2293 quin
3152 2224 3329 2295 potius
3371 2224 3451 2280 ita

1877 2317 2025 2372 nobis
2053 2317 2447 2388 persuademus,
2469 2328 2697 2371 vestrum
2725 2316 2822 2371 hoc
2891 2316 3127 2371 tribunal
3152 2333 3249 2389 pro
3310 2332 3452 2372 com-

1877 2412 2027 2465 muni
2067 2411 2234 2481 gentis
2262 2410 2434 2481 gloria
2458 2411 2842 2473 constitutum;
2872 2420 2929 2464 ut
2960 2411 3190 2464 universi
3215 2409 3451 2466 homines

1876 2501 2196 2570 intelligant,
2267 2500 2411 2556 vobis
2461 2502 2767 2572 neutiquam
2805 2500 3092 2556 volentibus
3137 2501 3450 2570 factum,ut

1879 2593 2085 2651 Colchis
2135 2595 2266 2648 adeo
2324 2603 2480 2648 atrox
2510 2592 2709 2662 injuria
2754 2609 2817 2647 ac
2847 2593 2923 2646 vis
2952 2593 3256 2663 inferretur.
3291 2592 3451 2649 Nunc

1877 2687 2016 2739 enim
2065 2685 2292 2755 fortasse
2343 2685 2402 2738 in
2453 2694 2727 2754 utramque
2757 2693 2964 2753 partem
3007 2685 3279 2738 sententia:
3309 2684 3452 2738 mul—

1879 2781 2054 2825 torum
2106 2781 2320 2840 vergunt
2347 2772 2714 2841 opinionesque
2745 2771 3008 2839 ﬂuctuant
3038 2787 3057 2826 :
3085 2787 3152 2825 επ
3185 2781 3275 2827 tuo
3310 2788 3449 2838 τετυ,

1879 2880 1910 2915 ο
1929 2862 2117 2930 judex,
2153 2861 2386 2929 judicio,
2418 2862 2556 2916 hisce
2572 2862 2804 2932 jamjam
2835 2863 3055 2929 necatis,
3092 2864 3257 2933 magis
3290 2865 3453 2919 etiam

1879 2971 2017 3009 nunc
2066 2955 2396 3024 perspicuum
2447 2954 2559 3023 fiet,
2613 2954 2753 3024 quod
2800 2969 2901 3006 non
2933 2954 3225 3007 amicorum
3256 2962 3454 3009 vestro-

1881 3061 2000 3099 rum
2052 3046 2346 3113 proditores
2400 3046 2488 3100 sed
2513 3044 2928 3116 delinquentium
2965 3046 3309 3115 castigatores
3337 3062 3453 3102 esse

210 3138 468 3210 γνῶμαι,
500 3135 599 3190 καὶ
630 3133 704 3188 τὰ
727 3131 838 3200 τῆς
868 3128 1179 3196 δοκήσεως
1213 3125 1308 3214 {1'
1352 3123 1570 3214 ἀδήλφγ
1615 3121 1782 3214 φέρε.
1806 3155 1850 3214 c

1806 3155 1850 3214 ο
1881 3139 2267 3194 consueveritis.
2344 3137 2572 3193 Tametsi
2630 3139 2770 3193 enim
2823 3137 2989 3193 verbis
3041 3154 3256 3193 causam
3299 3156 3452 3195 suam

209 3247 315 3286 ται
352 3227 568 3296 τρόπῳ.
607 3224 710 3278 Ἐκ
730 3221 799 3276 δὲ
842 3219 956 3289 τῆς
1021 3217 1163 3289 σῆς,
1212 3212 1260 3272 ὦ
1330 3213 1605 3280 δικαστά,
1657 3210 1782 3282 κρί-

210 3336 378 3388 σεως
407 3319 633 3373 τούτων
669 3315 817 3369 ὅσον
845 3311 1010 3367 οὔπω
1033 3304 1548 3379 διαφθειρομένων,
1608 3302 1779 3373 rer-1}-

209 3429 390 3469 σεται
413 3409 511 3465 και
558 3408 676 3464 νῦν
723 3404 1182 3478 γνωριμώτερον,
1230 3400 1311 3466 ὡς
1365 3399 1439 3453 οὐ
1499 3394 1783 3465 προδόται

208 3503 341 3559 τῶν
370 3502 618 3565 οἰκείων,
671 3499 835 3555 ἀλλὰ
880 3491 1284 3565 σωφρονισταὶ
1335 3488 1452 3545 τῶν
1513 3487 1786 3545 ἀδικούν-

209 3611 341 3647 των
377 3587 529 3647 alr-at
583 3590 908 3659 πεφύκατε.
957 3587 1026 3641 El
1068 3584 1179 3655 γὰρ
1233 3582 1331 3637 καὶ
1395 3578 1519 3646 τοῖς
1580 3577 1785 3648 λόγοις

224 3682 664 3754 ἀπολογεῖσθαι
689 3679 1001 3746 δοκοῦσιν,
1032 3677 1168 3732 ἀλλ’
1219 3675 1370 3746 ἔργῳ
1393 3667 1786 3740 κατηγοροῦν-

220 3794 331 3844 τες
359 3772 534 3845 σφῶν
553 3771 752 3828 αὐτῶν
775 3767 1244 3825 ἀποδείκνυνται
1284 3762 1383 3818 καὶ
1420 3760 1490 3817 τὸ
1520 3758 1785 3829 παράλου

212 3886 335 3941 τον
376 3865 486 3936 τῆς
509 3862 855 3936 μιαιφονίας
883 3857 1333 3931 ὁμολογοῦντες.
1391 3853 1462 3909 Τὸ
1499 3851 1616 3923 μὲν
1675 3849 1786 3920 γὰρ

205 3962 543 4029 ⁴βασίλειον
576 3958 811 4032 γράμμα
841 3955 1306 4024 παρακελεύεται
1349 3949 1476 4017 τοῖς
1526 3962 1784 4016 στρατη-

218 4051 361 4126 τοῖς
384 4050 668 4106 στέλλειν
701 4045 850 4103 κατὰ
891 4044 959 4100 τὸ
986 4044 1101 4115 μὲν
1148 4040 1470 4103 Βυζάντιον
1496 4037 1604 4093 τὸν
1638 4039 1789 4091 Γου-

215 4125 426 4213 6ἁζην,
455 4141 649 4198 πειθοῖ
664 4141 783 4212 μὲν
818 4138 886 4193 τὸ
927 4135 1183 4207 πρῶτον,
1205 4128 1699 4201 ἀνηκουστοῦντα
1718 4125 1790 4180 δὲ

216 4234 327 4291 και
358 4234 504 4304 πρὸς
543 4229 830 4301 ἀνάγκης,
880 4223 1343 4293 ἐναντιούμενον
1380 4219 1450 4273 δὲ
1504 4218 1598 4271 καὶ
1645 4217 1786 4281 ,βια-

214 4323 508 4396 ὣμένοιςο
524 4318 863 4377 ἀποκτεῖναι
887 4315 955 4370 δὲ
968 4312 1248 4385 μηδαμῶς
1269 4311 1410 4381 πρὶν
1434 4308 1513 4365 ἂν
1536 4308 1787 4375 ἐκεῖνος,

212 4419 296 4483 ἐς
342 4412 709 4484 τελεωτάτην
737 4408 1079 4466 ἀπόστασιν
1110 4405 1454 4476 ἀφιγμένος,
1501 4403 1574 4456 τὰ
1614 4402 1790 4454 πολεο

203 4508 376 4582 μιων
408 4502 557 4574 δρᾷν
595 4500 939 4573 προαχθείη.
1005 4499 1070 4561 Ol
1129 4494 1197 4550 δὲ
1251 4494 1352 4550 και
1399 4493 1585 4582 caiisa
1638 4490 1791 4582 μήτε
1822 4494 1866 4552 D

211 4578 550 4666 στρατηγοὶ
593 4588 980 4655 καθεστῶτες,
1022 4584 1176 4656 μήτε
1224 4583 1426 4648 ἄλλως
1477 4578 1790 4650 ἐφειμένον

208 4687 434 4754 αὐτοῖς
469 4683 656 4750 ἀδεῶς
690 4682 1064 4747 ἀβούλοιντο
1088 4677 1133 4710 ⁸⁷
1161 4675 1438 4746 πράττειν
1489 4671 1792 4742 παραχρῆ-

196 4797 313 4855 μα
335 4779 441 4833 τὸν
468 4777 730 4832 δείλαιον
756 4773 1182 4836 ἀπεκτόνασιν,
1214 4768 1352 4823 οὔτε
1405 4767 1556 4820 κατὰ
1593 4764 1661 4819 τὸ
1676 4768 1793 4855 Βυ-

206 4854 463 4936 ζάντιον
475 4866 937 4937 αὑτὸνγενέσθαι
953 4864 1390 4931 προτρέψαντες
1401 4858 1538 4911 οὔτε
1549 4856 1678 4926 μὴν
1685 4854 1795 4908 ὥσ-

204 4970 344 5024 περ
372 4949 708 5008 ἀπειθοῦντι
727 4947 975 5018 μετρίαν
1001 4945 1150 5016 γοῦν
1176 4940 1448 5012 ἀνάγκην
1465 4939 1794 5009 ἐπαγαγόν-

199 5064 330 5112 τες
348 5044 487 5099 οὔτε
519 5041 634 5109 τὴν
666 5038 863 5108 ἀρχὴν
885 5036 949 5103 ἐς
972 5033 1181 5101 πεῖράν
1200 5049 1335 5087 τινα
1363 5032 1790 5097 καταστάντες,

195 5137 399 5202 ειπερ
418 5129 723 5199 ὁτφδηοῦν
750 5131 945 5197 τρόπῳ
970 5123 1077 5180 τοῦ
1105 5120 1561 5192 προστάγματος
1584 5118 1630 5151 ⁸⁸
1664 5118 1792 5173 ὀλι-

198 5225 517 5301 γωρήσει.
544 5222 744 5278 Καίτοι
779 5215 1232 5290 μεγαλαυχοῦσι
1261 5212 1361 5283 καὶ
1375 5210 1792 5280 βρενθύονται,

1880 3235 2158 3306 defendere
2215 3235 2480 3302 uidentur,
2525 3236 2698 3306 reipsa
2752 3245 2929 3290 tamen
2982 3251 3039 3290 se
3075 3236 3180 3305 ipsi
3207 3251 3454 3294 accusare

1880 3341 2258 3402 coarguuntur,
2305 3340 2354 3386 et
2421 3331 2581 3384 caulis
2641 3330 2735 3385 abs
2793 3346 2902 3386 sese
2943 3332 3235 3386 commissa:
3291 3332 3456 3404 218

1882 3426 2249 3496 indignitatem
2301 3427 2481 3496 fateri.
2538 3424 2714 3494 Regia:
2759 3426 2894 3480 enim
2949 3425 3141 3481 litterae
3198 3427 3453 3482 mandant

1881 3518 2140 3590 prafectis
2196 3518 2424 3583 militias,
2471 3526 2528 3570 ut
2580 3515 2827 3571 Gubazen
2861 3515 3182 3587 Byzantium
3216 3518 3451 3585 mittant,

1882 3615 2054 3685 primo
2109 3613 2318 3685 quidem
2365 3612 2593 3667 suadela
2619 3620 2844 3674 utentes,
2872 3612 3233 3666 obaudientem
3261 3628 3379 3667 vero
3402 3621 3453 3666 et

1884 3707 2186 3762 necessitati
2236 3705 2580 3761 reluctantem
2636 3714 2923 3775 cogerent;
2975 3704 3126 3760 nulla
3176 3714 3346 3759 tamen
3372 3721 3456 3760 ra-

1886 3801 2408 3871 tioneinterﬁcerent,
2431 3801 2594 3854 donec
2614 3811 2798 3869 aperta
2824 3799 3108 3869 defectione
3129 3798 3276 3868 facta
3296 3798 3455 3853 hosti-

1884 3892 2007 3948 liter
2027 3907 2179 3960 agere
2210 3891 2467 3960 coepisset.
2506 3887 2579 3942 Ili
2614 3904 2733 3943 vero
2766 3904 2884 3942 cum
2912 3904 3071 3958 neque
3096 3891 3329 3958 pra-fecti
3352 3890 3455 3943 mi-

1885 3985 2066 4040 litares
2102 3996 2296 4049 essent,
2337 4000 2500 4049 neque
2525 3982 2723 4054 alioqui
2751 3982 2828 4037 eis
2857 3982 3058 4046 liceret,
3094 3997 3210 4051 qua!
3248 3981 3454 4044 liberet,

1885 4080 2075 4148 facere,
2134 4085 2341 4145 repente
2380 4075 2627 4129 miserum
2657 4073 3011 4135 trucidarunt,
3048 4073 3456 4143 haudquaquam

1887 4178 1945 4224 ut
1976 4167 2293 4238 Byzantium
2321 4168 2420 4222 iret
2448 4167 2666 4232 hortati,
2689 4182 2806 4220 cum
2827 4180 2891 4219 ne
2949 4164 3211 4219 modicam
3246 4165 3458 4235 quidem

1886 4265 1992 4320 vim
2021 4264 2150 4319 eiut
2174 4260 2756 4326 renitentiiutulissent,
2779 4275 2939 4330 neque
2991 4259 3204 4314 omnino
3260 4268 3460 4313 tentas-

1887 4368 2000 4414 sent
2069 4374 2140 4413 au
2184 4356 2364 4427 aliquo
2413 4355 2626 4409 tandem
2650 4354 2804 4408 modo
2826 4353 3132 4408 mandatum
3155 4351 3291 4420 regis
3330 4367 3461 4405 con—

1893 4459 2158 4509 temneret.
2226 4450 2535 4508 Glorientur
2595 4449 2793 4504 interea
2842 4447 2926 4501 illi
2979 4456 3028 4500 et
3074 4446 3354 4515 jactitant,
3405 4461 3462 4500 se

1890 4549 2219 4619 imperatoris
2273 4544 2530 4602 mandata
2587 4552 2877 4606 exsecutos,
2934 4554 3054 4595 cum
3110 4539 3284 4609 potius
3313 4538 3460 4593 illius

1891 4644 2210 4698 voluntatem
2259 4639 2628 4706 contempsisse
2679 4634 3155 4706 deprehendantur,
3208 4631 3464 4703 falsisque

1893 4729 2349 4788 criminationibus
2408 4725 2655 4784 Gubasen
2704 4740 2921 4780 onerare
2956 4739 3058 4777 non
3090 4722 3199 4776 sint
3222 4722 3375 4776 veriti
3408 4730 3461 4776 et

1894 4827 2163 4882 contraria
2182 4826 2248 4880 ab
2277 4825 2366 4891 iis,
2397 4839 2516 4895 qua:
2536 4832 2674 4877 recte
2722 4820 2974 4875 mandata
3031 4826 3205 4882 erant,
3248 4816 3462 4887 propria

1897 4921 2214 4976 auctoritate
2260 4918 2317 4973 in
2362 4931 2481 4972 eum
2530 4915 2840 4975 decernere;
2879 4921 2928 4966 et
2953 4909 3093 4981 quod
3121 4910 3329 4981 quidem
3349 4924 3464 4962 ont-

1897 5017 2041 5070 nium
2088 5022 2165 5067 est
2216 5009 2628 5082 iniquissimum,
2698 5021 2861 5077 neque
2915 5003 3108 5058 litteris
3135 5002 3463 5071 imperatoris

1897 5107 2139 5173 ostensis,
2189 5114 2249 5159 ut
2300 5101 2513 5174 cognita
2554 5099 2670 5170 ejus
2707 5097 2972 5154 uoluntate
2990 5093 3118 5165 quid
3166 5093 3309 5162 facto
3333 5108 3464 5162 opus

1897 5215 2029 5260 esset
2051 5209 2363 5272 statuerent.

193 5278 337 5387 ἐξ
467 5312 717 5381 ,βασιλεῖ
770 5278 1088 5365 δοκοῦντα.⁷
1123 5278 1541 5370 διανύσαντες,
1581 5301 1707 5371 οἵγε
1762 5298 1866 5354 καὶ
1900 5296 2016 5366 τὴν
2068 5292 2308 5347 ἐκείνου
2369 5285 2763 5359 περιορῶντες
2834 5284 3142 5355 πεφήνασι
3203 5278 3463 5352 γνώμην,

1505 5475 1741 5535 ἺᾹῙὶΙιΕ
1773 5470 2178 5531 LECTIONES.

303 5672 353 5705 θ’
385 5668 750 5741 προσγένηται
778 5665 845 5725 R.

182 5802 515 5880 ηοὲιὶιιεδὶι
534 5802 738 5873 obsequi
776 5802 1009 5871 auderet,
1039 5805 1151 5871 πρά
1166 5820 1355 5871 mare;
1388 5802 1534 5861 vulg.

956 5671 999 5708 ⁸³
1036 5662 1357 5734 σωφροὶιήσῃ
1391 5658 1561 5734 8.-δὲ
1582 5728 1597 5734 _
1617 5656 1824 5734 in_s..ex
1855 5653 1924 5734 Β.

186 5717 1546 5825 νομίιὶδῗξδῦιὲἱἓὶέτίιίεισφβτἐῖἦὶβίμὶῐὲι
1733 5722 1803 5798 ἢν
2054 5717 2356 5792 "tvm
2386 5717 2450 5774 εις

2028 5653 2075 5687 ⁸⁸
2099 5652 2243 5715 ὑμᾶς
2270 5664 2382 5705 om.
2438 5648 2507 5704 ιι.
2583 5648 2631 5688 “-
2668 5645 2851 5714 νόμοις
2884 5642 2925 5696 Β
2955 5652 3010 5698 et
3034 5641 3199 5715 injpr.
3223 5634 3464 5715 legibus,

2549 5717 2595 5749 “
2628 5707 3047 5788 προστάγματος
3076 5707 3201 5765 Ret
3222 5707 3390 5778 impr.
3415 5708 3464 5760 si
