4212 6438
166 456 188 522 1
202 454 290 520 681

1299 451 1833 512 HISTORIARUM
1864 451 2092 510 LIBER
2131 453 2226 513 IV.

3238 447 3372 512 1482

149 568 227 630 ὡς
250 562 474 616 τούτων
507 559 787 612 ἁπάντων
799 557 950 626 ἔργῳ
973 557 1409 626 προελθόντων,
1439 567 1536 611 και
1561 573 1712 611 παν-

1742 569 1783 624 Α
1809 571 2010 623 sumus,
2029 573 2132 609 non
2159 567 2236 610 est
2266 566 2438 610 tamen
2463 571 2687 620 tequum,
2715 571 2746 607 o
2775 554 2958 622 judex,
2987 563 3044 606 ut
3075 553 3129 606 hi
3160 555 3374 607 leuitate

146 657 394 724 ταχόθεν
419 653 562 723 ⁴ἡμῖν
583 651 702 703 τῶν
723 649 1102 717 πραγμάτων,
1125 646 1538 715 διαρρυέντων,
1556 647 1711 700 οὕτω

143 745 351 810 ποινὰς
362 743 537 806 ἀξίας
551 738 940 804 αὑτοῖς,ειπερ
953 737 1066 803 ἄρα
1078 737 1175 789 καὶ
1187 734 1382 803 εὑρεῖν
1390 736 1628 790 ἔνεστιν
1639 737 1708 801 ⁷⁷,

1811 656 1992 700 nostra
2010 648 2316 709 abutantur,
2348 648 2620 716 minusque
2649 647 2853 716 aliquid
2890 646 3179 712 patiantur,
3213 658 3374 713 quam

1813 739 2068 810 facinoris
2099 741 2350 793 atrocitas
2378 739 2634 808 postulat.

140 835 448 911 ἐπακτέον.
481 836 551 888 Ei
584 831 694 902 γὰρ
725 831 821 884 καὶ
847 828 1017 898 ἡμεῖς
1045 828 1244 882 πιστοί
1275 827 1425 896 πρὸς
1449 828 1770 897 Ῥωμαίους
1801 831 1900 884 καὶ
1929 831 2155 896 βέϐαιοι
2183 832 2557 900 τυγχάνομεν
2597 832 2798 896 ὄντες,
2839 830 2977 885 ἀλλ’
3013 831 3085 882 οὐ
3117 828 3370 883 δίκαιον.

217 929 465 983 δικαστά
497 927 565 992 ⁷⁸,
599 925 706 994 τῆς
731 926 1013 994 ἡμετέρας
1056 923 1370 986 ἐπιεικείας
1445 924 1694 990 τούτους
1727 927 2086 991 ἀπόνασθαι,
2121 927 2220 982 καὶ
2245 923 2428 997 ἧττόν
2459 945 2514 981 τι
2551 925 2782 990 παθεῖν,
2825 924 2864 992 ἣ
2896 923 3162 978 καθόσον
3188 922 3228 988 η
3265 920 3374 974 τοῦ

138 1021 556 1091 ἐγχειρήματος
586 1019 873 1081 βούλεται
900 1017 1105 1084 φύσις.

211 1113 276 1177 ζ’.
311 1111 469 1164 Οὕτω
523 1110 583 1162 δὲ
627 1108 736 1160 τῶν
821 1111 1148 1179 κατηγόρων
1210 1107 1324 1169 τοῖς
1368 1105 1706 1176 ὲπικλήμασι

137 1203 520 1276 χρησαμένων,
547 1201 616 1253 τὰ
664 1199 842 1269 πληθη
909 1201 1020 1251 τῶν
1085 1197 1311 1267 Κόλχων
1358 1195 1545 1265 (αὐτοῦ
1598 1198 1707 1267 γὰρ

139 1292 516 1362 συνήθροιστο)
567 1289 778 1344 ἐπαΐειν
832 1288 932 1359 μὲν
979 1289 1040 1340 ού
1091 1287 1237 1357 μάλα
1303 1286 1564 1356 ἠδύναντο
1609 1287 1706 1356 τῆς

136 1384 246 1436 τῶν
275 1384 448 1450 λόγων
475 1382 811 1450 ἀπαγγελίας
859 1380 893 1449 ἢ
925 1379 1023 1448 τῆς
1056 1379 1102 1410 ⁷³
1131 1377 1244 1431 τῶν
1272 1377 1561 1448 νοημάτων
1598 1376 1706 1430 δει-

135 1474 380 1542 νότητος·
404 1473 552 1542 ὅμως
567 1472 623 1524 δὲ
640 1472 698 1524 τὸ
724 1471 909 1541 χρῆμα
932 1469 1350 1538 γιγνώσκοντες,
1387 1467 1472 1536 ἐφ’
1492 1462 1643 1539 ᾧπερ
1659 1467 1705 1500 ⁸⁸

133 1567 347 1619 ἕκαστα
415 1565 675 1636 ἐτύγχανε
733 1564 1074 1634 προηγμένα,
1169 1563 1590 1635 ἀγωνιζομένοις
1644 1579 1706 1616 τε

131 1657 324 1718 αὐτοῖς
375 1655 456 1708 ἑτι
493 1654 861 1726 συνεμὸχθουν
914 1656 981 1724 τῇ
1040 1651 1346 1724 προθυμίᾳ,
1412 1654 1508 1707 καὶ
1565 1669 1705 1722 συμ-

131 1750 470 1818 περιήγοντο
520 1749 638 1808 ταῖς
681 1745 1004 1817 μεταϐολαῖς
1035 1743 1145 1797 τῶν
1175 1743 1472 1814 σχημάτων
1496 1760 1510 1774 ·
1563 1743 1708 1796 οὕτω

129 1857 193 1892 τε
225 1841 326 1898 τὰς
376 1839 550 1909 ψυχάς
579 1839 862 1902 διέκειντο,
892 1835 967 1899 ὡς
999 1837 1066 1890 ἂν
1093 1837 1277 1898 αὐτοῖς
1337 1837 1537 1888 ἐκεῖνοι
1579 1851 1709 1902 φρο-

129 1934 380 2002 νήματος
415 1930 560 2000 ἔχειν
609 1930 644 1999 ἦ
677 1930 858 1982 οἴκτου
907 1927 1146 1982 ἐδόκουν.
1181 1926 1292 1980 Καὶ
1345 1923 1465 1980 εἶτα
1523 1926 1707 1996 ἐπειδὴ

128 2023 230 2078 τοῦ
267 2022 582 2092 ῥητορεύειν
608 2022 935 2083 ἐπέπαυντο,
979 2019 1181 2073 αὐτίκα
1209 2019 1350 2086 οἵγε,
1387 2018 1708 2088 ἐπισχόντος

131 2115 317 2184 βραχῦ
349 2111 444 2166 τοῦ
510 2109 767 2165 δικαστοῦ
822 2111 921 2164 καὶ
974 2108 1382 2180 βουλευομένου,
1427 2107 1708 2178 κατεμέμ-

132 2221 303 2274 φοντο
338 2203 519 2274 ἠσυχῆ
559 2203 654 2256 καὶ
692 2203 1033 2272 ἠγανάκτουν
1075 2202 1156 2254 ὅτι
1191 2201 1255 2270 δὴ
1325 2199 1400 2270 μὴ
1453 2199 1613 2264 εὐθὺς
1659 2198 1710 2250 οἱ

133 2294 371 2346 ἐναντίοι
401 2295 706 2365 άνῄρηντο·
753 2292 847 2345 τοῦ
897 2291 955 2344 δὲ
1009 2291 1559 2362 παρακελευσαμένου
1615 2290 1708 2343 καὶ

133 2385 324 2452 λέγειν
353 2387 535 2449 αὐτοῖς
561 2384 697 2438 ἆττα
729 2385 794 2438 ἂν
846 2384 1181 2454 ἐθελήσαιεν,
1255 2383 1375 2436 τότε
1425 2383 1490 2453 δὴ
1538 2399 1710 2436 κατα-

134 2477 274 2546 ϐοᾴν
298 2477 355 2538 ὲς
385 2475 446 2528 τδ
475 2476 714 2546 ἐμφανὲς
773 2475 916 2528 ἵεντο
943 2473 1014 2540 ⁸³,
1050 2475 1144 2527 καὶ
1201 2474 1301 2545 ἤδη
1353 2473 1710 2543 ὑπετονοόρυ-

133 2568 258 2631 ζον,
290 2567 381 2618 καὶ
403 2566 503 2637 ήδη
549 2569 581 2635 ὴ
631 2567 782 2636 φωνὴ
813 2567 873 2629 ἐς
920 2565 984 2618 τὸ
1017 2566 1348 2643 σαφέστερον
1387 2564 1708 2635 διεκρίνετο.

147 2657 299 2709 Ἀλλ’
329 2659 380 2709 οἱ
425 2657 558 2728 πρὸς
604 2657 664 2710 τὸ
695 2660 1018 2728 κατηγορεῖν
1045 2658 1524 2726 τεταγμένοι,ταῖς
1554 2659 1713 2728 χερσὶ

132 2747 578 2810 καταπαύοντες,
626 2748 894 2817 ἀνέκοψαν
922 2749 1022 2820 τὴν
1055 2749 1369 2820 περαιτέρω
1403 2749 1577 2820 φορὰν
1616 2749 1713 2802 τοῦ

131 2841 398 2910 Θῡρύδου.
454 2841 562 2893 Καὶ
615 2840 796 2893 τοίνυν
849 2841 1008 2910 σιγῆς
1062 2842 1456 2912 γεγενημένης,
1514 2842 1716 2912 παρελ-

131 2933 253 2985 θὼν
286 2933 381 2984 καὶ
422 2931 734 2995 Ῥούστικος
762 2933 820 2984 ὲν
853 2935 1004 3002 μέσῳ
1025 2933 1143 3002 ἅμα
1177 2933 1398 3005 Ἰωάννῃ
1429 2933 1508 3004 τῷ
1560 2933 1716 2986 ἁδελ-

133 3022 252 3091 φῷ,
292 3023 438 3087 ἔλεξε
466 3022 644 3076 τοιάδε
672 3038 686 3054 ο
722 3021 1029 3092 Μετήγαγε
1085 3021 1201 3091 μὲν
1287 3023 1432 3091 ⁴ἡμῖν
1500 3023 1718 3091 ἁθρόον

133 3115 248 3168 καὶ
302 3114 704 3181 περιέστησεν
758 3115 844 3178 είς
885 3113 1240 3167 τούναντίον
1271 3115 1376 3177 τὰς
1393 3112 1514 3166 τῶν
1542 3113 1719 3181 δοκησ

1886 1111 1935 1164 7.
2010 1111 2146 1166 Cum
2207 1127 2335 1166 vero
2398 1121 2739 1166 accusatores
2799 1109 2873 1163 ita
2934 1106 3370 1162 criminationem

1812 1214 1967 1254 suam
2030 1202 2380 1270 peregissent,
2445 1200 2608 1269 219
2651 1199 2978 1254 Colchorum
3024 1197 3191 1266 capite
3247 1196 3371 1266 (eo

1810 1291 1955 1344 enim
1999 1295 2403 1360 convenerant)
2447 1291 2732 1346 verborum
2788 1287 3215 1343 enuntiationem
3259 1300 3368 1340 non

1812 1380 1946 1434 satis
2004 1380 2264 1434 exaudire
2316 1387 2582 1450 poterant,
2629 1391 2804 1447 neque
2824 1375 3212 1430 sententiarum
3241 1387 3370 1444 pon-

1811 1470 1975 1524 dera:
2017 1484 2131 1524 rem
2161 1477 2339 1523 tamen
2366 1470 2537 1539 ipsam
2561 1468 2939 1537 intelligentes,
2987 1466 3146 1534 cujus
3205 1479 3372 1520 causa

1814 1561 2023 1630 singula
2063 1564 2117 1616 in
2163 1561 2400 1617 medium
2453 1570 2606 1616 erant
2638 1561 2922 1630 producta,
2977 1557 3377 1612 decertantibus

1813 1652 1946 1722 ipsis
1990 1653 2157 1709 animi
2180 1651 2541 1722 propensione
2575 1651 3000 1713 collaborabant,
3025 1649 3373 1716 eosdemque.

1811 1759 1949 1813 quos
1969 1734 2336 1809 accusatores,
2363 1751 2548 1814 gestus
2569 1757 2679 1811 pra:
2713 1757 2772 1796 se
2803 1741 3066 1807 ferebant,
3115 1748 3278 1808 atque
3303 1740 3376 1793 ita

1739 1860 1782 1914 Β
1812 1837 2008 1892 animis
2065 1837 2244 1892 οπεοιί
2291 1845 2468 1903 erant,
2525 1841 2689 1905 prout
2752 1834 2828 1888 illi
2895 1835 2978 1887 vel
3011 1834 3262 1888 fiduciam
3293 1833 3377 1886 vel

1810 1928 2343 1982 commiserationem
2398 1926 2548 1981 vultu
2597 1924 2992 1996 esprimebant.
3048 1924 3126 1977 Ac
3183 1923 3380 1977 deinde

1810 2020 1899 2076 ubi
1938 2020 2154 2075 dicendi
2207 2021 2370 2074 linem
2434 2019 2712 2077 fecissent.
2765 2019 2945 2072 statim
2978 2018 3054 2080 hi,
3099 2018 3381 2071 restitante

1810 2113 2058 2168 nonnihil
2082 2112 2267 2182 judice
2306 2120 2362 2167 et
2411 2111 2774 2174 consultante,
2832 2111 2993 2164 tacite
3037 2111 3377 2175 incusabant,

1811 2207 2144 2276 molesteque
2197 2204 2441 2260 ferebant
2507 2200 2848 2258 adversarios
2895 2217 3004 2255 non
3071 2201 3252 2253 statim
3310 2199 3381 2254 ad

1812 2307 1997 2347 necem
2042 2291 2180 2362 rapi.
2236 2291 2526 2346 Mandante
2564 2305 2692 2345 vero
2751 2289 2952 2356 judice,
3007 2297 3139 2346 utet
3161 2289 3235 2344 illi
3259 2304 3384 2360 quae

1811 2387 2006 2440 vellent
2051 2400 2149 2454 pro
2195 2398 2317 2438 sese
2359 2383 2622 2446 dicerent,
2671 2392 2788 2436 tum
2843 2393 3026 2451 aperte
3083 2382 3384 2436 reclamare

1813 2485 2118 2546 coeperunt,
2169 2484 2224 2531 ct
2241 2477 2357 2545 jam
2385 2473 2921 2537 submurmnrabant,
2967 2488 3233 2543 vocesque
3258 2474 3386 2542 ipsa!

1809 2569 1922 2639 jam
1978 2567 2323 2623 manifestius
2363 2567 2816 2621 exaudiebantur.
2882 2564 2988 2618 Sed
3012 2575 3384 2629 accusatores,

1814 2661 2031 2715 sulentio
2066 2661 2324 2714 manibus
2353 2659 2576 2720 indicto,
2619 2658 2845 2726 majoris
2899 2657 3167 2710 tumultus
3194 2670 3386 2710 ansam

1816 2752 2200 2822 praeciderunt.
2246 2749 2478 2804 Silentio
2544 2750 2728 2816 itaque
2778 2748 2942 2808 facto.
2992 2763 3312 2818 progressus
3331 2749 3387 2802 in

1818 2845 2054 2898 medium
2109 2844 2370 2899 Rusticus
2406 2857 2530 2897 cum
2569 2843 2735 2897 fratre
2762 2856 2864 2897 suo
2898 2841 3127 2906 Joanne,
3159 2842 3214 2894 in
3243 2841 3390 2895 hunc

1818 2937 2038 2990 modum
2088 2936 2250 2990 verba
2303 2934 2464 2989 fecit:
2521 2932 2747 2987 Mutavit
2786 2933 2934 2988 nobis
3003 2935 3190 2997 subito,
3237 2931 3388 3000 judi-

1819 3039 1922 3089 ces,
1991 3033 2041 3078 et
2079 3025 2134 3078 in
2164 3025 2488 3077 contrarium
2517 3024 2668 3076 vertit
2693 3025 3034 3077 consiliorum
3087 3033 3390 3076 nostrorum

1819 3127 2054 3171 eventum
2108 3115 2391 3170 Fortuna:
2441 3132 2658 3185 cumque
2717 3118 2952 3169 maxima
2999 3115 3146 3169 nobis
3167 3114 3390 3184 pramia

133 3208 372 3262 θέντων
399 3205 672 3272 ἐκϐάσεις
708 3207 746 3276 ἡ
777 3207 948 3274 τύχη,
988 3205 1107 3267 καὶ,
1135 3203 1275 3259 δέον
1300 3207 1600 3274 μεγίστων
1626 3222 1719 3276 γε-

1747 3207 1794 3266 C
1821 3210 1930 3261 sint
2006 3207 2214 3270 debita,
2286 3201 2477 3276 capitis
2541 3209 2879 3260 accersimur.
2939 3205 3398 3260 Verumenimvero-

130 3297 271 3368 ρῶν
329 3298 692 3362 ἀπόνασθαι,
781 3297 1089 3364 πάρεσμεν
1135 3295 1394 3350 θανάτου
1464 3294 1721 3364 φευξού-

129 3407 318 3461 μενοι
389 3389 609 3456 δίκην·
687 3387 859 3457 πλὴν
910 3387 1049 3441 ἀλλ’
1137 3386 1384 3453 ἥδιστος
1475 3385 1622 3457 ἡμῖν
1688 3389 1722 3441 ό

135 3479 314 3550 ἀγὼν
374 3477 797 3548 καταφαίνεται
855 3478 952 3530 καὶ
1035 3477 1333 3543 πλείστης
1397 3474 1551 3544 ὅσης
1607 3491 1708 3542 με·

133 3571 484 3639 ιγαλαυχίας
544 3568 855 3632 ἀνάπλεως
907 3569 954 3600 ⁸⁸
977 3607 994 3625 .
1076 3566 1407 3633 Γενήσεται
1431 3567 1540 3634 γὰρ
1567 3565 1721 3620 ἄπα-

135 3679 212 3716 σι
321 3661 790 3730 γνωριμώτερον,
863 3658 944 3724 ὡς
1003 3661 1215 3728 μόνοις
1302 3658 1446 3726 ἡμῖν
1519 3657 1722 3724 διήνυο

133 3769 293 3808 σται
325 3752 392 3806 τὸ
418 3752 717 3820 προδότην
747 3749 938 3818 ἄνδρα
983 3749 1081 3803 καὶ
1122 3749 1420 3817 τύραννον
1487 3751 1722 3804 ἀπολω-

132 3852 349 3912 λέναι,
375 3851 471 3903 καὶ
502 3849 572 3903 τὰ
596 3847 900 3913 βασιλέως
927 3846 1240 3916 πράγματα
1285 3847 1352 3900 τὸ
1390 3847 1572 3916 μέρος
1599 3847 1723 3899 δια-

134 3939 460 3996 σεσῶσθαι
480 3957 492 3969 ·
522 3938 676 3992 ὥστε
699 3940 754 3992 ει
782 3937 880 3991 καὶ
912 3937 1188 3992 τεθνάναι
1234 3937 1519 4005 συμϐαίη,
1549 3936 1721 4003 στέρ-

134 4035 359 4101 εοιμεν
384 4032 460 4084 ἂν
503 4031 599 4085 καὶ
624 4030 699 4094 ὡς
723 4029 972 4098 ἄσμενοι
1000 4028 1262 4096 καθάπερ
1293 4045 1362 4107 ,τι
1390 4027 1723 4096 προσφιλὲς

132 4129 252 4179 και
279 4123 628 4191 αὐθαίρετον
654 4123 719 4176 τὸ
759 4120 1007 4188 ἀνιαρὸν
1061 4119 1158 4174 καὶ
1217 4120 1681 4188 ἠναγκασμένον
1704 4136 1718 4150 ο

131 4215 255 4270 καὶ
300 4216 662 4282 οίχησόμεθα
709 4213 756 4244 ⁸³
798 4211 1135 4277 κάλλιστον
1155 4209 1335 4264 τοῦτο
1394 4210 1546 4278 πρὸς
1620 4211 1720 4262 εύ-

128 4310 373 4376 ουμίαν
396 4305 636 4375 ἐφοδιον
658 4305 922 4374 ἔχοντες,
952 4304 1020 4357 τὸ
1043 4301 1396 4372 γιγνώσκειν
1425 4303 1472 4334 ⁸⁵
1501 4303 1568 4356 ἑν
1585 4301 1724 4370 ἡμῖν

124 4401 376 4464 αυτοῖς,
432 4399 527 4463 ὡς,
553 4397 696 4462 τοὺς
729 4395 1056 4464 Ῥωμαίους
1093 4394 1462 4461 κρατοῦντας
1488 4392 1575 4445 ἐτι
1606 4389 1723 4443 τῶν

128 4495 404 4559 Κόλχων
446 4489 986 4556 καταλελοίπαμεν,
1025 4486 1124 4540 καὶ
1145 4486 1309 4540 οὔπω
1338 4485 1478 4552 παρ’
1505 4482 1722 4550 ἐτέρων

1815 3297 2264 3366 jucundissimum
2312 3296 2462 3350 nobis
2501 3297 2597 3350 hoc
2621 3305 2879 3350 certamen
2896 3295 3156 3364 judiciale
3188 3295 3393 3348 ridetur

1825 3389 2153 3458 maximeque
2206 3388 2538 3459 gloriosum;
2599 3391 2689 3456 [iet
2742 3387 2881 3440 enim
2903 3387 3142 3440 omnibus
3175 3387 3394 3456 perspi-

1826 3501 2003 3549 cuum,
2031 3483 2162 3538 solis
2195 3483 2340 3536 nobis
2368 3483 2464 3537 hoc
2513 3482 2707 3548 deberi,
2753 3483 2890 3552 quod
2951 3483 3105 3535 homo
3154 3482 3395 3551 proditor

1825 3587 1876 3630 et
1913 3587 2164 3646 tyrannm
2193 3577 2262 3630 sit
2291 3577 2616 3644 interfectus,
2647 3585 2697 3628 et
2741 3575 2903 3644 220
2927 3575 3258 3643 imperatoris
3296 3590 3394 3626 no-

1825 3671 1926 3722 stri
1977 3685 2056 3723 res
2082 3685 2146 3722 ea:
2202 3677 2351 3737 parte
2395 3676 2752 3731 conservatae;
2781 3669 2910 3720 adeo
2932 3677 2988 3722 ut
3016 3667 3225 3720 etiamsi
3257 3666 3396 3720 mori

1827 3779 1920 3815 nos
1971 3762 2264 3831 contigerit,
2301 3760 2512 3814 libentes
2546 3759 2624 3814 vel
2655 3761 2733 3814 sic
2759 3761 2924 3813 simus
2962 3759 3256 3829 amplexari
3290 3755 3398 3812 vel-

1827 3853 1906 3908 uti
1962 3855 2191 3906 amicum
2248 3861 2300 3906 et
2354 3851 2708 3905 uoluntarium
2749 3853 2822 3913 id.
2874 3857 3013 3921 quod
3042 3861 3120 3906 est
3151 3851 3396 3905 acerbum

1825 3954 1876 3999 et
1905 3954 2162 4007 coactum,
2189 3953 2240 3999 et
2273 3945 2558 3998 moriemur
2604 3943 3015 4012 pulcherrimum
3048 3943 3144 3995 hoc
3176 3947 3245 3996 ad
3274 3943 3396 3997 ala-

1827 4036 2068 4092 critatem
2105 4034 2640 4104 tranquillitatemque
2669 4034 2836 4087 animi
2899 4035 3148 4088 uiaticum
3199 4033 3396 4088 Iuben-

1829 4135 1926 4188 tes,
1983 4126 2211 4178 conscire
2266 4124 2411 4178 nobis
2467 4125 2618 4193 ipsis,
2679 4124 2818 4193 quod
2845 4123 3107 4178 Romanos
3141 4123 3313 4177 adhuc
3339 4125 3396 4178 in

1829 4216 2046 4272 Colchos
2096 4216 2388 4285 imperium
2440 4217 2729 4270 obtinentes
2788 4215 3171 4286 reliquerimus,
3236 4230 3397 4285 neque

1827 4307 1960 4361 illud
1985 4307 2117 4377 ipsis
2141 4307 2205 4359 ab
2243 4306 2365 4359 aliis
2391 4316 2642 4374 ereptum.
2680 4305 2742 4362 Si
2769 4308 2908 4362 enim
2937 4305 3211 4360 Persicum
3260 4315 3396 4360 esset

1827 4399 1969 4452 istud
2030 4397 2282 4461 tribunal,
2351 4413 2634 4466 eorumque
2691 4397 2897 4466 judicio
2962 4395 3108 4452 nobis
3135 4397 3397 4450 .standuns

1827 4499 1982 4555 esset,
2035 4490 2247 4542 omnino
2301 4489 2452 4543 nobis
2504 4489 2778 4560 negatione
2829 4503 3029 4552 eorum,
3093 4502 3211 4556 qua:
3250 4487 3397 4553 facta

123 4557 594 4650 ἀφῃρημένους.
620 4580 690 4632 El
709 4577 824 4647 μὲν
846 4578 956 4648 γὰρ
990 4577 1288 4645 Περσικὸν
1316 4572 1397 4646 ἦν
1436 4576 1502 4629 τὸ
1531 4575 1719 4642 παρὸν

1755 4557 1797 4612 θ
1822 4589 1965 4645 sunt,
1990 4579 2123 4649 foret
2155 4598 2304 4652 opus,
2351 4557 2846 4650 extimescenda’que
2898 4587 3066 4633 essent
3121 4577 3393 4645 probatio-

123 4671 565 4740 δικαστήριον,
593 4671 693 4724 καί
723 4671 862 4738 παρ’
896 4671 1149 4736 ἐκείνοις
1185 4667 1720 4738 ἑκρινόμεθα,πάν-

123 4782 270 4827 τως
313 4761 388 4815 ἂν
438 4761 581 4830 ἡμῖν
621 4757 933 4829 ἀρνήσεως
965 4777 1030 4814 τε
1075 4759 1356 4827 προσέδει
1383 4756 1500 4812 τῶν
1528 4759 1721 4826 ειργα-

123 4854 412 4925 σμένων,
487 4852 585 4905 καὶ
636 4851 890 4905 δεδιέναι
950 4850 1151 4920 παρῆν
1204 4849 1346 4915 τοὺς
1412 4847 1722 4918 ἐλέγχους,

1825 4687 1945 4736 nes;
1999 4688 2307 4743 magnopere
2346 4674 2504 4727 etiam
2537 4672 2918 4735 laboraremus,
2981 4670 3167 4740 quibus
3221 4669 3390 4724 verbis

1826 4780 1916 4818 eas
1966 4764 2316 4832 refutaremus
2367 4763 2508 4832 apud
2557 4761 2761 4832 judices
2799 4760 3188 4816 inimicissimos
3218 4759 3392 4829 gravi-

1829 4865 2001 4924 terque
2055 4853 2150 4908 ltoc
2207 4855 2348 4925 facto
2401 4853 2648 4922 offensos,
2709 4852 2835 4923 quia
2859 4867 2948 4922 spe
2968 4867 3068 4906 sua
3085 4859 3257 4923 essent
3283 4852 3394 4922 {ru-

123 4943 256 5001 καὶ
285 4942 678 5010 δεδειγμένοις
709 4943 756 4975 ⁸⁸
790 4941 977 5010 τυχὸν
1028 4940 1333 5008 διαπορεῖν
1373 4939 1602 5004 ὁποίοις
1649 4937 1719 4992 ἂν

1827 4949 2004 5002 strati.
2041 4945 2175 5002 Cum
2199 4963 2317 5002 uero
2334 4947 2500 5016 judea:
2523 4948 2594 5000 sit
2630 4945 2922 5010 Romanus,
2953 4959 3112 5014 quam
3153 4945 3216 4996 ob
3261 4957 3393 4994 cau-

124 5037 253 5093 καὶ
306 5035 674 5104 χρησαίμεθα
709 5036 912 5102 λόγοις
949 5031 1068 5087 ὑπὸ
1096 5031 1407 5096 δικασταῖς
1440 5033 1729 5099 πολεμιω-

1830 5055 1942 5094 sam
1968 5054 2003 5091 a
2033 5037 2180 5094 nobis
2209 5039 2406 5107 factum
2431 5047 2662 5106 negetur,
2693 5044 2786 5090 aut
2816 5034 2942 5105 quid
2971 5049 3099 5103 opus
3130 5043 3207 5086 est
3235 5045 3396 5085 excu-

123 5132 359 5196 τιὶτοις
382 5169 397 5192 ,
431 5131 529 5184 καὶ
589 5128 668 5195 τῷ
697 5128 1019 5197 πραχθέντι
1050 5128 1193 5180 λίαν
1237 5126 1587 5194 ἀχθομένοις
1651 5123 1719 5190 τᾷ

1833 5144 1949 5184 sare
1985 5128 2126 5196 apud
2148 5145 2235 5184 ros
2264 5129 2341 5193 id,
2375 5144 2478 5197 quo
2505 5128 2617 5195 ipso
2656 5126 2778 5180 bene
2812 5126 2878 5179 de
2908 5124 3051 5178 vobis
3075 5136 3255 5176 sumus
3281 5137 3392 5175 me-

125 5227 270 5294 τῆς
299 5224 548 5289 ἐλπίδος
581 5224 1003 5292 ἡμαρτηκέναι.
1059 5220 1346 5289 Ῥωμαίου
1393 5217 1462 5271 δὲ
1513 5215 1719 5286 ἀνδρὸς

1834 5219 1942 5283 riti,
1992 5221 2082 5288 qui
2121 5228 2402 5290 tyrannum
2442 5217 2842 5287 interfuimus?
2899 5214 3080 5285 Neque
3122 5213 3261 5267 enin
3292 5211 3392 5265 tri-

122 5322 244 5398 [Ρ.
300 5316 426 5389 H5]
457 5316 818 5381 διαιτῶντος,
867 5317 1032 5382 τίνος
1059 5315 1134 5368 ἂν
1160 5315 1334 5383 χάριν
1362 5312 1507 5382 ἡμῖν
1547 5311 1610 5364 τὸ
1630 5328 1726 5379 γε-

1837 5310 2099 5364 buendum
2155 5313 2204 5365 ei
2234 5320 2309 5366 est
2347 5310 2696 5364 venerandum
2727 5308 2860 5378 regis
2889 5322 3096 5368 nomen,
3127 5303 3217 5374 qui
3244 5303 3308 5356 ab
3334 5319 3396 5356 eo

1454 5497 1686 5554 VARIE
1710 5498 2118 5554 LECTIONES.

222 5661 278 5698 ""
312 5659 461 5732 ἔστιν
497 5657 562 5711 R.
709 5657 949 5732 δικαστά
1084 5655 1336 5732 δικασταὶ
1376 5656 1520 5732 vnlg,
1558 5664 1612 5710 et
1643 5657 1825 5732 Lintpr.
1859 5654 2150 5732 τοσούτους
2191 5653 2257 5706 Β.
2283 5652 2378 5732 _"
2413 5651 2569 5732 ἢτῆς
2599 5649 3021 5732 --Ιχρῇμαιοηι⁶
3062 5645 3106 5698 R
3134 5654 3207 5732 ei,
3235 5653 3292 5732 ut
3316 5645 3394 5697 vi-

123 5739 341 5796 detur,
380 5731 544 5798 intpr.
617 5730 664 5760 ⁸ο
703 5729 840 5798 ὅπερ
866 5727 928 5780 ιι.
964 5797 967 5798 ν
1005 5728 1046 5758 ⁸¹
1085 5727 1229 5798 ἵεντο
1267 5725 1308 5777 [ἰ
1332 5735 1398 5798 et_
1421 5727 1564 5796 vnlg.

1643 5725 1688 5758 ⁸²
1710 5719 1998 5788 ἀνάπλεως
2025 5725 2152 5777 add.
2182 5740 2246 5777 ex
2283 5721 2324 5776 R
2343 5733 2398 5776 et
2433 5719 2598 5791 impr.
2633 5719 2818 5790 gloria:
2850 5719 3080 5784 plenum.

3155 5715 3204 5747 ⁸³
3242 5715 3396 5784 olm-

126 5789 371 5892 ξύνερά
396 5789 1122 5892 R"etintpr.'et"lntorientur
1149 5796 1302 5879 ltili),
1342 5791 1398 5848 οἷ
1431 5789 1748 5892 χρῇσόμεθα
1809 5797 1954 5866 vulg.
2031 5796 2077 5827 ⁸³
2116 5795 2404 5860 γινώσκειν
2446 5789 2528 5846 [ὶί
2583 5789 3047 5859 ⁸³ίδεδιττομένοις
3113 5800 3159 5839 s.
3221 5789 3397 5854 potius

123 5865 575 5941 δεόςιδιγμένοις
609 5865 753 5938 conj.
775 5867 881 5931 CL,
923 5869 1084 5930 impr.
1124 5869 1310 5919 timore
1339 5865 1566 5934 perculsi

450 5985 723 6046 Ριτιοι.
764 5985 880 6044 (in.
911 5979 1282 6043 LXXXVII].

2964 5969 3035 6031 1ι7
