4188 6438
197 430 328 501 1485

1338 441 1872 503 HISTORIARUM
1911 442 2138 502 LIBER
2171 439 2264 503 Ν.

3269 451 3407 520 1486

193 547 336 612 μεοα
360 541 436 612 τῇ
456 543 728 614 ὠμότητι.
760 549 842 601 Οὐ
870 547 982 616 γὰρ
1013 548 1146 617 είκῆ
1191 550 1255 603 τὸ
1305 547 1558 609 κολάζον
1584 547 1748 612 ἐξεύ-

1851 565 1884 601 ιι
1914 549 2060 602 nobis
2093 549 2352 605 Gubazes.
2386 542 2465 605 Εἰ
2483 555 2609 622 quid
2647 555 2803 617 mali,
2851 559 2897 610 si
2928 558 3187 615 hominem
3231 567 3410 627 prodi-

190 651 378 704 ρηται,
427 637 534 690 τοῦ
584 638 1028 707 ἁμαρτάνοντος
1092 640 1311 708 ἥκιστα
1378 639 1744 709 παυομένου.

200 723 498 795 Ἀνῄρηται
527 728 737 780 τοίνυν
759 728 908 796 πρὸς
936 729 1106 797 ήμῶν
1136 733 1170 785 ὁ
1203 730 1538 798 Γουϐἀζηςο
1570 730 1668 784 καὶ
1693 731 1750 783 τί

189 812 406 880 δεινὸν,
448 819 500 869 εὶ
533 816 835 887 προδότην
861 819 908 851 ’⁸
941 819 1131 888 ἀνδρα
1168 821 1267 875 καὶ
1296 821 1586 889 πολέμιον
1631 822 1748 875 ἀπ-

188 903 554 971 εκτόναμεν;
587 905 788 960 Καίτοι
845 906 959 974 τὴν
1005 909 1112 963 τοῦ
1139 909 1482 979 δυσμενοῦς
1525 910 1752 963 ἐπωνυ-

182 990 330 1057 μίαν
353 995 408 1045 οὶ
435 994 751 1065 κατήγοροι
803 995 1352 1066 διευκρινήσαντες,
1392 1000 1464 1055 οὐ
1503 999 1585 1064 τῷ
1609 1002 1752 1068 πορ-

177 1079 414 1149 ρωτέρω
457 1086 731 1153 ταχθέντι
764 1086 808 1118 ⁵⁷
851 1088 1185 1156 προσήκειν
1225 1089 1435 1158 φασιν,
1469 1090 1607 1144 ἀλλ’
1632 1090 1750 1158 ὅτῳ

185 1169 283 1234 ἂν,
305 1173 358 1224 εί
384 1172 483 1226 καὶ
514 1177 821 1244 ὁμόφυλος
865 1176 921 1245 ᾗ,
952 1179 1025 1232 τὰ
1067 1178 1192 1245 τοῖς
1229 1179 1528 1246 ἐναντίοις
1576 1197 1752 1250 κεχα-

175 1261 437 1329 ρισμένα
464 1264 858 1327 σπουδάζοιτο
877 1283 890 1297 ·
923 1267 1022 1320 καὶ
1058 1267 1241 1336 τήνδε
1283 1270 1398 1340 τὴν
1437 1270 1627 1335 δόξαν
1649 1271 1749 1326 καὶ

182 1350 358 1418 ἡμεῖς
394 1353 650 1424 ἀρίστην
693 1359 993 1428 ἡγούμεθα
1034 1360 1133 1414 καὶ
1171 1361 1609 1431 ἀληθεστάτην,
1652 1363 1754 1417 καὶ

185 1441 326 1494 οἵαν
349 1442 458 1512 τῆς
481 1445 589 1500 τοῦ
613 1446 954 1516 πράγματος
969 1452 1210 1518 φύσεως
1223 1450 1614 1522 ἐστοχάσθαι.
1642 1455 1753 1506 οὐ·

183 1531 358 1597 κοῦν,
399 1534 718 1605 ἑκατέρους
741 1539 787 1570 “
820 1541 1010 1608 οὕτως
1053 1540 1334 1610 ἀρέσκον,
1380 1544 1523 1612 φέρε
1572 1544 1752 1598 πολέ-

177 1639 324 1690 μιον
353 1624 763 1697 ἀποδείξωμεν
790 1630 898 1684 τὸν
926 1631 1236 1697 Γουϐάζην
1255 1631 1334 1698 τῷ
1357 1631 1589 1688 δοθέντι
1614 1634 1756 1704 χρώ-

178 1731 356 1782 μενοι
386 1719 700 1787 τεκμηρίῳ.
747 1723 966 1777 Τούτου
1003 1725 1112 1793 γὰρ
1149 1723 1333 1792 ταύτῃ
1385 1724 1485 1778 καὶ
1520 1723 1598 1793 δὴ
1638 1725 1755 1778 δει-

184 1805 510 1875 κημένου,
539 1809 637 1862 καὶ
665 1811 732 1865 τὸ
754 1811 992 1878 δικαίως
1031 1813 1219 1867 αὐτὸν
1242 1813 1578 1882 ἀνῃρῆσθαι
1605 1830 1757 1869 συν-

183 1897 593 1966 αναρανεῖται.
644 1900 842 1954 Ἀπαν
885 1902 1002 1970 μὲν
1027 1899 1141 1957 οὖν
1167 1902 1258 1957 ἀεὶ
1286 1903 1594 1972 ,ϐάρϐαρον
1637 1902 1750 1972 φῦ-
1785 1891 1826 1947 Β

183 1987 324 2049 λον,
355 1989 408 2041 εί
436 1989 534 2042 καὶ
564 1990 863 2057 κατήκοον
884 1987 926 2064 ᾖ
968 1991 1092 2059 τοῖς
1129 1992 1458 2062 Ῥωμαίοις,
1489 1993 1650 2047 ἀλλὰ
1675 1991 1755 2059 τῷ

183 2076 300 2146 τῆς
324 2078 559 2151 γνώμης
584 2082 1033 2151 ἀλλοτριωτάτῳ
1075 2083 1393 2153 διεστηκὸς
1414 2085 1512 2139 καὶ
1551 2083 1627 2153 τῇ
1658 2083 1746 2138 τάν

185 2171 278 2237 εει
308 2170 424 2226 τῶν
447 2176 650 2243 νόμων
688 2177 1044 2246 ἀχθόμενον,
1088 2177 1190 2231 ἐπὶ
1227 2176 1295 2231 τὸ
1332 2175 1757 2246 νεωτεροποιὸν

183 2263 289 2316 καὶ
337 2265 682 2334 ταραχῶδες
726 2267 1008 2336 φέρεσθαι
1047 2267 1344 2337 πέφυκεν·
1385 2267 1485 2323 καὶ
1539 2267 1757 2335 ἥδιστα

175 2352 303 2422 μὲν
331 2354 407 2407 ἂν
451 2355 542 2424 ἐφ’
577 2356 795 2412 ἐαυτοῦ
823 2359 867 2391 ⁸⁵
900 2359 1087 2424 ,βιοῦν
1129 2359 1431 2430 διατελοίη
1471 2358 1756 2430 μηδαμῶς

180 2444 292 2513 ὑφ’
320 2442 543 2513 ἐτέροις
590 2449 972 2516 ταττόμενον,
1015 2447 1096 2514 ὡς
1139 2449 1296 2518 μηδὲ
1338 2447 1456 2503 τῶν
1483 2449 1500 2480 ί
1556 2449 1757 2516 ἀδικη-

175 2533 388 2603 μάτων
416 2538 670 2604 εὐθύνας
691 2538 959 2607 ὑπέχειν.
989 2541 1059 2594 Εί
1085 2539 1154 2592 δέ
1189 2540 1367 2595 τοῦτο
1389 2540 1476 2611 μὴ
1507 2535 1640 2594 οἷόν
1669 2557 1753 2602 τε,

180 2625 256 2679 τὸ
279 2627 428 2696 γοῦν
463 2629 535 2682 τὰ
558 2629 865 2698 ὁμοδίαιτα
897 2630 1014 2684 τῶν
1034 2630 1224 2685 ἐθνῶν
1245 2631 1341 2686 καὶ
1356 2630 1597 2701 μᾶλλον
1633 2631 1758 2696 τοῖς

183 2717 434 2784 οἰκείοις
459 2717 863 2786 πλησιάζοντα
895 2723 1139 2788 τρόποις
1184 2720 1510 2792 ἐπάγεσθαι
1544 2722 1757 2791 προῦρ-

183 2825 306 2878 γου
341 2809 669 2865 ποιοῦνται.
704 2810 876 2877 Πλὴν
907 2813 1046 2866 ἀλλ’
1073 2815 1127 2866 εὶ
1177 2813 1278 2867 καὶ
1321 2813 1554 2880 τούτοις
1583 2815 1604 2845 ³
1625 2815 1756 2868 ἀτε-

184 2899 350 2969 κνῶς
382 2904 414 2955 ό
460 2903 510 2954 Γ
512 2902 762 2971 ουόάζης
789 2883 1030 2973 {inﬁmo
1068 2905 1195 2973 τοῖς
1233 2905 1473 2972 πάθεσι,
1498 2904 1579 2972 τῷ
1609 2906 1758 2975 ,ϐάρ-

184 2991 370 3057 ϐαρός
392 3007 455 3044 τε
483 2992 835 3060 πεφυκέναι,
863 2994 962 3048 καὶ
992 2993 1109 3063 τὴν
1145 2993 1360 3064 κοινὴν
1391 2995 1500 3050 τοῦ
1544 2993 1758 3066 γένους

185 3079 405 3132 νοσεῖν
441 3080 746 3146 ἀπιστίαν,
787 3085 821 3137 ὁ
856 3081 926 3135 δέ
970 3082 1075 3138 καὶ
1129 3083 1280 3152 πρὸς
1323 3083 1500 3138 τοῦτο
1547 3085 1761 3154 κακίας

181 3169 394 3237 ἐχώρει
423 3170 552 3226 καθ’
581 3171 770 3241 ήμῶν,
803 3172 885 3238 ὡς
922 3171 1132 3242 μηκέτι
1170 3171 1598 3228 διαλανθάνειν
1641 3173 1756 3227 οἴε-

182 3263 333 3314 σθαι
359 3260 505 3328 δεῖν,
548 3263 906 3317 τούναντίον
951 3263 1064 3330 μὲν
1113 3259 1228 3317 οὖν
1261 3262 1360 3316 καὶ
1408 3263 1558 3332 πρὸς
1582 3263 1758 3334 ἔργον

181 3351 361 3419 ἄγειν
412 3353 755 3424 ἐπείγεσθαι
796 3356 912 3422 τὴν
955 3354 1459 3424 προσπεπηγυῖαν
1501 3353 1645 3420 τέως
1677 3355 1758 3421 τῷ

182 3439 276 3506 νῷ
329 3443 428 3498 καὶ
485 3446 1028 3516 ὐποκρυπτομένην
1107 3447 1494 3516 δυσμένειαν.
1562 3446 1759 3518 Ἦμῶν

180 3535 301 3604 γὰρ
330 3535 819 3605 διαπονουμένων
846 3539 943 3591 καὶ
976 3537 1174 3592 πάντα
1202 3539 1496 3593 κίνδυνον
1520 3540 1757 3608 μετιόν-

181 3643 331 3694 των,
359 3628 438 3695 ὡς
465 3629 544 3684 ἂν
561 3629 684 3696 τοῖς
710 3631 1019 3700 πολεμίοις
1035 3631 1230 3700 μηδὲν
1247 3631 1452 3686 ὁτιοῦν
1467 3632 1589 3686 τῶν
1609 3632 1758 3687 κατὰ

182 3716 434 3787 γνώμην
473 3720 702 3788 ἐκϐαίη,
751 3720 936 3784 αὐτὸς
986 3721 1140 3774 οἴκοι
1185 3721 1394 3790 μένειν
1439 3719 1587 3785 ᾤετο
1628 3721 1758 3776 δεῖν

181 3805 316 3859 σὺν
341 3805 463 3872 τοῖς
477 3807 824 3876 ὁμοφύλοις,
849 3807 946 3861 καὶ
977 3806 1184 3873 πολλῷ
1207 3808 1314 3862 τοῦ
1353 3809 1607 3878 μοχθεῖν
1646 3809 1758 3879 ἀφ-

181 3897 462 3952 εστάναι.
495 3897 671 3966 Πλὴν
713 3899 850 3952 ἀλλ’
883 3898 1154 3967 ἐπετήρει
1191 3899 1316 3952 σὺν
1359 3900 1625 3968 ἀκριϐείᾳ
1657 3898 1758 3954 καὶ

177 3987 637 4044 ἀνεπυνθάνετο
666 3989 688 4020 ³
729 3988 838 4054 τὰς
891 3987 1010 4042 τῶν
1045 3988 1292 4058 ἀγώνων
1339 3989 1636 4056 κινήσεις,
1691 3990 1755 4055 ἐς

177 4080 340 4146 ὅπερ
372 4078 448 4132 ἂν
476 4079 572 4132 καὶ
597 4079 957 4149 χωρήσαιεν.
985 4082 1054 4134 El
1071 4078 1190 4148 μὲν
1222 4075 1337 4135 οὖν
1375 4079 1670 4150 μέγιστόν
1697 4097 1754 4134 τι

175 4170 343 4225 κατὰ
388 4170 530 4236 τοὺς
571 4171 878 4239 πολέμους
923 4170 1052 4237 τοῖς
1093 4170 1400 4240 Ῥωμαίοις
1437 4170 1753 4240 διήνυστο,

175 4265 292 4318 καὶ
368 4263 474 4318 τοῦ
537 4263 715 4331 νικᾷν
759 4265 1006 4333 ἐνεργόν
1062 4281 1126 4318 τε
1190 4263 1289 4318 καὶ
1341 4265 1758 4333 ἀληθεστάτην

173 4355 414 4424 ἤραντο
451 4357 474 4385 ‘
517 4355 724 4422 δόξαν,
756 4358 790 4410 ὁ
835 4355 903 4409 δὲ
949 4355 1016 4409 τὸ
1057 4355 1356 4425 δυσμενὲς
1399 4356 1510 4425 τῆς
1547 4355 1756 4425 ψυχῆς

173 4448 291 4503 καὶ
317 4448 660 4512 ,βασκαῖνον
702 4447 1064 4512 ἐπιδεικνὺς,
1127 4447 1529 4516 διακωμῳδεῖν
1575 4447 1752 4513 εὐθὺς

1853 649 2016 694 torem
2039 651 2091 695 et
2121 643 2320 697 hostem
2346 645 2744 712 interfecimus.’
2774 647 2935 718 Atqui
2975 653 3141 707 hostis
3180 654 3414 722 appella-

1853 735 2046 790 tionem
2079 745 2218 790 recte
2248 737 2654 806 interpretantes
2691 751 3050 808 accusatores,
3091 761 3196 799 non
3223 748 3293 810 ei,
3323 749 3416 817 qui

1850 829 2197 882 remotissime
2227 829 2297 882 sit
2321 829 2563 894 dissitas,
2600 833 2871 887 convenire
2899 835 3073 900 aiunt,
3115 839 3205 890 sed
3250 839 3414 892 cuivis

1850 925 2011 978 etiam
2056 924 2300 995 populari
2327 965 2342 990 ,
2412 927 2500 996 qui
2551 927 2790 983 hostibus
2837 931 3135 1000 gratificari
3183 935 3412 988 studeat.

1853 1019 2027 1086 Quam
2057 1023 2268 1091 quidem
2294 1022 2591 1091 opinionem
2627 1024 2790 1078 etiam
2823 1041 2917 1078 nos
2947 1027 3201 1094 optimam
3241 1045 3414 1083 cense-

1851 1129 1967 1165 mus
1999 1121 2049 1166 et
2075 1113 2403 1167 verissimam
2420 1128 2439 1176 ;
2467 1115 2654 1183 quippe
2678 1131 2796 1185 qua:
2827 1116 2902 1169 rei
2933 1116 3093 1187 223
3123 1119 3286 1186 ipsius
3316 1135 3414 1172 na-

1855 1215 2033 1258 turam
2073 1204 2322 1274 attingat.
2367 1203 2498 1260 Cum
2539 1207 2716 1276 itaque
2764 1208 2999 1277 utrisque
3032 1219 3266 1264 nostrum
3307 1211 3419 1267 haec

1852 1296 2113 1350 sententia
2139 1295 2406 1366 probetur,
2440 1312 2558 1367 age,
2589 1297 2789 1352 hostem
2829 1300 2993 1368 fuisse
3033 1297 3278 1356 Gubazen
3321 1305 3419 1357 hoc

1851 1390 1968 1456 ipso
2021 1397 2326 1458 argumento
2377 1397 2578 1443 utentes
2627 1387 3065 1447 demonstremus.
3123 1392 3236 1447 Hoc
3277 1397 3419 1450 enim

1853 1479 2232 1546 demonstrato,
2280 1481 2440 1535 etiam
2478 1481 2606 1550 jure
2669 1498 2866 1536 caesum
2926 1499 3037 1539 esse
3086 1487 3260 1554 ipsum
3311 1503 3420 1541 una

1853 1573 2184 1642 perspicuum
2211 1571 2322 1641 ﬁet.
2361 1570 2616 1628 Uniuersa
2665 1574 2842 1645 itaque
2897 1589 3145 1646 perpetuo
3190 1578 3419 1633 barbara

1855 1667 2022 1727 natio,
2056 1665 2269 1720 etiamsi
2299 1664 2553 1720 Romanis
2586 1666 2797 1722 subdita
2828 1669 2922 1730 sit.
2954 1670 3132 1723 animo
3157 1679 3330 1726 tamen
3355 1672 3420 1724 ab

1853 1758 1930 1812 eis
1955 1757 2280 1812 alienissimo
2327 1757 2545 1821 dissita,
2582 1767 2633 1811 et
2661 1757 2836 1829 legum
2877 1743 3218 1826 disciplinam
3265 1771 3422 1834 atque

1855 1850 2093 1905 ordinem
2114 1859 2331 1922 gravate
2354 1851 2546 1920 ferens,
2583 1851 2654 1906 ad
2685 1868 2845 1906 novas
2875 1869 2955 1908 res
2984 1855 3272 1908 moliendas
3305 1865 3423 1908 tur-

1855 1942 2050 2014 basque
2084 1943 2394 1998 excitandas
2446 1944 2576 2014 ferri
2635 1948 2922 2010 consuevit,
2971 1955 3021 2000 et
3064 1946 3422 2016 placidissime

1854 2034 2064 2104 quidem
2085 2034 2223 2088 inter
2245 2050 2376 2100 sese,
2399 2033 2524 2088 dum
2545 2034 2668 2088 aliis
2690 2036 2890 2104 subest,
2921 2039 3088 2092 vivere
3113 2040 3420 2107 neutiquam

1855 2135 2167 2195 perseverat,
2195 2127 2321 2197 quin
2350 2126 2566 2197 aliquod
2601 2127 2799 2182 crimen
2827 2129 3086 2184 incurrat.
3125 2129 3276 2195 Quod
3300 2148 3420 2185 cum

1854 2221 1984 2289 ipsis
2020 2220 2091 2275 sit
2123 2218 2465 2289 impossibile,
2503 2221 2740 2276 nationes
2769 2219 3007 2291 ejusdem
3039 2237 3216 2276 secum
3266 2224 3422 2277 insti-

1857 2313 1980 2377 tuti,
2001 2321 2051 2366 et
2075 2327 2192 2381 qua:
2213 2327 2372 2382 quam
2391 2313 2629 2382 proxime
2655 2312 2725 2366 ad
2744 2329 2924 2367 eorum
2954 2328 3120 2367 mores
3147 2315 3422 2380 accedant,

1855 2405 1955 2458 sibi
1982 2404 2267 2474 adjungere
2305 2404 2539 2459 student.
2581 2403 2754 2458 Porro
2786 2403 3020 2459 Gubases
3045 2406 3256 2460 etiamsi
3284 2406 3424 2461 hisce

1857 2499 2000 2551 vitiis
2033 2507 2166 2552 esset
2203 2497 2485 2562 obnoxius,
2525 2497 2663 2563 quod
2704 2506 2752 2551 et
2785 2497 3042 2551 barbarus
3079 2508 3224 2553 ortus
3267 2499 3337 2553 sit
3371 2509 3423 2554 et

1858 2590 2121 2644 communi
2149 2590 2380 2644 nationis
2416 2589 2735 2658 infidelitate
2762 2589 2998 2654 labaret;
3031 2600 3238 2644 tantum
3261 2591 3425 2646 etiam

1857 2683 1966 2736 odii
1997 2681 2247 2736 adversus
2279 2697 2372 2735 nos
2401 2689 2732 2751 conceperat,
2764 2691 2818 2734 ut
2850 2681 2905 2735 id
2951 2697 3278 2753 nequaquam
3299 2682 3426 2738 diu-

1859 2779 1963 2832 tius
1995 2778 2271 2848 tegendum
2299 2785 2550 2840 censeret,
2599 2777 2690 2830 sed
2731 2791 2759 2830 e
2791 2777 3058 2830 contrario
3104 2777 3159 2830 in
3186 2788 3426 2846 apertum

1856 2869 2246 2938 producendam
2311 2867 2753 2938 exercendamque
2808 2869 2983 2938 reipsa
3045 2867 3422 2936 hostilitatem,

1857 2981 2018 3030 quam
2047 2962 2232 3017 tandiu
2268 2971 2555 3032 impactum
2589 2963 2768 3017 animo
2799 2979 2895 3017 suo
2925 2963 3276 3034 latentemque
3306 2981 3426 3035 ges-

1858 3064 2022 3110 serat.
2083 3053 2248 3109 Nobis
2295 3056 2434 3110 enim
2489 3054 2912 3109 allaborantibus
2960 3064 3012 3109 et
3069 3055 3276 3110 nullum
3322 3071 3427 3110 non

1858 3147 2152 3216 periculum
2192 3147 2566 3212 subeuntibus,
2617 3164 2680 3202 ne
2721 3147 2953 3202 hostibus
2983 3147 3268 3218 quidquam
3310 3164 3426 3201 om-

1784 3217 1831 3278 c
1861 3241 1982 3294 nino
2015 3255 2078 3294 ex
2107 3241 2277 3294 animi
2318 3242 2584 3295 sententia
2618 3241 2951 3307 succederet,
2994 3242 3104 3308 ipse
3145 3240 3288 3295 domi
3326 3240 3428 3295 sibi

1858 3345 1978 3384 cum
2013 3329 2253 3382 barbaris
2287 3330 2398 3383 suis
2427 3329 2773 3384 desidendum
2807 3329 3069 3395 censebat,
3099 3329 3428 3399 longissime-

1856 3434 1956 3489 que
1984 3434 2015 3471 a
2039 3417 2310 3471 laboribus
2345 3416 2544 3472 bellicis
2575 3417 2776 3472 abesse.
2811 3417 3133 3473 Obseruabat
3158 3417 3322 3490 224
3347 3427 3428 3472 ta-

1859 3526 1975 3564 men
2004 3519 2254 3564 accurate
2298 3511 2602 3579 praeliorum
2647 3519 2840 3576 motus,
2892 3526 2996 3581 quo
3045 3511 3332 3566 tenderent.
3365 3510 3426 3566 Si

1857 3603 1981 3674 quid
2029 3604 2194 3672 igitur
2231 3603 2486 3672 pra'clare
2546 3619 2578 3656 a
2619 3600 2870 3656 Romanis
2913 3611 3046 3656 esset
3082 3613 3325 3674 gestum,
3377 3613 3425 3655 et

1856 3703 2124 3747 strenuam
2149 3693 2574 3762 uerissimamque
2626 3692 2862 3745 victoria
2906 3691 3119 3745 laudem
3165 3702 3427 3757 reportas-

1856 3794 1992 3851 sent,
2033 3784 2142 3854 ipse
2171 3784 2411 3837 hostilem
2441 3799 2597 3838 suum
2621 3784 2956 3854 inuidumque
2980 3784 3218 3837 animum
3249 3783 3430 3837 decla-

1855 3894 1980 3932 rans
2005 3915 2023 3944 ,
2071 3877 2390 3932 mordaciter
2437 3877 2696 3930 comicum
2752 3876 2808 3929 in
2849 3891 3049 3930 morem
3107 3875 3332 3929 irridere
3373 3891 3428 3929 et

1857 3986 2033 4024 rerum
2062 3979 2332 4039 gestarum
2364 3968 2692 4036 splendorem
2724 3983 2787 4021 ac
2826 3967 3136 4037 dignitatem
3164 3967 3426 4036 oﬁ'uscare

1856 4061 2146 4126 nitebatur,
2199 4062 2416 4116 ridiculi
2449 4061 2602 4129 coepti
2646 4058 2931 4112 ridiculum
2975 4067 3212 4113 eventum
3242 4059 3422 4127 appel-

1855 4154 1995 4218 lans,
2033 4155 2220 4225 quique
2268 4169 2367 4207 non
2416 4154 2651 4221 ipsorum
2701 4152 3028 4220 fortitudini,
3061 4151 3152 4205 sed
3192 4151 3424 4220 fortuna:

1860 4249 2146 4302 temeritati
2169 4246 2465 4300 deberetur.
2502 4243 2684 4299 Sicubi
2715 4259 2835 4298 vero
2861 4243 3106 4312 fortassis
3131 4243 3266 4312 lapsi
3286 4243 3423 4311 fuis-

1856 4358 2051 4406 scmus,
2083 4339 2207 4410 (qui
2240 4341 2380 4394 enim
2406 4338 2522 4408 ﬁeri
2555 4337 2744 4408 possit,
2779 4346 2838 4390 ut
2868 4351 2950 4390 res
2976 4335 3218 4388 humana:
3240 4350 3346 4388 non
3368 4333 3425 4387 in

1857 4433 2183 4487 contrarium
2226 4439 2470 4499 vergant,
2505 4427 2596 4481 sed
2641 4434 2888 4495 perpetuo
2916 4425 2970 4477 in
3005 4439 3106 4477 uno
3144 4421 3424 4490 eodemque

170 4537 487 4608 ἐπειρᾶτο,
531 4539 631 4592 καὶ
689 4538 960 4592 διαλύειν
1001 4537 1116 4604 τὴν
1154 4537 1224 4591 ἐκ
1430 4537 1619 4607 ἔργων
1655 4512 1757 4592 σεέ

1863 4537 2013 4581 statu
2062 4519 2478 4593 permaneant?)
2550 4526 2662 4570 tum
2712 4516 2813 4569 iste
2856 4524 3107 4584 tanquam
3152 4512 3422 4565 ultroneus

167 4632 476 4703 μνότητα,
507 4631 750 4699 φαύλην
776 4629 894 4700 μὲν
915 4631 1030 4696 τὴν
1056 4630 1424 4701 ἐγχείρησιν,
1452 4633 1756 4698 φαυλότα-

173 4741 299 4778 τον
339 4723 406 4776 δὲ
433 4724 497 4777 τὸ
533 4723 718 4791 πέρας
742 4724 1087 4787 ἀποκαλῶν,
1113 4725 1210 4778 καὶ
1241 4723 1384 4778 οὐδὲ
1412 4723 1587 4776 τοῦτο
1616 4722 1758 4791 ήμέο

169 4830 388 4882 τερον,
432 4814 591 4868 ἀλλὰ
631 4813 738 4868 τοῦ
774 4814 1101 4883 ἀλογίστου
1145 4812 1256 4883 τῆς
1312 4815 1519 4882 τύχης.
1571 4815 1641 4866 El
1689 4815 1757 4866 δέ

168 4921 313 4961 που
342 4906 528 4974 τυχὸν
566 4904 667 4959 και
704 4907 1084 4975 σφαλείημεν
1135 4906 1285 4976 (πῶς
1323 4904 1391 4958 δὲ
1427 4900 1558 4959 οἶόν
1592 4922 1656 4958 τε
1686 4905 1755 4957 τὸ

162 4995 556 5062 ἀνθρώπειον
570 4997 655 5065 μὴ
678 4998 815 5065 οὐχὶ
854 4995 1122 5064 καὶπρὸς
1153 4997 1441 5050 τάναντία
1458 4995 1755 5064 μεταϐάλ-

160 5094 344 5150 λειν,
377 5087 513 5143 ἀλλ’
547 5088 645 5142 ἐπὶ
673 5087 790 5141 τῶν
826 5087 1022 5142 αὐτῶν
1040 5087 1131 5141 ἀεὶ
1151 5087 1602 5156 βεϐηκέναι’;),
1635 5089 1668 5138 ὁ
1688 5085 1758 5137 δὲ

159 5178 456 5247 καθάπερ
482 5197 564 5244 τις
603 5181 938 5249 αὐτόματος
965 5177 1084 5232 τῶν
1121 5179 1489 5249 γιγνομένων
1521 5177 1752 5246 κριτὴς.

159 5272 306 5340 τὴν
364 5271 476 5340 μὲν
515 5274 708 5341 τύχην
753 5272 935 5338 εὐθὺς
985 5271 1146 5341 ἀφίει
1194 5270 1318 5325 τῶν
1371 5268 1758 5340 ἐγκλημάτων

52 5437 54 5440 ν
157 5365 553 5430 ἀνεύθυνον,
587 5363 650 5436 [Ρ
677 5363 801 5419 ΗἻἸ
839 5364 919 5417 ὡς
941 5364 1013 5417 οὐ
1046 5361 1230 5433 μετὸν
1267 5361 1421 5430 αὐτῇ
1467 5361 1569 5415 τοῦ
1609 5375 1756 5430 συμ-

1861 4616 2075 4686 quidam
2114 4620 2388 4668 eventuum
2423 4609 2612 4678 judex,
2657 4614 2922 4675 fortunam
2960 4603 3170 4675 quidem
3219 4604 3419 4666 statim,

1862 4708 2072 4779 perinde
2110 4723 2171 4760 ac
2209 4706 2256 4759 si
2299 4714 2506 4758 eventus
2553 4715 2727 4753 rerum
2762 4699 2826 4752 ab
2865 4714 2930 4752 ea
2978 4713 3078 4750 non
3120 4696 3422 4765 penderent,

1862 4801 2017 4871 culpa
2045 4799 2188 4852 omni
2233 4795 2487 4850 liberabat
2518 4809 2536 4846 :
2570 4793 2665 4845 hoc
2694 4808 2813 4847 vero
2844 4792 3013 4860 ﬁxum
3051 4791 3098 4844 ei
3129 4789 3423 4842 decretum-

1861 4913 1959 4967 que
1987 4892 2251 4957 manebat,
2297 4889 2502 4944 nullam
2541 4888 2704 4941 aliam
2745 4903 2855 4940 esse
2887 4900 3106 4939 causam
3134 4883 3209 4936 rei
3234 4897 3424 4950 parum

1863 4988 1984 5042 bene
2022 5003 2054 5040 a
2088 4986 2236 5039 nobis
2267 4992 2443 5053 gesta,
2492 4991 2684 5048 praeter
2713 4978 2882 5033 solam
2914 4977 3081 5030 animi
3125 4973 3422 5037 mollitiem,

1859 5092 2115 5133 manuum
2150 5073 2566 5129 imbecillitatem
2596 5080 2645 5124 et
2677 5070 3024 5123 consiliorum
3046 5065 3422 5120 stoliditatem.

1861 5168 2116 5224 Fortunae
2152 5168 2292 5221 enim
2337 5163 2769 5224 mutabilitatem,
2819 5160 3228 5212 inconstantiam
3251 5163 3300 5205 et
3342 5163 3422 5206 te—

1861 5263 2152 5316 meritatem
2174 5267 2225 5312 et
2253 5256 2383 5320 alia,
2405 5272 2524 5325 qute
2557 5254 2702 5307 nobis
2729 5249 3097 5306 contumeliose
3125 5246 3420 5315 objiciebat,

1859 5349 2091 5406 hostibus
2144 5362 2472 5419 nequaquam
2525 5343 2849 5408 ascribebat,
2909 5350 3162 5410 tanquam
3194 5338 3332 5391 hisce
3358 5337 3422 5389 de

1465 5533 1702 5592 VARUE
1739 5529 2145 5586 LECTIONES.

249 5665 310 5705 ⁸⁸
345 5662 610 5730 προδότην
645 5677 754 5717 om.
791 5661 858 5716 Β.
932 5659 976 5692 ⁸⁷
1003 5655 1326 5730 ταχθέντεῐῖ
1354 5661 1409 5730 ει
1439 5648 1909 5730 ἰῃιριθλῑηιτνυᾳίίο
1933 5643 2486 5730 δεροδὶιιιι,“τε)ςθὲντὲ
2507 5639 3110 5730 ’νιιξιςᾏηξθμέκατέξονςλ
3222 5636 3421 5730 "ligu-

793 5703 975 5786 Ὗτῶν
1350 5703 1701 5778 {cohibili-.7“
1720 5703 1750 5753 κ’
1790 5703 2276 5781 ἁνεπυιίθὰνετοῖὶ,
2304 5703 2649 5768 ’ἐπυνθάνετό
2677 5712 2822 5783 vulg.
2898 5711 2919 5742 ‘
2946 5703 3115 5779 ἡρατο
3139 5706 3202 5760 Β.
3278 5706 3300 5738 ⁸
3329 5703 3422 5775 βε-

151 5813 428 5879 βηκόσιν
459 5809 522 5860 ις.
