4188 6438
193 395 320 460 τιν-1

1335 409 1876 477 HISTORIARUM
1918 409 2150 475 LIBER
2175 416 2272 477 ιν.

3291 423 3427 491 1498

190 511 239 562 εἴ
266 508 328 577 γέ
353 525 437 572 τις
470 509 732 584 πρότερος
759 513 1047 588 ὁρμηθείη.
1097 519 1357 590 Παρῆσαν
1385 521 1444 574 δὲ
1479 523 1591 586 τοῖς
1619 522 1739 593 Πέρ

1859 539 2042 578 rerum
2081 526 2416 582 mercenaria
2442 529 2664 588 auxilia.
2719 531 2818 589 Est
2863 535 3011 592 enim
3044 535 3160 590 haec
3192 539 3343 592 natio
3369 547 3427 595 et

190 615 308 660 σαις
334 601 429 652 καὶ
450 596 638 656 Οὗννοι
678 604 930 678 Σάϐειροι
968 610 1062 662 ἐπὶ
1092 609 1174 682 [Ρ.
1203 611 1329 684 122]
1371 614 1671 686 μισθοφορᾷ
1706 613 1751 646 ⁸⁸

187 691 708 764 προσϐοηθήσοντες.
757 698 929 753 Τοῦτο
963 701 1074 774 γάρ
1114 702 1179 757 τὸ
1205 705 1360 773 γένος
1403 707 1659 776 μέγιστόν
1692 705 1754 762 τέ

185 785 300 864 ἐστι
327 785 373 816 ⁸⁸
402 785 498 839 καὶ
524 787 964 862 πολυάνθρωπον,
989 795 1347 868 φιλοπόλεμόν
1374 815 1434 852 τε
1473 800 1530 862 ἐς
1555 800 1626 854 τά
1657 801 1754 870 μά-

185 862 342 928 λιστα
408 878 504 931 καὶ
565 880 860 951 ἁρπαλέον,
923 862 1020 940 καί
1079 886 1191 941 οἷον
1247 862 1321 960 ⁷δὴ
1362 885 1455 944 οὖν
1503 891 1593 945 ἀεὶ
1641 862 1753 946 ⁶τῶν

185 965 407 1022 ὀθνείων
436 969 484 1000 ⁸⁸
525 970 796 1040 ἐφίεσθαι·
831 975 1024 1046 μισθοῦ
1051 995 1108 1032 τε
1141 979 1302 1035 ἕνεκα
1333 982 1496 1051 μόνου
1525 983 1619 1038 καὶ
1653 987 1752 1056 τῆς

186 1058 282 1111 ἐπὶ
299 1062 366 1130 τῇ
389 1059 508 1132 λείᾳ
533 1061 748 1127 ἐλπίδος
773 1064 868 1119 νῦν
900 1066 1000 1137 μὲν
1023 1068 1252 1134 τούτοις,
1286 1071 1383 1127 νῦν
1412 1073 1471 1127 δὲ
1501 1075 1748 1144 ἐκείνοις,

182 1148 282 1204 νῦν
325 1149 384 1204 δὲ
419 1150 564 1222 ἄλλῳ
591 1171 671 1221 τῳ
698 1155 1006 1229 ξυμμαχεῖν
1043 1160 1089 1192 θ’
1118 1162 1215 1214 καὶ
1243 1161 1752 1226 ξυνδιακινδυνεύειν

184 1242 244 1306 ἐς
268 1244 527 1299 τάναντία
565 1247 1053 1320 μεταϐαλλόμενον.
1083 1253 1352 1317 Πολλάκις
1379 1257 1478 1328 μὲν
1507 1256 1618 1328 γὰρ
1637 1261 1752 1324 τοῖς

197 1333 514 1405 Ῥωμαίοις,
542 1337 800 1404 πολλάκις
836 1340 892 1394 δὲ
933 1344 1047 1405 τοῖς
1077 1345 1314 1416 Πέρσαις
1351 1348 1472 1401 κατ’
1506 1348 1752 1421 ἀλλήλων

184 1429 688 1500 παραταττομένοις
710 1431 756 1514 ξ’
781 1433 1083 1505 ξυνήραντο
1108 1438 1234 1501 τοὺς
1255 1438 1490 1506 ἀγῶνας,
1511 1441 1570 1493 ἐν
1586 1439 1752 1512 ὀλίγῳ

183 1517 262 1586 τῷ
291 1519 492 1586 μεταξὺ
515 1521 696 1593 χρόνῳ
718 1524 803 1592 ἐφ’
830 1525 1124 1598 ἑκατέρους
1147 1530 1450 1600 τραπέντες
1477 1533 1571 1586 καὶ⁵
1596 1531 1752 1603 μισθ-

183 1612 540 1681 αρνήσαντες.
570 1614 680 1668 Καὶ
706 1610 800 1671 οὖν
831 1619 865 1688 ὴ
898 1619 1140 1690 προτέρα
1180 1621 1325 1693 μάχη
1356 1624 1499 1677 κατά
1525 1625 1751 1695 Περσῶν

183 1703 365 1766 αὐτοῖς
387 1705 721 1779 ἐπολεμήθη,
744 1709 833 1763 ὅτε
859 1710 1086 1775 πολλοὺς
1104 1713 1214 1767 τῶν
1240 1715 1564 1784 Διλιμνιτῶν
1590 1718 1752 1771 ἐπελ-

183 1795 376 1858 θόντας
409 1799 561 1866 σφίσι
614 1803 966 1857 κατέκτειναν
1007 1804 1052 1838 ⁸⁹
1091 1806 1150 1858 ἐν
1178 1810 1241 1878 τῇ
1278 1811 1638 1881 νυκτομαχίᾳ,
1673 1810 1750 1875 ὦς

185 1905 276 1958 μοι
331 1889 538 1943 ἕκαστα
581 1893 1023 1966 προδεδιήγηται.
1067 1898 1309 1952 Ἐκείνου
1344 1899 1402 1954 δὲ
1442 1901 1536 1954 τοῦ
1584 1902 1748 1972 ἔργου

181 1983 355 2051 πέρας
387 1984 663 2049 λαϐόντος,
698 1988 918 2058 ἀφίεντο
942 1991 1044 2061 μὲν
1073 1993 1178 2046 ὑπὸ
1219 1993 1504 2063 Ῥωμαίων
1524 1996 1591 2050 τὰ
1618 2013 1749 2066 συγ-

181 2074 407 2147 κείμενα
435 2081 814 2152 κομισάμενοι,
841 2083 1003 2138 πάλιν
1023 2085 1080 2138 δὲ
1103 2089 1216 2150 τοῖς
1237 2088 1406 2160 ὀλίγῳ
1439 2088 1748 2161 ἔμπροσθεν

180 2169 612 2240 πολεμιωτάτοις
670 2173 1010 2240 ξυνείποντο,
1074 2180 1238 2250 τυχὸν
1299 2179 1401 2251 μέν
1461 2182 1512 2234 οἱ
1569 2182 1744 2249 αὐτοὶ,

176 2261 340 2331 τυχὸν
363 2262 421 2315 δὲ
453 2263 651 2336 ἕτεροι,
691 2267 941 2340 Σάϐειροι
969 2269 1028 2325 δὲ
1053 2271 1204 2341 ὅμως
1243 2271 1396 2337 ὄντες
1429 2275 1524 2328 καὶ
1563 2276 1628 2329 ἐκ
1652 2275 1746 2330 τοῦ

178 2355 440 2425 σφετέρου
481 2356 669 2421 ἔθνους
700 2361 759 2422 ἐς
783 2361 884 2432 τὴν
913 2361 1230 2434 ξυμμαχίαν
1254 2365 1670 2438 ἀπεσταλμένοι.

247 2447 331 2502 ιδ’.
354 2449 571 2504 Τούτων
598 2452 662 2524 δὴ
689 2449 782 2507 οὗν
808 2453 919 2508 τῶν
945 2455 1221 2528 Σαϐείρων
1248 2457 1438 2530 ἄνδρες
1462 2461 1520 2525 ἐς
1550 2479 1747 2516 πεντα-

175 2540 390 2604 κοσίους
423 2544 483 2596 ἐν
519 2544 770 2618 ὑπαίθρῳ
810 2547 919 2602 τινὶ⁵
955 2550 1375 2621 περιαυλίσματι
1412 2553 1602 2627 πόρρω
1640 2572 1744 2610 που

172 2632 283 2685 τῶν
323 2632 500 2688 ἄλλων
549 2640 972 2710 στρατευμάτων
1019 2641 1314 2713 ἐτύγχανον
1359 2647 1742 2718 ἐσκηνημένοι.

181 2726 248 2778 ὐ
281 2725 345 2796 δὴ
384 2728 670 2800 Μαξεντίῳ
698 2748 759 2784 τε
802 2732 898 2785 καὶ
925 2731 1185 2805 Θεοδώρῳ
1225 2737 1536 2804 σαφέστατα
1574 2740 1743 2808 ἐγνω-

176 2819 393 2888 σμένον,
421 2822 515 2873 καὶ
545 2823 627 2876 ὅτι
667 2822 899 2877 ἄνοπλον
941 2823 1086 2878 οὕτω
1137 2843 1255 2891 πως
1305 2829 1399 2882 καὶ
1451 2832 1745 2902 ἀνειμένην

173 2911 297 2964 τινὰ
322 2912 531 2967 δίαιταν
556 2913 780 2984 ἄγοντες
808 2916 1159 2983 διατελοῦσιν,
1186 2920 1415 2990 ἡλαυνον
1456 2922 1618 2987 εὐθὺς
1656 2925 1742 2978 ἐπ’

174 3002 375 3066 αὐτοὺς
417 3005 464 3036 ’⁸
499 3006 843 3074 τριακοσίους
887 3008 1222 3078 ἐπαγόμενοι
1269 3013 1524 3078 ἱππότας.
1579 3015 1743 3088 Περι-

175 3093 402 3157 στάντες
445 3095 502 3148 δὲ
543 3095 728 3166 κύκλῳ
771 3097 834 3151 τὸ
868 3097 1032 3170 ἕρκος
1057 3100 1101 3131 ⁹¹
1145 3097 1234 3173 (ἦν
1268 3103 1376 3174 γὰρ
1420 3107 1480 3158 οὐ
1521 3105 1641 3160 λίαν
1684 3111 1742 3173 ἐς

1854 616 2092 672 maxima
2117 628 2172 672 et
2199 619 2641 690 populosissima,
2681 625 2953 695 simulque
2973 636 3030 682 et
3067 627 3333 682 bellorum
3369 641 3427 686 et

1852 708 2058 776 rapina:
2085 709 2476 776 sitientissima,
2505 705 2734 784 quaeque
2755 725 3016 786 perpetuo
3044 717 3178 774 foris
3198 728 3427 775 externo

1852 797 1905 851 in
1936 798 2053 854 solo
2093 799 2288 870 degere
2338 813 2507 869 amat,
2559 820 2881 878 semperque
2920 809 3104 869 aliena
3148 817 3426 880 appetere,

1851 891 2020 945 solius
2052 893 2320 948 mercedis
2353 910 2520 951 causa
2559 906 2616 952 et
2645 901 2840 968 praedae
2868 916 2966 972 spe
2997 903 3159 957 modo
3199 904 3423 974 quidem

1852 977 1968 1043 bis,
1992 980 2155 1035 modo
2185 981 2314 1048 illis,
2348 999 2492 1041 nunc
2528 987 2687 1042 alteri
2728 990 2887 1045 alicui
2931 1007 3053 1048 sese
3096 993 3152 1047 in
3202 994 3328 1050 belli
3372 1003 3428 1050 et

1850 1075 2221 1142 periculorum
2245 1077 2560 1136 societatem
2583 1082 2982 1154 coniungendo,
3007 1086 3168 1158 235
3196 1087 3250 1142 iu
3295 1105 3426 1144 con-

1852 1165 2018 1218 traria
2048 1167 2277 1223 subinde
2314 1179 2574 1228 mutatur.
2614 1173 2946 1245 Frequenter
2970 1180 3114 1232 enim
3157 1195 3282 1233 eum
3316 1177 3427 1234 Ro-

1851 1255 2051 1320 manis,
2078 1255 2389 1328 frequenter
2417 1276 2547 1316 vero
2574 1278 2700 1320 cum
2735 1265 2940 1330 Persis,
2978 1267 3116 1322 inter
3153 1284 3274 1325 sese
3314 1271 3428 1326 bel-

1850 1345 1966 1400 lum
2000 1349 2337 1417 gerentibus,
2380 1353 2628 1424 praelium
2676 1356 2934 1426 inierunt,
2977 1369 3032 1413 et
3064 1361 3262 1430 exiguo
3291 1372 3427 1418 tem-

1848 1439 1997 1506 poris
2022 1440 2201 1509 spatio
2241 1443 2564 1514 interposito
2589 1448 2754 1503 modo
2803 1450 2908 1516 his,
2940 1451 3106 1506 modo
3137 1453 3245 1509 illis
3281 1471 3425 1510 mer-

1850 1527 2124 1582 cenariam
2154 1544 2309 1586 suam
2334 1548 2558 1603 operam
2591 1535 2860 1592 locarunt.
2901 1538 3036 1594 Nam
3069 1541 3251 1611 priore
3283 1543 3424 1599 bello

1850 1619 2115 1677 adversus
2146 1620 2342 1680 Persas
2374 1638 2705 1696 pugnarunt,
2729 1646 2853 1685 cum
2889 1633 3092 1689 multos
3115 1633 3425 1690 Dilimnita-

1848 1726 1970 1766 rum
2017 1715 2071 1767 in
2124 1730 2184 1770 se
2231 1715 2501 1774 irruentes
2532 1730 2801 1777 nocturno
2842 1725 3026 1792 pralio
3057 1729 3423 1794 trucidarunt,

1847 1806 2305 1875 quemadmodum
2361 1825 2528 1880 supra
2574 1816 2814 1871 narravi.
2875 1814 2996 1882 Quo
3050 1821 3234 1873 statim
3288 1820 3426 1874 bello

1848 1896 2116 1966 confecto,
2146 1901 2361 1956 dimissi
2382 1903 2601 1973 quidem
2623 1919 2752 1961 sunt
2785 1921 2816 1962 a
2849 1906 3132 1976 Romanis,
3157 1913 3425 1978 mercede,

1846 1989 1914 2044 de
1947 2005 2054 2060 qua
2082 1991 2224 2048 inter
2258 1993 2406 2064 ipsos
2434 2008 2792 2064 convenerat,
2816 2009 3071 2070 accepta;
3103 2015 3286 2072 postea
3316 2019 3420 2058 au-

1847 2091 1952 2136 tem
1986 2097 2104 2149 eos,
2139 2085 2232 2154 qui
2289 2096 2448 2142 antea
2487 2088 2622 2159 ipsis
2667 2091 2884 2147 inerant
2922 2095 3172 2148 acerrimi
3221 2095 3424 2164 hostes,

1845 2185 1971 2228 sunt
1999 2177 2192 2242 secuti,
2223 2177 2338 2233 sive
2367 2178 2420 2232 hi
2454 2181 2581 2250 ipsi,
2621 2181 2736 2237 sive
2771 2183 2886 2244 alii,
2934 2183 3113 2240 Sabiri
3144 2195 3325 2242 tamen
3373 2199 3422 2244 et

1843 2279 1910 2321 ex
1941 2281 2042 2324 sua
2075 2279 2234 2341 gente
2263 2271 2332 2326 ad
2361 2272 2566 2328 sociale
2591 2288 2716 2329 cum
2745 2274 2929 2331 Persis
2953 2276 3154 2333 bellum
3181 2280 3355 2336 missi.

1915 2443 2006 2498 M.
2046 2443 2124 2498 Ex
2165 2444 2253 2500 his
2282 2445 2468 2516 itaque
2512 2445 2723 2502 Sabiris
2745 2447 2842 2502 viri
2874 2448 3161 2519 quingenti
3206 2450 3260 2503 in
3310 2457 3419 2504 sta-

1843 2534 1975 2590 bulo
1997 2536 2238 2607 quodam
2263 2538 2494 2595 subdivo
2521 2539 2861 2611 longiuscule
2887 2555 2919 2596 a
2953 2542 3162 2612 reliquo
3190 2543 3422 2598 exercitu

1843 2628 2040 2684 dissito
2063 2630 2459 2698 consederant;
2495 2631 2643 2703 quod
2683 2633 2904 2703 quidem
2945 2647 3072 2688 cum
3123 2633 3422 2690 Maxentius

1842 2730 1896 2774 et
1919 2719 2234 2776 Theodorus
2257 2722 2415 2793 plane
2436 2724 2840 2794 cognovissent,
2855 2725 3113 2796 quodque
3133 2725 3206 2780 ibi
3233 2727 3422 2794 positis

1842 2811 2014 2868 armis
2046 2813 2380 2883 negligenter
2411 2815 2672 2882 viverent,
2726 2814 3016 2870 confestim
3063 2817 3118 2870 in
3171 2831 3271 2872 eos
3317 2826 3421 2872 tre-

1843 2911 2032 2959 centos
2072 2905 2286 2974 equites
2341 2907 2638 2961 duxerunt.
2693 2905 2850 2962 Muro
2891 2908 3073 2978 itaque
3128 2908 3184 2962 in
3235 2909 3422 2963 orbem

1843 2996 2210 3052 circumsesso
2237 2997 2438 3068 (neque
2474 2999 2621 3053 enim
2664 2999 2756 3054 ille
2795 2999 2951 3054 valde
2979 3008 3098 3055 erat
3136 3001 3299 3067 altus,
3329 3000 3425 3056 sed

1845 3089 1920 3142 ita
1965 3096 2196 3156 tantum,
2228 3097 2288 3144 ut
2319 3092 2522 3161 equitis
2549 3099 2702 3146 extra
2750 3093 2947 3146 stantis
2975 3091 3142 3147 facies
3183 3093 3423 3162 prospici

173 3183 310 3254 ὕψος
338 3187 548 3256 ἀνέχον,
577 3188 692 3242 ἀλλ’
721 3190 780 3253 ἐς
805 3190 928 3244 ὅσον
953 3192 1181 3246 ἱππότου
1210 3195 1404 3266 ἀνδρὸς
1428 3197 1680 3252 ἔκτοσθεν
1695 3201 1738 3233 οι
1769 3217 1812 3273 C
1847 3180 2074 3249 posset),
2101 3182 2251 3248 huic,
2281 3182 2526 3254 inquam,
2551 3199 2708 3238 muro
2731 3184 3248 3255 appropinquantes,
3273 3185 3422 3240 omni

171 3279 537 3346 ἐφεστηκότος
562 3279 624 3333 τὸ
653 3281 945 3351 πρόσωπον
971 3284 1445 3359 ύπερφαίνεσθαι),
1475 3293 1650 3360 τούτῳ
1675 3292 1741 3363 δὴ

169 3364 266 3422 οὖν
297 3369 650 3434 πελάσαντες,
681 3371 903 3426 ἔϐαλλον
943 3375 1210 3430 πάντοθεν
1256 3380 1381 3443 τοὺς
1427 3381 1745 3453 Βαρϐάρους

1847 3287 1909 3327 ex
1943 3282 2096 3342 parte
2134 3275 2399 3331 barbaros
2423 3276 2641 3346 jaculis,
2673 3277 2840 3338 saxis.
2886 3276 3096 3344 sagittis
3139 3285 3195 3331 et
3227 3277 3422 3347 quovis

1847 3373 1959 3427 alio
1989 3373 2221 3428 telorum
2258 3383 2454 3438 genere
2487 3366 2774 3422 feriebant.
2806 3365 2946 3420 Tum
2989 3364 3044 3419 hi
3079 3367 3262 3436 plures
3294 3379 3420 3421 esse

169 3461 445 3524 ἀκοντίοις
471 3478 531 3514 τε
569 3463 661 3516 καὶ
690 3462 857 3527 λίθοις
885 3467 979 3518 καὶ
1005 3467 1321 3538 τοξεύμασι,
1352 3473 1446 3524 καὶ
1477 3476 1639 3528 παντὶ
1666 3475 1739 3547 τῷ

1845 3463 2052 3530 hostes,
2079 3477 2242 3532 quam
2272 3476 2458 3516 revera
2483 3470 2659 3525 erant,
2694 3459 2954 3530 suspicati
2994 3459 3270 3529 simulque
3299 3459 3421 3513 ino-

172 3553 555 3622 προστυχόντι.
587 3555 648 3607 OE
687 3554 745 3608 δὲ
777 3551 870 3610 οὖν
905 3557 1126 3622 πλείους
1160 3562 1206 3593 ⁸⁸
1245 3557 1383 3616 εἶναι
1425 3564 1553 3629 τοὺς
1584 3567 1745 3620 ἐπελοο

171 3642 371 3703 θόντας
413 3644 446 3714 ἢ
493 3645 634 3698 κατά
672 3644 734 3699 τὸ
769 3648 1000 3717 ἀτρεκὲς
1031 3649 1497 3722 ὑποτοπήσαντες,
1526 3656 1642 3725 ᾆμα
1683 3659 1741 3712 δέ

169 3737 270 3790 καὶ
309 3735 387 3806 τῷ
437 3737 684 3810 ἀδοκήτῳ
725 3740 1261 3814 καταπεπληγμένοι,
1296 3746 1600 3816 ἀμύνεσθαι
1644 3751 1742 3820 μὲν

168 3827 376 3895 ἥκιστα
410 3827 727 3895 διενοοῦντο,
775 3831 999 3899 φεύγειν
1047 3833 1104 3886 δὲ
1133 3836 1317 3900 αὐτοῖς
1346 3838 1406 3890 ού
1447 3839 1593 3908 μάλα
1617 3841 1742 3910 ἐξῆν

167 3919 250 3988 τῷ
271 3919 483 3990 θριγκῷ
510 3923 940 3992 περιεχομένοις.
969 3926 1032 3978 Οί
1069 3927 1168 3997 μὲν
1191 3924 1287 3982 οὖν
1324 3929 1475 3983 ἄλλοι
1502 3930 1741 3997 ἅπαντες

167 4010 340 4082 χύδην
384 4012 546 4066 αὐτοῦ
591 4013 978 4086 διεφθάρησαν,
1031 4017 1181 4087 μόνοι
1235 4018 1293 4072 δὲ
1334 4023 1742 4093 τεσσαράκοντα

167 4103 366 4174 ἄνδρες
390 4105 711 4175 παραλόγως
739 4107 1100 4174 διαλαθόντες,
1129 4111 1225 4164 καὶ
1255 4111 1347 4165 ἐπὶ
1377 4113 1503 4177 τοὺς
1528 4115 1741 4185 τοίχους

165 4194 628 4266 ἀναρριχώμενοι,
675 4195 792 4252 εἶτα
833 4199 927 4252 ἐπὶ
968 4200 1171 4272 θάτερα
1211 4202 1606 4272 διεκπεσόντες,
1635 4208 1741 4262 ὑπὸ

168 4288 232 4340 τὸ
255 4288 439 4342 λάσιον
468 4293 566 4359 τῆς
593 4289 857 4359 ἐχομένης
890 4292 1222 4360 ἐκρύπτοντο
1254 4295 1406 4367 ὒλης.
1436 4298 1580 4372 Πλὴν
1602 4301 1740 4356 ἀλλὰ

166 4382 267 4434 καὶ
295 4382 518 4445 τούτους
551 4383 599 4435 οἱ
629 4384 880 4453 Ῥωμαῖοι
913 4384 1212 4456 ἀνιχνεύειν
1249 4391 1564 4462 ἐπειρῶντο.
1597 4395 1737 4448 Τού-

165 4493 280 4527 των
321 4474 377 4527 se
411 4477 524 4538 τοῖς
569 4475 805 4545 Πέρσαις
850 4478 1308 4549 ἀπηγγελμένων,
1363 4485 1564 4539 αὐτίκα
1617 4489 1759 4557 οἵγε·

1841 3557 2029 3628 pinato
2053 3555 2216 3626 236
2241 3553 2316 3608 rei
2360 3553 2617 3623 perculsi,
2651 3567 2753 3606 nec
2785 3553 2853 3606 de
2901 3553 3100 3606 tuendo
3139 3566 3197 3606 se
3238 3553 3419 3606 admo-

1841 3650 1970 3706 dum
1997 3649 2328 3718 cogitabant,
2360 3661 2535 3715 neque
2571 3644 2773 3715 effugio
2803 3644 2956 3699 locus
2987 3644 3222 3712 patebat,
3276 3642 3418 3712 quod

1843 3758 2004 3797 muro
2032 3751 2214 3797 essent
2236 3738 2654 3795 circumvallati.
2687 3736 2764 3792 lbi
2789 3751 2916 3805 ergo
2947 3736 3037 3790 alii
3078 3751 3269 3790 omnes
3295 3751 3418 3805 pas-

1843 3835 1946 3889 sim
1991 3834 2114 3889 czesi
2145 3841 2292 3899 sunt,
2327 3831 2427 3888 soli
2470 3845 2600 3886 vero
2629 3831 2988 3899 quadraginta
3015 3829 3118 3882 viri
3161 3843 3285 3882 cum
3319 3826 3417 3880 mi-

1841 3925 1994 3979 rifice
2049 3923 2305 3977 manibus
2357 3921 2696 3990 pedibusque
2744 3919 2800 3972 in
2863 3933 3138 3973 summum
3197 3932 3417 3971 murum

1841 4014 2310 4078 conscendissent,
2386 4012 2439 4066 in
2497 4012 2768 4066 diversam
2821 4020 3028 4080 partem
3083 4008 3310 4079 delapsi,
3362 4010 3418 4062 in

1839 4108 2100 4177 proximae
2139 4106 2289 4162 silvai
2337 4104 2606 4160 densitate
2655 4102 3014 4166 delituerant;
3052 4115 3192 4170 quos
3239 4109 3417 4154 tamen

1841 4203 2073 4258 Romani
2115 4202 2439 4272 investigare
2473 4215 2581 4255 non
2607 4199 2951 4254 destiterunt.
2986 4198 3114 4252 Haec
3138 4196 3298 4250 simul
3332 4205 3416 4248 at-

1838 4311 1940 4366 que
1969 4295 2149 4351 Persis
2193 4294 2412 4350 fuerunt
2451 4292 2717 4356 nuntiata,
2751 4291 3047 4346 confestim
3095 4288 3172 4342 illi
3207 4294 3416 4340 turmas

1836 4387 2083 4456 equitum
2127 4386 2182 4440 in
2221 4401 2316 4440 eos
2365 4386 2607 4448 mittunt,
2642 4383 2750 4438 duo
2793 4382 3035 4434 virorum
3085 4377 3255 4434 millia
3299 4377 3416 4430 acie

1837 4479 1977 4534 bene
2012 4478 2300 4533 instructa.
2333 4474 2568 4529 Romani
2602 4489 2753 4539 vero,
2787 4471 3046 4526 cedentes
3075 4470 3414 4524 multitudini

168 4567 292 4629 ἴλας
350 4567 557 4620 ἱππέων
619 4566 928 4620 στέλλουσιν
976 4571 1062 4621 ἐπ’
1087 4570 1283 4634 αὐτοὺς
1321 4572 1380 4636 ἐς
1420 4574 1737 4646 δισμυρίους

1845 4578 1894 4624 et
1918 4569 2089 4626 veluti
2141 4569 2384 4623 contenti
2419 4565 2695 4636 praeterito
2737 4561 3001 4625 facinore,
3047 4562 3248 4614 cursim
3295 4572 3414 4613 sese

166 4657 372 4728 ἄνδρας
425 4659 906 4726 συντεταγμένους.
953 4659 1018 4713 Οἱ
1055 4661 1112 4714 δὲ
1163 4662 1442 4734 Ῥωμαῖοι,
1497 4669 1739 4736 εἴξαντες

163 4747 248 4816 τῷ
286 4748 479 4816 πλήθει
518 4748 612 4801 καὶ
641 4747 829 4820 ὥσπερ
871 4751 1197 4822 ἀρκούμενοι
1240 4755 1318 4826 τῷ
1363 4762 1734 4831 γεγενημένῳ,

164 4838 492 4910 ἀπεχώρουν
519 4839 786 4910 δρομαῖοι,
814 4842 906 4895 καὶ
931 4838 1086 4907 αὖθις
1118 4845 1174 4907 ἐς
1200 4845 1260 4898 τὺ
1289 4849 1550 4920 πρότερον
1573 4853 1739 4923 φρού-

165 4948 287 5003 ριον
310 4929 686 5001 ίέσδραμόντες
707 4932 774 4996 ’³,
808 4933 866 4984 ἐν
906 4932 982 5004 τῷ
1011 4936 1242 5005 ἀσφαλεῖ
1282 4940 1625 5005 καθίσταντο,
1658 4945 1736 5017 τῷ

166 5026 270 5094 μὲν
305 5024 604 5093 πραχθέντι
649 5024 1132 5096 μεγαλαυχοῦντες,
1162 5030 1451 5102 ἀνιώμενοι
1477 5034 1535 5088 δὲ
1569 5037 1731 5106 μόνον

161 5115 259 5168 ἐπὶ
297 5113 603 5184 Μαξεντίῳο
635 5113 926 5184 ἐτύγχανεν
949 5114 1057 5186 γὰρ
1078 5116 1186 5170 τῶν
1211 5119 1314 5173 ἁνά
1342 5119 1441 5191 τὴν
1463 5120 1595 5191 ὓλην
1614 5122 1734 5176 δια-

156 5209 371 5263 δύντων
397 5207 444 5238 οι
470 5207 770 5280 Βαρϐάρων
800 5208 908 5265 ὑπό
929 5229 1023 5264 του
1057 5210 1333 5280 βιαιότατα
1369 5215 1730 5284 τετρωμένος.

1838 4669 2160 4732 receperunt
2196 4668 2251 4715 et
2307 4661 2364 4714 in
2411 4655 2899 4728 propugnaculum,
2944 4651 3090 4706 unde
3125 4662 3410 4750 venerant,

1840 4753 2190 4823 refugientes,
2223 4752 2278 4805 in
2320 4758 2437 4804 tuto
2477 4765 2536 4804 se
2557 4749 2974 4810 continuerunt;
3003 4743 3262 4813 praeclaro
3286 4743 3410 4810 qui-

1839 4846 1962 4900 diem
2002 4843 2148 4898 facto
2173 4841 2539 4914 gloriabundi,
2570 4837 2827 4893 Maxentii
2859 4844 3067 4892 tantum
3108 4833 3410 4935 vicem.do-

1840 4938 2034 4994 lentes.
2063 4933 2194 4990 Erat
2211 4936 2355 4989 enim
2385 4934 2433 4988 is
2477 4948 2507 4986 a
2537 4931 2773 5003 quodam
2805 4930 3184 4988 barbarorum,
3215 4930 3306 4993 qui
3353 4930 3406 4977 in

1839 5029 2028 5084 silvam
2061 5042 2121 5082 se
2158 5026 2498 5090 abdiderant,
2541 5022 2864 5093 gravissime
2901 5019 3237 5079 vulneratus,
3271 5015 3406 5068 adeo

1839 5127 1897 5172 ut
1927 5117 2115 5170 lectica
2140 5119 2314 5171 elatus
2342 5124 2540 5185 praeter
2577 5127 2797 5167 omnem
2833 5124 2986 5179 spem
3013 5115 3257 5162 servatus
3288 5105 3406 5160 fue-

1833 5210 1922 5263 rit.
1955 5207 2149 5263 Statim
2190 5209 2332 5262 enim
2380 5215 2544 5276 atque
2574 5207 2714 5260 ictus
2749 5203 2946 5266 fuerat,
2992 5197 3278 5254 confestim
3319 5213 3403 5251 as-

155 5300 240 5358 ὡς
262 5298 359 5349 καὶ
390 5299 630 5368 φοράδην
668 5298 856 5369 ἀχθεὶς
887 5301 978 5353 ἐπὶ
1007 5301 1194 5369 κλίνης
1225 5305 1474 5373 κρεῖττον
1505 5304 1729 5377 ἀπάσης

1845 5302 2008 5369 seclaa,
2038 5318 2106 5357 eo
2143 5302 2376 5366 sublato,
2414 5315 2580 5370 quam
2608 5297 2873 5353 citissime
2900 5311 2957 5350 se
2986 5293 3107 5346 inde
3150 5291 3401 5360 abripue—

155 5388 381 5453 ἐλπίδος
413 5391 762 5460 ἀποσωθῆναι
790 5391 857 5444 ’⁵.
884 5390 966 5448 [Ρ.
994 5391 1353 5466 125]Ἑπειδὴ
1369 5396 1477 5465 γάρ
1507 5394 1730 5466 ἐϐέϐλη-

1831 5403 1979 5456 runt,
2029 5395 2346 5466 priusquam
2396 5391 2638 5448 universi
2693 5390 2874 5444 hostes
2929 5386 3214 5440 irruerent.
3263 5383 3398 5438 Cum

1457 5572 1693 5630 VARUE
1727 5574 2019 5632 LECTION
2028 5575 2131 5632 ES.

234 5720 282 5749 ³⁸
309 5719 655 5788 μισθοφοροῖς
686 5719 750 5773 [ι.
827 5721 872 5752 ⁸⁵
894 5721 955 5773 τέ
979 5721 1041 5788 γέ
1079 5723 1194 5778 ἐστ.
1230 5723 1299 5776 Β.

156 5795 281 5863 χιίν
294 5791 448 5863 ⁸νιιΙίξ.

1373 5725 1419 5757 ⁸⁸
1455 5725 1562 5778 τῶν
1608 5725 1830 5779 ὀθνείων
1880 5725 2032 5782 Par..
2083 5725 2182 5795 τὴν
2203 5724 2415 5780 ὀθνείαν
2449 5728 2514 5786 R.
2554 5738 2724 5794 ungo.
2767 5736 2823 5782 et
2848 5727 2932 5780 ed.
2963 5740 3045 5795 pr.
3120 5723 3167 5756 "
3187 5739 3398 5794 συμμα-

523 5790 568 5860 “f
594 5792 1066 5860 παραταττόμενοι
1087 5792 1150 5846 ll.
1225 5794 1270 5825 ”
1302 5794 1406 5848 Pro
1431 5797 1780 5850 κατέκτειναν
1824 5797 1888 5853 Β.
1918 5800 2039 5850 κατ’
2081 5790 2330 5859 ἐκείνοις.

2405 5799 2451 5830 ⁹⁹
2493 5798 2582 5850 ἐπ’
2617 5799 2814 5861 αὐτοὺς
2841 5797 3004 5856 εὐθὺς
3040 5796 3103 5847 R.
3179 5795 3221 5825 "
3246 5795 3392 5850 ἕκτοι

160 5857 260 5918 θεν
291 5859 358 5913 ιι.
433 5861 479 5894 ’³
503 5857 596 5914 οὖν
617 5857 684 5914 οὗ
707 5857 928 5926 πλείους
953 5861 997 5914 Β
1017 5873 1070 5919 ct
1107 5863 1301 5935 Lugd.,
1335 5866 1428 5922 sed
1471 5882 1574 5936 Iug.
1607 5863 1700 5922 οὖν
1728 5866 1818 5922 πλ.
1893 5867 1940 5900 ’³
1969 5868 2139 5939 εἰσδρ.
2172 5857 2324 5938 vulg.
2396 5868 2441 5900 ’⁸
2477 5867 2679 5923 δύντων
2708 5867 2772 5920 ll.
2794 5857 2809 5861 ⁷
2850 5867 2895 5899 ’³⁵
2929 5863 3164 5936 σωθῆναι
3195 5861 3258 5922 R.
