4188 6438
775 399 909 462 1499

1940 402 2300 462 AGATHUE
2329 403 2734 467 SCHOLASTI
2739 409 2812 468 CI

3869 412 4015 475 15οὓ

768 527 900 568 vero
921 511 1164 566 venirent
1187 511 1554 582 impetumque
1578 510 1836 575 facerent,
1867 522 1979 565 tum
2005 510 2236 565 Romani
2258 511 2325 565 ad
2357 545 2366 572 ι

2435 528 2510 575 το,
2541 515 2736 568 αὐτίκα
2759 518 2808 570 ot
2830 516 3018 570 ὀπαδοὶ
3035 517 3298 588 ἀράμενοι
3326 518 3484 574 αὐτὸν
3506 518 3710 591 ᾤχοντο
3741 523 3891 591 μετά
3914 525 4012 576 τάο

771 605 932 660 aliam
966 605 1252 673 quamdam
1292 604 1434 659 viam
1473 602 1760 674 fugientes,
1796 611 1851 658 et
1890 603 1944 656 in
1977 618 2036 657 se
2073 617 2189 664 eos,
2232 603 2322 672 qui

773 697 1224 766 insequebantur,
1265 695 1618 760 attrahentes,
1649 695 1828 749 locum
1877 693 1954 747 illi
1996 693 2218 760 dabant,
2268 702 2329 748 ut

772 803 913 858 agre
942 785 1154 842 tandem
1181 788 1238 842 in
1275 787 1737 857 propugnaculum
1762 782 2080 840 deferretur.

847 1050 933 1106 i5.
978 1049 1182 1106 Interea
1207 1049 1456 1106 Justinus
1493 1051 1744 1105 Germani
1773 1051 1914 1108 ﬁlius
1943 1066 2108 1105 unum
2150 1067 2181 1107 e
2213 1052 2328 1108 suis

775 1142 1028 1208 ducibus,
1074 1141 1330 1197 Hunnum
1370 1143 1604 1208 natione,
1655 1143 1933 1198 Elminzur
1982 1143 2220 1208 nomine,
2261 1158 2327 1198 ex

778 1234 956 1289 Insula
985 1233 1341 1303 Rhodopolim
1384 1235 1544 1288 mittit
1588 1251 1712 1290 cum
1754 1235 1966 1290 duobus
1991 1234 2148 1304 237
2174 1236 2329 1305 eqni-
2361 1245 2366 1247 '

777 1333 890 1377 tum
933 1325 1191 1382 millibus.
1221 1325 1314 1379 Est
1349 1335 1526 1380 autem
1560 1326 1676 1382 haec
1704 1325 2031 1394 Rhodopolis
2074 1326 2325 1395 Oppidum

775 1413 1128 1480 Colchicum;
1162 1431 1190 1468 a
1222 1413 1404 1470 Persis
1437 1424 1614 1468 tamen
1651 1422 1777 1468 tunc
1821 1415 2081 1482 temporis
2113 1414 2331 1468 teneba-

768 1513 887 1569 -‘tur,
920 1518 950 1558 a
981 1503 1274 1558 Mermeroe
1298 1504 1468 1558 multo
1489 1512 1613 1558 ante
1641 1512 1878 1572 captum,
1899 1505 1992 1572 qui
2019 1505 2178 1559 etiam
2202 1503 2330 1559 Per-

777 1592 948 1647 sicum
991 1594 1297 1663 praesidium
1357 1594 1411 1648 in
1454 1609 1522 1648 eo
1548 1592 1858 1648 collocarat.
1909 1592 2032 1648 Haec
2064 1609 2191 1649 vero
2221 1610 2328 1664 quo

778 1695 933 1756 pacto
959 1694 1108 1753 gesta
1133 1687 1350 1750 fuerint.
1391 1685 1700 1754 praateribo,
1747 1695 1861 1739 uta
1896 1684 2160 1754 Procopio
2203 1685 2330 1740 rhe-

779 1787 896 1831 tore
938 1788 1120 1848 aperte
1164 1781 1492 1846 conscripta.
1532 1775 1892 1846 Posteaquam
1933 1776 2097 1844 igitur
2128 1776 2332 1830 Elmin-

2426 622 2573 674 χους,
2599 608 2724 676 πρὶν
2752 607 2998 672 ἅπαντας
3031 609 3277 663 ἐπελθεῖν
3303 613 3430 674 τοὺς
3460 612 3770 683 πολεμίους.
3819 614 3916 678 Ὦς
3944 615 4008 666 δὲ

2424 691 2558 766 ἧκον
2588 696 2684 748 καὶ
2711 698 3059 769 ἐπεφέροντο,
3087 700 3210 753 τότε
3236 700 3300 770 δὴ
3335 703 3384 754 oi
3419 701 3568 756 ἄλλοι
3614 703 3890 774 Ῥωμαῖοι
3919 707 4009 773 ἐφ’

2425 785 2620 856 ἑτέραν
2645 787 2765 840 τινὰ
2791 787 3081 857 φεύγοντες
3107 792 3350 862 πορείαν,
3379 792 3472 846 καὶ
3506 795 3647 847 κατά
3685 795 3846 862 σφῶν
3873 797 4010 860 τοὺς

2424 877 2715 942 διώκοντας
2755 879 3145 952 ἐπισπώμενοι,
3177 882 3359 952 χώραν
3401 885 3672 954 παρέσχον
3709 887 3920 957 ἐκεινῳ
3947 891 4012 943 ἐν

2425 967 2503 1039 τῷ
2521 969 2755 1040 ἐρύματι
2783 971 3128 1042 σχολαίτερον
3155 973 3614 1044 ἀποκομισθῑψαι.

2497 1065 2578 1114 ιε’.
2617 1061 2705 1114 Ἐν
2745 1062 2919 1131 τούτῳ
2944 1063 3002 1117 δέ
3043 1062 3320 1127 Ἰουστίνος
3359 1065 3389 1117 ό
3431 1064 3710 1135 Γερμανοῦ
3753 1067 3860 1121 ἕνα
3896 1069 4012 1121 τῶν

2427 1151 2564 1219 ἀμφ’
2591 1152 2753 1204 αὐτὸν
2795 1151 3100 1224 ταξιάρχων
3128 1147 3325 1208 Οὗννον
3365 1153 3427 1206 τὸ
3454 1155 3629 1222 γένος,
3665 1155 4010 1228 Ἐλμινζοίορ

2425 1242 2612 1311 ὄνομα,
2641 1243 2876 1297 ἔστειλεν
2905 1247 2970 1297 ἐκ
2993 1247 3094 1316 τῆς
3120 1245 3305 1316 Νήσου
3336 1247 3395 1309 ἐς
3421 1249 3521 1318 τὴν
3549 1248 3866 1301 Ῥοδόπολιν
3887 1249 4012 1318 ἅμα

2425 1332 2700 1402 δισχιλίοις
2749 1334 3022 1399 ἱππόταις.
3057 1337 3190 1390 Ἦδε
3221 1338 3281 1390 δὲ
3317 1340 3352 1406 ἡ
3387 1337 3690 1402 Ῥοδόπολις
3741 1340 3866 1392 ἐστι
3907 1341 4013 1410 μὲν

2429 1423 2668 1492 πόλισμα
2703 1424 2990 1496 Κολχικὸν,
3027 1426 3134 1480 ὑπὸ
3159 1428 3386 1499 Περσῶν
3415 1429 3470 1482 δὲ
3499 1429 3645 1498 ὅμως
3673 1431 3733 1482 ἐν
3765 1432 3851 1500 τῷ
3879 1433 4008 1484 τότε

2428 1515 2728 1585 κατείχετο,
2767 1516 2976 1581 ἑλόντος
3019 1518 3190 1590 αὐτὴν
3238 1519 3422 1590 πολλῷ
3465 1521 3780 1590 ἔμπροσθεν
3820 1522 4012 1592 χρόνῳ

2427 1605 2522 1658 τοῦ
2550 1607 2896 1677 Μερμερόου,
2936 1608 3032 1660 καὶ
3070 1609 3314 1681 φρουρὰν
3342 1610 3618 1681 Περσικὴν
3657 1613 4012 1683 ἐγκαταστή-

2431 1711 2643 1758 σαντος.
2674 1695 2857 1750 Ταῦτα
2894 1695 2952 1749 δὲ
2989 1697 3170 1751 όποίόν
3203 1715 3325 1753 τινα
3365 1701 3730 1768 κατείργαστο
3770 1702 4006 1771 τρόπον,

2430 1780 2490 1834 οὖ
2519 1799 2611 1852 μοι
2644 1784 2946 1854 εἰρήσεται,
2975 1784 3052 1847 ὡς
3073 1785 3137 1856 δὴ
3172 1787 3460 1858 Προκοπίῳ
3484 1788 3561 1859 τῷ
3585 1791 3781 1860 ῥήτορι
3812 1790 4009 1858 σαφῶς

781 1886 878 1924 zur
919 1885 984 1924 eo
1037 1870 1300 1939 pervenit,
1348 1884 1604 1938 prospera
1644 1869 1889 1938 quaedam
1911 1867 2051 1938 juvit
2092 1867 2328 1924 fortuna.
2361 1859 2366 1912 Ἰ

2435 1873 2913 1944 ἀναγεγραμμένα.
2945 1874 3205 1928 Ἐνταῦθα
3221 1877 3286 1946 δὴ
3313 1873 3408 1932 οὖν
3433 1879 3512 1948 τῷ
3545 1859 3879 1951 Ἐλμινζοὺρ
3911 1883 4010 1950 ἀφ-

779 1962 1066 2019 Persarum
1091 1963 1235 2017 enim
1270 1962 1576 2030 praesidium
1603 1960 1741 2016 forte
1761 1976 1854 2031 per
1883 1961 1934 2016 id
1967 1971 2179 2030 tempus
2203 1962 2330 2016 alibi

777 2067 933 2110 extra
973 2055 1223 2124 oppidum
1269 2053 1609 2118 versabatur,
1650 2052 1994 2121 maximaque
2037 2051 2333 2121 oppidano-

779 2162 900 2202 rum
928 2163 1052 2216 pars
1080 2147 1220 2203 alius
1241 2147 1349 2201 alio
1373 2154 1738 2202 concesserat.
1767 2145 1924 2200 Nullo
1962 2147 2142 2217 itaque
2169 2161 2332 2215 nego-

781 2240 856 2293 tio
890 2237 1190 2309 ingressus,
1231 2239 1427 2309 Oppido
1456 2239 1510 2293 in
1547 2253 1701 2294 suam
1738 2247 2058 2308 potestatem
2093 2238 2331 2304 redacto,

779 2332 1250 2400 circnmjacentem
1299 2329 1459 2384 etiam
1505 2344 1692 2398 agrum
1722 2335 2094 2397 pergrassatus
2126 2336 2230 2392 est,
2280 2336 2336 2381 et

781 2422 1041 2492 quidquid
1073 2438 1103 2476 e
1133 2421 1367 2477 Persicis
1396 2421 1570 2490 copiis
1593 2420 1811 2476 obvium
1840 2419 2046 2483 habuit,
2079 2418 2145 2474 ad
2169 2434 2332 2473 unum

783 2529 972 2568 omnes
1006 2513 1321 2580 trucidavit;
1357 2521 1624 2582 quotquot
1648 2527 1777 2567 vero
1805 2519 1960 2566 erant
1984 2512 2246 2581 indigenae
2272 2526 2337 2566 ac

782 2605 949 2668 cives,
995 2618 1118 2658 cum
1160 2618 1255 2658 eos
1303 2603 1467 2656 sciret
1515 2613 1740 2656 externo
1786 2612 1930 2655 metu
1978 2601 2148 2670 magis
2173 2617 2334 2670 quam

782 2694 1000 2764 propria
1024 2693 1244 2762 perﬁdia
1266 2690 1549 2747 Persarum
1581 2700 1761 2763 partes
1785 2702 1996 2748 secutos
2027 2702 2086 2748 ut
2109 2694 2334 2763 patriam

785 2797 977 2837 rursus
1019 2797 1176 2837 suam
1229 2782 1557 2850 incolerent,
1609 2784 1887 2854 permisit;
1950 2784 2338 2854 obsidibusque

784 2871 1009 2941 majoris
1053 2871 1361 2927 securitatis
1412 2887 1578 2928 causa
1624 2875 1880 2944 acceptis,
1927 2876 2128 2941 omnia,
2178 2885 2340 2944 prout

785 2976 882 3030 par
920 2970 1058 3027 erat,
1113 2962 1497 3017 constabilivit.
1543 2963 1722 3034 Atque
1775 2965 1852 3018 ita
1896 2963 2228 3035 Rhodopolis
2271 2965 2338 3020 ad

785 3055 1020 3125 priorem
1050 3064 1248 3110 statum
1277 3064 1361 3111 est
1386 3058 1626 3124 reducta,
1657 3066 1712 3112 et
1737 3058 1912 3126 patria
1945 3059 2191 3114 instituta
2224 3074 2340 3113 am-

2435 1965 2636 2035 ιγμένῳ
2661 1965 2707 1995 ’⁸
2725 1966 2876 2018 αίσία
2901 1983 2982 2030 τις
3008 1965 3324 2032 ξυνελάϐετο
3345 1971 3504 2040 τύχη.
3537 1970 3874 2041 Ἐτύγχανον
3899 1975 4010 2044 γὰρ

2429 2056 2552 2109 οἵτε
2574 2057 2680 2110 τῶν
2698 2057 2921 2127 Περσῶν
2937 2059 3180 2130 φρουροὶ,
3200 2059 3342 2115 οὕτω
3358 2060 3694 2132 ξυνενεχθὲν.
3712 2063 3882 2126 ἐκτός
3906 2081 4009 2118 που

2430 2146 2524 2200 τοῦ
2552 2147 2740 2211 ἄστεος
2754 2148 3132 2219 διατρίϐοντες,
3154 2152 3249 2204 καὶ
3270 2152 3332 2206 τὸ
3357 2151 3559 2221 πλῆθος
3579 2154 3622 2184 ’⁷
3649 2155 3765 2207 τῶν
3787 2157 4009 2225 οἰκητό-

2435 2257 2540 2310 ρων
2578 2239 2733 2304 ἄλλος
2758 2239 2939 2295 ἄλλοθι
2975 2241 3432 2313 διεσκεδασμένοι.
3459 2245 3754 2315 Τοιγάρτοι
3789 2247 4008 2299 ἀκονιτὶ

2433 2329 2716 2399 παρελθὼν
2745 2331 2895 2397 εἴσω,
2918 2333 3012 2386 καὶ
3042 2333 3141 2403 τὴν
3163 2334 3318 2387 πόλιν
3344 2337 3872 2406 παραστησάμενος,
3901 2341 3932 2391 ὁ
3955 2339 4012 2392 δέ

2432 2421 2527 2474 καὶ
2538 2421 2636 2493 τὴν
2649 2423 2953 2491 περιοικίδα
2973 2425 3336 2496 κατέδραμενο
3357 2427 3450 2480 καὶ
3463 2427 3594 2496 ὅσην
3611 2428 3711 2497 μὲν
3730 2429 4012 2500 Περσικὴν

2435 2507 2592 2583 εὗρεν
2616 2515 2943 2585 ἀπόμοιραν,
2977 2514 3200 2579 τούτους
3228 2517 3294 2587 δὴ
3320 2516 3665 2589 πανωλεθρίᾳ
3703 2519 4010 2588 διέφθειρε,

2432 2608 2492 2660 τὸ
2523 2607 2580 2658 δὲ
2615 2606 2856 2675 ίθαγενές
2884 2607 3028 2661 ἅπαν
3081 2609 3175 2662 καὶ
3207 2609 3518 2681 ἐπιχώριον,
3572 2611 3768 2681 ἐπειδὴ
3807 2613 4006 2674 αὐτοὺς

2433 2696 2628 2763 διέγνω
2655 2697 2732 2766 τῷ
2764 2699 2952 2770 ὀθνείῳ
2981 2699 3026 2731 ⁸⁸
3057 2698 3164 2753 δέει
3190 2699 3388 2770 μᾶλλον
3421 2700 3455 2771 ἢ
3488 2703 3556 2771 τῇ
3591 2701 3747 2768 ac;th
3779 2703 4013 2771 ἀπιστίᾳ

2438 2789 2788 2858 μηδίσαντας,
2817 2791 3043 2844 ἐνοικεῖν
3066 2787 3222 2855 αὖθις
3260 2795 3328 2863 τῇ
3349 2792 3521 2864 οἰκείᾳ
3550 2793 3724 2861 ἐφῆκε
3765 2793 4013 2862 πατρίδι,

2435 2880 2671 2951 ὁμήρους
2714 2898 2773 2935 τε
2820 2881 2999 2936 λαϐὼν
3025 2884 3083 2947 ἐς
3118 2884 3179 2938 τὺ
3203 2883 3538 2952 πιστότερον,
3581 2885 3678 2937 καὶ
3708 2883 3927 2937 ἕκαστα
3960 2884 4014 2936 ἐν

2435 2971 2606 3025 δέοντι
2628 2973 3050 3044 κρατυνάμενος.
3080 2973 3239 3029 Οὕτω
3267 2992 3326 3029 τε
3357 2971 3510 3038 αὖθις
3541 2975 3577 3044 ἡ
3609 2974 3934 3038 Ῥοδόπολις
3961 2978 4014 3038 ἐς

2437 3060 2504 3113 τά
2523 3061 2761 3134 πρότερα
2782 3062 2826 3095 ”
2847 3062 3142 3134 ἐπανῆκτο,
3179 3065 3483 3137 στέργουσά
3503 3082 3566 3118 τε
3583 3063 3655 3118 τὰ
3686 3067 3905 3135 πάτρια
3930 3068 4016 3118 νό-

785 3147 1023 3217 plectens
1073 3158 1127 3203 et
1169 3147 1536 3203 Romanorum
1589 3149 1901 3218 imperatori
1945 3150 2178 3205 subdita.
2226 3147 2366 3236 Hac,

2443 3169 2606 3224 μιμα,
2631 3155 2723 3208 καὶ
2745 3155 2956 3225 βασιλεῖ
2978 3155 3086 3209 τῶν
3115 3155 3400 3228 Ῥωμαίων
3426 3156 3857 3228 ὐποκλινομένη.
3884 3157 4019 3210 Τού-

786 3236 953 3305 igitur
990 3245 1176 3291 testate
1211 3236 1343 3291 nihil
1381 3239 1526 3292 aliud
1557 3247 1768 3308 gestum
1797 3248 1881 3295 est
1926 3251 2225 3296 memoratu
2257 3242 2339 3296 di-

787 3341 972 3396 gnum.
1022 3326 1219 3382 Bruma
1272 3344 1400 3384 vero
1461 3330 1839 3398 invalescente,
1894 3330 2073 3386 Persae
2121 3334 2336 3401 quidem

787 3419 972 3472 statim
1016 3419 1210 3476 solutis
1259 3423 1451 3476 castris
1501 3422 1760 3477 Ootaisim
1798 3433 1852 3478 et
1887 3422 2111 3480 lberiam
2150 3441 2340 3483 versus

787 3525 908 3564 sese
940 3521 1278 3581 receperunt,
1311 3515 1494 3568 animo
1519 3515 1682 3585 238
1712 3517 1783 3570 ibi
1812 3517 2150 3584 hibernandi,
2187 3522 2341 3575 auxi-

789 3601 861 3654 lio
897 3600 1216 3658 Misiinianis
1252 3604 1472 3660 ferendo
1522 3606 1739 3677 longum
1773 3609 2014 3666 dicentes
2044 3612 2180 3666 vale.
2235 3611 2340 3668 Ne-

787 3709 893 3761 que
914 3694 1056 3748 enim
1093 3695 1279 3764 patriis
1309 3697 1548 3766 ipsorum
1586 3699 1848 3756 institutis
1895 3716 1958 3756 ac
1988 3703 2229 3758 moribus
2259 3713 2344 3762 est

787 3794 1084 3857 receptum,
1114 3803 1210 3856 per
1242 3787 1471 3843 hiemem
1494 3788 1626 3846 foris
1659 3791 1982 3862 longinquas
2013 3795 2343 3853 laboriosas-

789 3893 896 3947 que
929 3879 1298 3948 expeditiones
1347 3883 1640 3952 suscipere.
1677 3882 1907 3938 Romani
1933 3901 2058 3940 vero
2100 3888 2168 3942 ab
2208 3890 2342 3945 insi-

789 3969 1040 4024 dentibus
1067 3970 1253 4024 itinera
1273 3969 1453 4027 Persis
1475 3973 1588 4042 jam
1629 3974 1805 4038 liberi,
1833 3977 2066 4045 priorem
2098 3993 2251 4034 suam
2288 3981 2343 4036 in

789 4059 1126 4116 Misimianos
1148 4062 1542 4130 expeditionem
1573 4075 1695 4120 sunt
1737 4068 2026 4135 prosecuti.
2051 4070 2186 4123 Cum
2217 4087 2344 4126 vero

789 4151 857 4203 ad
893 4150 1201 4219 praesidium
1231 4149 1510 4208 Tibeleum
1546 4155 1618 4209 ita
1645 4155 1848 4209 dictum
1876 4158 2167 4224 venissent,
2199 4161 2344 4230 quod

791 4241 1008 4309 quidem
1042 4240 1471 4298 Misimianorum
1504 4245 1780 4314 regionem
1810 4247 1878 4301 ab
1901 4248 2118 4316 Apsiliis
2149 4250 2345 4310 dister-

791 4332 982 4395 minat,
1024 4331 1240 4386 advenit
1263 4331 1552 4397 Martinus,
1584 4345 1644 4392 ut
1673 4337 1913 4406 reliquas
1946 4341 2128 4408 copias
2153 4341 2344 4395 ducta-

792 4431 900 4486 ret,»
923 4435 978 4478 et
1010 4425 1322 4480 universum
1349 4429 1645 4483 exercitum
1688 4430 1983 4487 ordinaret.
2020 4432 2124 4487 Sed
2166 4433 2344 4502 gravis

2438 3262 2530 3298 του
2582 3245 2682 3316 μὲν
2736 3241 2829 3300 οὖν
2881 3247 2974 3301 τοῦ
3027 3248 3217 3320 θέρους
3271 3247 3424 3302 οὐδέν
3468 3265 3520 3302 τι
3571 3249 3702 3303 ἄλλο
3763 3250 4018 3320 ἐπράχθη

2438 3339 2621 3391 ὁποῖον
2661 3339 2756 3392 καὶ
2784 3340 2800 3373 ί
2826 3341 2884 3403 ἐς
2906 3340 3066 3408 λόγου
3096 3340 3365 3412 φέρεσθαι
3394 3341 3636 3412 μνήμην.
3667 3341 3783 3394 Τοῦ
3819 3343 3881 3395 δὲ
3907 3359 4019 3410 χει-

2442 3417 2616 3501 μῶνος
2657 3430 3075 3502 ἐπιλαϐομένου,
3123 3433 3174 3484 οί
3224 3432 3323 3504 μὲν
3363 3432 3569 3503 Πέρσαι
3603 3432 3773 3496 εὐθὺς
3818 3451 4018 3503 μετανο

2443 3522 2678 3590 ίσταντο,
2709 3524 2803 3576 καὶ
2830 3521 3139 3593 ἐπανῄεσαν
3177 3522 3236 3588 ἐς
3266 3540 3326 3576 τε
3350 3520 3414 3577 τὸ
3440 3523 3701 3577 Κοτάῖσιν
3735 3525 3759 3555 ⁸
3794 3527 3897 3578 καὶ
3924 3525 4021 3595 τὴν

2453 3615 2710 3686 Ἰϐηρίαν,
2738 3615 2813 3678 ὡς
2840 3615 2904 3687 δὴ
2931 3615 2952 3647 ³
2985 3615 3218 3669 ἐνταῦθα
3257 3616 3631 3687 διαχειμάζειν
3671 3617 4020 3686 βουλόμενοι,

2439 3707 2649 3777 χαίρειν
2683 3706 2850 3761 πολλά
2892 3707 3136 3770 εἰπόντες
3183 3708 3250 3778 τῇ
3293 3707 3432 3779 πρὸς
3475 3709 3855 3778 Μισιμιανοὺς
3905 3712 4022 3763 tm-

2441 3797 2652 3870 κουρίᾳ·
2697 3798 2758 3851 οὐ
2804 3798 2913 3869 γάρ
2947 3797 3170 3867 ἔννομον
3204 3799 3388 3862 αὐτοῖς
3439 3799 3559 3852 οὐδὲ
3615 3800 3861 3870 πάτριον
3904 3801 4021 3854 κατ’

2441 3889 2617 3941 ἐκεῖνο
2645 3887 2739 3942 τοῦ
2773 3887 2965 3958 καιροῦ
2999 3891 3057 3953 ἐς
3097 3890 3368 3962 ἐκδήμους
3415 3891 3706 3961 στρατείας
3743 3893 4022 3946 διαπονεῖ-

2443 3981 2586 4034 σθαι.
2618 3982 2679 4034 Οί
2716 3981 2774 4034 δὲ
2803 3981 3059 4052 Ῥωμαῖοι
3098 3981 3207 4034 τῶν
3236 3981 3635 4053 ὲφεδρευόντων
3673 3985 4022 4052 ἀπαλλαγέν-

2440 4090 2551 4138 τες,
2575 4073 2667 4126 καὶ
2686 4072 2750 4142 δὴ
2780 4071 2880 4142 τῆς
2904 4071 3175 4144 προτέρας
3203 4072 3414 4143 εἴχοντο
3437 4069 3595 4136 αὖθις
3637 4076 3894 4144 πορείας.
3931 4077 4023 4128 Γε-

2443 4162 2684 4231 νομένοις
2729 4161 2787 4214 δὲ
2822 4163 3002 4225 αὐτοῖς
3037 4163 3180 4232 ἀμφὶ
3223 4163 3286 4216 τὸ
3313 4165 3573 4235 φρούριον
3601 4165 3664 4216 τὸ
3694 4166 3960 4230 Τιῦέλεος
3984 4167 4022 4231 ⁵,

2441 4255 2582 4308 οὕτω
2609 4254 2961 4324 καλούμενον,
2985 4253 3013 4306 ὃ
3033 4254 3097 4324 δὴ
3120 4254 3220 4325 τήν
3245 4271 3305 4308 τε
3329 4254 3439 4309 τῶν
3459 4257 3819 4326 Μισιμιανῶν
3845 4257 4024 4329 χώραν

2444 4347 2538 4399 καὶ
2566 4345 2818 4414 Ἀψιλίων
2848 4343 3070 4416 διορίζει
3115 4345 3208 4398 καὶ
3243 4346 3630 4417 ἀποτέμνεται,
3657 4347 3960 4416 ἐφίσταται
3998 4352 4025 4402 ό

2443 4437 2736 4504 Μαρτῖνος,
2764 4434 2852 4503 ἐφ’
2874 4429 2919 4502 ᾧ
2947 4435 3004 4496 ἐς
3033 4433 3101 4487 τὰ
3129 4434 3294 4487 λοιπά
3338 4435 3592 4505 ἡγεῖσθαι
3639 4436 3744 4489 καὶ
3789 4438 3944 4490 ἅπαν
3969 4440 4026 4490 τὸ

790 4514 1010 4582 quidam
1042 4517 1262 4572 morbus
1293 4521 1678 4588 superveniens
1710 4523 1997 4577 consilium
2027 4524 2195 4593 ipsius
2225 4534 2341 4580 tur-

2446 4526 2754 4596 στράτευμα
2785 4523 3111 4578 διατάττειν.
3153 4525 3316 4578 ’Δλλά
3343 4526 3499 4590 νόσος
3526 4543 3617 4589 τις
3650 4527 3811 4598 αὺτῷ
3837 4530 4024 4597 ἐνσκή-

792 4605 940 4661 bavit
1011 4616 1174 4678 atque
1235 4611 1540 4680 interrupit.
1599 4615 1776 4684 Atque
1839 4614 1952 4684 ipse
2001 4618 2217 4686 quidem
2273 4619 2344 4674 ibi

791 4696 1014 4760 mansit,
1057 4706 1314 4769 tanquam
1349 4703 1512 4770 paulo
1550 4711 1673 4772 post
1721 4703 1775 4758 in
1819 4703 2127 4761 Colchicam
2169 4709 2348 4779 regio-

792 4806 918 4845 nem
963 4791 1188 4863 ejusque
1244 4797 1465 4851 castella
1521 4800 1832 4868 rediturus;
1890 4803 2162 4859 exercitus
2218 4821 2349 4862 vero

794 4883 1147 4941 nihilominus
1183 4888 1412 4942 ulterius
1454 4904 1774 4959 progressus
1803 4901 1905 4957 est,
1936 4893 2038 4948 sub
2069 4897 2349 4964 prioribus

794 4977 990 5031 iterum
1029 4978 1253 5034 ducibus
1279 4981 1496 5037 ductus.
1531 4984 1771 5038 Primum
1797 4986 2014 5055 quidem
2039 4988 2202 5057 igitur
2231 5002 2348 5046 ten-

796 5067 990 5119 tandos
1051 5081 1171 5120 esse.
1221 5066 1648 5124 Misimianorum
1697 5073 1908 5128 animos
1972 5089 2346 5147 censuerunt,

795 5171 866 5209 an
903 5155 1040 5210 forte
1069 5157 1298 5214 libentes
1336 5160 1401 5213 ad
1447 5161 1664 5214 saniora
1697 5162 1928 5217 consilia
1962 5176 2347 5224 converteren—

798 5259 908 5314 tnr,
951 5251 1252 5322 agnitisque
1295 5253 1410 5306 suis
1451 5254 1807 5324 principibus,
1843 5259 2182 5326 pmnitudine
2225 5271 2347 5318 tan-

799 5335 922 5391 dem
973 5353 1198 5396 suorum
1253 5339 1573 5396 delictorum
1623 5343 1972 5411 ducerentur,
2036 5356 2092 5402 et
2141 5348 2352 5419 seipsos

2441 4618 2589 4687 ψασα
2618 4616 2864 4688 μοχθηρά
2884 4616 3171 4688 παρείλετο
3191 4618 3286 4671 καὶ
3308 4616 3540 4687 ἀνέκυψε
3562 4617 3664 4689 τὴν
3688 4620 4020 4691 προθυμίαν.

2443 4708 2556 4762 Καὶ
2577 4710 2606 4760 ό
2641 4707 2741 4776 μὲν
2767 4707 2930 4761 αὐτοῦ
2958 4709 3311 4778 ἐμεμενήκει,
3339 4707 3416 4772 ὡς
3451 4709 3620 4779 ὀλίγῳ
3661 4710 3905 4782 ὕστερον
3940 4713 4025 4765 ἐπὶ

2445 4800 2543 4871 τὴν
2563 4798 2802 4869 Κολχίδα
2833 4798 2937 4868 γῆν
2960 4798 3243 4870 ἐπανήξων
3271 4803 3366 4854 καὶ
3391 4799 3460 4854 τά
3479 4800 3666 4871 ἐκείνῃ
3695 4802 3719 4832 ⁸
3751 4803 4022 4872 πολίσμα-

2444 4909 2534 4946 τα.
2565 4892 2629 4944 Ol
2661 4890 2718 4944 δέ
2748 4889 2842 4944 καὶ
2874 4889 3092 4954 ὦς’ἀνά
3127 4889 3196 4943 τὰ
3238 4890 3426 4962 πρόσω
3465 4890 3735 4961 ἐχώρουν,
3771 4893 3886 4946 ὑπὸ
3921 4896 4023 4954 τοῖς

2451 4980 2737 5052 προτέροις
2759 4978 2921 5032 πάλιν
2952 4978 3208 5048 ἀγόμενοι
3235 4979 3517 5049 ἡγεμόσιν.
3549 4979 3760 5049 Πρῶτα
3807 4982 3910 5050 μὲν
3937 4975 4021 5033 οὖν

2451 5072 2706 5144 ᾠήθησαν
2734 5071 2930 5142 χρῆναι
2968 5069 3370 5141 ἀποπειρᾶσθαι
3412 5069 3520 5123 τῶν
3558 5071 3938 5141 Μισιμιανῶν,
3977 5070 4024 5122 εί

2451 5181 2555 5217 που
2571 5163 2678 5232 ἄρα
2696 5162 2782 5235 ΙΡ.
2799 5161 2922 5226 124]
2935 5161 3228 5215 ἐθελούσιοι
3247 5162 3305 5226 ἐς
3322 5161 3382 5215 τὸ
3399 5161 3616 5233 σῶφρον
3640 5163 4017 5232 μεταδάλοιεν,

2456 5257 2550 5312 καὶ
2579 5257 2706 5319 τοὺς
2734 5256 2964 5319 οἰκείους
2995 5255 3260 5327 ἄρχοντας
3287 5253 3622 5322 ἐπιγνόντες,
3653 5255 4018 5326 μεταμελήσοι

2456 5349 2637 5413 αὐτοῖς
2659 5347 2781 5405 τότε
2811 5346 2943 5417 γοῦν
2965 5347 3072 5401 τῶν
3103 5347 3527 5419 ἡμαρτημένων,
3554 5347 3652 5400 καὶ
3676 5349 3825 5417 σφᾶς
3848 5365 3908 5402 τε
3933 5347 4018 5402 αὺ-

2057 5525 2286 5583 VARl/E
2323 5527 2732 5584 LECTIONES.

868 5677 916 5757 ’ξ
939 5679 1286 5757 ἀφιγουμένῳ
1305 5681 1372 5757 Β.
1447 5683 1488 5714 ³⁷
1512 5683 1711 5757 πλῆθος
1736 5683 1780 5757 Β
1803 5697 1855 5739 et
1887 5685 2054 5757 intpr.
2089 5687 2389 5752 ntultitudo,
2418 5681 3263 5757 R‘AEEGTMLVIIIS.7¥£xa§adpéVOAl
3317 5681 3414 5757 ἢ..
3457 5682 3505 5714 ’⁸
3529 5680 3767 5757 ,ὀθνείων
3791 5684 3934 5752 conj.
3961 5685 4011 5736 Β.

805 5744 959 5825 Vtile.
985 5744 1153 5825 inzﬂe'
1177 5752 1237 5825 _f’
1258 5744 1508 5825 ’πρότερα
1541 5744 1621 5825 Β,
1668 5744 1932 5825 πρότερον
1972 5744 2133 5822 ’νιιΙιζ.
2211 5762 2224 5791 ¹
2251 5759 2344 5813 καὶ
2377 5744 2503 5815 ἷιιδ.
2527 5775 2594 5814 cx
2657 5754 2723 5810 Ii.
2788 5744 2821 5787 ’ί
2850 5744 3138 5809 Κοταίσιον
3166 5753 3308 5825 vulg.
3339 5753 3358 5785 ³
3381 5751 3489 5808 Pro
3513 5752 3589 5816 ὡς
3609 5752 3678 5825 δὴ
3717 5755 3765 5809 R
3820 5744 3994 5822 ἐπειδῄ

806 5818 828 5851 ⁵
850 5820 1016 5890 lnlpr.
1045 5818 1325 5879 Tibelium.
1391 5824 1411 5855 '
1435 5818 1645 5895 ἐκείνης
1667 5818 1730 5881 Β.
1749 5818 1851 5880 καῖ
1870 5841 1980 5883 οιιι.
2005 5818 2123 5884 Par.
