4188 6438
165 431 294 497 1501

1319 433 1852 498 H‘ISTOBIARUM
1881 437 2114 497 LIBER
2157 438 2244 499 IV.

3265 435 3401 503 1502

155 547 283 612 τοὺς
323 549 434 612 τοῖς
463 548 484 580 ⁸
515 548 806 620 Ῥωμαίοις
830 546 1216 618 ἐγχειρίσαιεν,
1245 547 1339 600 καὶ
1365 547 1435 601 τά
1469 549 1726 619 χρήματα

1831 544 2090 601 Romanis
2149 545 2409 601 dederent
2471 547 2870 618 pecuniamque
2919 563 3173 617 omnem,
3235 568 3396 621 qnam

155 641 331 694 ὁπόσα
354 640 444 693 τὸν
471 640 780 712 Σωτήριχον
822 640 1125 709 ἀφείλοντο,
1157 638 1292 692 ἀλλά
1325 641 1418 692 καὶ
1457 640 1631 694 ταῦτά
1660 657 1726 708 γε

155 733 428 786 ἀποδοῖεν.
463 733 574 786 Καὶ
607 731 785 785 τοίνυν
814 734 876 786 ἐκ
909 731 1002 786 τοῦ
1045 730 1298 800 ’Δψιλίων
1351 734 1540 799 γένους
1577 733 1726 803 λογί-

158 843 297 896 μους
323 823 544 896 ἄνδρας,
569 825 644 890 ὡς
677 821 790 879 οἷόν
821 842 878 878 τε
903 821 993 897 ἦν,
1025 825 1441 906 ἀπολεξάμενρι,
1473 825 1724 879 στέλλου-

153 935 242 971 σιν
286 919 343 980 ἐς
375 916 546 970 ταῦτα
579 914 1080 987 πρεσϐευσομένους
1111 915 1150 970 ⁷.
1197 915 1260 968 Ol
1307 913 1379 966 δὲ·
1405 913 1728 983 Μισιμιανοὶ

152 1007 398 1078 τοσούτῳ
420 1006 648 1078 ἐδέησαν
672 1005 772 1076 τῆς
794 1006 1072 1078 ὠμότητος
1094 1006 1333 1076 ὑφελεῖν,
1357 1007 1583 1068 καὶτοῖς
1607 1008 1726 1060 ἐπι-

153 1099 499 1169 γιγνομένοις
525 1097 588 1151 τδ
612 1097 706 1152 τοῦ
733 1098 1033 1166 φθάσαντος
1059 1098 1259 1152 ἄτοπον
1287 1099 1724 1169 μετακοσμῆσαι,

152 1182 302 1237 ὥστε
339 1183 528 1254 ἀμέλει
551 1185 602 1238 οἱ
627 1184 913 1255 ἀθέμιστοι
939 1186 962 1219 ⁸
986 1186 1082 1240 καὶ
1117 1187 1333 1255 ἐναγεῖς
1353 1186 1448 1240 καὶ
1474 1187 1729 1241 κακοδαί-

157 1294 323 1348 μονες
348 1277 442 1331 καὶ
468 1278 614 1331 ἀπαν
635 1277 763 1333 ἄλλο
786 1278 926 1345 ἄξιοι
957 1278 1178 1332 ἀκούειν
1203 1279 1232 1332 ὃ
1257 1295 1309 1332 τι
1335 1278 1400 1333 ἄν
1423 1295 1509 1343 τις
1531 1279 1728 1344 αὐτοὺς

153 1370 406 1439 νεμεσῶν
442 1370 792 1435 ἀποκαλέσοι,
822 1371 1212 1442 παρωσάμενοι
1242 1372 1338 1425 κα)⁵
1374 1373 1727 1445 ἐμπατήσαν-

151 1475 250 1522 τες
275 1459 342 1514 τά
366 1459 520 1514 κοινά
547 1460 656 1514 τῶν
683 1461 937 1515 ἁπάντων
966 1465 985 1491 ’⁸
1015 1461 1316 1531 ἀνθρώπων
1343 1461 1568 1533 νόμιμα,
1601 1463 1728 1525 τοὺς

153 1549 416 1619 πρέσϐεις
437 1551 631 1622 ἀθρόον
655 1553 1002 1619 ἀπέκτειναν,
1023 1553 1115 1606 καὶ
1137 1552 1305 1607 ταῦτα
1321 1553 1588 1624 Ἀψιλίους
1607 1572 1668 1624 γε
1683 1555 1728 1586 ¹⁶

151 1640 316 1703 ὄντας
342 1641 682 1710 ὁμοδιαίτους
715 1643 808 1694 καὶ
829 1643 1246 1713 ἀγχιτέρμονας,
1277 1643 1372 1697 καὶ
1403 1639 1477 1698 ὧν
1503 1644 1600 1714 μὲν
1627 1647 1726 1698 ἐπ-

154 1732 389 1784 εκάλουν
444 1733 485 1762 ¹¹
549 1732 750 1785 ἐκεῖνοι
814 1733 1103 1804 Ῥωμαίοις
1163 1751 1224 1786 τε
1255 1717 1258 1719 Δ
1287 1735 1382 1787 καὶ
1435 1735 1728 1806 Σωτηρίχῳ

151 1819 440 1875 οὐπώποτε
500 1821 901 1893 μετειληχότας,
955 1823 1277 1893 παραίνεσιν
1335 1823 1391 1876 δὲ
1447 1823 1628 1894 φιλίαν
1670 1826 1728 1888 ἐς

149 1913 219 1966 τὸ
248 1917 488 1969 συνοῖσον
517 1916 755 1984 ἄγουσαν
783 1916 844 1968 οὐ
875 1915 968 1980 ξὺν
1005 1915 1330 1986 χαλεπότητι
1355 1917 1725 1987 ἀπαγγείλαν-

151 2023 257 2068 τας
287 2008 352 2059 ⁸⁸.

233 2099 560 2167 ις’.;οῦτως
593 2101 699 2171 ἄρα
736 2101 801 2154 ἐκ
833 2099 1133 2172 παρανοίας
1168 2101 1213 2132 ¹³
1244 2101 1304 2154 τὸ
1341 2102 1607 2174 πρότερον
1634 2101 1728 2156 καὶ

153 2192 388 2246 ἀνοσίων
435 2192 610 2264 ἔργων
655 2193 971 2265 ἀρξάμενοι,
1014 2194 1123 2247 τῶν
1168 2194 1347 2247 αὐτῶν
1377 2194 1585 2264 εἴχοντο
1611 2195 1727 2250 δια-

153 2284 360 2348 παντὸς
407 2286 845 2357 ἐγχειρημάτων,
893 2285 926 2358 ἢ
976 2285 1070 2339 καὶ
1118 2285 1298 2355 πολλῷ
1329 2287 1725 2358 ἀνοσιωτέρων.

155 2377 272 2428 Καὶ
314 2377 423 2447 γάρ
469 2377 808 2448 ἐγνωσμένον
850 2381 1030 2443 αὐτοῖς
1057 2379 1129 2444 ὡς
1163 2381 1213 2434 οί
1244 2381 1450 2453 Πέρσαι
1478 2383 1728 2446 ἀπιόντες

156 2465 386 2538 ᾤχοντο,
420 2470 516 2522 καὶ
549 2469 688 2524 κατά
720 2471 781 2524 τὸ
815 2470 1166 2544 ξυγκείμενον
1205 2473 1303 2528 οὐκ
1336 2475 1726 2546 ἐπαμύνουσιν,

157 2559 318 2622 ἀλλά,
357 2563 423 2631 τῇ
473 2561 579 2616 τῶν
607 2563 786 2616 τόπων
837 2563 1112 2636 δυσχωρίᾳ
1163 2564 1499 2630 πεποιθότες,
1530 2567 1622 2620 καὶ
1652 2567 1731 2638 τῷ

157 2651 359 2705 οὔποτε
389 2654 431 2685 ¹⁵
454 2654 775 2726 δυνήσεσθαι
796 2657 920 2722 τοὺς
953 2658 1253 2728 Ῥωμαίους
1276 2658 1730 2730 παραμείιξιασθαί

156 2763 223 2799 τε
252 2746 419 2818 αὐτὴν
444 2751 538 2801 καὶ
571 2748 992 2819 ὑπερϐαλέσθαι,
1020 2751 1068 2803 οι
1093 2751 1150 2804 δὲ
1177 2750 1244 2804 τά
1272 2751 1544 2824 δεινότερα
1576 2752 1732 2824 ἕδρα-

163 2853 288 2890 σαν.
323 2837 479 2890 Ἐστι
501 2841 608 2909 γάρ
635 2856 688 2892 τι
723 2841 767 2876 ’⁸
795 2839 919 2912 ὅρος
945 2840 1382 2913 προϐεϐλημένον
1406 2843 1504 2911 τῆς
1529 2843 1728 2913 χώρας,

161 2929 300 2982 αἰπὺ
331 2929 431 2998 μὲν
460 2930 520 2981 οὺ
552 2929 691 2996 λίαν,
722 2930 841 2983 οὗδέ
872 2931 1112 3000 ἐπιμέγα
1139 2933 1392 3002 ἠρμένον,
1425 2931 1652 2997 ἄναντες
1675 2934 1731 2986 δὲ

163 3019 374 3090 σφόδρα
417 3021 512 3074 καὶ
547 3020 746 3092 ὄρθιον,
793 3023 888 3076 καὶ
934 3021 1158 3094 πέτραις
1205 3025 1500 3094 ἀποτόμοις
1547 3025 1735 3078 ἐκατέ-

164 3113 341 3183 ρωθεν
377 3111 800 3180 πεπυκνωμένον
823 3129 838 3144 ο
873 3111 1100 3182 βραχεῖα
1132 3112 1188 3165 δέ
1219 3113 1335 3178 ὁδὸς
1374 3116 1432 3167 ἐν
1461 3114 1611 3184 μέσῳ
1641 3115 1734 3168 καὶ

1830 637 2116 693 Sotericho
2152 638 2486 709 eripuerant,
2519 639 2888 696 restituerent.
2921 639 3170 697 Delectos
3219 641 3400 712 itaque

1827 744 1890 784 ex
1930 729 2260 798 Apsiliorum
2300 740 2458 800 gente
2497 729 2822 798 spectabiles
2853 729 2999 785 viros
3043 741 3292 786 oratores
3335 747 3401 786 eo

1828 823 2068 878 mittunt.
2096 821 2390 877 Misimiani
2425 837 2556 877 vero
2581 831 2788 877 tantum
2821 822 3069 890 aberant,
3103 835 3164 878 ut
3191 823 3392 880 crude-

1828 912 2029 967 litatem
2063 911 2402 967 remitterent
2437 921 2532 967 aut
2571 911 2729 966 novis
2753 911 2944 968 ciliciis
2976 914 3234 982 praeteriti
3262 913 3392 969 facti

1827 1006 2216 1060 absurditatem
2249 1004 2411 1075 239
2435 1004 2807 1068 emcndarcnt,
2851 1005 2984 1074 quin
3031 1006 3210 1073 potius
3251 1005 3404 1060 nefa-

1827 1096 1894 1150 rii
1943 1105 1996 1151 et
2041 1096 2344 1166 piaculares
2391 1096 2720 1164 l‘anaticique
2764 1095 3010 1151 homines
3059 1104 3115 1150 et
3162 1099 3395 1167 quodvis

1828 1188 1974 1242 aliud
2021 1188 2340 1253 convitium,
2389 1189 2533 1256 quod
2577 1187 2882 1257 indignatio
2918 1187 3158 1257 cuipiam
3209 1203 3404 1256 sugge-

1828 1290 1932 1346 rat,
1967 1281 2154 1335 audire
2198 1279 2369 1351 digni,
2417 1279 2618 1348 rejecto
2662 1279 3085 1350 proculcatoque
3122 1280 3403 1334 communi

1827 1371 2070 1426 omnium
2097 1371 2377 1425 hominum
2403 1370 2547 1440 jure,
2577 1379 2822 1425 oratores
2847 1369 3132 1425 confestim
3161 1371 3400 1426 trucida-

1828 1472 1974 1526 runt,
2004 1478 2128 1518 cum
2161 1471 2339 1517 tamen
2371 1461 2566 1532 Apsilii
2597 1469 2802 1524 essent,
2831 1461 3076 1530 ejusdem
3111 1475 3236 1514 cum
3267 1461 3401 1530 ipsis

1829 1555 2063 1610 instituti
2109 1563 2163 1608 et
2197 1552 2545 1619 contermini,
2595 1552 2800 1622 quique
2842 1568 3052 1617 eorum,
3097 1551 3166 1606 de
3202 1551 3402 1619 quibus

1829 1647 1902 1702 illi
1940 1646 2214 1701 Romanos
2257 1644 2456 1716 pariter
2501 1652 2555 1698 et
2597 1642 2944 1698 Soterichum
2992 1641 3400 1705 insimulabant,

1829 1743 2144 1810 neutiquam
2198 1738 2400 1794 conscii
2453 1737 2810 1807 participcsve
2861 1735 3112 1800 fuissent,
3167 1735 3398 1788 amicam

1831 1843 2038 1888 tantum
2069 1832 2490 1888 admonitionem
2522 1843 2750 1900 quaeque
2803 1828 2856 1882 in
2890 1843 3002 1884 rem
3048 1827 3290 1898 ipsorum
3317 1825 3404 1881 fu-

1830 1935 1947 1980 tura
1978 1935 2142 1990 esset,
2175 1925 2311 1978 citra
2340 1922 2509 1976 ullam
2546 1919 2898 1975 acerbitatem
2927 1919 3330 1974 denuntiantes.

1899 2110 1980 2164 l6.
2025 2107 2099 2162 Ita
2159 2107 2345 2176 utique
2382 2121 2413 2160 a
2447 2103 2664 2160 vesania
2710 2103 2870 2158 initio
2911 2101 3202 2172 impiisque
3247 2099 3402 2156 factis

1825 2201 1957 2268 orsi,
1999 2201 2187 2254 iisdem
2230 2206 2492 2268 perpetuo
2537 2195 2878 2250 facinoribus
2915 2194 3256 2253 insistebant,
3295 2191 3404 2245 imo

1825 2305 1956 2350 vero
1985 2294 2156 2348 multo
2185 2291 2347 2346 etiam
2384 2289 2842 2346 sceleratioribus.
2868 2285 3006 2340 Cum
3036 2286 3180 2340 enim
3203 2284 3404 2339 scirent

1825 2388 2021 2466 Persas
2054 2385 2273 2451 abiisse,
2318 2396 2512 2452 neque,
2555 2389 2614 2436 ut
2647 2387 2997 2440 convenerat,
3037 2377 3242 2431 auxilio
3271 2389 3402 2430 ven-

1829 2490 2002 2544 turos,
2033 2480 2272 2532 locorum
2307 2486 2484 2529 tamen
2516 2473 2825 2528 difﬁcultate
2857 2470 3003 2535 freti,
3029 2469 3248 2540 etquod
3279 2485 3402 2540 spe-

1828 2581 2013 2629 rarent
2045 2570 2317 2625 Romanos
2343 2582 2618 2638 nunquam
2645 2581 2763 2621 cam
2797 2565 3123 2620 transituros
3156 2574 3207 2618 et
3241 2578 3404 2633 supe-

1829 2673 2086 2728 raturos,
2138 2659 2406 2715 atrociora
2467 2666 2862 2728 perpetrarunt.
2911 2655 3006 2711 Est
3050 2656 3195 2710 enim
3250 2670 3404 2709 'nons

1829 2754 2050 2825 quidam
2087 2750 2293 2820 regioni
2322 2748 2589 2817 objectus,
2625 2763 2728 2802 non
2759 2745 2976 2817 quidem
3009 2745 3298 2800 admodum
3325 2744 3406 2798 al-

1833 2856 1939 2909 tus,
1975 2859 2148 2912 neque
2173 2842 2326 2896 valde
2360 2841 2413 2895 in
2440 2840 2674 2894 sublime
2705 2839 2950 2904 tendens,
2979 2839 3200 2893 acclivis
3225 2848 3406 2892 tamen

1834 2936 2176 2990 vehementer
2205 2942 2365 3002 atque
2403 2931 2607 2986 arduus
2643 2939 2698 2986 et
2733 2930 3016 3000 praeruptis
3053 2929 3222 3000 petris
3256 2939 3410 2984 utro-

1832 3026 1996 3094 bique
2025 3025 2247 3079 densus.
2278 3023 2332 3076 In
2366 3023 2544 3076 medio
2567 3031 2796 3088 angusta
2834 3021 3076 3090 quaedam
3107 3034 3410 3089 parumque

1835 3118 1960 3171 trita
1994 3117 2079 3171 via
2124 3131 2183 3172 se
2221 3115 2490 3178 ostendit,
2537 3129 2765 3184 qumque
2797 3128 2865 3167 ne
2901 3112 2995 3166 uni
3031 3112 3248 3182 quidem
3289 3111 3408 3164 viro

159 3199 392 3272 ἀτριϐὴς
411 3201 784 3271 ὑποφαίνεται,
812 3202 905 3254 καὶ
925 3201 1085 3256 ὁποία
1113 3201 1248 3272 μηδὲ
1279 3202 1360 3254 ἐνὶ
1389 3201 1546 3273 ἀνδρὶ
1573 3201 1724 3256 ἀδεέ-

1831 3211 2094 3280 intrepide
2125 3209 2272 3263 eunti
2305 3207 2480 3261 facilis
2513 3220 2735 3260 accessu
2771 3203 2843 3259 sit
2866 3213 2920 3258 et
2950 3202 3154 3271 pervia,
3184 3202 3320 3257 adeo
3349 3210 3411 3256 ut

163 3309 359 3364 στερον
391 3293 740 3364 πορευομένῳ
771 3293 907 3364 βατὴ
935 3292 1073 3348 εἶναι
1113 3295 1308 3365 ῥαδίως
1345 3295 1388 3326 ³⁸
1417 3295 1512 3348 καὶ
1542 3295 1728 3348 εὐεπί-

160 3383 384 3455 δρομος,
425 3384 499 3448 ὡς
532 3385 646 3453 εῐγε
688 3402 770 3448 τις
801 3385 1030 3448 ἐπιστὰς
1058 3388 1125 3457 τῇ
1171 3385 1486 3457 ἀκρωνυχία
1528 3387 1570 3418 ’⁷
1611 3387 1728 3440 δια-

163 3477 366 3532 κωλὺοι
411 3478 537 3541 τοὺς
585 3477 858 3540 ἐπιόντας,
909 3477 1119 3547 μήποτε
1171 3475 1521 3548 διαϐήσεσθαι
1571 3477 1729 3532 πολεο

169 3571 363 3642 μίους,
415 3570 546 3640 μηδὲ
597 3571 647 3622 εἰ
698 3567 899 3639 πλῆθος
951 3564 1064 3621 εἷεν
1114 3567 1446 3639 ἀνάριθμον,
1501 3569 1633 3640 μηδέ
1683 3573 1731 3624 εί

166 3660 364 3730 κοῦφοι
393 3661 630 3723 ἅπαντες
670 3659 765 3714 καὶ
797 3659 1096 3725 εὐσταλεῖς,
1124 3659 1340 3723 ὁποίους
1368 3659 1412 3692 ⁸⁸
1443 3662 1577 3730 φασὶ
1607 3663 1732 3726 τοὺς

180 3753 482 3824 Ἰσαύρους.
530 3752 716 3824 Τούτῳ
761 3751 823 3824 δὴ
869 3748 962 3805 οὖν
1006 3751 1084 3822 τῷ
1125 3751 1286 3824 χώρῳ
1331 3753 1373 3785 ⁸⁹
1402 3753 1637 3820 πίσυνοι,
1677 3757 1735 3820 ἐς

165 3843 428 3898 ἀπόνοιαν
458 3843 754 3913 ἐτράποντο
799 3842 1134 3913 βιαιοτάτην.
1180 3841 1320 3895 Ἀλλ’
1350 3843 1400 3895 οἱ
1453 3838 1748 3913 Ῥωμαῖοι,

169 3933 268 3987 τοῦ
303 3935 608 4005 μιάσματος
640 3933 1081 4004 ἀπηγγελμένον,
1131 3935 1190 3986 ἐν
1233 3935 1370 4006 ὀργῇ
1414 3936 1736 4006 ἐποιήσαντο

166 4027 234 4080 τὸ
261 4026 641 4096 γεγενημένον.
694 4025 804 4078 Καὶ
849 4024 914 4096 δὴ
953 4025 1060 4078 τῶν
1088 4025 1385 4099 Βαρϐάρων
1416 4028 1735 4098 μελλόντων,

169 4118 269 4172 καὶ
303 4116 456 4171 οὔπω
487 4115 728 4189 φρουράς
760 4117 806 4148 ³⁸
825 4117 903 4187 τῷ
925 4116 1072 4186 λόφῳ
1098 4118 1572 4189 καταστησάντων,
1604 4136 1738 4190 προ-

168 4208 502 4279 τερήσαντες
539 4206 802 4278 κρατοῦσι
835 4207 933 4276 τῆς
965 4208 1138 4278 ἄκρας
1165 4208 1380 4280 ῥαχίας,
1411 4208 1505 4263 καὶ
1529 4209 1738 4274 οὐδενὸς

169 4299 450 4371 εἴργοντος
493 4299 850 4371 ὑπερϐάντες,
883 4301 941 4364 ἐς
989 4299 1058 4354 τά
1110 4300 1386 4372 ἱππάσιμα
1430 4301 1530 4370 τῆς
1555 4300 1740 4371 χώρας

172 4392 416 4454 ἅπαντες
444 4392 538 4444 καὶ
570 4391 998 4461 ἀναπεπταμένα
1045 4391 1323 4464 παρῆλθον
1362 4392 1538 4448 πεδία.
1573 4395 1634 4446 Ol
1683 4391 1740 4446 δὲ

172 4482 500 4552 Μισιμιανοὶ
550 4483 736 4552 ἐπειδὴ
789 4483 949 4554 τῆσδε
1004 4483 1303 4554 διήμαρτον
1353 4485 1452 4556 τῆς
1502 4485 1736 4548 ἐλπίδος,

172 4574 378 4626 αὐτίκα
413 4574 482 4627 τά
505 4575 548 4606 ’⁸
583 4573 810 4628 πλεῖστά
838 4592 900 4643 γε
930 4575 1024 4627 καὶ
1071 4576 1300 4646 περιττά
1326 4576 1435 4630 τῶν
1464 4577 1739 4648 σφετέρων

173 4665 450 4737 φρουρίων
483 4667 886 4738 ἐμπρήσαντες,
927 4666 1003 4730 ὼς
1047 4667 1145 4738 οὐχ
1187 4661 1298 4722 οἷόν
1345 4685 1403 4722 τε
1436 4667 1494 4721 ὂν
1537 4670 1740 4724 ἅπασιν

173 4759 432 4827 ἀρκέσαι,
483 4763 538 4824 ἐς
581 4761 639 4814 ἐν
686 4778 738 4814 τι
787 4761 968 4831 μόνον,
1004 4763 1139 4833 ὅπερ
1181 4762 1523 4832 ὀχυρώτατον
1561 4763 1742 4825 αὐτοῖς

174 4853 376 4918 ἐδόκει,
407 4851 642 4916 ἅπαντες
671 4853 1033 4921 ξυνελέγοντο.
1079 4853 1251 4907 Τοῦτο
1293 4853 1353 4906 δέ
1386 4853 1609 4925 Τξάχαρ
1641 4854 1740 4925 μὲν

176 4944 245 4996 ἐκ
297 4939 528 4995 παλαιοῦ
576 4941 929 5012 ὀνομάζεται,
977 4941 1236 5013 Σιδηροῦν
1279 4942 1337 4996 δέ
1374 4942 1506 4995 αὐτὸ
1542 4943 1630 4997 διὰ
1681 4943 1744 4996 τὸ

181 5035 410 5107 στερῤόν
427 5052 486 5087 τε
513 5035 606 5087 καὶ
633 5033 905 5087 ἀνάλωτον
925 5034 1157 5102 ἐπίκλην
1184 5033 1566 5088 ἀποκαλοῦσιν.
1607 5034 1743 5088 Ὀλί-

177 5145 297 5196 γοις
325 5127 381 5180 δέ
404 5143 514 5180 τισι
544 5125 650 5179 τῶν
688 5125 973 5198 Ῥωμαίων
1003 5126 1097 5179 καὶ
1133 5125 1195 5177 οὐ
1223 5123 1308 5198 [Ρ.
1346 5123 1472 5196 125]
1514 5124 1674 5178 πλέον
1704 5125 1738 5197 ἢ

1830 3304 1876 3359 si
1894 3305 2017 3374 quis
2037 3302 2222 3357 vertici
2243 3299 2406 3371 240
2421 3298 2622 3352 montis
2643 3297 2902 3351 insistens
2923 3295 3243 3350 accedentes
3257 3294 3409 3349 aditu

1829 3395 2132 3467 prohibeat,
2164 3393 2349 3446 hostes
2381 3402 2660 3458 nunquam
2683 3401 2807 3440 eum
2837 3385 3074 3440 transire
3097 3391 3317 3454 queant,
3343 3398 3410 3438 ne

1831 3487 1879 3543 si
1914 3485 2119 3541 infinita
2143 3483 2360 3552 quidem
2388 3481 2460 3537 sit
2496 3478 2806 3542 multitudo,
2842 3491 3016 3547 neque
3046 3475 3091 3530 si
3139 3476 3284 3530 leves
3323 3482 3410 3528 at-

1832 3594 1938 3649 que
1962 3575 2194 3646 expediti
2228 3587 2418 3629 omnes
2448 3573 2577 3637 sint,
2603 3571 2792 3641 quales
2817 3583 2936 3625 esse
2964 3567 3180 3623 Isauros
3207 3565 3407 3649 ferunt.

1833 3645 1947 3726 Hoc
1986 3645 2168 3736 itaque
2217 3666 2336 3719 loco
2379 3663 2523 3726 freti,
2554 3662 2622 3716 ad
2665 3674 2934 3716 summam
2975 3657 3252 3713 vesaniam
3285 3645 3413 3711 sunt

1831 3759 2100 3816 conversi.
2141 3757 2211 3812 At
2238 3754 2468 3809 Romani
2499 3752 2821 3809 exsecrabili
2855 3750 3285 3805 Misimianorum
3325 3745 3412 3801 fa-

1833 3862 1923 3910 cto
1973 3852 2106 3922 ipsis
2142 3849 2413 3913 nuntiato,
2455 3847 2725 3916 ingentem
2773 3858 2841 3898 ex
2879 3857 2946 3897 eo
2989 3841 3412 3912 indignationem

1835 3951 2220 4016 conci-perunt.
2256 3939 2654 3997 Cunctantibus
2697 3938 2904 3991 interea
2950 3933 3237 3996 barbaris,
3286 3947 3412 3986 cum

1836 4037 2076 4092 nondum
2108 4033 2356 4104 praasidia
2385 4031 2554 4084 monti
2584 4027 2991 4097 imposuissent.
3017 4030 3414 4079 antevertentes

1837 4145 1931 4184 eos
1964 4127 2195 4181 Romani
2229 4138 2440 4179 summa
2468 4125 2596 4192 juga
2633 4126 2921 4188 occupant,
2956 4116 3280 4184 nemineque
3312 4112 3411 4167 ob—

1839 4221 2063 4275 sistcnte
2098 4231 2161 4270 ea
2209 4221 2550 4284 superantes,
2592 4225 2780 4264 omnes
2824 4207 3006 4263 statim
3040 4205 3094 4260 in
3141 4205 3413 4274 planiores

1838 4311 2101 4382 equisque
2151 4309 2368 4377 pervios
2417 4317 2641 4372 campos
2690 4300 3066 4356 effunduntur.
3120 4293 3412 4352 Misimiani

1839 4415 1969 4455 vero
1995 4414 2060 4454 ea
2103 4413 2198 4466 spe
2235 4395 2478 4450 frustrati
2519 4390 2808 4448 confestim
2843 4390 3091 4460 plurimis
3128 4397 3174 4442 et
3220 4402 3412 4455 super-

1841 4491 2093 4546 vacaneis
2124 4491 2363 4560 ipsorum
2403 4483 2824 4557 propugnaculis
2859 4480 3120 4544 incensis,
3145 4479 3289 4548 quod
3327 4478 3412 4531 ni-

1844 4583 2040 4637 mirum
2072 4581 2323 4635 omnibus
2361 4578 2573 4633 tuendis
2599 4591 2757 4646 pares
2783 4589 2891 4628 non
2923 4583 3127 4634 essent,
3163 4572 3216 4624 in
3245 4585 3412 4624 unum

1843 4674 2112 4746 quoddam
2147 4674 2342 4736 solum,
2382 4670 2526 4739 quod
2566 4665 2992 4722 munitissimum
3030 4662 3164 4733 ipsis
3191 4660 3412 4714 videba-

1844 4775 1950 4828 tur,
1985 4779 2175 4818 omnes
2199 4777 2259 4816 se
2291 4767 2627 4830 receperunt.
2659 4756 2865 4812 Zacbar
2885 4755 2938 4810 id
2965 4754 3032 4808 ab
3065 4755 3291 4821 antiquo
3316 4766 3413 4805 no-

1844 4853 2123 4918 minatur;
2157 4849 2410 4904 Ferreum
2442 4857 2620 4902 autem
2655 4847 2707 4900 id
2747 4846 2946 4915 ipsum,
2977 4843 3123 4914 quod
3162 4841 3412 4896 ﬁrmissi-

1845 4959 1992 4999 mum
2027 4945 2099 5000 sit
2127 4952 2286 5013 atque
2319 4938 2749 5010 inexpugnabile,
2787 4936 3191 5008 cognominant.
3220 4931 3414 4986 Paucis

1847 5051 1974 5090 vero
2007 5035 2329 5105 quibusdam
2367 5031 2664 5096 Romanis,
2712 5040 2766 5085 et
2809 5043 2918 5082 non
2965 5027 3209 5097 pluribus
3249 5038 3413 5093 quam

1845 5123 2200 5194 quadraginta
2228 5120 2501 5191 equitibus
2526 5118 2689 5176 simul
2725 5115 3063 5188 congregatis
3093 5113 3290 5183 (erant
3316 5127 3414 5166 au-

1462 5299 1693 5357 VARIIE
1718 5298 2132 5356 LEGTIONES.

256 5461 278 5492 ⁸
311 5463 416 5516 Pro
452 5462 561 5539 τοῖς
585 5457 630 5510 Il
656 5459 774 5539 τότε
830 5458 1195 5539 ἐγχειρίσαιεν
1231 5457 1541 5539 βείῐιυπᾱ.
1649 5474 1745 5539 ιιι-,λ
1765 5458 2161 5539 ¹ἐγχειρήσαιεν
2177 5455 2344 5539 nrulg.
2420 5455 2439 5485 "
2475 5449 3243 5539 πρεσϐεμισομέλνουςᾼῐῖ.ᾼ((’.ξΙΔ.).,

185 5529 592 5600 σϐευσαμένους
627 5529 769 5600 vulg,
808 5523 1154 5600 τοσοῦτονιῖ.
1231 5527 1252 5558 ⁸
1275 5523 1559 5600 ἀθέμιστοι
1591 5527 1655 5593 ll,
1683 5523 2104 5600 ἀθέμιτοινὶιίε.
2177 5527 2199 5557 ⁸
2232 5523 2630 5600 ἁπάντωνιοηι.

2821 5521 2864 5552 ¹⁰
2891 5539 2953 5590 γε
2981 5531 3102 5576 ante
3147 5521 3411 5590 Ἀψιλιους

185 5600 343 5671 ponit
369 5589 452 5671 B‘a
498 5601 554 5671 7“
574 5589 885 5671 ’ἐπεκάλουν
916 5601 957 5650 ιι
998 5598 1155 5671 (ΕΗ,
1182 5589 1486 5671 ἀπεκάλουν
1515 5589 1661 5671 vulg.
1693 5589 2249 5671 ῌΨάπαγ-γείλαντας
2279 5594 2452 5671 Lugd.
2542 5610 2614 5648 tn.
2639 5593 2787 5671 (9.),
2821 5589 3253 5671 ἀπαγγείλαντες
3288 5589 3333 5641 ﬂ
3360 5599 3412 5671 et

184 5671 340 5740 vulg.

187 5758 242 5818 τι
271 5736 415 5818 (ξοδ,
473 5739 523 5818 ‘_‘_
558 5736 692 5818 βατῇ
733 5736 1075 5818 εἷναιὶρᾑιὶ,
1121 5739 1239 5818 ῥᾳδ.
1284 5736 1382 5792 εἶν.
1440 5736 1671 5818 β.“νιιΙεζ

417 5670 459 5700 ³⁸
493 5670 557 5720 ἐκ
584 5669 866 5738 παροινίας
889 5669 1033 5737 conj.
1060 5668 1214 5723 Vulc.
1293 5669 1335 5738 ’ξ
1359 5667 1554 5721 οὓποτε
1581 5667 1626 5721 li
1651 5668 1800 5738 (CL).
1830 5668 2116 5721 οὐπώποτε
2147 5668 2288 5738 t'ulg.

2366 5657 2410 5697 ῖ⁵
2439 5664 2547 5733 γάρ
2581 5657 2858 5733 τιἸὶ,’καί
2885 5679 2936 5714 τι
2955 5657 3160 5728 Lugd"
3183 5662 3292 5730 γάρ
3322 5657 3412 5733 καί

1751 5739 1791 5770 ⁸⁷
1817 5739 2114 5808 ἀκρονυχία
2149 5731 2263 5808 Ιὶ.’
2291 5735 2334 5768 ³⁸
2380 5731 2539 5808 ὁποία
2583 5731 2648 5798 Β,
2685 5733 2778 5808 qui
2796 5748 2962 5808 error
2997 5746 3139 5802 saepe
3186 5731 3410 5787 recurrit

191 5813 235 5847 "
275 5794 461 5880 χωρίῳ
487 5794 570 5864 1ι.’
629 5794 948 5879 ²⁰’φρουράἒ;
969 5807 1010 5861 ll
1038 5794 1089 5864 οἰ
1121 5794 1264 5880 Ξιίψι·
1312 5794 1578 5879 μιωίὶάὶιι,
1619 5794 1858 5881 ᾧρουράν
1891 5794 2054 5879 vulg?
2089 5795 2149 5843 ’²¹
2176 5807 2244 5861 τὰ
2275 5807 2397 5863 add.
2421 5803 2487 5873 ﬂ,
2520 5821 2583 5870 γε
2620 5794 2729 5860 our.
2757 5801 2921 5858 idem.
