4188 6438
762 405 900 470 1503

1943 404 2298 467 ΛϐΛἸἩΙΒ
2343 401 2834 464 SCHOLASTICI

3893 397 4036 463 150-!

759 530 869 572 tem
904 531 1011 570 non
1039 532 1070 571 e
1101 515 1308 581 multis,
1341 517 1435 570 sed
1461 515 1644 570 eximii
1674 515 1728 568 in
1757 514 1947 584 primis
1983 523 2039 568 et
2061 514 2339 584 agminum

2460 511 2853 582 τεσσαράκοντα
2888 507 3116 564 ἱππεῦσι
3154 507 3633 579 ξυνηθροισμένοις
3669 503 3838 579 (ἦσαν
3873 509 3942 562 δέ
3973 511 4036 564 ὠ

759 611 921 663 duces
948 611 1005 678 ),
1037 608 1157 673 hos,
1193 608 1436 677 inquam,
1471 608 1764 676 separatim
1798 622 1828 660 a
1869 606 2079 674 reliquo
2101 605 2345 659 exercitu

761 701 1136 770 procedentes,
1179 700 1442 752 invadunt
1466 697 1756 752 Misimiani
1787 698 1886 749 viri
1920 697 2162 752 sexcenti
2195 695 2351 765 pedi-

765 799 847 844 tes
874 791 1072 856 pariter
1095 798 1260 858 atque
1291 789 1527 857 equites,
1558 790 1661 841 rati
1690 803 1749 842 se
1777 803 1967 840 omnes
1997 786 2348 841 multitudine

762 881 1168 934 circumventos
1203 879 1361 933 facile
1390 895 1650 933 czesuros.
1682 877 1744 930 lli
1772 893 1901 931 vero
1933 877 2088 948 241
2128 876 2204 930 rei
2235 877 2351 931 bel-

765 973 881 1025 liae
919 973 1113 1041 peritia
1149 973 1201 1025 in
1246 973 1439 1026 collem
1478 970 1768 1041 quemdam
1806 986 1970 1025 cursu
2016 969 2200 1036 delati,
2239 967 2351 1023 for-

766 1065 893 1117 titer
921 1075 1253 1131 strenueque
1288 1077 1401 1117 rem
1435 1062 1713 1132 gerebant,
1744 1061 1952 1131 fuitque
1973 1061 2178 1115 dudum
2204 1059 2351 1117 acris

767 1154 910 1209 inter
938 1171 1032 1209 eos
1064 1154 1338 1223 dubiaque
1382 1169 1604 1223 pugna;
1654 1154 1761 1207 illis
1793 1153 2009 1222 quidem
2055 1153 2111 1205 in
2161 1152 2350 1207 orbem

767 1244 1043 1300 Romanos
1073 1245 1290 1315 cingere
1312 1247 1658 1308 c0nantibus,
1692 1243 1951 1298 Romanis
1978 1254 2159 1299 autem
2189 1243 2352 1298 modo

768 1337 1055 1391 confertim
1085 1338 1138 1389 in
1167 1352 1264 1390 eos
1306 1337 1734 1405 prosilientibus,
1764 1337 1901 1390 adeo
1937 1345 1997 1390 ut
2041 1336 2351 1390 universam

770 1429 1013 1484 hostium
1047 1430 1217 1482 aciem
1249 1429 1613 1482 convellerent
1644 1443 1707 1482 ac
1736 1428 2117 1498 perturbareut
2141 1465 2157 1490 ,
2192 1427 2353 1482 modo

769 1504 1235 1577 retrocedentibus
1262 1530 1316 1574 et
1349 1521 1401 1573 in
1444 1530 1615 1573 tutum
1668 1536 1790 1575 sese
1818 1520 2222 1588 recipientibus.
2266 1517 2354 1573 ln-

772 1627 919 1669 terea
965 1614 1092 1667 dum
1139 1614 1359 1683 reliquae
1405 1613 1773 1668 Romanorum
1807 1614 1976 1683 copia
2023 1613 2239 1668 eminus
2285 1628 2354 1667 ex

770 1707 1000 1760 editiore
1027 1707 1264 1774 quodam
1311 1716 1493 1760 monte
1528 1722 1588 1760 se
1619 1705 1931 1769 ostendunt,
1971 1707 2188 1760 barbari
2217 1706 2354 1761 insi-

769 1800 891 1853 dias
918 1808 974 1853 et
1011 1799 1195 1874 dolum
1228 1814 1341 1852 rem
1372 1813 1493 1852 esse
1539 1799 1900 1867 suspicantes,
1932 1800 2355 1854 concitatissime

2445 603 2556 655 τῶν
2599 603 2833 667 πολλῶν,
2879 602 2994 656 ἀλλ’
3027 601 3204 669 ἔξοχοι
3229 604 3289 662 ἐς
3328 601 3401 654 τὰ
3427 603 3661 672 μάλιστα
3685 604 3786 655 καὶ
3813 604 4040 671 τάγμα-

2449 711 2534 748 σιν
2559 695 2960 764 ἐφεστηκότες),
2985 696 3196 757 τούτοις
3215 694 3283 764 δὴ
3309 690 3405 746 οὖν
3430 694 3726 763 ἀποκριδὺν
3744 694 3842 748 τοῦ
3867 697 4038 749 ἆλσο

2446 785 2638 852 ὁμίλου
2685 785 3095 855 πορευομένοις,
3138 785 3495 853 ἐπιφοιτῶσιν
3539 787 3733 856 ἄνδρες
3772 786 3893 840 τῶν
3921 788 4035 843 Πι-

2450 877 2718 946 σιμιανῶν
2760 881 2820 941 ἐς
2865 877 3205 942 ἑξακοσίους,
3253 878 3411 942 πεζοὶ
3461 880 3577 947 ἅμα
3625 882 3721 932 καὶ
3775 881 4034 941 ἱππόται,

2447 969 2685 1039 οίόμενοι
2738 969 2986 1033 ἅπαντας
3031 969 3113 1040 τῷ
3162 970 3362 1040 πλήθει
3425 969 3777 1034 5W
3828 973 4037 1042 ῥαδξως

2448 1062 2883 1133 διαχειριεῖσθαι.
2930 1064 2995 1117 οἱ
3022 1063 3082 1116 δὲ
3125 1065 3192 1132 τῇ
3220 1061 3334 1114 τῶν
3372 1063 3627 1132 πολέμων
3671 1065 3952 1134 ἐμπειρία
3979 1067 4037 1124 ἐς

2448 1153 2725 1222 γεώλοφόν
2779 1172 2832 1207 τι
2889 1155 3316 1225 ἀναδραμόντες,
3392 1155 3597 1224 ἀρετῆς
3647 1155 4040 1210 ἐπεδείκνυντο

2450 1246 2607 1318 ἔργα.
2639 1246 2747 1299 Καὶ
2771 1241 2842 1317 ἧν
2874 1247 3105 1300 ἐπιπολὺ
3133 1249 3169 1317 η
3201 1251 3346 1317 μάχη
3377 1248 3625 1317 καρτερὰ
3653 1249 3750 1300 καὶ
3797 1249 4041 1316 ὰμς-λεο.

2450 1338 2562 1401 λος,
2609 1337 2720 1390 τῶν
2767 1337 2874 1406 μὲν
2904 1338 3180 1392 κύκλωσίν
3214 1355 3340 1392 τινα
3385 1339 3718 1408 ποιήσασθαι

2452 1445 2578 1492 νων,
2609 1427 2720 1481 τῶν
2763 1427 2823 1480 δὲ
2861 1427 3150 1498 Ῥωμαίων
3176 1427 3274 1481 νῦν
3298 1429 3398 1498 μὲν
3429 1429 3624 1498 ἁθρόον
3652 1429 4040 1498 ἐπεισπηδὼνο

2450 1537 2578 1582 των,
2609 1519 2687 1582 ὡς
2722 1520 2818 1573 καὶ
2859 1518 3097 1590 διασπᾷν
3121 1522 3219 1574 καὶ
3257 1521 3654 1591 ἀναταράτπιν
3681 1520 3914 1574 ἃπασαν
3941 1522 4041 1591 τὴν

2452 1612 2711 1679 φάλαγγα
2753 1610 2865 1664 τῶν
2897 1611 3194 1681 πολεμίων,
3237 1611 3337 1664 νῦν
3385 1612 3443 1664 δὲ
3482 1607 3642 1675 αὖθις
3693 1610 4042 1664 autem

2453 1702 2550 1756 καὶ
2583 1704 2642 1755 ἐν
2683 1702 2763 1772 τῷ
2795 1703 3029 1772 ἀσφαλεῖ
3058 1703 3423 1773 γιγνομὲνων.
3481 1703 3573 1756 Ἐν
3613 1702 3796 1772 τούτῳ
3840 1704 3903 1756 δὲ
3941 1703 4042 1771 τῆς

2453 1794 2619 1863 ἄλλης
2638 1797 2899 1864 στρατιᾶς
2926 1795 3135 1849 ἄνωθεν
3161 1794 3223 1860 ἐξ
3251 1796 3551 1866 ὑπερτέρου
3577 1797 3724 1858 τινος
3745 1795 3918 1864 ὅρους
3934 1798 4044 1847 ἐπι-

771 1892 954 1944 statim
983 1890 1257 1960 fugerunt.
1275 1891 1342 1943 At
1367 1890 1738 1943 ltomanorum
1760 1892 2033 1945 exercitus
2057 1891 2186 1958 (jam
2208 1891 2352 1943 enim

2460 1885 2743 1956 φανείσης,
2789 1885 3012 1956 ἐνέδραν
3039 1881 3183 1941 εἶναι
3226 1889 3322 1940 καὶ
3359 1887 3512 1940 δόλον
3557 1888 3608 1938 οἱ
3653 1886 3944 1956 Βάρσαροι
3987 1889 4047 1938 τὸ

770 1984 1010 2038 universi
1042 1986 1180 2038 inter
1207 1999 1265 2037 se
1288 1985 1531 2053 permisti
1558 1989 1735 2050 erant)
1760 1985 1993 2038 hostium
2022 1985 2187 2053 tergis
2217 1983 2357 2038 acri-

771 2085 856 2130 ter
899 2077 1242 2142 insistebant,
1281 2077 1454 2131 donec
1486 2076 1919 2146 quamplurimas
1959 2092 2148 2129 eorum
2186 2076 2356 2129 inter-

771 2166 1057 2230 fecerunt,
1099 2166 1237 2221 adeo
1269 2175 1328 2220 ut
1373 2182 1437 2220 ex
1485 2177 1635 2220 tanto
1681 2181 1910 2220 numero
1938 2166 2038 2221 soli
2086 2167 2359 2236 octoginta

772 2258 874 2312 viri
909 2260 963 2311 in
998 2256 1258 2313 Ferreum
1306 2259 1435 2312 illud
1483 2257 1943 2328 prapugnaculum
1993 2259 2131 2312 salvi
2178 2259 2359 2315 redie-

772 2350 901 2406 rint.
931 2349 1086 2417 Quod
1114 2351 1332 2420 quidem
1355 2351 1823 2421 propugnaculum
1855 2351 1899 2404 si
1929 2351 2119 2406 eodem
2154 2351 2359 2422 impetu

773 2446 1098 2501 invasissent
1127 2444 1381 2510 Rornani,
1406 2447 1670 2516 perculsis
1697 2445 1800 2501 bac
1827 2448 2027 2501 recenti
2057 2447 2210 2502 clade
2236 2449 2359 2502 har-

772 2538 946 2601 haris,
991 2553 1099 2591 non
1129 2538 1449 2604 dubitarim,
1484 2539 1616 2608 quin
1658 2539 1833 2608 primo
1879 2540 2085 2594 insultu
2119 2541 2361 2596 universi

771 2629 893 2699 capi
936 2631 1262 2698 potuissent.
1303 2645 1476 2699 eoque
1518 2631 1640 2699 ipso
1683 2630 1772 2684 die
1813 2630 2014 2685 bellum
2056 2634 2217 2688 tinem
2263 2637 2361 2686 ha-

772 2721 1002 2776 buisset.
1037 2719 1193 2774 Nunc
1228 2737 1357 2776 vero
1388 2723 1537 2792 quod
1571 2722 1867 2777 celebriore
1893 2723 2077 2793 aliquo
2107 2723 2361 2794 praefecto

772 2824 959 2870 essent
990 2814 1271 2878 destituti,
1301 2816 1506 2884 quique
1541 2825 1808 2882 potestate
1842 2817 2236 2886 prudentiaque
2268 2834 2363 2872 ex-

773 2908 1015 2967 celleret,
1046 2909 1137 2961 sed
1169 2922 1360 2960 omnes
1388 2907 1778 2976 propemodum
1812 2908 1953 2962 inter
1975 2924 2033 2962 se
2063 2918 2246 2963 essent
2269 2925 2364 2978 pa-

775 3014 888 3062 res,
905 3008 959 3054 et
984 3007 1171 3053 mutua
1195 2999 1426 3054 consilia
1443 2998 1803 3069 improbando
1821 3000 2201 3069 contrariaque
2218 3016 2366 3054 man-

774 3093 959 3148 dando
1001 3103 1291 3151 certarent,
1335 3101 1390 3146 et
1430 3094 1613 3162 qualia
1653 3093 1886 3162 quisque
1923 3093 2186 3155 dixisset,
2234 3092 2363 3146 talia

2459 1975 2648 2045 Χρῆμα
2677 1976 3143 2045 ὑποτοπήσαντες,
3177 1977 3342 2040 εὐθὺς
3363 1977 3596 2045 ἔφευγον
3622 1978 4042 2048 προτροπάδην,

2472 2068 2610 2123 Ἀλλ’
2637 2069 2667 2122 ό
2703 2069 2816 2122 τῶν
2854 2069 3146 2139 Ῥωμαίων
3174 2070 3406 2139 στρατὸς
3430 2069 3752 2139 (ἐτύγχανον
3785 2071 3901 2142 γὰρ
3945 2071 4041 2139 ἤδη

2460 2158 2695 2222 ἅπαντες
2744 2157 2996 2228 ἀλλήλοις
3043 2158 3517 2228 ἀναμεμιγμένοι)
3564 2159 3843 2212 ἐνέκειντο
3898 2161 4044 2228 μάλα

2458 2248 2763 2314 διιὶικοντες,
2781 2249 2889 2313 ἕως
2920 2250 3048 2314 τοὺς
3072 2250 3360 2314 πλείστους
3383 2249 3677 2320 πολεμίους
3711 2252 3760 2282 ³⁸
3781 2252 4044 2306 ἀπέκτει-

2459 2359 2578 2404 ναν,
2601 2341 2678 2406 ὡς
2708 2343 2904 2412 μόνους
2953 2344 3020 2396 ἐκ
3058 2342 3328 2396 τοσούτων
3361 2343 3695 2414 ὀγδοήκοντα
3727 2344 3943 2415 ἄνδρας
3988 2346 4044 2406 ἐς

2457 2433 2520 2486 τὺ
2553 2432 2815 2504 Σιδηροῦν
2839 2434 3017 2486 ἐκεῖνο
3057 2434 3318 2504 φρούριον
3348 2435 3700 2506 ἀποσωθῆναι
3741 2439 3817 2492 ⁸³.
3848 2439 3914 2490 Εἰ
3950 2438 4044 2507 μὲν

2459 2522 2552 2580 οὖν
2578 2527 2777 2580 αὐτίκα
2802 2527 2954 2590 ὅπως
2984 2521 3131 2597 εἶχον
3163 2527 3346 2597 ὁρμῆς
3390 2529 3442 2581 οἱ
3491 2529 3754 2598 Ῥωμαῖοι
3803 2531 4044 2599 ἐπῆλθον

2460 2615 2538 2686 τῷ
2568 2615 2822 2688 ἐρύματι,
2849 2615 3394 2686 καταπεπληγμένων
3427 2616 3539 2670 τῶν
3580 2615 3893 2686 Βαρϐάρων
3936 2619 4044 2678 τοῖς

2463 2708 2881 2778 ξυνενεχθεῖσιν,
2909 2709 3128 2774 πάντως
3165 2711 3255 2772 ἂν,
3283 2706 3458 2778 οἶμαι,
3487 2710 3734 2762 αὖτοὸοεξ
3761 2726 3830 2777 γε
3869 2709 4044 2762 ᾶπαν-

2462 2821 2558 2865 τας
2592 2797 2755 2868 εἷλον,
2786 2805 2880 2858 καὶ
2912 2801 3227 2872 αὐθημερὸν
3267 2801 3299 2854 δ
3340 2802 3579 2870 πόλεμος
3617 2799 3904 2854 ἐτελεύτα.
3935 2797 4045 2854 Νῦν

2462 2895 2519 2948 δὲ
2567 2896 2614 2926 ⁸⁸
2655 2895 2733 2964 τῷ
2781 2894 2856 2966 μὴ
2896 2895 3151 2964 παρεῖναι
3191 2893 3376 2955 αὐτοῖς
3420 2891 3728 2962 στρατηγόν
3767 2891 3889 2943 τῶν
3930 2890 4044 2942 δνο-

2468 2989 2840 3056 μαστοτὰτων,
2871 2987 3100 3057 δυνάμει
3128 3002 3190 3039 τε
3233 2987 3330 3039 καὶ
3357 2987 3666 3056 φρονήματι
3709 2984 4048 3054 προῦχοντα,

2469 3079 2615 3142 ἴσους
2662 3080 2720 3133 δὲ
2772 3079 2958 3150 σχεδόν
3003 3096 3058 3133 τι
3112 3079 3362 3142 ἅπαντας
3403 3077 3773 3143 καθεστάναι,
3830 3079 3912 3141 ὡς
3961 3081 4052 3134 καὶ

774 3183 1008 3242 audiret.
1037 3182 1363 3252 imperfecta:
1389 3199 1578 3236 eorum
1601 3185 1847 3240 actiones
1869 3200 2045 3253 neque
2067 3183 2359 3238 admodum

2465 3171 2818 3239 ἀντεγκαλεῖν
2838 3170 3090 3241 ἀλλήλοις
3115 3171 3279 3240 τυχὸν
3300 3170 3396 3223 καὶ
3416 3167 4048 3240 ἀντιπαρακελεύεσθαι,

774 3276 952 3342 digna:
987 3276 1143 3330 laude
1177 3275 1413 3332 fuerunt.
1449 3276 1586 3331 Cum
1628 3279 1774 3332 enim
1812 3279 1864 3331 in
1906 3278 2151 3332 diversas
2180 3287 2359 3332 essent

2466 3262 2562 3315 καὶ
2604 3265 2763 3316 ὁποῖα
2792 3264 2838 3294 ³⁵
2878 3261 3018 3316 ἄττα
3047 3279 3132 3324 τις
3171 3263 3397 3331 φήσειεν
3437 3261 3616 3314 τοιάδε
3660 3262 3758 3314 καὶ
3811 3263 4049 3326 ἐπαΐειν,

775 3365 938 3438 242
979 3370 1278 3424 sententias
1304 3371 1460 3434 secti,
1499 3379 1665 3437 atque
1697 3369 1789 3424 alii
1827 3370 2045 3438 quidem
2075 3371 2238 3432 hanc,
2273 3370 2363 3423 alii

775 3460 937 3512 aliam
977 3459 1270 3529 quamdam
1300 3463 1612 3530 probarent,
1650 3461 1784 3515 nihil
1819 3476 2032 3524 eorum,
2073 3477 2196 3531 quae
2234 3477 2366 3515 con-

777 3547 1136 3614 sulebantur,
1175 3552 1579 3620 peragebatur;
1631 3553 1726 3606 sed
1775 3553 2180 3621 unusquisque,
2225 3565 2367 3621 πει-ο

778 3637 961 3694 ferens
989 3656 1144 3694 suam
1195 3643 1518 3695 sententiam
1561 3657 1668 3694 non
1711 3641 1970 3704 valuisse,
2006 3640 2366 3711 negligentius

777 3729 1112 3800 s-gniusque
1140 3730 1205 3786 ad
1233 3746 1346 3785 rem
1378 3733 1669 3799 gerendam
1705 3731 2017 3796 accedebat,
2044 3740 2098 3786 et
2125 3731 2367 3789 sinistris

776 3821 1064 3874 eventibus
1097 3823 1270 3892 magis
1311 3821 1600 3890 gaudebat,
1641 3831 1703 3874 ut
1737 3821 1789 3874 in
1831 3831 2110 3890 posterum
2141 3822 2362 3891 gloriari

779 3911 1111 3980 liberiusque
1148 3925 1208 3965 se
1241 3911 1418 3981 ipsum
1448 3912 1590 3980 apud
1625 3927 1757 3967 suos
1783 3913 2012 3983 jactare,
2055 3914 2367 3984 nullamque

778 4002 942 4056 aliam
992 4001 1200 4056 sinistri
1242 4012 1471 4057 eventus
1512 4019 1734 4058 causam
1778 4005 1949 4061 fuisse
1988 4005 2366 4063 demonstrare

781 4101 982 4162 posset,
1013 4109 1179 4164 quam
1209 4096 1355 4164 quod
1382 4096 1650 4164 privatum
1679 4113 1838 4152 suum
1869 4099 2158 4152 consilium
2187 4106 2364 4160 secuti

779 4200 890 4238 11011
924 4199 1080 4239 essen
1089 4194 1128 4239 ι.

857 4275 938 4329 l7.
976 4276 1090 4332 lloc
1123 4279 1174 4331 in
1207 4284 1353 4332 statu
1396 4293 1520 4332 cum
1563 4293 1650 4333 res
1684 4288 1888 4341 essent,
1930 4283 2192 4338 remotius
2226 4299 2366 4340 non-

781 4367 916 4421 nihil
943 4368 1012 4421 ab
1042 4368 1314 4434 hostibus,
1350 4385 1513 4439 quam
1556 4383 1614 4425 ut
1643 4372 1696 4425 in
1729 4373 2032 4436 obsidione,
2066 4384 2366 4432 castrame-

782 4461 881 4513 tati
920 4471 1084 4515 sunt:
1141 4472 1405 4532 prseterea
1456 4479 1630 4533 neque
1675 4466 1778 4520 sub
1824 4467 2123 4523 diluculum
2167 4480 2361 4526 euntes

2467 3353 2633 3422 ἀτελῆ
2679 3353 2774 3406 καὶ
2812 3352 2876 3405 οὐ
2925 3352 3044 3404 λίαν
3077 3351 3370 3418 ἀξιέπαινα
3421 3351 3637 3421 ὑπῆρχε
3665 3351 3736 3403 τὰ
3787 3352 4053 3422 ἐγχειρή-

2469 3463 2636 3516 ματα.
2684 3446 2770 3508 Ἐς,
2800 3445 2909 3515 γὰρ
2931 3444 3190 3515 διάφορόν
3208 3461 3332 3497 τινα
3374 3442 3597 3512 γνώμην
3625 3445 4050 3513 μεμερισμένοι.

2466 3537 2562 3590 καὶ
2593 3537 2718 3599 τοὺς
2745 3536 2844 3605 μὲν
2862 3536 3038 3597 τοῦτο,
3064 3536 3193 3598 τοὺς
3219 3535 3275 3587 δὲ
3303 3533 3433 3588 ἄλλο
3463 3551 3516 3586 τι
3545 3534 3810 3604 ἀρέσκον,
3845 3537 4053 3606 ἐπράσ-

2468 3644 2590 3681 σετο
2635 3628 2733 3697 μὲν
2767 3626 2892 3678 οὐδὲ.
2936 3627 2984 3657 ’⁸
3027 3626 3292 3697 ὁπότερον
3332 3626 3442 3678 τῶν
3482 3624 3942 3694 βεϐουλευμένων
3973 3629 4048 3659 ’τ’

2464 3720 2693 3779 ἕκαστος
2726 3717 2783 3770 δὲ
2822 3715 3198 3786 χαλεπαίνων,
3247 3717 3328 3768 ὅτι
3384 3715 3460 3786 μὴ
3508 3715 3570 3769 τὸ
3617 3717 3830 3770 οἰκεῖον
3876 3718 4050 3779 ἐνίκα,

2465 3809 2711 3879 ἐκμελῶς
2743 3824 2860 3870 πως
2887 3807 2983 3860 καὶ
3006 3805 3405 3872 ἀταλαιπώρως
3442 3806 3672 3876 προσῄει
3707 3809 3826 3869 τοῖς
3851 3808 4051 3878 ἔργοις,

2466 3901 2563 3954 καὶ
2607 3900 2806 3969 μᾶλλον
2836 3898 2994 3968 ἥδετο
3019 3901 3135 3962 τοῖς
3167 3899 3605 3968 ἁποτεύγμασιν,
3635 3899 3716 3961 ὡς
3763 3899 3841 3952 ἃν
3871 3901 3990 3970 ἔχοι
4013 3902 4053 3932 ⁸⁸

2468 3990 2833 4059 μεγαλαυχεῖν
2861 3989 3089 4060 ὕστερον
3116 3988 3210 4042 καὶ
3245 3988 3727 4060 παρρησιάζεσθαι
3755 3991 3905 4061 πρὸς
3934 3993 4054 4052 τοὺς

2465 4082 2654 4149 πέλας,
2687 4084 2780 4136 καὶ⁴
2805 4082 2902 4136 τοῦ
2948 4082 3161 4145 ἐνδεοῦς
3191 4082 3371 4134 αἰτίαν
3397 4082 3500 4136 οὑκ
3536 4081 3666 4134 ἄλλο
3707 4099 3764 4134 τι
3814 4085 4054 4154 ἀποφαίο

2464 4176 2672 4239 νεσθαι,
2703 4175 2738 4244 ἢ
2771 4173 2833 4227 τὸ
2866 4173 2944 4245 μὴ
2970 4172 3042 4227 τά
3066 4175 3117 4225 ot
3147 4171 3376 4238 δόξαντα
3403 4172 3840 4244 διαπραχθῇ-ναι.

2537 4290 2624 4355 ιζ’.
2676 4290 2765 4342 Ἐν
2817 4286 3031 4350 τούτοις
3074 4286 3140 4358 δὴ
3175 4281 3270 4340 οὖν
3321 4285 3492 4348 ὄντες.
3540 4285 3736 4356 πόρρω
3789 4304 3904 4339 που
3951 4285 4055 4339 τῶν

2465 4381 2740 4451 πολεμίων
2785 4378 2819 4449 ἦ
2871 4378 2948 4442 ὠς
2995 4379 3054 4431 ἐν
3101 4378 3389 4449 πολιορκέᾳ
3432 4377 4051 4447 ἐστρατοπεδεύσαντο·

2465 4473 2558 4526 καὶ
2599 4471 2737 4542 πρός
2771 4487 2838 4539 γε
2881 4469 3004 4524 οὐδὲ
3039 4471 3184 4540 ἀμφὶ
3235 4469 3297 4522 τδ
3334 4469 3662 4542 περιορθρον
3697 4469 3840 4538 γοῦν
3891 4474 4056 4532 ἰόντες

779 4551 970 4620 quales
1000 4568 1139 4620 opus
1167 4564 1283 4607 erat
1308 4555 1542 4610 insultus
1575 4555 1878 4624 faciebant;
1905 4561 1998 4614 sed
2030 4562 2239 4629 ignavia
2268 4578 2354 4617 ve-

2462 4567 2563 4630 τὰς
2593 4562 2898 4636 προσϐολὰς
2926 4563 2984 4616 ἐν
3009 4561 3182 4616 δέοντι
3209 4561 3512 4624 ἐποιοῦντο,
3539 4561 3677 4615 ἀλλὰ
3712 4562 3869 4632 δκνῳ
3898 4565 4055 4615 εἶκον

781 4644 1075 4712 cordiaque
1120 4646 1269 4710 victi,
1305 4663 1392 4702 res
1430 4650 1603 4703 serias
1650 4651 1995 4720 maximeque
2030 4663 2364 4722 opportunas

782 4751 884 4806 pro
916 4741 1237 4794 accessoriis
1265 4751 1320 4794 et
1365 4744 1784 4811 supervacaneis
1816 4747 2151 4814 censebant;
2190 4749 2368 4806 serius

783 4829 1006 4899 quidem
1042 4847 1202 4900 quam
1242 4836 1526 4902 oportebat
1556 4837 1606 4888 in
1651 4836 1829 4892 hostes
1869 4839 2127 4908 impetqu
2157 4839 2363 4896 facien-

785 4931 888 4984 tes,
922 4925 1190 4979 maturius
1220 4941 1348 4979 vero
1378 4942 1542 4995 quam
1571 4930 1891 4998 expediebat
1931 4947 2052 4986 sese
2096 4932 2364 5002 recipien-

786 5023 886 5068 tes.
924 5013 1049 5070 Haec
1093 5033 1217 5071 cum
1264 5021 1604 5089 cognovisset
1646 5021 1932 5087 Martinus,
1970 5025 2167 5080 emittit
2201 5041 2364 5095 quam

786 5104 1052 5162 citissime
1083 5109 1151 5162 ad
1179 5109 1344 5178 ipsos,
1375 5112 1468 5182 qui
1501 5113 1768 5169 universis
1793 5115 2157 5186 imperaturus
2179 5125 2232 5170 et
2255 5116 2365 5173 dux

791 5198 1007 5254 futurus
1041 5211 1205 5267 esset,
1250 5203 1422 5257 virum
1453 5203 1828 5274 Cappadocem
1866 5207 2083 5275 quidem
2125 5208 2366 5276 natione,

789 5289 1050 5358 dignitate
1095 5306 1222 5345 vero
1264 5294 1513 5361 praetoria
1555 5293 1668 5363 jam
1709 5310 1738 5349 a
1774 5295 1944 5348 multo
1982 5304 2222 5364 tempore
2250 5294 2367 5348 cla-

794 5396 916 5434 rum
945 5398 965 5454 ;
995 5381 1082 5437 cui
1112 5397 1306 5438 nomen
1340 5385 1556 5454 quidem
1589 5395 1706 5440 erat
1733 5383 1995 5453 Joannes,
2025 5387 2246 5458 vulgare
2272 5401 2371 5440 au-

2463 4674 2557 4720 τες
2589 4655 2685 4710 καὶ
2713 4654 2758 4685 ⁸⁹
2792 4652 3059 4724 ῥᾳθυμίᾳ,
3087 4651 3210 4706 ὀδοῦ
3240 4653 3496 4724 πάρεργα
3521 4651 3758 4723 ἡγοῦντο
3783 4655 3858 4706 τὰ
3892 4671 4052 4705 σπου-

2464 4750 2590 4804 δαῖα
2617 4745 2714 4801 καὶ
2737 4745 3153 4814 ἐπικαιρότατα,
3178 4743 3412 4798 κατόπιν
3437 4745 3536 4814 μὲν
3560 4742 3654 4796 τοῦ
3677 4748 4055 4812 προσήκοεπκ

2466 4839 2660 4909 καιροῦ
2691 4834 3081 4906 ἐπιφοιτῶντες
3117 4837 3232 4897 τοῖς
3259 4835 3540 4899 ἐναντίοις,
3587 4835 3969 4904 πριυῖαὶτερον
4005 4835 4055 4885 δὲ

2468 4927 2909 4999 ἐπανερχόμενοι.
2959 4925 3146 4978 Ταῦτα
3176 4925 3222 4958 ³⁸
3251 4926 3308 4979 δὲ
3351 4923 3535 4996 μαθὼν
3574 4925 3604 4976 ὁ
3644 4926 3937 4996 Μαρτίνος
3968 4928 4054 4978 ἐκ·

2471 5021 2680 5090 πέμπει
2718 5019 2796 5082 ὡς
2831 5018 2916 5090 [Ρ.
2951 5017 3074 5090 126]
3102 5017 3330 5088 τάχιστα
3360 5017 3448 5071 ἐπ’
3479 5018 3676 5080 αὐτοὺς
3708 5019 3959 5088 ἄρξοντὰ
3998 5034 4054 5069 τε

2471 5114 2730 5168 ἁπάντων
2760 5113 2857 5165 καὶ
2903 5112 3263 5182 ἡγησόμενον,
3315 5110 3484 5182 ἄνδρα
3521 5111 3916 5182 Καππαδόκην
3961 5113 4055 5182 μὲν

2472 5205 2534 5259 τὸ
2573 5206 2752 5274 γένος,
2781 5203 3054 5274 ἀξιώματι
3081 5205 3138 5257 δὲ
3167 5202 3516 5275 στρατηγικῷ
3560 5203 3627 5254 ἐκ
3661 5202 3930 5256 πλείστου
3975 5221 4056 5255 τεο

2475 5297 2776 5368 ’τιμημένον
2807 5296 2874 5362 ³⁸,
2903 5289 2950 5364 ᾧ
2981 5296 3046 5368 δὴ
3090 5295 3259 5366 ὄνομα
3303 5284 3372 5367 ἦν
3412 5292 3684 5362 Ἰωάννης,
3737 5296 3960 5348 Δακνᾶν
4000 5295 4053 5346 δὲ

2477 5388 2640 5442 αὑτὸν
2667 5385 3186 5458 προσεπωνόμαζον.
3220 5383 3486 5438 Ἐσταλτο
3527 5384 3582 5437 δὲ
3611 5385 3670 5449 ἐς
3706 5385 3958 5455 Κόλχους
3993 5386 4051 5437 οὐ

2074 5540 2311 5597 VARUS
2342 5541 2725 5600 LECTIONES

873 5716 922 5792 ξι
962 5717 1251 5792 πολεμίους
1278 5717 1419 5792 add.
1448 5732 1511 5771 ex
1545 5718 1587 5792 li
1635 5729 1688 5792 et
1730 5722 1890 5792 intpr.
1971 5722 2014 5752 "
2047 5723 2398 5792 ἀποσωθῆναι
2437 5723 2503 5785 ιι,
2547 5720 2920 5792 περισωθῆναι
2947 5717 3115 5792 σοις,

2211 5797 2251 5827 ³⁷
2287 5785 2693 5864 βεϐουλημένων
2726 5785 2825 5844 ιι.·
2869 5791 2913 5822 ’⁵⁸
2944 5789 3038 5860 ἔχῃ
3071 5785 3134 5842 ll.

802 5785 848 5832 ι’
875 5787 1034 5838 ὁποῖα
1063 5788 1472 5864 Ιίηὸτιοίξνιιιςέᾇ
1543 5791 1587 5820 ³⁸
1608 5791 1725 5864 οὐδε
1754 5785 1824 5864 Ιξξ
1853 5792 1959 5843 οὐδ’
1987 5795 2130 5864 vulg.

803 5862 830 5898 ⁸
879 5857 1255 5927 τετιμημένων
1285 5859 1412 5927 Sph.
1439 5858 1558 5914 Par.
1599 5857 1642 5926 ᾧ
1673 5859 1735 5928 δὴ
1753 5857 1841 5914 οὖν
1875 5862 1934 5914 ιι.

3193 5717 3238 5748 ³⁵
3271 5714 3367 5766 νῦν
3394 5715 3452 5768 δὲ
3474 5745 3539 5757 --
3565 5713 3796 5769 καθεστ.
3839 5730 3955 5768 om.
3987 5713 4041 5765 [ἰ.

3217 5788 3258 5819 ²⁸⁹
3285 5786 3416 5841 ἀλλὰ
3452 5788 3548 5840 καὶ
3583 5785 3648 5840 ll.
3731 5787 3778 5819 ”
3816 5787 3960 5840 αὐτὰ
3985 5787 4041 5838 ll.
