4188 6438
163 405 296 469 1505

1301 403 1835 465 HISTORIARUM
1886 402 2113 464 LIBER
2145 405 2240 463 IV.

3264 402 3396 470 1506

167 516 343 585 πολλῷ
372 513 680 584 ἔμπροσθεν
725 515 788 565 ἐκ
829 511 1116 582 βασιλέως,
1145 512 1207 566 τὸ
1238 513 1552 567 Ῥουστίκου
1589 511 1720 583 ἔχων

1829 522 1934 568 tein
1958 530 2257 583 cognomen
2285 517 2517 571 Dacnas.
2546 513 2745 568 Missus
2766 528 2895 570 vero
2921 524 3042 569 erat
3069 513 3137 568 ad
3163 513 3397 570 Colchos

159 607 458 675 ἐπίταγμα,
481 604 565 673 ἐφ’
588 600 633 672 ᾧ
660 605 866 659 ἕκαστά
890 622 947 658 τε
974 606 1041 658 τὰ
1071 604 1368 675 ποιούμενα
1398 606 1455 666 ἐς
1481 604 1543 657 τὸ
1565 605 1721 673 ἀκρι-

155 698 247 760 ϐὲς
271 696 605 765 διαγγέλλειν
633 697 699 760 ³⁸,
733 698 824 751 καὶ
850 698 958 751 τῶν
992 697 1338 768 στρατιωτῶν
1373 697 1498 761 τοὺς
1530 696 1576 727 ³³
1600 696 1723 767 ἀρι-

157 788 446 852 στεύοντας
495 788 786 857 βασιλείοις
817 790 1011 860 δώροις
1043 790 1499 862 φιλοφρονεῖσθαι.
1548 784 1720 854 Οὗτος

151 876 217 946 δὴ
246 870 341 928 οὖν
387 874 433 906 ³⁸
474 877 504 927 ὁ
546 875 793 946 Ἰωάννης
824 878 882 939 ἐς
909 878 1265 948 Μισιμιανοὺς
1301 877 1597 947 ἀφιγμένος
1626 877 1721 928 καὶ

151 969 382 1028 ἐπιστὰς
409 964 487 1035 τῷ
514 966 624 1020 τῶν
663 967 946 1036 Ῥωμαίων
978 968 1369 1040 στρατεύματι,
1393 969 1555 1031 εὐθὺς
1578 968 1719 1037 ἀμφὶ

150 1064 214 1115 τὸ
236 1062 496 1133 φρούριον
512 1062 765 1126 ἃπαντας
795 1062 974 1132 ἵδρυσε
996 1065 1091 1118 καὶ
1117 1063 1421 1134 πολιορκεῖν
1444 1063 1718 1131 ἐπειρᾶτο,

151 1154 273 1223 ἅμα
304 1153 361 1206 δὲ
399 1155 493 1207 καὶ
518 1156 631 1216 τοῖς
654 1153 906 1207 ἔκτοσθεν
937 1157 980 1187 ³⁸
1018 1155 1391 1223 διαιτωμένοις
1418 1153 1718 1219 ἐπιθέσθαι,

150 1246 337 1300 καὶτὸ
385 1244 609 1315 σύμπαν
654 1245 993 1317 διαταράξαι.
1041 1245 1161 1298 Τῶν
1206 1245 1313 1316 γὰρ
1357 1246 1622 1313 οἰκήσεων
1662 1246 1719 1297 αἱ

148 1338 404 1391 πλεῖσται
424 1339 524 1389 οὐκ
550 1340 609 1391 ἐν
636 1337 785 1406 αὐτῷ
816 1337 991 1407 δήπου
1013 1336 1092 1407 τῷ
1123 1337 1397 1407 περιϐόλῳ
1430 1336 1720 1407 ἐτύγχανον

148 1423 330 1494 οὖσαι,
364 1430 479 1483 ἀλλ’
507 1430 599 1482 ἐπὶ
642 1428 889 1498 σκοπέλῳ
929 1430 1034 1481 τινὶ
1060 1427 1230 1499 ἀγχοῦ
1268 1428 1719 1499 παρατεταμένῳ,

150 1524 435 1593 φάραγγες
461 1522 517 1575 δὲ
543 1523 601 1574 ἐν
633 1518 780 1589 αὐτῴ
811 1522 905 1574 καὶ
945 1521 1139 1591 πέτραι
1166 1503 1721 1592 ἀπερρωγυῖαι,’ἐπιο

148 1616 400 1669 πλεῖστον
420 1614 724 1684 διήκουσαι,
758 1612 1093 1683 δυσπρόσοδα
1127 1610 1247 1665 λίαν
1269 1613 1365 1666 καὶ
1400 1611 1582 1683 ἄπορα
1607 1612 1720 1674 τοῖς

146 1705 378 1767 ὀθνείοις
402 1705 495 1758 καὶ
522 1705 622 1757 οὐκ
644 1703 973 1772 εἰθισμένοις
1001 1702 1067 1755 τὰ
1094 1703 1219 1773 τῇδε
1247 1701 1458 1757 ἅπαντα
1480 1699 1721 1754 ἐκτελοῦι

150 1816 258 1852 σιν.
294 1797 367 1850 Τό
410 1812 475 1863 γε.
510 1795 617 1866 μὴν
665 1797 960 1865 ἐπιχώριον
1006 1792 1268 1864 ἐμπειρίᾳ
1310 1791 1419 1845 τῶν
1448 1792 1629 1845 τόπων
1657 1790 1720 1844 ἐκ

149 1908 296 1955 τινος
328 1888 668 1955 στενωτάτης
690 1885 736 1918 ⁸⁸
766 1885 888 1940 ὁδοῦ
918 1884 1013 1938 καὶ
1045 1882 1538 1953 ὑπολανθανούσης,
1567 1883 1719 1953 μόλις

152 1983 257 2051 μὲν
302 1983 395 2034 καὶ
445 1980 598 2034 αὐτοὶ
635 1981 729 2031 καὶ
782 1976 1201 2047 πεπονημένως,
1250 1976 1642 2047 καταφέρονται
1664 1974 1721 2026 δὲ

148 2073 322 2141 ὅμως,
353 2070 506 2124 εἵπου
538 2069 743 2137 δεήσοι,
772 2067 867 2121 καὶ
910 2062 1068 2130 αὖθις
1112 2065 1457 2136 ἀνέρπουσιν.
1500 2062 1634 2115 Ὑπὸ
1664 2060 1722 2113 δὲ

147 2161 246 2213 τὸν
279 2159 523 2231 πρόποδα
556 2160 613 2211 ἐν
631 2157 780 2227 αὑτῷ
817 2157 883 2228 δὴ
910 2157 985 2226 τῷ
1008 2154 1269 2227 χθαμαλῷ
1294 2156 1388 2208 καὶ
1415 2153 1721 2225 ήπλωμένῳ

150 2251 380 2313 πὶδακες
403 2250 633 2319 ποτίμου
660 2248 849 2311 ὓδατος
878 2247 1290 2310 ἀναδλύζουσιν,
1320 2244 1442 2298 ὃθεν
1472 2244 1722 2314 ὑδρεύον-

147 2359 243 2395 ται
270 2344 319 2395 οἱ
345 2340 423 2409 τῷ
467 2338 686 2409 κολωνῷ
715 2338 1073 2402 ἐνοικοῦντες.
1106 2338 1240 2391 Τότε
1268 2337 1334 2408 δὴ
1378 2333 1471 2391 οὖν
1498 2337 1717 2407 (ἐπετή-

155 2449 286 2502 ρουν
313 2431 421 2502 γὰρ
443 2431 494 2483 οἱ
528 2430 787 2500 Ῥωμαῖοι
806 2430 900 2482 καὶ
930 2430 1190 2500 ἀπεῖργον
1211 2428 1272 2482 τὸ
1304 2428 1488 2498 μέρος)
1508 2426 1719 2497 νύκτωρ

150 2524 205 2577 oi
251 2521 524 2594 Βάρδαροι
568 2522 844 2583 κατιόντες
883 2520 1114 2593 ἡρύοντο
1156 2520 1221 2573 ³⁷.
1255 2520 1501 2590 Ἰσαυρος
1545 2519 1601 2571 δέ
1635 2535 1722 2582 τις

151 2610 316 2683 ἀνὴρ,
359 2609 554 2673 Ίλλοῦς
596 2610 787 2678 ὄνομα,
818 2608 912 2662 ἐπὶ
948 2609 1075 2678 τῇδε
1118 2611 1184 2680 τῇ
1216 2609 1427 2679 φρουρᾷ
1454 2606 1718 2677 τεταγμέ-

151 2720 280 2765 νος,
343 2702 529 2772 ἐπειδὴ
587 2700 800 2754 κατεῖδε
864 2699 1148 2762 πλείστους
1213 2699 1322 2751 τῶν
1372 2695 1715 2767 Μισιμιανῶν

133 2792 346 2863 ’πόρῤω
384 2808 488 2844 που
517 2791 625 2843 τῶν
671 2789 878 2843 νυκτῶν
909 2790 966 2852 ἐς
1006 2789 1163 2842 τοῦτο
1195 2787 1657 2859 καταϐεϐηκότας,
1687 2788 1716 2840 ὁ

152 2885 215 2938 δὲ
262 2883 741 2955 ὐποκρυπτόμενος
797 2882 971 2952 ἡσυχῆ
1026 2880 1187 2951 ἔμενε
1236 2881 1327 2935 καὶ
1388 2880 1714 2975 ξυνεχιῖίρειο

151 2975 233 3038 ὡς
289 2975 345 3028 δὲ
409 2976 607 3027 ἐκεῖνοι
652 2974 752 3037 τὰς
802 2973 1030 3037 κάλπεις
1088 2974 1462 3045 ἐμπλήσαντες
1516 2973 1721 3028 ἀπεπο-

155 3081 381 3135 ρευοντο
414 3063 481 3127 ³⁸,
525 3063 708 3116 εἵπετο
744 3062 916 3135 λάθρα
958 3066 987 3116 ό
1021 3064 1270 3133 Ἰσαυρος
1313 3066 1407 3117 καὶ
1449 3065 1720 3136 συνανῄει,

1823 622 1926 660 non
1948 609 2120 662 multo
2144 618 2271 664 ante
2292 609 2359 663 ab
2389 610 2737 674 imperatore,
2770 605 2978 663 Rustici
3009 607 3214 661 habens
3244 621 3399 661 man-

1819 699 2028 766 datum,
2055 708 2114 754 ut
2136 700 2372 771 singula,
2397 715 2517 770 quae
2547 709 2885 768 gererentur,
2918 710 3169 753 accurate
3193 713 3400 753 renun-

1821 790 1979 847 tiaret
2020 801 2073 847 et
2107 792 2324 857 milites,
2358 805 2594 860 quorum
2629 788 2892 843 fortitudo
2927 790 3261 854 eminnisset,
3307 805 3397 843 re-

1818 884 2028 954 galibus
2055 883 2214 955 243
2243 882 2401 938 donis
2429 892 2867 953 prosequeretur.
2898 881 2998 935 Hie
3024 881 3207 948 itaque
3230 880 3396 935 Joan-

1821 990 1919 1029 nes
1943 990 2068 1029 cum
2101 975 2167 1028 ad
2199 972 2537 1027 Misimianos
2572 973 2927 1040 pervenisset,
2962 982 3017 1025 et
3048 970 3159 1040 jam
3190 967 3394 1023 Roma-

1820 1081 2011 1120 norum
2035 1063 2297 1119 exercitui
2325 1073 2598 1133 praeesset,
2625 1062 2910 1118 confestim
2937 1062 3191 1117 omnibus
3217 1061 3393 1131 copiis

1817 1158 2227 1228 propugnaculo
2264 1157 2521 1221 admotis,
2553 1156 2840 1211 obsidione
2888 1155 3015 1209 illud
3057 1157 3275 1224 cingere
3315 1153 3394 1206 ni-

1819 1250 2051 1316 tebatur,
2075 1250 2346 1319 simulque
2371 1264 2489 1314 eos,
2517 1249 2608 1317 qui
2638 1256 2790 1303 extra
2821 1247 3105 1313 degebant,
3139 1245 3397 1300 invadere

1818 1342 2109 1411 omniaque
2151 1342 2464 1395 obturbare.
2518 1340 2721 1395 Domus
2764 1338 2908 1392 enim
2960 1339 3206 1409 plurima:
3251 1345 3395 1397 muri

1819 1433 2022 1487 ambitu
2055 1447 2163 1486 non
2193 1430 2676 1494 concludebantur,
2709 1429 2802 1483 sed
2836 1430 2890 1482 in
2922 1426 3213 1497 scopuloso
3253 1442 3397 1495 quo-

1816 1522 1942 1577 dam
1970 1522 2087 1574 loco
2118 1536 2286 1589 prope
2312 1529 2654 1589 exporrecto,
2686 1519 2740 1573 in
2766 1533 2876 1589 quo
2904 1516 3200 1587 praecipitia
3228 1529 3284 1570 et
3303 1518 3389 1569 ah-

1819 1620 1990 1681 rnptte
2022 1620 2205 1680 petrae,
2233 1611 2287 1665 in
2315 1610 2535 1679 longum
2569 1609 2873 1671 tendentes,
2906 1606 3143 1661 difﬁcilia
3173 1620 3395 1660 accessu

1819 1700 2160 1770 transituque
2186 1701 2390 1755 exteris
2416 1710 2470 1754 et
2497 1698 2725 1753 insuetis
2747 1699 2929 1751 omnia
2954 1697 3274 1751 ellicicbant.
3307 1696 3390 1749 ln-

1820 1794 1953 1847 colze
1985 1807 2113 1848 vero
2139 1793 2329 1863 peritia
2365 1793 2609 1846 locorum
2644 1805 2711 1844 ex
2744 1789 3133 1858 angustissima
3164 1788 3395 1857 quadam

1820 1894 1876 1939 et
1906 1892 2044 1939 tecta
2084 1885 2167 1937 via
2198 1898 2339 1953 agre
2385 1885 2603 1952 quidem
2647 1882 2808 1935 etiam
2860 1879 2960 1948 ipsi
3002 1888 3057 1932 et
3102 1878 3396 1942 laboriose,

1822 1977 2157 2033 descendunt
2182 1986 2382 2040 tamen,
2406 1976 2451 2031 si
2480 1975 2701 2043 quando
2725 1988 2863 2042 Opus
2890 1971 3073 2037 fuerit,
3100 1985 3396 2039 rursusque

1821 2086 2037 2126 sursum
2074 2077 2284 2138 repunt.
2322 2068 2401 2121 Ad
2433 2068 2670 2121 radicem
2702 2082 2829 2120 vero
2874 2066 3073 2120 montis
3106 2065 3159 2118 in
3204 2064 3393 2117 humili

1819 2171 1875 2215 et
1901 2161 2061 2229 plano
2090 2160 2208 2213 solo
2235 2156 2414 2211 fontes
2438 2156 2694 2225 potabilis
2716 2170 2872 2225 aqua:
2897 2153 3225 2213 scaturiunt,
3252 2153 3396 2207 unde

1819 2252 2008 2307 incola:
2034 2264 2230 2319 aquam
2264 2256 2473 2319 petunt.
2502 2243 2642 2301 Τυηὶ
2674 2246 2856 2314 itaque
2889 2246 3150 2314 temporis
3184 2245 3393 2315 (obser-

1818 2344 2018 2396 vabant
2044 2341 2187 2394 enim
2221 2353 2316 2393 eos
2358 2336 2698 2401 Romani,.et
2727 2352 2794 2389 ex
2838 2345 2991 2402 parte
3017 2334 3394 2405 prohibebant)

1820 2430 2038 2487 barbari
2062 2439 2223 2484 noctu
2252 2427 2636 2483 descendentes
2655 2441 2851 2494 aquam
2879 2426 3222 2482 hauriebant.
3248 2426 3384 2480 lsau-

1822 2540 1917 2580 rus
1943 2532 2121 2579 autem
2160 2520 2403 2590 quidam,
2452 2518 2580 2575 llius
2616 2520 2873 2584 nomine,
2906 2519 3000 2589 qui
3029 2536 3093 2574 ea
3146 2520 3199 2573 in
3244 2530 3394 2589 parte

1822 2615 2114 2671 stationem
2145 2612 2396 2675 habebat,
2428 2610 2774 2680 conspicatus
2813 2611 3010 2665 multos
3034 2610 3393 2676 Misimianos,

1823 2708 1916 2779 qui
1958 2707 2127 2761 multa
2170 2714 2329 2759 nocte
2357 2718 2482 2757 eum
2529 2702 2583 2755 in
2621 2701 2800 2756 locum
2833 2703 3246 2770 descenderant,
3280 2704 3396 2774 ipse

1824 2808 2001 2853 tectus
2038 2796 2339 2864 tacitusque
2372 2807 2473 2849 suo
2516 2795 2636 2847 loco
2666 2793 2869 2847 mansit
2910 2803 2965 2847 et
2997 2795 3244 2863 permisit
3272 2811 3285 2846 :
3320 2795 3393 2850 si-

1824 2890 1938 2944 mul
1961 2898 2121 2957 atque
2144 2902 2270 2941 vero
2291 2885 2362 2938 illi
2385 2883 2591 2955 hydriis
2614 2884 2833 2952 repletis
2860 2896 3223 2949 recesserunt,
3247 2886 3393 2940 Isau-

1822 2995 1920 3034 rus
1949 2979 2086 3033 clam
2109 2992 2203 3032 eos
2231 2975 2594 3043 subsequitur,
2627 2974 2899 3042 simulque
2926 2977 3192 3040 ascendit,
3224 2978 3394 3032 donec

1825 3073 1880 3127 in
1913 3085 2187 3128 summum
2220 3068 2475 3131 venisset,
2501 3076 2556 3121 et
2592 3066 2698 3121 loci
2731 3066 2918 3131 situm,
2944 3066 3107 3138 244
3127 3078 3394 3137 quantum

153 3155 264 3219 ἓως
292 3156 380 3208 ἐπ’
410 3155 578 3224 ἄκρου
608 3154 898 3222 γενόμενος
945 3155 1043 3224 τήν
1083 3171 1143 3206 τε
1186 3153 1280 3208 τοῦ
1317 3155 1517 3226 χωρίου
1547 3155 1715 3218 θέσιν,

170 3247 185 3261 Ω
290 3243 337 3261 τι
476 3241 504 3261 τ
572 3246 585 3261 9
733 3244 745 3258 ο
903 3244 925 3261 ν
1124 3247 1136 3261 9
1315 3246 1326 3261 ο
1591 3246 1604 3261 ι
1638 3248 1660 3260 u

1819 3170 1874 3225 in
1908 3162 2145 3261 tenebris
2183 3159 2298 3215 fieri
2342 3165 2574 3226 poterat,
2615 3158 2821 3226 optime
2852 3160 3249 3228 contemplatus
3286 3170 3390 3226 est,

152 3247 236 3310 ὼς
261 3243 369 3298 οἷόν
389 3261 447 3297 τε
474 3241 541 3316 ἧν
569 3246 627 3297 ἐν
653 3244 849 3314 σκότῳ,
894 3244 1091 3314 ἄριστα
1119 3246 1488 3315 ἐπεφράσατο,
1519 3246 1613 3299 καὶ
1636 3248 1717 3299 ὅτι

151 3339 219 3390 οὐ
275 3335 492 3398 πλείους
547 3335 581 3405 ἢ
629 3334 775 3387 ὀκτὼ
805 3334 994 3406 ἄνδρες
1032 3337 1317 3406 ἐτετάχατο
1356 3338 1413 3400 ἐς
1443 3337 1505 3390 τὸ
1546 3355 1716 3392 κατα-

156 3430 384 3481 σκοπεῖν
412 3426 506 3498 τὴν
552 3426 740 3481 ἄνοδον
766 3427 859 3512 καὶ
888 3426 1290 3495 διαφυλάττειν.
1324 3428 1512 3500 ,Ταῦτα
1539 3430 1718 3483 τοίνυν

153 3519 377 3573 ᾶπαντα
423 3517 761 3584 καταγνοὺς,
812 3516 1010 3569 αὐτίκα
1058 3517 1434 3589 ὑπαναχωρεί,
1503 3523 1597 3573 καὶ
1642 3519 1719 3591 τῷ

155 3609 451 3680 στρατηγῷ
500 3607 706 3661 ἕκαστα
738 3607 1061 3677 διαγορεύει.
1106 3609 1164 3662 '0
1205 3609 1260 3662 δὲ
1296 3610 1437 3680 ἦσθη
1468 3629 1526 3665 τε
1578 3613 1718 3679 ἄγαν

153 3700 239 3772 τῷ
267 3700 587 3771 άγγέλματι,
612 3701 707 3753 καὶ
733 3701 832 3769 τῆς
865 3700 1118 3771 ἐπιούσης
1146 3703 1336 3766 νυκτὸς
1364 3703 1559 3775 ἄνδρας
1592 3701 1719 3757 ἐκα-

152 3790 254 3845 τδν
277 3790 674 3860 ἀπολεξάμενος
696 3788 962 3857 ἀλκίμους
987 3807 1044 3842 τε
1069 3793 1160 3844 καὶ
1182 3791 1534 3863 θαρραλέους,
1556 3793 1720 3847 ἔστει-

154 3882 256 3934 λεν
295 3882 388 3933 ἐπὶ
433 3880 531 3951 τὴν
573 3879 781 3948 ἔφοδον,
828 3884 1344 3951 κατασκοπήσοντάς
1377 3902 1434 3938 τε
1482 3885 1574 3938 τὸν
1616 3885 1721 3957 χῶ-

159 3988 258 4043 ρον
289 3971 355 4036 ”,
392 3970 487 4024 καὶ
515 3969 944 4039 ἐπιϐησομένους
974 3971 1079 4042 ὅπη
1127 3972 1173 4004 ⁸⁰
1204 3976 1473 4045 παρείκοι.
1522 3975 1720 4047 Εἷρητο

154 4063 219 4116 δέ
252 4062 453 4125 α’ὐτοῖς,
486 4060 703 4113 ἐπειδάν
733 4062 1053 4130 βεϐαιότατα
1077 4065 1351 4130 ἀναδαῖεν,
1378 4068 1495 4120 τότε
1528 4067 1594 4138 δὴ
1620 4085 1719 4138 ση-

160 4154 379 4226 μαίνειν
417 4154 482 4223 τῇ
532 4151 813 4219 σάλπιγγι,
854 4155 994 4209 ὥστε
1042 4155 1257 4209 καὶτοῦ
1288 4158 1447 4212 ἄλλου
1493 4157 1718 4227 στρατοῦ

154 4240 243 4315 τῷ
266 4244 431 4313 τείχει
458 4242 885 4314 προσϐάλλοντος
920 4247 1257 4318 ἑκατέρωθεν
1280 4251 1405 4312 τοὺς
1433 4249 1722 4319 πολεμίους

154 4333 557 4403 διακυκηθῆναι
586 4332 651 4387 υ.

233 4432 323 4497 ιη’.
361 4425 419 4478 '0
452 4425 547 4496 μὲν
568 4421 659 4477 οὖν
703 4424 898 4489 Ἰλλοῦς
918 4428 1385 4498 προπορευόμενος
1406 4433 1589 4500 ἡγεῖτο
1615 4432 1722 4485 τῶν

1817 3249 2069 3331 quodqué
2098 3267 2205 3308 non
2244 3251 2449 3320 plures,
2488 3264 2651 3318 quam
2693 3258 2819 3303 octo
2858 3249 2960 3303 viri
3002 3264 3187 3306 essent
3221 3251 3392 3307 collo-

1817 3351 1921 3406 cati
1955 3348 2023 3402 ad
2056 3342 2454 3401 observandum
2490 3339 2859 3409 tuendumque
2896 3357 3208 3396 ascensum.
3256 3342 3390 3411 His,

1817 3443 2061 3510 inquam,
2085 3435 2339 3489 omnibus
2365 3433 2616 3502 cognitis,
2643 3433 2827 3487 statim
2854 3432 3151 3499 descendit,
3178 3443 3234 3489 et
3253 3450 3393 3504 prae-

1816 3534 1959 3589 fecto
1991 3529 2202 3600 singula
2232 3525 2496 3596 exponit;
2542 3525 2637 3594 qui
2680 3524 2898 3594 quidem
2946 3540 3277 3595 magnOpere
3323 3543 3392 3581 eo

1816 3623 2009 3679 nuntio
2033 3628 2117 3676 est
2145 3619 2365 3690 gavisus
2391 3627 2445 3672 et
2488 3626 2645 3671 nocte
2682 3618 2928 3686 proxime
2957 3627 3218 3688 sequente
3242 3618 3389 3672 dele-

1816 3725 1933 3770 ctos
1961 3722 2178 3768 centum
2213 3709 2383 3764 fortes
2415 3722 2481 3762 ac
2523 3715 2775 3762 strenuos
2809 3709 2956 3762 viros
2987 3710 3052 3761 ad
3082 3709 3288 3762 aditum
3324 3709 3391 3763 il-

1817 3816 1929 3869 lum
1965 3802 2132 3867 misit,
2166 3799 2259 3869 qui
2305 3798 2718 3868 specularentur
2762 3797 2962 3863 locum,
2999 3799 3389 3871 impetumque.

1817 3894 2033 3964 quando
2061 3908 2146 3946 res
2182 3892 2255 3945 ita
2284 3889 2470 3953 ferret,
2506 3888 2763 3942 facerent.
2796 3887 3068 3942 Mandavit
3092 3901 3273 3944 autem
3300 3892 3388 3955 iis,

1818 3997 1879 4039 ut
1899 3999 2022 4039 cum
2046 3983 2158 4052 jam
2185 3980 2488 4035 certissime
2514 3980 2981 4045 conscendissent,
3016 3981 3143 4036 tuba
3171 3982 3389 4051 signum

1818 4079 2030 4141 darent,
2050 4086 2110 4128 ut
2125 4074 2286 4128 etiam
2311 4072 2518 4141 reliquo
2539 4073 2779 4126 exercitu
2808 4073 2860 4127 in
2882 4090 3098 4129 murum
3124 4075 3385 4143 irruente,

1820 4172 2002 4225 hostes
2027 4168 2282 4237 utrinque
2309 4166 2774 4236 perturbarentur.

1892 4446 1977 4501 l8.
2012 4443 2142 4499 llius
2174 4444 2353 4512 itaque
2389 4450 2702 4512 praecedens
2730 4440 2960 4495 ducebat
2988 4441 3133 4497 viros
3164 4442 3229 4498 ad
3269 4444 3387 4499 adi-

154 4517 370 4589 ἀνδρῶν
398 4518 455 4580 ἐς
494 4517 590 4587 τὴν
629 4516 889 4571 ἀνάϐασιν
916 4559 932 4581 ,
970 4519 1044 4581 ὡς
1074 4518 1119 4549 ⁸³
1149 4520 1246 4591 ἤδη
1277 4521 1423 4592 αὑτῷ
1464 4526 1529 4593 τῇ
1560 4524 1720 4595 πείρᾳ

1824 4549 1935 4592 tum
1961 4537 2071 4606 jam
2103 4536 2205 4590 sibi
2235 4509 2595 4603 exploratum.
2642 4531 2873 4587 Secutus
2910 4546 3039 4586 vero
3079 4534 3262 4588 statim
3303 4544 3388 4589 est

155 4611 259 4666 καὶ
285 4609 698 4679 διεγνωσμένην.
730 4609 925 4663 Εἵπετο
946 4610 1004 4663 δὲ
1032 4611 1191 4675 εὐθὺς
1225 4613 1394 4684 Ζίπερ
1422 4616 1450 4667 ὁ
1470 4616 1723 4685 Μαρκελ-

156 4702 309 4755 λίνου
333 4699 644 4770 δορυφόρος,
687 4700 780 4751 καὶ
811 4702 927 4767 μετ’
955 4702 1159 4753 ἐκεῖνον
1180 4703 1426 4767 Λεόντιος
1451 4706 1480 4757 ὁ
1516 4705 1726 4773 Δαδρα-

154 4791 325 4859 γέξου
382 4790 449 4853 ⁸³,
488 4789 584 4841 καὶ
630 4788 714 4841 ἐπ’
740 4788 887 4860 αὐτῷ
937 4790 1207 4861 Θεόδωρος
1255 4794 1284 4845 ό
1324 4794 1429 4846 τῶν
1475 4794 1724 4860 Τζάννων

155 4881 469 4951 ταξίαρχος·
523 4880 618 4933 καὶ
676 4880 846 4945 οὕτως
896 4881 1018 4951 ἐξῆς
1062 4883 1297 4948 ἅπαντες
1356 4884 1439 4957 [Ρ.
1496 4886 1621 4958 127]
1674 4888 1724 4941 οί

157 4976 314 5029 ἄλλοι
343 4973 390 5005 ⁸⁵
413 4974 674 5042 ἀνήγοντο
714 4972 987 5043 στοιχηδὸν
1029 4974 1278 5043 ἀλλήλοις
1309 4978 1719 5049 παρομαρτοῦν-

158 5082 278 5127 τες.
309 5064 449 5131 Ἤδη
480 5064 536 5115 δὲ
555 5062 733 5115 αὐτῶν
762 5063 902 5133 ὺπέρ
924 5061 985 5113 τὸ
1014 5063 1335 5131 μεσαίτατον
1365 5065 1718 5137 ἐληλυθότων,

159 5158 354 5226 ἐώρων
386 5154 531 5224 μάλα
563 5153 748 5221 σαφῶς
784 5154 834 5205 οἱ
872 5155 1297 5224 προτεταγμένοι
1323 5158 1420 5225 τήν
1446 5173 1503 5209 τε
1543 5156 1722 5226 πυράν

160 5246 277 5299 τῶν
329 5244 576 5317 φρουρῶν
600 5244 977 5315 ἀναπτομένην
999 5284 1014 5309 ,
1051 5245 1144 5297 καὶ
1176 5246 1369 5310 αὐτοὺς
1399 5246 1442 5279 ⁸⁸
1481 5247 1557 5311 ὡς
1585 5249 1723 5319 πλη-

1822 4624 1981 4695 Ziper
2016 4622 2309 4678 Marcellini
2344 4622 2586 4686 satelles,
2628 4633 2684 4676 et
2719 4622 2787 4675 ab
2816 4622 2907 4675 illo
2936 4620 3297 4692 Dabragesus,
3331 4633 3386 4679 et

1820 4724 1941 4786 post
1972 4715 2121 4768 illum
2146 4713 2463 4768 Theodorus
2483 4711 2792 4767 Zannorum
2819 4714 2948 4779 dux,
2972 4722 3129 4782 atque
3150 4714 3222 4769 ita
3244 4716 3389 4770 dein-

1822 4817 1949 4872 ceps
1977 4815 2168 4856 omnes
2190 4800 2426 4855 seriatitn
2461 4813 2584 4855 sese
2615 4807 2805 4854 mutuo
2840 4800 3219 4869 sequebantur.
3248 4800 3385 4857 Cum

1820 4900 1996 4946 autem
2024 4890 2138 4960 jam
2177 4891 2245 4945 ad
2288 4890 2463 4959 ipsum
2497 4890 2732 4944 medium
2762 4900 2979 4943 ventum
3010 4899 3174 4956 esset,
3205 4904 3387 4961 aperte

1823 4981 2113 5038 admodum
2154 4980 2447 5051 conspicati
2476 4990 2605 5035 sunt
2638 4980 2732 5051 qui
2772 4981 2985 5050 priores
3014 4992 3189 5046 erant,
3221 4998 3377 5037 excu-

1825 5073 2058 5127 bitorum
2098 5073 2273 5142 ignem
2317 5087 2627 5138 accensum,
2668 5082 2721 5127 et
2760 5073 2904 5142 ipsos
2936 5089 3098 5143 quam
3141 5076 3387 5144 proxime

1826 5162 2209 5217 decumbentes
2234 5181 2249 5227 ;
2278 5175 2309 5215 e
2333 5160 2533 5230 quibus
2569 5170 2771 5230 septem
2801 5161 3019 5229 quidem
3053 5173 3238 5231 aperte
3262 5163 3386 5217 dor-

1831 5251 2086 5316 miebant,
2120 5260 2175 5305 et
2209 5259 2492 5306 stertentes
2529 5250 2799 5321 iacebant,
2842 5266 2983 5304 unus
3016 5260 3196 5305 autem
3235 5252 3383 5307 solus

1437 5428 1667 5484 VAltlAE
1707 5426 2105 5485 LECTIONES.

244 5580 289 5613 ⁸³
323 5581 675 5650 ἐπαγγέλλειν
691 5583 755 5636 R.
832 5581 877 5613 ³³
904 5582 1016 5644 τοῖς
1049 5588 1174 5636 ante
1200 5579 1324 5650 βασ.
1362 5581 1507 5650 vnlg.

166 5661 228 5723 et
250 5652 398 5723 vulg.
428 5652 469 5684 ³⁷
488 5652 736 5723 ,ἀρύοντο
766 5650 829 5706 R.
868 5650 1025 5705 Illius
1047 5653 1210 5716 intpr.
1230 5720 1257 5723 _
1289 5652 1334 5683 ³⁸
1361 5651 1749 5723 ἐτορεύορτοῇ
1771 5650 2157 5723 (ἐπορειξοντο).

169 5722 216 5753 δ’
245 5718 635 5791 eammeam
660 5722 726 5776 Β.
798 5723 844 5757 ⁸²
882 5724 955 5784 ὡς
988 5723 1109 5776 add.
1140 5737 1205 5776 ex
1228 5720 1294 5776 Β.
1369 5722 1415 5754 ’⁸³
1448 5718 1792 5791 Δαδραγέζου
1817 5719 1859 5773 Β
1891 5718 1948 5774 h.
1981 5720 2018 5774 Ι.
2048 5730 2102 5777 et
2134 5734 2279 5788 mox,
2309 5718 2658 5791 Λαϐραγάζου
2692 5720 2836 5787 vulg.

1585 5579 1628 5611 ³⁵⁵
1645 5581 1689 5635 δ’
1710 5576 1802 5633 οὖν
1825 5579 1889 5634 R.
1966 5578 2011 5610 ³⁸
2039 5578 2259 5631 ἔκτοθεν
2281 5574 2350 5632 ιι.
2425 5578 2471 5609 ³⁸
2499 5576 2837 5647 στενιυτάτης
2866 5576 3319 5647 (Ζὶηστενοτάτης
3336 5576 3383 5631 R

2234 5650 2278 5683 ³³
2311 5648 2410 5719 τὴν
2434 5647 2616 5719 χώραν
2639 5649 2705 5704 ll.
2781 5646 2825 5679 ¹⁶⁰
2857 5650 2963 5716 ὅπῃ
2996 5646 3060 5711 Β,
3091 5647 3213 5699 ὅποι
3234 5646 3379 5716 vulg.

2234 5734 2279 5772 ι.
2309 5718 2658 5772 Δαϐοαγάζου
2692 5720 2836 5772 vuln.
2911 5719 2956 5749 “
2984 5718 3033 5770 οἱ
3086 5717 3235 5772 ἄλλοι
3254 5718 3379 5772 add.

2984 5734 3033 5770 οι
3086 5732 3235 5773 αΛΑοι
3254 5732 3379 5772 at”.

169 5806 239 5845 ex
276 5790 339 5844 ιι.
414 5790 471 5823 δέ
499 5790 592 5846 καὶ
617 5791 811 5856 αὐτοὺς
860 5791 904 5845 Il
937 5803 988 5847 et
1017 5791 1185 5861 Lugd.
1222 5810 1353 5863 mg.,
1377 5793 1467 5845 καὶ
1496 5790 1575 5856 ὡς
1602 5792 1796 5853 αὐτοὺς
1854 5791 1997 5860 vulg.
