4188 6438
819 408 953 473 1507

2007 405 2363 465 AGATHUE
2398 404 2879 467 SCHOLASTICI

3949 398 4080 463 1503

812 521 998 575 cubito
1027 514 1268 580 innixus,
1300 513 1542 584 vigilanti
1587 511 1805 575 similis,
1843 518 2035 579 captus
2068 520 2185 567 erat
2208 521 2389 566 tamen

2492 513 2741 566 σιαίτατα
2767 512 3277 581 κατακεκλιμένους·
3326 514 3419 563 καὶ
3445 512 3493 563 οἱ
3520 512 3618 580 μὲν
3652 507 3800 562 ἐπ·τά
3827 524 4077 576 περιφο-

812 613 974 666 etiam
1007 610 1123 678 ipse
1155 620 1371 671 somno,
1402 606 1687 673 capiteque
1714 600 2009 673 erat245
2036 612 2388 671 praegravem,

814 718 990 773 neque
1020 702 1197 756 adhuc
1234 699 1367 756 satis
1400 698 1714 766 apparebat,
1746 709 1987 764 quonam
2014 707 2279 749 evasurus
2302 706 2391 747 es-

814 804 911 855 set,
952 802 1152 847 nutans
1195 790 1507 860 frequenter
1544 788 1739 857 capite,
1775 798 2076 853 rursusque
2112 784 2165 839 id
2200 798 2392 839 succu-

814 885 977 939 tiens.
1012 883 1215 938 Interea
1256 880 1515 935 Leontius
1550 878 1834 945 Dabragesi
1878 877 2041 941 ﬁlius,
2076 876 2143 930 ad
2174 890 2390 930 ctenum

816 977 1086 1045 quoddam
1129 973 1398 1027 lubricum
1431 973 1633 1040 lapsus,
1668 978 1782 1022 toto
1810 982 2040 1036 corpore
2080 966 2309 1036 procidit
2338 982 2392 1028 ει

816 1069 1070 1121 deorsum
1097 1075 1177 1120 est
1202 1065 1432 1125 delatus,
1466 1062 1737 1130 simulque
1766 1068 1975 1114 scutum
2007 1058 2261 1129 diﬂ‘regit.
2289 1057 2391 1113 So-

819 1160 934 1212 nitu
971 1173 1118 1221 vero,
1148 1157 1227 1210 uti
1260 1171 1356 1224 par
1382 1162 1483 1216 est,
1518 1152 1722 1221 ingenti
1760 1152 2016 1217 excitato,
2046 1152 2391 1207 excubitores

816 1259 1007 1303 omnes
1035 1248 1304 1318 perterriti
1344 1246 1714 1316 prosilierunt,
1747 1244 2039 1313 stratisque
2073 1244 2387 1309 insidentes,

814 1348 869 1392 et
894 1353 1053 1392 enses
1082 1337 1434 1406 stringebant,
1464 1346 1517 1390 et
1541 1335 1677 1389 colla
1706 1337 1757 1388 in
1787 1349 2002 1388 omnem
2028 1342 2236 1402 partem
2263 1349 2386 1388 ver-

814 1438 996 1484 santes
1041 1426 1451 1496 despiciebant;
1501 1439 1676 1494 neque
1718 1432 1899 1477 tamen
1936 1424 2207 1493 conjicere
2234 1436 2390 1494 pote-

814 1529 957 1582 rant,
992 1520 1120 1589 quid
1153 1521 1229 1574 rei
1255 1528 1416 1575 esset.
1440 1517 1573 1571 Nam
1600 1526 1659 1571 ut
1684 1518 1940 1587 splendor
1973 1515 2114 1584 ignis
2145 1515 2389 1586 ipsorum

815 1610 1004 1663 oculos
1029 1612 1437 1679 perstrinxerat,
1469 1609 1523 1662 in
1550 1609 1788 1663 tenebris
1816 1607 2139 1661 consuitutos
2166 1620 2390 1660 cernere

813 1717 923 1755 non
951 1710 1214 1772 poterant,
1240 1710 1294 1756 et
1323 1702 1534 1755 sonitus
1564 1700 1697 1770 ipsis
1721 1699 2117 1754 dormientibus
2144 1698 2386 1767 allapsus

814 1809 924 1850 non
970 1795 1259 1849 admodum
1310 1793 1631 1848 manifestus
1669 1802 1805 1855 erat,
1850 1804 2023 1860 neque
2064 1789 2384 1857 distinctus,

814 1901 991 1956 neque
1015 1887 1108 1956 qui
1142 1900 1417 1939 armorum
1446 1885 1563 1938 solo
1591 1882 1870 1938 allisorum
1900 1859 2167 1951 fragorem
2201 1891 2386 1951 aperte
2418 1859 2460 1915 Β

817 1978 1084 2047 pmderet.
1116 1976 1347 2030 Romani
1388 1990 1516 2029 vero
1543 1974 1953 2029 accuratissime
1982 1973 2166 2028 omnia
2197 1974 2386 2028 obser-

815 2070 1031 2124 vabant.
1065 2068 1332 2135 Quocirca
1374 2084 1567 2140 gressu
1613 2067 1871 2133 inhibito,
1918 2067 2089 2137 quieti
2129 2067 2386 2137 tacitique

817 2172 1154 2227 manserunt,
1187 2162 1352 2217 veluti
1389 2168 1546 2215 teme
1592 2161 1866 2216 radicibus
1910 2158 2054 2214 anisi
2128 2168 2183 2215 et
2214 2176 2387 2229 neque

818 2254 968 2310 vocis
1002 2254 1169 2307 ullum
1195 2266 1441 2305 murmur
1468 2250 1809 2315 audiebatur,
1834 2261 1888 2305 et
1913 2252 2074 2321 pedes
2106 2265 2175 2305 ne
2200 2251 2385 2305 tantil-

816 2346 926 2400 lum
957 2346 1171 2415 quidem
1204 2344 1512 2409 movebant,
1546 2344 1641 2399 sed
1675 2344 1747 2398 ita
1777 2344 1854 2397 uti
1888 2353 2042 2398 erant
2071 2342 2160 2397 fixi
2194 2345 2388 2398 immo-

816 2437 966 2507 tique
998 2436 1242 2505 stabant},
1294 2436 1409 2489 sive
1452 2443 1666 2488 acutam
1712 2434 1946 2504 aliquam
1990 2446 2197 2503 petram
2224 2478 2238 2501 ,
2273 2436 2389 2491 sive

816 2527 1067 2582 fruticem
1096 2535 1417 2596 premerent.
1446 2524 1561 2580 Nisi
1590 2525 1735 2579 enim
1761 2526 1832 2579 ita
1861 2540 1974 2579 rem
2001 2525 2383 2590 instituissent,

816 2634 1119 2686 sensusque
1150 2617 1345 2686 aliquis
1369 2631 1577 2679 eorum,
1608 2631 1729 2686 qua:
1755 2616 1975 2679 ﬁebant,
2008 2615 2075 2670 ad
2106 2617 2384 2671 excubito-

819 2725 904 2764 res
938 2709 1289 2777 pervenisset,
1329 2706 1407 2760 illi
1436 2706 1661 2761 omnino
1694 2706 1967 2775 ingentem
2010 2707 2244 2777 aliquam
2290 2723 2384 2776 pe-

817 2813 957 2854 tram
986 2798 1386 2863 deturbassent,
1428 2812 1547 2867 quae
1586 2797 1641 2851 in
1686 2797 1891 2852 declive
1918 2798 2198 2867 provoluta
2230 2797 2388 2854 facile

815 2901 1025 2951 omnes,
1065 2885 1160 2954 qui
1201 2898 1419 2940 sursum
1461 2884 1793 2948 nitebantur,
1828 2885 2135 2940 collisisset.
2180 2885 2387 2939 Idcirco

818 2976 1049 3032 Romani
1079 2976 1231 3031 taciti
1264 2975 1579 3044 immotique
1601 2974 1818 3030 stabant
1842 2992 1857 3040 ;
1887 2975 2021 3030 adeo
2044 2984 2103 3029 ut
2130 2990 2198 3030 ne
2226 2974 2390 3047 246

820 3069 1069 3138 spiritum
1112 3067 1332 3137 quidem
1371 3067 1711 3131 emitterent,
1756 3067 1851 3121 sed
1898 3082 2022 3122 eum
2073 3068 2127 3122 in
2171 3079 2388 3138 pectore

819 3160 1097 3214 conditum
1124 3166 1449 3228 premerent.
1486 3156 1552 3212 Et
1581 3166 1728 3212 certe
1766 3159 1933 3213 miror
1973 3174 2035 3214 ac
2061 3160 2221 3214 laudo
2245 3161 2385 3229 opti-

821 3261 973 3300 num
1013 3246 1253 3315 ipsorum
1282 3245 1528 3299 ordinem
1552 3285 1568 3311 ,
1608 3245 1751 3314 quod
1784 3260 1975 3301 omnes
2019 3247 2179 3301 simul
2218 3249 2384 3303 veluti

821 3352 890 3391 ex
919 3345 1075 3406 pacto
1105 3351 1214 3390 uno
1246 3335 1506 3405 temporis
1539 3344 1814 3390 momento
1842 3336 1917 3401 id,
1942 3336 2085 3403 quod
2114 3352 2175 3390 ex
2218 3352 2277 3391 re
2304 3336 2389 3391 fu-

823 3437 1007 3483 tttrum
1038 3436 1206 3491 esset,
1236 3426 1611 3492 collimantes,
1636 3426 1691 3481 in
1725 3426 1917 3481 ordine
1950 3427 2305 3496 perstiterint,
2336 3439 2390 3484 et

824 3520 880 3574 in
918 3519 1115 3573 animis
1148 3520 1263 3574 suis
1295 3520 1603 3588 cogitarint,
1628 3533 1749 3587 quae
1773 3519 2018 3588 proloqui
2047 3528 2259 3590 tempus
2280 3536 2386 3574 non

823 3611 1142 3679 patiebatur.
1177 3608 1398 3663 Barbari
1431 3624 1582 3673 vero,
1617 3623 1741 3662 cum
1768 3608 1901 3662 nihil
1935 3608 2264 3665 incommodi
2296 3621 2388 3665 aut

824 3701 1048 3770 periculi
1078 3699 1605 3763 animadverterent,
1640 3714 1831 3754 rursus
1858 3700 1927 3753 ad
1966 3700 2040 3766 id,
2072 3703 2215 3771 quod
2248 3702 2387 3755 ami-

824 3806 951 3845 cum
987 3801 1123 3854 erat,
1154 3804 1212 3845 se
1237 3797 1577 3854 convertunt,
1610 3789 1933 3845 suavissime
1963 3789 2317 3847 dormientes.

898 3970 984 4024 19.
1002 3966 1140 4023 Tum
1170 3969 1349 4038 itaque
1376 3966 1628 4031 Romani,
1659 3967 1779 4022 illos
1811 3967 1883 4022 ita
1901 3967 1956 4022 in
1984 3982 2234 4023 somnum
2255 3967 2390 4023 ellu-

828 4075 919 4115 sos
944 4062 1139 4125 adorti,
1172 4061 1443 4115 trucidant
1471 4074 1593 4115 cum
1624 4059 1760 4115 alios
1793 4068 1905 4113 tum
1934 4062 2095 4115 etiam
2125 4062 2274 4116 illum
2302 4077 2381 4118 sc-

829 4154 1140 4223 inivigilem,
1176 4162 1233 4207 ut
1261 4152 1457 4221 aliquis
1488 4152 1665 4221 ipsum
1690 4167 1785 4221 per
1812 4153 1993 4223 jocum
2019 4154 2383 4223 appellaverit;

831 4260 893 4297 ac
921 4245 1173 4312 deinceps
1217 4243 1481 4312 intrepide
1512 4246 1938 4314 progredientes,
1977 4261 2069 4316 per
2095 4247 2243 4302 vicos
2286 4248 2386 4302 do—

825 4349 1015 4389 mtuum
1050 4334 1230 4389 dill'usi
1266 4343 1414 4399 sunt,
1446 4336 1717 4405 simulque
1745 4338 1869 4391 tuba
1911 4338 2196 4393 classicum
2246 4341 2387 4394 ceci-

828 4428 950 4494 nit;
982 4444 1090 4498 quo
1116 4429 1369 4483 exaudito
1400 4428 1687 4484 Misimiani
1730 4431 1965 4485 novitate
1999 4432 2076 4485 rei
2106 4442 2233 4487 sunt
2266 4449 2387 4502 per-

2490 604 2597 667 νῶς
2625 606 2932 667 ἐκάθευδον,
2968 605 3065 658 καὶ
3092 606 3482 675 ὑπορέγχοντες
3516 604 3748 655 ἔκειντο.
3792 596 3905 663 Εἷς
3932 601 3995 653 δέ
4021 618 4078 666 γε

2493 695 2651 763 μόνος
2677 696 2763 746 ἐπ’
2798 696 3038 763 ἀγκῶνος
3072 696 3459 766 ἐρηρεισμένος
3479 736 3495 758 ,
3517 693 3710 763 ὥσπερ
3744 693 4077 763 ἐγρηγορὼς

2488 786 2735 840 διετέλει.
2755 787 3036 857 Ξυνείχετο
3059 787 3167 856 γάρ
3192 787 3286 839 καὶ
3309 785 3356 817 ⁸⁸
3375 785 3435 848 ὃς
3458 784 3537 855 τῷ
3556 784 3711 854 ὕπνῳ
3742 784 3847 835 καὶ
3876 786 4076 853 ὲκαρη-

2488 878 2667 947 ϐάρει·
2696 878 2789 931 καὶ
2812 878 2964 932 οὕπω
2989 878 3146 947 δῆλος
3174 874 3245 947 ἦν
3266 878 3388 930 ὅποι
3414 876 3459 907 ⁸⁷
3484 876 3754 947 χωρήσει,
3776 876 4076 927 ἐπινυστὰ-

2490 968 2599 1031 ζων
2624 968 2773 1038 θαμά
2798 969 2893 1023 καὶ
2922 968 3379 1038 ἀναπαλλόμενος.
3419 968 3510 1021 Ἐν
3533 967 3714 1035 τούτῳ
3735 967 3795 1019 δὲ
3816 967 4074 1027 Λεόντιος

2487 1060 2517 1110 ὁ
2546 1058 2894 1131 Δαϐραγέζου
2933 1060 3075 1129 ὑπὲρ
3100 1059 3367 1129 τέλματός
3393 1075 3537 1122 τινος
3567 1057 3879 1127 ὀλισθήσεις
3910 1074 4075 1109 κατα.

2487 1152 2677 1205 πίπτει
2710 1150 2905 1222 ἀθρόον
2961 1153 3057 1204 καί⁸
3106 1151 3461 1220 ὑποφέρεται,
3513 1150 3609 1202 καὶ
3659 1149 4074 1217 περιρρήγνυσι

2485 1244 2584 1313 τὴν
2634 1244 2856 1298 ἀσπίδα.
2920 1244 3170 1311 Πατάγου
3227 1242 3306 1305 δὲ,
3341 1241 3529 1310 ὥσπερ
3588 1241 3762 1304 εἰκὸς,
3829 1240 4072 1307 μεγάλου

2486 1335 2769 1406 ἀρθέντος,
2806 1335 3061 1404 ἀνέθορον
3104 1336 3344 1397 ἅπαντες
3378 1335 3426 1386 οἱ
3456 1333 3684 1403 φρουροί⁵
3733 1331 4072 1400 διεπτοημέ-

2484 1445 2565 1480 νοι
2596 1428 2641 1459 ⁵⁸
2673 1428 2769 1481 καὶ
2798 1428 2941 1498 ὑπὲρ
2974 1427 3077 1496 τῆς
3107 1426 3269 1495 εὐνῆς
3292 1428 3483 1495 ἥμενοι
3502 1464 3517 1489 ,
3548 1425 3616 1479 τά
3640 1440 3697 1476 τε
3731 1423 3874 1492 ξίφη
3910 1424 4073 1475 ἐσπά-

2486 1535 2647 1572 σαντο
2669 1560 2686 1585 ,
2708 1518 2801 1572 καὶ
2838 1519 3209 1572 κατεσκόπουν
3241 1515 3555 1585 ἁπανταχοῦ
3582 1515 3711 1577 τοὺς
3737 1514 3788 1545 ⁸⁸
3833 1514 4071 1583 αὐχένας

2486 1609 2908 1682 περιδινοῦντες·
2939 1596 3264 1680 συμϐάλλειν
3312 1609 3372 1661 δὲ
3422 1610 3523 1662 οὐκ
3554 1605 3724 1677 εἶχον,
3762 1610 3794 1661 ὃ
3838 1609 3900 1659 τί
3950 1608 4070 1659 ποτέ

2487 1704 2603 1756 ἐστι
2627 1702 2688 1755 τδ
2712 1702 3078 1773 γεγενημένον
3112 1703 3179 1734 ⁵⁸·
3213 1701 3290 1773 τῷ
3320 1717 3382 1753 τε
3402 1701 3513 1770 γάρ
3543 1702 3679 1770 πυρὶ
3710 1701 4067 1768 stata-afﬁs-

2488 1809 2661 1861 μενοι,
2712 1794 2838 1855 τοὺς
2873 1794 2932 1845 ἐν
2978 1790 3056 1861 τῷ
3104 1791 3279 1862 σκότῳ
3306 1790 3545 1852 ἑστῶτας
3587 1791 3783 1861 διορᾷν
3815 1792 3926 1843 οὐκ
3954 1791 4069 1860 {36’3-

2484 1900 2665 1945 ναντο,
2700 1884 2795 1936 καὶ
2817 1884 2847 1936 ό
2893 1881 3099 1946 κτύπος
3119 1883 3302 1945 αὐτοῖς
3346 1882 3667 1935 καθεύδουσι
3706 1883 4065 1952 προσπεσὼν,

2484 1975 2547 2028 οὐ
2572 1973 2717 2045 μάλα
2737 1974 2972 2045 ἐναργὴς
2996 1970 3086 2044 ἦν,
3110 1974 3233 2027 οὐδὲ
3258 1974 3710 2045 ἀποκεκριμένος,
3736 1974 3868 2026 οὐδὲ
3890 1977 4066 2036 omnia;

2484 2066 2624 2119 ὅπλα
2652 2065 3042 2137 παρώηλῶσαι
3068 2064 3494 2136 κατενεχθένταο
3529 2067 3580 2118 οἱ
3611 2065 3669 2118 δὲ
3702 2067 3982 2135 Ῥωμαῖοι
4016 2068 4066 2128 ἐς

2484 2158 2545 2211 τὸ
2567 2158 2789 2228 ἀκριϐὲς
2814 2159 3018 2211 ἕκαστα
3042 2158 3396 2212 κατεθεῶντο.
3427 2158 3715 2229 Τοιγάρτοι
3738 2159 3807 2210 τὸ
3833 2159 4065 2227 βάδισμα

2484 2245 2821 2315 ἐπισχόντες,
2859 2246 3074 2315 ἀτρέμα
3101 2244 3314 2313 ἔμενον,
3351 2244 3537 2317 ὥσπερ
3566 2248 3633 2315 τῇ
3667 2249 3740 2315 γῇ
3767 2247 4063 2316 ὲνερῤιζωο

2489 2333 2660 2401 μένοι,
2712 2334 2806 2386 καὶ
2828 2332 2952 2386 οὔτε
2990 2332 3175 2402 φωνῆς
3197 2328 3333 2403 ἦχος
3360 2332 3701 2402 ὲψιθυρίζετο
3720 2373 3738 2398 ,
3764 2333 3896 2387 οὔτε
3950 2338 4063 2396 τοὶς

2486 2421 2653 2484 πόδας
2680 2420 2915 2492 μετρίως
2943 2420 3073 2488 γοῦν
3098 2421 3436 2490 μετεκινουν,
3464 2421 3577 2474 ἀλλ’
3600 2420 3779 2483 οὕτως
3805 2422 4003 2492 ὥσπερ
4024 2425 4060 2452 ιι

2486 2506 2632 2581 εἶχον
2656 2513 3171 2582 προσεπεπήγεσαν,
3199 2512 3309 2565 εἴτε
3343 2512 3519 2582 πέτρᾳ
3549 2513 3700 2582 ὀξείᾳ
3728 2515 3901 2583 τυχὸν
3921 2555 3938 2578 ,
3965 2518 4061 2567 εἴτε

2486 2603 2676 2674 θάμνῳ
2733 2604 2842 2656 τινὶ
2894 2605 3189 2674 ἐτύγχανον
3250 2602 3665 2675 ἐπιϐεϐηκότες.
3718 2604 3788 2657 Et
3838 2606 3955 2677 γὰρ
3999 2606 4064 2674 μὴ

2485 2692 2656 2756 οὕτως
2677 2694 2723 2724 ⁸³
2766 2694 3004 2758 ἐποίουν,
3033 2695 3132 2747 καί
3159 2712 3243 2758 τις
3274 2694 3624 2764 ξυναίσθησις
3653 2694 3750 2749 τοῦ
3784 2696 4061 2766 δρωμένῳ

2486 2787 2599 2846 τοῖς
2620 2782 2847 2852 φύλαξιν
2874 2785 3139 2853 ἐγεγόνει,
3168 2784 3386 2849 πάντως
3411 2786 3478 2838 ἂν
3505 2785 3710 2855 πέτραν
3738 2786 3867 2838 τινὰ
3904 2789 4064 2856 μεγά-

2485 2876 2585 2946 λην
2632 2877 2951 2945 ὲπαφιέντες
2996 2876 3141 2929 κατά
3196 2875 3290 2928 τοῦ
3334 2876 3571 2947 πρανοῦς
3616 2876 3909 2941 έξεκύλιον
3934 2920 3951 2943 ,
3997 2879 4063 2940 ὡς

2486 2968 2730 3032 ἅπαντας
2765 2967 3047 3040 ἐπιτρίψαι
3086 2970 3212 3031 τοὺς
3250 2969 3669 3039 ἐπερχομένους.
3700 2969 3799 3039 Τῷ
3836 2987 3924 3023 τοι
3966 2971 4065 3040 ἀρα

2485 3058 2686 3111 ἐκεῖνοι
2719 3058 2936 3111 ἄναυδοι
2978 3074 3038 3110 τε
3062 3058 3385 3127 εἱστήκεσαν
3414 3059 3508 3110 καὶ
3542 3058 3821 3127 ἀδόνητοι,
3848 3060 3952 3112 καὶ
3976 3060 4063 3113 αὺ-

2484 3150 2585 3220 τὴν
2613 3151 2677 3220 δὴ
2705 3150 2806 3219 τὴν
2837 3148 2932 3202 τοῦ
2954 3148 3261 3219 πνεύματος
3287 3148 3460 3219 φορὰν
3484 3148 3865 3212 ξυστέλλσντες
3887 3150 4065 3220 ἡρέμα

2486 3244 2582 3295 καὶ
2622 3240 3027 3311 ταμιευόμενοι.
3077 3241 3188 3293 Καὶ
3216 3239 3425 3310 ἄγαμαί
3465 3256 3529 3308 γε
3560 3241 3761 3303 αὐτοὺς
3808 3242 3991 3311 ἔγωγε
4022 3242 4064 3273 ⁸³

2484 3335 2583 3403 τῆς
2619 3334 2936 3408 εὐκοσμίας,
2968 3330 3141 3401 ὁτιδὴ
3172 3330 3411 3392 ἅπαντες
3438 3330 3555 3399 ἅμα
3593 3330 3789 3401 ὥσπερ
3832 3332 3903 3384 ὲκ
3946 3349 4063 3385 συν-

2487 3427 2731 3497 θήματος
2775 3426 2834 3478 ὲν
2869 3424 3067 3494 ἀκαρεῖ
3101 3423 3295 3494 χρόνου
3334 3422 3380 3455 ⁸⁵
3414 3421 3509 3476 τοῦ
3539 3423 3883 3487 συνοίσοντος
3919 3426 4063 3477 ιστο-

2486 3521 2747 3589 χασμένοι
2771 3557 2788 3580 ,
2821 3518 3212 3588 ἑνεκαρτέρουν
3234 3518 3299 3586 τῇ
3328 3516 3513 3585 τάξειξ,
3540 3517 3636 3568 καὶ
3654 3515 3972 3571 διενοοῦντο
4012 3520 4064 3570 ἑν

2485 3612 2697 3675 ἑαυτοῖς
2721 3611 2892 3663 ὁπόσα
2922 3608 3253 3678 φθέγγεσθαι
3272 3610 3302 3662 ό
3334 3608 3524 3678 καιρὸς
3553 3608 3656 3661 οὐκ
3687 3610 3892 3664 ἐδίδου.
3929 3611 3993 3664 Oi
4013 3610 4062 3661 δὲ

2487 3701 2778 3772 Βάρϐαροι,
2824 3699 3010 3770 ἐπειδὴ
3048 3699 3230 3761 αὐτοῖς
3265 3697 3430 3768 μηδὲν
3453 3698 3499 3730 ⁸³
3540 3698 3718 3751 ἀτιοῦν
3761 3698 3944 3752 δεινὸν
3974 3701 4065 3752 ὑπ-

2486 3791 2754 3858 εφαίνετο,
2780 3790 2941 3844 πάλιν
2967 3790 3047 3852 εἰς
3068 3788 3130 3842 τὸ
3154 3787 3442 3860 προσφιλὲς
3468 3789 3771 3859 ἐτράποντο
3790 3830 3806 3854 ,
3839 3791 4064 3860 ἀσμενέ-

2488 3900 2662 3937 στατα
2689 3880 3145 3950 καταδαρθέντες.

2562 3974 2645 4028 ιθ¹.
2678 3974 2810 4026 Τότε
2842 3972 2907 4043 δὴ
2932 3974 2979 4004 ⁸⁸
3003 3967 3096 4025 οὖν
3121 3972 3171 4024 oi
3219 3971 3484 4041 Ῥωμαῖοι
3513 3969 3658 4023 οὕτω
3689 3970 3757 4041 δή
3791 3989 3848 4025 τι
3885 3973 4061 4033 αὐτοῖς

2485 4065 2783 4135 ἀνειμένως
2802 4062 3232 4132 ἀναπαυομένοις
3250 4061 3562 4124 ἐπιϐάντες,
3584 4062 3926 4115 ἀπέκτειναν
3944 4064 4061 4123 τούς

2484 4174 2544 4210 τε
2576 4156 2786 4219 ἀλλους,
2816 4154 2913 4208 καὶ
2936 4153 3070 4224 πρός
3098 4170 3161 4221 γε
3200 4155 3405 4207 ἐκεῖνον
3425 4153 3519 4205 τὸν
3540 4153 3957 4223 ήμιάγρυπνον,
3992 4155 4061 4216 ὡς

2484 4249 2551 4303 ἀν
2579 4264 2662 4311 τις
2688 4247 2851 4301 αὐτὸν
2897 4245 3247 4310 ἐπιτωθάζων
3282 4246 3597 4298 ὲπικαλέσοι
3636 4246 3706 4298 ν’.
3743 4246 3859 4299 Καὶ
3903 4247 4061 4299 telo:-

2485 4342 2586 4394 πὺν
2625 4338 2791 4402 ἀδεῶς
2840 4338 2944 4393 ἀνά
2993 4339 3062 4391 τὰ
3111 4338 3299 4408 πρόσω
3348 4338 3718 4408 χωρήσαντες,
3771 4340 3925 4407 ἀμφὶ
3970 4338 4061 4398 τὰς

2488 4431 2689 4502 λαύρας
2714 4429 2822 4483 τῶν
2845 4431 3122 4501 ὀἰκήσεων
3151 4428 3563 4483 ὲαεδάννυντο·
3597 4431 3695 4481 καὶ
3718 4429 3844 4497 ἅμα
3876 4433 3911 4501 ή
3943 4431 4060 4484 σάλ-

827 4518 985 4583 culsi,
1010 4532 1119 4586 quo
1149 4532 1276 4572 vero
1308 4519 1360 4571 in
1385 4526 1528 4573 statu
1562 4534 1647 4577 res
1679 4529 1863 4574 essent
1891 4522 2212 4587 nescientes,
2241 4525 2391 4578 exci-

2494 4523 2624 4591 πιγξ
2651 4521 2812 4592 ἐπῇδε
2839 4520 2901 4573 τὸ
2935 4519 3197 4573 ἐνυάλιον.
3244 4506 3601 4582 ⁹Ᾰκούσαντες
3631 4518 3692 4571 δὲ
3711 4520 3765 4571 οἱ
3792 4522 4059 4590 Μισιμια-

829 4608 923 4663 tati
951 4617 1131 4663 tamen
1160 4609 1299 4663 inter
1330 4624 1450 4665 sese
1478 4609 1623 4664 coire
1648 4609 1975 4676 nitebantur,
2015 4622 2069 4666 et
2103 4614 2239 4668 alios
2284 4615 2388 4668 ali-

830 4700 969 4755 unde
1000 4700 1339 4770 prosilientes
1371 4714 1718 4769 congregare.
1762 4698 1830 4755 At
1876 4701 2106 4755 Romani
2155 4703 2209 4756 in
2256 4702 2389 4772 ipsis

829 4792 1110 4848 vertibulis
1138 4802 1505 4856 occurrentes,
1536 4801 1590 4845 et
1618 4791 2016 4861 quodammodo
2052 4793 2271 4848 ensibus
2302 4796 2385 4863 ip-

831 4897 924 4937 sos
956 4882 1303 4951 excipientes,
1339 4881 1607 4949 ingentem
1658 4890 1890 4949 stragem
1936 4882 2237 4935 ediderunt.
2282 4884 2388 4937 Alii

829 4973 974 5029 enim
996 4972 1109 5042 jam
1142 4972 1343 5043 egressi
1385 4973 1568 5027 statim
1617 4972 2115 5039 interficiebantur,
2169 4982 2224 5027 et
2264 4990 2389 5029 mox

831 5063 945 5129 alii,
974 5078 1303 5132 rursumque
1331 5062 1420 5115 alii
1444 5070 1606 5131 atque
1632 5060 1759 5127 alii;
1790 5077 1965 5131 neque
1996 5064 2102 5117 ulla
2133 5073 2250 5118 erat
2288 5080 2393 5119 rte-

831 5154 917 5207 dis
949 5153 1217 5216 remissio,
1245 5153 1500 5207 omnibus
1542 5152 1878 5221 urgentibus.
1907 5151 2024 5206 Jam
2057 5168 2185 5209 vero
2227 5157 2390 5210 etiam

833 5245 1016 5300 multa:
1062 5243 1274 5299 feminae
1323 5242 1509 5298 stratis
1551 5240 1736 5298 eﬂ'usm
1765 5258 1889 5299 cum
1944 5259 2138 5315 magno
2187 5245 2389 5315 ejulatu

2490 4614 2571 4666 νοί
2594 4612 3023 4683 κατεπλήττοντο
3055 4612 3153 4681 μὲν
3177 4609 3253 4681 τῷ
3277 4609 3601 4680 παραλόγῳ·
3629 4610 3700 4663 τά
3729 4610 3793 4663 δὲ
3826 4614 4059 4685 παρόντα

2491 4705 2551 4757 ού
2581 4703 2863 4769 ξυνιέντες,
2888 4703 3033 4772 ὅμως
3074 4702 3424 4773 ἀνεγρόμενοι
3464 4703 3551 4755 ἐπ’
3572 4702 3843 4772 ἀλλήλους
3878 4707 4057 4773 mitia

2496 4798 2636 4850 ἵεντο
2671 4795 2764 4848 καὶ
2817 4792 3297 4864 ξυναθροίζεσθαι,
3333 4794 3491 4855 ἄλλος
3537 4792 3620 4863 [Ρ.
3670 4793 3801 4865 128]
3848 4795 4058 4848 ἄλλοθεν

2493 4887 2903 4957 διεκπηδῶντες.
2948 4883 3087 4936 Ἀλλ’
3110 4884 3155 4915 ⁵⁸
3182 4886 3233 4936 oi
3268 4885 3527 4954 Ῥωμαῖοι
3563 4886 3620 4937 ὲν
3644 4883 3837 4946 αὐτοῖς
3863 4884 3928 4952 δὴ
3960 4886 4059 4943 τιίς

2496 4978 2784 5049 προθύροις
2835 4975 3293 5041 ὑπαντιάζοντες,
3342 4976 3437 5027 καὶ
3463 4974 3655 5044 ὥσπερ
3699 4978 3820 5038 τοῖς
3860 4964 4087 5053 ξίφεσινξ

2491 5070 2685 5132 αὐτοὺς
2713 5068 3063 5139 δεξιούμενοι,
3086 5066 3336 5119 πλεῖστον
3362 5067 3485 5120 ὅσον
3526 5066 3858 5137 εἰργάζοντο
3884 5068 4051 5135 φόνον.

2492 5162 2555 5213 Οἱ
2593 5162 2690 5231 μὲν
2722 5159 2829 5231 γὰρ
2855 5159 2953 5230 ήδη
2985 5158 3241 5220 ἐκϐάντες
3273 5156 3433 5219 εὐθὺς
3458 5157 3751 5227 ἀνῄρηντο,
3782 5158 3965 5229 ἕτεροι
4007 5156 4053 5207 δὲ

2495 5250 2767 5319 παρῆσαν,
2800 5250 2892 5302 καὶ⁵
2923 5247 3071 5301 ἄλλοι
3101 5246 3334 5317 ήμελλον
3356 5248 3424 5311 ⁵⁹,
3457 5248 3549 5300 καὶ
3573 5246 3825 5317 λώφησις
3862 5248 3962 5301 οὐκ
3995 5241 4054 5315 ἦν

2102 5430 2342 5486 VARUE
2372 5430 2502 5487 LEC
2516 5430 2777 5487 t‘lUNES.

900 5582 948 5661 δέ
977 5586 1070 5639 καὶ
1119 5585 1243 5661 1&9
1267 5585 1535 5661 ξυνείχετο
1577 5586 1644 5661 ὃς
1673 5585 1768 5661 Β.)
1815 5589 1860 5620 ⁵⁷
1887 5590 2015 5661 -ὅπῃ
2194 5587 2240 5619 ⁸⁸
2262 5588 2603 5661 διεπτόμενοι
2630 5590 2696 5644 R.
2775 5589 2819 5621 “
2858 5589 2983 5661 τοὺς
3000 5587 3087 5661 _R,
3129 5587 3228 5661 τὰς
3271 5587 3417 5658 vulg.
3491 5584 4046 5661 "jsz'evvngémﬁ-

832 5657 881 5690 "
911 5653 1097 5731 ὥσπερ
1135 5653 1210 5731 Βξ
1232 5653 1549 5731 δεωεῖυιετ
1583 5730 1591 5731 ί
1625 5659 1672 5693 ⁸³
1704 5658 1845 5731 οὕτω
1886 5659 1950 5731 IX-
1988 5653 2263 5731 ","Eiwre
2298 5660 2392 5713 add

2486 5678 2513 5715 κ
2555 5658 2635 5731 Bx
2693 5661 2742 5692 "‘
2779 5660 2969 5731 χρόνου
2999 5658 3063 5723 Β.
3112 5659 3288 5731 χρόνῳ
3310 5653 3472 5731 ναῖκι,
3533 5653 3881 5731 ⁸³ζμηδέγ⁷¹ὶο

831 5726 979 5805 vulg.
1052 5726 1097 5759 “
1123 5728 1241 5782 τότε
1276 5727 1331 5783 δὲ
1356 5726 1426 5786 Β.
1501 5726 1545 5762 ⁵⁷
1576 5729 1887 5785 ὲπικαλέσοι
1920 5729 1987 5796 Β,
2015 5726 2345 5786 ἀποκαλέσοι
2376 5747 2392 5786 l

2486 5748 2521 5803 ς.
2597 5729 2643 5764 ⁵⁸
2668 5726 2829 5796 ἄλλος
2852 5730 2915 5798 Β,
2940 5726 3293 5804 ἄλλουξπιέ.
3371 5726 3423 5763 ⁸³⁷
3446 5728 3480 5802 ἢ
3516 5726 3725 5800 μᾶλλον
3747 5728 3819 5797 Β,
3837 5730 4045 5805 ἔμελλον

832 5797 889 5855 in
918 5811 1009 5870 mg
