4188 6438
761 437 894 498 1511

1961 433 2314 494 ΛῦΑΤΗῙιΈ
2343 434 2823 494 SCHOLASTICI

3873 435 4006 498 1512

761 550 913 613 bant,
949 555 1206 612 tanquam
1240 544 1420 598 omnia
1466 543 1797 598 demolituri.
1831 541 2154 613 Priusquam
2207 559 2336 598 vero

2437 547 2524 598 ἐπ’
2563 548 2746 599 ἐκεῖνα
2772 548 2816 578 ⁸⁸
2846 545 2909 614 δὴ
2936 545 3004 598 τά
3030 545 3138 596 τῶν
3173 547 3459 616 Ῥωμαίων
3484 549 3620 619 ἓρκη
3647 547 3894 617 ἐχώρουν
3934 550 4006 610 ὡς

762 637 1258 708 appmpinquarent
1287 644 1446 702 atque
1475 635 1873 700 obtegerentur-,
1902 633 2184 689 Suarunas
2211 635 2331 704 qui-

761 737 884 785 dam
915 728 1156 788 nomine,
1185 727 1266 780 vir
1296 724 1541 784 Sclavus.
1576 725 1784 780 hastam
1811 725 1946 794 jacit
1973 726 2029 780 in
2053 741 2200 786 eum,
2234 728 2329 795 qui

761 824 944 876 minus
983 828 1156 874 tectus
1187 825 1325 882 erat,
1355 824 1409 870 et
1448 816 1574 871 ferit
1602 817 1872 882 letaliter;
1921 831 2029 886 quo
2065 818 2328 887 collapso,

762 913 945 968 statim
971 926 1197 966 excussa
1229 919 1309 964 est
1337 909 1573 972 testudo,
1609 909 1933 978 inversaque
1956 908 2198 973 corruit;
2249 919 2330 962 at-

762 1018 870 1070 que
898 1002 968 1055 ita
1009 1000 1323 1068 resupinato
1369 999 1487 1066 ejus
1515 999 1635 1052 sinu
1666 1005 1720 1052 et
1764 999 2087 1067 capacitate,
2135 998 2331 1053 ἀδιαιιί

764 1103 893 1148 sunt
925 1093 1222 1161 nudatique
1253 1092 1376 1156 viri,
1409 1105 1548 1158 quos
1579 1088 1807 1144 Romani
1835 1089 1993 1143 facile
2015 1088 2211 1158 jaculis
2241 1105 2334 1159 pe-

764 1192 939 1238 tentes
968 1182 1372 1237 interfecerunt.
1408 1181 1562 1234 Unus
1608 1189 1790 1234 autem
1827 1193 1893 1234 ex
1937 1179 2005 1234 iis
2047 1179 2176 1251 fuga
2206 1195 2335 1235 eva-

763 1283 930 1338 serat,
964 1283 1018 1329 et
1043 1274 1154 1344 jam
1188 1271 1410 1343 propius
1435 1270 1502 1326 ad
1532 1271 1840 1341 praesidium
1871 1279 2113 1334 venerat,
2146 1280 2332 1340 portu-

762 1367 982 1436 lamque
1014 1365 1452 1435 ingrediebatur;
1486 1363 1581 1418 sed
1615 1371 1728 1416 tum
1761 1360 2136 1430 frequentibus
2171 1363 2334 1433 sagit-

761 1456 837 1512 tis
867 1458 1006 1511 ictus
1035 1455 1258 1515 interiit,
1292 1455 1472 1522 ibique
1489 1465 1772 1516 corruens,
1803 1451 1858 1505 in
1889 1451 2076 1506 limine
2099 1452 2330 1520 iacebat,

761 1549 956 1618 exigua
998 1547 1215 1616 quidem
1246 1545 1423 1612 aliqua
1457 1545 1704 1613 corporis
1753 1551 1906 1614 parte
1948 1543 2081 1598 foris
2121 1545 2327 1610 relicta,

761 1640 968 1708 majore
992 1654 1120 1693 vero
1147 1638 1228 1691 sui
1266 1645 1416 1705 parte
1443 1635 1742 1690 introrsum
1774 1645 2076 1704 porrectus.
2114 1633 2167 1689 ld
2197 1650 2326 1689 vero

761 1728 1062 1799 conspicati
1086 1727 1396 1790 Misimiani,
1427 1736 1481 1782 et
1505 1726 1802 1781 infaustum
1831 1740 1896 1780 ac
1935 1727 2088 1780 triste
2133 1726 2201 1780 de
2244 1725 2332 1780 fu-

762 1821 904 1878 turis
931 1835 1088 1875 ornen
1115 1833 1239 1874 esse
1273 1817 1632 1886 interpretati,
1659 1825 1714 1870 et
1744 1816 1946 1885 alioqui
1980 1816 2332 1886 desperantes

2437 638 2652 691 ἅπαντα
2681 637 3135 699 καταϐαλοΰντες.
3189 639 3323 707 Πρὶν
3349 639 3405 690 δὲ
3429 639 3494 708 δὴ
3523 639 3778 702 πελάζειν
3807 641 4008 700 αὐτοὺς

2435 730 2532 784 καὶ
2556 729 3022 799 ὑποκρύπτεσθαι,
3056 729 3396 799 Σουαρούνας
3421 731 3470 760 ⁷⁸
3490 747 3574 793 τις
3604 729 3799 798 ὃνομα,
3827 729 4002 782 Σκλά-

2436 818 2531 882 ϐος
2567 818 2727 890 ἀνὴρ,
2772 820 2965 889 ἀφίησι
3015 819 3142 889 δόρυ
3185 818 3263 889 τῷ
3308 819 3508 889 μᾶλλον
3545 819 4007 889 προφαινομένῳ,

2435 910 2530 962 καὶ
2567 909 2790 980 πλήττει
2840 909 3077 980 καιρίαν.
3126 909 3388 972 Πεσόντος
3436 909 3493 962 δὲ
3539 909 3750 961 ἐκείνου
3801 908 4008 960 αὐτίκα

2435 1000 2751 1071 ὲξετινάχθη
2787 1004 2816 1055 ὀ
2847 1001 3108 1064 σπαλίων,
3143 1004 3236 1056 καὶ⁵
3273 1004 3546 1073 ὴρήριπτο
3576 1001 4008 1070 ἀνατετραμμέ-

2435 1109 2544 1156 νος,
2584 1095 2677 1146 καί
2711 1112 2828 1156 πως
2859 1096 2917 1158 ἐς
2942 1095 3198 1148 τάναντία
3230 1095 3324 1148 τοῦ
3368 1094 3564 1156 κύτους
3590 1093 4007 1163 περιηγμένου,

2435 1185 2867 1240 ἀνεκαλύπτοντο
2889 1189 2940 1240 οἱ
2965 1187 3154 1260 ἄνδρες
3174 1192 3267 1242 καὶ
3290 1186 3721 1257 ἀπεγυμνοῦντο.
3750 1187 3865 1238 Καὶ
3885 1185 4010 1246 τοὺς

2439 1281 2537 1349 μὲν
2568 1280 2608 1311 ⁷¹
2653 1281 2845 1344 ἄλλους
2888 1283 3084 1352 ῥᾳδίως
3129 1283 3178 1334 οἱ
3217 1282 3494 1351 Ῥωμαῖοι
3522 1277 4011 1341 κατακοντίζοντες

2436 1371 2698 1435 ἔκτειναν,
2762 1369 2844 1435 εἷς
2883 1373 2938 1426 δέ
2985 1390 3049 1441 γε
3110 1373 3350 1444 ἀποδράς
3374 1373 3420 1404 ⁷⁸
3475 1372 3679 1441 ᾤχετο·
3746 1371 3844 1423 καὶ
3911 1368 4011 1438 ἤδη

2436 1463 2606 1533 ἀγχοῦ
2636 1465 2898 1531 ἐγεγόνει,
2925 1465 3020 1516 καὶ
3048 1463 3111 1533 δὴ
3142 1463 3400 1516 ἐπέϐαινε
3429 1466 3528 1532 τῆς
3561 1460 3802 1522 πυλίδος.
3848 1457 4012 1510 Ἀλλά

2435 1557 2555 1609 τότε
2584 1556 2778 1626 ἀθρόον
2824 1555 3098 1621 τοξευθεὶς
3124 1554 3517 1623 διαφθείρεται.
3569 1552 3680 1605 Καὶ
3705 1549 3881 1603 αὑτοῦ
3912 1567 4014 1600 κα-

2435 1646 2708 1712 ταπεσὼν,
2759 1647 2899 1715 ὑπὲρ
2930 1645 3022 1698 τὸν
3057 1645 3207 1698 ούδόν
3234 1644 3410 1697 ἔκειτο
3431 1687 3445 1708 ,
3470 1644 3650 1710 ὀλίγον
3693 1643 3799 1711 μέν
3830 1657 3886 1692 τι
3919 1638 4014 1692 τοῦ

2450 1738 2689 1808 πώματος
2723 1737 2908 1809 μεθεὶς
2932 1779 2947 1800 ,
2985 1737 3064 1804 τῷ
3087 1737 3144 1789 δὲ
3175 1735 3378 1789 πλείονι
3412 1735 3569 1805 μέρει
3603 1735 3741 1804 πρὸς
3765 1731 3834 1784 τά
3862 1730 4016 1783 ἔνδον

2439 1830 2902 1901 παρατεταμένος.
2932 1827 3104 1882 Τοῦτο
3124 1829 3180 1882 δὲ
3211 1829 3411 1891 ἰδόντες
3434 1829 3484 1879 oi
3514 1824 3846 1894 Μισιμιανοὶ
3868 1863 3886 1886 ,
3923 1823 4015 1875 καὶ

761 1912 926 1968 etiam
958 1911 1254 1976 laboribus,
1298 1917 1354 1963 et
1389 1907 1650 1963 redeundi
1687 1908 1743 1961 in
1791 1909 2017 1978 gratiam
2053 1923 2176 1962 cum
2227 1907 2334 1962 Ro-

2435 1923 2658 1994 σημείόν
2697 1919 2992 1993 τι,ὀῖμαι,
3029 1922 3139 1974 τῶν
3182 1921 3455 1990 ἐσομένων
3497 1920 3623 1988 πέρι
3671 1918 3918 1986 φευκτόν
3956 1934 4014 1969 τε

765 2003 944 2058 manis
972 2001 1172 2071 cupidi,
1205 2000 1475 2070 praecipue
1505 1997 1649 2070 quod
1682 2014 1862 2068 neque
1889 2000 2024 2068 ipsis
2058 1999 2258 2054 auxilia
2297 2012 2329 2053 a

765 2094 945 2150 Persis
979 2100 1142 2162 prout
1172 2099 1501 2146 convenerat
1530 2091 1843 2146 venissent:
1894 2092 2028 2156 haec,
2087 2092 2328 2161 inquam,

763 2201 950 2242 secum
979 2193 1294 2255 reputantes
1317 2199 1553 2253 suasque
1578 2186 1721 2238 vires
1745 2185 2154 2253 perpendentes,
2185 2183 2330 2252 quod

767 2276 1027 2332 Romanis
1062 2277 1295 2346 impares
1321 2282 1524 2340 essent,
1559 2289 1734 2345 neque
1757 2274 1965 2329 diutius
1986 2274 2179 2329 bellum
2211 2289 2330 2330 sus-

765 2371 934 2422 tinere
967 2376 1204 2437 possent,
1231 2377 1344 2421 tum
1373 2367 1590 2420 demum
1613 2381 1754 2436 aegre
1774 2366 1840 2420 ad
1871 2366 2141 2421 saniorem
2173 2381 2329 2421 men-

767 2473 872 2516 tem
907 2463 1216 2524 redeuntes,
1249 2459 1532 2515 confestim
1564 2467 1808 2513 oratores
1836 2459 1901 2513 ad
1928 2457 2191 2514 Joannem
2223 2458 2329 2512 mi-

766 2563 954 2608 serunt
983 2562 1280 2620 precatum,
1319 2567 1387 2605 ne
1419 2565 1478 2605 se
1507 2551 1572 2604 ad
1605 2550 2028 2605 internecionem
2060 2550 2329 2619 perderet,

764 2657 942 2712 neque
979 2642 1142 2712 250
1187 2641 1426 2697 funditus
1455 2642 1775 2710 exstirparet
1817 2651 2054 2711 gentem,
2099 2642 2210 2710 jam
2261 2641 2331 2696 ab

766 2735 991 2803 antiquo
1022 2735 1280 2787 ltoinanis
1310 2733 1602 2798 subditam,
1635 2742 1690 2787 et
1719 2733 1772 2786 in
1805 2733 2065 2800 religione
2097 2748 2220 2787 cum
2252 2731 2332 2800 ip-

767 2825 1317 2888 sis'convcnientem,
1371 2839 1600 2893 quaeque
1654 2823 2066 2892 quamplurimis
2115 2823 2332 2892 injuriis

766 2930 1084 2986 provocata,
1118 2917 1336 2971 tandem
1371 2917 1437 2970 ad
1468 2915 1839 2986 rependendas
1869 2915 1986 2968 illas
2020 2915 2330 2979 accesserit,

765 3018 932 3079 atque
963 3010 1066 3064 hoc
1095 3009 1312 3077 quidem
1344 3007 1573 3062 barbara
1609 3006 1843 3076 quadam
1879 3000 2152 3071 amentia';
2185 3021 2334 3061 com-

766 3102 1119 3157 miseratione
1151 3110 1328 3155 tamen
1361 3101 1627 3170 veniaque
1674 3114 1733 3154 se
1764 3113 1874 3153 non
1918 3113 2146 3168 prorsus
2195 3098 2337 3153 indi-

767 3206 901 3260 gnos
929 3190 1202 3251 dicebant,
1239 3189 1331 3260 qui
1379 3189 1515 3244 adeo
1555 3188 1666 3258 jam
1717 3186 1920 3241 atrocia
1966 3187 2108 3242 mala
2152 3195 2334 3242 essent

765 3283 1009 3353 perpessi
1048 3282 1292 3351 adeoque
1339 3294 1532 3351 graves
1581 3294 1774 3349 pinnas
1820 3279 2092 3343 luissent;
2148 3287 2337 3347 utpote

764 3375 1132 3445 circumiectis
1186 3373 1438 3442 praesidio
1470 3371 1894 3426 habitationibus
1945 3371 2194 3425 incendio
2241 3370 2338 3423 ab-

767 3466 1022 3534 sumptis,
1071 3473 1126 3518 et
1151 3465 1392 3518 virorum
1441 3470 1599 3516 aetate
1653 3461 1964 3514 ﬂorentium
2014 3475 2120 3512 non
2159 3459 2338 3514 minus

764 3558 1006 3629 quinque
1050 3556 1289 3610 millibus
1335 3552 1658 3616 interfectis,
1716 3549 1934 3606 feminis
1993 3565 2122 3604 vero
2165 3550 2337 3604 multo

767 3649 1015 3720 pluribus
1046 3645 1316 3716 et‘pueris
1346 3644 1526 3699 adhuc
1555 3643 1836 3712 pluribus:
1885 3642 2020 3696 adeo
2057 3650 2116 3695 ut
2143 3656 2334 3711 parum

767 3739 926 3800 absit,
955 3738 1086 3808 quin
1118 3741 1369 3792 universa
1398 3733 1831 3791 Misimianorum
1878 3749 2010 3804 gens
2036 3735 2106 3790 sit
2135 3734 2330 3790 deleta.

766 3827 1003 3886 Joannes
1028 3844 1159 3884 vero
1189 3827 1548 3884 libentissime
1578 3826 1846 3896 supplices
1871 3840 2058 3895 preces
2087 3826 2330 3890 admisit,

766 3923 960 3992 partim
994 3937 1061 3976 ne
1089 3920 1294 3976 diutius
1321 3920 1374 3973 iu
1401 3919 1522 3974 loco
1553 3918 1768 3973 deserto
1794 3925 1850 3970 et
1886 3915 2176 3986 praealgido
2207 3933 2331 3972 cum

766 4015 1008 4070 exercitu
1060 4014 1474 4083 periclitaretur,
1536 4010 1734 4080 partim
1787 4010 1934 4078 quod
1988 4023 2175 4063 revera
2220 4008 2331 4077 jam

768 4106 902 4161 satis
929 4119 1237 4174 poenarum,
1267 4102 1361 4171 qui
1413 4101 1776 4167 deliquerant,
1825 4097 2118 4153 dedissent.
2164 4099 2334 4154 Acce-

768 4199 875 4268 ptis
898 4199 1076 4268 itaque
1110 4196 1390 4252 obsidibus
1415 4195 1674 4262 ornnique
1703 4190 1952 4262 pecunia,
1989 4204 2152 4259 quam
2178 4190 2335 4245 Sote-

769 4289 954 4344 richus
978 4303 1161 4343 secum
1196 4285 1471 4350 attulerat,
1501 4284 1734 4354 aliisque
1771 4285 1954 4348 rebus,
1990 4289 2046 4337 et
2074 4287 2333 4351 praeterea

769 4379 1119 4449 imperatorio
1145 4391 1281 4432 auro
1305 4377 1483 4449 (erant
1508 4389 1637 4430 vero
1659 4373 1870 4428 nummi
1899 4373 2091 4442 integri
2116 4387 2180 4427 ac
2209 4385 2334 4441 pro-

771 4473 826 4527 bi
863 4473 929 4527 ad
957 4472 1095 4527 duas
1135 4469 1426 4541 myriades,
1476 4467 1648 4522 octies
1691 4466 1839 4521 mille
1886 4475 1942 4536 et
1990 4463 2329 4535 octingenti),

769 4565 877 4629 his,
925 4564 1171 4635 inquam,
1221 4561 1477 4617 omnibus
1519 4559 1790 4629 acceptis,
1833 4557 2111 4626 multaque
2151 4555 2328 4624 praeda
2362 4584 2405 4639 υ

769 4657 999 4726 adjecta,
1026 4655 1289 4725 permisit,
1323 4662 1384 4708 ut
1415 4651 1678 4722 intrepide
1712 4663 1899 4704 rursus
1940 4663 2039 4704 sua
2070 4647 2328 4712 colerent,

769 4758 826 4803 et
850 4751 1131 4818 pristinum
1161 4746 1375 4802 vivendi
1403 4760 1573 4816 genus
1605 4746 1989 4798 instaurareut.
2041 4739 2157 4810 Ipse
2203 4753 2331 4793 vero

770 4842 824 4898 in
851 4842 1156 4897 Colchicam
1184 4840 1457 4911 regionem
1489 4846 1572 4894 est
1613 4850 1880 4901 reversus,
1922 4833 2182 4904 inclytum
2215 4831 2332 4902 glo-

773 4938 1085 5006 riosumque
1111 4935 1406 4990 exercitum
1453 4932 1739 4997 reducens,
1773 4929 1904 4986 solis
1938 4926 2156 4999 triginta
2200 4924 2331 4979 viris

770 5027 1109 5083 desideratis.

2432 2015 2522 2068 καὶ
2559 2015 2814 2068 ἀπαίσιον
2837 2013 3194 2085 ἡγησάμενοι,
3218 2011 3393 2074 ἄλλως
3423 2027 3482 2063 τε
3516 2011 3609 2062 καὶ
3641 2008 4017 2078 ἀπειρηκότες

2437 2111 2540 2172 τοῖς
2577 2110 2778 2172 πόνοις,
2809 2109 3030 2178 καὶτῆς
3071 2107 3209 2177 πρὸς
3249 2104 3550 2175 Ῥωμαίους
3599 2101 3942 2172 δυσμενείας
3970 2100 4017 2131 ’³

2428 2199 2894 2266 ἀπαλλαξείοντες,
2935 2199 3168 2269 μάλιστα
3197 2199 3281 2250 ὅτι
3324 2198 3508 2260 αὐτοῖς
3538 2196 3659 2249 οὐδὲ
3685 2197 3721 2264 ἡ
3762 2194 3879 2246 ἀπὸ
3907 2193 4014 2244 τῶν

2429 2293 2657 2365 Περσῶν
2710 2293 2852 2347 κατὰ
2904 2292 2968 2345 τὸ
3016 2291 3368 2361 ξυγκείμενον
3432 2289 3628 2357 ἀφῖκτο
3671 2286 4012 2354 ἐπικουρίαο

2429 2385 2600 2440 ταῦτα
2666 2385 2732 2455 δὴ
2781 2379 2873 2437 οὖν
2917 2383 3370 2450 ἀναλογισάμενοι
3405 2381 3474 2444 ’⁸,
3514 2380 3609 2432 καὶ
3647 2362 3764 2447 ’τὴν
3804 2378 4014 2429 οἰκείαν

2429 2479 2904 2550 ἀναμετρήσαντες
2963 2475 3214 2546 δύναμιν,
3268 2475 3363 2528 καὶ
3417 2474 3498 2526 ὅτι
3553 2473 3654 2525 οὐκ
3713 2471 4016 2540 ἀξιόμαχοι

2430 2570 2644 2624 ἔσονται
2703 2570 2824 2623 οὐδὲ
2889 2567 3194 2641 περαιτέρω
3243 2567 3336 2621 τὸν
3376 2566 3612 2633 πόλεμον
3667 2563 4016 2631 ὑπομενοῦσι

2433 2663 2584 2734 μόλις
2611 2665 2669 2716 ὲν
2707 2662 2785 2732 τῷ
2814 2662 2935 2715 τότε
2976 2660 3105 2728 γοῦν
3137 2657 3592 2728 ἀναμνησθέντες,
3633 2655 3803 2717 εὐθὺς
3845 2658 4016 2724 ἐπρε-

2433 2755 2687 2809 σϐεύοντο
2731 2755 2777 2786 ⁷⁵
2819 2752 2955 2824 πρὸς
2993 2752 3265 2821 Ἰωάννην,
3314 2752 3408 2804 καὶ
3439 2751 3704 2809 ἱκέτευον,
3746 2747 3826 2818 μὴ
3877 2750 4018 2812 σφᾶς

2432 2846 2775 2916 πανωλεθρίᾳ
2821 2843 3161 2912 διαφθεῖραι,
3232 2841 3368 2910 μηδὲ
3420 2840 3777 2908 ἀνάρπαστον
3841 2836 4018 2907 ἄρδην

2432 2936 2758 3009 ποιήσασθαι
2795 2937 2949 3004 γένος
2991 2936 3057 2987 ἐκ
3099 2931 3331 2986 παλαιοῦ
3371 2931 3641 3001 κατήκοον
3681 2930 3784 2982 καὶ
3824 2929 4014 2998 ὁμόδο-

2435 3029 2522 3093 ξον
2549 3028 2615 3082 τὰ
2650 3030 2708 3092 ἐς
2731 3027 2791 3080 τὸ
2827 3027 2980 3080 Θεῖον
3022 3026 3116 3080 καὶ
3153 3023 3378 3078 πλεῖστα
3405 3023 3505 3076 ὅσα
3531 3021 4017 3091 προηδικημένον,

2432 3119 2575 3173 οὕτω
2612 3137 2673 3172 τε
2716 3117 2970 3188 ἐληλυοδς
3017 3118 3076 3181 ἐς
3116 3115 3178 3170 τὺ
3223 3115 3562 3185 ἀντιδρᾶσαι,
3607 3112 3883 3182 βαρϐάρῳ
3928 3111 4020 3163 καὶ

2359 3242 2404 3302 C
2432 3213 2589 3266 τοῦτο
2609 3213 2781 3282 ἀνοίᾳ’
2805 3211 2866 3264 ού
2893 3211 3000 3282 μὴν
3022 3211 3068 3242 ⁷⁸
3089 3209 3403 3262 παντάπασὶ
3428 3223 3492 3276 γε
3519 3205 3739 3274 φειδοῦς
3767 3207 3864 3257 καὶ
3896 3221 4020 3271 συγ-

2434 3304 2660 3376 γνώμης
2695 3303 2911 3370 ἀνάξιοι
2957 3302 3194 3369 ἔφασκον
3222 3297 3360 3354 εἶναι
3381 3339 3396 3363 ,
3432 3297 3672 3351 τοσαῦτα
3722 3297 3828 3366 ήδη
3872 3297 4019 3350 δεινά

2434 3396 2778 3462 πεπονθότες,
2805 3398 2898 3457 καὶ
2925 3395 3187 3465 μεγίστας
3214 3391 3405 3456 ποινὰς
3431 3390 3878 3460 ἀναπλήσαντες,
3918 3405 4016 3442 κα-

2432 3491 2827 3563 ταφλεχθείσης
2869 3488 2969 3560 μὲν
3011 3489 3195 3549 αὐτοῖς
3229 3486 3329 3554 τῆς
3351 3485 3445 3537 τοῦ
3488 3483 3760 3552 φρουρίου
3803 3498 4016 3552 περιοι-

2433 3585 2582 3647 κίδος
2616 3585 2712 3647 η’,
2739 3581 2948 3652 ἀνδρῶν
2980 3580 3036 3634 δὲ
3060 3578 3317 3648 ἡϐώντων
3337 3577 3398 3629 οὐ
3423 3578 3572 3646 μεῖον
3601 3574 3637 3642 ἢ
3663 3589 4016 3642 Minatur.-

2432 3677 2562 3731 λίων
2583 3674 2962 3737 ἀπολωλότων,
2986 3669 3261 3740 γυναικών
3290 3670 3348 3723 δὲ
3377 3667 3557 3737 πολλῷ
3591 3669 3896 3728 πλειόνων,
3927 3668 4016 3718 καὶ

2435 3765 2637 3820 παίδων
2691 3764 2772 3816 ἔτι
2819 3761 3098 3825 πλειόνων,
3137 3759 3213 3822 ώς
3258 3759 3441 3826 ὀλίγου
3478 3774 3543 3825 γε
3603 3758 3649 3788 "
3698 3758 3819 3810 δεῖν
3875 3758 4015 3811 ἀπαν

2433 3857 2753 3928 διαρρυῆναι
2792 3855 2854 3908 τὸ
2892 3853 3078 3922 φῦλον.
3116 3852 3176 3905 Ὀ
3216 3851 3274 3904 δὲ
3328 3851 3578 3919 Ἰωάννης
3625 3851 4016 3918 ἀσμενέστατα

2433 3948 2746 4019 προσήκατο
2780 3947 2880 4016 τὴν
2919 3944 3176 4009 ἱκετείαν,
3207 3940 3303 3994 τοῦ
3332 3958 3393 3994 τε
3430 3940 3504 4010 μή
3537 3942 3633 3992 ἐπὶ
3657 3940 3925 3992 πλεῖστον
3963 3941 4014 3991 ὲν

2431 4039 2614 4110 χωρίῳ
2647 4039 2838 4109 ἐρήμῳ
2873 4036 2966 4089 καὶ
3003 4035 3346 4104 δυσχειμέρῳ
3388 4032 3506 4101 ἃμα
3533 4034 3600 4100 τῇ
3637 4034 3883 4101 στρατιᾷ
3911 4032 4014 4084 διαο

2431 4130 2780 4192 κινδυνεύειν,
2843 4128 2937 4181 καὶ
2985 4127 3068 4179 ὅτι
3131 4123 3500 4195 ἀποχρώντως
3547 4121 3626 4184 ὡς
3678 4121 3916 4191 ἀληθῶς
3968 4125 4010 4174 οἱ

2432 4221 2809 4293 ἡμαρτηκότες
2885 4214 3308 4287 ὲτετιμώρηντο.
3384 4212 3681 4284 Τοιγάρτοι
3764 4215 4008 4283 ὁμήρους

2430 4312 2629 4376 λαϐὼν,
2670 4313 2765 4365 καὶ
2790 4309 2860 4365 τά
2891 4310 3149 4380 χρήματα
3188 4306 3359 4359 ὁπόσα
3391 4306 3421 4356 ὀ
3462 4305 3785 4375 Σωτήριχος
3828 4305 4013 4370 ὲπεςέ-

2433 4421 2577 4476 ρετο,
2606 4403 2676 4455 τά
2692 4419 2750 4455 τε
2779 4401 2912 4455 ἀλλα
2934 4400 3029 4454 καὶ
3056 4399 3188 4469 πρός
3211 4414 3274 4465 γε
3291 4398 3353 4450 τὸ
3381 4398 3445 4450 ἐκ
3469 4395 3742 4464 βασιλέως
3763 4397 4007 4465 χρυσίον·

2430 4508 2500 4580 ἦν
2539 4511 2595 4564 δὲ
2627 4510 2685 4562 ἐν
2723 4509 3057 4580 νομίσμασιν
3094 4505 3336 4560 ἐντελέσι
3369 4522 3428 4557 τε
3465 4505 3514 4535 ’⁸
3558 4501 3658 4554 καὶ
3699 4502 4013 4570 ἀκιϐδήλοις

2431 4609 2737 4681 δισμυρίοις
2757 4624 2816 4661 τε
2836 4609 2929 4660 καὶ
2950 4603 3372 4675 ὀκτακισχιλίοις
3397 4603 3532 4672 πρὸς
3549 4601 3772 4670 ἑτέροις
3793 4604 4015 4655 ὀκτακο-

2434 4711 2590 4774 σίοιςο
2623 4709 2798 4764 ταῦτα
2847 4708 2933 4781 [Ρ.
2964 4707 3086 4778 150]
3121 4705 3186 4776 δὴ
3223 4702 3319 4759 οὖν
3361 4701 3689 4774 ἀπειληφὼς
3737 4705 3838 4756 καὶ
3873 4703 4014 4754 λείαν

2433 4811 2634 4882 πολλὴν
2676 4809 3102 4881 περιϐαλόμενος
3139 4808 3208 4870 ⁷⁸,
3256 4805 3430 4876 ἐφῆκε
3477 4805 3576 4874 μὲν
3603 4803 3797 4868 αὐτοῖς
3853 4801 4012 4860 ἀδεῶς

2435 4908 2592 4975 αὖθις
2618 4911 2686 4965 τὰ
2724 4911 2960 4981 σφέτερα
2990 4908 3254 4979 νέμεσθαι
3278 4945 3296 4970 ,
3323 4906 3420 4959 καὶ
3450 4906 3543 4958 τὸν
3570 4905 3857 4976 πρότερον
3887 4904 4009 4956 ἀνει-

2437 5011 2742 5067 νεώσασθαι
2773 5011 2906 5080 βίον.
2943 5010 3113 5073 Αὐτὸς
3141 5009 3198 5064 δὲ
3231 5008 3326 5062 ἐπὶ
3355 5007 3454 5078 τὴν
3477 5005 3726 5075 Κολχίδα
3782 5006 3890 5073 γῆν
3922 5005 4011 5055 ἑα-

770 5120 990 5189 ανῆκεν,
1018 5117 1228 5174 κλεινὸν
1262 5119 1380 5190 ἅμα
1403 5118 1499 5173 καὶ
1539 5116 1835 5188 ἀγέρωχον,
1878 5112 1975 5167 καὶ
2047 5110 2229 5182 μόνοις
2260 5109 2556 5163 τριάκοντα
2601 5105 2858 5176 ἀνδράσιν
2927 5104 3303 5174 ὲζημιωμένον
3369 5099 3723 5169 ἀποκομίσας
3754 5101 3818 5153 τὸ
3861 5098 4009 5168 στρὰ-

767 5231 968 5286 τευμα.

2043 5438 2276 5496 ἾΑΜᾸΞ
2316 5435 2720 5494 LECTIONES.

842 5675 890 5710 ⁹⁹
922 5675 1007 5728 ἐπ’
1040 5673 1224 5728 ἐκεῖνα
1274 5669 1321 5724 R
1359 5669 1509 5738 (CL),
1539 5667 1798 5723 ἐπέκεινα
1824 5667 1969 5736 vulg.

2045 5666 2091 5697 "°
2116 5664 2385 5719 Summus
2413 5662 2576 5728 intpr.
2651 5657 2695 5690 '”
2739 5656 2838 5727 μὲν
2874 5659 2980 5712 ius.
3011 5671 3073 5709 ex
3106 5654 3173 5728 Β.
3251 5655 3295 5685 ⁷³
3324 5653 3577 5728 ἀποδράς
3603 5655 3675 5716 Β,
3708 5654 4002 5728 ἀποδράσας

769 5725 1174 5816 γριεξὲτόᾴάι
1201 5741 1302 5813 ήδη
1337 5725 1408 5816 Β-
1545 5741 1630 5809 δή.
1706 5741 1755 5816 τ’
1773 5725 2187 5816 δυναξτείᾳςβ.
2336 5725 2918 5816 ἀναλογισάμενοιῗῐὶλ
2932 5727 3278 5808 λογισάμενοι
3303 5726 3478 5816 ιγιιιεζ.¹
3530 5725 3580 5757 ⁷⁵

769 5795 924 5878 alibi}
1068 5795 1238 5883 impr;
1271 5795 1836 5883 particulam'omittit.
1905 5807 1960 5883 1‘
1986 5795 2158 5878 uilli.
2230 5805 2296 5838 "°
2333 5802 2434 5872 τῆς
2457 5795 2552 5854 τοῦ
2583 5795 2680 5872 φὸ.
2720 5815 2847 5870 περ.
2879 5797 2944 5866 Β,
2968 5798 3067 5866 τῆς
3098 5813 3157 5850 π.
3182 5813 3232 5850 τ.
3265 5813 3359 5866 φο.
3387 5797 3539 5867 vulg.
3624 5799 3672 5831 ’τ
3703 5815 3771 5866 γε
3797 5812 3898 5852 θυι.
3937 5795 3997 5846 in.

770 5885 818 5920 ⁷⁸
843 5875 919 5939 τε-
951 5882 1075 5941 add.
1106 5875 1174 5940 ei
1204 5875 1290 5938 ΒΓ
1344 5882 1391 5915 ¹¹⁹
1424 5877 1884 5951 περιϐαλλόμενος
1905 5875 1973 5929 R.
