4188 6438
160 421 272 492 1513

1269 417 1796 484 HISTORIARUM
1831 421 2058 482 IIBER
2087 421 2180 483 IV.

3227 426 3361 496 15M

213 537 306 589 κα.
338 533 484 589 Μετὰ
509 533 566 588 δὲ
597 533 770 588 ταῦτα
816 530 1067 604 βασιλεὺς
1121 532 1512 596 Ἰουστινιανὸς,
1556 531 1689 584 καο-

1857 533 1948 586 21.
2006 532 2131 585 Post
2187 531 2300 586 haec
2349 531 2646 600 imperator
2689 527 3029 586 Justinianus
3073 529 3362 587 Martiuum

156 626 274 682 ελὼν
293 619 592 680 παντάπασι
628 625 727 694 τῆς
754 624 929 694 ἀρχῆς
959 622 1050 675 τὸν
1080 623 1372 694 Μαρτῐνον,
1397 623 1426 676 ό
1452 621 1508 675 δὲ
1553 622 1684 674 ἰου-

158 717 308 769 στῖνον
329 714 414 768 τὸν
451 712 734 786 Γερμανοῦ
764 711 1088 782 καθίστησιν
1113 710 1230 765 ἀντ’
1258 710 1423 763 αὑτοῦ
1455 725 1689 780 στρατη-

153 807 236 878 γδν
262 807 619 879 αὐτοκράτορα
648 806 758 860 τῶν
800 821 861 858 τε
913 805 1054 858 κατά
1103 802 1204 870 τὴν
1244 801 1474 872 Κολχίδα
1504 800 1688 871 χώραν

153 901 237 954 καὶ
263 899 358 953 τῶν
385 901 443 954 ἐν
489 896 750 970 Ἀρμενίᾳ
787 896 1106 965 ταγμάτων.
1137 890 1244 946 Ἦν
1277 893 1374 964 μὲν
1397 892 1506 962 γὰρ
1539 889 1690 960 αὐτῷ

151 991 237 1045 καὶ
265 989 514 1061 πρότερον
542 990 605 1043 οὺ
639 988 784 1061 μάλα
825 987 961 1056 πρὸς
997 983 1170 1055 θυμοῦ
1202 983 1504 1054 πρωτεύειν
1549 982 1692 1034 ἐκεῖ-

149 1095 230 1133 νον
255 1080 488 1133 ἀπάντων
513 1081 610 1132 καὶ
643 1075 975 1147 ἐξηγεῖσθαι,
1005 1075 1080 1138 ὡς
1106 1073 1174 1144 δὴ
1203 1074 1304 1144 τῆς
1329 1071 1469 1126 κατά
1489 1071 1692 1124 Γουϐά-

150 1168 235 1224 ζου
280 1168 562 1237 ἐπιϐουλῆς
607 1168 709 1221 οὒκ
755 1167 1037 1237 ἐλάχιστον
1091 1163 1256 1234 μέρος
1302 1162 1688 1231 γεγενημένον.

148 1259 356 1330 Κατεῖχε
384 1259 438 1313 δὲ
453 1261 499 1292 ⁸⁸
527 1254 666 1322 τέως
695 1259 793 1330 τὴν
827 1258 1055 1329 γνώμην
1098 1257 1191 1309 καὶ
1224 1253 1582 1314 ὐπελάνθανε,
1617 1251 1693 1321 μὴ

147 1351 320 1424 χρῆναι
359 1353 604 1422 οἰόμενος
657 1353 984 1421 ἀνακινῆσαι
1043 1349 1106 1402 τὸ
1152 1349 1319 1419 ἄρχον
1370 1346 1468 1400 καὶ
1523 1361 1691 1416 μετα-

148 1440 488 1495 σκευάσασοαι
533 1441 950 1513 ταραττομένων
985 1438 1065 1491 ἔτι
1099 1437 1210 1491 τῶν
1255 1437 1384 1507 τῇδε
1433 1434 1694 1506 πραγμά-

145 1550 262 1600 των,
291 1534 377 1587 καὶ
402 1533 690 1604 μάλιστα⁸⁸
716 1533 814 1600 τῆς
845 1532 1104 1600 στρατιᾶς
1132 1529 1408 1600 ἡδομένων
1437 1526 1516 1597 τῷ
1546 1529 1696 1597 Μαρ-

145 1623 284 1695 τίνῳ,
333 1625 416 1677 διά
461 1641 520 1677 τε
550 1624 652 1693 τὴν
679 1623 789 1676 τῶν
818 1620 1134 1692 πολεμικῶν
1180 1619 1356 1689 ἔργων
1404 1619 1695 1688 ἐμπειρίαν

149 1712 238 1766 καὶ
260 1713 314 1765 τὸ
341 1711 541 1765 ἕκαστα
586 1713 644 1765 ἐν
688 1711 856 1765 δέοντι
905 1711 1228 1765 διατάττειν.
1281 1701 1356 1762 Ob
1400 1708 1465 1778 δὴ
1510 1708 1692 1772 ἕνεκα,

146 1798 306 1873 οἶμαι,
329 1806 418 1857 καὶ
445 1803 786 1865 διεσέσωστο,
822 1803 943 1855 ἐπεὶ
969 1801 1035 1855 ἂν
1065 1802 1160 1854 καὶ
1185 1799 1347 1862 αὐτὸς
1384 1799 1604 1872 Ἰωάννῃ
1631 1816 1693 1852 τε

146 1895 234 1948 καὶ
265 1895 548 1966 Ῥουστίκῳ
583 1894 959 1964 ξυνετεθνήκει
978 1895 1024 1927 ⁸³
1048 1911 1063 1924 ·
1117 1893 1212 1945 νῦν
1251 1891 1306 1944 δὲ
1338 1890 1530 1962 ὥσπερ
1559 1893 1696 1946 αἰδοῖ
1727 1865 1770 1923 Β

141 1981 245 2035 τῶν
273 1983 536 2054 τροπαίων
573 1983 795 2053 καὶτῆς
844 1981 1149 2044 εὐϐουλίας,
1200 1975 1234 2054 ᾖ
1275 1981 1338 2051 δὴ
1372 1981 1524 2051 παρά
1569 1980 1696 2044 τοὺς

143 2073 400 2136 κινδύνους
422 2075 639 2145 ἐχρῆτο,
671 2073 881 2143 ὑφελὼν
903 2073 1082 2145 ἠρέμα
1106 2072 1200 2126 καὶ
1228 2071 1574 2142 ὐποχαλάσας
1597 2071 1692 2125 τοῦ

138 2162 295 2232 νόμου
311 2163 353 2194 ⁸³
382 2162 444 2216 τὸ
467 2163 586 2216 λίαν
612 2163 837 2234 ἀκριϐὲς
865 2165 959 2216 καὶ
987 2161 1360 2225 ἀτιθάσευτον,
1393 2161 1567 2231 ἐφῆκε
1597 2161 1697 2232 μέν

137 2252 199 2306 τὸ
224 2252 514 2323 ἐπίκλημα,
532 2253 720 2324 ἄρχειν
731 2254 787 2307 δέ
811 2254 872 2306 ού
903 2251 1215 2325 ξυνεχώρει,
1243 2251 1380 2306 ἀλλά
1405 2251 1698 2306 ἰδιωτεύειν

138 2344 393 2408 ἐκέλευεν,
423 2346 616 2416 ἀρκεῖν
644 2346 946 2416 ἡγούμενος
991 2344 1187 2415 ἀτιμίᾳ.
1228 2359 1292 2411 γε
1337 2341 1499 2396 αὐτόν
1529 2359 1700 2415 τιμω-

140 2436 429 2508 ρήσασθαι,
485 2438 533 2489 εί
583 2437 680 2490 καὶ
711 2435 966 2490 τοσούτου
1018 2436 1325 2506 μιάσματος
1367 2434 1695 2506 μετειλήχει.

151 2527 356 2599 Ἐπειδὴ
381 2523 474 2582 οὖν
521 2527 577 2582 οἵ
604 2545 665 2580 τε
685 2529 733 2562 ³⁸
765 2527 971 2600 Πέρσαι
1002 2527 1265 2598 ἠρέμουν,
1296 2530 1390 2582 καὶ
1418 2527 1700 2600 ἐκεχειρία

137 2618 292 2690 ἐῴκει
318 2619 377 2672 τὸ
403 2620 612 2690 χρῆμα,
651 2620 772 2673 τότε
797 2619 860 2689 δὴ
887 2619 980 2673 τὸν
1010 2620 1108 2690 μὲν
1142 2619 1450 2685 ἀπεώσατο,
1487 2619 1704 2673 Ἰουστί·

137 2726 225 2764 νον
250 2709 305 2763 δὲ
345 2711 688 2781 προσήκοντά
737 2710 799 2763 τέ
829 2711 879 2762 oi
913 2709 990 2774 ὡς
1035 2709 1308 2779 ἐγγύτατα
1350 2712 1491 2766 κατά
1524 2713 1700 2780 γένος,

137 2801 232 2856 καὶ
246 2801 422 2865 ’ἄλλως
449 2801 877 2871 ὀνομαστότατον
904 2805 963 2855 ἐν
992 2801 1070 2872 τῷ
1098 2801 1217 2855 τότε
1243 2798 1383 2857 εἶναι
1422 2802 1699 2866 δοκοῦντα,

139 2887 468 2959 μετάκλητω
483 2889 542 2942 ἐν
554 2887 829 2960 Βυζαντίῳ
847 2889 1233 2960 ποιησάμενος,
1246 2890 1461 2945 ἅπασάν
1477 2908 1538 2944 τε
1555 2891 1704 2962 αύτῷ

135 2980 462 3051 παραδίδωσι
483 2980 584 3052 τὴν
603 2981 796 3052 ἀρχὴν,
815 2981 906 3034 καὶ
921 2976 1076 3044 αὖθις
1097 2983 1154 3045 ἐς
1171 2982 1412 3054 Κόλχους
1427 2983 1704 3054 ἐκπέμπει

131 3072 244 3135 τοῖς
269 3071 463 3142 ἐφεξῆς
487 3072 879 3142 ἀρμοσόμενον.
897 3067 1006 3125 Ἦν
1021 3071 1078 3125 δέ
1103 3088 1185 3136 τις
1203 3073 1250 3106 ⁸⁸
1268 3074 1325 3125 ἐν
1341 3072 1418 3142 τῷ
1443 3073 1580 3143 ἀμφ’
1606 3074 1704 3126 αύ-

131 3160 226 3214 τὺν
243 3159 413 3231 ὁμίλῳ
438 3161 689 3231 Ἰωάννης
705 3161 894 3230 ὄνομα,
923 3161 1090 3225 Λίϐυς
1116 3161 1254 3232 ἀνὴρ
1270 3161 1337 3227 ⁸⁸,
1368 3163 1581 3234 ἀφανὴς
1607 3165 1706 3234 μὲν

131 3251 204 3304 τὰ
222 3251 411 3322 πρῶτα
432 3252 528 3304 καὶ
549 3251 971 3323 πενιχρώτατος,
994 3253 1069 3315 ὡς
1085 3253 1180 3307 καὶ
1198 3253 1292 3306 τοῦ
1309 3255 1517 3326 ἀποζῇν
1543 3257 1706 3311 ἕνεκα

133 3341 452 3414 μισθαρνεῖν
474 3342 646 3414 ἑτέρῳ
660 3360 738 3414 τῳ
753 3343 798 3375 ⁸⁷
819 3344 914 3396 καὶ
932 3343 1252 3408 ξυνέπεσθαι
1272 3343 1380 3398 τῶν
1394 3346 1707 3418 δορυφόρων

133 3434 234 3489 καὶ
253 3433 351 3498 τὰς
380 3433 490 3488 τῶν
511 3434 858 3505 Θεραπόντων
884 3435 1098 3502 στέγειν
1122 3434 1333 3499 ὀδύνας,
1364 3437 1426 3488 οὐ
1453 3437 1630 3508 πολλῷ
1651 3438 1708 3492 δὲ

130 3526 362 3596 ὕστερον
394 3527 486 3578 ἐπὶ
521 3525 665 3596 μέγα
695 3526 926 3579 πλούτου
958 3541 1019 3579 τε
1052 3526 1144 3580 καὶ
1187 3525 1503 3591 ἀλαζονείας
1535 3529 1709 3600 ἠρμέ-

128 3632 244 3679 νος.
278 3615 515 3669 Πλεῖστα
539 3615 648 3686 γὰρ
668 3616 768 3668 ὅσα
798 3615 1271 3685 μηχανησάμενος,
1302 3617 1398 3669 καὶ
1419 3616 1506 3671 διὰ
1529 3619 1716 3672 ποικίδ

128 3708 236 3778 λης
261 3707 517 3778 χωρήσας
557 3706 786 3770 ἐννοίας,
817 3705 1143 3776 γνωρίζεται
1170 3707 1270 3759 οὐκ
1290 3705 1345 3770 ἐς
1398 3709 1614 3778 μακράν
1631 3710 1710 3781 τῷ

141 3796 440 3867 Ἰουστίνῳ,
455 3798 709 3860 κάκιστος
726 3797 783 3850 δὲ
798 3796 873 3850 ὣν
890 3796 987 3850 καὶ
1013 3798 1467 3868 πανουργότατος,
1486 3799 1581 3852 καὶ
1600 3798 1709 3864 οἷος

123 3889 285 3945 οὐδὲν
300 3888 478 3942 ὁτιοῦν
500 3888 608 3942 τῶν
629 3888 829 3943 ἀδίκων
846 3905 907 3941 τε
929 3889 1023 3943 κάι
1044 3888 1271 3944 ἀνοσίων
1291 3891 1710 3963 ἐγχειρημάτων

122 3981 364 4052 κέρδους
391 3980 546 4035 ἓκατι
575 3980 990 4045 ἀπαναίνεσθαι,
1021 3981 1182 4052 ῥητόν
1209 3998 1262 4034 τι
1293 3981 1490 4053 μέτρον
1511 3983 1556 4015 ⁸⁸
1585 4001 1713 4054 χρυ-

123 4072 230 4128 σοῦ
273 4074 420 4127 αξτετ
463 4073 554 4126 τὸν
597 4072 922 4145 στρατηγὸν,
970 4072 1268 4144 ὁμολογῶν,
1322 4075 1370 4127 εί
1409 4075 1708 4144 κομίσοιτο,

117 4163 282 4234 αύτῷ
323 4180 386 4216 τε
426 4162 506 4235 τῷ
537 4165 872 4234 παρασχόντι
906 4165 963 4228 ἐς
997 4165 1118 4218 ὅσον
1146 4164 1212 4219 ἂν
1257 4166 1432 4220 ἕλοιτο
1447 4166 1491 4198 ³⁸
1522 4169 1711 4238 χρόνον

115 4258 196 4311 τὰ
239 4257 525 4326 ἐπιτήδεια
556 4257 880 4328 προσφόρως
913 4258 1310 4328 ὲκποριεϊσθαι,
1355 4259 1448 4312 καὶ
1483 4261 1616 4331 πρός
1645 4276 1710 4328 γε

116 4348 332 4404 ὁπόσον
360 4349 544 4420 παρῆν
574 4349 792 4420 θητικόν
829 4367 890 4403 τε
924 4350 1016 4404 καὶ
1045 4350 1249 4414 δοῦλον,
1289 4352 1382 4404 καὶ
1422 4352 1533 4406 ὅσοι
1563 4352 1710 4408 ἄλλοι

116 4441 216 4515 [Ρ.
241 4438 379 4513 151]
404 4441 591 4494 ὀπαδοί
620 4458 680 4494 τε
706 4443 799 4495 καὶ
821 4442 1090 4512 ὑπηρέται
1123 4443 1219 4496 καὶ
1239 4443 1547 4514 δορυφόροι,
1575 4443 1712 4497 ἀλλὰ

1787 622 2104 694 praefectura
2132 623 2184 676 in
2213 622 2524 676 universum
2541 621 2833 689 submovit,
2856 622 3018 692 inque
3037 621 3156 691 ejus
3185 621 3361 678 locum

1795 713 2071 770 Justiimm
2097 715 2353 770 Germani
2379 713 2548 768 lilium
2580 713 2794 770 suffecit
2814 753 2829 776 ,
2864 714 3019 784 25],
3051 714 3146 786 qui
3181 715 3366 770 omni-

1790 807 1892 862 bus
1932 821 2028 877 per
2053 805 2364 861 Colcliicam
2399 807 2672 875 regionem
2709 812 2764 859 et
2793 805 3102 860 Armeniam
3136 805 3364 876 legioni-

1792 898 1894 952 bus
1919 912 2043 952 eum
2077 898 2229 967 plena
2255 898 2617 967 absolutaque
2649 907 2918 967 potestate
2955 908 3228 967 praeesset.
3259 898 3366 953 Ne-

1791 1002 1896 1056 que
1917 987 2062 1042 enim
2093 987 2196 1056 ipsi
2225 987 2386 1040 etiam
2414 995 2574 1041 antea
2605 987 2759 1042 valde
2782 996 2994 1058 gratum
3020 995 3155 1050 erat,
3181 985 3366 1042 Marti-

1793 1093 1919 1131 num
1947 1077 2151 1146 primas
2179 1076 2427 1131 obtinere
2454 1077 2819 1146 omnibusque
2854 1079 3141 1146 imperare,
3166 1079 3365 1148 quippe

1793 1166 1886 1233 qui
1909 1165 2119 1221 fraudis
2156 1166 2210 1220 in
2251 1165 2522 1220 Gubazem
2569 1176 2791 1221 structa:
2828 1182 2936 1221 non
2969 1167 3192 1221 minima
3239 1181 3368 1238 pars

1795 1255 2005 1322 fuerat;
2047 1267 2278 1314 mentem
2310 1266 2489 1312 tamen
2519 1272 2673 1312 suam
2705 1258 2934 1327 tegebat,
2967 1259 3369 1328 consiliumque

1795 1346 2106 1401 occultabat
2131 1347 2197 1400 ad
2228 1355 2463 1416 tempus,
2493 1360 2837 1416 nequaquam
2864 1345 3246 1402 concitandum
3272 1358 3370 1402 aut

1795 1436 2194 1494 immutandum
2227 1438 2591 1509 principatum
2625 1453 2748 1494 esse
2777 1446 2930 1493 ratus
2950 1477 2966 1503 ,
2995 1439 3159 1496 rebus
3189 1441 3368 1496 adhuc

1795 1545 1861 1586 eo
1891 1531 1995 1585 loci
2036 1529 2395 1599 perturbatis,
2437 1529 2706 1598 praecipue
2750 1544 2874 1582 cum
2921 1530 3194 1598 gratiosus
3225 1527 3369 1598 apud

1796 1621 2094 1675 exercitum
2129 1630 2274 1674 esset
2303 1619 2586 1684 Martinus,
2624 1636 2746 1672 cum
2781 1620 2852 1674 ob
2882 1621 2956 1674 rei
2984 1620 3190 1674 bellicae
3223 1619 3369 1690 peri-

1799 1711 1962 1772 tiam,
1998 1720 2112 1763 tum
2141 1709 2285 1778 quod
2327 1720 2629 1778 opportune
2657 1709 3196 1775 singultum-dirimet.
3237 1707 3370 1773 Qum

1798 1802 2016 1872 quidem
2067 1817 2156 1858 res
2189 1801 2350 1856 saluti
2393 1801 2482 1864 ei,
2515 1809 2574 1854 ut
2607 1801 2870 1861 arbitror,
2900 1799 3038 1854 fuit:
3073 1815 3196 1854 nam
3234 1800 3372 1853 alio-

1797 1891 1929 1961 quin
1962 1892 2126 1946 etiam
2156 1891 2259 1960 ipsi
2293 1904 2417 1946 cum
2446 1888 2657 1945 Joanne
2686 1901 2738 1945 et
2771 1887 2994 1945 Rustico
3027 1890 3372 1945 moriendum

1797 1979 2010 2037 fuisset.
2044 1979 2200 2037 Nunc
2228 1995 2356 2036 vero
2397 1981 2698 2038 reverentia
2742 1981 2976 2052 quadam
3018 1981 3373 2037 victoriarum

1796 2080 1850 2127 et
1879 2072 2219 2142 prudentiae,
2270 2088 2377 2142 qua
2425 2073 2481 2127 in
2532 2073 2728 2143 quovis
2766 2073 3080 2129 discrimine
3123 2073 3375 2128 adeundo

1799 2165 2052 2219 utebatur
2070 2206 2085 2228 ,
2111 2164 2178 2218 de
2200 2179 2416 2219 summo
2437 2163 2560 2233 jure
2583 2164 2830 2219 nonnihil
2863 2165 3174 2230 detrahens,
3209 2163 3374 2234 legis-

1798 2271 1907 2326 que
1950 2254 2277 2325 rigiditatem
2327 2255 2808 2325 austeritatemque
2853 2263 3164 2325 temperans
3211 2264 3376 2324 atque

1798 2346 2080 2409 edulcans,
2117 2346 2322 2400 crimen
2354 2346 2570 2415 quidem
2605 2347 2654 2400 ei
2695 2347 2940 2410 remisit,
2978 2347 3246 2418 imperare
3276 2363 3378 2404 au-

1802 2443 1908 2491 tem
1947 2451 2051 2489 non
2082 2437 2357 2506 permisit,
2391 2437 2482 2490 sed
2516 2437 2780 2506 privatam
2813 2438 2976 2491 vitam
3009 2452 3168 2506 agere
3189 2437 3372 2508 jussit,

1801 2527 2046 2581 sullicere
2073 2537 2244 2592 ratus,
2276 2529 2321 2582 si
2350 2529 2523 2597 ipsum
2557 2528 2853 2598 ignominia
2887 2528 3142 2592 afﬁceret,
3175 2531 3372 2585 etiam-

1803 2619 1850 2674 si
1877 2621 2009 2674 tanti
2040 2621 2263 2676 sceleris
2285 2621 2554 2691 particeps
2586 2621 2795 2676 fuisset.
2823 2623 2958 2676 (lum
2989 2623 3171 2693 itaque
3200 2621 3377 2679 Persae

1803 2711 2167 2782 quiescerent,
2198 2722 2480 2782 statusque
2518 2710 2954 2768 rermninduciis
2986 2721 3132 2768 esset
3157 2714 3377 2777 similis.

1804 2802 1952 2856 hunc
1991 2802 2210 2870 quidem
2253 2802 2562 2867 submovit,
2613 2800 2828 2856 Justino
2863 2816 3029 2864 vero,
3071 2803 3379 2859 arctissima

1803 2892 2212 2962 propinquitate
2255 2893 2468 2962 generis
2512 2892 2614 2948 sibi
2661 2893 2991 2962 conjuncta,
3039 2901 3094 2947 et
3135 2893 3376 2963 alioquin

1805 2979 2027 3032 maximi
2059 2994 2155 3048 per
2193 2977 2245 3033 id
2286 2987 2499 3048 tempus
2539 2980 2812 3046 nominis,
2848 2979 3164 3050 Byzantium
3207 2980 3275 3035 ad
3319 2997 3380 3037 se

1806 3078 2064 3132 evocato,
2111 3068 2424 3124 universum
2469 3069 2756 3138 imperium
2799 3071 3027 3134 detulit,
3077 3087 3381 3144 rursusque

1811 3159 1876 3212 ad
1913 3159 2146 3214 Colchos
2188 3160 2379 3226 misit,
2424 3163 2608 3216 omnia
2651 3163 2906 3232 deinceps
2947 3164 3376 3222 moderaturnm.

1808 3250 1970 3320 252
2003 3251 2126 3306 Erat
2157 3261 2336 3307 autem
2369 3254 2588 3323 quidam
2619 3255 2672 3308 in
2707 3255 2864 3310 turba
2895 3257 3073 3326 ipsum
3098 3269 3376 3330 sequente,

1807 3342 2045 3398 Joannes
2075 3345 2292 3400 nomine
2313 3387 2328 3412 ,
2359 3345 2516 3411 Afer,
2551 3347 2635 3401 vir
2669 3349 2937 3404 obscurus
2968 3349 3184 3420 quidem
3221 3351 3380 3406 initio

1807 3442 1863 3489 et
1889 3436 2301 3504 pauperrimus,
2339 3437 2474 3492 adeo
2506 3447 2564 3492 ut
2595 3439 2766 3493 vietus
2788 3440 3062 3509 qumrendi
3093 3456 3259 3496 causa
3297 3443 3380 3498 al-

1809 3526 1910 3580 teri
1960 3525 2197 3595 cuipiam
2241 3528 2634 3583 merceuarimn
2677 3545 2833 3583 suam
2880 3544 3100 3599 operam
3136 3531 3378 3594 locaret,

1809 3623 1864 3670 et
1892 3617 2153 3672 satellites
2177 3625 2498 3684 sectaretur,
2521 3625 2575 3673 et
2605 3620 2978 3674 ministrorum
3000 3621 3212 3676 labores
3248 3621 3380 3676 sub-

1811 3709 1951 3774 iret,
2004 3723 2112 3762 non
2153 3709 2328 3763 multo
2373 3718 2554 3763 autem
2613 3719 2736 3779 post
2773 3711 2841 3764 ad
2881 3727 3125 3766 summas
3161 3727 3293 3782 opes
3327 3722 3383 3767 et

1813 3797 2011 3853 fastum
2055 3798 2252 3852 elatus.
2295 3797 2736 3867 Quamplurimas
2781 3800 2926 3854 enim
2969 3800 3194 3857 teebnas
3230 3817 3384 3858 com—

1811 3897 2102 3958 mentaque
2145 3905 2268 3943 rum
2312 3891 2701 3959 excogitasset,
2743 3891 3032 3948 iunotcscit
3067 3894 3215 3949 brevi
3261 3907 3387 3964 post

1811 3991 2051 4050 tempore
2078 3979 2296 4035 Justino
2320 4021 2335 4044 ,
2385 3981 2752 4051 nequissimus
2779 3982 2980 4050 alioqui
3017 3984 3288 4039 cxsistcus
3330 3996 3386 4040 et

1813 4071 2243 4134 versutissimus,
2271 4071 2474 4140 quique
2501 4071 2707 4125 nullum
2731 4071 2888 4140 plane
2912 4073 3155 4140 iniquum
3182 4073 3388 4141 impro-

1813 4164 2050 4234 bumque
2075 4164 2277 4218 factum
2307 4171 2548 4234 quaestus
2579 4180 2743 4218 causa
2771 4172 3068 4220 recusaret.
3098 4163 3149 4219 Is
3177 4178 3381 4222 certam

1813 4257 2102 4326 quamdam
2134 4257 2253 4311 auri
2280 4272 2551 4312 summam
2579 4272 2606 4310 a
2637 4255 2892 4326 praefecto
2915 4255 3066 4326 petit,
3087 4258 3382 4327 spondens,

1814 4350 1858 4404 si
1887 4364 2004 4403 eam
2036 4347 2294 4414 auferret,
2321 4358 2375 4403 et
2397 4348 2522 4418 ipsi,
2550 4348 2643 4418 qui
2675 4363 2795 4403 eam
2828 4348 2998 4414 daret,
3029 4347 3083 4402 in
3117 4358 3383 4420 quantum

1813 4443 1989 4504 vellet,
2015 4451 2227 4512 tempus
2273 4451 2636 4497 commeatum
2684 4440 2969 4496 commode
3012 4443 3387 4512 suppeditatu-

115 4532 224 4587 καὶ
255 4531 451 4585 τούσδε
481 4533 727 4596 ἅπαντας
754 4533 852 4603 τῆς
880 4533 1263 4605 προσηκούσης
1303 4535 1511 4605 τροφῆς
1549 4536 1712 4606 ἐμπι-

1819 4550 1936 4588 rtnn
1964 4573 1978 4596 ,
2006 4542 2060 4586 ct
2098 4539 2356 4602 praeterea
2394 4531 2657 4601 quidquid
2695 4530 2796 4601 ipsi
2835 4532 3022 4585 aderat
3056 4531 3383 4586 fainulorum

113 4625 358 4680 πλάναι.
411 4624 597 4678 Ταῦτα
643 4625 700 4678 δὲ
747 4627 1000 4695 πράττων
1046 4626 1414 4696 ἐπηγγέλλετο
1449 4627 1509 4680 ού
1553 4629 1713 4699 μόνον

110 4715 452 4771 ἀποσώσειν
480 4715 527 4748 ⁹⁶
571 4716 632 4769 τὸ
675 4717 898 4786 χρυσίον
947 4716 1093 4771 ἀπαν
1142 4717 1238 4770 καὶ
1281 4717 1711 4772 ἀντικαθείναι⁹¹

105 4810 333 4865 ὁπόσον
360 4807 430 4863 ἂν
459 4807 632 4870 λάϐοι,
664 4808 874 4871 ἐντελὲς
904 4809 997 4861 καὶ
1024 4807 1323 4879 ἀλώϐητον,
1355 4808 1542 4880 ὥσπερ
1570 4810 1715 4862 ἐκδε-

104 4900 524 4971 δανεισμένον,
571 4898 707 4954 ἀλλά
756 4900 864 4970 γὰρ
917 4900 1013 4953 καὶ
1055 4901 1242 4972 ἕτερον
1275 4901 1711 4972 προσεπιδοῦναι.

105 4993 236 5047 Καὶ
273 4991 463 5044 ἐδόκει
497 4991 597 5061 μὲν
633 4991 746 5052 τοῖς
780 4990 994 5054 πολλοῖς
1035 4991 1246 5062 κόμπος
1283 4991 1423 5048 εἶναι
1469 4993 1566 5047 καὶ
1605 4987 1719 5046 οἷον

103 5085 372 5156 αἴνιγμα
403 5083 464 5136 τὸ
502 5084 821 5154 εῐρημένονο
865 5083 895 5136 ό
935 5082 992 5136 δὲ
1041 5084 1342 5148 Ἰουστϊνος,
1382 5085 1558 5139 καίτοι
1600 5084 1719 5138 δέον

100 5179 299 5237 αὐτὸν
331 5179 635 5249 νεμεσῆσαι
671 5181 739 5249 τῇ
784 5176 878 5231 τοῦ
911 5176 1110 5242 Λίϐυος
1142 5176 1456 5250 ἁϐελτηρίᾳ,
1489 5175 1716 5230 ἐπιστά-

1816 4634 1871 4678 et
1919 4638 2232 4690 servorum,
2274 4629 2543 4693 quotquot
2586 4622 2750 4675 etiam
2808 4631 2963 4677 erant
3009 4622 3288 4676 domestici
3333 4631 3388 4676 ct

1818 4715 2050 4770 ministri
2091 4731 2156 4770 ac
2192 4715 2482 4778 satellites,
2512 4729 2704 4770 omnes
2744 4715 2844 4769 hos
2895 4715 3204 4771 necessario
3243 4715 3384 4770 victu

1819 4807 2169 4876 repleturum.
2203 4807 2378 4877 Atque
2410 4807 2523 4862 haec
2547 4806 2765 4876 quidem
2805 4805 3005 4860 faciens
3045 4806 3391 4877 promittebat

1817 4915 1874 4952 se
1899 4913 2004 4952 non
2035 4897 2213 4952 solum
2244 4913 2436 4952 aurum
2475 4898 2790 4952 universum
2822 4897 3193 4963 redditurum,
3221 4907 3276 4952 et
3302 4914 3390 4952 re»

1825 4989 2133 5058 positurum
2160 5027 2176 5054 ,
2225 4996 2490 5059 quantum
2536 4989 2872 5059 accepisset,
2913 4985 3182 5058 integrqu
3215 5003 3391 5058 neque

1824 5081 2171 5136 imminutum
2199 5122 2215 5146 ,
2251 5089 2311 5136 ut
2342 5090 2532 5136 mutuo
2561 5081 2780 5144 datum,
2822 5080 2914 5136 sed
2948 5089 3002 5135 et
3031 5079 3176 5134 aliud
3213 5093 3392 5133 usura:

1823 5171 2040 5228 nomine
2059 5173 2410 5243 superadditu
2420 5189 2557 5227 rum.
2585 5172 2650 5226 Et
2667 5172 2945 5226 ridebatur
2965 5171 3180 5240 quidem
3205 5169 3392 5224 multis

97 5288 296 5345 μενον
332 5271 416 5334 ὡς
443 5271 544 5324 οὐκ
578 5269 645 5324 ἂν
674 5270 774 5342 τὴν
803 5269 1096 5339 ὑπόσχεσιν
1131 5269 1431 5324 διανύσειεν
1457 5268 1532 5340 μὴ
1555 5267 1713 5322 ἄδικα

1823 5264 2001 5321 inanis
2022 5265 2269 5335 quaedam
2288 5264 2551 5334 jactantia
2575 5273 2629 5318 ct
2655 5263 2927 5334 mnigmati
2955 5261 3112 5317 aliine
3136 5262 3341 5315 dictant
3375 5277 3388 5313 :

1431 5465 1670 5530 VARle
1707 5460 2115 5523 LECTIONES.

169 5612 232 5645 ⁸⁸
263 5610 334 5663 δὲ
359 5625 478 5664 om.
508 5609 572 5663 ll.
648 5609 690 5642 ⁸⁸
716 5610 813 5680 καὶ,
842 5611 1073 5680 μάλιστα
1105 5610 1174 5672 Β,
1213 5609 1340 5679 μάλ.
1364 5610 1458 5680 καὶ
1480 5609 1639 5680 vulg.
1656 5609 1754 5680 τῆς
1789 5607 2050 5680 στρατιᾶς
2079 5601 2537 5680 Βριμιιιιεότσῶν
2557 5600 2655 5680 τῆς
2679 5597 2944 5680 στρθύςτ
2968 5611 3033 5651 ex
3061 5587 3393 5680 ειξρξᾋῗξιέᾳ.

74 5687 137 5718 ⁸⁸
177 5663 400 5735 συνετί.
427 5681 571 5748 vulg.
646 5680 693 5712 ⁸³
731 5663 969 5748 τοΰῦομα
997 5663 1174 5745 “pro.
1192 5663 1286 5733 τοῦ
1315 5679 1504 5747 νόμου.
1529 5663 1920 5731 ἅτἰθάᾶσευτον
1954 5663 2143 5748 vulg.“
2177 5675 2225 5748 ξι
2250 5663 2460 5748 siadd.
2488 5663 2645 5748 ωερε
2702 5663 2764 5748 ,⁸⁵
2794 5664 2862 5739 ῆν
2887 5667 2956 5748 δξς
2975 5683 3097 5748 τις-ο,
3116 5663 3393 5748 ιιίςςφεξξο

72 5753 197 5808 nia
239 5765 441 5818 usque
471 5737 920 5818 θιῖὲπιχειρητέὲι
969 5767 1020 5817 p.
1052 5737 1180 5803 £5.35.
1205 5751 1290 5805 ed.
1310 5737 1485 5802 Bu'nn.
1520 5765 1569 5801 ν.
1598 5749 1688 5802 23.
1713 5763 1823 5802 om.
1857 5748 2024 5815 intpr.
2048 5737 2076 5747 ⁷
2098 5741 2470 5818 ⁸⁸-ἅνηρδν-
2547 5741 2590 5773 ⁸⁷
2631 5741 2801 5818 ἑτέρῳ
2821 5737 2886 5792 τε
2914 5737 2977 5792 Β.
3008 5805 3021 5818 ο

678 5806 692 5818 δ

3075 5731 3295 5781 ’μέρος
3325 5726 3390 5781 Β.

72 5731 211 5808 ηἰει⁷
232 5731 441 5818 iisque
471 5731 920 5818 οιῖέπιχειρητέᾶ
940 5731 1180 5817 νιιίέῖἷδ.
1205 5731 1290 5805 ea}
1310 5731 1485 5802 Βιῖιιιι.
1520 5765 1569 5801 v.
1598 5749 1688 5802 23.
1713 5763 1823 5802 om.
1857 5748 2024 5815 intpr.
2047 5731 2078 5747 ν
2098 5745 2146 5778 ⁸⁸
2173 5743 2374 5868 ἀνηρδν
2408 5741 2470 5795 Β.
2547 5741 2590 5773 ⁸⁷
2631 5731 2886 5828 ἑτέρωσε
2914 5737 2977 5792 Β.
3008 5805 3021 5818 ο
3053 5732 3098 5765 ⁸³
3133 5731 3295 5855 μέρος
3325 5731 3390 5781 Β.

71 5824 135 5858 ⁸⁹
171 5821 372 5891 ἓληον
401 5819 468 5873 Β.
509 5819 553 5851 ⁹⁰
575 5817 880 5872 ἀποσώσειν
904 5820 950 5872 lt
980 5829 1034 5874 et
1062 5818 1233 5888 Lugd.
1255 5821 1279 5874 1
1303 5835 1382 5887 ιιι,
1404 5818 1706 5874 ἀποδώσειν
1725 5819 1948 5889 vulg.cx
1975 5831 2120 5873 corr.
2153 5814 2288 5885 Lnga
2311 5854 2326 5870 .
2352 5815 2409 5846 ⁸⁸
2430 5811 2870 5868 ἀντικαταοειναι
2899 5822 3046 5874 conj.
3067 5800 3196 5860 οι).
3235 5798 3306 5869 ὕῃ
3325 5798 3390 5851 Β.

391 5929 663 5990 Ρχιπιιοι..
709 5929 846 5988 Gn.-
867 5926 1212 5988 LXXXVIII
1229 5973 1245 5990 .
2947 5915 3021 5976 48
