4188 6438
165 539 290 606 1517

1286 531 1816 609 HISTORIARUM
1851 530 2082 592 LIBER
2113 533 2213 594 IV.

3256 538 3393 604 1518

162 650 331 704 ποιῶν
357 648 418 702 τὸ
450 645 810 717 φασκὼλιοντ.
850 640 1088 713 Ἥμελλε
1117 638 1173 691 δὲ
1210 638 1318 709 ἄρα
1359 642 1535 709 χρόνῳ
1565 637 1720 689 ὓστε-

1844 647 2081 692 ιταξιεινεα
2108 638 2405 708 pleniorem
2433 639 2848 709 gravioremque
2884 639 3047 712 255
3077 656 3394 703 crumenam

163 757 252 809 ρον
287 737 474 801 ποινὰς
511 735 749 807 μεγάλας
775 732 964 803 ἡλίκας
994 725 1362 782 ἀποτιννύναι.
1407 726 1466 777 Ei
1494 725 1602 795 γὰρ
1632 723 1726 775 καὶ

163 828 390 898 μυρίους
431 826 571 897 μετά
613 824 787 878 ταῦτα
833 822 1047 888 διήνυσε
1081 816 1295 879 πόνους,
1338 815 1434 868 καὶ
1469 813 1727 884 μέγιστον

159 922 330 990 ἤρατο
361 917 516 981 κλέος
565 916 710 986 ἀμφὶ
751 913 845 967 τὸν
888 913 1098 979 Ἴστρον
1144 906 1409 977 ποταμὸν,
1461 905 1560 968 τάς
1617 904 1726 956 τῶν

159 1012 447 1083 βαρϐάρων
484 1007 784 1079 ἐπιδρομὰς
812 1005 1152 1066 ἀνακόπτων,
1185 1000 1298 1054 ἀλλ’
1328 999 1477 1052 οὐδὲν
1519 997 1727 1050 ἐνθένδε

160 1107 194 1172 ἡ
218 1101 309 1155 τοῦ
337 1100 656 1172 Κρείττονος
683 1094 987 1150 ὲθωπεύετο
1009 1094 1154 1163 δίκη,
1172 1093 1292 1145 οὐδὲ
1319 1091 1527 1154 τούτοις
1547 1092 1728 1144 ἐκεῖνα

162 1191 562 1246 ἐπεκαλύπτετο
583 1206 598 1220 ·
657 1188 813 1257 έμενε
837 1187 912 1250 δὲ,
942 1182 1115 1255 οἶμαι,
1141 1182 1451 1252 ἠρεμοῦντα
1480 1183 1571 1236 καὶ
1600 1183 1731 1249 ἐφυ-

161 1286 384 1340 λάττετο
415 1282 621 1352 μόνιμα
643 1279 736 1332 καὶ
763 1279 1087 1346 ἀνάγραπτα
1110 1275 1271 1345 μέχρι
1299 1273 1392 1326 τοῦ
1421 1271 1613 1343 καιροῦ
1635 1271 1728 1325 τοῦ

163 1372 512 1441 καθήκοντος.
550 1369 624 1422 Οὐ
654 1367 760 1438 γὰρ
797 1365 913 1434 ἅμα
941 1364 1019 1434 τῷ
1046 1361 1386 1433 πλημμελεῖν
1415 1361 1626 1424 καὶτὰς
1654 1379 1732 1414 τι·

162 1461 373 1529 μωρίας
406 1455 830 1526 ἀναμετρεῖσθαι
876 1452 1222 1521 πεφύκαμεν,
1271 1452 1408 1521 μετά
1444 1451 1633 1520 χρόνον
1674 1451 1729 1503 δὲ

158 1554 232 1609 ὡς
262 1551 329 1602 τὰ
371 1548 543 1602 πολλὰ
567 1547 658 1600 καὶ
690 1546 819 1608 ἴσως
849 1545 1011 1615 ἡνίκα
1047 1542 1159 1595 τῶν
1193 1542 1572 1613 εἰργασμένων
1606 1543 1730 1594 ὲπι-

157 1637 485 1708 λιλήσμεθα.
510 1639 618 1690 Καὶ
639 1634 918 1705 ἀνιώμεθα
938 1635 1038 1705 μὲν
1061 1634 1121 1688 τὸ
1145 1634 1456 1705 παραυτίκα
1476 1636 1586 1696 τοῖς
1609 1633 1731 1686 καθ’

159 1729 318 1798 ἡμῶν
361 1729 719 1797 γιγνομένοις,
769 1728 843 1788 ὡς
889 1725 1218 1797 παραλόγως
1265 1725 1360 1778 καὶ
1388 1725 1488 1776 οὐκ
1530 1725 1586 1776 ὲν
1611 1723 1735 1794 δίκῃ

160 1819 566 1896 συμῦεόηκὸσι,
617 1821 710 1871 καὶ
770 1817 1182 1888 καταιτιιῦμεθα
1240 1815 1465 1886 ςθόνους
1522 1814 1736 1885 ἀνθρω-

159 1915 352 1976 mica;
412 1912 570 1982 τυχὸν
629 1914 721 1964 καὶ
775 1911 1118 1982 δυσμενείας,
1175 1909 1250 1974 ὡς
1308 1911 1372 1963 ὲκ
1417 1905 1624 1962 τούτων
1673 1906 1735 1958 οὐ

160 2005 513 2074 προσήκοντα
558 2003 924 2065 πεπονθότες*
971 2002 1032 2054 τὺ
1079 2002 1136 2055 δὲ
1181 1997 1400 2071 ξυνέχον
1451 2000 1598 2070 ἡμᾶς
1647 1998 1740 2051 καὶ

157 2094 770 2164 διαταττονὲπίσταται
809 2093 868 2145 τὸ
913 2091 1120 2164 πρέπον
1158 2093 1372 2162 ἑκάστῳ
1406 2093 1501 2144 καὶ
1541 2089 1742 2158 ὀφειλό-

163 2205 350 2256 μενον,
399 2185 493 2238 καὶ
534 2187 720 2254 τρόπῳ
763 2185 910 2254 ὃτῳ³
961 2184 1055 2235 καὶ
1097 2181 1347 2252 βούλεται
1399 2180 1607 2252 μέτεισι
1648 2180 1742 2234 καί⁹

159 2278 433 2347 ἀνιχνεύει
480 2278 548 2330 τὰ
592 2277 772 2347 πολλῷ
825 2275 1134 2346 ἔμπροσθεν
1171 2274 1556 2347 ἡμαρτημένα.
1603 2273 1740 2326 Ἀλλ’

161 2373 334 2421 ὁποία
359 2367 458 2438 μὶν
490 2369 625 2422 ἄττα
647 2368 741 2420 ἐπὶ
776 2369 1043 2436 Ἰουστίνῳ
1073 2367 1298 2437 ὕστερον
1330 2363 1626 2435 ξυνηνέχθη
1647 2363 1742 2417 καὶ

160 2461 316 2522 ὅπως
341 2457 489 2528 αύτῷ
519 2459 554 2530 ἡ
581 2456 676 2511 τοῦ
710 2457 824 2528 βίου
852 2459 948 2512 καὶ
976 2457 1075 2526 τῆς
1100 2455 1368 2526 τοσαύτης
1398 2452 1743 2524 εὐδαιμονίας

162 2551 464 2614 κατάλυσις
497 2549 758 2620 ἀδόκητος
799 2548 1112 2616 ἐπεγένετο,
1151 2545 1430 2617 εἰρήσεται
1468 2560 1558 2615 μοι
1596 2543 1656 2606 ἐς
1683 2540 1744 2594 τὸ

161 2643 396 2713 ἀκριϐὲς
435 2643 662 2704 ικαστα,
707 2641 869 2711 ἡνίκα
899 2643 929 2694 ὁ
963 2639 1121 2709 λόγος
1157 2639 1262 2710 6δῷ
1297 2637 1392 2692 ιὼν
1435 2637 1743 2698 ἀκολούθως

162 2736 264 2788 καὶ
297 2734 386 2788 διὰ
433 2734 541 2787 τῶν
575 2735 662 2787 ἀεὶ
708 2734 981 2803 ἐχομένων
1009 2732 1328 2803 φερόμενος,
1363 2733 1420 2795 ές
1447 2733 1621 2784 έκεῖνο
1649 2727 1742 2782 τοῦ

163 2825 365 2891 χρόνου
416 2823 811 2892 περιενεχθείη,
861 2822 975 2876 Νῦν
1009 2821 1066 2875 δὲ
1112 2822 1214 2875 ἀνὰ
1261 2822 1330 2875 τά
1376 2821 1616 2892 πρότερά
1653 2836 1744 2888 μοι

165 2915 478 2978 ἐπανιτέον,
507 2915 604 2968 καὶ
639 2915 748 2977 τοῖς
777 2911 905 2983 ἑξῆς
928 2910 1294 2983 ἐπιχειρητέα.

241 3184 351 3252 κγ’.
393 3178 518 3236 Ὧδε
558 3185 665 3255 γὰρ
697 3183 807 3236 τῶν
829 3185 850 3216 ⁹
897 3185 956 3237 ὲν
983 3181 1194 3253 Λαζικῇ
1229 3179 1570 3252 πραγμάτων
1597 3177 1746 3248 ἑχόν-

1826 729 2079 782 reddens.
2105 729 2375 784 Successu
2409 744 2537 784 vero
2560 731 2821 801 temporis
2846 746 3036 800 graves
3066 748 3259 804 pmnas
3277 747 3400 793 erat

1827 820 2221 889 persoluturus.
2255 819 2498 875 Tametsi
2527 821 2670 876 enim
2702 821 2944 878 infinitos
2976 826 3219 895 posthaec
3246 825 3404 883 labo-

1827 927 1912 966 res
1941 912 2256 976 exantlavit,
2280 910 2685 983 maximamque
2706 914 2935 984 gloriam
2967 926 3050 971 est
3075 927 3405 977 consecutus

1827 1003 1974 1057 circa
2019 1003 2214 1059 Istrum
2255 1003 2506 1068 ﬂuvium,
2541 1007 2902 1061 Barbarorum
2942 1007 3178 1065 insultus
3213 1021 3403 1066 retun-

1827 1093 1963 1148 deus
1993 1113 2005 1144 :
2037 1095 2146 1149 oscd
2185 1095 2319 1150 nihil
2362 1096 2488 1151 inde
2520 1095 2702 1152 divina
2736 1097 2973 1153 vindicta
3007 1109 3092 1154 est
3119 1103 3362 1157 emollita
3390 1142 3407 1166 ,

1831 1199 2005 1253 neque
2049 1185 2134 1241 his
2175 1185 2262 1239 illa
2308 1187 2521 1242 obtecta
2568 1185 2826 1254 fuerunt;
2869 1199 3193 1243 manserunt
3245 1207 3408 1259 vero,

1832 1274 2085 1340 arbitror,
2114 1285 2320 1343 quieta.
2345 1285 2399 1330 et
2433 1279 2711 1332 memoriae
2744 1276 2973 1332 firmiter
3003 1279 3191 1345 infixa,
3230 1279 3285 1335 in
3315 1296 3414 1350 op-

1832 1373 2121 1429 portunum
2156 1375 2367 1433 tempus
2387 1375 2516 1420 sunt
2539 1366 2830 1421 custodita.
2862 1367 3046 1436 Neque
3071 1369 3216 1423 enim
3248 1353 3413 1423 simul

1832 1465 1995 1522 atque
2022 1455 2406 1525 delinquimus,
2440 1469 2599 1524 pinna
2631 1457 2812 1510 statim
2846 1458 3073 1526 irrogari
3107 1458 3244 1514 solet
3265 1498 3281 1523 ,
3317 1465 3414 1516 sed

1835 1545 2154 1616 plerumque
2200 1555 2319 1615 post
2357 1547 2576 1616 aliquod
2617 1556 2851 1617 tempus,
2895 1565 3128 1618 cumque
3167 1549 3417 1607 fortassis

1833 1649 2044 1701 eorum,
2073 1653 2196 1706 qua:
2225 1639 2677 1706 perpetravimus,
2711 1653 2902 1692 sumus
2933 1639 3087 1695 obliti
3117 1659 3132 1695 :
3177 1651 3231 1695 et
3265 1642 3418 1696 dule-

1836 1743 1958 1780 mus
1982 1729 2202 1797 quidem
2243 1727 2389 1782 illico
2425 1729 2493 1782 ob
2525 1729 2667 1782 mala
2691 1766 2707 1791 ,
2759 1744 2880 1798 qua:
2930 1730 3086 1784 nobis
3133 1732 3414 1794 accidunt.

1835 1817 2057 1886 perinde
2080 1833 2144 1872 ac
2177 1818 2220 1872 si
2259 1819 2606 1874 immerentes
2643 1817 2955 1887 injusteque
2982 1819 3049 1873 iis
3076 1835 3414 1889 premamur,

1840 1921 2001 1980 atque
2031 1911 2347 1965 incusamus
2370 1911 2587 1980 quidem
2619 1910 2900 1965 hominum
2927 1910 3186 1966 invidiam
3217 1912 3416 1968 fortas-

1840 2003 1916 2058 sis
1959 2011 2014 2058 et
2058 2001 2433 2066 inimicitiam,
2459 2011 2720 2072 tanquam
2765 2005 2832 2056 ab
2879 2001 2946 2056 iis
2977 2003 3214 2074 indignis
3258 2004 3418 2061 malis

1838 2093 2034 2149 allecti.
2065 2093 2208 2148 Deus
2232 2109 2358 2148 vero
2377 2135 2394 2160 ,
2436 2093 2488 2148 in
2514 2095 2672 2164 cujus
2695 2109 2858 2148 manu
2885 2104 3046 2164 atque
3073 2096 3298 2164 imperio
3324 2111 3418 2153 su-

1841 2201 1986 2250 mus,
2019 2186 2118 2241 scit
2151 2186 2279 2256 quid
2311 2186 2508 2256 cuique
2531 2186 2820 2241 conveniat
2839 2195 2894 2240 et
2919 2185 3199 2250 debeatur,
3224 2197 3279 2242 et
3307 2203 3418 2259 quo

1842 2276 1943 2346 ipsi
1975 2278 2150 2331 visqu
2193 2286 2276 2331 est
2304 2277 2468 2332 modo
2492 2316 2506 2342 ,
2547 2278 2890 2346 persequitur
2935 2287 3099 2346 atque
3128 2277 3419 2350 investigat

1842 2376 2085 2436 peccata,
2114 2384 2235 2437 qua»
2267 2368 2437 2421 multo
2476 2379 2633 2421 antea
2664 2373 2908 2437 tempore
2935 2377 3063 2422 sunt
3098 2371 3415 2426 commissa.

1843 2457 2112 2512 Caeterum
2147 2457 2326 2526 qualia
2359 2455 2576 2511 Justino
2608 2457 2955 2527 postmodum
2995 2459 3326 2527 acciderint,
3365 2472 3422 2518 et

1842 2549 2058 2618 qualem
2088 2548 2259 2618 ipsius
2290 2558 2345 2603 et
2387 2549 2493 2602 vita
2526 2558 2786 2619 tantaque
2817 2547 3046 2604 felicitas
3077 2549 3418 2621 inopinatum

1842 2641 2046 2694 exitum
2087 2640 2336 2693 habuerit
2359 2679 2373 2702 ,
2413 2639 2660 2693 dicentur
2708 2655 2735 2692 a
2772 2656 2858 2693 me
2891 2651 3144 2694 accurate
3176 2641 3420 2710 singula,

1843 2729 2063 2798 quando
2093 2744 2272 2784 sermo
2305 2745 2405 2783 suo
2435 2738 2833 2798 consequenter
2871 2729 3061 2785 ordine
3087 2732 3418 2800 procedens,

1844 2828 1899 2873 ct
1943 2819 2313 2875 continuatam
2367 2820 2721 2874 incidentium
2769 2836 2952 2874 rerum
2998 2822 3196 2875 seriem
3235 2837 3421 2890 pcrse-

1846 2926 2055 2981 quens,
2111 2910 2178 2966 ad
2236 2909 2325 2965 illa
2372 2919 2617 2980 tempora
2677 2909 2842 2965 fuerit
2901 2912 3214 2980 perductus.
3268 2913 3423 2979 Nunc

1845 3016 1973 3056 vero
2026 3001 2092 3055 ad
2145 3001 2329 3070 priora
2373 2999 2508 3055 mihi
2553 3009 2638 3057 est
2687 3001 3056 3066 redeundum,
3104 3002 3422 3075 reliquaque

1845 3101 1974 3148 sunt
1999 3093 2398 3161 prosequenda.

1916 3182 2080 3253 256
2113 3181 2204 3235 23.
2233 3181 2365 3234 Cum
2402 3181 2546 3234 enim
2573 3195 2660 3236 res
2691 3180 2744 3234 in
2776 3179 2966 3237 Lazica
3005 3182 3220 3252 regione
3254 3183 3324 3238 ita
3361 3194 3426 3240 se

165 3292 301 3337 των,
328 3274 422 3327 καὶ
453 3273 738 3326 Ὶουστίνου
761 3273 850 3325 ἐπὶ
873 3273 1005 3324 πᾶσι
1029 3268 1333 3341 στρατηγοῦ
1353 3268 1739 3328 καταστάντος.

1849 3273 2125 3338 haberent,
2174 3281 2228 3327 et
2268 3271 2516 3326 Justinus
2559 3271 2670 3340 jam
2717 3271 2972 3327 omnibus
3009 3271 3062 3326 in
3111 3273 3422 3342 praefectum

165 3363 298 3416 οὔτε
327 3365 376 3416 oi
405 3365 608 3433 Πέρσαι
632 3364 704 3425 ὡς
731 3361 1012 3432 ἀναμαχού
1023 3377 1173 3429 μενοι
1198 3358 1664 3430 παρεσκευάζοντο
1683 3357 1746 3388 ⁸⁸⁸

167 3455 270 3505 καὶ
301 3453 482 3522 μέντοι
514 3454 630 3505 οὑδὲ
664 3454 712 3505 οἱ
750 3453 1010 3520 Ῥωμαῖοι
1039 3451 1278 3520 ἐπῄεσαν
1306 3465 1320 3479 ”
1365 3447 1500 3502 ἀλλά
1543 3463 1751 3517 προφυ-

165 3543 347 3606 λακὰς
397 3543 494 3612 μὲν
526 3543 824 3612 ἀμφότεροι
883 3542 1197 3605 ἐποιοῦντο,
1251 3541 1346 3594 καὶ
1391 3541 1459 3593 τὰ
1504 3539 1750 3609 ἀλλήλων

171 3634 520 3705 βουλεύματα
547 3636 604 3693 ἐς
628 3635 748 3686 ὅσον
782 3634 907 3702 ὲνῆν
951 3633 1301 3687 ἀπεσκόπουν
1337 3631 1429 3684 καὶ
1469 3630 1753 3685 διεπυνθά-

167 3742 358 3778 νοντοο
398 3727 575 3795 μάχης
607 3726 660 3778 δὲ
688 3725 808 3778 οὐδὲ
834 3725 1085 3796 ὁπότεροι
1126 3726 1377 3795 ἧρχοντο,
1416 3724 1531 3777 ἀλλ’
1561 3724 1752 3794 ἔμενον

164 3819 352 3889 ἡσυχῇ
385 3833 398 3847 ο
441 3817 782 3886 αὐτομάτως,
818 3817 1006 3887 ὥσπερ
1039 3816 1230 3887 ἀμέλει
1259 3815 1417 3870 τοῦτο
1445 3815 1749 3881 ξυνδοκοῦν,

161 3909 555 3978 διωρισμένον.
592 3908 835 3978 Χοσρόης
861 3909 916 3960 δὲ
947 3910 975 3962 ὁ
1011 3909 1232 3979 Περσῶν
1264 3908 1531 3979 βασιλεὺς,
1565 3909 1752 3979 ἐπειδὴ

164 4002 454 4053 ἐπέπυστο
490 3999 558 4052 τὰ
599 3999 736 4069 πρὸς
769 3999 846 4067 τῷ
873 3998 1057 4052 Φάσιδι
1098 3998 1500 4070 ξυμϐεϐηκότα,
1535 3999 1632 4052 καὶ
1671 3999 1753 4052 ὅτι

163 4093 357 4160 φυγὰς
387 4093 449 4144 ὲκ
477 4093 573 4160 τῆς
603 4093 782 4160 μάχης
811 4091 839 4142 ὁ
883 4091 1212 4162 Ναχοραγάν
1253 4092 1516 4160 ἐγεγόνει,
1555 4092 1754 4144 αὐτίκα

163 4186 229 4248 ἐξ
279 4184 519 4253 Ἰϐηρίας
551 4183 713 4236 αὐτὸν
743 4183 1267 4253 μετακαλεσάμενος,
1316 4183 1576 4253 ὠμότατα
1620 4199 1754 4252 μετ-

163 4277 313 4346 ἦλθε
341 4277 482 4328 κατα
513 4275 604 4328 τὸν
645 4277 870 4345 πάτριον
916 4276 1099 4345 νόμον.
1154 4275 1228 4328 Οὐ
1275 4276 1385 4348 γάρ
1426 4276 1756 4348 ἀποχρῶσαν

162 4367 321 4438 ῷετο
349 4361 486 4418 εἶναι
520 4367 712 4436 ποινὴν
737 4365 837 4434 τῆς
864 4366 1152 4434 ἀνανδρίας
1180 4365 1240 4419 τὺ
1267 4366 1410 4419 οὕτω
1436 4367 1564 4434 γοῦν
1595 4365 1757 4420 αὐτὸν

164 4456 371 4520 ἁπλῶς
417 4459 754 4519 ἀποκτεῖναι,
803 4455 917 4508 ἀλλ’
950 4457 1013 4508 ἐκ
1063 4455 1156 4510 τοῦ
1207 4456 1429 4525 αὐχένος
1480 4457 1539 4510 τὸ
1583 4455 1759 4526 δέρμα

161 4547 518 4618 ὃιαχαράξας
546 4547 828 4617 ἀπέδειρεν
866 4544 950 4617 [Ρ.
985 4543 1108 4616 153]
1149 4543 1294 4598 ἅπαν
1322 4545 1484 4615 μέχρι
1515 4547 1628 4598 τοίν
1662 4561 1756 4598 ποι

1849 3375 1997 3420 esset
2053 3363 2419 3425 constitutus,
2469 3377 2644 3432 neque
2681 3359 2861 3417 Persa
2919 3371 3173 3433 tanquam
3220 3364 3421 3420 bellum

1851 3455 2203 3510 instauraturi
2239 3468 2361 3508 sese
2389 3463 2744 3522 appararent,
2769 3467 2945 3522 neque
2985 3454 3215 3510 Romani
3247 3457 3302 3512 in
3326 3473 3423 3513 eos

1849 3554 2149 3608 moverent,
2189 3542 2285 3599 sed
2311 3543 2566 3613 utrinque
2594 3541 2882 3611 diligenter
2913 3545 3267 3610 excubarent,
3299 3563 3424 3602 mu-

1853 3647 2053 3707 tuaque
2081 3636 2329 3701 consilia,
2354 3646 2618 3706 quantum
2651 3635 2766 3689 fieri
2807 3645 3038 3704 poterat,
3071 3637 3426 3695 observarent

1852 3739 2017 3798 atque
2051 3729 2434 3798 explorarent;
2491 3727 2622 3783 nulli
2678 3727 2875 3781 horum
2925 3727 3159 3784 bellandi
3208 3728 3422 3785 initium

1853 3818 2149 3884 faciebant,
2179 3818 2272 3874 sed
2302 3819 2466 3887 quieti
2500 3817 2810 3882 manebant,
2850 3817 3074 3888 perinde
3103 3835 3168 3875 ac
3200 3820 3244 3875 si
3271 3835 3425 3876 com-

1856 3911 2005 3964 muni
2040 3909 2304 3964 sententia
2350 3909 2422 3963 ita
2466 3909 2740 3962 decretum
2775 3919 2938 3964 esset.
2972 3909 3244 3966 Chosroes
3273 3927 3425 3976 vero,

1855 4005 2144 4060 Persarum
2187 4018 2322 4063 rex,
2377 4000 2541 4055 simul
2592 4008 2756 4070 atque
2803 4001 3055 4070 cognovit
3102 4016 3224 4070 quas
3283 4001 3426 4070 apud

1853 4095 2141 4151 Phasidem
2175 4091 2518 4154 accidissent,
2548 4091 2804 4161 quodque
2829 4088 3185 4161 Nachoragan
3211 4089 3427 4162 fugiens

1855 4185 2041 4255 prazlio
2068 4183 2413 4246 excessisset,
2443 4181 2730 4237 confestim
2761 4197 2886 4236 eum
2910 4197 2975 4236 ex
3009 4181 3180 4236 lberia
3209 4197 3429 4238 revoca-

1854 4287 1970 4332 tum
2003 4274 2384 4329 crudelissimo
2409 4273 2675 4342 supplicio
2701 4273 2854 4341 juxta
2879 4272 3104 4341 patriam
3136 4272 3303 4343 legem
3344 4273 3428 4327 af-

1856 4365 2002 4422 fecit.
2034 4363 2220 4434 Neque
2244 4364 2388 4419 enim
2423 4364 2558 4417 satis
2583 4377 2706 4417 esse
2738 4362 2978 4430 putabat.
3019 4362 3066 4417 si
3103 4363 3248 4418 illius
3276 4364 3431 4434 igna-

1857 4457 1998 4512 viam
2029 4455 2262 4524 simplici
2292 4453 2481 4509 mortis
2510 4467 2705 4522 genere
2741 4452 2975 4521 puniret,
3016 4453 3110 4507 sed
3144 4468 3176 4508 a
3217 4469 3428 4510 summa

1859 4548 2068 4603 cervice
2095 4555 2276 4602 cutem
2299 4545 2349 4600 ei
2375 4544 2441 4598 ad
2472 4545 2610 4598 imus
2637 4544 2800 4613 pedes
2825 4543 3135 4607 detrahens,
3178 4559 3210 4598 a
3247 4544 3431 4600 carni-

162 4643 328 4703 δοῖν,
394 4639 488 4691 καὶ
538 4638 786 4706 ἀφείλετο
840 4637 946 4690 τῶν
998 4635 1216 4706 σαρκῶν
1281 4636 1418 4706 πρὸς
1480 4636 1548 4690 τὰ
1612 4635 1749 4689 ἔνδον

1862 4640 1964 4694 bus
1986 4637 2205 4702 avulsit,
2229 4637 2523 4690 introrsum
2550 4635 2840 4698 inversam,
2866 4637 2938 4689 ita
2967 4643 3026 4690 ut
3051 4634 3213 4689 etiam
3245 4634 3432 4690 format

164 4733 719 4804 ἁνεστραμμένονίί,
757 4732 832 4796 ὼς
861 4733 1114 4794 καὶτοὺς
1157 4732 1361 4794 τύπους
1400 4731 1510 4784 τῶν
1557 4731 1749 4802 μορίωι

1861 4725 2229 4781 membrorum
2279 4725 2506 4779 inversae
2551 4723 3012 4793 conspicerentur,
3050 4731 3215 4792 atque
3244 4724 3318 4778 ita
3347 4723 3434 4780 in-

164 4830 232 4888 ὲς
305 4821 613 4891 τοῦμπαλιν
677 4821 1070 4889 ἀποφαίνεσθαι
1093 4822 1167 4886 ίί,
1225 4821 1322 4875 καὶ
1377 4821 1532 4890 δίκην
1589 4823 1749 4876 ἀσκοί

1862 4828 1975 4873 star
2003 4817 2142 4872 utris
2175 4817 2375 4872 sensim
2406 4815 2667 4879 inflatam,
2719 4829 2750 4869 e
2791 4815 3017 4884 scopqu
3046 4815 3281 4885 quodam
3307 4830 3432 4873 sus-

165 4917 375 4986 ἣρέμα
411 4913 749 4983 ἑμπνευσθὲν
791 4913 928 4983 ὑπὲρ
952 4913 995 4943 ¹³
1043 4911 1303 4975 σκόλοπος
1343 4928 1486 4974 τινος
1529 4913 1767 4983 ἀνηρτῆ-

168 5007 340 5066 σθαι,
375 5004 590 5074 οίκτρόν
619 5020 672 5058 τι
700 5003 879 5073 θέαμα
908 5004 1000 5056 καὶ
1037 5003 1396 5074 μιαρώτατον,
1424 5005 1516 5056 καὶ
1542 5001 1767 5073 πρώτῳ,

164 5095 380 5166 οἶμαι.
439 5093 678 5166 Σαπὼρῃ
714 5094 754 5126 ⁸⁸
817 5095 1012 5164 ἐκείνῳ
1071 5093 1147 5164 τῷ
1212 5093 1392 5164 πολλῷ
1459 5093 1768 5163 ἔμπροσθεν

166 5187 438 5256 Χοσρόου
487 5185 711 5256 Περσῶν
760 5185 1165 5254 βεϐασιλευκότι
1213 5185 1634 5255 τετολμημένον.
1687 5185 1770 5239 Τά

168 5281 285 5349 μὲν
320 5275 436 5344 γὰρ
459 5276 549 5327 ἐπὶ
574 5275 811 5346 Μαρσύᾳ
829 5277 871 5308 ⁸⁸
928 5275 1301 5346 θρυλλούμενα
1347 5278 1424 5345 τῷ
1467 5277 1662 5346 Φρυγὶ,
1693 5278 1769 5341 ὼς

165 5373 300 5440 ἔρις
338 5363 491 5434 αὐτῷ
521 5364 656 5434 πρὸς
701 5365 1010 5420 Ἀπόλλωνα
1039 5366 1265 5437 ξυνέστη
1296 5368 1436 5438 ὑπὲρ
1463 5367 1568 5420 τῶν
1591 5368 1770 5422 αὐλῶν

1864 4910 2022 4982 pendi
2067 4909 2266 4980 jussit;
2309 4905 2614 4962 miserabile
2656 4905 2929 4975 quoddam
2976 4914 3031 4960 et
3065 4905 3268 4961 foedum
3307 4921 3434 4978 spe-

1865 5004 2164 5064 ctaculum,
2203 5001 2362 5070 cujus
2397 4998 2627 5068 primus,
2667 4998 2745 5051 uti
2771 4997 3024 5063 arbitror,
3059 4997 3296 5066 Sapores
3324 4999 3434 5065 ille,

1863 5095 1956 5164 qui
1992 5093 2164 5147 multo
2187 5101 2312 5146 ante
2336 5091 2614 5145 Chosroen
2666 5097 2908 5156 tempore
2939 5088 3080 5157 apud
3128 5087 3322 5144 Persas
3349 5105 3435 5144 re-

1864 5182 2066 5254 gnavit,
2103 5181 2324 5236 infamis
2367 5186 2556 5233 auctor
2601 5177 2721 5231 fuit.
2756 5176 2889 5242 Quae
2933 5177 3076 5232 enim
3111 5177 3178 5231 de
3221 5178 3436 5248 Marsya

1868 5273 2076 5343 Phryge
2095 5281 2226 5327 sunt
2249 5271 2441 5326 litteris
2472 5269 2705 5339 prodita,
2727 5269 2870 5339 quod
2896 5267 3168 5322 contentio
3192 5265 3239 5320 ei
3274 5267 3441 5322 inter-

1867 5366 2092 5421 cesserit
2118 5378 2243 5419 cum
2269 5361 2429 5434 257
2459 5361 2707 5431 Apolline
2738 5361 2806 5416 de
2850 5359 2996 5415 tibiis
3023 5366 3078 5414 et
3124 5357 3438 5415 tibiciuaudi

1496 5570 1583 5625 VA
1593 5569 1734 5626 ιιιΑε
1766 5567 2173 5625 LECTIONES.

246 5775 272 5805 "
313 5775 617 5844 φασκόλιον
643 5773 708 5844 Β.
780 5771 834 5844 ⁸⁸
867 5770 954 5823 ὅτε
969 5768 1048 5844 _R.
1118 5767 1284 5844 [τῶν
1317 5783 1428 5844 om.
1452 5766 1536 5844 R._
1623 5769 1665 5799 ¹⁰
1697 5767 2172 5844 παρασκειυάςοντο
2205 5764 2271 5820 Β.
2299 5763 2408 5844 “‘1
2433 5761 2888 5844 cl‘vgorpappfvgv
2923 5760 2987 5813 Β.
3067 5759 3124 5844 ,ξ’
3147 5755 3444 5844 ἀποφαίνς

168 5825 430 5908 σθαιᾟξ
445 5825 863 5916 inaedificata:
891 5840 1051 5916 v_ulg._
1116 5839 1160 5870 ¹³
1185 5838 1330 5916 ὑπὲρ
1435 5837 1688 5916 et_in_tpr.
1727 5825 1910 5916 δείρενᾷ
1931 5825 2041 5888 ὑπὸ
2075 5837 2222 5906 vulg.
2299 5834 2341 5866 “
2371 5825 2618 5902 Σαδώρῃ’
2648 5825 2962 5902 1(,’Σαϐόρῃ
2991 5831 3162 5901 vulg,
3186 5825 3446 5882 Sutor-tm

169 5921 367 5987 intpr.
395 5904 467 5970 Ᾰι
493 5904 635 5969 infra
660 5913 702 5965 ιι
733 5919 877 5967 recte
907 5904 1179 5978 Σαπιίυρην
1205 5904 1413 5962 scribit.
1495 5909 1540 5938 "
1575 5905 1838 5964 Μαρσύαν
1871 5904 1939 5958 Β.
