4188 6438
189 445 324 512 1521

1365 446 1898 507 HISTORIARUM
1933 445 2160 512 LIBER
2191 446 2288 506 ιν.

3284 437 3424 504 1522

190 571 388 626 τροπον
417 557 511 628 τὴν
535 557 743 626 κίδαριν
769 557 1085 626 ἀνεδήσατο,
1109 557 1210 627 ἤδη
1236 574 1324 628 μοι
1353 559 1411 620 ἐς
1438 558 1498 609 τί.
1527 555 1744 626 ἀκριϐὲς

1855 555 1955 610 bus
1979 568 2132 610 ortus
2159 553 2322 624 259
2344 551 2526 616 fuerit,
2559 551 2650 622 qui
2685 564 2864 622 quove
2902 548 3064 606 modo
3091 549 3320 604 cidarim
3343 551 3422 604 si-

188 649 596 718 προαερήγηται,
639 649 842 701 Ἐκεῖνο
866 647 921 700 δὲ
947 648 1107 716 μόνον
1133 647 1424 718 προσθείην
1449 645 1514 700 ἄν
1540 647 1625 700 ἐπ’
1655 646 1752 699 αύ-

188 738 286 809 τῷ,
309 738 384 800 ὡς
412 739 587 791 ἐτεσιν
621 737 846 809 ὕστερον
866 737 1007 791 ὀκτώ
1037 754 1093 790 τε
1119 739 1161 769 ³³
1202 738 1297 791 καὶ
1327 738 1620 808 τριάκοντα
1655 735 1750 788 καὶ

188 828 564 890 πεντακοσίοις
593 827 938 896 Ἀλεξάνδρου
981 829 1022 860 ³³
1058 826 1152 880 τοῦ
1189 827 1328 881 πάνυ
1375 825 1469 879 τοῦ
1504 825 1750 880 Μακεδό-

187 933 295 979 νος,
320 919 565 988 τετάρτῳ
585 917 643 970 δὲ
675 917 785 970 ἐτει
824 919 922 983 τῆς
953 917 1178 984 Θατέρου
1217 914 1560 986 Ἀλεξάνδρου
1585 915 1678 967 τοῦ
1706 917 1750 948 ³³

187 1004 450 1073 Μαμαίας
489 1007 684 1076 ἀρχῆς,
718 1005 817 1074 τῆς
847 1005 954 1057 τῶν
983 1004 1208 1074 Περσῶν
1248 1004 1526 1074 βασιλείας
1561 1004 1749 1058 ἐπιλα-

185 1091 398 1161 ϐομένῳ
436 1091 514 1160 τῷ
553 1090 880 1162 Ἀρταξάρη,
914 1091 1034 1144 καθ’
1067 1092 1127 1147 ὃν
1175 1092 1438 1162 πρότερον
1485 1093 1530 1124 ³⁵
1568 1092 1750 1161 ἀπήγ-

185 1183 370 1250 γελται
419 1182 636 1252 τρόπον,
668 1183 946 1252 διήνυσται
981 1182 1171 1252 χρόνος
1206 1184 1264 1235 ἐν
1305 1183 1440 1253 αὐτῇ
1485 1181 1748 1235 ἐνιαυτῶν

185 1271 596 1337 πεντεκαίδεκα,
619 1271 763 1324 δυοῖν
801 1275 987 1342 μηνοῖν
1024 1271 1334 1326 ἐνδεόντοιν.
1360 1271 1671 1341 Διαδέχεται
1691 1271 1779 1327 δὲ.

183 1360 244 1412 τὸ
296 1361 496 1431 κράτος
549 1362 814 1431 Σαπώρης
855 1364 898 1394 ³⁸
947 1363 1152 1425 ἐκεῖνος
1181 1365 1211 1416 δ
1241 1361 1618 1430 ἐναγέστατος,
1652 1361 1748 1415 καὶ

181 1449 365 1502 διεϐίω
391 1451 523 1519 πρὸς
543 1451 620 1521 τῷ
641 1453 722 1504 év‘t
746 1453 1040 1522 τριάκοντα
1065 1452 1190 1516 τοὺς
1219 1441 1426 1514 πάντας
1447 1452 1744 1519 ἐνιαυτοὺς,

183 1540 409 1593 πλεῖστα
446 1541 544 1594 ὃσα
575 1543 701 1604 τους
733 1541 1038 1612 Ῥωμαίους
1074 1542 1468 1613 λυμαινόμενος
1497 1545 1562 1598 ⁸⁸.
1615 1544 1747 1598 "At:

181 1631 290 1700 γὰρ
319 1631 409 1684 τὸν
435 1629 657 1699 βασιλέα
692 1631 842 1701 σφῶν
864 1631 1088 1700 ἀνελὼν,
1119 1635 1214 1688 καὶ
1248 1633 1402 1688 οὐδὲν
1430 1632 1606 1687 ὁτιοῦν
1638 1632 1748 1686 κώο

179 1719 328 1789 λυμα
351 1720 568 1775 ἔσεσθαι
590 1721 986 1791 διανοούμενος,
1020 1724 1048 1775 ὁ
1076 1721 1134 1776 δέ
1161 1722 1264 1776 ἀνὰ
1298 1722 1358 1777 τδ
1393 1723 1581 1794 πρόσω
1612 1723 1748 1793 ἐχώ-

183 1826 288 1877 ρει,
329 1810 423 1863 καὶ
446 1809 509 1881 δὴ
537 1811 636 1880 τήν
665 1827 724 1864 τε
767 1810 938 1881 μέσην
966 1809 1074 1866 τῶν
1105 1812 1367 1882 ποταμῶν
1395 1812 1598 1884 ἐδῄωσε
1633 1812 1744 1882 χώ-

1852 644 1908 697 bi
1948 644 2252 704 vindicarit.
2281 643 2530 712 superius
2557 642 2718 711 plene
2752 640 3123 711 exposuimus.
3162 638 3298 694 lllud
3329 655 3421 692 vc-

1851 749 1914 787 ro
1940 734 2115 789 solum
2143 732 2461 794 addiderim,
2489 731 2631 800 quod
2667 729 2828 784 annis
2863 728 3174 799 quingentis
3199 727 3419 800 triginta

1851 833 1974 877 aeto
1999 831 2122 891 post
2163 837 2416 891 magnum
2445 820 2595 874 illum
2642 817 3008 872 Alexandrum
3048 815 3418 879 Macedonem,

1850 920 2044 980 quarto
2088 924 2215 963 vero
2258 907 2478 963 alterius
2529 906 2673 962 illius
2719 905 3010 960 Alexandri
3058 905 3292 960 Mamaea
3353 905 3417 960 F.

1852 1004 1999 1069 rvgni
2035 1017 2199 1063 anno,
2227 1016 2350 1054 eum
2389 999 2703 1064 Artaxares,
2735 1013 2842 1068 quo
2873 997 3075 1052 dictum
3115 1005 3200 1051 est
3231 995 3416 1062 modo,

1851 1094 2139 1149 Persarum
2170 1109 2401 1163 regnum
2441 1101 2782 1161 occupasset,
2815 1091 3124 1160 quindecim
3153 1089 3210 1144 in
3232 1104 3300 1146 eo
3329 1103 3420 1143 an-

1851 1201 1951 1239 nos
1980 1185 2200 1253 peregit,
2226 1185 2441 1238 duobus
2471 1183 2747 1238 mensibus
2772 1182 3023 1252 demptis.
3056 1182 3188 1237 Huic
3218 1183 3271 1236 in
3313 1181 3418 1236 im-

1849 1274 2000 1342 perio
2029 1271 2293 1326 successit
2339 1271 2692 1326 exsecrabilis
2731 1272 2820 1325 ille
2860 1272 3115 1340 Sapores,
3139 1279 3193 1325 et
3223 1286 3417 1340 super-

1848 1361 1981 1412 vixit
2001 1375 2171 1413 annos
2193 1359 2244 1412 in
2272 1359 2584 1414 universum
2609 1375 2773 1412 mium
2795 1369 2846 1413 et
2867 1360 3108 1429 triginta,
3145 1367 3200 1412 et
3231 1358 3418 1426 ingen-

1849 1450 1991 1505 tibus
2021 1450 2177 1504 malis
2200 1448 2475 1502 Romanos
2506 1448 2706 1502 all‘ecit.
2739 1447 3024 1502 Interfecto
3075 1447 3221 1502 enim
3270 1446 3418 1515 ipso-

1847 1555 1967 1596 rum
2012 1555 2154 1606 rege,
2204 1539 2339 1592 nihil
2375 1538 2486 1607 jam
2524 1538 2910 1608 impedimento
2956 1537 3058 1592 sibi
3096 1536 3213 1590 fore
3240 1545 3413 1592 ratus.

1851 1632 2076 1686 ulterius
2112 1638 2194 1684 est
2229 1643 2568 1698 progressus,
2623 1639 2677 1682 et
2705 1629 3212 1698 Mesopotamiorum
3243 1627 3418 1696 regio-

1847 1737 1966 1776 nem
1995 1721 2246 1782 vastavit,
2279 1734 2343 1773 ac
2378 1719 2570 1773 deinde
2595 1735 2736 1782 eam.
2777 1735 2896 1789 qua:
2923 1720 3052 1778 huic
3081 1730 3198 1774 erat
3237 1717 3417 1789 proxi-

1847 1827 1955 1875 ma,
1987 1811 2306 1880 pervadens,
2338 1809 2533 1863 Cilices
2571 1819 2624 1864 et
2653 1807 2819 1880 Syros
2849 1819 2932 1864 est
2960 1810 3336 1878 depopulatus,
3363 1818 3418 1863 et

182 1917 305 1968 ραν,
335 1901 428 1954 καὶ
450 1897 568 1953 εἶτα
599 1900 696 1972 τὴν
723 1901 922 1970 ἐφεξῆς
944 1902 1230 1972 ἐχομένην,
1255 1903 1484 1968 Κίλικάς
1506 1922 1565 1958 τε
1599 1905 1744 1974 ἐληΐ-

1849 1901 1901 1955 iu
1940 1899 2290 1970 Cappadoces
2315 1915 2485 1970 usque
2517 1909 2822 1968 provectus,
2859 1899 3147 1954 immanem
3176 1913 3413 1970 stragem

181 2007 313 2043 σατο
357 1990 448 2042 καὶ
478 1989 702 2061 Σύρους,
731 1993 824 2046 καὶ
871 1992 1031 2064 μέχρι
1069 1992 1177 2046 τῶν
1209 1994 1590 2048 Καππαδοκῶν
1620 1995 1744 2049 ἐλά-

179 2098 300 2144 σας,
325 2081 556 2144 ἐξαίσιον
593 2082 792 2152 πλῆθος
823 2083 998 2152 φόνων
1031 2085 1418 2155 κατείργασται
1444 2086 1509 2148 ³⁷,
1539 2085 1613 2149 ὡς
1652 2087 1745 2140 καὶ

175 2169 247 2222 τά
284 2170 608 2241 σηραγγώδη
646 2173 738 2226 καὶ
767 2173 920 2226 κοῖλα
968 2174 1142 2244 χωρία
1190 2173 1298 2227 τῶν
1349 2177 1407 2228 ἐν
1445 2176 1556 2238 τοῖς
1593 2175 1745 2246 ὄρεσι

177 2261 448 2330 φραγμῶν
495 2265 603 2325 τοῖς
647 2261 894 2334 σώμασιν
928 2264 1274 2336 ἀναπληροῦν
1313 2264 1421 2318 τῶν
1464 2267 1747 2321 πεπτωκό-

176 2369 288 2405 των
342 2352 665 2420 ἀνορώπων,
698 2354 795 2408 καὶ
839 2353 974 2425 πρὸς
1021 2355 1238 2426 ίσὸτητα
1277 2355 1462 2426 φέρειν
1499 2355 1606 2410 τῶν
1653 2354 1743 2408 λό-

179 2459 298 2511 φων
344 2442 412 2496 τά
459 2442 718 2497 διεστῶτα
764 2444 858 2498 καὶ
904 2444 1242 2514 ἐξανέχοντα,
1283 2445 1377 2499 καὶ
1428 2443 1571 2498 οὕτω
1615 2444 1746 2498 καθ-

179 2533 430 2585 ιππεύειν
469 2536 526 2586 ἐν
576 2533 779 2597 αὐτοῖς,
815 2534 908 2586 καὶ
937 2533 1232 2589 διαϐαίνειν
1275 2533 1463 2606 ὥσπερ
1509 2535 1593 2602 ἐφ’
1616 2537 1746 2605 δμα-

173 2620 273 2674 λοῦ
297 2623 391 2685 τὰς
415 2623 744 2694 ἀκρωρείας.
771 2625 814 2676 Τ
817 2624 972 2677 οῦτον
998 2625 1097 2694 μέν
1121 2620 1216 2679 οὖν
1245 2625 1426 2679 οἴκαδε
1459 2621 1612 2690 αὖθις
1641 2627 1745 2693 ἀφ-

180 2713 424 2782 ιγμὲνον⁹
460 2712 550 2766 καὶ
583 2714 641 2766 οὐ
689 2715 922 2785 μετρίως
971 2715 1316 2786 χρησάμενον
1352 2711 1432 2779 οἷς
1471 2716 1744 2786 ἀσεϐήσας

175 2803 492 2873 ἐτύγχανεν,
521 2805 653 2859 ἀλλά
677 2807 721 2838 ³³
746 2807 881 2875 πρὸς
908 2807 1226 2872 ἀλαζονείαν
1255 2807 1489 2878 ἀρθέντα
1518 2807 1740 2878 πολλὴν,

175 2893 496 2947 ἀπέπαυσεν
531 2896 631 2948 οὐκ
663 2895 721 2959 ἐς
752 2897 968 2967 μακράν
999 2897 1094 2950 τοῦ
1130 2899 1482 2968 φρυάγματος
1535 2899 1745 2952 Ὀδένα·

175 2983 269 3046 θος
293 2984 336 3016 ⁸⁸
388 2985 417 3036 ὁ
467 2985 846 3056 Παλμυρηνὸς,
879 2985 1016 3057 ἀνὴρ
1059 2987 1270 3058 ἀφανὴς
1308 2988 1404 3057 μὲν
1448 2988 1516 3042 τὰ
1551 2989 1743 3058 πρῶτα

173 3075 271 3127 καὶ
303 3073 576 3142 ἄγνωστος
596 3074 662 3138 ⁸⁸,
694 3077 810 3138 ταῖς
843 3075 897 3128 δὲ
928 3075 1191 3146 Σαπὼρου
1223 3079 1527 3147 συμφοραῖς
1550 3077 1644 3129 καὶ
1665 3072 1744 3140 οἷς

171 3165 401 3234 ἔδρασεν
451 3165 536 3217 ἐπ’
579 3163 743 3234 αὐτῷ,
801 3166 1062 3236 μεγίστην
1112 3166 1384 3239 ἀράμενος
1429 3167 1606 3232 δόξαν,
1648 3167 1742 3219 καὶ

172 3255 389 3318 πολλοῖς
419 3256 524 3308 τῶν
559 3257 600 3288 ⁶¹
633 3256 799 3310 πάλαι
839 3255 1194 3326 ᾣγγραφέων
1231 3256 1601 3328 ἀξιαφήγητος
1644 3273 1738 3324 γε-

168 3343 492 3412 γενημένος.
529 3345 861 3414 Τεθνηκότος
899 3346 955 3398 δὲ
984 3345 1078 3399 τοῦ
1116 3345 1401 3417 Σαπώρου,
1450 3345 1740 3417 Ὀρμισδά-

167 3450 270 3503 της
302 3434 346 3465 ’θ’
376 3432 404 3485 ὁ
437 3434 626 3487 τούτου
668 3436 797 3496 παῖς
839 3434 936 3506 τὴν
978 3435 1252 3506 βασιλείαν
1299 3435 1736 3507 παραλαμϐάνει,

168 3526 268 3578 καὶ
297 3523 479 3576 διεϐίω
513 3526 570 3578 ὲν
607 3526 746 3595 αὐτῇ
781 3527 972 3595 χρόνον
1003 3527 1059 3590 ἐς
1089 3526 1116 3580 ὅ
1148 3543 1201 3579 τι
1236 3526 1532 3595 ἐλάχιστον·
1563 3526 1740 3580 ἐνιαυ-

167 3615 265 3668 τδν
292 3613 399 3685 γὰρ
436 3615 529 3668 ἕνα
568 3621 664 3670 καὶ
708 3616 838 3669 δέκα
868 3616 1078 3687 ἡμέρας
1119 3617 1218 3686 τῆς
1255 3616 1425 3687 τύχης
1463 3616 1738 3682 ἀπώνατο,

170 3705 342 3776 μηδὲν
373 3705 551 3759 ὁτιοῦν
591 3706 795 3776 δράσας
837 3709 1020 3760 ὁποῖον
1058 3707 1152 3759 καὶ
1194 3708 1252 3768 ἐς
1281 3707 1438 3775 λόγου
1481 3706 1742 3779 φέρεσθαι

171 3797 419 3868 μνήμην,
447 3797 695 3852 καθάπω
727 3797 820 3851 καὶ
844 3800 872 3852 ὁ
902 3797 1019 3867 μετ’
1052 3799 1256 3850 ἐκεῖνον
1285 3798 1644 3870 Οὐαραράνης
1673 3798 1738 3861 ⁸³,

166 3885 352 3955 τρισὶν
387 3885 530 3938 ἔτεσι
562 3885 906 3954 βασιλεύσας.
946 3886 1002 3938 '0
1035 3885 1091 3938 δὲ
1125 3886 1238 3948 υίὸς
1263 3887 1290 3937 ὁ
1314 3885 1504 3939 τούτου
1535 3885 1743 3956 ὁμώνυ-

171 3992 275 4046 μος
309 3975 406 4046 μὲν
429 3971 498 4047 ἦν
529 3976 606 4048 τῷ
637 3978 986 4047 γεγεννηκότι
1009 3977 1074 4044 ⁸⁸,
1117 3977 1487 4030 ἑπτακαίδεκα
1516 3976 1570 4028 δὲ
1601 3977 1742 4030 κατά

165 4069 272 4141 τὴν
307 4069 582 4140 βασιλείαν
620 4071 928 4141 μεμένηκεν
962 4069 1076 4141 ἔτη.
1119 4069 1178 4124 Ὀ
1215 4069 1270 4123 δὲ
1303 4068 1483 4140 τρίτος
1528 4070 1743 4139 Obsipa-

168 4160 344 4232 ράνης
385 4163 441 4224 ἐς
497 4162 670 4232 μῆνας
722 4162 821 4232 μὲν
862 4162 1132 4232 τέσσαρας
1190 4160 1744 4228 μόνουςάπεγεύσατο

164 4251 274 4320 τῆς
296 4250 593 4320 βασιλείας,
625 4253 798 4320 Σεγάν
829 4254 885 4306 δὲ
913 4254 1017 4306 σαά
1043 4253 1087 4285 ⁸⁵
1122 4253 1420 4325 ἐπεκλήθη,
1459 4254 1559 4307 οὐκ
1583 4255 1742 4307 ἀπει-

167 4340 288 4402 κὸς,
316 4335 489 4410 οἶμαι,
518 4342 638 4395 οὒδέ
676 4345 1020 4414 αὐτομάτως,
1065 4344 1216 4408 ἔθους
1250 4344 1294 4376 ⁸⁸
1332 4344 1479 4408 τινος
1513 4343 1742 4398 παλαιοῦ

169 4433 461 4503 μετασχὼν
488 4436 579 4487 καί¹
604 4435 855 4506 πατρίου.
880 4437 943 4490 υἱ
966 4439 1071 4508 γάρ
1094 4437 1203 4490 τών
1233 4437 1456 4508 Περσῶν
1481 4437 1741 4507 βασιλεῖς,

1846 1992 2033 2058 edidit,
2086 1989 2222 2045 adeo
2266 1997 2325 2044 ut
2359 1990 2536 2045 hiulca
2567 2005 2911 2058 concavaque
2961 1991 3014 2045 in
3050 1990 3218 2060 septis
3257 2004 3415 2047 mon-

1845 2086 1977 2138 tium
2013 2085 2130 2137 loca
2161 2082 2514 2138 cadaveribus
2544 2093 2808 2136 czesorum
2842 2083 3102 2152 oppleret,
3133 2089 3187 2137 et
3208 2081 3419 2138 distan-

1846 2177 1948 2231 tias
1989 2175 2421 2244 eminentiasquc
2455 2173 2673 2228 collium
2708 2173 2846 2227 inter
2886 2189 2945 2228 se
2974 2182 3295 2244 cowquaret,
3328 2181 3414 2228 at-

1843 2281 1948 2336 que
1981 2266 2052 2320 ita
2104 2281 2267 2334 super
2316 2264 2576 2318 cadavera
2622 2263 2920 2332 equitatum
2961 2263 3202 2328 duceret,
3252 2264 3416 2340 260

1845 2358 2216 2425 montiumque
2237 2355 2386 2425 juga,
2403 2365 2657 2424 tanquam
2675 2355 2949 2425 planitiem
2966 2356 3225 2424 aliquam,
3244 2365 3417 2411 trans-

1845 2450 1965 2504 iret.
2019 2446 2394 2517 Hujusitaque
2420 2447 2637 2502 domum
2672 2446 2894 2511 reversi,
2925 2461 3101 2516 neque
3139 2447 3416 2501 moderate

1848 2540 2047 2594 utentis
2097 2539 2261 2608 impie
2297 2537 2466 2608 partis
2515 2539 2792 2608 multaque
2829 2538 3079 2608 superbia
3130 2538 3276 2600 elati,
3305 2553 3412 2593 non

1848 2632 2018 2685 multo
2056 2642 2179 2701 post
2220 2631 2586 2700 arrogantiam
2645 2631 2892 2685 contudit
2953 2631 3266 2685 Odenathus
3323 2629 3416 2684 ille

1845 2719 2218 2791 Palmyrenns,
2253 2719 2335 2774 vir
2361 2721 2627 2775 obscurus
2661 2720 2878 2789 quidem
2910 2720 3066 2775 initio
3091 2730 3144 2775 et
3175 2721 3412 2788 ignotus,

1847 2828 1877 2866 c
1923 2811 2168 2865 cladibus
2217 2819 2394 2864 tamen
2434 2810 2626 2881 Sapori
2659 2811 2844 2876 illatis,
2892 2812 3161 2882 rebusque
3191 2812 3244 2866 in
3289 2826 3413 2866 eum

1845 2903 2009 2972 gestis
2039 2918 2306 2956 summam
2339 2913 2664 2957 consecutus
2690 2902 2938 2971 gloriam,
2970 2915 3022 2956 et
3045 2918 3076 2956 a
3108 2902 3292 2957 multis
3322 2917 3414 2956 ve-

1847 2992 2049 3047 teribus
2077 2993 2362 3048 historicis
2411 2993 2776 3048 memorabilis
2817 3005 2899 3048 est
2936 2992 3172 3048 habitus.
3202 2991 3414 3047 Mortuo

1845 3099 1974 3138 vero
2007 3083 2230 3154 Sapore,
2260 3085 2654 3150 Ilormisdates,
2682 3085 2842 3154 hujus
2873 3085 3035 3149 lilius,
3061 3099 3284 3155 regnum
3319 3099 3412 3139 ac-

1844 3173 2004 3241 cepit,
2033 3175 2120 3229 cui
2151 3175 2350 3244 exiguo
2374 3174 2666 3228 admodum
2690 3184 2932 3244 tempore
2955 3175 3271 3244 supervixit.
3302 3174 3416 3228 An-

1843 3283 1974 3321 num
2006 3265 2147 3319 enim
2183 3281 2348 3319 unum
2394 3275 2448 3319 et
2475 3265 2592 3320 dies
2623 3264 2807 3319 decem
2853 3263 3071 3319 fortuna
3129 3281 3260 3320 usus
3307 3275 3412 3332 est,

1842 3359 1988 3413 nulla
2023 3372 2082 3412 re
2121 3366 2418 3411 memoratu
2451 3357 2608 3426 digna
2642 3356 2711 3410 ab
2750 3371 2806 3410 se
2840 3366 3028 3426 gesta;
3064 3356 3416 3425 quemadmo—

1840 3451 1969 3504 dum
2005 3457 2060 3504 et
2102 3465 2225 3504 eum
2271 3457 2488 3504 secutus
2533 3446 2855 3510 Vararanes,
2907 3449 2999 3518 qui
3033 3449 3207 3502 tribus
3255 3447 3415 3502 annis

1845 3541 2108 3611 regnavit.
2164 3539 2335 3593 Filius
2382 3548 2562 3594 autem
2591 3539 2794 3608 hujus,
2842 3539 2979 3608 patri
3030 3536 3412 3608 cognominis,

1843 3629 2225 3699 septemdecim
2270 3629 2430 3684 annis
2479 3643 2705 3699 regnum
2747 3630 2999 3684 obtinuit.
3043 3629 3260 3684 Tertius
3283 3643 3412 3683 vero

1848 3719 2153 3776 Vararanes
2186 3736 2401 3775 menses
2435 3719 2700 3774 duntaxat
2736 3730 2969 3790 quatuor
3000 3720 3289 3790 imperium
3319 3720 3415 3774 de-

1844 3811 2115 3880 gustarit;
2155 3810 2428 3880 Segansaa
2476 3817 2655 3864 autem
2702 3810 3111 3880 cognominatus
3159 3817 3260 3873 est,
3302 3825 3412 3863 non

1844 3901 1941 3955 ahs
1972 3917 2049 3965 re,
2099 3909 2251 3969 puto,
2295 3913 2471 3968 neque
2514 3905 2738 3962 temere,
2773 3898 2864 3953 sed
2910 3914 2940 3953 a
2977 3898 3144 3954 veteri
3177 3895 3412 3968 quadam

1843 3993 2122 4062 patriaque
2173 3989 2573 4046 consuetudine
2615 3991 2668 4044 id
2719 3998 3066 4046 consecutus.
3121 3988 3412 4044 Persarum

1843 4084 1986 4138 enim
2017 4096 2170 4151 reges
2203 4080 2437 4135 maxima
2479 4079 2659 4149 aliqua
2693 4095 2722 4134 e
2749 4079 2994 4135 ﬁnitimis
3023 4088 3183 4150 gente
3227 4078 3413 4134 debelé

1846 4173 1972 4239 lata,
2001 4185 2300 4240 eorumque
2325 4169 2530 4225 ditionc
2553 4170 2726 4240 potiti,
2758 4169 2928 4225 vietos
2956 4170 3172 4239 quidem
3207 4184 3412 4238 nequa-

1844 4276 2008 4332 quam
2043 4260 2400 4324 interliciuut,
2436 4259 2530 4312 sed
2565 4257 2790 4322 tributo,
2818 4256 2960 4328 quod
3001 4259 3254 4326 pendant,
3281 4256 3412 4325 ipsis

1846 4353 2131 4421 imperato,
2160 4357 2216 4404 ct
2265 4348 2568 4402 inhabitare
2601 4358 2654 4402 et
2691 4362 2846 4401 arare
2877 4347 3034 4418 261
3071 4362 3230 4418 agros
3271 4347 3413 4401 bello

1847 4450 2033 4510 captos
2063 4440 2400 4509 permittunt,
2433 4437 2764 4506 primoribus
2803 4447 3009 4490 tantum
3039 4438 3214 4507 gentis
3253 4436 3410 4492 duci-

166 4525 339 4593 ἡνίκα
377 4529 635 4593 μέγιστον
691 4527 841 4590 ἔθνος
879 4527 986 4580 τῶν
1027 4527 1417 4598 πλησιοχώρων
1461 4527 1742 4581 καθέλοιεν

1851 4534 1952 4585 bus
1976 4528 2277 4583 miserrime
2306 4527 2602 4591 trucidatis,
2633 4526 2756 4580 liliis
2788 4542 2914 4579 vero
2939 4527 3051 4582 suis
3074 4527 3409 4597 principatus

164 4616 745 4688 προσπολεμήσαντες,
807 4619 900 4673 καὶ
953 4620 1055 4688 τῆς
1113 4620 1336 4673 ἐκείνων
1400 4620 1743 4674 ἐπιλάϐοιντο

1848 4620 2262 4690 appellationem
2284 4617 2550 4678 tribuunt,
2583 4616 2874 4682 memoriae,
2909 4626 2969 4671 ut
2994 4617 3284 4672 verisimile
3301 4625 3406 4683 est,
3504 4690 3507 4694 _

164 4707 378 4778 χώρας,
402 4709 582 4762 οὐκέτι
624 4709 721 4780 μὲν
750 4710 1033 4782 ἀναιροῦσι
1065 4710 1191 4773 τοὺς
1217 4713 1570 4783 ἡττημένους,
1596 4714 1654 4776 ἐς
1683 4713 1740 4766 δὲ

1845 4726 2031 4775 causa,
2072 4717 2126 4762 et
2155 4707 2454 4779 magniﬁca:
2478 4720 2577 4776 pro
2598 4706 2766 4774 partis
2797 4706 3014 4776 tropazis
3048 4705 3403 4778 gloriationis.

165 4800 341 4869 φόρου
376 4800 676 4871 ἀπαγωγὴν
715 4800 958 4866 ἃπαντας
993 4801 1359 4870 ύποτιθέντες,
1403 4804 1620 4872 ἐφιᾶσιν
1651 4806 1741 4857 ἐν-

1845 4800 1980 4857 Cum
2014 4800 2199 4869 itaque
2238 4795 2399 4852 etiam
2445 4796 2864 4866 Segestanorum
2894 4811 3024 4865 gens
3057 4811 3090 4851 a
3132 4794 3408 4853 Vararane

1445 5007 1677 5062 VARIAS
1736 5007 2140 5062 LECTIONES.

243 5182 290 5256 ξ’
323 5198 400 5256 τε
409 5180 534 5236 add.
555 5197 619 5237 ex
653 5182 717 5256 ιι,
771 5184 841 5256 ,ξ’
869 5181 1000 5256 Era
1023 5184 1336 5256 Alexandri,
1361 5201 1467 5256 qua
1490 5185 1786 5242 Christiani
1821 5187 1874 5241 in
1907 5183 2145 5256 Assyria
2161 5182 2262 5238 sub
2302 5181 2393 5236 illo
2413 5179 2634 5256 nomine
2674 5188 2920 5256 utuntur,
2956 5177 3150 5256 incipit
3179 5194 3230 5256 a_.
3265 5193 3319 5230 u.
3353 5192 3407 5256 ς.

165 5251 422 5323 ιιδηιδ.
455 5259 580 5322 post
605 5254 746 5323 regis
771 5251 1082 5308 Macedonis
1122 5247 1332 5309 obitum
1381 5247 1541 5311 annis
1585 5275 1597 5308 :
1649 5257 1768 5319 ejus
1811 5271 1989 5310 annus
2014 5247 2151 5307 ’558
2185 5260 2267 5306 est
2321 5258 2552 5323 quartus
2585 5250 2812 5323 imperii
2857 5248 3153 5323 Alexandri
3193 5247 3403 5301 Severi.

167 5316 703 5391 Agathiasfnomiu'e
730 5323 1004 5391 deceptus.
1047 5339 1166 5378 eam
1205 5326 1272 5377 ab
1303 5325 1605 5379 Alexandro
1644 5316 1950 5388 Macedone,
1993 5323 2109 5379 sive
2141 5316 2355 5391 mortuo
2387 5321 2508 5391 sive
2541 5316 2762 5389 regnum
2786 5318 2930 5391 asiae
2950 5316 3167 5391 adepto,
3197 5332 3407 5391 suppu-

169 5384 291 5466 ta'ri
309 5390 412 5466 sibi
438 5384 725 5466 persuasit.
751 5384 978 5466 _”_'_1:06
999 5393 1074 5466 ΜΣ
1105 5393 1293 5466 Βητῆς
1321 5395 1405 5466 lli.
1426 5395 1569 5462 vulg.
1613 5464 1620 5466 ξ
1647 5395 1693 5426 ³⁸
1729 5384 1994 5466 πρότερον
2055 5390 2180 5466 add.
2208 5405 2274 5444 ex
2307 5390 2372 5443 Β.
2405 5384 2732 5466 ἀπήγγξτρ.
2800 5385 2863 5466 Β)
2889 5384 3103 5466 τρόπον.
3125 5386 3234 5466 ἀπ..
3257 5384 3404 5454 vulg.

167 5463 218 5534 ff
252 5454 504 5534 ξαπόρης
551 5458 701 5534 ως..
751 5460 994 5534 Σαϐόρης
1028 5454 1224 5534 Lugd.
1317 5463 1371 5534 ἥδέ
1395 5454 1788 5534 λυμᾷινόμενοέ
1831 5454 1910 5528 Β(
1948 5460 2331 5534 λυμηνάμενος
2391 5454 2579 5534 vulg.“
2616 5454 3058 5534 ’f_'xqtsi_pyagzo
3082 5454 3258 5534 Lugd.
3295 5469 3406 5534 mg.

166 5531 220 5564 ³⁸
240 5529 378 5582 άλλά
401 5523 524 5600 add.
543 5545 608 5584 ex
626 5529 666 5581 R
681 5523 736 5600 et
761 5523 923 5597 impr.
948 5523 1058 5600 Sed.
1137 5523 1181 5565 δέ
1201 5535 1228 5585 ὁ
1251 5531 1306 5584 δὲ
1327 5523 1581 5595 Νάοὸςῐὶ.
1629 5523 1641 5534 ’
1658 5533 1704 5566 ⁸ο
1736 5523 1978 5600 ἀγνωτος
1995 5523 2119 5586 edd.
2140 5523 2386 5599 Σαπόρου
2403 5523 2558 5600 _vul'g.
2593 5594 2604 5600 _
2635 5524 2678 5556 “
2706 5524 2817 5600 τῷν
2843 5523 3071 5600 (Cl.)_,
3107 5528 3227 5600 τοῖς
3249 5523 3405 5591 vulg.

167 5601 219 5634 η
255 5598 616 5668 Ὀρμισδάτης
685 5597 742 5661 8,
804 5593 1163 5668 Ὁρμισδάτης
1220 5602 1388 5671 vulg.,
1452 5593 1733 5670 Μισδάτης
1776 5593 1969 5670 ιυειιζ
1997 5615 2131 5701 mg.,
2189 5593 2352 5666 intpr.
2389 5593 2687 5650 Ormisdam
2763 5594 2809 5626 ⁸³
2833 5594 3159 5673 Οὐραρᾴνης
3191 5593 3318 5647 Par.
3351 5600 3409 5647 et

167 5671 324 5701 ςηιηιι
385 5668 469 5701 hin
503 5677 552 5701 al
591 5666 728 5701 tun...
829 5668 874 5700 tt
898 5671 1176 5701 «κειμημηιη
1215 5671 1250 5701 n
1309 5674 1623 5701 .,-.,,......,λ-.
1675 5671 1784 5701 ent.
1863 5673 1964 5701 υ...
2085 5671 2104 5700 a
2137 5667 2385 5701 ςτρυληικδ
2427 5667 2530 5701 κη).
2562 5665 2775 5701 ραι-νοτὶ
2815 5679 2877 5701 ον
2918 5663 3160 5701 unm-uim
3218 5661 3407 5701 dans-sa.

166 5661 472 5742 intprl'hie
501 5677 556 5722 et
575 5661 752 5742 intra.
780 5661 1278 5742 _“_'yswq_xr§ét_k,
1309 5661 1629 5742 γεγενηκὸτι
1860 5661 1982 5742 Par.
2056 5661 2309 5742 E52575»)
2329 5667 2389 5742 δέ
2427 5667 2531 5719 σαά
2562 5665 2775 5742 correxi
2815 5679 2882 5742 ex
2917 5661 3160 5742 vestigiis
3218 5661 3407 5742 depra»

162 5731 312 5814 vat-ac
352 5737 716 5814 scripturgein
777 5736 843 5791 Β.
878 5731 1236 5814 Σεγανδεσϐἀ,
1258 5731 1398 5814 ςρίο
1437 5731 1580 5814 vulg.
1625 5731 1907 5813 Σεγανσαά
1928 5740 2006 5812 δὲ,
2047 5731 2342 5810 chauema
2377 5737 2537 5808 intpr.
2586 5735 2810 5798 ἀπεικδς
2844 5735 2906 5800 R,
2935 5731 3236 5796 ἀπεικότως
3264 5731 3403 5804 vulg.

162 5811 216 5841 “
245 5806 400 5872 ἔθους
427 5805 475 5862 R
500 5816 554 5864 et
581 5807 746 5880 intpr.
779 5805 1166 5879 moris,£0voug
1185 5805 1328 5880 vulg.
