4188 6438
185 394 312 461 1533

1303 406 1840 472 HISTORIARUM
1876 414 2105 476 LIBER
2133 419 2228 481 IV.

3268 425 3405 492 1534

180 507 385 572 ἀδήλων
415 506 714 578 ἀνιχνεύειν
744 507 920 581 ἀρχάς
949 510 1272 581 εἰθισμένοι,
1313 515 1408 567 καὶ
1433 515 1739 583 λεγέτωσαν

1791 525 1810 579 ι
1841 536 2261 590 consueverunt,
2296 533 2351 580 et
2399 542 2754 600 quascunque
2797 529 3067 588 voluerint
3099 534 3400 604 proferant,

180 598 363 661 ὁποίας
391 599 488 651 καὶ
523 598 815 668 βούλοιντο,
857 601 982 671 ἐμοὶ
1017 602 1074 656 δὲ
1116 603 1216 672 τῆς
1245 605 1517 675 προτέρας
1549 606 1743 676 ἐκδρο-

183 689 288 758 μῆς
317 691 412 742 καὶ
459 685 616 753 αὖθις
665 691 1058 762 μεταληπτέον.
1109 693 1446 761 Τεθνηκότος
1492 695 1603 767 γάρ
1649 696 1740 749 τοῦ

181 779 428 833 Καΰάδου
468 781 614 834 κατά
649 781 710 834 τὸ
743 783 999 850 πέμπτον
1049 782 1170 846 ἔτος
1215 783 1316 852 τῆς
1367 784 1742 838 Ἰουστινιανοῦ

183 870 264 941 [P.
289 870 405 942 MOI
429 873 884 942 παρὰῬωμαίοις
902 871 1197 942 βασιλείας,
1225 875 1474 944 Χοσρόης
1500 879 1528 930 ό
1546 859 1686 929 πάνυ
1715 877 1743 928 ό

181 960 300 1014 καθ’
329 964 477 1030 ἡμᾶς
506 961 804 1032 διαδέχεται
841 962 941 1032 τὴν
992 962 1253 1035 πατρῴαν
1300 964 1494 1036 ἀρχὴν.
1527 967 1621 1019 καὶ
1647 965 1744 1018 πέ-

181 1066 354 1119 πραχε
388 1051 620 1104 πλείστα
641 1051 742 1104 ὅσα
772 1051 867 1103 καὶ
911 1051 1161 1119 μέγιστα,
1203 1047 1280 1106 ὧν
1305 1053 1421 1106 ένια
1473 1055 1571 1124 μὲν
1601 1056 1741 1125 [lpo-

179 1142 352 1210 κοπίῳ
375 1141 454 1210 τῷ
501 1143 691 1212 ῥήτορι
739 1143 1283 1212 προαναγέγραπται,
1309 1144 1496 1198 τῶνδὲ
1535 1144 1740 1199 λοιπῶν

179 1228 298 1295 ἐμοί
327 1245 391 1294 γε
425 1229 493 1280 τά
525 1229 623 1298 μὲν
660 1229 876 1302 εἴρηται
921 1231 1044 1300 ήδη.
1097 1230 1166 1282 τά
1219 1230 1278 1283 δὲ
1325 1231 1636 1296 ἀκολούθως
1667 1235 1744 1287 εί-

181 1316 426 1385 ρήσεται.
466 1315 553 1378 Ὠς
601 1315 668 1369 ἂν
713 1317 771 1369 δὲ
807 1317 868 1370 τὸ
910 1317 1131 1388 συνεχὲς
1159 1317 1268 1371 τῶν
1303 1319 1512 1390 χρόνων
1545 1321 1742 1373 τελεώ-

176 1422 316 1458 τατα
357 1406 766 1477 διαφυλαχθείη,
813 1407 1066 1460 τοσοῦτον
1118 1409 1229 1478 ἐρῶ
1278 1410 1415 1481 πρὸς
1444 1410 1505 1464 τὸ
1544 1412 1738 1484 παρὸν,

175 1492 252 1551 ὡς
285 1495 341 1556 ἐς
359 1494 503 1546 ὀκτώ
531 1510 589 1548 τε
618 1497 710 1548 καὶ
742 1497 1152 1567 τεσσαράκοντα
1178 1500 1458 1564 ἐνιαυτοὺς
1476 1501 1574 1554 τοῦ
1606 1504 1741 1573 κρά-

175 1601 303 1648 τους
347 1586 624 1655 έχόμενος,
674 1586 874 1651 πολλάς
925 1588 1224 1658 ἀνεδήσατο
1280 1592 1438 1655 νίκας
1461 1609 1475 1624 ο
1503 1594 1598 1646 καὶ
1647 1595 1740 1662 γέ-

177 1691 335 1742 γονεν
361 1679 546 1738 ὁποῖος
573 1675 726 1729 οῦπω
762 1679 1028 1748 πρότερον
1067 1679 1225 1743 ἄλλος
1265 1681 1376 1741 τῶν
1415 1684 1565 1755 παρά
1610 1686 1744 1755 Πέρ-

181 1781 302 1827 σαις
336 1765 795 1834 βεϐασιλευκότων
840 1769 1234 1836 ἅναδέδεικται,
1265 1771 1380 1840 εῐγε
1413 1773 1434 1804 ³
1469 1775 1546 1843 τῷ
1575 1776 1740 1828 παντὶ

177 1855 392 1926 ἑκάστῳ
445 1858 809 1928 συγκρίνοιτο,
844 1860 965 1912 οὐδὲ
999 1863 1049 1913 εί
1092 1861 1275 1931 Κῦρον
1333 1863 1476 1917 εἴποι
1508 1863 1529 1895 ⁸
1567 1882 1652 1926 τις
1674 1866 1743 1919 ἂν

175 1947 270 1998 τὸν
306 1947 629 2017 Καμϐύσου,
677 1950 800 2001 οὐδὲ
845 1951 1068 2020 Δαρεῖον
1106 1951 1454 2018 Ὑστάσπεω,
1482 1953 1604 2006 οὐδὲ
1636 1955 1744 2024 μὴν

175 2037 383 2107 Ξέρξην
437 2040 665 2102 ἐκεῖνον,
704 2041 797 2093 τὸν
835 2041 1138 2110 ἱππήλατον
1185 2042 1284 2112 μὲν
1316 2042 1600 2097 δεικνύντα
1646 2043 1744 2114 τὴν

179 2127 469 2192 θάλατταν,
498 2133 556 2182 ἒν
576 2130 633 2183 δὲ
657 2133 770 2193 τοῖς
794 2130 948 2200 ὄρεσι
976 2132 1410 2203 ναυτιλλόμενον.
1433 2134 1578 2202 Πλὴν
1607 2134 1742 2187 ἀλλὰ

173 2219 415 2281 τοιοῦτός
442 2237 505 2287 γε
529 2220 625 2283 ὢν.
669 2223 870 2291 ἀκλεής
900 2239 965 2290 γε
1019 2223 1168 2294 αύτῷ
1208 2226 1242 2295 ή
1283 2218 1374 2278 τοῦ
1419 2224 1536 2293 βίου
1579 2242 1745 2278 κατα-

177 2307 385 2380 στροφὴ
440 2309 686 2378 γέγονεν,
736 2313 832 2364 καὶ
891 2313 1084 2384 οἰκτρά
1146 2315 1375 2367 καὶτῶν
1419 2314 1743 2384 φθασάντων

173 2400 604 2472 ἀλλοτριωτάτη.
629 2403 924 2474 Ἐτύγχανε
963 2407 1065 2476 μὲν
1103 2406 1211 2478 γὰρ
1251 2408 1309 2460 ὲν
1340 2406 1416 2475 τῷ
1446 2407 1567 2459 τότε
1599 2407 1744 2476 ἀμφὶ

171 2490 245 2544 τά
273 2493 589 2564 Καρδούχια
627 2495 728 2566 ὖρη
757 2498 813 2559 ἐς
845 2496 1039 2568 κώμην
1077 2497 1350 2568 Θαμανῶν
1397 2498 1484 2550 διὰ
1524 2497 1623 2568 τὴν
1646 2497 1741 2550 τοῦ

175 2582 370 2653 θέρους
412 2583 562 2654 ὤραν
596 2588 689 2639 καὶ
721 2587 820 2656 τὴν
869 2589 980 2641 τῶν
1024 2588 1211 2642 τόπων
1247 2589 1548 2659 εὐκρασίαν
1577 2606 1743 2659 μετα-

175 2672 282 2738 ϐάς
317 2690 375 2726 τε
427 2675 524 2726 καὶ
565 2676 977 2747 ἐνδιαιτώμενος
1008 2680 1052 2732 ⁸.
1081 2679 1392 2750 Μαυρίκιος
1439 2681 1496 2734 δὲ
1535 2683 1563 2733 δ
1597 2681 1744 2734 Παύ-

175 2764 294 2828 λου,
325 2764 430 2818 ύπὺ
457 2766 710 2836 Τιϐερίου
755 2769 1165 2822 Κωνσταντίνου
1196 2769 1291 2823 τοῦ
1333 2771 1618 2841 Ῥωμαίων
1649 2773 1743 2826 αὖ·

173 2854 511 2925 τοκράτορος
535 2859 555 2886 ⁶
583 2857 775 2926 ἄρχειν
811 2860 920 2909 τῶν
969 2859 1111 2912 κατὰ
1168 2860 1270 2928 τὴν
1307 2860 1383 2912 ἒω
1443 2863 1742 2931 ταγμάτων

175 2946 683 3014 προστεταγμένος,
723 2947 1000 3000 εἰσέϐαλεν
1048 2948 1247 3019 ἀθρόον
1285 2950 1305 2981 ⁷
1345 2952 1403 3013 ές
1443 2950 1542 3020 τὴν
1577 2952 1741 3021 Ἀραο

176 3035 435 3106 ξιανηνὴν
476 3036 682 3107 χώραν,
723 3039 1017 3106 πρόσοικον
1072 3034 1240 3093 οὖσαν
1278 3043 1345 3109 τῇ
1376 3041 1476 3111 τῆς
1507 3042 1699 3112 κώμης
1721 3044 1743 3075 ³

174 3127 469 3195 περιοικίδι
513 3129 605 3180 καὶ
647 3129 1050 3197 ἀγχιτέρμοναο
1088 3131 1182 3181 καὶ
1229 3129 1366 3198 δῆτα
1410 3133 1508 3184 ούκ
1553 3133 1694 3186 ἀνίει
1721 3136 1742 3166 ⁹

171 3213 321 3286 δῄων
364 3215 582 3267 ἃπασαν
620 3215 855 3283 ἀφειδῶς
888 3216 980 3267 καὶ
1033 3214 1374 3286 ληϊζόμενος.
1407 3217 1744 3284 Περαιωθεὶς

169 3302 233 3354 δὲ
268 3301 336 3356 τὲ
364 3301 556 3372 ῥεῖθρα
576 3300 670 3354 τοῦ
697 3301 872 3369 Ζξρμα
903 3300 1177 3370 ποταμοῦ,
1221 3302 1326 3354 ἀνά
1351 3301 1420 3355 τὰ
1448 3303 1636 3372 πρόσω
1666 3303 1744 3356 ἔτι

171 3385 399 3456 ἐχώρει,
427 3387 524 3440 καὶ
550 3387 619 3440 τά
653 3388 711 3440 ὲν
754 3389 910 3439 ποσὶν
960 3386 1239 3458 ἐλεηλάτει
1281 3389 1376 3441 καὶ
1409 3389 1742 3459 ἐνεπίμπρα.

171 3477 338 3531 Οὕτω
361 3478 418 3530 δὲ
455 3477 621 3530 αὐτοῦ
657 3479 828 3548 ἄρδην
861 3478 1075 3530 ἅπαντα
1096 3477 1614 3548 καταστρεφομένου
1653 3479 1747 3530 καί

172 3567 577 3634 ξυγκυκῶντος,
608 3580 637 3620 ο
678 3568 920 3637 Χοσρόης
968 3567 1065 3638 (ού
1107 3567 1299 3638 πόρῤω
1339 3567 1448 3637 γάρ
1487 3562 1578 3637 ἦν,
1629 3568 1744 3621 ἀλλ’

168 3659 304 3712 ὅσον
332 3657 592 3727 ἀρθεῖσαν
620 3657 721 3728 ἢδη
752 3657 979 3710 θεᾶσθαι
1021 3657 1121 3726 τὴν
1164 3656 1359 3726 φλόγα)
1393 3657 1493 3710 οὐκ
1517 3658 1746 3728 ἤνεγκεν

169 3751 279 3821 τὴν
303 3750 425 3820 ὄψιν
444 3750 540 3803 τοῦ
563 3747 822 3818 πολεμίου
853 3748 1046 3815 πυρὸς,
1088 3748 1213 3800 ἐπεὶ
1267 3749 1434 3816 μήπω
1484 3747 1745 3819 πρότερον

170 3837 437 3909 ἑωράκει.
462 3836 756 3906 Τοιγάρτοι
790 3835 931 3888 αἰδοῖ
963 3853 1022 3889 τε
1061 3835 1156 3888 καὶ
1193 3835 1302 3889 δέει
1345 3835 1744 3907 καταπεπληγ-

174 3929 362 4000 μένος,
385 3927 509 3983 οὗτε
535 3925 804 3998 ἀντεξῄει,
829 3925 954 3979 οὗτε
975 3927 1214 3996 ἠμύνετο
1236 3941 1250 3956 ’
1281 3926 1416 3980 ἀλλὰ
1441 3929 1555 3990 τοῖς
1587 3944 1750 3998 προσ·

169 4018 404 4074 πεσοῦσι
442 4019 584 4089 πέρα
623 4018 718 4070 τοῦ
769 4017 991 4087 μετρίου
1046 4017 1444 4088 περιαλγήσας,
1487 4019 1584 4072 καὶ
1635 4013 1748 4072 οἷον

169 4109 502 4180 ἀπειρηκὼς
539 4111 661 4171 ταῖς
692 4108 929 4173 ἐλπίσιν,
961 4107 1159 4182 αὐτίκα
1198 4108 1339 4178 νόσῳ
1365 4108 1479 4178 ἥλω
1499 4109 1604 4162 ὑπὸ
1623 4109 1746 4162 δυσ-

171 4201 381 4270 θυμίας
418 4200 565 4270 δεινῇ
601 4215 660 4252 τε
691 4199 784 4253 καὶ
815 4199 1118 4270 ἀνηκέστῳ.
1161 4199 1271 4252 Καὶ
1299 4201 1479 4252 τοίνυν
1506 4201 1747 4271 φοράδην

167 4290 366 4360 ἀχθεὶς
434 4291 572 4360 μετὰ
620 4289 821 4358 τάχους
861 4287 1055 4342 πολλοῦ
1108 4289 1186 4352 είς
1221 4289 1289 4342 τὰ
1344 4291 1404 4342 έν
1461 4289 1748 4361 Σελευκείᾳ

167 4381 278 4435 καὶ
320 4378 670 4450 Κτησιφῶντι
723 4378 991 4447 βασίλεια,
1030 4379 1127 4432 καὶ
1166 4381 1347 4448 φυγὴν
1383 4378 1480 4448 τὴν
1542 4378 1750 4449 ἀναχώ-

1844 615 1976 666 mihi
2007 631 2155 676 vero.
2181 617 2327 672 unde
2379 618 2657 688 digressus
2712 635 2858 688 sum,
2910 632 2995 677 est
3043 625 3402 680 redeundum.

1843 705 2056 757 Mortuo
2111 707 2256 761 enim
2286 707 2499 762 Cavade
2532 711 2724 778 quinto
2759 725 2926 778 anno,
2977 726 3042 766 ex
3071 728 3180 781 quo
3235 713 3404 770 Justi-

1842 796 2039 849 nianus
2072 795 2332 851 Romanis
2360 799 2672 868 imperarat,
2706 801 2980 856 Chosroes
3030 801 3141 866 ille,
3181 805 3402 858 maximi

1841 887 1982 953 apud
2015 902 2117 940 nos
2156 890 2415 952 nominis,
2443 897 2730 959 paternum
2760 896 3002 962 suscepit
3023 892 3329 960 imperium,
3350 905 3405 948 et

1842 981 2104 1048 plurimas
2135 982 2508 1051 maximasque
2539 999 2629 1037 res
2646 984 2844 1052 gessit;
2874 1001 3107 1054 quarum
3133 986 3406 1040 nonnulla

1842 1084 1871 1122 a
1912 1068 2176 1138 Proc0pio
2209 1071 2423 1123 rhetore
2452 1082 2579 1125 sunt
2630 1074 2978 1142 conscriptae;
3027 1075 3249 1143 reliquae
3276 1089 3407 1129 vero

1843 1160 2037 1229 partim
2064 1160 2176 1230 jam
2205 1175 2233 1214 a
2262 1174 2347 1213 me
2377 1161 2536 1215 dictae
2567 1169 2716 1226 sunt,
2745 1163 2871 1217 aliae
2895 1173 3294 1234 consequcnler
3321 1163 3408 1218 di-

1842 1260 2052 1304 centur.
2118 1252 2189 1306 Ut
2251 1261 2433 1306 autem
2491 1253 2805 1308 continuata
2878 1263 3176 1323 temporum
3236 1254 3405 1308 series

1840 1344 2188 1398 exactissime
2215 1345 2558 1406 observetur,
2606 1343 2658 1396 in
2712 1346 2998 1414 praesentia
3027 1345 3292 1399 duntaxat
3321 1345 3406 1398 di-

1841 1446 1982 1493 cam,
2009 1429 2153 1498 quod
2176 1445 2272 1500 per
2297 1441 2420 1484 octo
2449 1439 2504 1485 et
2535 1431 2893 1502 quadraginta
2938 1422 3112 1488 annuos
3140 1473 3155 1494 ,
3206 1432 3405 1500 quibus

1843 1521 2068 1590 imperio
2098 1521 2306 1590 potitus
2344 1529 2448 1582 est.
2491 1521 2678 1576 multis
2710 1522 2999 1578 decoratus
3042 1523 3206 1577 fuerit
3231 1522 3406 1577 victo-

1841 1613 1958 1675 riis,
1985 1613 2216 1681 talisque
2245 1612 2499 1672 evaserit,
2535 1613 2712 1680 qualis
2733 1622 2857 1667 ante
2885 1630 3010 1669 eum
3027 1630 3090 1668 ex
3118 1615 3402 1672 Persarum

1842 1704 2056 1773 regibus
2091 1715 2274 1768 nemo,
2303 1701 2348 1756 si
2381 1717 2503 1756 cum
2539 1704 2766 1772 singulis
2799 1720 2988 1774 eorum
3020 1719 3365 1776 comparetur
3385 1747 3404 1775 ,

1843 1805 1910 1844 ne
1946 1790 1990 1845 si
2015 1788 2217 1860 Cyrum
2250 1788 2468 1857 quidem
2525 1788 2806 1860 Cambysae
2841 1792 3012 1846 lilium
3071 1793 3272 1863 aliquis
3303 1811 3409 1848 no-

1845 1881 2150 1942 minaverit,
2174 1889 2267 1933 aut
2285 1878 2504 1934 Darium
2523 1882 2824 1952 Hystaspis,
2848 1883 2940 1936 sed
2965 1899 3138 1954 neque
3171 1884 3403 1940 Xerxem

1845 1972 2018 2033 illum,
2075 1971 2166 2040 qui
2209 1986 2358 2026 mare
2393 1972 2569 2040 equis,
2625 1983 2837 2027 montes
2888 1974 3116 2028 navibus
3171 1975 3407 2029 reddidit

1843 2063 2076 2132 pervios.
2111 2062 2377 2117 Caeterum
2405 2062 2528 2116 talis
2557 2078 2622 2117 ac
2654 2071 2836 2118 tantus
2861 2081 2985 2119 cum
3028 2065 3405 2136 fuerit,inglo~

1845 2153 1984 2207 rium
2011 2163 2061 2206 et
2087 2151 2477 2218 miserandum,
2520 2152 2680 2222 2³12
2704 2161 2758 2205 et
2787 2153 2857 2208 ab
2896 2163 3020 2209 ante
3070 2155 3208 2209 actis
3235 2155 3404 2226 ipsius

1845 2244 2003 2297 rebus
2029 2242 2196 2313 gestis
2220 2242 2614 2296 alienissimum
2659 2243 2850 2297 habuit
2881 2245 3007 2299 vita:
3027 2245 3402 2300 exitum.Cum

1841 2334 1982 2388 enim
2015 2347 2113 2402 per
2151 2332 2203 2386 id
2233 2340 2449 2402 tempus
2477 2332 2620 2386 circa
2650 2332 2985 2388 Carduchios
3031 2343 3242 2389 montes
3274 2349 3404 2388 ver-

1843 2441 1972 2480 sans
1989 2427 2040 2478 in
2069 2425 2248 2479 vicum
2262 2422 2668 2478 Thamanorutn
2690 2434 2908 2494 propter
2921 2425 3168 2480 estivum
3192 2434 3404 2494 tempus

1843 2522 1897 2568 et
1927 2512 2139 2566 illorum
2201 2511 2444 2565 locorum
2496 2511 2808 2574 temperiem
2871 2512 3180 2578 transisset,
3223 2511 3406 2581 ibique

1843 2610 2292 2667 commoraretur,
2317 2601 2606 2657 Mauritius
2636 2602 2783 2657 Pauli
2812 2602 2873 2657 F.
2915 2618 2945 2658 a
2987 2601 3228 2668 Tiberio,
3262 2602 3408 2657 Con-

1844 2694 2064 2748 stantini
2097 2693 2468 2748 Romanorum
2502 2694 2645 2762 regis
2668 2694 2800 2757 lilio,
2824 2693 3129 2761 legionibus
3153 2692 3406 2749 Orienta-

1774 2844 1777 2848 _
1843 2783 1985 2836 libus
2023 2797 2251 2852 praeesse
2280 2782 2493 2852 jussus,
2525 2794 2742 2852 repente
2765 2783 2819 2836 in
2859 2799 3048 2854 agrum
3071 2784 3406 2838 Araxianum

1844 2873 2022 2931 irruit.
2054 2873 2147 2942 qui
2183 2873 2443 2928 finitimus
2493 2873 2977 2943 conterminusque
3023 2881 3141 2928 erat
3190 2874 3405 2936 ditioni,

1842 2962 1935 3032 qui
1968 2962 2089 3015 vico
2117 2963 2192 3016 illi
2243 2971 2362 3016 erat
2417 2962 2825 3032 circumiectus,
2890 2978 3066 3032 neque
3113 2965 3279 3018 ullum
3308 2981 3409 3020 va-

1844 3053 2021 3108 standi
2063 3053 2370 3107 universam
2423 3068 2489 3107 ac
2524 3053 2866 3123 depredandi
2922 3053 3083 3108 linem
3133 3054 3405 3112 faciebat:

1770 3162 1814 3219 (ι
1847 3143 2071 3211 u'ajccto
2118 3157 2246 3196 vero
2279 3141 2458 3196 Zirma
2514 3141 2739 3198 ﬂumine
2776 3143 2832 3198 in
2895 3146 3167 3199 anteriora
3219 3161 3410 3216 proce-

1847 3233 2027 3294 debat.
2081 3240 2278 3286 cuncta
2338 3246 2470 3286 vero
2506 3231 2722 3286 ﬂamma
2782 3232 3099 3302 rapinisque
3151 3236 3408 3292 miscens.

1845 3321 2038 3376 Omnia
2099 3321 2282 3389 itaque
2353 3321 2598 3376 funditus
2655 3331 2931 3377 evertente
2969 3339 3034 3379 ac
3093 3323 3412 3380 devastante

1845 3411 2118 3474 Mauritio,
2153 3411 2426 3466 Chosroes
2461 3410 2660 3481 (neque
2689 3411 2833 3466 enim
2863 3412 3022 3481 longe
3066 3413 3272 3477 aberat.
3317 3417 3410 3470 scd

1846 3509 2077 3564 tantum,
2111 3510 2172 3555 ut
2201 3501 2256 3554 in
2314 3502 2482 3555 altum
2536 3502 2734 3555 elatam
2788 3501 3062 3557 ﬂammam
3103 3506 3413 3574 prospicere

1845 3593 2048 3661 posset)
2103 3591 2319 3645 hostilis
2363 3591 2505 3662 ignis
2552 3600 2832 3661 aspectum
2874 3608 3216 3663 nequaquam
3267 3595 3411 3658 tulit,

1845 3683 2115 3752 siquidem
2148 3698 2426 3752 nunquam
2479 3691 2637 3736 antea
2689 3697 2812 3736 eum
2867 3685 3098 3738 viderat.
3143 3683 3410 3750 Quocirca

1846 3775 2052 3842 pudore
2096 3774 2258 3828 simul
2313 3789 2376 3828 ac
2425 3781 2566 3828 metu
2624 3773 2930 3842 perculsus,
2985 3789 3160 3843 neque
3195 3775 3410 3830 obviam

1847 3863 1966 3926 ivit,
2009 3879 2183 3934 neque
2223 3879 2322 3918 sua
2363 3865 2649 3927 tuebatur;
2680 3863 2772 3917 sed
2816 3864 3021 3933 ingenti
3070 3865 3304 3934 quodam
3339 3875 3412 3917 at-

1846 3969 1952 4024 que
1975 3954 2335 4008 immoderato
2371 3954 2559 4007 dolore
2597 3954 2650 4006 in
2685 3954 2868 4007 animo
2902 3969 3004 4007 suo
3034 3969 3098 4007 ex
3136 3968 3199 4008 ea
3233 3964 3413 4022 strage

1846 4053 2128 4113 concepto.
2161 4054 2216 4099 et
2248 4044 2651 4112 quodammodo
2691 4045 2743 4097 in
2783 4043 3217 4112 desperationem
3241 4044 3413 4097 addu-

1847 4147 1994 4198 ctus,
2059 4135 2344 4190 confestim
2398 4135 2547 4204 gravi
2593 4134 2994 4204 incnrabilique
3048 4134 3242 4188 morbo
3303 4149 3413 4203 prae

1846 4241 2082 4283 nuerore
2131 4234 2213 4278 est
2247 4235 2548 4292 correptus.
2597 4223 2938 4294 Quapropter
2988 4223 3180 4278 lectica
3234 4223 3412 4278 elatus

1845 4333 2010 4386 quam
2047 4315 2331 4370 celerrime
2358 4314 2411 4367 in
2446 4313 2704 4369 Seleuciae
2744 4322 2799 4368 et
2834 4313 3222 4383 .Ctesipbontis
3265 4313 3411 4381 regia

1846 4407 2067 4479 palatia,
2105 4421 2326 4459 recessu
2357 4403 2493 4474 fuga-
2516 4405 2678 4458 simili
2722 4403 2890 4468 tacto,
2948 4417 3054 4457 non
3090 4404 3260 4458 multo
3294 4413 3414 4471 post

172 4489 344 4543 ρησιν
392 4471 783 4541 ποιησάμενος,
829 4470 930 4523 οὐκ
983 4472 1039 4534 ἐς
1074 4469 1293 4541 μακρὰν
1340 4469 1598 4524 καταλύει
1652 4471 1742 4524 τὸν

1791 4499 1818 4552 D
1847 4469 2079 4553 excessit
2102 4512 2132 4551 e
2160 4498 2288 4550 vita.

169 4561 318 4632 βίον.

245 4649 317 4702 λ’.
362 4645 522 4700 Ἀλλὰ
559 4648 667 4719 γὰρ
693 4648 792 4702 οῦκ
821 4646 936 4702 οἶδα
964 4649 1145 4703 ὅντινά
1198 4666 1264 4719 με
1310 4649 1506 4719 τρόπον
1559 4651 1592 4720 ἡ
1645 4650 1740 4704 τοῦ

162 4739 480 4807 λόγουφορὰ
536 4737 946 4809 παραλαϐοῦσα,
1010 4739 1105 4792 καλ.
1155 4738 1232 4808 τῷ
1275 4738 1606 4809 άξιαγάστῳ,
1659 4735 1741 4792 οἷ-

169 4846 304 4899 μαι,
337 4829 445 4881 τῶν
478 4829 727 4900 πράξεων
761 4829 998 4900 ὴδομένη
1027 4830 1091 4895 ¹¹,
1139 4831 1195 4891 ἐς
1235 4829 1353 4882 τόδε
1383 4830 1556 4899 ἠγαγε
1607 4845 1742 4898 προσ

163 4917 422 4984 πετείας,
454 4918 530 4982 ὡς
557 4919 625 4973 τά
669 4921 725 4971 ὲν
783 4920 932 4989 μέσῳ
993 4921 1306 4990 ὑπερϐάντα
1362 4920 1470 4972 τῶν
1523 4923 1740 4990 ποῤῥω-

160 5007 328 5060 τάτω
367 5008 409 5038 ⁸³
464 5008 881 5078 ἐπιμνησθῆναι.
957 5009 1162 5061 Οὐκοῦν
1215 5009 1402 5079 ἐπειδὴ
1459 5007 1552 5062 νῦν
1612 5008 1742 5076 γοῦν

162 5095 429 5160 ἐπέγνων
471 5097 594 5150 ὅποι
621 5098 881 5166 ἀφῖγμαι,
913 5098 1009 5151 καὶ
1036 5098 1158 5150 ὅθεν
1196 5097 1389 5168 ἐξέϐην
1433 5099 1616 5151 ἐκεῖνα
1640 5099 1740 5168 μὲν

163 5187 364 5242 ιατέον
395 5188 526 5257 πρὸς
554 5189 615 5242 τὸ
647 5189 841 5260 παρὸν,
878 5191 937 5243 έν
971 5191 1084 5253 τοῖς
1128 5190 1344 5254 οἰκείοις
1406 5192 1726 5263 ἀναγραφη-

1913 4649 2071 4719 273
2111 4649 2200 4701 5⁸1.
2235 4647 2336 4701 Sed
2373 4647 2554 4700 nescio
2584 4662 2690 4713 quo
2722 4655 2878 4713 pacto
2905 4661 2990 4698 me
3025 4645 3285 4699 orationis
3315 4646 3412 4698 de-

1843 4755 2036 4794 cursus
2085 4739 2402 4806 abrcptutn.
2451 4753 2740 4805 rerumque
2790 4742 3088 4789 memoratu
3127 4736 3409 4804 dignarum

1847 4834 2114 4901 voluptate
2145 4833 2449 4894 delinitum,
2483 4845 2548 4884 eo
2587 4830 2994 4898 praecipitantiae
3019 4829 3322 4888 adduxerit,
3353 4825 3412 4881 ut

1844 4923 2042 4976 omissa
2068 4938 2242 4976 rerum
2269 4917 2610 4990 przrsr'ntium
2636 4919 2970 4983 tractatione,
2997 4919 3284 4971 remotiora
3305 4917 3408 4971 sim

1847 5024 2180 5083 persecutus.
2217 5013 2480 5078 Quocirca
2518 5027 2638 5063 cum
2677 5026 2821 5064 nunc
2862 5009 3028 5062 sciam
3067 5025 3174 5076 quo
3218 5023 3410 5077 perve-

1846 5104 2017 5157 nerim
2057 5113 2110 5157 ct
2153 5105 2294 5156 unde
2340 5103 2530 5155 fuerim
2578 5103 2874 5171 digressus,
2911 5101 2998 5153 illa
3038 5100 3256 5168 quidem
3295 5099 3407 5166 jam

1830 5201 1955 5250 sunt
1983 5195 2296 5254 omittenda,
2320 5208 2440 5262 quae
2469 5193 2582 5247 suis
2610 5187 3405 5266 temporibus.couscribentus3

1444 5375 1603 5431 VARI
1621 5374 1678 5428 ΑΕ
1733 5373 2128 5429 LECTIONES.

251 5527 278 5600 ’_
316 5527 613 5600 συνηνέχθη
793 5529 814 5560 ³
853 5529 961 5582 εἶτε
993 5529 1056 5584 ll.
1099 5531 1264 5598 inipr.
1298 5531 1464 5585 vehi.
1541 5532 1563 5562 ‘
1609 5529 1738 5600 εἴπῃ
1771 5531 1837 5600 Β,

1938 5529 1959 5560 ³
1999 5529 2409 5599 ἐνδιαιτώμενος
2463 5527 2907 5599 ῐζ,διαιτὼμενος
2956 5525 3099 5599 vulg.
3204 5523 3380 5577 ἀὐτο

165 5588 820 5680 Ξεράτοροξβασιλέως
864 5600 1009 5680 vulg.
1086 5601 1104 5629 "
1134 5588 1349 5680 ἁθρόως
1389 5600 1452 5680 li.
1504 5588 1785 5680 ’Ᾱρξιανῇν
1813 5599 1856 5652 Β
1910 5606 1981 5680 et_
2011 5599 2062 5651 iu
2113 5615 2220 5680 mg.
2249 5588 2592 5680 ’,Ἀρέξιανῂν
2639 5588 2804 5680 intp'r;
2837 5588 3147 5680 ΔΑιαῖίιιιιξιιη
3194 5608 3402 5680 agrum.

165 5664 431 5739 ξκὼμης
461 5664 577 5739 lict
606 5667 769 5739 i_utpr.
817 5664 1088 5739 contiguus
1131 5664 1478 5738 circumiectis
1518 5664 1648 5723 uiro.
1679 5664 1858 5739 χώρας
1897 5669 2037 5739 vulg.
2130 5668 2152 5699 ⁸
2175 5664 2436 5739 ’άνήεί
2485 5664 2644 5739 δῄωνΔ
2677 5664 2961 5739 ίμδηῖωνΔ
2997 5664 3140 5732 vulg.

3230 5663 3274 5694 ¹⁸
3299 5661 3405 5715 l'to

167 5724 441 5802 ἀρθείσαν
472 5737 570 5806 ἠδη
606 5735 670 5800 ιι,
692 5724 764 5791 ’ἄν
793 5724 1044 5808 ῇδηθεῖαν
1119 5741 1156 5771 ¹¹
1191 5724 1423 5810 άδομένη
1457 5739 1497 5792 Β
1527 5755 1622 5808 pro
1985 5724 2027 5769 ίδ
2053 5724 2385 5808 πορρωτάτω
2408 5736 2470 5801 ιι,
2514 5724 2842 5807 πορρωτέρω
2877 5733 3018 5803 vulg.
