4188 6438
757 409 892 474 1535

1928 395 2284 460 ΛΟΑΤΗΙΕ
2309 392 2805 454 SCHOLASTICI

3859 388 4010 452 1536

756 522 824 578 ad
865 519 1279 594 praecedentium
1324 526 1504 572 autem
1552 531 1734 572 rerum
1779 515 2152 571 continuatam
2200 527 2334 564 coo-

2449 507 2642 576 πόμενα
2669 507 2714 539 ⁸⁸
2745 505 2965 577 χωρίοις
2984 521 2997 536 ·
3041 505 3298 574 ἐπανήξω
3321 503 3378 558 δὲ
3408 498 3564 567 αὖθις
3604 506 3662 567 ές
3688 504 3752 557 τὸ
3786 503 4017 572 ξυνεχὲς

758 621 1147 682 grueutemque
1165 610 1526 664 narrationem
1545 617 1803 661 revertar.
1822 604 2162 660 Persicorum
2187 607 2330 657 enim

759 717 945 772 regum
979 699 1383 756 successionem
1425 709 1479 753 et
1509 713 1776 753 annorum
1824 712 2135 759 numerum,
2165 703 2239 760 ει,
2277 703 2336 748 ut

760 808 870 846 uno
902 793 1066 847 verbo
1093 792 1293 858 dicam,
1329 793 1642 847 universum
1675 792 1748 857 id,
1777 791 1921 861 quod
1952 790 2332 860 promiseram,

754 881 868 948 jam
904 881 1129 935 absolvi.
1169 880 1233 934 Et
1275 880 1491 949 quidem
1528 897 1653 936 vera
1686 896 1808 935 esse
1853 896 1975 948 qua:
2015 880 2148 942 dixi,
2184 889 2334 945 puto,

759 981 1122 1042 accurateque
1159 973 1452 1035 elaborata,
1483 981 1668 1040 utpote
1708 988 1738 1026 e
1779 972 2011 1027 Persicis
2045 971 2197 1026 libris
2241 971 2338 1025 de-

761 1069 1000 1129 sumpta.
1029 1063 1162 1114 Cum
1196 1060 1340 1114 enim
1372 1060 1592 1129 Sergius
1635 1061 1725 1114 ille
1763 1060 2030 1129 interpres
2061 1059 2172 1112 illic
2210 1074 2339 1128 age-

763 1157 865 1208 ret.
891 1156 944 1201 et
976 1148 1244 1216 regiorum
1267 1148 1543 1202 annalium
1572 1149 1827 1202 custodes
1851 1163 1914 1202 ac
1933 1146 2217 1216 praefectos
2241 1147 2339 1201 ob-

764 1239 892 1292 nixe
918 1248 1182 1306 rogasset,
1215 1248 1272 1292 ut
1300 1253 1484 1292 secum
1515 1239 1603 1292 illa
1632 1240 1831 1306 scripta
1875 1238 2340 1292 communicarent

766 1326 1112 1396 (frequenter
1139 1327 1280 1382 enim
1307 1341 1408 1396 ego
1448 1328 1594 1381 illum
1624 1329 1692 1381 ad
1724 1328 1823 1383 hoc
1850 1343 1998 1382 eram
2035 1327 2337 1405 hortatus),

765 1431 987 1472 causam
1009 1431 1136 1471 vero
1161 1417 1322 1471 etiam
1358 1417 1663 1485 adjeeisset,
1697 1432 1859 1486 quam
1893 1433 1999 1471 non
2030 1419 2190 1472 aliam
2219 1433 2340 1472 esse

754 1507 1092 1571 declarabat,
1117 1521 1280 1575 quam
1316 1515 1375 1561 ut
1405 1507 1567 1560 etiam
1601 1507 1742 1575 apud
1773 1522 1873 1562 nos
1901 1507 2198 1562 litterarum
2224 1524 2340 1563 mo-

769 1600 1042 1652 numentis
1069 1601 1580 1653 commendarentur
1609 1599 1850 1669 ipsorum
1884 1601 2149 1666 instituta,
2190 1597 2341 1670 quaa-

767 1704 874 1759 que
920 1689 976 1742 in
1021 1689 1195 1758 pretio
1224 1689 1521 1753 haberent;
1552 1690 1734 1745 Statim
1775 1690 1851 1744 illi
1883 1699 2027 1745 recte
2059 1690 2340 1758 facientes,

768 1777 887 1842 ejus
907 1778 1152 1846 petitioni
1173 1786 1502 1843 annuerunt,
1521 1793 1633 1832 rem
1657 1794 1766 1833 non
1792 1780 2055 1849 ingratam
2083 1779 2196 1834 fore
2219 1782 2339 1847 rati,

771 1869 882 1922 imo
913 1883 1040 1922 vero
1069 1868 1135 1922 ad
1165 1883 1351 1940 regum
1380 1883 1603 1924 suorum
1634 1867 1858 1936 gloriam
1887 1869 2262 1938 pertinentem,
2293 1869 2337 1924 si

770 1959 933 2012 etiam
964 1958 1126 2030 275
1152 1957 1408 2016 Romanis
1451 1961 1846 2025 innotescerct,
1893 1959 2080 2028 quales
2123 1969 2177 2014 et
2212 1971 2345 2030 quot

771 2048 995 2113 fuerint,
1018 2060 1073 2105 et
1095 2067 1204 2120 quo
1230 2059 1387 2121 pacto
1421 2051 1635 2122 generis
1667 2052 1835 2108 series
1864 2051 1997 2120 ipsis
2027 2052 2098 2106 sit
2123 2067 2347 2108 conser-

774 2147 916 2195 vata.
953 2139 1174 2210 Sergius
1219 2142 1420 2210 itaque,
1458 2143 1693 2210 acceptis
1730 2155 1920 2195 eorum
1955 2141 2267 2196 nominibus
2294 2151 2347 2197 et

775 2230 1111 2298 temporibus
1147 2238 1202 2284 ct
1243 2231 1526 2300 praecipuis
1564 2231 2060 2299 insignioribusque
2105 2231 2344 2300 ipsorum

773 2317 939 2370 rebus
965 2319 1152 2386 gestis,
1190 2318 1365 2386 iisque
1391 2318 1526 2374 scite
1563 2317 1616 2372 in
1665 2319 1899 2388 linguam
1938 2318 2178 2373 Graecam
2218 2336 2348 2375 con-

769 2406 944 2459 versis
982 2408 1001 2474 (
1029 2415 1146 2460 erat
1184 2408 1328 2461 enim
1377 2408 1732 2476 interpretum
1786 2410 2028 2463 omnium
2070 2411 2306 2479 optimus
2329 2449 2348 2478 ,

772 2511 1042 2565 quemque
1077 2497 1348 2554 Chosrees
1393 2500 1506 2568 ipse
1540 2500 1912 2554 admirabatur
1941 2511 1999 2554 ut
2038 2503 2088 2554 in
2123 2513 2348 2570 utraque

773 2601 835 2640 re
863 2587 1074 2655 publica
1101 2589 1436 2643 eruditorum
1469 2591 1820 2660 interpretum
1850 2593 2192 2661 principem),
2223 2609 2349 2663 per-

774 2674 1199 2747 fectissimaque,
1237 2681 1311 2732 uti
1353 2681 1651 2735 verisimile
1687 2691 1790 2747 est,
1832 2681 2274 2750 interpretatione
2317 2698 2348 2738 a

775 2781 836 2821 se
862 2767 1128 2835 confecta,
1156 2770 1221 2822 ad
1255 2785 1342 2825 me
1371 2772 1553 2825 omnia
1597 2771 1825 2825 fideliter
1853 2772 2133 2842 atniceque
2161 2773 2352 2828 detulit

778 2854 1132 2926 hortatusque
1148 2867 1250 2921 est,
1281 2868 1340 2912 ut
1363 2876 1564 2922 causae.
1583 2861 1654 2914 ob
1673 2875 1834 2930 quam
1862 2863 1974 2916 haec
2003 2873 2358 2917 monumenta

777 2961 809 2999 a
836 2943 1017 3001 Persis
1049 2957 1349 3016 acceperat,
1383 2949 1749 3004 satisfacerem
1789 2950 2113 3020 eﬂ‘ectuique
2140 2951 2348 3018 darem;

778 3036 924 3103 quod
971 3045 1025 3091 et
1065 3052 1210 3093 nunc
1259 3054 1290 3092 a
1330 3055 1416 3093 me
1461 3040 1761 3108 praestitum
1799 3041 2207 3110 perfectumque
2247 3053 2350 3096 est.

2434 599 2528 650 καὶ
2559 596 2852 650 ἀκόλουθον
2877 596 2988 648 τῶν
3021 596 3318 665 προτέρων.
3354 596 3427 649 Ἥ
3454 612 3516 649 τε
3559 595 3667 665 γὰρ
3701 594 3812 648 τῶν
3870 596 4018 665 Περ⁴

2436 685 2603 738 σικῶν
2636 685 2899 754 βασιλέων
2925 684 3139 755 διαδοχὴ
3168 686 3261 738 καὶ
3291 685 3319 736 ὁ
3348 685 3457 738 τῶν
3518 685 3778 738 ἐνιαυτῶν
3839 687 4018 738 κατάο

2434 776 2611 844 λογος,
2642 775 2730 848 [Ρ.
2761 775 2886 846 ιιιι
2928 777 3044 840 καὶ,
3087 775 3389 846 συλλήϐδην
3417 773 3606 843 φάναι,
3645 776 3790 828 ἅπαν
3822 791 3915 843 μοι
3953 774 4018 826 τὸ

2436 866 2842 936 ἐπηγγελμένον
2870 865 3243 936 ξυνετελέσθη.
3306 862 3472 936 Οἶμαι
3520 867 3579 919 δὲ
3629 867 3771 934 ἄγαν
3832 865 4018 934 ἀληθῆ

2439 957 2485 988 ⁸⁸
2512 955 2685 1009 ταῦτα
2732 957 3060 1011 καθεστάναι
3089 959 3184 1010 καὶ
3226 957 3285 1019 ὲς
3330 957 3390 1010 τὸ
3419 957 3644 1027 ἀκριϐὲς
3695 958 4020 1026 ἐκπεπονη-

2441 1047 2595 1117 μένα,
2642 1047 2718 1109 ὡς
2745 1046 2810 1118 δὴ
2861 1049 2926 1100 ὲκ
2970 1047 3077 1100 τῶν
3110 1049 3394 1118 Περσικῶν
3433 1047 3627 1117 βίὸιων
3658 1049 3702 1080 ⁸⁸
3729 1045 4024 1117 μεταληφ-

2438 1137 2616 1190 θέντα.
2668 1139 2894 1205 Σεργίου
2917 1137 3027 1208 γὰρ
3051 1137 3144 1190 τοῦ
3173 1139 3454 1208 ἑρμηνέως
3485 1140 3662 1191 ἐκεῖσε
3693 1137 4018 1207 γενομένω,

2439 1225 2678 1286 καὶτοὺς
2700 1226 2807 1279 τῶν
2828 1225 3121 1293 βασιλικῶν
3139 1227 3723 1297 ἀπομνημονευμάτων
3743 1228 4023 1297 φρουρούς

2441 1332 2501 1368 τε
2524 1317 2616 1368 καὶ
2646 1317 2940 1380 ἐπιστάτας
2971 1316 3290 1386 μεταδοῦναί
3318 1319 3366 1369 οἱ
3399 1317 3498 1385 τῆς
3525 1319 3651 1386 περὶ
3672 1318 3858 1370 ταῦτα
3888 1333 4024 1386 γρα-

2441 1408 2550 1477 φῆς
2579 1408 3065 1478 ἑκλιπαρήσαντος,
3094 1407 3374 1478 (πολλάκις
3405 1409 3513 1478 γὰρ
3539 1409 3700 1460 αὑτὸν
3739 1411 3800 1472 ές
3861 1409 4023 1462 τοῦτο

2439 1499 2752 1569 προτρέψας
2773 1498 3107 1568 ἐτύγχανον),
3141 1498 3467 1568 προσθέντος
3493 1499 3535 1530 ¹⁶
3561 1499 3616 1550 δὲ
3649 1501 3747 1551 καὶ
3785 1498 3894 1568 τὴν
3931 1500 4024 1550 αι-

2440 1591 2586 1650 τίαν,
2625 1590 2702 1652 ὡς
2743 1591 2843 1643 οὒκ
2869 1590 3028 1642 άλλου
3062 1607 3154 1642 του
3200 1589 3362 1659 χάριν
3390 1587 3576 1658 ζητοίη
3606 1587 3774 1640 τῶνδε
3814 1590 4021 1654 τυχεῖν,

2441 1681 2476 1752 ἡ
2509 1681 2650 1735 ὥστε
2675 1681 2768 1734 καὶ
2795 1683 2926 1751 παρ’
2953 1683 3083 1750 ἡμῖν
3114 1680 3438 1749 άνάγραπτα
3476 1678 3696 1731 ἔσεσθαι
3730 1677 3801 1730 τὰ
3842 1677 4026 1745 σφίσιν

2444 1774 2763 1843 ἐγνωσμένα
2795 1773 2889 1826 καὶ
2915 1772 3094 1839 τίμια,
3133 1773 3408 1842 παρέσχον
3438 1770 3600 1833 εὐθὺς
3624 1765 3682 1823 εὖ
3710 1787 3776 1837 γε
3804 1769 4029 1822 ποιοῦν-

2444 1881 2538 1927 τες
2588 1865 2804 1926 ἐκεῖνοι,
2837 1863 2937 1914 οὐκ
2968 1862 3133 1932 άχαρι
3167 1861 3228 1914 τὸ
3256 1860 3444 1930 χρῆμα
3469 1859 3764 1930 ἡγούμενοι
3793 1853 3942 1911 εἶναι
3963 1860 4027 1922 ¹¹,

2447 1953 2585 2007 ἀλλὰ
2633 1955 2728 2006 καὶ
2756 1953 2891 2023 πρὸς
2939 1952 3190 2014 εὐκλείας
3219 1955 3332 2014 τοῖς
3359 1951 3508 2019 σφῶν
3555 1948 3881 2019 βασιλεῦσιν
3915 1949 4029 2002 ἑσό·

2450 2063 2627 2118 μενον,
2668 2047 2717 2098 εἰ
2748 2044 2991 2114 μέλλοιεν
3051 2044 3146 2096 καὶ
3192 2041 3344 2112 παρὰ
3395 2041 3685 2110 Ῥωμαίοις
3735 2039 4016 2108 γινώσκε-

2448 2137 2594 2200 σθαι,
2628 2135 2803 2188 ὁποῖοί
2848 2152 2909 2187 τε
2940 2134 3193 2202 γεγόνασι
3252 2134 3348 2185 καὶ
3400 2132 3607 2197 ὁπόσοι,
3655 2130 3758 2183 καὶ
3799 2130 3959 2193 ὅπως
3986 2131 4021 2199 ἡ

2445 2227 2538 2281 τοῦ
2581 2226 2772 2294 γένους
2810 2227 2991 2287 αὐτοῖς
3032 2224 3410 2278 ἀποσέσωσται
3445 2221 3622 2287 τάξις.
3664 2219 3872 2274 Λαϐὼν
3928 2215 4025 2272 οὖν

2447 2321 2476 2372 ὁ
2521 2319 2744 2388 Σέργιος
2763 2317 2833 2370 τά
2902 2334 2964 2369 τε
3010 2317 3248 2386 ὀνόματα
3292 2315 3384 2367 καὶ
3441 2314 3564 2376 τοὺς
3623 2312 3879 2382 χρόνους,
3933 2311 4030 2364 καὶ

2447 2407 2555 2459 τῶν
2587 2406 2672 2458 ἐπ’
2698 2406 2882 2466 αὐτοίς
2905 2404 3286 2474 γεγενημένων
3327 2402 3395 2454 τὰ
3438 2399 3780 2469 καιριώτατα
3809 2399 3881 2465 ¹¹¹,
3935 2399 4031 2451 καὶ

2453 2495 2772 2567 μεταϐαλὼν
2800 2497 3084 2564 εὐκόσμως
3113 2495 3196 2557 εἰς
3235 2493 3337 2562 τὴν
3401 2492 3627 2544 Ἐλλάδα
3685 2489 3882 2560 φωνὴν
3940 2485 4032 2558 (ἦν

2449 2587 2560 2658 γάρ
2605 2587 2670 2656 δὴ
2701 2585 2982 2656 ἑρμηνέων
3033 2585 3254 2654 ἄριστος
3301 2583 3576 2644 ἁπάντων,
3627 2582 3726 2634 καὶ
3761 2576 3881 2643 οἷος
3939 2579 4032 2632 ὑπ’

2450 2675 2618 2730 αὑτοῦ
2668 2675 2910 2746 Χοσρόου
2941 2673 3336 2744 θαυμάζεσθαι,
3367 2673 3444 2735 ὡς
3496 2673 3558 2724 έν
3585 2669 3832 2738 ἑκατέρᾳ
3876 2668 4035 2721 πολι-

2450 2767 2570 2837 τείᾳ
2611 2765 2680 2818 τὰ
2709 2768 2948 2835 πρωτεῖα
2974 2763 3155 2834 λαχὼν
3180 2764 3280 2834 τῆς
3306 2762 3658 2834 ὲπιστήμηςὶ,
3682 2761 3922 2825 είκότως
3942 2757 4037 2814 οὖν

2452 2858 2854 2928 ἀκριϐεστάτην
2916 2856 3285 2924 ποιησάμενος
3343 2854 3441 2925 τὴν
3504 2852 3878 2922 μετάφρασιν,
3934 2853 4039 2905 άπ-

2451 2949 2672 3018 εκόμισέ
2701 2949 2762 3000 τέ
2791 2965 2880 3018 μοι
2926 2947 3141 3000 ἅπαντα
3173 2946 3317 3015 μάλα
3363 2943 3570 3006 πιστῶς
3615 2944 3710 2996 καὶ
3739 2942 3942 3010 φιλίως
3970 2943 4037 3006 ’⁸,

2452 3038 2547 3092 καὶ
2568 3035 2876 3110 προῦτρεψε
2903 3034 3142 3088 διανύειν
3162 3034 3261 3103 τὴν
3307 3032 3506 3095 αἰτίαν,
3550 3033 3637 3100 ἐφ’
3691 3025 3844 3101 ᾗπερ
3899 3031 4040 3083 αὐτά

780 3127 1042 3191 Quocirca
1075 3130 1290 3184 tametsi
1335 3131 1596 3184 nonnulla
1635 3147 1847 3197 eorum,
1879 3148 2001 3203 qua:
2041 3135 2107 3187 de
2140 3133 2348 3189 Cavade

2455 3129 2547 3182 καὶ
2586 3126 2911 3197 παρείληφε,
2943 3125 3038 3177 καὶ
3068 3123 3246 3176 τοίνυν
3271 3123 3553 3193 διήνυσται
3577 3137 3592 3150 ·
3638 3119 3784 3172 ὥστε
3845 3121 3900 3172 εί
3950 3120 4041 3172 καὶ

781 3228 1200 3273 commemorata
1244 3228 1391 3286 sunt,
1439 3221 1594 3275 aliter
1629 3237 1660 3276 a
1691 3221 1953 3292 Procopio
1979 3223 2196 3278 rhetore
2229 3239 2358 3278 nar-

782 3317 974 3362 rantur
999 3349 1014 3373 ,
1058 3310 1216 3364 nobis
1256 3308 1459 3366 Persici
1504 3310 1796 3366 Annalium
1849 3313 2140 3381 scriptores
2179 3315 2360 3384 petius

783 3409 914 3454 sunt
945 3400 1226 3468 sequendi,
1271 3417 1498 3471 quaeque
1525 3403 1559 3456 ii
1606 3403 1887 3468 scribunt,
1921 3414 1979 3457 ut
2023 3405 2234 3460 veriora
2278 3413 2358 3458 te-

785 3489 982 3544 nenda.
1013 3489 1125 3544 lloc
1155 3491 1333 3561 itaque
1372 3493 1554 3546 labore
1585 3494 1742 3548 nobis
1770 3493 2162 3561 perfectissime
2199 3495 2359 3549 abso-

785 3581 936 3644 luto,
965 3596 1081 3649 age,
1119 3581 1185 3635 ad
1229 3582 1648 3636 continuandam
1705 3583 1984 3637 historiam
2029 3583 2358 3654 redeamus,

785 3684 948 3738 quam
982 3671 1277 3741 interrupta
1317 3673 1629 3727 narratione
1655 3689 1834 3727 rerum
1872 3675 1924 3728 in
1957 3674 2152 3728 Lazico
2183 3685 2362 3743 gesta-

787 3775 932 3822 rum,
961 3761 1067 3816 huc
1092 3777 1263 3831 usque
1293 3763 1665 3830 perduximus.
1709 3761 1823 3817 lloc
1857 3764 2038 3833 itaque
2073 3777 2229 3832 pacto
2257 3763 2363 3818 Na-

786 3844 1054 3914 choragan
1086 3847 1156 3901 ob
1185 3863 1340 3901 suam
1373 3849 1703 3913 vecordiam,
1738 3860 1791 3904 et
1816 3853 1957 3919 quod
1995 3867 2088 3920 per
2124 3855 2230 3906 vim
2271 3870 2360 3908 es-

787 3943 870 3988 set
901 3934 1074 3989 victus
1106 3951 1137 3989 a
1174 3936 1405 3991 Martino
1442 3948 1494 3992 et
1530 3936 1788 3996 Romanis
1817 3942 2011 4010 copiis,
2055 3949 2109 3996 et
2145 3943 2214 3997 ob
2249 3953 2363 3996 tur-

787 4040 908 4090 pem
941 4025 994 4079 in
1024 4025 1246 4082 lberiam
1274 4028 1476 4098 fugam,
1501 4030 1877 4087 crudelissima
1901 4043 2074 4088 morte
2097 4035 2257 4105 275
2282 4035 2364 4090 af-

788 4113 965 4170 fectus
997 4115 1118 4181 fuit,
1155 4118 1609 4187 quemadmodum
1645 4137 1809 4190 supra
1844 4137 1874 4176 a
1904 4138 1990 4178 me
2019 4133 2103 4180 est
2131 4128 2358 4181 dictum.

787 4205 1057 4260 Chosrues
1083 4221 1211 4262 vero
1236 4208 1610 4273 considerans,
1638 4224 1696 4265 se
1719 4225 1824 4264 non
1851 4213 2082 4280 possein
2107 4214 2359 4270 Colchica

788 4294 1008 4364 regione
1037 4297 1296 4353 adversus
1324 4299 1602 4355 Romanos
1642 4302 1940 4357 exercitum
1971 4305 2188 4370 ducere,
2219 4309 2360 4376 quod

789 4387 868 4442 illi
899 4389 1114 4457 quidem
1143 4391 1280 4445 mari
1313 4391 1636 4460 potirentur,
1669 4409 1734 4449 ac
1768 4410 1864 4464 per
1890 4397 1940 4450 id
1981 4396 2138 4453 facile
2172 4415 2358 4455 neces-

2456 3213 2747 3284 Προκοπίῳ
2785 3212 2864 3281 τῷ
2905 3213 3094 3284 ῥήτορι
3139 3211 3259 3265 ἔνια
3306 3211 3418 3264 τῶν
3471 3211 3563 3263 ἐπὶ
3622 3209 3863 3281 Καὸάδῃ
3932 3212 4040 3276 de-

2455 3305 2772 3376 ηγηθέντων
2805 3304 2852 3344 ³⁸
2882 3302 3088 3372 ἑτέρως
3115 3301 3479 3372 ἀπήγγελται,
3511 3300 3628 3354 ἀλλ’
3653 3300 3789 3370 ἡμῖν
3808 3300 4041 3354 ἀκολου-

2457 3397 2652 3465 θητέον
2684 3397 2798 3456 τοῖς
2849 3394 3144 3463 Περσικοῖς
3173 3391 3569 3462 χρονογράφοις
3603 3391 3671 3452 ⁸⁸,
3697 3391 3795 3442 καὶ
3822 3389 3942 3442 τῶν
3984 3391 4041 3442 'sv

2457 3485 2640 3546 αὐτοῖς
2695 3483 3012 3551 φερομένων
3080 3479 3157 3541 ὡς
3209 3477 3593 3550 άληθεστέρων
3647 3478 4038 3546 ἀντιληπτέον.

2459 3575 2728 3628 Τοσοῦτον
2754 3576 2798 3606 ³⁸
2826 3573 2892 3644 δὴ
2911 3569 3006 3626 οὖν
3034 3574 3163 3642 ἡμῖν
3193 3570 3290 3624 τοῦ
3321 3571 3483 3624 πόνου
3516 3569 3832 3623 τελεώτατα
3857 3569 4041 3639 ἐξειρ-

2458 3665 2758 3736 γασμένου,
2791 3664 2924 3734 φέρε
2966 3661 3101 3734 πρὸς
3139 3661 3311 3729 αὐτὴν
3353 3657 3505 3724 αὖθις
3559 3661 3886 3730 ὲπανίωμεν
3945 3661 4043 3730 τὴν

2458 3759 2559 3827 τῆς
2591 3759 2831 3828 ἱστορίας
2870 3755 3171 3824 ξυνέχειαν,
3201 3756 3270 3825 ἦν
3300 3756 3364 3809 ἐκ
3396 3755 3505 3807 τῶν
3537 3755 3681 3824 ἀμφὶ
3710 3754 3814 3824 τὴν
3874 3754 4043 3817 Λαζι-

2461 3851 2563 3919 κὴν
2586 3849 2968 3919 γεγενημένων
2999 3848 3346 3918 διατεμόντες
3371 3846 3439 3910 ⁸³,
3473 3847 3532 3908 ὲς
3557 3845 3684 3899 τάδε
3727 3845 4038 3914 ἀφίγμεθα.

2461 3939 2616 3994 Οὕτω
2645 3940 2744 4009 μὲν
2773 3938 2837 4008 δὴ
2867 3933 2960 3991 οὖν
2996 3939 3026 3991 ό
3046 3935 3376 4008 Ναχοραγάν
3402 3935 3491 3990 διὰ
3534 3934 3596 3988 τὸ
3648 3935 3882 4002 ἀγεννὲς
3945 3933 4041 3987 τοῦ

2458 4033 2685 4103 τρόπον,
2725 4031 2909 4083 καὶτὸ
2937 4028 3254 4098 νενικῆσθαι
3295 4028 3400 4081 ἀνὰ
3440 4028 3642 4098 κράτος
3670 4026 3776 4078 ὑπο
3821 4024 4046 4095 Μαρτί-

2459 4141 2552 4176 νου
2597 4139 2657 4175 τε
2691 4121 2918 4175 καὶτῶν
2953 4120 3280 4190 Ῥωμαϊκῶν
3323 4119 3768 4189 στρατευμάτων,
3801 4118 3908 4169 καὶ
3933 4118 4035 4186 τὴν

2460 4214 2518 4277 ἐς
2581 4213 2824 4282 Ἰϐηρίαν
2870 4213 3104 4283 αἰσχρὰν
3171 4210 3546 4281 ἀναχώρησιν,
3597 4208 3865 4278 ὠμότατα
3925 4208 4039 4261 διε-

2461 4303 2644 4373 φθάρη
2673 4301 2794 4355 καθ’
2821 4301 2880 4354 ὃν
2910 4301 3012 4372 ἤδη
3055 4317 3144 4370 μοι
3175 4301 3439 4370 πρότερον
3465 4300 3678 4368 εἰρηται
3723 4297 3937 4366 τρόπον
3961 4297 4028 4349 ’⁸.

2462 4393 2822 4462 Λογιξόμενος
2855 4392 2904 4424 ³⁸
2933 4391 2989 4444 δὲ
3031 4393 3060 4444 ὁ
3103 4390 3368 4461 Χοσρὸης,
3413 4391 3489 4452 ὡς
3515 4389 3613 4457 οὐχ
3647 4382 3822 4440 οἷόντε
3891 4387 4044 4455 αὖτῷ

791 4479 934 4533 saria
968 4482 1148 4534 omnia
1175 4483 1255 4538 eis
1286 4483 1736 4550 subveherentur,
1763 4486 1876 4556 ipse
1909 4503 2036 4544 vero
2060 4490 2234 4561 longis
2264 4491 2348 4546 de!

2464 4484 2569 4538 ἀνά
2592 4482 2690 4554 τὴν
2719 4482 2955 4553 Κολχίδα
3005 4482 3111 4552 γῆν
3156 4481 3292 4552 πρὸς
3373 4479 3678 4549 Ῥωμαίους
3751 4477 4047 4546 παρατάτ-

792 4569 1063 4639 scrtisque
1105 4571 1388 4628 itineribus
1429 4575 1481 4627 in
1529 4584 1708 4629 castra
1751 4591 1847 4630 sua
1892 4578 2054 4632 etiam
2105 4580 2358 4648 exiguum

792 4667 1154 4712 commeatum
1185 4660 1400 4715 nonnisi
1429 4675 1525 4730 per
1551 4662 1761 4729 bajulos
1801 4673 1853 4718 et
1886 4664 2130 4734 jntnenta
2161 4681 2356 4722 onera-

797 4745 877 4799 ria
908 4745 1216 4804 dillicillime
1247 4749 1460 4805 mittere
1495 4762 1795 4821 cogeretur,
1832 4761 1999 4806 totum
2032 4755 2230 4810 bellum
2263 4757 2360 4811 de-

2461 4574 2674 4636 τεσθαι,
2728 4572 2839 4626 τῶν
2871 4572 2970 4643 μὲν
3014 4573 3115 4642 τῆς
3147 4571 3420 4640 θαλάττης
3448 4572 3495 4602 ⁸⁸
3540 4567 3916 4640 κρατούντων,
3951 4570 4047 4621 καὶ

2461 4666 2697 4726 ἅπαντα,
2751 4657 2827 4717 ὧν
2849 4662 2915 4716 ἂν
2951 4663 3177 4728 δέοιντο,
3225 4662 3424 4733 ῥᾳδίως
3478 4658 3686 4712 ἐνθένδε
3744 4673 4044 4727 μεταπεμ-

2462 4761 2736 4826 πομένων,
2777 4752 2945 4808 αὐτοῦ
2969 4753 3026 4806 δὲ
3056 4753 3144 4806 διὰ
3193 4752 3405 4822 μακρᾶς
3435 4749 3549 4800 θεοῖ
3580 4749 3672 4803 καὶ
3703 4747 3928 4816 ἐρήμου
3947 4748 4043 4817 μόο

795 4838 1103 4904 ponendum
1148 4841 1377 4905 censuit,
1414 4855 1482 4896 ne
1524 4841 1655 4910 ipsis
1693 4857 1819 4911 pax,
1853 4843 2013 4899 certis
2037 4845 2348 4914 quibusdam

2459 4849 2544 4910 λις
2570 4849 2683 4910 τοῖς
2713 4844 3231 4917 στρατοπεδεύουσιν
3262 4841 3442 4912 ἐλάχιε
3465 4859 3517 4894 ἀ
3569 4839 3699 4908 γοῦν
3745 4838 3861 4892 τῶν
3921 4839 4046 4892 ἔδω-

794 4936 856 4983 υι
896 4930 1188 5000 plurimum
1227 4933 1361 4989 locis
1400 4933 1832 5005 circumscripta,
1866 4938 2055 4993 mutila
2103 4938 2358 5009 imperfe-

2468 4941 2643 5010 δίμων
2683 4938 2792 4992 ὑπὸ
2827 4936 3148 5008 ἀχθοφόροις
3181 4933 3405 5005 ἀνδράσι
3458 4949 3518 4985 τε
3583 4933 3678 4985 καὶ
3721 4929 4046 4999 ὑποζυγίοις

2093 5112 2325 5168 ΥΑΒΙᾸΞ
2351 5113 2754 5170 LECTIONES.

876 5283 918 5314 ¹⁸
946 5277 1446 5361 ἀναγραςέησόμενα
1472 5286 1559 5361 li,
1604 5287 1786 5361 Lugd.
1837 5290 1872 5342 ξ).
1928 5305 2001 5344 In.
2026 5301 2076 5344 et
2108 5293 2271 5361 intpr.
2303 5303 2357 5346 ut
2395 5322 2465 5333 ——
2492 5291 2863 5361 describendaet
2899 5287 3070 5361 V_ulg._
3087 5303 3150 5361 et:
3188 5303 3269 5356 pr.
3285 5303 3376 5361 λιι.
3431 5285 3606 5361 [iuguli
3628 5286 3663 5338 ἃ
3701 5284 4046 5361 ἐντοῐςᾷοίιι.

796 5353 1320 5431 ργαγραφησέμεθα.
1345 5359 1561 5431 χωρίοις
1601 5358 1640 5408 ιι
1679 5353 1749 5431 et_
1775 5359 2102 5431 impr-usui:
2132 5353 2282 5424 locis,
2340 5363 2555 5431 χρόνοις
2593 5361 2737 5428 vulg.

1511 5427 1554 5457 ¹⁶
1585 5425 1909 5499 προσθέντος
1951 5428 2022 5499 ll,
2047 5425 2504 5499 προθέντοςῖῖιιιε.

797 5421 952 5492 ὅλων
964 5421 1028 5483 Β,
1054 5423 1272 5492 βιϐλίων
1289 5421 1430 5492 vulg.

803 5487 1065 5560 ριὼτατα’
1097 5491 1163 5555 Β,
1190 5487 1521 5562 καιριώτερα
1579 5487 1722 5562 vulg.

805 5511 1039 5560 ριωτατα
1097 5511 1163 5555 ﬂ,
1190 5511 1284 5545 και
1315 5519 1317 5522 ·

805 5561 1107 5631 ραγράφοις
1130 5562 1250 5631 (sic)
1285 5511 1325 5614 ri

801 5630 984 5698 ὲξεργ,
1018 5633 1141 5684 edd.

1248 5633 1293 5663 ³³
1321 5632 1663 5700 διατεμόντες

1829 5497 1870 5527 ¹⁹
1913 5497 2099 5569 φιλίως
2139 5500 2203 5569 Β,
2238 5501 2404 5568 φίλως
2440 5497 2584 5569 vulg.

1335 5602 1349 5634 ,
1402 5563 1567 5634 intpr.
1616 5567 1835 5634 scripta.
1911 5568 1956 5596 ”
1995 5563 2261 5621 τοσούτου
2282 5569 2324 5621 ιι
2347 5563 2397 5622 et
2437 5563 2598 5634 intpr.
2625 5563 3320 5634 tmttutn'la’bort's,106mg
3349 5566 3490 5632 vulg.
3529 5563 3958 5632 ὲξηργασμένου
3989 5563 4049 5629 ﬂ,

1722 5631 1763 5706 ll
1792 5645 1844 5689 et
1877 5635 2036 5706 intpr.
2070 5653 2226 5706 quam
2252 5669 2311 5678 —
2341 5631 2622 5706 occoepiam
2666 5637 3048 5706 intercidunt“,
3084 5631 3462 5706 διατελοῦντες
3493 5634 3633 5706 vulg.

2593 5361 2737 5428 vulg.
2833 5359 2874 5389 “
2905 5358 3080 5424 ἀληθῆ
3112 5354 3248 5422 ἄγαν
3284 5354 3348 5409 Ii.
3377 5354 3715 5408 καθεστάντα
3743 5354 3811 5407 R.
3901 5358 3945 5386 "
3977 5357 4048 5425 βί-

2583 5431 2623 5462 ¹⁷
2655 5428 2952 5478 ἡγούμενοι
2986 5423 3124 5478 εἶναι
3167 5425 3230 5478 ll.
3257 5421 3357 5478 εἶν.
3391 5424 3590 5478 nvo-Su.
3626 5424 3776 5478 vulg.
3859 5427 3910 5458 "
3934 5443 4048 5478 καιο

2655 5427 2952 5498 ἡγούμενοι
2986 5427 3124 5478 εἶναι
3167 5427 3230 5488 ll,
3257 5427 3357 5478 εἱν.
3391 5427 3590 5492 ἡγοὺμ.
3626 5427 3776 5490 vulg.
3859 5427 3910 5458 "
3934 5443 4048 5478 καιο

2662 5500 2708 5529 "
2737 5497 3130 5567 ἁφηγηθέντων
3157 5497 3224 5567 ιι,
3252 5493 3621 5567 ἀςρηγημένων
3663 5497 3813 5562 vulg.
3843 5496 3917 5567 -"
3941 5512 4048 5567 χεέ.

3712 5634 3763 5663 ³⁸
3789 5635 4049 5704 πρότερον

802 5699 908 5780 ξῖρ·
938 5718 1051 5780 τρι,
1091 5698 1158 5780 Β,
1205 5698 1517 5780 τρᾴπιηεῖρ.
1558 5705 1822 5780 1:_p_.}'ltlg.
1899 5698 2102 5780 "Quae
2125 5718 2447 5778 sequuntur,
2476 5698 2594 5764 sine
2619 5705 2723 5762 ulla
2754 5705 3014 5760 vatictate
3037 5704 3285 5772 leguntur
3305 5704 3358 5757 in
3394 5703 3527 5757 Cod.
3557 5699 3760 5756 Bavar.
3813 5698 4046 5776 Excerp-

806 5769 984 5824 totum
1021 5769 1086 5825 de
1136 5769 1514 5841 legationibus.
1589 5769 1634 5804 π
1667 5769 1937 5844 θαλάσσης
1966 5773 2030 5829 ll.
