4188 6438
731 393 866 462 1543

1905 390 2264 452 AGATHI/E
2291 391 2779 453 SCHOLASTICI

3831 390 3960 457 15H.

726 506 913 561 tudine
957 503 1198 559 natalitia
1246 502 1495 556 convivia
1547 503 1904 573 agitarentur,
1960 504 2132 576 frigus
2183 515 2300 560 erat

2410 507 2544 578 ὐπέρ
2595 509 2704 561 τῶν
2740 509 3022 578 ὀνομάτων
3077 509 3355 578 συμπόσια
3383 509 3637 575 ἐτελεῖτο,
3684 505 3830 582 ᾗπερ
3856 511 3960 573 τοῖς

723 593 885 663 quale
917 607 1014 662 par
1046 602 1127 646 est
1157 606 1299 656 esse,
1329 593 1442 645 sole
1475 592 1540 646 ad
1587 592 1861 647 brumales
1907 596 2294 649 conversiones

722 695 779 743 et
809 687 875 741 ad
905 685 1299 754 Capricornum
1331 694 1606 754 vergente,
1633 695 1686 739 et
1719 685 1984 754 praecipue
2017 687 2120 741 sub
2148 701 2298 741 octa-

725 793 850 833 vum
879 777 1061 840 clima,
1111 777 1256 845 quod
1297 778 1366 830 ab
1394 776 1611 830 Euxino
1646 777 1818 830 Ponto
1853 778 1922 830 ab
1968 777 2114 832 illius
2163 779 2298 832 artis

726 868 916 936 peritis
966 876 1051 922 est
1082 868 1430 937 appellatum.
1495 866 1630 922 Tum
1691 882 1818 922 vero
1866 869 2007 922 circa
2065 870 2296 922 mediam

727 961 902 1016 noctis
931 960 1188 1030 vigiliam,
1221 961 1432 1014 civibus
1456 976 1648 1014 somno
1679 969 1733 1014 et
1765 961 1932 1030 quleti
1961 963 2298 1024 vacantibus.

726 1061 946 1122 repente
975 1053 1076 1106 hoc
1111 1053 1312 1105 malum
1349 1053 1555 1114 incidit,
1590 1052 1884 1119 omnlaque
1913 1053 2094 1105 statim
2127 1067 2192 1105 ex
2225 1053 2303 1121 ip-

726 1140 804 1196 sis
835 1139 1202 1195 fundamentis
1229 1140 1697 1202 suecnliebantur,
1731 1150 2019 1208 motusque
2049 1140 2182 1209 ipse,
2219 1151 2302 1194 ta-

728 1234 889 1289 metsi
912 1233 982 1286 ab
1006 1232 1160 1287 initio
1192 1232 1616 1286 violentissimus
1646 1240 1810 1296 esset,
1841 1231 1894 1284 in
1923 1230 2098 1300 majus
2126 1239 2302 1284 tamen

727 1323 908 1378 adhuc
938 1323 1239 1384 creseebat,
1271 1321 1432 1374 veluti
1458 1337 1552 1388 per
1580 1321 1910 1374 incrementa
1936 1321 2003 1374 ad
2026 1336 2301 1375 sumntum

727 1414 981 1469 tendente
1015 1414 1176 1468 malo.
1212 1410 1324 1466 lloc
1353 1412 1536 1480 itaque
1567 1421 1724 1480 pacto
1757 1413 2012 1465 omnibus
2043 1427 2074 1465 c
2111 1426 2306 1465 somno

726 1497 996 1565 excitatis,
1032 1504 1276 1572 ploratus
1316 1502 1464 1554 omni
1509 1517 1572 1556 ex
1616 1510 1769 1571 parte
1816 1501 2156 1570 ejulatusque
2205 1517 2306 1553 au-

726 1596 1034 1658 diebantur,
1069 1602 1124 1648 et
1153 1610 1278 1656 vox,
1311 1593 1486 1662 qualis
1520 1593 1632 1648 fcre
1671 1595 1727 1646 in
1776 1593 2102 1658 ejusct-mndi
2152 1591 2308 1646 malis

725 1685 794 1741 ad
829 1684 995 1739 Deum
1022 1685 1345 1754 proclamari
1377 1685 1680 1738 consuevit.
1715 1684 1989 1754 Siquidem
2013 1693 2066 1737 et
2093 1674 2304 1738 sonitus

727 1777 948 1844 quidam
985 1775 1165 1846 gravis
1197 1784 1358 1844 atque
1389 1775 1644 1829 innnanis
1677 1774 1841 1828 veluti
1879 1783 2133 1827 terrestre
2167 1773 2309 1825 toni-

2408 597 2698 667 Ῥωμαίοις
2718 599 3052 667 νενόμισται,
3071 598 3238 670 κρύος
3260 599 3359 670 μὲν
3376 600 3476 670 ἤδη
3503 601 3772 671 ὑπῆρχεν,
3787 601 3959 653 ὁποῖον

2396 681 2534 738 εἶναι
2556 684 2703 748 εἰκὸς
2731 685 2826 738 τού
2853 686 3004 755 ἡλίου
3043 686 3138 739 ἐπὶ
3170 685 3270 750 τὰς
3295 685 3504 756 τροπάς
3530 685 3846 750 ἐλαύνοντος
3869 687 3959 749 τάς

2396 779 2730 848 χειμερίους,
2757 779 2851 830 καὶ
2874 779 3009 847 πρὸς
3027 778 3116 831 τὸν
3139 779 3496 848 Αἰγοκέρωτα
3521 778 3846 849 φερομένου·
3873 778 3963 832 καὶ

2401 868 2636 932 μάλιστα
2660 870 2716 920 ἐν
2749 867 2826 936 τῷ
2850 867 3071 936 κλίματι
3093 868 3267 937 δήπου
3298 868 3377 937 τῷ
3399 868 3569 938 ὀγδόῳ
3595 867 3776 929 καλῶς
3804 863 3962 936 εἶχεν,

2397 956 2556 1024 ὅπερ,
2599 951 2775 1024 οἶμαι,
2823 955 2888 1007 ἐκ
2923 955 3018 1008 τού
3061 954 3312 1019 Εὐξείνου
3351 958 3548 1009 πόντου
3577 957 3623 988 ⁸⁸
3663 955 3818 1023 παρά
3861 959 3964 1018 τοῖς

2398 1040 2570 1094 ταῦτα
2611 1045 2793 1109 σοφοῖς
2825 1041 3204 1113 ἐπικέκληται.
3241 1042 3376 1094 Τότε
3396 1043 3453 1095 δὲ
3482 1042 3626 1110 ἀμφὶ
3652 1043 3827 1112 μέσην
3871 1041 3965 1110 τῆς

2399 1131 2591 1192 νυκτὸς
2623 1131 2868 1202 φυλακὴν
2901 1132 3052 1202 ὐπνῳ
3094 1133 3193 1200 μὲν
3232 1135 3281 1186 οἰ
3310 1134 3467 1185 ἀστοὶ
3488 1132 3698 1202 εἴχοντο
3733 1133 3829 1186 καὶ
3847 1134 3968 1202 ἡρε-

2405 1220 2522 1290 μία,
2579 1219 2802 1272 ἐνέπεσε
2837 1221 2894 1273 δὲ
2941 1221 3204 1288 ἐξαπίνης
3249 1222 3311 1275 τὸ
3351 1222 3561 1288 δεινὸν,
3606 1221 3703 1274 καὶ
3758 1222 3969 1274 ἅπαντα

2401 1309 2564 1373 εὐθὺς
2593 1313 2656 1362 ἐκ
2690 1308 2903 1379 βάθρων
2928 1309 3105 1364 αὐτῶν
3143 1310 3389 1364 ἐδονεῖτο·
3419 1313 3453 1381 ἦ
3473 1329 3530 1364 τε
3555 1311 3772 1380 κίνησις
3805 1311 3969 1380 βιαιό-

2401 1418 2539 1454 τατα
2572 1400 2692 1454 κατ’
2717 1401 2892 1470 ἀρχάς
2914 1401 3261 1464 εἰσϐαλοῦσα,
3285 1403 3378 1454 ἐπὶ
3404 1404 3590 1470 μεῖζον
3610 1404 3692 1454 ἐτι
3714 1402 3972 1471 ηὐξάνετο

2405 1493 2500 1544 καὶ
2533 1491 2887 1561 ἐπηυξάνετο,
2915 1491 3104 1562 ὥσπερ
3137 1495 3194 1556 ἐς
3213 1493 3454 1546 ἐπίδοσίν
3473 1510 3593 1545 τινα
3621 1495 3718 1545 καὶ
3745 1492 3972 1563 ὑπερδο-

2404 1579 2502 1650 λην
2536 1579 2631 1632 τοῦ
2665 1581 2871 1643 πάθους
2916 1580 3244 1652 χωροῦντοςο
3289 1580 3432 1634 οὔτω
3468 1580 3532 1651 δὴ
3576 1578 3670 1633 οὖν
3721 1581 3973 1634 ἀπάντων

2405 1669 2875 1737 ἀφυπνισθέντων,
2902 1669 3148 1732 κωκυτὸς
3182 1670 3412 1738 ἠκούετο
3441 1669 3710 1724 πάντοθεν
3737 1670 3836 1722 καὶ
3869 1670 3976 1722 όλο-

2405 1759 2565 1828 λυγὴ,
2597 1759 2692 1812 καὶ
2716 1761 2749 1829 ἡ
2781 1761 2916 1831 πρὸς
2940 1761 3000 1813 τὸ
3036 1761 3177 1814 θεῖον
3203 1761 3536 1816 ἀναῦοᾶσθαι
3565 1762 3895 1832 αὐτομάτως
3923 1763 3977 1814 ἐν

731 1877 817 1921 tru
850 1882 880 1920 e
913 1874 1069 1920 terra:
1116 1865 1419 1920 visceribus
1453 1865 1709 1928 emissus,
1763 1866 1935 1929 ipsam
1988 1862 2302 1918 succussio-

2410 1847 2612 1912 τούτοις
2636 1849 2684 1880 ⁸³
2715 1849 2934 1901 εἰωθυῖα
2957 1852 3130 1921 φωνή·
3161 1851 3284 1902 ἐπεὶ
3316 1852 3408 1903 καὶ
3423 1847 3550 1921 ἦχός
3578 1869 3660 1913 τις
3694 1852 3870 1922 βαρὺς
3891 1851 3978 1904 καὶ

728 1973 850 2012 nem
885 1957 1316 2026 subsequebatur
1350 1967 1719 2025 terroremque
1757 1954 2307 2024 duplicabat,aerque

728 2060 890 2106 terrae
918 2049 1162 2120 proxime
1186 2047 1552 2103 circumfusus
1579 2047 1792 2101 fumosa
1820 2046 2052 2116 quadam
2083 2045 2303 2111 nebula,

728 2142 914 2196 nescio
957 2141 1100 2194 unde
1146 2140 1382 2202 sublata,
1439 2139 1830 2201 oll'uscabatur,
1881 2146 2140 2206 totusque
2187 2145 2308 2190 erat

727 2231 1060 2300 caliginosus
1093 2238 1148 2284 et
1176 2231 1580 2301 quodammodo
1613 2228 1883 2282 turbidus.
1917 2225 2174 2280 llornines
2205 2226 2307 2279 ita-

727 2339 836 2393 que
867 2337 976 2393 pra:
1020 2332 1163 2376 metu
1199 2337 1262 2376 ac
1290 2335 1486 2391 pavore
1523 2329 1675 2374 extra
1725 2333 1784 2373 se
1815 2318 1973 2386 positi
2005 2327 2058 2370 et
2093 2317 2307 2370 consilii

728 2420 1004 2479 expertes,
1033 2411 1289 2465 domibus
1309 2411 1424 2464 suis
1453 2410 1693 2473 exibant,
1725 2407 2017 2476 statimque
2045 2415 2098 2460 ct
2121 2405 2309 2475 plateae

728 2509 782 2555 et
806 2501 1124 2571 angiportus
1148 2500 1499 2554 multitudine
1526 2499 1909 2568 implebantur,
1938 2497 2098 2566 283
2128 2495 2308 2565 perin-

726 2593 796 2646 de
827 2607 894 2646 ac
935 2593 980 2645 si
1022 2605 1128 2644 non
1169 2591 1332 2645 etiam
1374 2589 1470 2654 ibi,
1521 2589 1566 2643 si
1623 2589 1695 2641 ita
1749 2589 2082 2650 usuveniret,
2133 2585 2308 2654 perire

729 2691 974 2753 possent.
1007 2681 1276 2736 Continua
1300 2681 1442 2734 enim
1469 2679 1618 2734 omni
1651 2694 1714 2732 ex
1749 2688 1900 2747 parte
1941 2677 2154 2746 sibique
2182 2691 2306 2729 mu-

730 2784 827 2830 tuo
859 2787 1105 2829 connexa
1139 2781 1270 2826 sunt
1295 2771 1547 2834 aediﬁcia,
1587 2785 1835 2841 aegreque
1871 2769 2081 2838 uspiam
2127 2767 2306 2821 locum

727 2865 964 2934 aliquem
991 2863 1247 2918 subdium
1275 2872 1329 2916 et
1352 2873 1598 2930 apertum
1628 2870 1683 2914 ct
1703 2859 1945 2928 contigui
1966 2857 2180 2913 aedilicii
2209 2872 2306 2912 ex-

727 2963 935 3024 pertem
967 2951 1315 3020 conspicias:
1345 2950 1535 3002 oetdos
1565 2958 1744 3001 ωιιιειι
1780 2948 1833 3000 in
1863 2948 2035 3000 altum
2066 2943 2307 3000 tollendo

727 3042 1042 3110 coelumque
1074 3040 1359 3102 intuendo,
1387 3049 1546 3109 atque
1573 3039 1642 3091 ita
1674 3037 1840 3091 Deum
1872 3036 2153 3106 placando,
2179 3035 2308 3090 sub-

731 3131 872 3187 mitti
900 3130 1103 3186 sensim
1129 3129 1411 3198 laxarique
1442 3143 1612 3198 pavor
1637 3112 1943 3196 mentisque
1965 3124 2305 3196 perturbatio

2407 1940 2617 2011 ἄγριος,
2644 1939 2831 2010 ὥσπερ
2854 1940 3041 2010 χθονία
3061 1940 3281 2012 βροντὴ,
3312 1943 3376 1995 ἐκ
3409 1942 3504 2008 τῆς
3525 1944 3630 2011 γῆς
3667 1943 3979 2011 ἀναπεμπο-

2410 2033 2570 2102 μένη,
2626 2032 2981 2104 ἐπηκολούθει
3015 2033 3092 2104 τῷ
3129 2034 3322 2104 κλόνῳ,
3368 2035 3456 2086 καὶ
3483 2035 3841 2098 ἐδιπλασίαζε
3886 2036 3979 2096 τάς

2407 2122 2719 2192 ἐκπλήξεις.
2773 2125 2839 2176 ὐ
2884 2140 2945 2176 τε
2994 2123 3273 2194 περίγειος
3325 2122 3418 2194 [Ρ.
3457 2123 3590 2194 HG]
3632 2124 3745 2193 ἀὴρ
3786 2123 3979 2192 ὀμίχλη

2407 2218 2678 2272 καπνώδει
2718 2219 2817 2271 οὐκ
2850 2213 2964 2272 οἰδα
3002 2218 3123 2271 ὅθεν
3168 2217 3496 2288 ἀναχθείσῃ,
3525 2217 3978 2287 κατεμελαίνετοο

2409 2313 2505 2366 καὶ
2525 2308 2592 2383 ἧν
2619 2311 2763 2375 ἄπας
2796 2311 3022 2383 ζοφερὸς
3055 2313 3150 2366 καὶ
3189 2307 3302 2365 οἷον
3343 2311 3726 2380 γεγανωμένος
3755 2310 3803 2341 ⁸⁵
3824 2325 3838 2337 ·
3875 2326 3984 2361 τοι·

2407 2405 2602 2477 γάρτοι
2651 2404 2830 2472 ἀλόγῳ
2873 2407 2978 2458 τινὶ
3019 2405 3080 2459 τὸ
3127 2403 3469 2474 ἀνθρώπειον
3510 2404 3604 2456 καὶ
3641 2400 3986 2468 ἀνεξετάστς;ι

2409 2495 2514 2549 ὐπὸ
2543 2493 2636 2547 τοῦ
2667 2494 2921 2565 δείματος
2965 2496 3213 2564 ἐχόμενοι
3256 2494 3447 2564 γνώμῃ
3471 2533 3488 2556 ,
3532 2491 3842 2561 ὑπεξῄεσαν
3883 2493 3989 2544 τῶν

2408 2586 2748 2657 οἰκημάτων.
2791 2587 2902 2640 Καὶ
2929 2587 3125 2641 αὐτίκα
3158 2587 3217 2639 αἰ
3256 2603 3316 2639 τε
3345 2585 3539 2653 ἁγυιαί
3569 2584 3661 2637 καί
3701 2585 3753 2637 οἱ
3787 2600 3991 2636 στενω-

2408 2675 2502 2729 ποί
2535 2674 2940 2744 ἐνεπίμπλαντο
2976 2675 3069 2729 τοῦ
3108 2677 3323 2746 ὁμίλου,
3364 2674 3555 2744 ὥσπερ
3596 2674 3718 2744 οὐχὶ
3759 2676 3862 2727 καὶ
3904 2676 3992 2726 ἐν-

2407 2765 2583 2819 ταῦθα
2627 2766 2769 2830 ἐνὸν,
2815 2766 2865 2818 εἰ
2907 2766 3049 2819 οὓτω
3084 2767 3260 2836 τύχοι,
3301 2766 3687 2837 διαφθαρῆναι.
3735 2765 3992 2833 Ξυνεχεῖς

2407 2855 2517 2927 γάρ
2544 2856 2859 2927 ἁπανταχοῦ
2889 2859 2944 2912 αἰ
2968 2859 3271 2929 οἰκοδομίαι
3294 2860 3393 2928 τῆς
3414 2857 3622 2921 πόλεως
3650 2859 3748 2911 καὶ
3781 2857 3993 2926 ξυνημ.

2411 2949 2568 3020 μέναι
2599 2948 2877 3019 ἀλλήλαις·
2915 2950 3012 3002 καὶ
3045 2950 3408 3002 σπανιαίτατα
3440 2949 3539 3000 ἴδοι
3572 2964 3658 3010 τις
3688 2947 3756 3002 ἂν
3790 2947 3996 3018 χωρίον

2409 3037 2674 3110 ὕπαιθρον
2713 3040 2807 3092 καὶ
2832 3037 3286 3108 ἀναπεπταμένον
3325 3040 3419 3092 καὶ
3450 3038 3808 3092 παντάπασιν
3839 3036 3995 3090 ἐλεύ-

2408 3129 2566 3200 θερον
2593 3129 2686 3182 τού
2715 3115 3206 3202 ἐπιπροσθοῦντος.
3247 3130 3436 3198 Ὅμως
3461 3129 3539 3199 τῷ
3561 3129 3674 3182 ἀνω
3703 3128 3807 3192 τάς
3842 3128 3997 3197 Mra;

729 3223 1036 3288 videbatur,
1061 3236 1128 3276 ac
1155 3191 1369 3275 tametsi
1403 3191 1628 3286 ningore
1666 3191 1875 3272 minuto
1914 3191 2302 3287 perfunderen-

2413 3191 2612 3275 ἰθύνειν
2638 3221 2843 3275 καὶτὸν
2867 3191 3104 3291 ὀὐρανὸν
3122 3191 3471 3292 ἀμωσγέπως
3493 3191 4000 3284 ἐπιθεᾶσθάιρύτω

729 3327 839 3380 tur,
872 3321 928 3368 et
958 3313 1143 3382 algore
1181 3320 1579 3382 premerentur,
1610 3317 1789 3362 tamen
1840 3321 1908 3361 ne
1966 3307 2040 3360 ita
2088 3303 2304 3375 quidem

2410 3329 2469 3366 τι
2510 3313 2570 3366 τὸ
2607 3313 2749 3366 θεῖον
2797 3312 3135 3378 ἱλάσκεσθαι,
3175 3313 3346 3383 ταύτῃ
3391 3312 3523 3380 γοῦν
3567 3313 3749 3376 αὐτοῖς
3804 3312 3999 3383 ἠρέμα

731 3416 871 3459 lecta
911 3403 1189 3467 subibant,
1230 3400 1336 3456 nisi
1372 3399 1510 3454 forte
1538 3408 1805 3468 quotquot
1835 3397 1900 3450 ad
1937 3396 2133 3466 templa
2175 3410 2307 3448 con-

2411 3403 2685 3475 ὐποχαλᾷν
2713 3393 2887 3458 ἐδόκει
2914 3404 2973 3457 τὸ
2999 3404 3166 3467 δεδιὸς
3194 3404 3294 3474 τῆς
3318 3404 3498 3473 ψυχῆς
3530 3402 3628 3457 καὶ
3648 3405 4000 3474 ταραττόμε-

730 3496 1024 3568 fugientes,
1049 3492 1116 3546 ad
1136 3507 1261 3546 aras
1287 3491 1768 3561 provolvebantur.
1800 3487 1978 3541 Multa:
2001 3501 2127 3540 vero
2145 3485 2307 3539 etiam

2410 3513 2522 3549 νον.
2571 3496 2768 3548 Καίτοι
2815 3495 3016 3566 νιφετῷ
3056 3497 3222 3566 ὀλίγῳ
3279 3498 3700 3568 ὐπερραίνοντο,
3747 3500 3854 3550 καὶ
3891 3499 3999 3552 οπδ

733 3585 1013 3647 mulieres,
1041 3597 1150 3637 non
1182 3581 1406 3651 plebeize
1445 3581 1539 3634 sed
1572 3579 1970 3640 honoratiores,
2019 3577 2152 3629 viris
2185 3591 2307 3644 pcr-

2410 3585 2504 3640 τοῠ
2539 3586 2741 3658 κρύους
2791 3587 3068 3650 ἐπιέζοντο
3101 3602 3115 3615 ·
3143 3587 3258 3639 ἀλλ’
3291 3587 3402 3640 οὐδ’
3425 3587 3501 3650 ὣς
3532 3588 3852 3658 ὑπωρόφιοι
3888 3590 4001 3659 ἐγί-

733 3677 911 3730 mista:
941 3673 1256 3728 ferebantur
1284 3689 1298 3736 ;
1349 3671 1635 3739 omnisque
1661 3669 1795 3722 ordo
1824 3677 1878 3720 et
1903 3666 2227 3730 reverentia,
2259 3676 2307 3718 rt

2411 3691 2622 3742 γνοντο,
2655 3674 2793 3746 πλὴν
2821 3677 2871 3728 εἰ
2898 3675 2972 3747 μὴ
3004 3676 3190 3730 ὀπόσοι
3212 3678 3270 3730 ἐν
3301 3679 3466 3748 ἱεροῖς
3497 3679 3688 3748 ἐρκεσι
3711 3683 4004 3752 καταψεύ-

733 3781 926 3821 senum
952 3764 1022 3818 ob
1047 3771 1282 3825 :etatem,
1313 3776 1418 3830 qua
1445 3761 1566 3814 aliis
1590 3758 1934 3823 antecedunt,
1958 3757 2307 3826 pran-ogutiva

2412 3779 2599 3832 γοντες
2647 3762 3037 3818 ἐκαλινδοῦντο.
3078 3764 3117 3816 Γ
3121 3763 3283 3817 ύναια
3321 3763 3378 3816 δέ
3411 3765 3602 3829 πολλά,
3647 3767 3726 3835 μὴ
3772 3768 3867 3820 ὅτι
3895 3767 4004 3819 τῶν

733 3862 791 3909 et
835 3861 1119 3924 respectus
1169 3861 1283 3906 tum
1320 3849 1578 3920 temporis
1627 3847 2046 3918 perturbabatur
2089 3856 2140 3899 et
2189 3861 2314 3915 pro-

736 3944 1098 4010 culcabatur;
1135 3943 1278 3998 servi
1318 3942 1480 3996 etiam
1509 3940 1762 3995 dominos
1806 3954 1936 3993 suos
1965 3947 2315 3992 contemnen-

739 4046 821 4092 tes
850 4036 1107 4103 dictoque
1133 4033 1508 4098 obandientes,
1536 4032 1604 4086 ad
1637 4031 1781 4085 aedes
1823 4045 2009 4085 sacras
2037 4028 2316 4097 confugie-

737 4127 890 4192 bant,
942 4124 1149 4194 majore
1179 4133 1324 4178 metu
1361 4123 1484 4177 victi
1515 4140 1530 4189 ;
1581 4122 1791 4176 nullum
1824 4121 1986 4175 etiam
2036 4119 2174 4172 inter
2207 4119 2316 4187 ple-

739 4216 861 4271 bern
887 4224 941 4270 et
970 4213 1342 4284 magistratum
1381 4221 1497 4266 erat
1526 4211 1754 4265 honoris
1783 4209 2101 4274 discrimen,
2131 4215 2318 4276 utpote

737 4303 1019 4362 communi
1051 4301 1294 4373 periculo
1326 4311 1572 4371 urgente,
1604 4300 1968 4368 omnibusque
1997 4297 2318 4351 existiman-

741 4399 889 4455 tibus
939 4412 1000 4453 se
1043 4394 1268 4467 jamjam
1319 4395 1614 4464 perituros.
1661 4392 2086 4461 Quamplnrinne
2137 4390 2320 4459 itaque

749 4491 894 4548 :edes
918 4503 982 4544 ea
1017 4497 1179 4543 nocte
1224 4496 1573 4553 corruerunt,
1615 4501 1681 4540 ac
1726 4484 1994 4554 praecipue
2044 4483 2098 4536 in
2151 4482 2319 4553 Regio

2412 3852 2794 3924 ἠμελημένων,
2823 3852 2940 3906 ἀλλ’
2969 3854 3070 3924 ήδη
3089 3870 3192 3907 που
3218 3857 3313 3908 καὶ
3335 3855 3444 3908 τῶν
3468 3856 3874 3924 ἐντιμοτάτων,
3895 3857 4008 3921 ξυνν

2413 3945 2581 4016 ηλᾶτο
2616 3948 2730 4008 τοῖς
2783 3945 3006 4014 ἀνδράσι
3039 3946 3130 3998 καὶ
3162 3942 3506 4015 ἀνεμίγνυτοο
3531 3945 3688 4011 τάξις
3714 3965 3780 4000 τε
3811 3949 4009 4002 ἆπατα

2414 4037 2510 4090 καὶ
2541 4036 2705 4100 αἰδὼς
2733 4037 2828 4090 καὶ
2853 4037 2886 4108 ὴ
2929 4037 3039 4090 τῶν
3075 4037 3256 4109 γερῶν
3285 4038 3649 4108 μεγαλαυχία,
3688 4040 3791 4092 καί⁸
3817 4041 3849 4093 ὅ
3875 4041 3924 4072 ⁵³
3959 4059 4010 4093 τι

2415 4129 2628 4183 ἐνθένδε
2642 4128 2975 4201 ὐπερανέχον
2992 4131 3086 4184 καὶ
3101 4130 3562 4200 ἀποκεκριμένον,
3585 4131 4013 4204 ἀνετετάρακτο

2417 4224 2475 4274 ἐν
2514 4219 2593 4290 τῷ
2629 4221 2749 4273 τότε
2788 4220 2884 4272 καὶ
2932 4219 3268 4289 ἐπεπάτητο.
3309 4218 3377 4271 Οἵ
3417 4235 3478 4270 τε
3511 4218 3616 4290 γάρ
3659 4217 3857 4272 δοῦλοι
3887 4221 4016 4282 τοὺς

2418 4309 2793 4380 κεκτημένους
2848 4310 3264 4381 περιεφρόνουν,
3303 4309 3398 4363 καὶ
3442 4308 3551 4362 τῶν
3597 4309 4016 4381 ἐπιταγμάτων

2417 4401 2877 4473 ἀνηκουστοῦντες
2919 4403 2977 4464 ἐς
3008 4400 3077 4454 τά
3114 4400 3234 4469 ἰερά
3268 4399 3554 4471 ξυνῄεσαν,
3599 4400 3708 4452 ὐπὸ
3735 4400 3869 4466 τοῦ,
3899 4400 4018 4470 μείο

2421 4494 2572 4556 ζονος
2603 4490 2898 4563 νικώμενοι
2933 4490 3106 4556 δέοος’
3150 4491 3280 4544 οἵτε
3311 4491 3592 4553 ἐλάττονες
3612 4489 3758 4561 πρὸς
3787 4491 3930 4554 τοὺς
3962 4492 4018 4542 ἐν

738 4580 955 4651 (navale
985 4577 1039 4634 id
1073 4577 1226 4633 urbis
1253 4577 1382 4648 est),
1424 4576 1703 4646 multaque
1731 4583 1785 4630 et
1823 4573 2157 4630 incredibilia
2184 4588 2307 4628 con-

2421 4555 2564 4634 τέλει
2594 4582 2651 4645 ἐς
2685 4555 2956 4653 ἰσοτιμίαν
2985 4555 3330 4644 καθίσταντο,
3355 4579 3430 4643 ὡς
3473 4579 3536 4649 δὴ
3571 4555 3764 4632 κοινοῦ
3818 4582 4021 4634 ἐπιπε-

741 4673 1001 4744 tigerjtnt.
1051 4667 1192 4723 Alibi
1220 4667 1366 4723 enim
1411 4675 1574 4730 tecta,
1645 4666 1758 4720 sive
1808 4681 1839 4720 e
1889 4665 2162 4734 lapidibus
2205 4666 2307 4720 sive

2423 4673 2606 4737 σόντος
2648 4672 2917 4739 κινδύνου,
2955 4673 3051 4726 καὶ
3081 4672 3336 4726 ἁπάντων
3367 4670 3628 4742 οἰομένων
3659 4670 3770 4724 οὐκ
3814 4673 3882 4736 ἐς
3915 4690 4021 4742 μα-

740 4763 905 4834 lignis
937 4768 1274 4824 constructa,
1303 4773 1335 4813 a
1377 4773 1436 4813 se
1481 4747 1680 4812 mutuo
1715 4755 1925 4810 divulsa
1969 4764 2117 4818 sunt,
2168 4771 2307 4809 men-

2420 4763 2558 4834 κράν
2587 4761 2924 4817 ἀπολεῖσθαι.
2959 4762 3158 4833 Συχναί
3186 4764 3286 4832 μὲν
3309 4757 3401 4815 οὖν
3424 4761 3638 4829 ἐκείνης
3677 4762 3791 4832 τῆς
3818 4764 4020 4823 νυκτὸς

741 4863 796 4908 te
826 4867 1085 4922 compage
1130 4850 1462 4915 fatiscentia,
1509 4850 1584 4904 ita
1642 4855 1700 4903 ut
1757 4859 1809 4903 et
1855 4849 2023 4903 aether
2061 4857 2115 4902 et
2160 4846 2307 4918 28‘

2419 4855 2586 4907 οἰκίαι
2647 4854 3102 4925 καταϐέϐληνται,
3153 4853 3247 4906 καί
3294 4853 3526 4924 μάλιστα
3577 4854 3638 4906 ἐν
3669 4853 3755 4924 τῷ
3783 4855 4020 4925 Ῥηγίῳ,

743 4947 913 5003 stella
953 4946 1120 5001 veluti
1161 4947 1214 5000 in
1252 4945 1484 5000 τοι»όίιό
1538 4943 1656 4997 loco
1705 4957 1800 5012 per
1849 4949 1988 4996 tecta
2037 4941 2307 5009 conspice-

2419 4945 2657 4998 ἐπίνειον
2703 4945 2760 4999 δέ
2808 4945 2969 4998 τοῦτο
2997 4946 3096 5016 τῆς
3137 4945 3342 5007 πόλεως
3369 4961 3384 4976 ο
3433 4944 3601 4997 πολλά
3643 4961 3706 4998 τε
3745 4948 3860 4999 καὶ
3897 4948 4022 5000 ᾰπιο

745 5047 954 5103 retttur,
976 5051 1278 5108 rursusque
1301 5035 1586 5092 confestim
1613 5035 1663 5087 in
1689 5033 1970 5104 pristinam
1997 5046 2307 5100 compagem

2421 5053 2520 5089 στα
2555 5036 2808 5106 θαύματα
2850 5037 2897 5068 ⁸⁸
2929 5035 3246 5107 ξυνηνέχθη.
3282 5038 3364 5106 Ili]
3407 5036 3506 5107 μὲν
3542 5035 3653 5106 γάρ
3683 5037 3744 5089 αἱ
3775 5038 4022 5107 ὀροφαὶ,

747 5131 994 5198 coirent;
1045 5130 1174 5185 alibi
1226 5144 1354 5182 vero
1402 5127 1669 5182 columnae
1708 5125 1761 5179 in
1812 5124 2030 5195 pergula
2081 5123 2307 5192 alicujus

2421 5124 2529 5174 εἴτε
2554 5113 2719 5185 λίθοις
2753 5124 2862 5177 εἴτε
2903 5124 3077 5189 ξύλοις
3110 5125 3403 5195 ἐτύγχανον
3461 5126 3923 5195 ἐσκευασμένοι,
3951 5127 4026 5178 διο

744 5222 944 5278 domus
969 5223 1178 5294 positae,
1213 5222 1264 5275 vi
1300 5219 1670 5276 succussionis
1706 5217 2137 5280 excutiebantur,
2193 5231 2307 5283 pro-

2421 5207 2658 5280 ἐστησαν
2708 5209 2802 5263 ἀπ’
2842 5210 3108 5283 ἀλλήλων,
3145 5215 3519 5285 ἁρνησάμεναι
3570 5214 3673 5285 τὴν
3722 5215 4026 5287 ξυνέχειαν

747 5315 1033 5383 ximasque
1063 5315 1255 5369 domos
1303 5320 1659 5381 supervectae,
1693 5309 1745 5362 in
1806 5308 2126 5362 remotiores
2173 5306 2307 5360 aedes

2420 5303 2513 5353 καὶ
2537 5301 2906 5371 διαχανούσαι,
2935 5303 3009 5368 ὡς
3032 5305 3125 5358 τόν
3152 5323 3212 5359 τε
3244 5307 3382 5379 ἀέρα
3406 5307 3451 5339 ⁸¹
3482 5306 3577 5359 καὶ
3602 5307 3744 5370 τούς
3773 5311 4026 5383 detege;

2033 5472 2266 5530 VARI/li
2300 5469 2708 5530 LECTIONES.

826 5630 877 5666 "
927 5630 1018 5685 διά
1057 5627 1154 5683 τοῦ
1187 5629 1316 5704 Εὐξ.
1357 5647 1417 5684 π.
1470 5633 1622 5704 conj.
1668 5635 1730 5690 Β.
1782 5635 1936 5690 V'nlc.
1979 5638 2140 5692 ma'e.
2219 5644 2264 5674 ⁵³
2293 5641 2451 5696 ἀνα6.
2489 5636 2610 5690 αὐτ.
2641 5637 2699 5690 ἐν
2720 5635 2872 5704 τούτ.
2902 5632 2966 5696 ιι,
3009 5636 3128 5691 αὐτ.
3160 5637 3219 5689 ἐν
3243 5655 3291 5690 τ.
3327 5637 3409 5690 ἀν.
3453 5633 3596 5704 vnlg.
3681 5633 3734 5668 ⁵⁸
3760 5649 4027 5704 γεγανω-

748 5702 913 5829 give;
941 5712 1168 5770 uterque
1201 5702 1320 5754 cod.
1345 5711 1396 5753 et
1417 5703 1541 5757 edd.
1575 5703 1740 5778 intpr.
1769 5721 2010 5764 sonorns.
2085 5709 2130 5740 "
2165 5714 2217 5766 οἵ
2237 5731 2296 5783 γε
2333 5711 2376 5766 [ι
2398 5724 2498 5784 pro
2527 5707 2579 5761 οἵ
2601 5723 2678 5761 τε.
2780 5705 2827 5737 ⁸⁸
2857 5703 3109 5777 θαύματα
3147 5722 3255 5763 om.
3299 5705 3343 5758 ιι
3381 5712 3432 5757 rt
3463 5703 3630 5773 intpr.
3748 5705 3805 5738 ⁸⁷
3834 5702 3942 5760 τόν
3976 5715 4027 5753 τε

787 5775 886 5829 έοα
914 5771 980 5829 Β.
1012 5772 1104 5827 τὸν
1136 5770 1257 5825 τότε
1310 5771 1368 5827 ἀ.
1402 5773 1544 5829 vultr.

787 5775 886 5844 έρα
914 5771 980 5840 Β,
1012 5772 1104 5827 τὸν
1136 5770 1257 5825 τότε
1310 5771 1368 5827 ἀ.
1402 5773 1544 5843 vulg.
