4188 6438
141 392 266 458 1545

1318 401 1847 464 H'ISTORIARUM
1892 403 2038 462 LIB.
2070 403 2132 462 V.

3214 399 3347 466 1546

135 506 374 576 καθάπερ
408 506 467 558 ὲν
511 505 758 578 ὑπαίθρῳ
803 507 985 579 χωρίῳ
1030 508 1346 578 διορᾶσοαι,
1391 511 1488 564 καὶ
1535 507 1689 575 αὖθις

1792 513 1954 566 veluti
1983 511 2148 565 l'unda
2182 524 2246 562 ex
2277 508 2386 562 alto
2415 507 2652 572 emissae,
2687 508 2868 562 omnia
2900 506 3301 579 perfringebant
3328 529 3345 578 ;

132 597 319 669 ἀθρόον
363 599 420 662 ἐς
467 602 565 668 τὴν
609 600 878 671 προτέραν
908 601 1166 672 ξυνῄεσαν
1205 601 1484 673 ἁρμονίαν·
1525 603 1680 672 πὴδὲ

132 689 302 753 κίονες
329 691 386 742 ὲν
431 690 665 762 ὑπερῴῳ
697 692 804 743 τινὶ
839 692 1098 764 δωματίῳ
1129 693 1423 764 ἱδρυμένοι,
1451 696 1683 764 ἁνηκον-

130 781 333 844 τίζοντο
383 785 448 853 τῇ
499 783 588 852 βίᾳ
627 783 722 836 τοῦ
769 784 1039 855 βρασμοῦ,
1095 788 1188 839 καὶ
1232 787 1357 849 τοὺς
1399 787 1682 856 ἐχομένους

131 872 304 934 οἴκους
338 873 739 943 ὑπεραλάμενοι
774 877 863 926 ἐπὶ
884 877 1008 939 τοὺς
1035 877 1390 948 πορρωτέρω,
1435 877 1686 946 καθάπερ

128 963 682 1035 διασφενδονηθέντες,
725 968 788 1019 ὲκ
836 967 930 1020 τοῦ
985 971 1257 1040 μετεώρου
1303 971 1686 1040 κατεφέροντο,

128 1058 220 1109 καὶ
245 1058 459 1111 ἅπαντα
495 1059 861 1130 διερρήγνυον·
897 1062 970 1132 πὴ
1015 1063 1069 1115 δὲ
1099 1063 1231 1115 ἄλλα
1259 1065 1392 1118 ἄττα
1421 1065 1688 1134 φρικωδέ-

129 1164 295 1218 στερα
336 1148 638 1214 ξυνέϐαινε,
669 1152 935 1222 γενόμενα
980 1153 1076 1221 μὲν
1109 1153 1365 1216 πολλάκις
1401 1154 1687 1224 πρότερον,

127 1239 220 1291 καὶ
246 1241 330 1292 ἀεί
364 1242 596 1309 ἐσόμενα
643 1242 749 1296 ἕπτ’
787 1243 852 1294 ἂν
884 1245 955 1314 γῆ
983 1263 1038 1296 τε
1136 1247 1230 1298 καὶ
1269 1246 1480 1313 φύσεως
1508 1247 1689 1317 ἁμαρ-

124 1332 190 1400 τή
202 1349 360 1398 ματα,
397 1333 516 1384 τότε
551 1334 606 1386 δὲ
641 1337 778 1387 κατὰ
805 1336 865 1387 τὸ
901 1336 1097 1405 μᾶλλον
1128 1336 1339 1389 ἅπαντα
1367 1337 1482 1407 ἅμα
1495 1338 1540 1368 ⁸⁸
1569 1354 1692 1389 συν-

125 1423 475 1492 ενηνεγμένα.
533 1425 724 1493 Συχνοὶ
789 1427 844 1479 δὲ
902 1427 1176 1497 ἅνθρωποι
1231 1428 1523 1498 τεθνήκασι
1583 1429 1691 1480 τῶν

123 1513 334 1565 πολλῶν
369 1532 427 1566 τε
456 1517 549 1569 καὶ
573 1520 941 1587 ἠγνοημένων*
975 1519 1083 1570 τῶν
1106 1536 1168 1588 γε
1199 1520 1303 1592 μὴν
1326 1519 1569 1574 δυνατῶν
1599 1521 1692 1573 καὶ

124 1606 183 1656 ἐν
214 1608 278 1675 τῇ
313 1608 601 1678 συγκλήτῳ
637 1609 795 1680 βουλῇ
837 1611 1336 1681 ἀναγεγραμμένων
1396 1611 1692 1664 Ἀνατόλιον

126 1696 288 1764 μόνον
321 1697 682 1768 διαφθαρῆναι
710 1700 755 1730 ⁸⁸
782 1699 998 1769 ξυνέϐη,
1036 1701 1202 1770 ἄνδρα
1235 1702 1300 1770 τῇ
1326 1715 1386 1751 τε
1416 1699 1524 1752 τῶν
1552 1699 1693 1751 ὑπα-

125 1802 232 1835 των
283 1785 406 1854 ἀξίᾳ
458 1788 840 1856 τετιμημένον,
899 1790 991 1841 καὶ
1039 1790 1176 1860 πρός
1231 1806 1293 1857 γε
1331 1789 1391 1840 τὸ
1440 1789 1694 1858 φροντίδα

1784 602 1910 654 alibi
1946 616 2072 654 vero
2107 599 2210 653 alia
2247 598 2503 651 nonnulla
2539 601 2703 652 etiam
2753 599 3095 653 horribiliora
3129 602 3344 655 accide-
3426 663 3432 668 _

1785 701 1930 753 runt,
1987 707 2107 760 qua:
2155 691 2369 759 quidem
2422 687 2736 757 frequenter
2777 697 2932 743 antea
2979 691 3348 761 contigerunt,

1785 799 2102 853 semperque
2133 782 2466 849 contingent,
2500 781 2738 849 quandiu
2770 791 2823 834 et
2853 791 2992 836 terra
3030 784 3133 837 erit
3163 793 3217 837 et
3251 800 3349 838 na-

1787 883 1920 929 turae
1952 882 2167 943 peccata
2199 892 2212 938 ;
2269 872 2361 926 sed
2400 882 2512 926 tum
2564 872 2642 926 vel
2684 873 2918 926 maxime
2950 876 3131 930 omnia
3185 879 3350 932 simul

1787 965 2120 1020 acciderunt.
2185 963 2349 1016 Multa
2391 978 2609 1033 quoque
2660 963 2990 1031 plebeiorum
3040 976 3199 1036 atque
3247 970 3348 1023 ob:

1788 1073 2074 1113 scurorum
2108 1057 2381 1109 hominum
2411 1057 2562 1109 tui-ba
2592 1056 2777 1124 periit;
2812 1058 3168 1125 potentiorum
3197 1076 3346 1126 vero,

1787 1149 1985 1218 quique
2015 1147 2271 1202 senatorii
2302 1147 2508 1200 ordinis
2539 1154 2715 1212 erant,
2745 1147 2895 1203 solus
2911 1149 3196 1206 Anatolius
3224 1167 3347 1221 per-

1787 1239 1866 1301 iit,
1898 1239 1980 1291 vir
2007 1237 2278 1293 consulari
2309 1238 2566 1307 dignitate
2598 1239 2800 1305 clarus,
2831 1241 3037 1310 quique
3088 1252 3345 1312 praterea

1791 1331 2060 1400 regiarum
2089 1331 2338 1384 aularum
2358 1343 2544 1383 curam
2564 1331 2801 1398 gerebat,
2818 1330 3047 1400 ejusque
3069 1331 3352 1389 facultates

1790 1421 2242 1487 administrabat;
2279 1431 2557 1474 curatores
2589 1435 2684 1474 eos
2735 1431 2931 1476 vocant
2962 1421 3215 1480 Romani.
3261 1426 3354 1482 Ille

1794 1513 1977 1581 itaque
2008 1512 2292 1566 Anatolius
2321 1512 2372 1565 in
2407 1521 2669 1566 consueto
2699 1512 2801 1566 sibi
2838 1514 3089 1569 cubiculo
3118 1515 3354 1570 dormie-

1794 1605 1903 1666 hat,
1938 1620 2060 1658 cum
2094 1619 2330 1657 marmor
2371 1603 2642 1673 quoddam
2678 1620 2742 1657 ex
2802 1605 2888 1669 iis,
2942 1624 3062 1676 quae
3113 1613 3358 1677 proxime

1793 1705 1911 1749 toro
1943 1711 2044 1750 suo
2076 1695 2304 1748 aedilicio
2339 1695 2438 1763 ipsi
2489 1695 2648 1748 infixa
2679 1704 2856 1758 erant,
2878 1694 3200 1768 'ornateque
3229 1715 3357 1770 pro-

1795 1794 1966 1851 tensa,
1996 1787 2176 1856 qualia
2204 1787 2368 1840 multa
2395 1799 2617 1840 ornatus
2638 1796 2692 1840 et
2725 1789 3139 1858 magniﬁcentia:
3169 1801 3357 1846 osten-

122 1878 366 1930 τίθεσθαι
416 1880 509 1930 καὶ
556 1881 871 1948 ἐπιμέλειαν
923 1881 1031 1934 τῶν
1074 1881 1332 1953 βασιλέως
1369 1881 1414 1912 ⁶⁰
1441 1881 1604 1934 οἴκων
1633 1897 1690 1933 τε

1793 1878 2119 1946 tationisque
2146 1893 2311 1932 causa
2348 1877 2516 1931 moris
2542 1876 2785 1946 adaptari
2816 1881 2990 1933 solent
3024 1881 3092 1934 ab
3125 1883 3214 1947 iis,
3265 1884 3358 1952 qui

125 1968 222 2020 καὶ
251 1970 545 2040 κτημάτων
573 1973 747 2042 ἀρχὴν
765 1974 1032 2043 εἰληχότα.
1061 1974 1426 2044 Κουράτωρας
1475 1973 1534 2026 δὲ
1571 1971 1693 2024 τοὺ-

122 2075 250 2122 τους
289 2060 510 2115 καλοῦσι
550 2063 827 2133 Ῥωμαῖοι.
863 2065 1092 2127 Ἐκεῖνος
1127 2063 1190 2134 δὴ
1215 2059 1308 2118 οὖν
1331 2066 1359 2117 ὁ
1394 2063 1695 2124 Ἀνατόλιος

124 2151 390 2222 ἐτύγχανε
435 2155 533 2223 μὲν
578 2155 850 2209 καθεύδων
893 2154 975 2227 [Ρ.
1034 2155 1157 2228 147]
1193 2157 1250 2209 ὲν
1283 2155 1362 2224 τῷ
1403 2155 1694 2225 εἰθισμένῳ

127 2245 376 2316 θαλάμῳ,
412 2248 705 2318 μάρμαρον
758 2247 817 2302 δέ
841 2266 894 2302 τι
923 2247 1032 2301 τῶν
1059 2247 1422 2319 πλησιαίτατα
1449 2249 1546 2318 τῆς
1578 2247 1695 2300 κλί-

124 2354 227 2407 νης
253 2339 722 2408 προσπεπηγότων
745 2343 810 2411 τῇ
831 2340 1112 2411 οἰκοδομίᾳ
1139 2380 1154 2402 ,
1195 2342 1291 2394 καὶ
1318 2338 1609 2410 εὐπρεπῶς
1645 2338 1688 2369 ⁶¹

124 2429 605 2499 παρατεταμένων,
643 2433 802 2484 ὁποῖα
837 2431 1007 2485 πολλὰ
1037 2434 1094 2494 ὲς
1115 2431 1321 2502 κόσμον
1361 2432 1456 2484 καὶ
1477 2430 1693 2483 πολυτε·

125 2517 276 2582 λείας
331 2520 588 2586 ἐπίδειξιν
647 2523 1014 2576 κατακολλῶσι
1075 2525 1188 2586 τοῖς
1229 2522 1429 2593 τοίχοις
1459 2525 1507 2574 οἱ
1555 2525 1691 2592 πρὸς

125 2608 299 2661 ταῦτα
326 2610 390 2681 δὴ
431 2610 500 2664 τὰ
539 2614 768 2682 περιττά
797 2615 891 2666 καὶ
913 2613 1012 2667 οὑκ
1050 2615 1324 2680 ἀναγκαῖα
1359 2610 1692 2681 ποικίλματα

1793 1972 2208 2040 supervacaneis
2261 1970 2407 2025 hisce
2446 1968 2776 2039 minimeque
2823 1974 3146 2029 necessariis
3193 1989 3358 2030 orna-

1794 2061 1991 2117 mentis
2020 2077 2184 2131 supra
2219 2062 2437 2116 modmn
2484 2061 2866 2116 oblectantur:
2907 2064 3059 2129 illttd,
3114 2067 3356 2137 inquam,

1796 2167 2154 2206 marmoreum
2183 2153 2413 2221 pondus,
2453 2152 2742 2222 abruptum
2785 2155 2833 2208 vi
2885 2158 3256 2213 succussionis
3304 2170 3359 2214 et

1796 2247 1914 2299 loco
1938 2260 2039 2300 suo
2075 2243 2238 2315 285
2274 2254 2501 2311 motum,
2531 2247 2584 2300 in
2616 2247 2788 2317 ipsius
2816 2258 2980 2317 caput
3011 2252 3235 2316 corruit,
3277 2261 3360 2306 to-

1796 2347 2020 2406 tumque
2049 2336 2332 2406 confregit.
2364 2338 2540 2406 Atque
2571 2337 2659 2392 hic
2689 2338 2908 2409 quidem
2941 2356 3064 2395 cum
3094 2343 3361 2398 tantulum

1797 2427 2056 2496 temporis
2081 2425 2247 2496 plagre
2285 2425 2358 2479 illi
2388 2427 2796 2495 supervixisset,
2839 2439 2895 2482 ut
2922 2444 3137 2498 gravem
3167 2433 3362 2501 quem.

1795 2519 1919 2572 dam
1968 2526 2024 2573 et
2069 2533 2134 2572 ex
2181 2518 2292 2571 imo
2338 2529 2554 2586 pectore
2586 2518 2807 2572 ductum
2846 2521 3102 2588 gemitum
3154 2522 3362 2588 ederet,

1797 2624 1993 2664 rursus
2024 2608 2077 2662 in
2111 2608 2309 2662 lectulo
2335 2609 2610 2672 decubuit,
2643 2617 2816 2663 morte
2841 2625 3154 2679 oppressus.

128 2702 274 2771 πέρα
318 2701 412 2755 τοῦ
472 2704 695 2774 μετρίου
741 2705 1141 2774 διακεχηνότες·
1191 2706 1365 2758 ἐκεῖνο
1440 2703 1506 2774 δὴ
1570 2699 1663 2755 οὖν
1704 2701 1764 2754 τὺ
1801 2701 1965 2772 ἄχθος
2011 2699 2326 2772 ἀπορραγὲν
2378 2699 2483 2753 ὑπὸ
2513 2698 2606 2753 τοῦ
2662 2699 2825 2754 σάλου
2881 2701 2977 2754 καὶ
3030 2703 3363 2773 ἀφειμένον⁸

126 2792 392 2862 ἐμπίπτει
426 2810 489 2862 γε
518 2795 666 2862 αὐτῴ
697 2796 840 2864 ἀμφὶ
870 2799 937 2866 τῇ
977 2797 1186 2868 κεφαλῇ
1219 2796 1265 2828 ⁸⁸
1329 2795 1423 2848 καὶ
1465 2793 1727 2860 κατέαξεν
1765 2793 2002 2847 ἃπασαν.
2047 2793 2155 2846 Καὶ
2210 2794 2239 2846 ὁ
2283 2791 2380 2862 μὲν
2403 2792 2484 2855 είς
2506 2789 2760 2846 τοσοῦτον
2799 2795 2957 2863 μόνον
2995 2795 3236 2866 ἁρκέσας
3271 2799 3366 2854 ἐπὶ

126 2884 194 2952 τῇ
222 2882 400 2954 πληγῇ
424 2885 503 2948 εἰς
530 2886 652 2938 ὅσον
697 2884 995 2955 ἁνοιμῶξαι
1016 2885 1154 2956 βαρύ
1175 2903 1225 2940 τι
1260 2885 1354 2938 καὶ⁸
1378 2884 1722 2954 ὐποκάρδιον,
1763 2881 1927 2936 πάλιν
1987 2881 2076 2935 ἐπ’
2104 2882 2275 2952 αὐτῆς
2309 2880 2486 2935 ἔκειτο
2510 2881 2610 2952 τῆς
2636 2882 2816 2952 εὐνῆς,
2837 2882 2915 2954 τῷ
2947 2883 3161 2956 Θανάτῳ
3199 2903 3365 2943 πεπι-

129 2977 196 3046 λη
204 2977 376 3044 μένος.

199 3069 263 3122 δ’.
330 3070 468 3137 Ἤδη
519 3070 575 3122 δὲ
619 3070 832 3142 ἡμέρας
879 3071 1254 3141 ἐπιφανείσης,
1314 3071 1693 3140 ἁσμενέστατα

1865 3068 1918 3122 4.
1961 3063 2056 3119 Die
2086 3078 2215 3118 vero
2239 3063 2353 3132 jam
2407 3062 2772 3130 illucescente,
2824 3065 3178 3124 libentissime
3227 3072 3364 3126 ami-

129 3157 360 3212 ἐθεῶντο
374 3159 633 3228 ἀλλήλους
656 3161 1076 3224 ὑπαντιάζοντες
1101 3164 1149 3213 οἱ
1186 3161 1428 3228 φίλτατοι
1461 3162 1553 3214 καὶ
1578 3161 1698 3225 ξυνα

129 3251 303 3320 ήθεις,
337 3251 434 3302 καὶ
478 3252 574 3302 σὺν
601 3249 894 3319 ὀλοφυρμῷ
948 3251 1346 3320 ἐμπλεκόμενοι
1390 3249 1698 3320 ἠσπάζοντο

131 3341 275 3410 σφᾶς
327 3341 404 3404 ὡς
455 3341 701 3404 ἔκαστοι,
755 3341 1005 3413 ἡδόμενοι
1046 3359 1105 3394 τε
1152 3343 1270 3411 ἅμα
1319 3343 1364 3374 ⁸³
1413 3342 1508 3395 καὶ
1565 3342 1696 3395 ἀπι-

131 3432 403 3495 στοῦντες.
459 3433 612 3486 Ἐπεὶ
651 3432 706 3485 δὲ
745 3433 1045 3495 Ἀνατόλιος
1088 3434 1278 3502 νεκρὸς
1304 3433 1531 3503 ἐφέρετο
1554 3473 1570 3495 ,
1603 3433 1696 3485 καὶ

128 3525 226 3576 ἐπὶ
247 3523 344 3593 τὴν
382 3524 556 3596 ταφὴν
599 3523 894 3594 ἀπεχώρει,
948 3525 1071 3577 τότε
1109 3524 1174 3594 δὴ
1215 3525 1346 3577 ἔνιοι
1383 3525 1478 3578 τοῦ
1503 3525 1694 3592 ὁμίλου

127 3612 495 3684 διεθρύλλουν,
533 3615 609 3678 ὡς
665 3615 774 3683 ἄρα
827 3613 1158 3668 ὲνδικώτατα
1203 3615 1288 3687 εἴη
1329 3616 1690 3686 ἀνῃρημένος,

127 3706 317 3769 ἄδικός
347 3723 404 3760 τε
422 3708 479 3770 ἐς
502 3707 571 3760 τὰ
613 3706 848 3776 μάλιστα
887 3706 1126 3776 γεγονὼς
1147 3708 1242 3760 καὶ
1271 3707 1494 3772 πολλοὺς
1525 3707 1692 3762 πολλά

127 3801 233 3852 ὂεα
274 3797 318 3828 ⁸⁸⁸
360 3797 468 3851 τῶν
511 3799 725 3852 οἰκείων
767 3799 1137 3870 ἀφῃρημένος,
1160 3803 1241 3853 ὅτι
1267 3817 1328 3853 τε
1361 3802 1416 3853 αι
1455 3802 1694 3870 γραπταὶ

129 3889 344 3952 σανίδες
389 3892 594 3943 ἐκεῖναι
625 3891 717 3943 καὶ
774 3891 841 3942 τὰ
890 3889 1032 3962 ῥάκη
1057 3892 1127 3944 τὰ
1152 3891 1518 3960 ὕποπόρφυρα
1559 3890 1618 3953 ἐς
1645 3891 1691 3923 ⁸⁸

123 3984 252 4036 τόδε
293 3983 441 4053 αὐτῷ
473 3982 933 4055 ἀπετελεύτησαν,
981 3983 1018 4039 ἃ
1041 3983 1106 4054 δὴ
1138 3983 1308 4040 πολλὰ
1332 3985 1444 4047 τοῖς
1470 3983 1580 4036 τῶν
1601 3984 1692 4037 εὑ-

122 4072 398 4142 δαιμόνων
445 4072 614 4136 οἴκοις
663 4073 811 4143 θαμὰ
857 4074 1142 4140 ἐπέϐαλλε,
1189 4073 1289 4144 τὴν
1317 4075 1401 4138 είς
1459 4074 1689 4144 βασιλέα

124 4165 348 4218 εὔνοιαν
375 4165 766 4235 προϊσχόμενος
794 4208 809 4232 ,
845 4167 938 4219 καὶ
965 4166 1136 4238 ταύτῃ
1163 4165 1380 4220 ἅπαντα
1419 4167 1695 4238 ἐσφετερί-

125 4259 257 4323 ζετο
275 4297 292 4318 ,
320 4256 635 4327 βιαζόμενος
663 4258 760 4328 μὲν
799 4258 1022 4328 ἀναίδην
1047 4261 1094 4290 ⁸⁸
1120 4259 1214 4312 καὶ
1249 4259 1598 4331 ἀναρρηγνὺς
1625 4259 1691 4312 τὰ

126 4348 473 4419 βουλεύματα
536 4347 644 4401 τῶν
704 4350 1098 4419 ἀποιχομένων,
1157 4350 1366 4422 χαίρειν
1413 4349 1471 4402 δὲ
1519 4350 1692 4403 πολλὰ

1796 3157 2004 3213 cissimi
2038 3171 2102 3210 ac
2147 3153 2442 3208 familiares
2475 3168 2595 3209 sese
2633 3165 2824 3211 muttto
2874 3160 3168 3228 conspicati
3212 3174 3360 3232 sunt,

1795 3251 2006 3306 obviam
2040 3248 2130 3301 alii
2180 3247 2301 3300 aliis
2347 3245 2494 3311 facti,
2543 3258 2598 3300 et
2650 3264 2770 3302 cum
2808 3251 3018 3318 ploratu
3066 3253 3214 3323 ipsos
3244 3272 3363 3312 am—

1794 3343 2072 3413 plexantes
2103 3338 2582 3403 exosculabantur,
2629 3349 2814 3407 utpote
2860 3343 3158 3410 gaudentes
3198 3348 3360 3403 simul

1793 3443 1848 3488 et
1874 3431 2202 3487 diffidentes.
2235 3431 2371 3486 Cum
2402 3439 2579 3482 autem
2607 3431 2842 3486 Anatolii
2873 3433 3037 3490 [unus
3076 3435 3363 3496 efferretur

1794 3539 1859 3579 ac
1890 3523 2231 3594 sepeliretur,
2277 3530 2392 3575 tum
2442 3535 2570 3574 vero
2603 3523 2823 3591 quidam
2860 3541 2889 3578 e
2930 3526 3089 3581 turba
3139 3545 3361 3602 sparge.

1794 3617 1925 3670 bant
1954 3616 2008 3668 in
2036 3613 2255 3683 vulgus,
2281 3628 2406 3667 eum
2435 3614 2740 3683 justissime
2769 3631 2800 3670 e
2843 3617 3021 3670 medio
3057 3619 3356 3682 sublatum.

1791 3711 1988 3778 quippe
2013 3706 2106 3776 qui
2138 3704 2532 3774 injustissimns
2556 3704 2768 3768 fuisset,
2800 3709 3104 3779 multosque
3130 3725 3356 3767 suorum

1792 3798 2091 3854 amicorum
2120 3797 2435 3865 spoliasset;
2481 3798 2732 3866 quodque
2767 3797 2871 3852 illae
2901 3799 3117 3870 scriptze
3149 3803 3360 3858 tabella:

1790 3901 1848 3946 et
1869 3890 2229 3960 subpurpurei
2260 3887 2422 3958 panni
2456 3887 2600 3942 hunc
2630 3889 2835 3943 exitum
2856 3889 3194 3959 habuissent,
3218 3910 3358 3964 quos

1792 3978 1884 4035 ille
1930 3978 2241 4047 frequenter
2301 3976 2703 4046 opulentiorum
2761 3978 3012 4035 domibus
3060 3983 3356 4052 imposuit,

1789 4081 2092 4142 praetexens
2119 4070 2546 4124 benevolentiam
2575 4085 2701 4138 erga
2734 4070 3111 4141 imperatorem
3138 4092 3154 4140 ;
3184 4089 3358 4147 eaque

1790 4165 2002 4219 ratione
2045 4164 2227 4217 omnia
2278 4163 2380 4217 sibi
2428 4164 2770 4232 corrogabat,
2818 4164 3129 4224 convellens
3175 4166 3356 4240 impu-

1793 4258 1980 4312 denter
2027 4263 2083 4310 et
2131 4255 2411 4326 resignans
2462 4264 2738 4310 extremas
2782 4265 3120 4312 mortuorum
3164 4260 3358 4315 volun-

1791 4355 1949 4408 tates,
1984 4344 2192 4414 legibus
2231 4345 2449 4414 longum
2474 4344 2654 4400 valere
2682 4345 2872 4414 jussis,
2905 4363 3026 4416 qua:
3052 4348 3258 4415 volunt,
3297 4360 3360 4405 ut

121 4441 306 4507 λέγων
350 4443 460 4504 τοῖς
486 4439 691 4510 νόμοις,
725 4441 775 4492 οἳ
824 4439 889 4511 δὴ
928 4440 1056 4504 τοὺς
1095 4441 1292 4503 παῖδας
1335 4440 1690 4511 κληρονομεῖν

1792 4439 1944 4493 liberi
1981 4448 2266 4508 parentum
2299 4453 2524 4492 suorum
2564 4438 2706 4493 bona
2747 4439 3057 4494 haereditate
3105 4453 3353 4499 cernant.

123 4533 375 4585 ἐθέλουσι
421 4532 519 4602 τῆς
576 4531 686 4583 τῶν
731 4532 1016 4600 φυσάντων
1069 4533 1403 4602 περιουσίας.
1454 4530 1690 4585 Τοιαῦτα

126 4624 235 4692 μὲν
273 4617 368 4675 οὖν
423 4622 482 4674 ἐν
525 4624 635 4686 τοῖς
679 4620 939 4693 πλήθεσιν
978 4621 1347 4693 ὲψιθυρίζετο,
1389 4622 1483 4675 καλ¹
1521 4621 1692 4675 ἐδόκει

119 4713 406 4782 διαφανῶς
452 4715 484 4784 ή
537 4713 684 4765 αἰτία
729 4713 822 4766 τοῦ
874 4713 1279 4784 ξυνενεχθέντος
1320 4712 1580 4782 εὑρῆσθαι
1620 4713 1690 4768 ⁸⁷.

138 4801 287 4870 Ἐγὼ
327 4801 384 4856 δὲ
427 4803 568 4873 ἀμφὶ
604 4805 774 4857 ταῦτα
819 4804 938 4858 λίαν
983 4804 1243 4876 διαπορῶ,
1297 4808 1390 4858 καὶ
1443 4806 1543 4859 οὐκ
1587 4806 1695 4876 ἔχω

117 4895 598 4964 ἀπισχυρίσασθαι
621 4934 636 4954 .
684 4895 788 4965 ὅτῳ
823 4895 888 4966 δη
923 4896 1110 4966 τρόπῳ
1142 4895 1448 4965 συμϐαίνει.
1479 4892 1557 4949 Ἦ
1583 4898 1691 4968 γὰρ

119 4985 196 5038 ἂν
235 4984 425 5037 εὐκτόν
456 5003 506 5038 τι
538 4989 724 5056 χρῆμα
755 4982 822 5057 ἦν
862 4988 890 5040 ὀ
923 4987 1144 5058 σεισμὸς
1191 4989 1284 5040 καὶ
1312 4986 1508 5041 πολλοῦ
1543 4987 1693 5055 ἄξιος

117 5075 356 5129 ἐπαίνου
379 5117 394 5142 ,
443 5077 559 5144 εἴγε
604 5077 895 5149 διακρίνειν
923 5078 1190 5148 ἠπίστατο
1228 5080 1354 5140 τοὺς
1392 5078 1694 5149 μοχθηροὺς

117 5165 246 5218 ἀπὸ
270 5166 379 5219 τῶν
402 5165 644 5234 ἀγαθῶν,
671 5169 909 5231 καὶτοὺς
937 5169 1034 5238 μὲν
1054 5169 1243 5239 ἀνῄρει
1273 5168 1480 5233 κακῶς,
1502 5177 1610 5230 τοις
1639 5167 1695 5220 δὲ

120 5258 418 5310 ἐσπένδετο
462 5258 556 5310 καὶ
602 5258 908 5331 ξυνεχώρει.
947 5259 1139 5313 Καίτοι
1181 5261 1232 5312 εἰ
1271 5261 1362 5314 καὶ
1406 5259 1586 5312 ἄδικον
1617 5257 1694 5322 ὡς

1795 4528 1946 4584 Talia
1979 4531 2164 4598 itaque
2193 4529 2333 4600 apud
2367 4530 2564 4600 vulgus
2615 4530 3062 4595 susurrabantur,
3113 4534 3357 4603 tantique

1794 4621 1924 4676 mali
1961 4635 2128 4676 causa
2155 4622 2434 4690 explorata
2474 4629 2860 4690 compertaque
2907 4637 3026 4677 esse
3057 4623 3357 4679 videbatur.

1794 4715 1909 4786 Ego
1939 4728 2067 4768 vero
2097 4712 2164 4767 de
2195 4713 2282 4768 his
2311 4712 2653 4767 vehementer
2693 4713 2860 4784 286
2894 4713 3128 4784 ambigo,
3182 4730 3360 4784 neque

1797 4820 2016 4873 possum
2062 4803 2336 4860 afﬁrmare
2382 4818 2488 4873 qua
2556 4805 2770 4859 ratione
2815 4807 3151 4875 contingant.
3203 4805 3361 4863 Esset

1795 4896 1940 4951 enim
1971 4896 2213 4966 profecto
2247 4906 2402 4951 terrae
2429 4904 2614 4951 motus
2651 4910 2738 4950 res
2777 4897 3031 4966 optabilis
3059 4913 3360 4969 magnaque

1794 4988 1954 5044 laude
1978 4988 2162 5058 digna,
2209 4988 2257 5043 si
2301 4995 2485 5042 nosset
2519 4987 2826 5042 discernere
2875 4988 3048 5042 malos
3092 5004 3124 5043 a
3176 4989 3355 5054 bonis,

1798 5088 1960 5146 atque
1988 5077 2108 5134 illos
2139 5079 2356 5147 quidem
2387 5077 2530 5132 male
2582 5077 2846 5148 perderet,
2883 5077 2967 5133 his
2996 5093 3122 5132 vero
3162 5093 3353 5150 parce-

1799 5186 1882 5225 ret
1908 5179 2070 5240 atque
2098 5169 2417 5238 indulgeret.
2451 5169 2614 5239 Atqui
2645 5178 2705 5222 ut
2733 5169 2965 5224 maxime
2995 5171 3098 5224 hoc
3143 5170 3355 5236 demus,

1799 5260 2056 5331 injustum
2104 5261 2256 5316 illum
2285 5259 2475 5324 fuisse,
2502 5259 2598 5314 sed
2625 5270 2780 5314 erant
2819 5259 2933 5323 alii,
2974 5258 3358 5330 quamplurimi

1431 5433 1662 5491 VARIIE
1696 5432 2094 5491 LECTIONES.

195 5611 251 5646 ⁸⁸
274 5612 390 5683 ἅμα
407 5628 516 5668 om.
543 5613 613 5667 Β.
641 5614 1011 5684 συνηνεγμένα
1032 5615 1157 5673 edd.

113 5685 166 5718 ⁶¹
205 5683 355 5756 ᾁμφὶ
398 5687 465 5756 τῇ
500 5702 625 5753 κεφ.
648 5684 722 5756 Β,
748 5683 927 5756 ὲπϊτῇ
961 5703 1015 5741 κ.
1050 5689 1196 5756 vulg.

1231 5617 1277 5649 ⁵⁹
1291 5615 1652 5687 διαφθαρῆναι
1671 5616 1738 5682 R,
1759 5614 2033 5718 φθαρῆναι
2056 5616 2198 5688 vulg.
2274 5616 2318 5649 ⁸⁸
2334 5616 2592 5688 βασιλέων
2613 5618 2679 5672 Β.
2753 5619 2795 5649 ⁶¹
2828 5614 3267 5700 παρατεταμένον
3287 5613 3354 5668 Β.

1305 5688 1350 5718 ⁸³
1372 5687 1488 5756 ἅμα
1519 5703 1628 5741 om.
1677 5688 1739 5741 li.
1849 5688 1869 5718 ‘
1927 5686 2151 5751 πολλοὺς
2182 5686 2351 5741 πολλὰ
2399 5688 2522 5742 ὃσα.
2571 5687 2662 5742 Sic
2717 5703 2948 5750 correxr,
2999 5695 3179 5756 tntpr.
3202 5701 3354 5756 quam

1927 5686 2351 5751 πολλοὺςπολλὰ
2399 5688 2522 5742 ὃσα.
2571 5687 2662 5742 Sic
2717 5686 2948 5750 correxi,
2999 5687 3179 5756 intpr.
3202 5701 3359 5756 quam

118 5753 318 5830 mulus
351 5753 542 5830 multa,
573 5755 743 5830 πολλὰ
773 5757 871 5830 ὅσα
901 5753 969 5830 ῖς,
1004 5753 1228 5830 {tollo-‘4;
1257 5753 1584 5830 ὅσουςνιιιε.
1658 5756 1704 5830 ξ’
1734 5759 1811 5830 ε-ἱς
1840 5771 1937 5826 pro
1958 5758 2014 5830 ές
2038 5757 2160 5812 Par.
2188 5758 2633 5830 ἀπετελεύτησεν.
2711 5758 2756 5789 ⁶⁶
2785 5753 3136 5826 impudentius
3169 5753 3357 5825 inlpr.,

111 5825 332 5896 ἀνέδην
370 5822 433 5878 R.
469 5833 524 5879 et
551 5827 696 5895 vulg.

423 5919 689 5980 ΡΔτιιοι..
724 5920 841 5980 Gn.
867 5920 1269 5980 LXXXVIII.

799 5827 844 5858 ⁸⁷
877 5827 969 5879 τοῦ
1005 5826 1113 5890 ξυν.
1145 5828 1261 5897 εὑρ.
1301 5827 1367 5889 li,
1421 5828 1538 5898 εὑρ.
1598 5826 1689 5878 τοῦ
1744 5827 1854 5889 ξυν.
1887 5828 2034 5897 vulg.

3050 5912 3121 5974 49
