4188 6438
142 383 270 453 1549

1313 380 1853 443 HISTORIARUM
1906 380 2051 440 LIB.
2088 379 2154 441 V.

3222 383 3359 452 1550

134 495 298 564 sﬁpwt
329 488 607 561 ηκούοντο.
655 479 911 545 ἁπάντων
949 489 1032 554 είς
1073 487 1230 543 τοῦτο
1277 489 1649 561 ἀγειρομένων

1791 488 2163 558 attonitusque
2203 495 2366 542 esset.
2397 485 2665 554 Quocirca
2696 496 2820 543 vota
2865 489 3109 561 quotidie
3143 507 3360 552 nuncu-

133 584 197 638 τά
220 599 274 639 ω
305 581 448 654 λόγῳ
497 582 596 654 μὲν
629 583 716 636 ἀεὶ
744 581 1132 652 ἐπαινούμενα,
1185 581 1332 652 ἔργῳ
1361 581 1419 634 δὲ
1451 583 1686 635 σπανιὼ-

132 690 278 745 τερον
323 673 680 745 βεϐαιούμενα
703 713 718 737 ,
769 674 889 727 τότε
939 672 1003 744 δὴ
1049 671 1436 745 προθυμότατα
1481 673 1685 741 ἐπράτέ

127 783 242 820 τετο
255 767 298 798 ⁸³
317 782 331 796 °
366 767 563 820 δίκαιοί
590 783 650 819 τε
680 766 788 838 γάρ
817 765 1013 837 ἀθρόον
1035 764 1419 819 ἀπεδείκνυντο
1447 765 1687 828 ἅπαντες

127 858 180 920 ἐς
194 856 239 888 ⁸³
268 858 331 912 τά
360 857 662 928 συμϐόλαια
690 857 759 911 τά
806 857 942 928 πρὸς
987 856 1267 926 ἀλλήλους,
1317 855 1394 918 ὡς
1433 855 1530 909 καὶ
1559 857 1687 918 τοὺς

124 947 378 1018 ἄρχοντας
405 948 467 1001 τδ
509 947 798 1018 κερδαλέον
848 946 1262 1016 ἀποϐεϐηκότας
1315 945 1451 1016 μετὰ
1484 945 1530 978 ⁸⁸
1575 945 1684 999 τῶν

122 1039 292 1110 νόμων
323 1041 418 1100 τάς
447 1039 604 1103 δίκας
634 1039 904 1092 ποιεῖσθαι
926 1056 941 1070 ·
984 1037 1110 1101 τούς
1139 1055 1198 1090 τε
1226 1037 1400 1101 ἄλλως
1425 1038 1684 1101 δυνατοὺς

121 1131 205 1199 ἐφ’
228 1131 430 1184 ἑαυτῶν
453 1131 814 1201 ἠρεμοῦντας,
847 1131 969 1184 ὅσιά
993 1147 1052 1182 τε
1085 1130 1218 1201 δρᾷν
1250 1131 1340 1182 καὶ
1382 1130 1683 1201 ἀπέχεσθαι

118 1221 223 1272 τῶν
247 1220 555 1290 αἰσχίστων.
591 1221 762 1275 Ἔνιοι
790 1220 846 1275 δὲ
873 1223 968 1274 καὶ
998 1222 1314 1276 παντάπασι
1345 1223 1444 1292 τὴν
1470 1223 1682 1276 δίαιταν

118 1312 578 1379 ὲξαλλάξαντες⁶³,
629 1315 837 1384 μονήρη
867 1315 987 1367 τινά
1023 1316 1117 1367 καὶ
1159 1314 1336 1384 ὄρειον
1365 1315 1684 1384 ἠσπάσαντο

118 1403 246 1473 βίον,
297 1405 388 1457 καὶ
434 1406 596 1475 τιμάς
617 1407 662 1437 ³⁸⁸
709 1407 803 1459 καὶ
849 1407 1108 1476 χρήματα
1149 1405 1246 1458 καὶ
1289 1407 1462 1459 ὁπόσα
1490 1407 1684 1476 ἥδιστα

117 1495 240 1566 παρ’
270 1495 575 1567 ἀνθρώποις
612 1497 867 1567 μεθέντες
886 1498 929 1529 ⁸⁷
973 1499 1066 1552 καὶ
1098 1499 1446 1570 ἀνηνάμενοι.
1505 1500 1682 1555 Πολλά

111 1588 169 1640 δὲ
215 1589 304 1640 καὶ
351 1590 465 1651 τοῖς
517 1589 682 1659 ἱεροῖς
734 1591 1045 1660 προσήγετο
1088 1590 1268 1662 δῶρα,
1314 1592 1411 1644 καὶ
1463 1591 1681 1665 νύκτωρ

114 1677 199 1748 [Ρ.
223 1677 343 1750 “9]
370 1679 418 1732 οί
445 1680 726 1750 κράτιστοι
748 1680 859 1733 τῶν
883 1679 1085 1748 ἀστῶν,
1116 1681 1560 1751 περινοστοῦντες
1580 1684 1682 1747 τὰς

109 1771 435 1841 λεωφόρους,
477 1771 645 1843 ἐδωδῇ
678 1789 739 1825 τε
768 1772 986 1844 ἀφθόνῳ
1033 1773 1126 1826 καὶ
1163 1772 1533 1845 περιϐολαίοις
1561 1775 1680 1842 ἐφι-

1789 579 2077 648 pabantur,
2121 579 2418 650 hymnique
2456 580 2725 651 supplices
2774 581 3152 648 audiebantur,
3183 586 3362 641 omni-

1787 673 1889 726 bus
1922 672 1978 727 in
2025 688 2194 727 unum
2249 674 2622 743 congregatis;
2670 684 2725 728 et
2752 687 2875 744 quae
2915 676 3094 732 verbis
3139 676 3360 748 quidem

1786 780 2001 834 semper
2019 765 2332 832 laudantur,
2361 781 2420 821 re
2442 774 2620 821 autem
2651 767 2766 837 ipsa
2795 781 2920 822 raro
2940 769 3358 835 conﬁrmantur,

1789 856 2110 926 tnmutique
2127 857 2532 928 promptissime
2571 857 2986 927 praestabantur.
3029 857 3172 916 Justi
3211 861 3357 916 enim

1785 947 2070 1003 confestim
2093 962 2283 1003 omnes
2315 949 2369 1003 in
2394 947 2598 1002 mutuis
2625 949 3005 1004 contractibus
3016 949 3356 1015 videbantur,

1787 1040 1921 1096 adeo
1968 1050 2026 1095 ut
2068 1050 2123 1094 et
2159 1041 2429 1112 principes
2475 1041 2703 1110 quaestui
2746 1045 3139 1108 renuntiantes,
3168 1057 3236 1098 ex
3281 1044 3359 1099 le-

1785 1149 1914 1203 gum
1954 1147 2142 1187 norma
2174 1132 2377 1202 judicia
2422 1143 2757 1200 exercerent,
2791 1141 2846 1188 et
2888 1135 2982 1204 qui
3028 1135 3360 1206 potentiores

1782 1237 1988 1291 essent,
2017 1227 2198 1297 quiete
2221 1226 2573 1297 modesteque
2613 1241 2672 1282 se
2705 1235 2976 1296 gerentes,
2995 1231 3141 1299 justa
3169 1244 3359 1300 aequa-

1783 1335 1891 1391 que
1924 1319 2186 1382 facerent,
2217 1329 2270 1374 et
2299 1333 2328 1373 a
2360 1321 2609 1387 turpibus
2637 1320 2795 1378 factis
2821 1321 3178 1377 abstinerent.
3204 1320 3358 1377 Non-

1785 1412 1922 1467 nulli
1957 1427 2107 1478 vero,
2145 1413 2270 1467 vita:
2307 1411 2555 1466 instituto
2589 1427 2812 1482 prorsus
2833 1415 3145 1476 immutate,
3171 1413 3360 1469 solita-

1783 1501 1920 1557 riam
1947 1502 2236 1571 quamdam
2281 1510 2334 1555 et
2369 1510 2685 1556 montanam
2726 1501 2892 1556 vitam
2931 1512 3060 1558 sunt
3098 1501 3356 1573 amplexi,

1781 1595 1976 1664 opibus
2005 1604 2059 1647 et
2092 1593 2393 1648 honoribus
2421 1593 2787 1664 omnibusque
2817 1593 2999 1660 rebus,
3029 1609 3153 1665 quae
3180 1593 3358 1649 homi-

1781 1684 1942 1740 nibus
1968 1684 2146 1740 solent
2182 1699 2304 1739 esse
2328 1684 2675 1754 gratissimae,
2709 1684 3085 1740 renuntiantes
3117 1700 3183 1740 ac
3210 1682 3358 1741 vale-

1782 1775 2043 1831 dicentes.
2074 1774 2314 1830 Plurima
2342 1775 2503 1829 etiam
2546 1775 2759 1844 templis
2798 1777 3022 1831 donaria
3050 1776 3355 1833 oﬂ'ereban-

107 1861 458 1932 λοφρονοῦντο
488 1862 707 1928 τούτους
746 1863 810 1934 δὴ
842 1865 967 1927 τοὺς
994 1865 1247 1936 ἀχρείους
1274 1865 1370 1919 καὶ
1398 1865 1671 1936 οἰκτροτά-

1784 1875 1892 1935 tur,
1917 1875 1971 1924 et
1996 1877 2160 1923 noctu
2181 1866 2441 1922 lautiores
2469 1867 2943 1939 opulentioresque
2969 1869 3117 1925 cives
3146 1869 3353 1940 plateas

107 1971 250 2019 τους,
281 1955 451 2007 ὁποῖοι
483 1955 670 2008 πολλοὶ
692 1955 760 2009 τὰ
786 1955 1014 2027 σώματα
1047 1956 1434 2028 πεπηρωμένοι
1464 1957 1559 2011 ἐπὶ
1579 1955 1676 2010 τοῦ

105 2045 334 2114 ἐδάφους
393 2047 762 2117 ἐρρίφαταιυθ,
818 2048 886 2102 τά
945 2048 1219 2118 ἀναγκαῖα
1276 2047 1674 2120 ὲρανιζόμενοι.

104 2138 150 2189 Τ
152 2137 287 2192 αῦτα
319 2140 376 2193 δὲ
407 2139 623 2193 ἅπαντα
653 2140 802 2211 ρητῷ
825 2159 931 2196 τινι
959 2141 1138 2213 χρόνῳ
1180 2141 1548 2213 ἀνεμετρεῖτο,
1574 2140 1680 2204 ἕως

101 2230 320 2285 ἔναυλον
347 2232 426 2285 ἔτι
456 2233 516 2286 τὸ
543 2233 661 2296 δέος
693 2234 936 2306 ὑπῆρχεν
961 2250 976 2264 ·
1028 2235 1150 2288 ὲπεὶ
1201 2234 1259 2288 δὲ
1306 2233 1549 2304 λώφησίς
1592 2250 1678 2298 τις

102 2323 200 2377 καὶ
241 2324 496 2394 ἀνακωχὴ
543 2325 637 2379 τοῦ
691 2328 939 2380 κινδύνου
988 2327 1336 2397 ὑπεφαίνετο,
1387 2327 1583 2381 αὐτίκα
1625 2329 1674 2381 οί

101 2415 343 2468 πλεῖστοι
377 2416 684 2486 ἐπανῄεσαν
709 2419 786 2479 είς
820 2422 890 2472 τά
931 2418 1232 2488 εἰθισμένα.
1267 2419 1495 2472 Καλοῖτο
1526 2418 1583 2471 δὲ
1608 2418 1675 2472 ἂν

99 2509 139 2578 ἠ
167 2506 385 2577 τοιαύτη
416 2507 560 2579 ὁρμὴ
600 2509 662 2561 ού
708 2509 1020 2578 δικαιοσύνη
1064 2510 1137 2573 ὡς
1172 2509 1409 2578 ἀληθῶς,
1435 2509 1556 2563 οὐδὲ
1581 2511 1672 2562 εύ-

101 2600 288 2654 σέόεια
315 2601 518 2673 στερρά
545 2619 604 2654 τε
629 2603 724 2654 καὶ
753 2604 993 2672 ἐνεργὸς,
1016 2604 1174 2656 ὁποία
1205 2605 1309 2656 ὑπὸ
1329 2603 1486 2673 δόξης
1507 2601 1674 2673 όρθῆς

98 2691 200 2744 καὶ
231 2692 531 2763 προθυμίας
562 2693 992 2764 ἐμϐριθεστάτης
1036 2695 1114 2764 τῷ
1155 2695 1401 2764 λογισμῷ
1431 2694 1673 2764 πέφυκεν

95 2784 482 2848 ἐντυποῦσθαι,
510 2784 648 2837 ἀλλὰ
680 2785 894 2855 μηχανή
929 2802 1012 2848 τις
1049 2785 1285 2847 ἄτακτος
1310 2784 1406 2837 καὶ
1434 2782 1545 2836 οἷον
1575 2784 1674 2853 ὲμ-

95 2875 265 2946 πορία
293 2875 705 2945 σφαλερωτάτη,
742 2877 828 2945 ἐφ’
853 2869 898 2943 ᾧ
925 2876 985 2928 τὸ
1019 2875 1194 2946 παρὸν
1225 2875 1386 2945 δῆθεν
1410 2876 1671 2943 ἐκφυγεῖν

92 2970 195 3022 καὶ
239 2965 746 3040 παρακρούσασθαι.
804 2969 926 3021 Τῶν
974 2967 1074 3040 μὲν
1106 2962 1198 3021 οὖν
1230 2967 1452 3036 ἀγαθῶν
1495 2967 1671 3039 ἔργων

89 3061 241 3114 οὕτω
263 3061 324 3132 δή
350 3079 404 3114 τι
430 3061 565 3132 πρὸς
593 3061 838 3132 ἀνάγκης
863 3059 1249 3130 ἀπογευόμεθα
1274 3060 1385 3112 ἔστ’
1411 3059 1478 3114 ἂν
1507 3061 1569 3113 τὸ
1591 3058 1672 3113 δε-

88 3152 266 3206 διέναι
297 3154 464 3225 παρῇ.

169 3422 245 3490 ς’.
279 3425 445 3479 Πάλιν
467 3425 525 3478 δὲ
552 3427 609 3477 ὲν
631 3423 710 3495 τῷ
734 3424 856 3477 τότε
885 3425 935 3476 οί
961 3421 1090 3493 περὶ
1115 3420 1224 3474 τῶν
1251 3417 1670 3489 ἀναθυμιάσεων

83 3517 244 3586 λόγοι
275 3517 522 3586 ὲλέγοντό
547 3535 607 3570 τε
635 3518 730 3570 καὶ
759 3515 1106 3584 ἀντελέγοντο
1123 3529 1138 3546 ο
1170 3512 1264 3567 καὶ
1286 3506 1354 3582 ἦν
1376 3510 1542 3573 πολὺς
1565 3509 1671 3563 ἀνά

83 3615 223 3678 τοὺς
265 3613 551 3680 ξυλλόγους
582 3613 611 3664 ό
643 3611 1002 3682 Σταγειρίτης
1022 3608 1068 3641 ⁸⁸
1109 3603 1527 3678 ὀνομαζόμενος,
1573 3602 1672 3658 νῦν

86 3705 201 3776 μὲν
234 3705 311 3767 ὼς
335 3703 602 3775 ὀρθότατα
631 3701 717 3773 εἴη
756 3703 885 3772 περὶ
909 3698 1117 3753 τούτων
1145 3697 1549 3766 φυσιολογήσας
1573 3695 1671 3748 καὶ

80 3799 344 3866 διαγνοὺς
372 3797 469 3858 τὰς
499 3797 693 3859 αίτίας,
727 3794 821 3846 νῦν
849 3793 904 3845 δὲ
924 3793 970 3825 ⁸⁸
997 3791 1071 3854 ὡς
1099 3792 1298 3862 ἥκιστα
1322 3789 1415 3843 τοῦ
1438 3786 1670 3860 ἀληθοῦς

79 3885 513 3959 ἐστοχασμένος.
542 3889 714 3940 Ἔνιοι
746 3886 804 3939 δὲ
837 3887 935 3956 τὴν
965 3885 1174 3937 ἐκείνου
1209 3881 1460 3952 βεδαιοῦν
1488 3880 1670 3951 οἰόμε-

76 4000 170 4036 νοι
202 3982 382 4048 δόξαν,
430 3981 512 4034 ὅτι
554 3979 618 4049 δὴ
667 3979 882 4049 πνεῦμα
933 3977 1075 4047 παχὺ
1122 3977 1218 4030 καὶ
1249 3973 1534 4034 καπνῶδες
1562 3971 1668 4026 ὑπὸ

74 4077 217 4137 τοὺς
247 4078 533 4146 σήραγγας
562 4073 660 4144 τῆς
706 4075 807 4142 γῆς
835 4071 1282 4144 περιειργόμενον
1321 4069 1420 4134 τάς
1452 4068 1667 4124 τοιάσδε

74 4168 327 4219 ποιεῖται
359 4166 623 4234 κινήσεις,
665 4161 1026 4231 προυτίθεσαν
1055 4163 1112 4214 ὲν
1139 4161 1216 4232 τῷ
1243 4160 1386 4230 λόγῳ
1415 4159 1571 4214 τοῦτο
1601 4158 1666 4230 δὴ

70 4255 144 4307 τὸ
174 4253 286 4307 ὑπὸ
327 4253 608 4324 Ἀνθεμίου
650 4253 915 4322 πρότερον
968 4253 1444 4322 μεμηχανημένον.
1496 4242 1666 4314 Οὗτος

71 4346 196 4418 γάρ
229 4346 296 4417 δὴ
333 4347 362 4398 ό
417 4344 696 4414 Ἀνθέμιος
714 4345 781 4407 ⁹¹,
818 4345 1017 4415 πατρὶς
1053 4344 1152 4414 μὲν
1178 4343 1328 4413 αύτῷ
1343 4343 1389 4375 ³⁸
1420 4343 1666 4413 ὑπῆρχεν

69 4440 139 4492 αἱ
173 4436 443 4508 Τράλλεις
471 4438 506 4506 ἠ
537 4436 712 4501 πόλις,
741 4435 904 4504 τέχνη
946 4434 1003 4487 δὲ
1042 4435 1112 4488 τά
1141 4435 1249 4488 τῶν
1281 4435 1664 4506 μηχανοποιῶν

1777 1960 2069 2023 obeuntes,
2128 1959 2279 2030 largo
2310 1958 2434 2015 cibo
2462 1968 2516 2015 et
2548 1959 2791 2016 vestibus
2844 1960 3121 2016 donabant
3151 1975 3353 2032 egenos

1776 2050 2224 2120 miserrimosque
2245 2051 2514 2116 homines,
2540 2052 2637 2122 qui
2667 2049 2976 2122 frequentes
2998 2051 3178 2109 claudi
3197 2051 3354 2109 aliis--

1777 2157 1886 2214 que
1921 2141 2184 2198 membris
2213 2141 2390 2196 mutili
2424 2141 2574 2196 humi
2603 2141 2881 2212 iacebant,
2905 2143 3099 2214 stipem
3136 2142 3350 2198 mendi-

1775 2241 1984 2290 cantes.
2019 2230 2146 2287 liazc
2170 2241 2348 2287 autem
2384 2231 2568 2287 omnia
2604 2233 2672 2287 ad
2709 2241 2917 2288 certum
2960 2233 3178 2305 aliquod
3213 2244 3351 2290 tem-

1775 2341 1878 2397 pus
1907 2327 2126 2392 fiebant,
2165 2326 2369 2382 recenti
2410 2325 2661 2381 videlicet
2693 2326 2876 2383 adhuc
2903 2335 2959 2382 et
2989 2327 3203 2398 vigente
3233 2341 3350 2383 me-

1776 2429 1854 2473 tu.
1885 2417 2058 2473 Simul
2099 2434 2164 2473 ac
2204 2432 2334 2472 vero
2375 2417 2542 2488 289
2568 2417 2771 2472 malum
2803 2419 3001 2474 remitti
3027 2433 3092 2473 ac
3136 2433 3350 2474 cessare

1775 2509 1959 2580 erepit,
1990 2507 2277 2564 confestim
2317 2507 2562 2578 plenque
2585 2506 2653 2561 ad
2674 2508 2938 2579 pristinos
2962 2523 3144 2565 mores
3172 2510 3349 2564 redie—

1776 2614 1922 2658 runt.
1969 2602 2161 2659 Vocari
2217 2612 2397 2658 autem
2432 2601 2603 2673 possit
2644 2603 2768 2658 talis
2805 2603 3114 2658 animorum
3164 2613 3349 2659 motus

1775 2706 1936 2766 atque
1968 2697 2202 2766 impetus
2236 2710 2344 2750 non
2377 2694 2588 2765 justitia
2608 2711 2797 2751 revera
2827 2709 3003 2766 neque
3026 2694 3222 2766 pietas,
3253 2709 3347 2752 so-

1774 2789 1879 2844 lida
1910 2792 2111 2860 pariter
2153 2799 2316 2860 atque
2353 2789 2564 2856 efﬁcax,
2599 2788 2778 2861 qualis
2815 2803 2882 2844 ex
2913 2797 3058 2844 recta
3089 2788 3347 2860 opinione

1772 2890 1827 2936 et
1856 2882 2301 2937 constantissimo
2326 2881 2510 2937 studio
2548 2881 2602 2935 in
2653 2879 2852 2935 animis
2881 2879 3156 2935 efformari
3182 2880 3343 2940 solet.

1771 2975 1866 3031 sed
1895 2972 2226 3031 machinatio
2251 2973 2499 3045 quzedam
2528 2971 2912 3042 incomposita,
2939 2979 2994 3025 et
3012 2970 3179 3028 veluti
3206 2987 3348 3027 nun-

1771 3066 1979 3122 dinatio
2025 3065 2419 3132 fallacissima,
2446 3065 2514 3120 ail
2558 3062 3064 3134 subterfugiendum
3113 3078 3180 3120 ac
3213 3077 3346 3135 pro-

1771 3156 2099 3228 pulsandum
2141 3156 2342 3211 malum
2369 3157 2640 3213 instituta.
2665 3156 2812 3213 Bona
2849 3156 3032 3226 itaque
3059 3170 3244 3226 opera,
3270 3155 3345 3210 ita

1771 3249 1989 3303 demum
2033 3249 2356 3305 necessitate
2394 3262 2639 3320 cogente,
2688 3249 3061 3319 degustamus,
3101 3245 3345 3319 quandin

1773 3351 1954 3396 metus
1975 3341 2191 3410 premit.

1846 3434 1899 3490 6.
1930 3437 2034 3492 Per
2056 3434 2108 3489 id
2135 3449 2264 3489 vero
2292 3443 2506 3504 tempus
2528 3433 2692 3488 variae
2714 3447 2904 3489 rursus
2925 3431 3344 3503 disceptationes

1770 3531 1837 3586 de
1879 3526 2316 3585 exhalationibus
2363 3535 2492 3581 sunt
2544 3525 2762 3590 habitae,
2812 3524 3175 3596 frequensque
3225 3535 3344 3580 erat

1769 3619 2074 3675 Aristotelis
2107 3617 2162 3671 in
2203 3615 2584 3688 congressibus
2611 3615 2843 3682 mentio;
2868 3615 3048 3681 modo,
3082 3625 3342 3686 tanquam

1769 3709 2067 3767 rectissime
2084 3707 2151 3763 de
2176 3705 2261 3762 his
2288 3705 2655 3767 disseruisset.
2700 3719 3000 3776 earumque
3028 3719 3224 3761 causas
3255 3703 3343 3759 in-

1771 3803 2063 3858 tellexisset
2086 3816 2101 3865 ;
2121 3799 2306 3864 modo,
2337 3807 2596 3869 tanquam
2627 3812 2660 3852 a
2682 3811 2814 3851 vero
2840 3797 3167 3852 aberrasset.
3191 3793 3342 3850 Non-

1769 3892 1901 3947 nulli
1942 3905 2073 3944 vero
2116 3889 2183 3944 ad
2218 3868 2542 3944 sententiam
2569 3868 2878 3942 Aristotelis
2911 3883 3339 3940 confirmandam

1767 3999 1832 4038 ac
1867 3980 2264 4047 stabiliendam,
2304 3978 2451 4050 quod
2477 3977 2734 4032 nimirum
2761 3992 2978 4033 crassus
3010 3987 3064 4033 et
3091 3977 3342 4033 fumosus

1767 4073 1991 4145 spiritus
2046 4073 2149 4127 sub
2194 4082 2349 4126 terra:
2389 4068 2818 4126 concavitatibus
2854 4069 3148 4125 conclusus
3188 4068 3338 4138 ejus-

1766 4161 1972 4218 cemodi
2013 4171 2192 4216 motus
2220 4158 2484 4224 efficeret,
2533 4159 2587 4212 in
2629 4157 2867 4214 medium
2907 4157 3208 4213 attulerunt
3233 4157 3340 4213 tale

1767 4255 2042 4325 quidpiam
2070 4261 2231 4307 antea
2253 4251 2323 4306 ab
2347 4251 2635 4305 Anthemio
2665 4249 2948 4322 ingeniose
2968 4249 3338 4322 excogitatum

1765 4359 1927 4415 atque
1954 4343 2228 4399 effectum.
2257 4342 2418 4412 Atqui
2448 4341 2741 4398 Anthemio
2764 4341 2893 4398 huic
2916 4341 3091 4413 patria
3114 4342 3333 4412 quidem

1765 4437 1868 4492 fuit
1899 4437 2030 4492 urbs
2051 4436 2277 4502 Tralles,
2308 4449 2399 4489 ars
2427 4449 2554 4490 vero
2589 4434 2930 4490 inventiones
2958 4433 3333 4490 machinarum

65 4530 396 4602 εὑρήματα.
449 4529 498 4581 οἳ
543 4527 608 4598 δὴ
654 4528 752 4597 τὴν
796 4525 1117 4597 γραμμικὴν
1151 4525 1382 4596 θεωρίαν
1428 4528 1517 4579 ἐπὶ
1566 4525 1664 4596 τὴν

1776 4526 2185 4584 fabricatoribus
2213 4527 2443 4592 usitatae,
2473 4527 2566 4596 qui
2607 4526 2864 4581 linearem
2907 4527 3331 4596 speculationem

67 4624 220 4694 ὕλην
269 4623 622 4690 κατάγοντες,
674 4623 964 4692 μιμήματά
1006 4637 1129 4674 τινα
1173 4622 1268 4674 καὶ
1310 4615 1421 4674 οἷον
1469 4619 1663 4673 εἴδωλα

1776 4620 1830 4675 ιιι
1873 4619 2152 4675 materiam
2193 4619 2556 4682 traducentes,
2605 4617 2932 4674 imitationes
2975 4618 3238 4689 quasdam
3279 4628 3335 4674 et

61 4716 189 4770 τῶν
219 4713 394 4768 ὄντων
417 4713 825 4787 δημιουργοῦσι.
858 4713 1050 4782 Γέγονε
1071 4713 1128 4766 δὲ
1153 4712 1374 4785 ἄριστος
1395 4715 1454 4766 ὲν
1478 4713 1664 4777 αὐτοῖς

1776 4712 1925 4769 veluti
1951 4713 2240 4769 simulacra
2268 4727 2449 4768 rerum
2476 4725 2600 4766 vere
2638 4711 3015 4766 exsisteatium
3060 4710 3334 4768 fabrican-

59 4811 154 4871 εἰς
186 4807 261 4860 τά
289 4807 524 4878 μάλιστα
545 4808 638 4861 καὶ
659 4808 737 4870 εἰς
762 4806 930 4876 ἄκρον
954 4806 1106 4876 ἥκων
1138 4805 1236 4876 τῆς
1268 4805 1659 4877 μαθηματικῆς

1776 4821 1868 4860 .ur.
1916 4803 2195 4860 Excellens
2231 4818 2360 4858 vero
2394 4805 2496 4857 hac
2531 4804 2583 4857 in
2632 4801 2795 4873 390
2838 4810 2956 4859 arte
3008 4800 3131 4867 fuit,
3160 4811 3218 4858 et
3273 4802 3332 4859 in

59 4900 420 4971 ἐπιστήμης.
452 4899 696 4953 καθάπου
725 4897 819 4951 καὶ
859 4899 914 4950 ὲν
942 4900 1054 4960 τοῖς
1097 4897 1447 4968 καλουμένοις
1479 4914 1660 4968 γραμ-

1776 4896 2131 4952 nathematica
2183 4896 2410 4950 scientia
2465 4893 2731 4960 eximius,
2783 4893 3236 4964 quemadmodum
3277 4903 3334 4952 et

62 4995 338 5064 ματικοῖς
384 4992 414 5044 ὁ
462 4991 686 5061 ἀδελφὸς
734 4990 923 5044 τούτου
952 4990 998 5021 ⁸³
1044 4991 1409 5061 Μητρόδωρος
1427 4989 1491 5044 ’⁸.
1545 4991 1658 5043 Καὶ

1776 5005 1818 5044 ιη
1849 4988 1935 5054 iis,
1980 4989 2073 5058 qui
2102 4985 2452 5041 Grammatici
2499 4995 2783 5048 vocantur.
2817 4985 2986 5041 frater
3021 4985 3193 5058 ipsius
3217 4985 3330 5043 Me-

61 5084 462 5154 μακαρίσαιμι
487 5083 553 5137 ἂν
573 5083 744 5151 ἔγωγε
771 5081 948 5135 αὐτῶν
978 5081 1073 5153 τὴν
1106 5083 1337 5155 μητέρα,
1373 5081 1513 5134 οὕτω
1538 5099 1656 5134 ποια

1776 5081 2037 5137 LrodorUs.
2087 5082 2150 5136 Et
2199 5090 2344 5137 certe
2404 5078 2615 5135 felicem
2663 5079 3014 5135 indicaverim
3084 5079 3330 5149 ipsorum

56 5175 240 5246 κίλης
272 5175 521 5238 παιδείας
551 5176 831 5228 ἀνάπλεων
851 5179 1014 5245 γονὴν
1032 5176 1242 5244 ἁποκυή
1252 5193 1314 5227 σα
1324 5192 1439 5228 σαν.
1471 5174 1654 5227 Τούτω

1776 5187 2013 5240 natrem,
2044 5189 2167 5244 qua:
2198 5172 2332 5228 adeo
2362 5171 2512 5226 varia
2555 5172 2859 5228 eruditione
2905 5172 3161 5228 refertam
3206 5188 3331 5244 pro-

54 5283 126 5320 τε
150 5267 273 5337 γὰρ
289 5267 338 5299 ’⁸
367 5267 446 5319 τὼ
476 5267 633 5337 ἄνδρε
661 5266 870 5332 τέτοκε,
905 5265 1001 5319 καὶ
1044 5265 1356 5336 Ὀλύμπιον,
1392 5266 1572 5335 νόμων
1591 5281 1652 5318 τε

1776 5283 1866 5322 em
1911 5266 2160 5322 ediderit.
2200 5264 2348 5322 Duos
2396 5266 2545 5321 enim
2595 5264 2762 5322 hosce
2808 5264 2957 5322 viros
3007 5266 3237 5338 peperit,
3269 5275 3326 5324 et

1353 5439 1584 5495 VARUE
1623 5439 2023 5496 LECTIONES.

375 5623 533 5661 σσετο
559 5605 626 5660 R.
701 5604 749 5639 ⁸⁸
777 5605 856 5668 εἰς
900 5605 1023 5660 Par.
1056 5605 1161 5660 Pro
1182 5609 1261 5668 ἐς.
1334 5606 1382 5638 ⁸⁵
1407 5603 1512 5658 Pro
1545 5605 1683 5673 μετά
1706 5601 1830 5657 Par.
1870 5605 2049 5674 irasci.
2110 5607 2155 5640 ⁸³
2196 5605 2590 5673 ὲξαλλάξαντες
2619 5605 2686 5671 R,
2709 5606 2889 5664 ἐναλλ.
2928 5604 3078 5674 vulg.
3152 5602 3201 5638 ⁸⁸
3234 5603 3328 5674 καὶ

51 5693 193 5746 τιμ.
227 5673 331 5729 καὶ
359 5694 446 5748 χρ.
475 5679 515 5732 Β
546 5687 601 5731 et
625 5678 813 5746 intpr.,
839 5678 1009 5778 χρημ.
1043 5678 1136 5729 καὶ
1163 5693 1282 5748 τιμ.
1321 5675 1465 5745 vulg.
1565 5675 1612 5706 ⁸⁷
1643 5674 1994 5758 μετελθόντες
2028 5673 2094 5731 R.
2193 5675 2240 5708 ⁸⁸
2275 5676 2599 5750 ὲρῤίφανται
2631 5676 2698 5732 R.
2805 5673 3250 5745 ⁸⁹όΠαγειφίους
3279 5673 3326 5728 ιι

51 5762 171 5778 n-n
193 5749 226 5778 Α
267 5746 411 5778 νιν-υ
453 5747 758 5778 ᾹΑΩΑα-ι-ολη
785 5745 822 5778 ιι
949 5747 970 5777 ο
993 5746 1048 5778 ,ει
1083 5746 1119 5778 Ω
1176 5747 1238 5778 SA.
1265 5747 1387 5778 uuln
1505 5746 1549 5776 ἰ
1587 5745 1906 5778 AcM-nuncu-
1932 5755 2077 5778 ιηιηι»
2171 5748 2217 5778 η
2240 5747 2388 5778 -.ἢ-,τι
2410 5746 2509 5778 add
2555 5761 2620 5778 Δ-
2649 5747 2688 5778 Ώ
2789 5748 2836 5778 II
2860 5747 3025 5778 λιιι-Ἃ...
3073 5745 3199 5778 .m'u-
3253 5743 3292 5778 n

51 5743 226 5820 prob
267 5743 897 5820 Ecdidpfhbcatovll
925 5743 970 5778 ⁶⁶
1079 5746 1157 5820 R,_
1265 5743 1451 5820 v_u_lg.'_
1505 5746 1549 5776 ’ί
1576 5743 1906 5820 Aflltmcsius
1929 5745 2097 5819 impr.
2171 5748 2217 5781 ⁹²
2239 5743 2390 5820 αὐτῷ
2408 5743 2535 5806 add.
2554 5761 2624 5807 ex
2647 5747 2715 5806 Β.
2789 5748 2836 5783 ⁵³
2859 5743 3048 5818 ἀδελφ.
3073 5743 3218 5802 τούτ.
3250 5743 3321 5813 R,

51 5814 266 5888 ἀδελφ.
307 5819 340 5871 ὁ
368 5814 512 5873 τούτζ
542 5819 685 5892 vulg.
766 5817 814 5848 “
843 5816 1073 5889 Μετρόδ.
1095 5814 1239 5875 ιξιίιι.⁷
1294 5817 1339 5850 ’³
1360 5814 1536 5871 τούτω
1556 5816 1664 5888 γὰρ
1691 5814 1756 5871 Β.

136 5605 193 5639 ⁸³
219 5605 533 5668 ἐπράσσετο
559 5605 626 5660 R.
701 5604 749 5639 ⁸⁸
777 5605 856 5668 εἰς
900 5605 1023 5660 Par.
1056 5605 1161 5660 ΡΙὍ
1182 5609 1261 5668 ἐς.
1334 5606 1382 5638 ⁸⁵
1407 5603 1512 5658 Pro
