4188 6438
795 409 932 476 1555

1968 409 2323 472 AGATHIIE
2351 409 2836 473 SCHOLASTICI

3893 401 4036 470 1555

786 521 936 586 dam,
969 533 1088 590 qua!
1117 516 1272 572 valde
1299 525 1484 573 essent
1511 531 1734 579 sonora,
1768 515 2080 573 collisiones
2108 518 2344 590 complo-

2453 526 2549 579 καὶ
2582 519 3041 595 σκαρδαμύττειν·
3084 515 3394 589 συντρίψεις
3423 513 3481 571 δέ
3505 531 3658 581 τινας
3684 514 3783 570 καὶ
3806 515 4035 570 ἀντιτυ-

789 613 973 669 siones
1009 610 1344 680 excogitans,
1401 609 1666 664 immanes
1700 609 1971 678 quosdam
2009 619 2063 664 et
2115 610 2352 664 tonitruo

789 703 994 760 similes
1027 701 1267 772 fragores
1321 701 1509 756 edebat
1545 701 1881 772 pereellendo
1917 701 2098 756 sensui
2153 712 2348 772 aptos;

789 802 925 856 adeo
963 809 1020 854 ut
1060 798 1225 864 Zeno,
1250 814 1371 853 cum
1395 813 1534 866 aegre
1563 797 1778 852 tandem
1808 797 2181 862 intellexisset,
2209 796 2351 850 unde

787 892 1001 962 singula
1037 893 1244 954 fierent,
1285 891 1463 959 palam
1507 891 1573 944 ad
1625 889 1788 958 pedes
1841 889 2189 958 imperatoris
2220 904 2350 958 pro-

786 981 1029 1046 volutus,
1066 983 1301 1037 vicinnm
1345 980 1616 1035 accusarit
1659 990 1716 1035 ut
1749 981 2056 1050 improbum
2085 989 2142 1036 et
2173 979 2348 1035 scele-

786 1085 964 1132 ratum
1004 1095 1018 1132 :
1059 1075 1195 1130 adeo
1229 1085 1288 1129 ut
1319 1085 1373 1131 et
1401 1077 1700 1145 gratiosum
1731 1075 2002 1145 quoddam
2042 1084 2207 1145 atque
2239 1073 2350 1129 ele-

785 1183 923 1240 gans
973 1169 1178 1224 dictum
1241 1170 1318 1223 ira
1375 1167 1475 1237 ipsi
1525 1169 1849 1223 excusserit.
1913 1167 2150 1223 Poetieis
2201 1165 2347 1222 enim

785 1261 1114 1332 quibusdam
1155 1261 1333 1314 verbis
1369 1259 1619 1315 alludens
1664 1275 1848 1315 coram
1896 1268 2087 1315 senatu
2133 1259 2347 1331 procla-

784 1333 988 1419 mabat,
1023 1354 1188 1408 veluti
1223 1367 1317 1423 per
1345 1352 1576 1407 ironiam
1609 1360 1663 1407 et
1693 1351 1947 1407 cavillum
1987 1369 2001 1408 :
2037 1365 2132 1417 se.
2183 1351 2348 1406 homo

771 1460 908 1500 .cum
943 1455 1123 1507 esset,
1166 1461 1272 1498 non
1311 1459 1472 1514 posse
1506 1444 1768 1498 adversus
1803 1453 2094 1515 utrumque
2123 1443 2344 1514 pariter,

781 1532 968 1588 Jovem
1003 1534 1402 1588 fnlminatorem
1435 1542 1490 1588 et
1520 1533 1974 1602 gravitonantem,
2007 1543 2063 1589 et
2086 1534 2346 1590 adversus

783 1625 1090 1696 Neptunum
1144 1635 1302 1682 terrae
1361 1641 1746 1681 concussorem
1801 1642 2063 1696 pugnare.
2113 1625 2344 1682 Pulchra

783 1717 1000 1788 quidem
1033 1717 1199 1789 igitur
1223 1706 1348 1771 sunt
1379 1717 1607 1787 hujusce
1637 1719 1772 1772 artis
1805 1717 2014 1780 effecta,
2046 1727 2342 1788 quantum-

780 1809 871 1864 vis'
903 1809 1145 1882 ludicra;
1191 1825 1410 1864 necesse
1452 1819 1632 1864 tamen
1668 1824 1773 1863 non
1823 1820 1905 1864 est
1944 1819 2194 1864 naturam
2232 1813 2346 1868 haec

782 1903 936 1974 sequi
969 1903 1144 1974 iisque
1164 1903 1458 1973 exaequari.
1487 1903 1754 1957 Caeterum
1784 1903 1852 1958 de
1881 1902 1966 1958 his
1991 1903 2154 1960 rebus
2179 1921 2341 1975 quam

781 1996 1016 2067 quisque
1047 1994 1278 2050 voluerit
1307 1994 1631 2051 sententiam
1677 2002 1889 2059 teneat;
1933 1995 2065 2050 mihi
2114 2011 2243 2052 vero
2277 1997 2344 2052 ad

780 2089 1016 2160 priorem
1057 2087 1426 2143 narrationem
1469 2098 1554 2144 est
1599 2089 1956 2144 redeundum.

850 2180 1012 2252 295
1062 2180 1117 2238 9.
1167 2178 1273 2236 Per
1324 2181 1466 2237 hanc
1503 2181 1646 2237 enim
1706 2181 1937 2237 hiemem
1987 2182 2137 2238 hisce
2187 2183 2344 2242 malis

778 2272 1150 2343 premebatur,
1194 2272 1496 2342 lncolisqne
1539 2273 1795 2330 omnibus
1843 2289 1940 2344 per
1980 2276 2181 2330 multos
2228 2275 2345 2332 dies

778 2365 995 2420 concuti
1017 2363 1195 2420 adhuc
1218 2364 1587 2435 pavimentum
1615 2365 1918 2431 videbatur,
1947 2368 2161 2423 tametsi
2187 2367 2344 2437 quie-

779 2469 893 2513 tum
925 2456 1037 2528 jam
1072 2459 1431 2530 sedatumque
1465 2467 1628 2515 esset.
1668 2459 1947 2516 lnsederat
1975 2463 2123 2518 enim
2166 2465 2346 2518 homl-

777 2565 908 2605 num
937 2549 1136 2606 animis
1161 2550 1266 2606 hoc
1295 2551 1522 2616 malum,
1561 2560 1616 2607 et
1657 2553 1899 2623 suspicio
1927 2553 1982 2609 in
2010 2554 2091 2611 cis
2136 2555 2346 2612 radices

775 2651 982 2713 egerat,
1006 2641 1406 2698 ratiocinationi
1444 2644 1698 2699 tenebras
1719 2643 2026 2701 oﬂ'nndens.
2047 2644 2344 2718 imperator

777 2747 906 2788 vero
952 2733 1123 2788 multa
1163 2733 1412 2800 aedificia,
1438 2750 1559 2814 quae
1605 2737 1803 2808 partim
1839 2737 2028 2793 vitium
2076 2737 2340 2806 fecerant,

776 2825 975 2894 partim
1032 2825 1144 2896 jam
1199 2840 1563 2890 corruerant,
1622 2829 1931 2885 instaurare
1975 2831 2339 2886 adnitebatur.

777 2916 1070 2988 Praecipua;
1116 2928 1297 2975 autem
1365 2936 1510 2976 curae
1572 2922 1671 2993 ipsi
1721 2933 1841 2979 erat
1892 2925 2342 2995 augustissimum

776 3005 912 3062 illud
958 3006 1054 3063 Dei
1093 3009 1377 3080 templum.
1423 3010 1538 3066 Hoc
1576 3026 1706 3066 vero
1743 3021 1901 3067 antea
1951 3027 1984 3068 a
2020 3013 2178 3085 plebe
2214 3030 2341 3070 suc-

776 3113 1023 3165 censum,
1060 3101 1218 3156 valde
1248 3103 1606 3174 conspicuum
1653 3112 1816 3174 atque
1847 3106 2228 3162 admirandum
2275 3109 2343 3163 ab

2450 620 2581 683 πίας
2610 618 2881 688 σωμάτων
2905 617 3136 669 ἐπινοιῖιν
3189 613 3628 684 βαρυηχοτάτων,
3651 611 3903 675 κτύπους
3925 612 4034 665 άπ-

2447 713 2619 768 ετέλει
2659 710 2922 780 σφοδροὺς
2943 707 3040 761 καὶ
3078 704 3408 776 βροντώδεις,
3440 704 3534 757 καὶ
3573 703 3717 766 οἴους
3758 700 4033 772 ἐκπλῆξαι

2447 804 2546 877 τήν
2573 803 2848 874 αἴσθησιν,
2877 802 2953 865 ὡς
2978 802 3184 854 ἐκεῖνον
3220 797 3373 868 μόλις
3414 797 3545 865 γοῦν
3585 796 3882 864 διαγνόντα.
3907 795 4034 848 ὅθεν

2447 897 2656 950 ἕκαστα
2699 895 2983 962 γίγνεται,
3031 889 3502 961 προκαλινδεῖσθαι
3531 886 3841 956 ἀναφανδὸν
3883 888 4035 956 ἀμφὶ

2446 989 2526 1044 τὼ
2555 988 2748 1044 πόδε⁹⁹
2775 987 2870 1041 τοῦ
2899 985 3196 1057 βασιλέως,
3246 984 3340 1036 καὶ
3388 984 3712 1054 κατηγορεῖν
3756 979 3855 1033 τοῦ
3909 980 4032 1047 γεί-

2446 1099 2620 1145 τονος.
2666 1080 2743 1144 ὡς
2767 1077 2941 1132 κακοῦ
2974 1077 3068 1130 καὶ
3097 1074 3430 1130 άδικωτάτου
3453 1090 3466 1104 ·
3515 1073 3656 1126 ὥστε
3703 1071 3908 1142 ἀμέλει
3937 1072 4036 1125 καὶ

2447 1175 2639 1250 χάριέν
2659 1191 2714 1227 τι
2742 1173 2834 1226 ὐπ’
2857 1171 3029 1243 ὀργῆς
3051 1166 3434 1237 ἐπεφθέγγετο.
3463 1164 3727 1236 Ποιητικὰ
3748 1164 3865 1236 γὰρ
3886 1183 4034 1236 παρ-

2446 1269 2574 1342 ᾠδει
2606 1266 2852 1340 ῥημάτια
2881 1264 2979 1319 καὶ
3003 1261 3200 1317 ἀνεϐόα
3227 1261 3317 1314 ἐπὶ
3349 1260 3446 1327 τῆς
3481 1259 3792 1328 συγκλήτου
3829 1257 4034 1327 βουλῆς

2447 1363 2637 1432 ὥσπερ
2664 1355 3106 1430 είρωνευόμενος,
3147 1353 3222 1416 ὡς
3253 1353 3350 1421 οὐχ
3376 1346 3488 1404 οἷόν
3514 1367 3573 1402 τε
3601 1349 3754 1419 αύτῷ
3783 1349 3942 1419 μόνῳ
3968 1366 4032 1416 γε

2446 1455 2561 1509 δντι
2611 1451 2882 1520 ἀνθρώπῳ
2925 1446 3068 1502 κατά
3111 1445 3306 1499 ταυτὸν
3357 1445 3474 1514 ἅμα
3518 1441 3655 1511 πρός
3700 1459 3763 1495 τε
3807 1442 3914 1494 Δία
3941 1442 4033 1494 τὸν

2445 1545 2825 1618 άστεροπητὴν
2866 1541 2953 1613 μ’.
2984 1537 3110 1608 152]
3153 1537 3248 1592 καὶ⁸
3275 1536 3612 1608 ἐρίγδουπον,
3659 1535 3756 1589 καὶ
3787 1533 3936 1603 πρός
3969 1551 4032 1600 γε

2447 1639 2756 1694 Ποσειδῶνα
2773 1636 2818 1668 ⁸⁸
2846 1633 2938 1688 τὸν
2963 1630 3296 1698 ἐννοσίγαιον
3320 1627 3701 1698 διαμάχεσθαι.
3731 1626 3900 1681 Καλὰ
3932 1625 4032 1695 μὲν

2445 1729 2540 1789 οὖν
2567 1731 2730 1802 τῆσδε
2753 1729 2854 1800 τῆς
2879 1726 3076 1796 τέχνης
3103 1724 3198 1778 καὶ
3221 1721 3362 1778 αύτά
3385 1721 3560 1792 δήπου
3586 1719 3658 1774 τά
3685 1719 3994 1790 ἀθύρματα
4015 1736 4030 1750 ·

2445 1825 2508 1880 ού
2537 1822 2645 1895 μὴν
2674 1821 2888 1889 ἀνάγκη
2935 1815 3034 1887 τὴν
3077 1815 3241 1884 φύσιν
3291 1811 3518 1866 ἐπεσθαι
3550 1810 3762 1872 τούτοις
3795 1810 3897 1863 καὶ
3943 1808 4029 1870 ἐξ-

2375 1866 2418 1922 Β
2915 1866 3028 1966 alii
3059 1866 3288 1968 ἕκαστος
3339 1905 3438 1974 μὲν
3473 1901 3682 1972 ἐχέσθω
3711 1866 3811 1954 καὶ
3859 1866 4030 1952 τῶνδε

2443 2012 2574 2083 πέρι
2615 2007 2805 2068 ὁποίας
2821 2005 2866 2038 ³⁸
2909 2003 2976 2057 ἂν
3017 1999 3114 2055 καὶ
3143 1997 3383 2069 βούλοιτο
3409 1994 3632 2065 γνώμης
3655 2009 3672 2024 ο
3721 1992 3855 2061 ἐμοὶ¹
3880 1989 3942 2042 δὲ
3976 1991 4031 2050 ἐς

2441 2106 2535 2159 τὸν
2565 2102 2828 2176 πρότερον
2859 2097 3014 2165 λόγον
3046 2091 3324 2146 ἐπανιτέα.

2514 2194 2580 2250 θ’.
2610 2172 2874 2246 -Ἑκείνου
2921 2187 3019 2259 μὲν
3062 2184 3173 2254 γάρ
3199 2180 3293 2234 τοῦ
3341 2175 3608 2249 χειμῶνος
3659 2177 3719 2228 ἐν
3765 2172 3952 2225 τοῖσδε
3995 2173 4027 2239 ἡ

2443 2287 2599 2349 πόλις
2627 2283 2921 2352 ἐτύγχανεν
2946 2273 3101 2338 οὖσα,
3130 2275 3223 2329 καὶ
3249 2273 3452 2328 ἅπασιν
3477 2268 3572 2322 ἐπὶ
3600 2265 3870 2327 πλείστας
3899 2263 4030 2334 ἡμέ-

2445 2395 2544 2452 ρας
2576 2373 2816 2430 σείεσθαί
2847 2389 2966 2434 πως
2993 2371 3168 2424 ἐδόκει
3197 2364 3261 2419 τό
3286 2365 3500 2431 ἔδαφος,
3526 2359 3619 2414 καὶ
3649 2356 4028 2452 ταῦταιάτρε-

2445 2448 2581 2544 μοῦν
2607 2471 2711 2541 ήδη
2732 2469 2826 2522 καὶ⁵
2848 2462 3221 2534 πεπαυμένον.
3247 2457 3509 2512 Ἐναυλον
3537 2452 3644 2523 γάρ
3667 2448 4028 2544 ταῖς-ψυχαῖς

2442 2538 2656 2634 ύπῆρχε
2697 2538 2760 2614 τὸ
2798 2557 2965 2620 πάθος
2984 2596 3000 2619 ,
3050 2554 3144 2608 καὶ
3175 2549 3382 2619 ὕποιῖιία
3411 2546 3648 2600 ἐνέκειτο
3680 2538 4029 2634 ὑποθολούσα

2441 2655 2504 2712 τὸ
2536 2629 2905 2723 λογιζόμενον.
2967 2649 3026 2699 ’0
3075 2645 3134 2698 δὲ
3185 2640 3437 2713 βασιλεὺς
3465 2634 3637 2690 πολλά
3669 2631 3785 2723 τῶν
3817 2629 4030 2723 οἰκοδο-

2445 2720 2712 2818 μημάτων
2729 2720 2808 2794 τά
2838 2739 2936 2810 μὲν
2965 2733 3140 2806 σαθρά
3164 2733 3258 2787 καὶ
3287 2729 3485 2799 ἀσθενῆ
3511 2722 3883 2818 γεγενημένα,
3909 2720 4029 2818 Em

2440 2812 2632 2904 dtvhb'q
2658 2831 2753 2885 καὶ
2769 2829 2816 2862 ³³
2846 2822 3338 2886 καταπεπτωκότα,
3367 2812 3702 2886 ἐπανορθοῦν
3736 2812 4027 2904 incipi-ro:

2453 2900 2877 2994 Ἐπεφρόντιστο
2905 2917 2962 2970 δέ
3005 2917 3056 2970 oi
3101 2914 3162 2978 ἐς
3207 2911 3280 2966 τά
3315 2911 3549 2981 μάλιστα
3575 2908 3606 2960 ό
3640 2905 3906 2994 μέγιστος
3929 2900 4028 2994 τού

2441 3013 2578 3070 Θεοῦ
2596 2990 2733 3074 νεώς
2751 3026 2765 3041 ⁸
2794 3008 2985 3062 τοῦτον
3007 3006 3068 3059 δὲ
3091 3004 3355 3076 πρότερον
3380 2996 3773 3070 ἐμπρησθέντα
3796 2993 3911 3047 ὐπὺ
3927 2990 4028 3045 τοῦ

2440 3108 2636 3180 δήμου,
2667 3104 2876 3173 σφόδρα
2904 3097 3176 3170 περιφανῆ
3226 3095 3322 3150 καὶ
3365 3091 3667 3163 θαυμάσιον
3717 3088 3918 3160 ήλίκον
3965 3089 4030 3140 ἐκ

778 3191 911 3262 ipsis
943 3191 1310 3250 fundamentis
1353 3195 1546 3251 iterato
1584 3207 1964 3264 exstruxerat,
2014 3201 2340 3271 magnitudi-

2445 3202 2662 3272 βάθρων
2691 3197 2870 3252 αὐτῶν
2902 3194 2996 3247 καὶ
3024 3189 3304 3262 κρηπίδων
3326 3187 3718 3255 άνεδομήσατο,
3753 3181 4030 3252 μεγέθους

777 3284 972 3354 nisque
1022 3286 1338 3342 excellentia
1393 3295 1448 3342 et
1505 3287 1692 3345 forma:
1735 3291 1930 3346 decore
1981 3301 2035 3347 et
2081 3295 2341 3349 varietate

778 3378 1118 3433 metallorum
1145 3378 1392 3433 ornatius
1419 3379 1684 3445 reddens;
1711 3382 1883 3435 cinxit
1913 3397 2040 3436 vero
2082 3383 2134 3436 id
2164 3384 2337 3450 ipsum

776 3485 840 3524 ex
876 3470 1044 3524 latere
1073 3480 1230 3525 cocto
1258 3479 1314 3526 et
1343 3471 1510 3536 calce,
1543 3487 1665 3542 qua
1699 3473 1903 3542 passim
1940 3472 2086 3528 ferro
2112 3475 2252 3529 inter
2282 3491 2342 3531 se

778 3561 1080 3630 colligarat,
1123 3563 1290 3633 lignis
1339 3579 1682 3634 nequaquam
1737 3581 1905 3632 usus,
1961 3581 2028 3620 ne
2087 3566 2341 3621 facillime

777 3655 1153 3722 conflagraret.
1187 3653 1512 3710 Anthemius
1556 3670 1685 3710 vero
1721 3656 1807 3710 hic
1851 3656 1964 3726 ipse
2006 3665 2144 3723 erat,
2185 3658 2342 3726 cujus

777 3746 942 3816 paulo
985 3756 1110 3800 ante
1158 3747 1484 3812 mentionem
1522 3745 1661 3810 feci,
1700 3747 1791 3816 qui
1824 3748 2037 3818 singula
2072 3757 2127 3802 et
2173 3741 2343 3803 artill—

777 3841 926 3897 ciose
952 3843 1294 3912 cxcogitabat
1319 3852 1373 3897 et
1399 3851 1756 3899 exstruxerat.
1780 3842 1917 3898 Tum
1949 3861 2078 3899 vero
2107 3847 2339 3899 mediam

779 3933 1014 3990 maxime
1041 3934 1216 4004 ipsius
1245 3935 1369 3991 tecti
1421 3945 1627 4005 partem
1655 3935 1971 4005 collapsam,
2009 3952 2238 4007 qumque
2259 3938 2340 3990 al-

779 4023 1013 4080 titudine
1041 4026 1244 4092 omnia,
1268 4040 1389 4095 quae
1412 4034 1756 4090 corruerant,
1781 4027 2091 4097 superabat,
2111 4029 2338 4098 impera-

779 4127 867 4174 tor
897 4117 1187 4174 flrmiorem
1218 4117 1476 4178 reddidit.
1509 4125 1562 4172 et
1591 4118 1642 4172 in
1681 4117 1940 4188 majorem
1999 4119 2337 4175 altitudinem

779 4209 1022 4267 sustulit.
1054 4209 1231 4280 Atque
1260 4208 1586 4264 Anthemius
1616 4207 1834 4279 quidem
1857 4208 2176 4279 jamdudum
2201 4209 2342 4264 obie-

781 4307 883 4356 rat.
917 4297 1161 4355 lsidorus
1191 4308 1369 4352 autem
1394 4297 1582 4367 jnnior
1611 4298 1811 4367 aliique
1839 4298 2164 4352 fabricarmn
2193 4311 2340 4353 stru-

779 4395 959 4442 ctores
981 4385 1219 4456 priorem
1244 4386 1296 4440 in
1312 4386 1620 4454 semetipsis
1636 4385 1865 4440 formam
1892 4388 2338 4457 contemplantes,

2439 3310 2502 3346 τε
2530 3288 2806 3361 ὑπερδολῇ
2845 3286 2940 3340 καὶ
2978 3285 3256 3354 σχήματος
3290 3276 3596 3348 εὐπρεπείᾳ
3632 3273 3732 3326 καὶ
3772 3272 4030 3342 ποικιλίᾳ

2443 3382 2722 3456 μετάλλων
2756 3377 3161 3446 ἐπικοσμήσας*
3212 3371 3382 3443 ἤρεψε
3413 3371 3470 3424 δὲ
3505 3367 3667 3422 αὑτὸν
3695 3368 3762 3419 ἐκ
3795 3365 4028 3418 πλίνθου

2441 3476 2614 3544 ὀπτῆς
2645 3473 2740 3526 καὶ
2765 3471 3005 3530 τιτάνου,
3055 3464 3324 3536 τῃλλαχοῢ
3357 3463 3453 3517 καὶ
3484 3462 3689 3531 σιδήρῳ
3723 3460 4024 3529 συνδήσας,

2443 3567 2619 3632 ξύλοις
2665 3583 2726 3618 τε
2759 3565 2963 3634 ἥκιστα
2996 3560 3360 3631 χρησάμενος,
3405 3555 3481 3616 ὡς
3528 3555 3595 3607 ἂν
3640 3551 4030 3622 μηκέτιδδεύ-

2442 3658 2724 3714 κολώτατα
2751 3655 3094 3726 πυρπολοῖτο.
3130 3649 3405 3720 ’Δνθὲμιος
3432 3648 3489 3700 δὲ
3512 3643 3580 3718 ἦν
3602 3641 3760 3707 οὗτος
3787 3645 4027 3708 ἐκεῖνος,

2441 3747 2500 3805 οὗ
2533 3751 2599 3819 δὴ
2635 3749 2834 3820 ἀρτίως
2862 3743 3232 3816 ἐπεμνήσθην,
3262 3744 3290 3796 ὁ
3316 3735 3527 3795 ἕκαστά
3557 3737 4027 3810 μηχανησάμενος

2442 3843 2536 3897 καὶ
2564 3840 2996 3912 δημιουργήσας.
3034 3836 3169 3889 Τότε
3203 3834 3260 3886 δὲ
3287 3833 3450 3887 αὐτὸν
3479 3831 3585 3885 ὑπὸ
3607 3830 3705 3882 τοῦ
3737 3828 3943 3882 κλόνου
3967 3827 4030 3880 τδ

2445 3937 2769 4010 μεσαίτατον
2818 3933 2983 4005 μέρος
3028 3933 3128 4002 τῆς
3176 3930 3376 4002 ὀροφῆς
3422 3928 3518 3983 καὶ
3569 3926 3786 3981 ἅπαντα
3847 3924 4027 3993 ὕπερ-

2442 4029 2634 4086 6άλλον
2675 4025 3108 4104 ἀποϐεϐληκότα,
3152 4020 3490 4077 ἐπεσκεύασε
3529 4037 3590 4074 τι
3617 4015 3776 4083 αὖθις
3801 4020 3836 4073 ὁ
3867 4017 4029 4089 βασι-

2442 4124 2567 4186 λεὺς
2598 4120 2960 4193 βεϐαιότερον.
2982 4119 3075 4172 καὶ
3105 4117 3196 4171 ἐπὶ
3228 4115 3411 4187 μεῖξον
3441 4113 3573 4184 ὕψος
3596 4111 3758 4182 ἐῆρι
3785 4128 3800 4144 ·
3838 4111 4031 4166 καίτοι

2456 4213 2735 4284 Ἀνθέμιος
2773 4211 2873 4282 μὲν
2913 4209 3230 4264 ἐκπλείστου
3259 4206 3564 4275 ἐτεθνήκει,
3601 4203 3879 4275 Ἰσίδωρος
3913 4202 3976 4258 δὲ
4001 4204 4032 4256 ό

2445 4306 2562 4368 νέος
2594 4303 2686 4357 καὶ
2731 4303 2781 4354 oi
2829 4301 2977 4356 ἄλλοι
3029 4299 3386 4371 μηχανοποιοὶ
3413 4297 3473 4350 τδ
3507 4295 3768 4367 πρότερον
3795 4297 3860 4348 ἐν
3889 4296 4030 4349 ἐαυ-

2443 4395 2555 4456 τοῖς
2600 4391 3081 4461 ἀναθεωρήσαντες
3131 4391 3336 4459 σχῆμα,
3388 4385 3483 4439 καὶ
3523 4385 3600 4456 τῷ
3634 4383 3937 4452 σωζομένῳ
3964 4383 4033 4437 τὺ

779 4487 834 4534 et
849 4493 913 4534 ex
931 4493 1016 4546 eo,
1050 4479 1194 4550 quod
1217 4477 1483 4549 integrum
1508 4488 1805 4542 manserat,
1829 4478 1881 4534 id
1918 4480 2060 4548 quod
2085 4480 2338 4534 affectum

2447 4484 2714 4548 πεπονθὸς
2738 4482 2922 4538 ὁποῖόν
2961 4498 3022 4535 τε
3069 4477 3137 4551 ἦν
3171 4479 3268 4534 καὶ
3309 4481 3366 4544 ἐς
3391 4479 3420 4532 ὃ
3449 4495 3499 4532 τι
3529 4477 3699 4550 δήπου
3727 4476 4034 4547 ἡμάρτητο

779 4549 1485 4639 cratqualeesset,quidque
1496 4569 1608 4622 vitii
1633 4569 1911 4625 habuisset
1930 4580 2338 4640 cognoscentes,

2447 4577 2902 4647 ἐπιφρασάμενοι,
2931 4574 3029 4647 τὴν
3057 4549 3157 4644 μέν
3184 4571 3324 4642 ἐῲαν
3350 4589 3409 4625 τε
3440 4571 3536 4624 καὶ
3560 4549 3821 4638 ἐσπερίαν
3855 4567 4031 4637 ἁψῖδα

780 4660 946 4731 296
980 4659 1242 4715 fornicem
1281 4659 1600 4714 orientalem
1638 4669 1692 4714 et
1723 4660 2114 4715 occidentalem
2157 4677 2257 4716 suo
2289 4673 2345 4716 ut

781 4759 902 4806 crat
921 4751 1040 4805 loco
1061 4752 1416 4820 reliquerunt,
1435 4753 1848 4821 septentrionali
1871 4768 1999 4808 vero
2021 4764 2075 4808 et
2095 4756 2344 4823 australi,

781 4859 903 4912 quae
945 4858 1107 4910 super
1140 4852 1488 4898 curvaturam
1519 4855 1634 4897 crat
1663 4855 2016 4909 structuram,
2047 4846 2344 4902 introrsum

784 4935 1140 5005 porrigentes,
1173 4937 1442 5007 pauloque
1483 4936 1726 4990 latiorctn
1759 4936 2070 5001 eﬂicientes,
2099 4949 2158 4993 nt
2179 4955 2343 5009 quam

781 5027 1059 5096 aptissime
1079 5043 1200 5082 eum
1225 5027 1345 5082 aliis
1367 5028 1678 5097 quadraret,
1701 5029 2173 5099 :equilateramqnc
2188 5046 2339 5086 com-

784 5133 970 5187 pagem
1001 5134 1109 5187 pra:
1141 5135 1200 5173 se
1241 5118 1440 5183 ferret,
1483 5135 1655 5189 eaquc
1695 5121 1903 5174 ratione
1936 5122 2219 5176 vacuitatis
2257 5124 2339 5178 ni-

783 5206 1052 5261 mietatem
1085 5219 1366 5263 coarctare
1406 5218 1647 5278 possent,
1699 5218 1753 5263 et
1801 5210 2052 5279 exiguam
2101 5213 2336 5281 aliquam

781 5299 1118 5352 extensionis
1151 5311 1356 5369 partem
1388 5301 1692 5364 detrahere,
1723 5303 1777 5355 in
1813 5315 2075 5372 quantum
2115 5305 2341 5361 diversa:

785 5391 1138 5460 longitudinis
1189 5391 1357 5461 lignra
1403 5389 1721 5445 eﬂiceretur.
1769 5392 1946 5462 Atque
1989 5395 2059 5446 ita
2107 5393 2339 5464 desuper

2444 4669 2588 4722 οὕτω
2616 4668 2797 4737 μένειν
2825 4666 2964 4720 κατά
3007 4665 3192 4736 χώραν
3221 4663 3433 4732 ἐφῆκαν
3466 4679 3480 4693 ·
3535 4662 3636 4730 τῆς
3673 4660 3730 4712 δὲ
3755 4658 4031 4729 ἀρκτῴας

2443 4779 2502 4813 τε
2547 4760 2640 4812 καὶ
2683 4758 2863 4821 νοτίας
2906 4758 3005 4826 τὴν
3053 4757 3146 4808 ἐπὶ
3189 4753 3284 4808 τοῦ
3321 4753 3671 4824 κυρτώματος
3699 4751 4030 4822 οἰκοδομίαν

2443 4850 2580 4921 πρὸς
2619 4849 2688 4900 τά
2716 4848 2864 4900 ἔνδον
2894 4846 3339 4917 παρατείναντες,
3370 4845 3466 4896 καὶ
3499 4841 3797 4912 εὐρυτέραν
3830 4841 4028 4912 ἠρέμα

2443 4939 2802 5010 ποιησάμενοι
2846 4939 2923 5001 ὡς
2973 4937 3172 5006 μᾶλλον
3235 4934 3613 5006 ἁρμοδιώτατα
3659 4934 3784 4993 ταῖς
3829 4933 4028 4994 ἄλλαις

2448 5032 2886 5092 συννενευκέναι,
2929 5031 3024 5084 καὶ
3049 5030 3335 5100 ὁμολογεῖν
3360 5025 3459 5098 τὴν
3494 5024 3811 5094 ἰσόπλευρον
3849 5025 4027 5096 ἁρμο-

2446 5125 2587 5190 νίαν,
2624 5122 2968 5193 παριστεῖλαι
3018 5120 3194 5191 ταύτῃ
3234 5118 3549 5188 δεδύνηνται
3577 5115 3674 5185 τὴν
3705 5114 3801 5168 τοῦ
3845 5113 4026 5169 κενώ-

2451 5233 2619 5286 ματος
2651 5214 2940 5286 ἀμετρίαν,
2983 5213 3079 5265 καὶ
3106 5209 3410 5280 ὑποκλέψαι
3440 5208 3612 5280 βραχύ
3641 5224 3694 5259 τι
3722 5206 3827 5276 τῆς
3860 5209 4025 5262 ἐκτά-

2449 5327 2586 5371 σεως
2619 5307 2802 5378 μέρος,
2830 5307 3025 5360 ὁπόσον
3065 5305 3396 5374 ἑτερόμηκες
3435 5302 3753 5356 ἀπετελεῖτο
3782 5301 4003 5370 σχῆμα·

2444 5400 2589 5453 οὕτω
2629 5415 2689 5452 τε
2738 5398 2826 5450 ἐπ’
2854 5397 3031 5450 αὐτῶν
3073 5393 3376 5466 ῆδρασαν⁸⁸
3423 5393 3584 5446 πάλιν
3627 5392 3719 5444 τὸν
3754 5393 3816 5444 ἐν
3869 5392 4026 5461 pisci.

2064 5509 2291 5566 VARUE
2352 5514 2751 5571 LECTIONI‘LS.

857 5623 902 5696 se
930 5624 996 5676 τὰ
1025 5623 1153 5696 1:65:
1185 5622 1249 5676 ll.
1309 5623 1368 5696 ,³³
1406 5623 1719 5696 Ποσειδιῖξνα-
1761 5639 1870 5678 om.
1904 5622 1945 5676 Β
1995 5635 2050 5680 et
2097 5627 2282 5696 inlpr.,

2329 5631 2421 5700 qui
2477 5633 2634 5686 vertit
2665 5633 2846 5700 ini-pte
2890 5651 2903 5685 :
2958 5641 3007 5684 et
3056 5640 3252 5683 terram
3301 5631 3464 5694 ipsum
3498 5625 3907 5700 εοηειιιίεκιεξι.
3939 5627 4018 5676 ὲν-

786 5691 1059 5772 νοσίγαιοχ
1082 5692 1146 5758 R,
1177 5693 1376 5772 ἐνοσίγ.
1403 5694 1548 5772 vulg.
1625 5694 1669 5724 ³¹
1699 5691 2210 5772 ξιφίαι-γνώμην
2346 5691 2422 5732 ’³³
2452 5703 2554 5772 ἤδη
2586 5703 2680 5754 καὶ
2712 5691 2775 5763 ιιι
2802 5704 2904 5772 καὶ
2937 5702 3038 5771 ήδη
3071 5702 3218 5766 vulg.
3261 5691 3442 5772 ἐπέων
3479 5697 3773 5772 φρόντιστο
3815 5695 3866 5750 Β
3903 5711 4021 5772 pro:

785 5764 985 5847 knew)...
1001 5763 1070 5847 3*
1100 5765 1294 5834 μηκέτι
1324 5761 1366 5816 Β
1387 5761 1639 5847 εξιΔ-ξιιιιιςζ
1647 5780 1708 5816 ne
1734 5767 1795 5816 de
1817 5777 2024 5847 cretam.
2051 5761 2178 5847 etin,
2205 5771 2280 5843 μὴ
2301 5789 2344 5827 Vl

2474 5761 2486 5772 '
2521 5761 2564 5807 ³³
2592 5761 2772 5827 αὐτῶν
2797 5771 2841 5826 Β
2867 5782 2920 5828 et
2949 5761 3114 5843 i'ntpr.
3149 5761 3582 5839 Iii‘s—wdi/icdiis
3603 5768 3849 5834 deum.
3874 5761 4022 5834 άὺτιῖι

785 5832 940 5906 vulg.
960 5832 1192 5904 ῆδρασαν
1212 5833 1423 5890 emend.
1445 5832 1549 5899 CI.,
1578 5833 1812 5903 ῆδρασαν
1851 5835 1891 5888 ll
1919 5847 1970 5890 et
2007 5837 2146 5906 νοις.
