4188 6438
199 402 336 468 1557

1398 417 1935 485 HISTORIARUM
1976 429 2128 488 LIB.
2168 432 2235 492 ν.

3296 432 3433 500 1558

193 514 617 587 ὑπερανέχοντα,
649 516 761 574 εἴτε
807 517 1028 588 κύκλον,
1075 523 1186 578 εἴτε
1226 525 1606 602 ἡμισφαίριον,
1654 531 1758 586 εἴτε

1871 541 2179 608 tirmarunt,
2221 543 2314 613 qui
2352 543 2404 597 in
2441 544 2628 599 medio
2653 553 2738 601 est
2763 553 3003 615 positus,
3055 543 3170 601 sive
3209 549 3430 615 orbem,

189 608 520 681 ότῳδηοῦν³⁶
547 611 771 682 ὀνόματι
800 614 930 684 παρ’
963 616 1148 680 αὐτοῖς
1178 619 1628 693 ὲπικεκλημένον.
1656 625 1768 678 Καὶ

191 700 416 771 γέγονεν
455 703 707 758 ἐντεῦθεν
750 707 979 772 εἰκότως
1011 708 1257 783 ἰθύτερος
1304 715 1404 784 μὲν
1441 717 1536 770 καὶ
1579 716 1764 770 εὐεπί-

194 813 455 868 στροφος,
509 799 608 852 καὶ
654 802 992 872 πανταχόθεν
1041 805 1107 875 τῇ
1162 809 1393 878 γραμμῇ
1463 807 1765 872 ὲξισάζων,

195 888 526 961 στενώτερος
560 893 604 924 ⁸⁷
650 892 706 946 δὲ
755 894 850 948 καλ⁸
896 893 1172 968 ὀξυτενὴς,
1217 900 1313 952 καὶ
1340 895 1452 963 οἷος
1492 900 1590 970 οὺχ
1622 899 1768 954 οὕτω

192 979 316 1034 λίαν
343 983 667 1054 ἐκπλήττειν
695 985 821 1048 τοὺς
846 986 1154 1056 θεωμένους
1179 988 1256 1053 ώς
1282 989 1470 1052 πάλαι,
1506 990 1686 1062 πολλῷ
1707 991 1764 1044 δὲ

191 1071 344 1141 ὅμως
394 1073 556 1128 πλέον
603 1076 662 1128 ἐν
698 1076 774 1148 τῷ
815 1078 1049 1147 ἀσφαλεῖ
1078 1078 1389 1149 βεϐηκέναι.
1417 1077 1517 1136 Ὧν
1546 1082 1648 1152 μὲν
1673 1078 1765 1136 οὖν

192 1158 305 1214 εδει
333 1163 394 1216 ὲν
423 1162 709 1238 ξυγγραφῇ
735 1167 833 1222 τοῦ
863 1167 969 1221 νεὼ
1003 1168 1086 1240 [Ρ.
1114 1169 1238 1242 155]
1270 1170 1397 1243 πέρι
1421 1173 1764 1246 ἐπιμνησθῆ-

190 1264 304 1313 ναι,
357 1251 452 1305 καὶ
484 1252 571 1322 ἐφ’
597 1254 634 1308 ἃ
673 1257 707 1325 ή
749 1255 845 1310 τοῦ
879 1257 1040 1326 λόγου
1088 1259 1230 1329 φορά
1259 1261 1410 1315 ἵκετο
1453 1262 1764 1328 ἀκολούθως

190 1343 590 1416 περιαγομένη,
625 1346 797 1400 ταῦτα
827 1347 1015 1418 ἔμοιγε
1051 1350 1420 1422 ἀποχρώντως
1441 1355 1762 1424 ὲκδεδιήγη·

186 1451 304 1488 ται.
339 1436 738 1508 Ἐγκωμιάζειν
771 1440 879 1510 γὰρ
913 1442 1120 1499 ἕκαστα
1145 1445 1254 1498 τών
1280 1446 1436 1500 τοῦδε
1471 1447 1766 1517 θαυμάτων

189 1525 290 1579 καὶ
319 1528 676 1583 ἐπιδεικνύειν
703 1531 781 1603 τῷ
805 1532 968 1605 λόγῳ,
1009 1535 1262 1606 περιττὸν
1280 1537 1325 1569 ³⁸
1358 1537 1426 1592 ἀν
1455 1539 1540 1610 είη
1568 1541 1673 1593 καὶ
1701 1540 1763 1594 ού

187 1618 287 1673 τοῦ
313 1620 578 1692 παρόντος
606 1624 738 1678 ἴδιον
760 1624 946 1696 ἔργου.
971 1627 1032 1681 Εἰ
1055 1629 1113 1682 δέ
1141 1646 1225 1693 τις
1245 1629 1419 1685 ἐθέλοι
1451 1633 1640 1704 πόῤῥω
1660 1649 1763 1687 που

185 1711 353 1782 τυχὸν
379 1713 480 1784 τῆς
526 1715 734 1781 πόλεως
778 1719 1162 1790 ἀπῳκισμένος
1203 1722 1394 1777 ἔπειτα
1436 1724 1765 1794 γιγνώσκειν

188 1803 380 1872 σαφῶς
407 1805 642 1870 ᾶπαντα,
678 1809 930 1879 καθάπερ
959 1810 1154 1883 παρὼν
1185 1814 1280 1867 καὶ
1302 1812 1596 1886 θεώμενος,
1631 1818 1764 1870 ἀναο

1866 630 1981 682 sive
2013 630 2454 702 hemispbazrium
2480 675 2495 694 .
2541 635 2655 690 sive
2703 635 2820 689 alio
2842 649 3170 707 quocunque
3213 638 3436 692 nomine

1863 720 1932 772 ab
1952 721 2086 789 ipsis
2113 723 2435 792 appellatur.
2472 722 2778 795 Factusque
2807 724 2932 779 inde
2963 734 3046 778 est
3065 725 3436 780 verisimilitcr

1863 812 2123 869 directior
2167 815 2385 884 quidem
2429 815 2694 886 facileque
2737 817 3031 879 versatilis,
3078 817 3336 888 omnique
3366 833 3433 873 ex

1863 915 2019 972 parte
2063 905 2395 960 adamussim
2435 907 2740 976 quadrans;
2791 908 3077 978 angustior
3111 923 3240 962 vero
3285 920 3338 963 et
3377 908 3432 964 in

1862 1003 2083 1049 acutum
2139 999 2390 1062 tendens,
2439 999 2646 1068 quique
2695 1013 2800 1052 non
2851 1000 2922 1053 ita
2967 998 3125 1052 valde
3179 1001 3435 1068 percellat

1863 1092 2219 1148 spectatores,
2261 1093 2322 1139 ut
2350 1087 2500 1148 olim,
2535 1088 2708 1141 multo
2737 1103 2868 1141 vero
2896 1087 3064 1141 tutius
3093 1085 3431 1144 obﬁrmatns.

1864 1174 2106 1241 Quorum
2134 1177 2320 1247 itaque
2353 1179 2637 1246 oportebat
2663 1179 2716 1232 in
2751 1179 2974 1232 historia
2995 1178 3060 1231 de
3089 1178 3288 1248 templo
3319 1193 3434 1233 me-

1863 1268 2119 1334 minisse,
2153 1278 2208 1324 et
2253 1269 2318 1324 ad
2351 1285 2475 1339 quae
2521 1270 2634 1340 ipsa
2677 1270 3013 1326 narrationis
3046 1272 3216 1326 series
3243 1285 3436 1326 conse-

1863 1370 2071 1416 ctaneze
2100 1363 2433 1416 circumacta
2465 1363 2791 1431 pervenerit,
2823 1379 2884 1416 ea
2910 1362 3040 1416 mihi
3063 1363 3280 1419 abunde
3301 1363 3434 1418 satis

1865 1462 1996 1508 sunt
2022 1454 2310 1524 explicata.
2360 1453 2609 1508 Laudare
2652 1453 2797 1507 enim
2836 1455 3073 1525 singula,
3109 1469 3232 1524 quae
3265 1455 3318 1508 in
3369 1469 3435 1508 co

1863 1553 1991 1600 sunt
2036 1545 2384 1609 admiranda,
2431 1553 2487 1599 ct
2539 1544 2793 1600 oratione
2837 1546 3124 1616 persequi,
3177 1560 3434 1615 superva-

1863 1650 2091 1690 caneum
2127 1635 2312 1703 fuerit,
2355 1650 2532 1706 neque
2578 1636 2745 1705 hujus
2789 1636 2971 1707 operis
3026 1637 3324 1706 proprium.
3377 1635 3434 1690 Si

1863 1729 1984 1800 quis
2008 1737 2189 1784 autem
2215 1729 2448 1784 voluerit
2471 1731 2658 1799 procul
2695 1727 2958 1784 fortassis
2977 1730 3046 1783 ab
3071 1729 3208 1784 urbe
3235 1729 3435 1799 degens

1863 1830 2048 1892 aperte
2081 1836 2412 1891 cognoscere
2445 1821 2630 1876 omnia
2656 1863 2670 1889 ,
2715 1821 2878 1876 veluti
2922 1835 3162 1890 praisens
3207 1830 3262 1874 et
3311 1836 3432 1888 spc-

185 1892 430 1961 λεγέσθω
475 1897 545 1951 τά
590 1899 789 1970 Παύλῳ
835 1901 929 1956 τοῦ
961 1903 1003 1936 ³⁸
1053 1903 1236 1976 Κύρου
1294 1904 1388 1960 τοῦ
1433 1907 1653 1979 Φλώρου
1699 1910 1758 1964 ἐν

1865 1920 2048 1975 etans,
2078 1912 2318 1983 perlegat
2347 1927 2468 1982 quae.
2508 1911 2712 1967 Paulus
2744 1910 2872 1982 Cyri
2904 1911 3064 1982 297
3099 1910 3243 1966 Flori
3291 1911 3435 1966 illius

185 1985 512 2060 ἑξαμέτροις
559 1991 933 2063 πεπονημένα,
979 1994 1039 2058 ὃς
1062 1995 1127 2068 δὴ
1174 1999 1440 2070 ταπρῶτα
1483 2000 1654 2056 τελῶν
1701 2003 1759 2056 ὲν

192 2079 300 2138 τοῖς
325 2079 471 2148 ἀμφὶ
485 2081 532 2112 ⁸⁸⁵
551 2081 643 2134 τὸν
670 2081 894 2152 βασιλέα
926 2089 1086 2158 σιγῆς
1113 2087 1451 2155 ἐπιστάταις,
1483 2091 1677 2160 γένους
1697 2110 1758 2147 τε

185 2173 561 2244 κοσμούμενος
593 2175 717 2248 δόξῃ
753 2179 847 2232 καὶ
873 2179 1100 2235 πλοῦτον
1132 2182 1362 2252 ἄφθονον
1391 2187 1455 2239 ὲκ
1479 2187 1759 2256 προγόνων

183 2263 582 2334 διαδεξάμενος,
629 2269 778 2338 ὅμως
831 2273 1049 2328 παιδεία
1075 2275 1116 2307 δί
1147 2293 1209 2345 γε
1256 2275 1405 2348 αὐτῷ
1451 2279 1545 2341 καὶ
1587 2279 1758 2348 λόγων

182 2355 422 2427 ἄσκησις
450 2359 868 2416 διεσπούδαστο·
913 2365 1006 2420 καὶ
1036 2366 1130 2420 ἐπὶ
1156 2369 1334 2422 τοῖσδε
1371 2370 1573 2440 μᾶλλον
1599 2371 1758 2442 ηὔχει

181 2449 283 2502 καὶ
327 2449 670 2521 ἐσεμνύνετο.
717 2454 827 2508 Καὶ
853 2457 1034 2511 τοίνυν
1080 2460 1374 2533 πεποίηταί
1407 2466 1455 2517 οἱ
1495 2465 1590 2519 καὶ
1624 2465 1758 2521 ἄλλα

182 2535 264 2599 ὡς
295 2538 523 2595 πλεῖστα
552 2543 832 2613 ποιήματα
863 2547 1086 2619 μνήμης
1114 2567 1175 2603 τε
1219 2550 1343 2616 ἄξια
1390 2554 1485 2607 καλ⁵
1511 2555 1755 2621 ἐπαίνου,

180 2627 334 2682 δοκεῖ
354 2629 410 2683 δέ
457 2649 546 2701 μοι
563 2633 609 2666 δ’
640 2635 709 2689 τὰ
738 2635 832 2689 ἐπὶ
871 2637 951 2708 τῷ
991 2641 1098 2711 νεῷ
1127 2643 1390 2714 εξρημένα
1421 2646 1668 2717 μείζονός
1697 2664 1755 2700 τε

181 2719 349 2774 πόνου
377 2723 470 2776 καὶ
501 2726 807 2798 ἐπιστήμης
836 2729 1078 2785 ἀνάπλεα
1125 2735 1478 2799 καθεστάναι,
1528 2741 1637 2811 ὅσῳ
1663 2743 1757 2794 καὶ

180 2811 217 2880 ἡ
249 2811 502 2879 ὑπόθεσις
533 2815 971 2892 θαυμασιωτέρα.
1020 2824 1287 2897 Εὑρήσεις
1314 2828 1424 2901 γὰρ
1465 2830 1531 2886 ἂν
1573 2834 1631 2885 ὲν
1662 2835 1757 2886 αύ-

180 2904 300 2966 τοῖς
342 2905 442 2975 τὴν
495 2907 622 2978 ὃλην
647 2910 746 2981 τῆς
775 2911 978 2979 θέσεως
1024 2917 1342 2986 εὐκοσμίαν,
1386 2921 1480 2974 καλ¹
1515 2924 1614 2985 τὰς
1647 2924 1756 2977 τῶν

186 2995 466 3064 μετάλλων
491 2999 682 3068 φύσεις
706 3002 1006 3060 λεπτότατα
1031 3009 1525 3082 κατεξητασμένας,
1551 3015 1662 3068 τῶν
1693 3034 1753 3070 τε

181 3089 704 3160 προτεμενισμάτων
747 3094 807 3147 τὸ
846 3097 1123 3168 εὐπρεπὲς
1154 3099 1268 3169 ἀμα
1309 3101 1404 3155 καὶ
1438 3103 1751 3171 ἀναγκαῖον,

185 3179 393 3250 μεγέθη
423 3199 481 3235 τε
524 3183 616 3236 καὶ
653 3186 943 3258 ὑψώματα,
981 3193 1072 3244 καὶ
1108 3193 1208 3245 ὅσα
1255 3193 1576 3268 ίθύγραμμα
1625 3201 1756 3270 σχή-

184 3287 334 3362 ματα
365 3274 457 3326 καὶ
482 3275 582 3330 ὅσα
607 3277 857 3343 κυκλικά,
891 3284 985 3335 καὶ
1014 3283 1116 3338 ὅσα
1144 3260 1396 3358 ὲκκρεμή
1425 3260 1519 3342 καί.
1556 3260 1754 3362 προτε-
1783 3260 1825 3316 C

179 3361 410 3430 ταμένα.
444 3364 634 3435 Γνοίης
662 3367 718 3420 δὲ
745 3368 808 3421 ἂν
837 3369 901 3421 ὲκ
929 3370 1038 3424 τῶν
1065 3372 1214 3429 ὲπῶν
1235 3375 1330 3428 καὶ
1358 3376 1505 3442 ὅπως
1528 3361 1754 3454 ἀργύρῳ

179 3469 243 3506 τε
274 3455 366 3506 καὶ
392 3456 577 3528 χρυσῷ
603 3459 663 3512 τδ
695 3460 980 3534 ἱερώτερον
1013 3466 1213 3536 χωρίον
1241 3468 1335 3522 καὶ
1369 3471 1483 3534 τοῖς
1509 3471 1754 3546 ἀπορρή-

180 3561 296 3610 τοις
318 3547 768 3620 ἀποκεκριμένον,
795 3555 1225 3612 πολυτελέστατα
1247 3564 1751 3634 καταπεποίκιλται,

179 3637 280 3692 erat
305 3639 360 3692 εἴ
385 3657 437 3693 τι
457 3641 585 3696 ἄλλο
615 3645 872 3714 πρόσεστι
909 3648 1052 3718 μέγα
1082 3649 1115 3719 ἤ
1146 3650 1426 3722 ἐλάχιστον
1447 3655 1750 3729 γνώρισμα,

177 3731 245 3785 οὗ
278 3734 426 3802 μεῖον
455 3734 488 3805 ἢ
525 3735 573 3787 οί
619 3735 768 3806 θαμά
800 3739 860 3789 έν
891 3739 1042 3810 αὐτῷ
1071 3746 1405 3812 περιπάτους
1442 3749 1750 3820 ποιούμενοι

179 3821 278 3914 καὶ
326 3823 536 3877 ᾶπαντα
585 3825 1026 3894 διασκοποῦντες.
1089 3831 1251 3886 Ἀλλὰ
1299 3835 1404 3907 γάρ
1447 3839 1542 3908 ἥδε
1580 3841 1678 3910 μὲν
1716 3844 1749 3914 ή

177 3913 409 3987 δευτέρα
429 3917 521 3970 τοῦ
545 3919 648 3971 νεὼ
674 3922 934 3994 ἐπισκευὴ
962 3925 1056 3978 καὶ
1082 3926 1381 3998 ἀνόρθωσις
1407 3932 1572 4005 ὀλίγῳ
1599 3913 1752 3990 ὖστεέ

182 4025 280 4077 ρον
309 4009 483 4081 χρόνῳ
510 4012 876 4084 ἀπείργασται
906 4017 996 4070 καὶ
1022 4016 1393 4094 ξυνετελέσθη.

253 4193 305 4239 ι’.
337 4185 422 4254 (Α.
445 4185 506 4242 C.
541 4188 661 4256 558)
699 4189 937 4244 Ἐκείνου
966 4192 1021 4246 δὲ
1047 4193 1140 4247 τοῦ
1166 4195 1322 4260 ἔτους
1357 4197 1474 4268 ἅμα
1505 4195 1602 4271 ἦρι
1635 4204 1737 4274 ἀρ-

176 4275 396 4347 χομένῳ
423 4279 456 4347 ἡ
483 4278 754 4350 λοιμώδης
800 4282 954 4346 νόσος
1001 4281 1157 4348 αὖθις
1197 4290 1262 4358 τῇ
1301 4289 1454 4342 πόλει
1503 4292 1748 4358 ἐνέπεσε,

177 4366 278 4418 καὶ
309 4367 478 4436 μυρία
503 4367 772 4439 διέφθειρε
808 4371 1008 4443 πλήθη,
1045 4373 1252 4444 λήξασα
1293 4377 1392 4448 μὲν
1433 4379 1492 4443 ἐς
1522 4380 1584 4434 τὸ
1611 4398 1750 4434 παν-

173 4455 334 4520 τελὲς
362 4457 469 4510 οὐδ’
487 4458 810 4526 ὁπωστιοῦν,
851 4463 910 4530 ἐξ
939 4456 1000 4516 οῦ
1035 4465 1098 4537 δὴ
1137 4467 1187 4498 ⁸³
1213 4468 1314 4539 τὴν
1360 4470 1556 4542 ἀρχὴν,
1605 4475 1750 4546 φημὶ

1867 2004 2202 2059 hexametris
2239 2005 2491 2061 versibus
2543 2005 2894 2077 conscripsit,
2931 2005 3024 2074 qui
3064 2003 3278 2074 quidem
3320 2004 3462 2072 pri-,

1862 2097 2122 2154 mieerius
2150 2097 2423 2153 exsistens
2461 2097 2730 2168 regiorum
2775 2096 3200 2151 silentiariorum
3247 2105 3294 2148 et
3344 2112 3435 2165 go.

1865 2188 2016 2243 neris
2063 2188 2234 2259 gloria
2280 2189 2500 2256 clarus,
2537 2187 3012 2258 amplissimasque
3063 2201 3093 2240 a
3135 2186 3433 2255 majoribus

1864 2279 1980 2336 suis
2029 2297 2157 2351 opes
2194 2283 2445 2351 adeptus,
2483 2281 2744 2334 doctrinae
2773 2290 2952 2334 tamen
3000 2279 3434 2349 eloquentia-quc

1865 2387 2114 2441 magnam
2154 2387 2374 2440 operam
2402 2371 2758 2438 impenderat,
2795 2369 2995 2439 quibus
3017 2379 3071 2424 et
3113 2371 3286 2439 magis
3315 2370 3432 2439 glo-

1864 2463 2112 2516 riabatur
2146 2472 2200 2516 et
2229 2461 2612 2517 decorabatur.
2647 2459 2878 2529 Scripsit
2917 2461 3104 2528 itaque
3129 2463 3293 2515 etiam
3328 2462 3432 2515 alia

1863 2555 2264 2624 quamplurima
2307 2563 2556 2625 poemata
2601 2562 2904 2608 memoratu
2946 2553 3107 2622 digna
3153 2562 3208 2606 et
3253 2553 3429 2606 laudo.

1867 2645 2129 2701 Videntur
2163 2656 2344 2700 autem
2371 2644 2504 2700 mihi
2530 2660 2649 2714 qua:
2677 2643 2746 2700 de
2775 2645 2977 2714 templo
3011 2643 3249 2714 scripsit,
3282 2651 3433 2698 tanto

1863 2738 2070 2808 majore
2096 2747 2150 2793 et
2171 2738 2357 2792 labore
2395 2748 2452 2792 et
2491 2737 2716 2792 scientia
2759 2735 2980 2800 referta,
3015 2744 3220 2805 quanto
3257 2743 3313 2790 et
3345 2751 3434 2787 ar-

1862 2845 2175 2903 gumentum
2201 2833 2379 2904 ipsum
2410 2843 2494 2887 est
2521 2833 2918 2888 admirabilius.
2944 2829 3261 2902 Comperies
3284 2829 3429 2895 enim

1860 2924 1916 2978 in
1959 2925 2026 2980 iis
2069 2926 2386 2980 universum
2442 2925 2579 2980 situs
2616 2925 3009 2994 concinnaeque
3055 2921 3429 2994 dispositionis

1860 3017 2106 3072 ordinem
2140 3025 2196 3072 et
2219 3017 2562 3072 metallorum
2607 3027 2828 3073 naturas
2867 3015 3224 3072 subtilissime
3249 3015 3430 3086 explo-

1859 3117 2044 3177 ratas;
2078 3109 2470 3165 vestibulorum
2516 3109 2680 3163 etiam
2728 3107 2912 3180 templi
2963 3108 3291 3179 elegantiam
3332 3123 3431 3179 pa-

1860 3201 1992 3256 riter
2020 3209 2076 3256 et
2113 3201 2423 3264 utilitatem,
2461 3201 2865 3270 magnitudines
2911 3215 3128 3271 quoque
3165 3209 3220 3256 et
3247 3200 3432 3256 altitu-

1858 3292 2032 3356 dines,
2065 3300 2330 3362 quotquot
2353 3292 2514 3346 etiam
2548 3301 2678 3348 sunt
2709 3293 2894 3363 ﬁgura
2916 3291 2970 3346 in
2995 3291 3164 3346 altum
3187 3291 3428 3354 directae,

1856 3391 1912 3438 et
1937 3389 2208 3452 quotquot
2235 3381 2593 3448 orbiculares,
2627 3389 2895 3452 quotquot
2921 3383 3084 3437 etiam
3118 3381 3354 3452 pensiles
3375 3392 3430 3436 vt

1857 3479 2147 3542 protensae.
2201 3470 2537 3540 Cognoveris
2571 3487 2790 3542 quoque
2840 3485 2871 3527 e
2915 3472 3275 3538 carminibus,
3318 3488 3429 3541 quo

1858 3573 2018 3633 pacto
2044 3572 2270 3632 argento
2302 3563 2507 3633 pariter
2538 3573 2703 3634 atque
2736 3578 2872 3618 auro
2910 3564 3176 3619 sacratior
3200 3562 3351 3619 locus
3375 3573 3429 3616 ct

1862 3656 2141 3728 mysteriis
2176 3655 2468 3726 separatim
2515 3656 2821 3710 destinalus
2851 3655 3331 3726 sumptuosissime
3357 3657 3432 3710 sit

1859 3754 2176 3812 exornatus,
2218 3756 2272 3800 et
2308 3745 2353 3800 si
2390 3747 2533 3815 quod
2579 3754 2664 3800 est
2704 3744 2848 3799 aliud
2895 3759 3150 3814 magnum
3193 3751 3290 3799 aut
3326 3744 3429 3798 mi-

1861 3837 2068 3891 nimum
2095 3843 2500 3902 ornamentum,
2518 3834 2896 3900 nihilominus,
2927 3850 3092 3906 quam
3115 3835 3208 3906 qui
3232 3834 3427 3890 crebro

1859 3928 1912 3981 in
1955 3942 2022 3982 eo
2053 3925 2412 3983 obambulant
2453 3926 2743 3996 omniaque
2771 3925 3097 3997 inspectant.
3135 3927 3298 3997 Atqui
3337 3943 3428 3984 se—

1861 4018 2032 4074 cunda
2066 4020 2182 4074 haec
2210 4019 2396 4090 templi
2425 4017 2650 4074 refectio
2697 4029 2860 4090 atque
2904 4020 3227 4075 instauratio
3277 4020 3427 4077 brevi

1858 4119 1978 4181 post
2006 4119 2250 4180 tempore
2279 4109 2526 4165 instituta
2560 4106 2907 4180 perfectaque
2933 4119 3035 4166 est.

1931 4199 2016 4255 l0.
2059 4200 2260 4254 Eodem
2286 4214 2416 4254 vero
2444 4215 2589 4254 anno
2624 4200 2810 4255 statim
2846 4200 3066 4255 ineunte
3094 4215 3220 4255 vere
3259 4200 3429 4271 pesti-

1857 4291 2018 4346 lentia
2051 4293 2246 4346 iterum
2309 4291 2501 4346 urbem
2549 4290 2769 4355 invasit,
2812 4298 2867 4346 et
2913 4291 3180 4345 inﬁnitam
3241 4291 3425 4346 multi-

1858 4383 2101 4438 tudinem
2136 4382 2393 4442 suswlit:
2424 4397 2546 4452 quae
2574 4382 2792 4454 quidem
2831 4397 3108 4453 nunquam
3143 4382 3310 4454 298
3331 4398 3426 4454 pe-

1856 4470 2005 4525 nitus
2051 4479 2326 4537 cessarat,
2379 4487 2446 4525 ex
2489 4486 2599 4541 quo
2645 4471 2911 4541 primum,
2965 4472 3110 4528 circa
3144 4475 3421 4543 quintum.

174 4548 245 4618 δὴ
274 4548 414 4602 κατά
432 4549 494 4640 τὸ
510 4551 758 4622 πέμπτον
781 4553 899 4618 ἔτος
919 4557 1019 4628 τῆς
1053 4557 1430 4616 Ἰουστινιανοῦ
1449 4564 1746 4634 βασιλείας,

1860 4561 2111 4631 inquam,
2163 4561 2378 4632 imperii
2431 4561 2757 4617 Justinianei
2795 4578 3024 4628 annum,
3073 4565 3127 4618 in
3173 4575 3421 4620 nostrum

176 4640 238 4691 ἐν
268 4639 336 4710 τῇ
368 4639 487 4694 καθ’
530 4643 676 4713 ἡμᾶς
722 4645 1051 4717 εἰσήρρησεν
1101 4651 1412 4725 οἰκουμένῃ.
1456 4657 1758 4714 Μεταδᾶσα

1860 4651 2036 4706 urbem
2073 4653 2399 4722 irrepserat;
2431 4651 2743 4722 frequenter
2771 4668 2903 4708 vero
2945 4653 3053 4709 alio
3087 4668 3147 4708 se
3188 4653 3424 4710 transie-

174 4730 234 4783 δὲ
263 4729 524 4796 πολλάκις
556 4735 761 4804 μεταξὺ
787 4735 975 4791 ἄλλοτε
1021 4739 1224 4807 ἄλλοθι,
1256 4743 1352 4796 καὶ
1384 4747 1548 4800 τόπον
1577 4749 1641 4802 ὲκ
1668 4749 1759 4803 τό-

175 4840 286 4876 που
317 4821 697 4898 λυμηναμένη,
733 4830 826 4880 καὶ
861 4831 1035 4904 ταύτῃ
1077 4835 1191 4897 τοῖς
1232 4833 1575 4907 λειπομένοις
1619 4841 1752 4894 ἀνα·

175 4912 366 4982 κωχῆς
396 4930 542 4978 τινος
579 4917 902 4986 μεταδοῦσα,
934 4921 1057 4975 τότε
1099 4923 1164 4994 δὴ
1196 4919 1290 4978 οῦν
1332 4928 1493 4982 πάλιν
1533 4931 1592 4994 ές
1614 4931 1676 4984 τὸ
1701 4931 1750 4964 ⁸⁵

175 5003 472 5069 Βυζάντιον
496 5008 791 5079 ἐπανῆκεν,
823 5011 1033 5081 ὥσπερ,
1064 5008 1239 5084 οἶμαι,
1277 5016 1338 5069 τὸ
1380 5019 1642 5092 πρότερον
1663 5021 1748 5086 ἑξ-

173 5097 528 5169 ηπατημένη,
567 5101 659 5152 καὶ
703 5099 896 5155 θᾶττον
928 5101 1101 5174 δήπου
1138 5105 1232 5159 τοῦ
1272 5107 1482 5173 δέοντος
1536 5111 1746 5166 ἐνθένδε

175 5187 572 5257 ἀπαλλαγεῖσα.
617 5193 929 5265 ἜθνησκονΙ
949 5197 1236 5268 τοιγαροῦν
1259 5203 1442 5255 πολλοὶ
1469 5204 1517 5236 ⁸⁸
1557 5204 1748 5271 ἐξαπι-

174 5279 347 5344 ναίως
365 5279 615 5353 καθάπερ
643 5283 954 5358 ἀποπληξίᾳ
989 5288 1188 5362 ἰσχυρᾷ
1205 5291 1249 5323 “
1279 5293 1498 5365 κάτοχοι
1520 5312 1748 5369 γεγενηα

1851 4758 1996 4806 rens,
2027 4752 2079 4798 et
2108 4744 2287 4798 locum
2322 4758 2353 4798 e
2410 4744 2529 4798 loco
2559 4743 2846 4813 infestans,
2893 4755 3060 4817 atque
3091 4746 3165 4801 ita
3193 4747 3421 4818 reliquis

1847 4833 2015 4888 veluti
2063 4833 2312 4890 inducias
2345 4834 2611 4904 quasdam
2661 4839 3004 4900 concedens,
3062 4845 3176 4891 tum
3231 4852 3422 4892 rursus

1855 4927 2174 4999 Byzantium
2202 4929 2383 4993 rediit,
2411 4929 2577 4984 veluti
2617 4938 2796 5001 antea,
2831 4929 2910 4984 uti
2946 4929 3290 4996 crediderim,
3327 4931 3423 4984 de-

1855 5031 2028 5090 cepta,
2077 5037 2305 5092 quaeque
2341 5021 2534 5088 citius,
2586 5037 2750 5093 quam
2789 5022 3099 5092 oportebat,
3150 5022 3277 5077 inde
3321 5023 3424 5077 mi-

1855 5123 2080 5182 grasset.
2135 5113 2332 5169 Mortui
2381 5114 2564 5185 itaque
2617 5124 2746 5171 sunt
2796 5125 3018 5185 repente
3057 5115 3224 5170 veluti
3269 5117 3420 5186 gravi

1853 5205 2087 5275 quadam
2119 5205 2398 5277 apoplexia
2420 5207 2673 5278 correpti.
2709 5207 2814 5274 Qui
2841 5220 2968 5261 vero
2989 5206 3281 5276 plurimum
3307 5207 3415 5261 vim

1859 5298 2030 5352 morbi
2064 5298 2426 5363 sustinebant,
2455 5299 2597 5355 ultra
2628 5299 2878 5371 quintum
2918 5298 3058 5354 diem
3087 5313 3204 5353 non
3230 5312 3417 5367 super-

1459 5497 1692 5556 YARUE
1730 5501 2132 5559 LECTIONES.

349 5647 725 5724 ῥτῳδηοῦντῷ
752 5652 818 5710 ιι.
919 5655 964 5686 ³⁷
999 5655 1210 5710 στενότε

175 5717 245 5771 R.
258 5717 460 5793 ρλόρου
568 5717 740 5793 Φόρου
765 5724 933 5791 Lugd.
953 5734 1007 5778 ct
1034 5729 1121 5781 ed.

1217 5658 1380 5734 pos“
1404 5671 1457 5716 et
1478 5663 1622 5734 vulg.
1648 5662 1845 5734 5&70m.
1879 5661 1946 5718 Β.

1156 5743 1239 5798 pr.
1300 5731 1361 5805 _‘°
1388 5735 1516 5805 τοῖς
1535 5731 1768 5805 ἀμφιμιι,
1796 5736 1906 5805 τοῖς
1929 5733 2031 5805 τῆς
2062 5731 2211 5805 ἀμφὶ(
2228 5731 2368 5805 vulg.

2045 5665 2091 5696 ³³
2129 5660 2494 5734 περισσομένη
2524 5660 2586 5716 ll.
2629 5730 2645 5734 _
2665 5660 2709 5734 ξ’
2733 5660 2975 5734 satiante
2995 5661 3181 5734 Κύρου
3204 5661 3325 5716 add.
3354 5679 3419 5734 es

2183 5730 2373 5799 ivulg.
2446 5730 2493 5802 ⁶¹Ῐ
2528 5730 2712 5802 παιδία
2732 5730 2794 5783 R.
2856 5731 2916 5802 κδ’
2953 5730 3010 5783 δέ
3044 5749 3133 5800 μοι
3164 5732 3230 5794 R,
3264 5748 3351 5802 μοι
3367 5732 3423 5787 δὲ

177 5789 357 5876 iulg.
403 5789 450 5876 ‘:
474 5791 538 5860 δὴ
559 5789 669 5846 οη).
708 5792 789 5876 Β..
850 5789 896 5876 ιξ
925 5795 1086 5849 πάλιν
1107 5789 1178 5876 ξς
1215 5817 1265 5856 τ.
1296 5800 1358 5859 Β.
1393 5789 1642 5873 Β.,”ἐς’τί
1675 5803 1734 5858 Β.
1756 5789 1902 5861 ’πάλξ
1938 5789 2080 5876 vulg.
2103 5789 2116 5805 ’
2156 5789 2202 5836 λ’
2236 5789 2418 5858 πολλοὶ
2434 5801 2555 5858 add.
2581 5818 2646 5858 ex
2675 5789 2742 5856 R.
2770 5811 2824 5858 et
2852 5801 3013 5871 intpr.
3044 5789 3420 5871 'quain'iimlti.

171 5857 224 5891 “
260 5861 452 5931 ἰσχυρᾷ
479 5857 548 5902 -ἑ
579 5864 930 5934 παραπλησία
961 5881 1069 5922 om.
1105 5857 1172 5924 ﬂ.
