4188 6438
794 375 930 440 1559

1970 385 2321 447 AGATIIL'E
2347 384 2831 444 SCl-IOLASTICI

3918 383 4048 450 1560

791 488 1064 544 vivebant.
1108 488 1277 543 Morbi
1323 499 1505 547 autem
1550 493 1761 563 species
1808 495 1973 549 veteri
2013 503 2133 549 erat
2175 493 2347 563 persi-
2373 495 2418 549 Α

2500 491 2628 546 ἐνοι·
2665 493 2714 546 οί
2758 491 2818 544 δέ
2860 507 2926 559 γε
2977 489 3231 543 πλεῖστον
3283 489 3637 563 διαρκοῦντες
3687 490 3864 562 μόλις
3911 511 4051 563 πεμ-
4151 467 4154 598 4

793 581 958 635 milis.
998 579 1198 636 Febres
1236 582 1534 638 enimcqu
1577 584 1884 640 bubonibus
1924 586 2354 640 accendebantur

792 673 1084 735 continuae,
1118 681 1306 726 etnon
1342 674 1696 742 quotidiauze,
1731 691 1905 746 neque
1945 678 2031 730 vel
2078 675 2352 730 modicum

795 763 1151 827 remittentes,
1190 764 1282 818 sed
1320 765 1440 818 stilo
1465 765 1606 833 ejus,
1635 782 1797 834 quem
1841 766 2241 836 corripuerant,
2271 765 2355 819 in-

794 852 956 906 teritu
991 865 1288 909 cessantes.
1326 853 1577 909 Nonnulli
1621 873 1749 910 vero
1779 874 1952 927 neque
1993 868 2129 911 aestu
2157 856 2353 920 febrili,

795 955 971 1011 neque
1004 943 1112 997 alio
1139 945 1326 997 dolore
1366 949 1719 1013 praecedente,
1763 948 1857 1000 sed
1902 961 2024 1015 quae
2053 961 2356 1001 Consueve-

796 1041 919 1084 rant
952 1041 1173 1101 agentes
1200 1042 1256 1088 et
1290 1032 1438 1087 domi
1472 1045 1527 1088 et
1562 1035 1614 1088 in
1646 1036 1836 1105 plateis
1900 1037 1973 1090 ita
2005 1047 2229 1104 erigente
2261 1053 2358 1089 ne-

793 1127 1048 1180 cessitate
1082 1128 1429 1191 corruebant,
1465 1139 1683 1198 repente
1717 1130 1992 1184 exanimes
2023 1129 2172 1192 facti,
2195 1130 2356 1184 veluti

795 1228 861 1268 ex
923 1216 1253 1283 temporaria
1305 1227 1481 1271 morte
1533 1220 1818 1272 accersita.
1875 1218 2128 1286 Cujusvis
2175 1219 2358 1288 itaque

794 1303 971 1356 aetatis
1019 1305 1270 1359 homines
1328 1307 1637 1374 promiscue
1702 1309 2035 1372 interibant,
2090 1324 2360 1378 praecipue

795 1409 925 1449 vero
954 1395 1182 1464 juvenes
1212 1412 1276 1450 ac
1315 1397 1568 1466 puberes,
1604 1407 1767 1466 atque
1795 1415 1861 1452 ex
1897 1400 1982 1453 his
2014 1401 2356 1469 potissimum

797 1502 976 1541 mares
1003 1504 1017 1540 :
1047 1487 1262 1541 femina:
1288 1489 1432 1541 enim
1462 1506 1566 1541 non
1599 1491 1819 1558 perinde
1847 1491 1996 1545 hisee
2019 1492 2176 1546 malis
2201 1501 2359 1546 erant

795 1577 1459 1633 obnoxiae.Vetustissima
1491 1583 1673 1650 itaque
1702 1581 2082 1652 Algyptiorum
2113 1583 2355 1648 oracula,

793 1678 848 1723 et
877 1668 970 1737 qui
1005 1670 1146 1738 apud
1182 1669 1376 1724 Persas
1410 1653 1718 1726 cmlcstiuin
1753 1685 2000 1727 motuum
2038 1673 2205 1742 299
2231 1685 2358 1728 sunt

794 1761 1146 1830 peritissimi,
1206 1772 1510 1830 temporuut
1567 1765 1926 1831 quorumdam
1992 1765 2356 1819 revolutioues

2454 586 2637 640 πταῐοι
2661 583 2992 638 ἀπώλλυντο.
3042 584 3107 636 'll
3144 583 3322 652 δὲτῆς
3343 583 3501 636 νόσου
3556 583 3677 636 ίδέα
3731 585 4046 654 sapa-:11;-

2455 677 2547 732 σία
2577 679 2646 748 τῇ
2672 675 3019 747 πρεσϐυτέρᾳ
3037 676 3334 744 ἐτύγχανεν
3354 671 3511 730 οὖσα.
3534 677 3790 746 Πυρετοὶ
3808 678 3932 748 γὰρ
3957 679 4046 730 ἐπὶ

2455 767 2720 836 βουσῶσιν
2777 767 3081 836 ἀνήπτοντο
3131 769 3373 835 συνεχεῖς
3432 769 3530 819 καὶ
3595 767 3705 819 οὐκ
3743 769 4045 838 ἐφήμεροι,

2451 859 2573 912 οὐδὲ
2597 859 2834 929 μετρίως
2851 859 2981 926 γοῦν
2999 858 3399 927 ὑπσχαλῶντες,
3421 859 3556 928 μόνῃ
3571 859 3628 910 δὲ
3644 861 3718 928 τῇ
3742 860 3986 930 τελευτῇ
4007 863 4046 890 ⁸⁷

2451 949 2545 1003 τοῦ
2576 949 2797 1012 ἁλόντος
2840 950 3270 1018 ἀποπαυὸμενοι.
3312 950 3483 1002 Ἔνιοι
3521 951 3581 1002 δὲ
3635 953 3790 1019 μήτε
3841 951 4048 1021 θέρμης

2453 1036 2829 1106 ήγησαμένης,
2858 1039 2994 1106 μήτε
3032 1036 3192 1090 ἄλλου
3237 1036 3576 1106 ἀλγήματος,
3621 1039 3776 1091 ἀλλά
3814 1040 4049 1108 δρῶντες

2453 1128 2537 1179 ἔτι
2563 1126 2632 1180 τά
2665 1127 2972 1195 εἰθισμένα,
3003 1129 3141 1179 οἶκοι
3186 1125 3271 1198 [Ρ.
3305 1125 3427 1197 154]
3451 1144 3510 1179 τε
3535 1130 3635 1182 καὶ
3659 1129 3775 1183 ἀνὰ
3797 1130 3906 1191 τὰς
3925 1131 4050 1182 λεω-

2455 1218 2658 1289 φόρους
2713 1217 2859 1270 οῦτω
2931 1219 3216 1286 παρασχὸν
3270 1218 3631 1280 κατέπιπτον,
3693 1221 3804 1271 καὶ
3859 1221 4050 1290 ἀθρόον

2455 1310 2615 1364 ἄπνοι
2653 1309 2952 1377 ἐγίγνοντο,
2981 1307 3283 1378 ὦσπερτὺν
3325 1309 3556 1363 θάνατον
3608 1311 4046 1380 σχεδιάσαντες·

2457 1403 2551 1456 καὶ
2584 1401 2770 1455 ἅπασα
2798 1401 2896 1470 μὲν
2937 1399 3124 1470 ἡλικία
3159 1401 3326 1471 χύδην
3367 1401 3680 1472 ἐφθείρετο,
3720 1403 3974 1472 μάλῑπα
4001 1405 4048 1454 δὲ

2455 1494 2517 1548 τθ
2540 1493 2790 1564 ἀκμάζον
2816 1508 2877 1544 τε
2905 1493 3002 1546 καὶ
3045 1491 3306 1562 ὴὸἀσκον,
3351 1495 3445 1547 καὶ
3478 1495 3537 1546 ὲν
3575 1495 3767 1564 τούτῳ
3809 1496 3978 1546 πλέον
4007 1498 4050 1546 οἱ

2456 1587 2685 1656 ἄρρενες
2714 1602 2728 1615 ο
2751 1584 2812 1637 τὺ
2846 1584 2957 1653 γὰρ
3012 1583 3078 1654 δὴ
3127 1583 3258 1652 θῆλυ
3297 1583 3358 1636 οὒ
3418 1585 3566 1654 μάλα
3596 1584 3776 1653 ὃμοια
3823 1585 4046 1653 ἔπασχε.

2458 1678 2538 1730 Τὰ
2570 1677 2670 1747 μὲν
2695 1673 2790 1730 οὖν
2819 1674 3129 1729 παλαίτατα
3153 1676 3262 1728 τῶν
3295 1677 3613 1743 Αἰγυπτίων
3647 1677 3847 1744 λόγια,
3891 1680 3984 1730 καὶ
4006 1680 4049 1730 οἱ

2459 1769 2608 1839 παρὰ
2638 1768 2876 1838 Πέρσαις
2910 1767 2990 1820 ἔτι
3011 1767 3110 1836 τῆς
3137 1766 3250 1819 τῶν
3275 1767 3570 1837 μετεώρων
3620 1769 3913 1839 κινήσεως
3933 1769 4051 1838 δαη-

794 1851 849 1905 in
893 1851 1106 1905 inlinito
1137 1865 1252 1906 aevo
1284 1852 1447 1906 simul
1484 1853 1612 1906 ferri
1642 1864 1912 1917 asserunt,
1951 1855 2112 1912 modo
2137 1855 2354 1925 quidem
2387 1839 2430 1898 Β

2394 1839 2430 1898 Β
2461 1861 2798 1932 μονέστατοι,
2833 1859 3040 1930 χρόνων
3070 1858 3236 1911 τινῶν
3285 1859 3568 1930 περιόδους
3615 1861 3682 1911 ἰν
3728 1860 3819 1928 τῷ
3847 1862 4048 1929 ἀπείρῳ

793 1947 966 2001 houas
1007 1962 1072 2000 ac
1101 1945 1313 2011 felices,
1345 1948 1507 2000 modo
1534 1956 1713 2001 autem
1744 1963 1938 2016 pravas
1966 1957 2022 2003 et
2051 1947 2351 2003 infaustas:

792 2053 915 2094 esse
945 2054 1073 2092 vero
1101 2051 1424 2108 praesentem
1457 2039 1850 2093 revolutioneui
1884 2057 1948 2094 ex
1976 2040 2227 2109 pessimis
2253 2040 2359 2095 illis

792 2141 957 2200 atque
983 2129 1258 2185 infaustis.
1301 2129 1438 2184 lline
1470 2146 1601 2201 ergo
1627 2139 1681 2184 et
1712 2131 1848 2184 bella
1882 2132 2085 2201 passim
2128 2142 2183 2186 et
2215 2133 2359 2186 sedi—

792 2222 972 2277 tiones
1022 2223 1247 2278 urbibus
1300 2223 1432 2276 oriri
1484 2234 1652 2290 atque
1687 2222 2022 2279 invalescere
2045 2263 2061 2288 ,
2099 2235 2154 2280 et
2190 2225 2358 2294 pesti-

793 2314 968 2368 lentes
1011 2315 1230 2368 morbos
1279 2329 1374 2384 per
1417 2313 1646 2368 multum
1693 2325 1906 2382 tempus
1957 2316 2156 2369 durare
2199 2325 2360 2386 atque

793 2408 1182 2462 adhaerescere.
1215 2406 1319 2461 Alii
1349 2422 1477 2462 vero
1501 2407 1754 2461 interitus
1773 2422 1994 2461 causam
2023 2406 2091 2460 ad
2120 2406 2358 2460 divinam

793 2501 932 2555 iram
963 2498 1226 2563 referunt,
1259 2515 1382 2566 qua“:
1405 2499 1627 2553 humani
1656 2499 1865 2567 generis
1901 2508 2120 2567 peccata
2151 2499 2359 2568 puniat,

793 2591 1311 2659 multitudinemque
1357 2591 1620 2644 succidat.
1671 2590 1752 2644 Me
1817 2605 1944 2644 vero
2002 2591 2070 2645 de
2131 2600 2362 2659 utraque

793 2684 1046 2752 opinione
1071 2682 1317 2752 judicare
1337 2682 1718 2751 veriuremque
1760 2682 2051 2737 decernere
2081 2682 2216 2736 nihil
2239 2685 2362 2737 atti-

795 2780 922 2832 net.
972 2774 1053 2826 vel
1092 2774 1235 2842 quod
1271 2774 1519 2826 uesciam’
1553 2773 1800 2835 fortasse,
1842 2772 1946 2838 vel,
1986 2774 2201 2826 etiamsi
2225 2773 2362 2828 forte

792 2865 988 2926 sciam,
1022 2881 1210 2934 parum
1245 2875 1423 2918 tamen
1458 2865 1826 2920 necessarium
1870 2865 1922 2918 id
1947 2880 2222 2930 censeam,
2266 2882 2361 2920 ue-

791 2970 900 3026 que
950 2956 1196 3025 prteseuti
1237 2956 1543 3010 tractationi
1584 2965 2030 3010 consentaneum.
2095 2955 2152 3008 Si
2215 2959 2358 3012 enim

793 3047 1032 3102 breviter
1070 3063 1191 3115 quae
1235 3047 1556 3103 acciderunt
1599 3047 2065 3114 commemoravi,
2119 3048 2361 3105 historia:

793 3138 897 3210 legi
937 3138 1198 3194 satisfeci.

865 3392 955 3447 ll.
995 3391 1121 3446 llzec
1165 3405 1294 3444 vero
1327 3405 1450 3445 cum
1499 3391 1570 3443 ita
1611 3390 1977 3455 accidissent,
2027 3390 2130 3454 alia
2194 3389 2356 3444 etiam

793 3481 1043 3554 quadam
1079 3496 1174 3551 per
1205 3481 1257 3535 id
1291 3491 1504 3550 tempus
1529 3482 1581 3534 in
1608 3483 1741 3536 urbe
1765 3492 2062 3536 evenerunt
2094 3483 2360 3536 tumultus

793 3590 862 3631 ac
906 3572 1336 3644 perturbationis
1379 3575 1558 3642 plena,
1593 3587 1772 3642 neque
1807 3573 2008 3639 minus,
2046 3589 2206 3643 quam
2239 3587 2361 3643 qua:

793 3666 1054 3730 diximus,
1085 3665 1302 3720 acerba.
1339 3662 1531 3731 Qualia
1571 3672 1748 3718 autem
1779 3664 1892 3719 haec
1925 3663 2148 3730 fuerint,
2175 3665 2358 3720 statim

793 3758 996 3823 dicam,
1041 3758 1086 3813 si
1131 3757 1282 3828 prius
1317 3757 1553 3811 breviter
1585 3755 1878 3811 vetustiora
1914 3755 2162 3827 quaedam
2214 3773 2362 3812 com-

796 3863 1192 3905 memoravero.
1237 3847 1558 3903 llunuorum
1602 3863 1734 3917 gens
1771 3849 1898 3902 olim
1943 3850 2161 3918 quidem
2207 3849 2362 3905 habi-

798 3941 932 3996 tavit
963 3941 1108 3997 circa
1142 3957 1261 3995 eam
1293 3939 1557 3995 Mmtidis
1591 3939 1804 4010 paludis
1831 3950 2062 4012 partem,
2085 3957 2206 4010 quae
2231 3942 2364 3996 sub-

798 4034 1048 4088 solanum
1094 4042 1312 4087 ventum
1372 4048 1564 4088 versus
1603 4040 1834 4101 spectat,
1875 4045 2138 4104 erantque
2190 4031 2360 4090 Tanai

798 4125 1022 4180 flumine
1063 4126 1239 4196 magis
1268 4125 1755 4195 septentrionales;
1799 4126 2260 4195 quemadmodum
2311 4134 2364 4178 et

797 4218 916 4271 alia:
971 4217 1216 4271 barbarae
1276 4218 1568 4280 nationes,
1635 4227 1899 4286 quotquot
1955 4217 2099 4272 intra
2155 4215 2359 4270 Imaum

799 4320 1042 4364 montem
1084 4311 1136 4363 in
1176 4309 1304 4362 Asia
1333 4310 1714 4362 consederunt.
1744 4309 1809 4362 lli
1835 4326 1961 4363 vero
1989 4327 2178 4364 omnes
2203 4309 2365 4380 300

797 4402 1160 4456 communiter
1184 4401 1403 4470 quidem
1445 4399 1659 4472 Scytha:
1700 4413 1752 4455 et
1783 4401 1960 4455 llunui
1997 4403 2360 4466 vocabantur;

2457 1953 2614 2006 αίῶνι
2639 1949 3018 2023 συμφέρεσθαι
3053 1949 3296 2018 λέγουσι·
3342 1949 3439 2003 νῦν
3481 1950 3584 2018 μὲν
3621 1951 3858 2018 ἀγαθὰς
3887 1952 3934 1983 ⁸³
3965 1953 4047 2004 καί

2457 2044 2802 2114 εὐδαίμονας,
2827 2042 2922 2096 νῦν
2950 2041 3007 2094 δὲ
3031 2040 3312 2113 μοχθηρὰς
3336 2041 3382 2072 δ’
3409 2039 3506 2094 καὶ
3527 2043 3896 2112 ἀποφράδας,
3922 2039 4047 2094 εἷναί

2457 2153 2518 2190 τε
2542 2136 2643 2206 τὴν
2681 2133 2963 2206 παροῦσαν
3003 2131 3309 2202 περιφορὰν
3355 2134 3420 2186 ἐκ
3450 2133 3562 2184 τῶν
3593 2135 3893 2186 κακίστων
3914 2136 4046 2186 ἐκεί-

2459 2246 2566 2281 νων
2616 2227 2715 2280 καὶ
2761 2225 3036 2280 ἀπαισίων
3061 2242 3074 2254 ·
3110 2222 3364 2276 ἐντεῦθεν
3414 2224 3720 2296 τοιγαροῦν
3779 2225 4049 2294 πολέμους

2457 2338 2517 2372 τε
2555 2317 2869 2388 ἁπανταχοῦ
2899 2314 3250 2383 ξυνίστασθαι
3276 2315 3371 2368 καὶ
3414 2315 3640 2376 στάσεις
3680 2318 3814 2378 ταῖς
3847 2316 4046 2381 πόλεσι,

2461 2410 2651 2467 καὶτὰ
2693 2409 2930 2480 λοιμώδη
2982 2407 3126 2477 παθη
3163 2406 3364 2477 μόνιμά
3405 2423 3465 2458 τε
3513 2401 3661 2459 εἶναι
3706 2408 3809 2460 καὶ
3846 2425 4047 2476 συνημ-

2462 2505 2619 2576 μένα.
2652 2503 2864 2574 Ἕτερος.
2903 2501 2957 2554 δὲ
2988 2503 3157 2571 ὀργὴν
3184 2498 3280 2552 τοῦ
3326 2498 3642 2570 κρείττονος
3688 2498 3887 2551 αἰτίαν
3916 2495 4048 2551 εἷναί

2460 2615 2592 2668 φασι
2619 2598 2717 2667 τῆς
2766 2596 2997 2665 φθορᾶς,
3041 2591 3334 2663 μετιοῦσαν
3386 2591 3556 2657 divite;
3594 2591 3668 2642 τὰ
3713 2591 3816 2644 τοῦ
3847 2591 4049 2661 ἀνθρω-

2459 2692 2614 2742 πείου
2643 2691 2833 2756 γένους
2866 2686 3202 2756 ἀδικήματα,
3236 2685 3330 2737 καὶ
3377 2685 3438 2736 τὸ
3486 2683 3699 2752 πλῆθος
3743 2685 4048 2752 ὑποτεμνο-

2463 2781 2650 2851 μένην.
2693 2777 2847 2848 Ἐμοὶ
2874 2776 2932 2828 δὲ
2963 2777 3178 2846 διαιτᾷν
3223 2775 3462 2844 ἑκατέρᾳ
3501 2774 3634 2846 δόξῃ
3683 2775 3788 2826 καὶ
3815 2774 4049 2842 ἀποφαί-

2459 2871 2646 2922 νεσθαι
2673 2869 2769 2938 τὴν
2798 2866 3172 2936 ἀληθεστάτην
3203 2867 3304 2918 οὐκ
3355 2865 3712 2934 ἐγχειρητέα,
3756 2865 3928 2933 τυχὸν
3958 2863 4048 2932 μὲν

2458 2962 2580 3016 οὐδὲ
2618 2958 2988 3029 ἐπισταμένῳ,
3030 2958 3192 3028 τυχὸν
3237 2957 3316 3023 δὲ,
3347 2958 3398 3009 εἰ
3440 2957 3488 2987 ⁸⁸
3517 2956 3609 3008 καὶ
3657 2957 3900 3025 εἰδείην,

2458 3054 2558 3107 οὐκ
2581 3052 2623 3083 ⁸⁸
2660 3054 2954 3119 ἀναγκαῖον
2991 3048 3152 3102 τοῦτό
3203 3065 3268 3118 γε
3312 3044 3454 3101 εἶναι
3509 3047 3735 3111 δοκοῦν,
3793 3049 3927 3100 οὐδὲ
3978 3047 4049 3116 τῷ

2463 3144 2691 3215 παρόντι
2731 3142 2875 3212 λόγῳ
2931 3141 3208 3211 προσῆκον
3244 3157 3258 3170 ⁶
3291 3140 3454 3211 μόνου
3497 3141 3607 3211 γάρ
3632 3156 3730 3208 μοι
3756 3139 3857 3191 τοῦ
3915 3156 4046 3208 συμ-

2464 3235 2757 3305 ϐεϐηκότος
2785 3235 2836 3287 ει
2873 3233 2968 3286 καὶ
3005 3233 3094 3286 διά
3136 3231 3386 3303 βραχέων
3429 3230 3866 3302 ἐπιμνησθέντι,
3897 3233 3930 3283 ὁ
3961 3233 4050 3300 τῆς

2461 3327 2704 3398 ἱστορίας
2737 3325 3201 3395 ὲκτεθεράπευται
3229 3324 3416 3392 νόμος.

2533 3423 2622 3471 ια’.
2652 3417 2695 3468 Τ
2698 3419 2871 3468 ούτων
2899 3414 2957 3467 δὲ
2981 3411 3124 3465 οὕτω
3150 3412 3599 3482 ξυνενεχθέντων,
3626 3411 3937 3480 ἐπεγένετο
3959 3411 4049 3464 καὶ

2459 3508 2593 3563 ἀλλα
2619 3509 2757 3560 ἄττα
2781 3509 2848 3576 τῇ
2882 3505 3032 3558 πόλει
3065 3503 3186 3556 κατ’
3215 3507 3391 3556 έκεῖνο
3414 3501 3508 3555 τοῦ
3536 3504 3762 3574 καιροῦ,
3799 3503 4047 3574 ταραχῆς

2459 3615 2516 3652 τε
2543 3601 2636 3651 καὶ
2671 3596 2899 3668 θορύϐου
2930 3597 3231 3664 ἀνάμεστα,
3256 3595 3349 3646 καὶ
3386 3592 3485 3662 οὐχ
3524 3589 3701 3664 ἧσσον
3750 3594 3870 3646 τῶν
3904 3596 4049 3664 είρῃ-

2463 3691 2640 3761 μένων
2670 3690 2998 3759 ἀνιαρότατα
3031 3689 3099 3740 ⁸³.
3141 3688 3330 3739 ὐποία
3353 3687 3411 3740 δὲ
3439 3686 3617 3740 ταῦτά
3646 3689 3830 3750 ἐστιν,
3854 3687 4048 3739 αὐτίκα

2461 3785 2484 3835 ὲ
2494 3783 2591 3853 ρῶ,
2621 3782 2791 3851 βραχύ
2821 3797 2874 3834 τι
2905 3780 3166 3850 πρότερον
3193 3777 3479 3842 διεξελθὼν
3507 3778 3618 3830 τῶν
3643 3777 4042 3848 ἀρχαιοτέρων.

2462 3876 2526 3928 Οἱ
2559 3867 2748 3926 Οῦννοι
2777 3870 2839 3924 τὸ
2882 3869 3061 3938 γένος,
3103 3870 3168 3923 τὸ
3220 3870 3320 3939 μὲν
3375 3869 3603 3922 παλαιὸν
3633 3867 3933 3936 κατῴκουν
3953 3866 4046 3933 τῆς

2462 3962 2768 4024 Μαιώτιδος
2805 3961 3002 4030 λίμνης
3032 3958 3105 4013 τά
3135 3959 3271 4030 πρὸς
3314 3958 3634 4028 ἀπηλιώτην
3678 3957 3918 4026 ἄνεμον,
3959 3956 4050 4008 καὶ

2461 4047 2601 4123 ἦσαν
2627 4051 2721 4102 τοῦ
2751 4050 3010 4113 Τανάἴδος
3050 4047 3296 4118 ποταμοῦ
3326 4045 3748 4118 ἀρκτικώτεροι,
3787 4044 4050 4114 καθάπερ

2465 4144 2558 4197 καὶ
2578 4143 2647 4196 τὰ
2674 4141 2808 4197 ἄλλα
2837 4140 3089 4212 βάρϐαρα
3139 4139 3292 4210 ἔθνη,
3340 4139 3513 4192 ὁπόσα
3552 4136 3703 4199 ὲντδς
3750 4137 3966 4206 Ἰμαίον
4002 4137 4046 4168 ⁸³

2463 4235 2621 4305 ὅρους
2651 4234 2755 4288 ἀνά
2781 4233 2879 4304 τὴν
2920 4233 3103 4285 Ἀσίαν
3132 4230 3429 4300 ἐτύγχανον
3469 4229 3749 4300 ἱδρυμένα.
3791 4224 3962 4282 Οὗτοι
3988 4227 4040 4280 δὲ

2465 4327 2696 4388 ἆ..αντε.,
2727 4327 2877 4394 κακῇ
2906 4325 3005 4393 μὲν
3023 4322 3228 4376 Σκύθαι
3249 4324 3342 4376 καὶ
3360 4314 3551 4375 οὖννοι
3578 4321 4004 4388 ἑπωνομάζοντο
4022 4333 4035 4346 ⁶

2467 4419 2571 4487 ἰδίᾳ
2591 4417 2648 4469 δὲ
2676 4416 2814 4469 κατά
2835 4417 2990 4485 γένη,
3018 4416 3080 4466 τὸ
3119 4416 3218 4484 μέν
3253 4432 3305 4466 τι
3341 4414 3521 4465 αὐτῶν
3572 4411 3943 4481 Κοτρίγουροι
3971 4411 4034 4469 ⁸⁸,

801 4497 1056 4567 privatim
1091 4507 1272 4551 autem
1316 4496 1616 4552 secundum
1666 4497 1939 4556 nationes.
1979 4497 2222 4550 nonnulli
2270 4513 2362 4549 eo-
2394 4532 2440 4590 ο

2394 4532 2440 4590 D
2466 4510 2526 4561 τὸ
2561 4509 2617 4562 δὲ
2663 4508 3002 4577 Οὑτίγονροι,
3048 4505 3196 4559 ἄλλοι
3241 4504 3300 4557 δὲ
3340 4503 3706 4571 Οὺλτίζουροι,
3749 4504 3850 4552 καὶ
3893 4500 4033 4554 ἄλλοι

813 4606 917 4644 ·υιιι
959 4589 1256 4658 Cotriguri,
1310 4590 1398 4643 alii
1433 4589 1667 4660 Utiguri,
1701 4589 1792 4642 alii
1821 4605 1946 4642 vero
1983 4589 2230 4649 Ultizuri.
2268 4589 2358 4641 alii

796 4687 959 4741 etiam
995 4686 1309 4756 Buruguudi
1349 4685 1687 4751 dicebantur,
1748 4685 1838 4739 alii
1885 4685 2039 4739 aliter
2077 4701 2141 4738 ex
2187 4684 2358 4754 patria

800 4781 997 4848 cuique
1041 4790 1201 4848 atque
1246 4780 1444 4833 usitata
1504 4778 1865 4848 appellatione
1915 4779 2356 4834 nominabantur.

801 4870 984 4926 Multis
1025 4883 1206 4924 autem
1247 4881 1431 4940 postea
1465 4871 1680 4925 saeculis
1719 4872 2054 4924 transierunt
2086 4871 2139 4924 in
2179 4869 2357 4924 Euro-

798 4978 959 5032 pam;
990 4962 1102 5016 sive
1154 4978 1336 5014 revera
1377 4979 1406 5015 a
1457 4977 1616 5016 cervo
1651 4961 1912 5032 quodam.
1944 4971 2002 5015 ut
2042 4960 2183 5014 fama
2233 4977 2357 5030 per-

813 5054 1042 5114 crehuit.
1087 5053 1320 5122 primum
1355 5055 1519 5119 ducti,
1551 5053 1662 5108 sive
1703 5055 1807 5108 alia
1845 5056 2098 5123 quapiam
2143 5053 2360 5106 fortuna

803 5147 886 5200 usi
906 5186 920 5208 ,
948 5155 1004 5200 et
1044 5147 1340 5201 Blaeotideni
1388 5147 1657 5215 paludem,
1683 5163 1790 5215 qua
1827 5156 1978 5216 parte
2009 5146 2061 5198 iu
2091 5144 2359 5198 Euxinum

805 5247 1028 5308 pontum
1058 5237 1246 5301 fertur,
1283 5257 1404 5292 cum
1431 5251 1584 5292 antea
1629 5238 1798 5308 trajici
1828 5253 2169 5308 nequaquam
2200 5253 2358 5306 posse

816 5332 1163 5392 crederetur,
1205 5343 1328 5384 lum:
1379 5341 1522 5386 certe
1576 5347 1896 5402 quocunque
1939 5332 2156 5384 tandem
2201 5328 2362 5382 modo

2471 4600 2884 4669 Βουρούγουνδοι
2909 4617 2924 4632 ο
2956 4597 3050 4651 καὶ
3087 4596 3236 4650 ἄλλοι
3276 4596 3352 4660 ὡς
3385 4595 3451 4649 ἂν
3496 4596 3675 4655 αὐτοῖς
3717 4594 3954 4665 πάτριόν
3977 4609 4032 4643 τε

2466 4688 2534 4763 ἦν
2562 4692 2656 4745 καὶ
2702 4690 3026 4761 εἰθισμένον.
3081 4691 3299 4752 Γενεαίς
3339 4687 3396 4740 δὲ
3425 4685 3646 4747 πολλαῖς
3700 4683 3937 4753 ὕστερον
3959 4684 4032 4734 δι-

2466 4783 2670 4852 έϐησαν
2699 4784 2754 4844 ἐς
2773 4782 2869 4850 τὴν
2909 4780 3198 4852 Εὐρώπην,
3227 4781 3334 4832 εἴτε
3362 4778 3438 4842 ὡς
3476 4777 3690 4846 ἀληθῶς
3726 4776 3937 4843 ἐλά-,του
3963 4793 4036 4828 τε·

2469 4873 2556 4935 νὸς
2589 4873 2728 4924 κατά
2749 4871 2906 4924 τοῦτο
2931 4871 2995 4940 δὴ
3030 4871 3092 4924 τὸ
3143 4871 3538 4941 θρυλλούμενον
3586 4869 3862 4938 ταπρῶτα
3904 4872 4034 4938 im;-

2471 4963 2738 5032 σαμένης,
2769 4963 2878 5014 εἴτε
2913 4963 3004 5014 καὶ
3042 4961 3231 5031 ἀλλοία
3267 4963 3599 5031 χρησάμενοι
3623 4957 3786 5030 τύχῃ,
3821 4962 4034 5028 auiti?

2471 5055 2667 5126 ἐκροὴν
2695 5055 2792 5123 τῆς
2823 5055 2868 5084 ⁸³
2900 5054 3096 5123 λίμνης
3118 5053 3215 5122 τὴν
3243 5055 3301 5116 ἐς
3327 5053 3419 5106 τὸν
3450 5052 3695 5116 Εὔξεινον
3729 5051 3929 5105 πόντον
3954 5069 4035 5121 σε·

2475 5148 2727 5218 ρομένην.
2769 5147 2974 5216 ἄπορον
3003 5147 3142 5208 τέως
3165 5145 3457 5210 δοκοῦσαν,
3487 5145 3606 5198 τότε
3647 5144 3714 5216 δὴ
3756 5145 3966 5214 ὁτῳοῦν
3992 5144 4032 5175 ³⁸

2469 5243 2657 5312 τρόπῳ
2685 5240 3191 5310 διαπεραιωθέντες,
3232 5240 3500 5311 ἀλώμενοι
3533 5240 3590 5292 δὲ
3619 5241 3771 5309 ὅμως
3798 5239 3913 5293 ἀνά
3940 5239 4032 5307 τὴν

2469 5333 2702 5398 ὀθνείαν,
2758 5334 2984 5386 πλεῖστα
3046 5334 3145 5386 ὅσα
3213 5333 3273 5386 τὸ
3349 5331 3591 5400 ίθαγενὲς
3667 5332 4027 5400 ἐλυμήναντο,

2074 5507 2302 5562 VARUS
2365 5507 2764 5564 LEtLTIONES.

881 5666 926 5698 δ’
964 5666 1185 5736 τελευτῇ
1223 5667 1422 5721 excidit
1453 5669 1506 5721 in
1531 5667 1648 5722 Par.

881 5666 926 5698 δ’
964 5666 1185 5736 τελευτῇ
1223 5667 1422 5721 excidit
1453 5669 1506 5721 in
1531 5667 1648 5722 Par.
1726 5671 1768 5700 "'
1805 5671 2009 5736 ἀγαθὰ,
2042 5673 2108 5734 Β,
2143 5671 2379 5736 ἀγαθοὺς
2410 5671 2556 5741 vulg.
2633 5673 2676 5704 ⁸⁹
2708 5669 2986 5741 μοχθηρὰς
3005 5666 3070 5726 Β.
3107 5669 3411 5776 μοχθηροὺς
3438 5672 3579 5740 vulg.

802 5738 844 5768 δι
878 5736 973 5776 m'rl
999 5739 1419 5776 ιιιημι-ςιινίιιιηιη
1446 5738 1497 5776 in
1528 5738 1565 5776 P.
1599 5756 1625 5776 ω
1667 5757 1754 5776 νη..
1811 5758 1858 5776 ιη
1957 5743 2000 5774 δι
2038 5740 2377 5776 ,δυηι-..ῐι-η--π
2419 5741 2456 5776 n
2573 5742 2620 5772 ⁸³
2653 5742 2858 5776 Ἰηηιη..
2892 5737 2930 5776 Ω
3031 5738 3077 5769 l3
3111 5741 3256 5776 κομι.
3280 5756 3460 5776 νηηηυ
3504 5752 3552 5776 ..ι

878 5738 975 5811 οὐκ
998 5739 1419 5811 stipel's't't‘ipltlttl
1446 5738 1498 5791 iu
1527 5738 1570 5791 ιι
1597 5756 1625 5790 a
1667 5757 1774 5797 rec.
1811 5758 1880 5794 in.
1957 5743 2000 5774 δ’
2037 5740 2380 5811 ἁνιαρώτατα
2419 5741 2482 5794 Β.

3655 5672 3701 5702 ³⁸
3735 5672 3784 5721 εἰ
3812 5684 3928 5725 om.
3961 5668 4019 5720 Β.

2573 5742 2620 5772 ⁸³
2653 5735 2956 5810 Ἰμαίὸυᾚ.
3031 5735 3463 5810 ’δᾴκοτρίγουροι
3504 5735 3558 5798 οῖ
3597 5742 3924 5809 Οῦτίγουροι
3960 5735 4020 5799 Β,

804 5807 1122 5880 Κοτρίγοροι
1148 5816 1204 5862 et
1238 5809 1518 5880 Οὺτίγοροι
1554 5811 1697 5880 vulg.
1771 5813 1816 5842 ⁸³
1851 5814 1942 5881 τὴς
1967 5831 2076 5868 om.
2109 5805 2178 5866 ιιξ
2249 5812 2294 5843 ⁸⁶
2315 5808 2405 5865 οὖν
2436 5812 2541 5867 ius.
2573 5811 2616 5867 ll
2641 5805 2760 5882 pust
2795 5811 2880 5880 δὴ,
2906 5809 3030 5866 fort.
3063 5805 3157 5865 οῦν
3188 5805 3379 5880 ὁτῳδή.
