4188 6438
198 389 322 457 ιδδι

1359 371 1894 436 HISTORIARUM
1945 371 2092 431 LIB.
2132 372 2197 430 V.

3269 358 3404 428 1562

192 497 572 572 ἀπροσδόκητα
601 489 1024 565 προσπεσόντες,
1051 488 1127 552 ὡς
1161 485 1274 550 καὶ,
1301 485 1426 547 τοὺς
1450 480 1749 554 προτέρους
1778 487 1823 542 Α

1778 487 1823 542 Α
1857 479 2226 549 trajicieutes,
2286 484 2340 531 et
2401 491 2495 546 per
2547 476 2723 530 aliena
2774 483 3059 545 vagantes,
3107 476 3405 530 innumeris

192 592 477 662 οίκήτορας
521 584 912 648 ἀπελάσαντες,
963 579 1119 634 αὐτοὶ
1170 576 1270 648 τὴν
1329 575 1553 628 ἐκείνων
1617 587 1746 625 κατ-

199 687 361 757 έχειν.
399 678 670 751 Ἥμελλον
693 675 751 730 δὲ
779 675 890 746 ἄρα
926 671 1027 727 οὐκ
1063 671 1160 724 ἐπὶ
1186 668 1530 740 μακρότατον
1559 663 1749 757 διαμό-

192 755 323 836 νειν,
353 769 486 825 ἀλλά
523 766 807 840 πρόρριζοι
830 765 920 828 τὸ,
943 762 1251 833 λεγόμενον.
1281 757 1618 814 ἀπολεῖσθαι.
1643 755 1750 808 Αὐε-

192 863 316 916 τίκα
361 859 446 933 [Ρ.
487 857 615 930 155]
659 855 791 925 γοῦν
838 850 1255 922 Οὑλτίζουροί⁸’
1279 865 1338 902 τε
1379 848 1472 901 καὶ
1519 843 1753 915 Βουρού-

194 949 404 1020 γουνδοι
437 947 601 1019 μέχρι
649 944 749 1016 μὲν
803 944 1031 1004 Λέοντος
1063 939 1159 994 τοῦ
1204 937 1603 1008 αὐτοκράτορος
1656 935 1753 988 καὶ

193 1040 302 1092 τῶν
331 1039 388 1092 ἐν
415 1037 493 1107 τῷ
516 1036 637 1090 τότε
677 1033 960 1104 Ῥωμαίων
985 1029 1254 1102 γνὼριμοί
1280 1045 1339 1081 τε
1387 1028 1630 1099 ὑπῆρχον
1660 1026 1753 1078 καὶ

195 1131 416 1201 ἄλκιμοι
449 1125 588 1183 εἶναι
628 1127 846 1180 ἐδόκουν
871 1141 886 1155 ο
921 1126 1079 1194 ήμεῐς
1106 1123 1165 1176 δέ
1200 1122 1250 1175 oi
1295 1120 1390 1174 νῦν
1429 1117 1552 1172 οὕτε
1599 1116 1755 1186 ἴσμεν

196 1222 412 1285 αὐτοὺς,
442 1219 586 1286 οὔτε,
620 1215 774 1288 οἶμαι
803 1217 870 1281 ⁸⁸,
895 1215 1172 1285 εἰσόμεθα,
1196 1212 1358 1283 τυχὸν
1388 1209 1490 1282 μέν
1526 1207 1756 1278 διαφθα-

199 1313 410 1384 ρέντας,
463 1311 624 1382 τυχὸν
665 1310 721 1363 δὲ
767 1308 842 1372 ὼς
897 1307 1232 1377 πορρωτάτω
1291 1301 1753 1375 μεταναστάντας.

209 1403 448 1457 Ἐκείνου
473 1419 537 1471 τε
578 1403 685 1472 μὴν
723 1400 817 1454 τοῦ
863 1399 1038 1463 ἔτους,
1084 1400 1142 1452 ἐν
1163 1391 1292 1469 ᾧδὴ
1334 1395 1471 1467 ἔφην
1515 1396 1614 1467 τὴν
1650 1397 1759 1450 λοι-

203 1492 352 1564 μώδη
383 1493 536 1545 νόσον
557 1494 622 1562 τῇ
653 1491 805 1543 πόλει
851 1487 1141 1558 ἐνσκῆψαι,
1183 1487 1254 1540 τά
1289 1487 1453 1539 λοιπὰ
1484 1485 1593 1539 τῶν
1631 1484 1761 1539 Οῦν-

197 1603 307 1639 νων
343 1586 473 1654 γένη
503 1582 736 1647 ἐσώζετο
763 1583 830 1647 ”,
883 1582 978 1634 καὶ
1017 1576 1158 1652 ἦσαν
1204 1579 1283 1632 ἔτι
1328 1579 1755 1646 ὀνομαστότατα.

201 1678 497 1738 Κατιόντες
517 1676 576 1728 δέ
599 1676 746 1744 ὅμως
771 1675 821 1727 οἱ
839 1673 1030 1727 υῦννοι
1050 1675 1106 1735 ἐς
1121 1671 1189 1725 τά
1204 1671 1341 1742 πρὸς
1360 1671 1512 1724 νότον
1537 1669 1628 1724 άνε
1638 1687 1758 1740 μον,

197 1764 266 1818 οὐ
318 1765 506 1836 πόρρω
521 1762 621 1832 τῆς
641 1762 807 1832 ὄχθης
829 1761 926 1815 τοῦ
957 1763 1169 1832 Ἴστρου
1193 1760 1440 1830 ποταμοῦ
1457 1760 1759 1831 ηὐλίζοντο,

1848 569 2068 625 damnis
2111 569 2398 639 indigenas
2421 564 2734 628 affecerunt,
2771 565 3049 633 inopinato
3077 581 3172 621 eos
3201 565 3408 632 adorti;

1848 660 1986 716 adeo
2013 668 2094 726 ut,
2125 659 2400 730 prioribus
2445 656 2875 711 habitationibus
2901 655 3109 724 ejectis,
3154 656 3254 724 ipsi
3291 655 3412 710 illo-

1849 768 1970 807 rum
2009 751 2270 806 ditionem
2309 748 2650 817 occuparint.
2683 749 2736 802 in
2768 763 2874 817 qua
2910 757 3088 800 tamen
3125 763 3230 802 non
3260 748 3412 801 vide-

1850 844 2052 899 bantur
2081 843 2389 898 diutissime
2411 840 2826 899 commoraturi.
2849 839 2942 892 sed
2974 838 3241 905 stirpitus,
3267 840 3410 906 quod

1852 935 2025 998 aiunt,
2061 933 2307 1003 perituri.
2345 932 2501 987 Tunc
2537 931 2720 999 itaque
2750 927 2973 982 Ultizuri
3011 940 3065 982 et
3095 926 3406 996 Burugumli

1854 1038 2029 1091 usque
2055 1023 2122 1078 ad
2152 1021 2384 1076 Leonem
2409 1021 2789 1090 imperatorem
2812 1030 2866 1072 et
2885 1019 2976 1087 qui
3007 1033 3100 1086 per
3124 1017 3177 1070 id
3199 1025 3412 1084 tempus

1853 1125 2007 1168 erant
2041 1113 2337 1177 Romanos,
2390 1112 2632 1166 celebres
2659 1111 2934 1169 exstitere.
2984 1108 3257 1177 fortesque
3285 1114 3414 1160 sunt

1857 1208 2024 1263 habiti
2058 1227 2072 1262 :
2110 1223 2210 1262 nos
2256 1222 2404 1271 vero,
2450 1205 2542 1276 qui
2596 1206 2698 1258 hac
2729 1212 2887 1258 aetate
2924 1203 3178 1267 vivimus,
3238 1214 3418 1269 neque

1855 1315 1952 1356 eos
1992 1301 2268 1362 novimus,
2295 1315 2471 1366 neque
2500 1311 2810 1360 nosccmus,
2840 1295 2982 1364 quod
3015 1295 3096 1348 vel
3124 1294 3280 1347 deleti
3307 1293 3419 1347 for-

1857 1403 2001 1448 tasse
2033 1393 2162 1452 sint.
2198 1391 2277 1443 vel
2330 1404 2490 1458 quam
2529 1387 2892 1442 remotissime
2938 1386 3063 1440 hinc
3097 1384 3253 1439 sedes
3290 1399 3419 1437 suas

1857 1483 2256 1538 transtulerint.
2289 1480 2384 1534 Illo
2419 1480 2603 1548 utique
2636 1493 2804 1541 anno,
2839 1491 2946 1546 quo
2984 1475 3291 1545 pestilentia
3325 1491 3416 1528 ur-

1857 1573 1979 1629 bem
2018 1571 2235 1635 invasit,
2269 1571 2491 1639 reliqua:
2515 1568 2831 1622 lluniiorum
2853 1577 3038 1637 gentes
3062 1565 3223 1620 salva:
3248 1565 3423 1618 adhuc

1859 1675 1914 1721 et
1941 1663 2162 1719 maximi
2186 1671 2345 1717 erant
2370 1661 2627 1715 nominis.
2650 1659 2784 1714 Cum
2809 1660 2992 1727 itaque
3017 1657 3425 1710 descendissent

1863 1756 2044 1812 llunni
2100 1757 2153 1810 in
2204 1755 2318 1808 loca
2364 1753 2430 1808 ad
2461 1762 2704 1806 austrum
2758 1750 3048 1819 vergentia,
3095 1763 3202 1802 non
3233 1748 3421 1817 procul

157 1923 164 1930 _
200 1855 367 1926 ήνίκα
391 1851 459 1926 ἦν
488 1855 670 1917 αὐτοῖς
717 1853 1080 1924 βουλομένοις.
1125 1853 1260 1906 Τότε
1310 1852 1374 1924 δὴ
1400 1847 1494 1906 οὖν
1531 1852 1624 1906 τοῦ
1647 1869 1762 1921 χει·
1793 1823 1811 1878 1

1793 1823 1835 1878 Β
1861 1849 2017 1920 301
2049 1863 2080 1902 a
2115 1848 2230 1917 ripa
2264 1846 2382 1900 Istri
2429 1844 2669 1898 flutninis
2701 1857 2768 1895 ex
2807 1842 2976 1895 animi
3021 1840 3102 1894 sui
3155 1840 3421 1894 sententia

205 1945 386 2017 μῶνος
428 1945 845 2016 ἐπιλαϐομένου,
910 1945 978 1998 τά
1029 1944 1127 2014 μέν
1167 1946 1357 2015 ῥεῖθρα
1409 1943 1561 1996 τοῦδε
1595 1943 1640 1975 ⁸⁸
1668 1943 1762 1997 τοῦ

203 2034 453 2107 ποταμοῦ
475 2035 618 2089 κατὰ
647 2036 708 2088 τὸ
723 2035 912 2097 εἰωθὸς
933 2034 1040 2088 ὑπὸ
1065 2033 1158 2086 τοῦ
1191 2032 1389 2104 κρύους
1415 2035 1689 2104 ἐπήγνυτο
1707 2035 1766 2097 ἐς

205 2128 395 2198 βάθος,
433 2129 529 2182 καὶ
563 2123 703 2199 ἦσαν
733 2127 834 2198 ἥδη
885 2125 1096 2195 σκληρά
1131 2126 1225 2178 καὶ¹
1254 2125 1459 2194 βάσιμα
1479 2125 1574 2178 καὶ
1597 2123 1767 2194 ἱππή-

204 2219 367 2275 λατα.
405 2219 688 2290 Ζαϐεργάν
714 2220 756 2250 ⁸⁸
787 2218 845 2271 δέ
885 2218 914 2270 ὁ
950 2217 1060 2272 τῶν
1113 2215 1498 2287 Κοτριγούρων
1551 2214 1767 2270 Οὓννων

204 2310 434 2382 ἡγεμὼν
488 2311 586 2365 σὺν
628 2310 902 2372 πλείστοις
957 2309 1103 2372 ὅσοις
1157 2307 1412 2372 ἱππόταις
1452 2306 1768 2378 ἐπιδραμὼν

203 2399 460 2470 καθάπερ
497 2398 689 2470 χέρσον
725 2397 824 2460 τὰς
865 2395 1036 2462 δίνας,
1069 2397 1126 2458 ἐς
1171 2393 1270 2465 τὴν
1313 2392 1602 2464 Ῥωμαίων
1649 2393 1772 2444 ἑπι-

205 2489 468 2562 κράτειαν
495 2487 839 2542 εὐκολώτατα
863 2485 1125 2540 διαϐαίνει
1145 2501 1159 2514 ·
1187 2484 1368 2556 ἔρημά
1408 2499 1469 2536 τε
1505 2481 1679 2553 εὑρὼν
1701 2481 1772 2536 τὰ

205 2579 398 2652 ἐκείνῃ
427 2578 623 2650 χωρία,
659 2578 755 2633 καὶ
783 2577 1008 2649 μηδενὸς
1040 2575 1192 2646 αὑτῷ
1238 2573 1558 2644 κωλύματος
1599 2591 1773 2643 γιγνο-

209 2669 376 2742 μένου
401 2668 507 2722 ἀνὰ
537 2669 605 2722 τά
631 2669 820 2740 πρόσω
868 2667 1238 2738 πορευομένῳ,
1293 2666 1492 2720 αὐτίκα
1524 2665 1617 2732 ὅγε
1651 2667 1771 2719 Μυ-

209 2757 337 2812 σίαν
383 2774 443 2810 τε
496 2755 590 2810 καὶ
649 2756 882 2809 Σκυθίαν
927 2755 1436 2826 παραμειψάμενος.
1477 2757 1545 2825 τῇ
1585 2755 1776 2824 θρᾴκῃ

211 2848 552 2918 προσέῦαλεν
578 2849 644 2900 ⁸³.
690 2846 955 2901 Ἐνταῦθα
975 2846 1032 2900 δὲ
1055 2843 1244 2899 διελὼν
1271 2845 1362 2898 τὸν
1386 2847 1584 2898 οἰκεῖον
1613 2861 1776 2913 στρα-

206 2937 330 3002 τὸν,
366 2937 672 3008 ἀπόμοιραν
696 2937 795 3007 μέν
819 2953 939 2990 τινα
972 2935 1212 2988 ἔστειλεν
1258 2934 1362 2988 ἀνὰ
1389 2935 1488 3005 τὴν
1526 2931 1774 2998 Ἐλλάδα,

210 3027 767 3098 καταδραμουμένους
792 3025 860 3078 τά
889 3024 1178 3092 ἀφύλακτα
1209 3022 1316 3076 τῶν
1338 3023 1464 3094 τῇδε
1488 3024 1704 3094 χωρίων
1732 3024 1777 3058 ⁸³

1863 1940 2254 1996 consederunt.
2287 1939 2427 1992 Tum
2461 1937 2642 2005 itaque
2671 1934 2883 2004 vigente
2913 1933 3092 1987 hieme
3124 1932 3322 1986 ﬂuvius
3357 1948 3423 1987 ex

1865 2047 2014 2088 more
2043 2031 2094 2085 vi
2125 2031 2342 2102 frigoris
2373 2028 2707 2098 congelatas,
2740 2027 2806 2080 ad
2830 2026 2998 2079 imum
3020 2041 3192 2095 usque
3229 2025 3424 2079 vadum

1865 2123 1937 2178 ita
1965 2120 2315 2179 obduruerat.
2345 2129 2407 2174 ut
2438 2128 2492 2174 ct
2519 2117 2859 2189 pedestribus
2893 2128 2948 2172 et
2971 2117 3310 2186 equestribus
3333 2132 3428 2170 co-

1869 2216 1972 2284 piis
1998 2214 2216 2270 transiri
2248 2221 2448 2284 posset.
2483 2211 2758 2281 Zahergan
2788 2225 2916 2265 vero
2962 2207 3303 2270 Hunnorum,
3335 2210 3424 2276 qui

1865 2306 2137 2376 Cotriguri
2171 2307 2451 2367 dit'llllllll‘,
2481 2305 2614 2370 dux,
2660 2318 2784 2356 cum
2814 2303 3081 2373 ingentem
3125 2301 3425 2370 equitatum

1867 2413 1960 2468 per
1985 2397 2185 2452 flumen
2214 2397 2432 2467 perinde
2460 2405 2622 2465 atque
2648 2409 2744 2464 per
2768 2395 3132 2449 continentem
3161 2392 3432 2447 traduxis-

1869 2495 1970 2554 set,
2001 2487 2257 2543 facillime
2283 2487 2336 2541 in
2370 2486 2674 2541 Romanum
2696 2484 2982 2554 imperium
3007 2483 3434 2553 pervenit,cum-

1869 2591 1975 2646 que
1999 2576 2202 2646 passim
2236 2591 2404 2630 vacua
2434 2576 2502 2630 ab
2531 2573 2934 2629 habitatoribus
2962 2573 3076 2626 loca
3113 2573 3430 2634 invenisset,

1871 2667 2115 2734 nihilque
2147 2668 2250 2736 ipsi
2282 2667 2672 2737 impedimento
2697 2674 2862 2729 esset,
2895 2665 3192 2733 quominus
3241 2664 3307 2718 ad
3352 2663 3436 2716 ul-

1873 2758 2071 2812 teriora
2112 2761 2552 2838 progreder-gur,
2595 2757 2777 2812 statim
2814 2756 3039 2826 Mysiam
3070 2764 3121 2810 et
3155 2755 3432 2826 Scythiam

1875 2857 2266 2918 transgressus,
2299 2850 2350 2903 in
2384 2849 2669 2903 Thraciam
2712 2849 2924 2918 irrupit.
2977 2847 3054 2902 lbi
3088 2863 3218 2903 vero
3257 2848 3438 2903 diviso

1873 2944 2147 3008 exercitu,
2193 2944 2418 2997 alteram
2452 2942 2572 3012 ejus
2613 2951 2819 3012 partem
2861 2941 2916 2995 in
2958 2940 3221 2996 διωρίσω
3268 2940 3434 3003 misit,

1875 3033 1969 3101 qui
1998 3033 2115 3088 loca
2146 3033 2330 3087 omnia
2359 3034 2525 3088 nullis
2555 3033 2821 3103 praesidiis
2850 3033 3060 3086 munita
3099 3043 3440 3103 percurreret

213 3119 317 3172 καὶ
358 3118 818 3209 λεηλατήσονταςο
867 3117 1085 3187 ἐτέρους
1120 3117 1179 3170 δὲ
1236 3119 1294 3180 ἐς
1335 3116 1435 3187 τὴν
1469 3115 1778 3187 Χερρρόνη-
1803 3151 1847 3209 c

1803 3151 1847 3209 ο
1877 3131 2038 3190 atque
2079 3133 2348 3186 vastaret;
2390 3123 2614 3176 alteram
2652 3135 2778 3176 vero
2831 3120 3106 3176 exercitus
3145 3129 3351 3191 partem
3383 3125 3437 3176 in

216 3225 317 3264 σον
351 3210 450 3281 τὴν
480 3209 723 3280 Θρᾳκίαν
756 3208 823 3262 ⁸⁸.

297 3301 383 3371 ιβ’.
435 3301 607 3369 Τῆσδε
651 3301 708 3354 δὲ
756 3300 856 3369 τῆς
886 3299 932 3331 ⁸⁸
996 3299 1340 3370 Χερῤόνησου
1375 3296 1444 3350 τὰ
1488 3295 1588 3367 μέν
1642 3295 1779 3366 πρὸς

216 3391 514 3463 ἀνίσχοντα
554 3392 706 3462 ἥλιον
765 3391 1055 3444 νενευκότα
1101 3392 1196 3445 καὶ
1254 3389 1534 3462 εὑρόνοτον
1560 3389 1778 3458 ἄνεμον,

220 3485 326 3540 καὶ
381 3485 540 3555 μέχρι
572 3483 668 3536 τοῦ
731 3483 1104 3554 μεσημϐρινοῦ
1158 3482 1383 3554 κέντρου
1442 3480 1518 3551 τῷ
1557 3482 1780 3551 Ἐλλησο

221 3576 408 3646 πόντῳ
449 3575 853 3646 παρατείνεται.
903 3575 1163 3646 Περιῤῥεῖ
1205 3573 1312 3644 γάρ
1349 3573 1533 3642 σχεδόν
1560 3589 1612 3625 τι
1641 3571 1784 3626 άπα-

225 3685 352 3729 σαν,
397 3667 492 3720 καὶ
541 3670 658 3731 ταῖς
703 3667 950 3736 καμπαῖς
994 3665 1104 3718 τῶν
1132 3666 1327 3734 ὴῖόνων
1351 3663 1786 3735 συμπεριάγεται

227 3761 428 3829 βραχεῖ
455 3776 562 3813 τινι
589 3759 746 3829 μέρει
790 3757 890 3828 τῆς
931 3756 1185 3828 ἠπείρου,
1231 3756 1325 3809 καὶ
1368 3755 1552 3825 μόνοις
1589 3769 1788 3807 τεσσα-

227 3848 472 3917 ράκοντά
499 3865 600 3902 που
639 3847 870 3910 σταδίοις
909 3846 1225 3918 εἰργόμενος
1273 3845 1365 3899 τοῦ
1410 3845 1570 3914 νῆσον
1622 3842 1790 3914 αὐτὴν

226 3937 673 4008 ἀπεργάσασθαι.
717 3937 805 3990 Ἐν
840 3936 1016 4006 τούτῳ
1052 3935 1108 3988 δέ
1141 3935 1222 4004 τῷ
1272 3934 1448 4004 ἰσθμῷ
1486 3936 1666 4003 τεῖχος
1695 3935 1788 3985 ἐκ-

229 4029 394 4083 ταδδν
418 4027 627 4098 ἵδρυται
651 4027 868 4097 ξυνεχὲς
916 4026 1002 4094 ἐφ’
1049 4024 1281 4095 ἐκατέρα
1329 4023 1566 4095 θαλάττῃ
1591 4023 1791 4093 1:906:-

231 4117 504 4190 ϐλημένον
526 4134 540 4149 ο
574 4117 756 4182 πόλεις
774 4134 832 4171 τε
864 4115 1072 4170 ἔνδοθεν
1092 4113 1240 4186 αὐτῷ
1277 4114 1722 4184 προσπεπηγυῖαι
1748 4113 1793 4146 ⁸⁸

229 4209 617 4281 τυγχάνουσιν.
661 4208 1000 4278 Ἀφροδισιάς
1045 4223 1102 4260 τι
1161 4206 1257 4260 καλ⁵
1297 4205 1508 4277 Θῆσκος
1549 4206 1644 4259 καὶ
1690 4204 1793 4258 Κί-

235 4299 423 4372 σηρις.
452 4299 672 4357 Τούτων,
706 4299 763 4352 δέ
798 4300 873 4362 ὼς
923 4297 1193 4352 ἀπωτάτω
1236 4295 1373 4365 ἀμφ’
1403 4295 1567 4349 αὐτὸν
1623 4294 1792 4365 δήπου

232 4389 336 4446 τὸν
370 4389 613 4463 πορθμὸν
649 4388 745 4443 καὶ
777 4389 901 4450 τοὺς
941 4385 1274 4456 παρακτίους
1314 4386 1567 4453 ἀγκῶνας
1594 4386 1794 4455 Σηστός

1878 3212 2276 3268 Chersonesum
2308 3212 2628 3267 Thracicum
2658 3211 2829 3268 misit.

1948 3303 2036 3358 12.
2075 3302 2248 3374 Hujus
2297 3313 2473 3358 autem
2515 3302 2841 3359 Chersonesi
2893 3319 3015 3374 qua:
3063 3303 3130 3359 ad
3175 3304 3439 3359 orientem

1879 3395 2046 3450 solem
2076 3403 2131 3449 et
2159 3405 2482 3450 eurouotum
2515 3403 2733 3448 ventum
2765 3403 3025 3465 vergunt,
3071 3407 3124 3448 et
3166 3396 3231 3449 ad
3277 3396 3442 3450 meri-

1880 3487 2100 3541 dianum
2143 3502 2314 3556 usque
2351 3497 2610 3556 punctum
2651 3487 2794 3541 circa
2831 3486 3231 3556 l-lellespoutum
3273 3489 3445 3556 porri-

1882 3578 2062 3648 gitur;
2117 3576 2444 3633 circumﬂuit
2494 3578 2637 3632 enim
2690 3587 2858 3632 totam
2919 3579 3345 3649 propemodum,
3393 3589 3445 3634 et

1883 3669 2109 3724 ﬂexibus
2135 3668 2374 3723 Iittorum
2409 3682 2512 3721 una
2545 3669 2951 3738 circumagitur,
2990 3669 3184 3738 exigua
3210 3671 3441 3741 quadam

1885 3761 2204 3815 continentis
2235 3759 2511 3828 portione,
2539 3762 2641 3813 hoc
2667 3767 2752 3813 est
2787 3760 2922 3815 solis
2957 3761 3311 3830 quadraginta
3336 3771 3448 3815 sta-

1887 3849 2028 3914 diis,
2073 3850 2346 3916 exclusus,
2393 3850 2682 3917 quominus
2725 3849 2957 3904 insulam
3003 3850 3184 3905 faciat.
3236 3849 3292 3904 In
3347 3850 3450 3906 hac

1889 3954 2018 3994 vero
2061 3939 2246 3994 isthmi
2295 3939 2543 4006 angustia
2588 3955 2775 3994 murus
2824 3940 2878 3993 in
2932 3940 3147 4009 longum
3195 3941 3449 3995 continue

1889 4029 2046 4100 302
2101 4029 2293 4084 ductus
2339 4041 2425 4084 est
2469 4030 2535 4084 ad
2588 4038 2879 4099 utrumque
2933 4045 3081 4085 mare
3129 4042 3446 4100 porrectus;

1893 4121 2158 4190 urbesque
2203 4121 2428 4178 interius
2471 4121 2570 4191 ipsi
2612 4120 2786 4174 Μῆτιν
2837 4131 2965 4177 sunt
3006 4123 3360 4190 Aphrodisias
3397 4132 3450 4178 ct

1894 4209 2128 4266 Theseos
2159 4221 2212 4266 et
2238 4211 2467 4267 Ciberis.
2512 4213 2592 4267 Ali
2621 4213 2703 4266 his
2730 4228 2857 4267 vero
2889 4229 3054 4282 quam
3091 4213 3449 4267 ret‘uotissime

1893 4299 2034 4354 circa
2078 4299 2274 4355 fretum
2304 4302 2480 4370 ipsum
2520 4312 2572 4355 et
2606 4302 2867 4357 littorales
2901 4302 3070 4358 nexus
3103 4303 3292 4357 Sestus
3329 4314 3443 4366 est,

1896 4390 2024 4445 urbs
2057 4391 2406 4446 celeberrima
2451 4392 2503 4444 in
2554 4394 2704 4460 porsi
2743 4402 2797 4447 et
2837 4393 3300 4456 nominatissima,
3341 4407 3450 4447 non

234 4479 310 4550 γέ
359 4483 474 4533 ἐστι
513 4479 663 4542 πόλις
690 4479 723 4548 ὴ
752 4477 1106 4548 περιλάλητος
1157 4477 1222 4545 τῇ
1273 4475 1490 4545 ποιήσει
1544 4475 1640 4528 καὶ
1674 4475 1793 4527 όνο-
1825 4488 1869 4545 υ

1825 4488 1869 4545 ι)
1894 4479 2074 4540 aliam,
2106 4479 2288 4542 credo,
2317 4480 2388 4532 oh
2415 4495 2654 4546 causam,
2683 4496 2844 4549 quam
2871 4481 2940 4534 ob
2969 4481 3242 4535 lucernam
3275 4479 3448 4536 Herus

240 4571 577 4643 μαστοτάτη,
604 4569 704 4622 οὐκ
738 4567 898 4622 ἄλλου
936 4583 1030 4619 του
1068 4565 1248 4630 ἓνεκα,
1277 4559 1432 4634 οἶμαι
1463 4564 1530 4628 ⁸⁷,
1568 4564 1601 4634 ἢ
1637 4564 1795 4635 μόνον

1894 4567 2036 4622 illius
2061 4567 2322 4624 Sestiailis
2345 4609 2360 4634 ,
2394 4580 2448 4624 et
2470 4570 2540 4623 ob
2572 4570 2796 4625 Leandri
2827 4586 3064 4626 amorem
3103 4587 3166 4625 ac
3197 4580 3452 4626 mortem.

238 4662 340 4716 ἐπὶ
364 4659 442 4731 τῷ
477 4659 654 4730 λύχνῳ
691 4659 792 4728 τῆς
830 4655 1026 4728 Ἠροῦς
1057 4655 1103 4687 ⁸⁸
1129 4654 1342 4724 ἐκείνης
1382 4654 1483 4724 τῆς
1521 4653 1795 4724 Σηστίδος,

1895 4655 2010 4711 Νοη
2034 4658 2214 4726 procul
2245 4670 2421 4714 autem
2454 4659 2579 4715 hinc
2599 4661 2758 4714 etiam
2784 4663 2926 4716 aliud
2949 4662 3262 4731 oppidulum
3287 4662 3458 4716 situm

239 4748 439 4819 καὶτῷ
487 4749 756 4818 Λεάνδρου
803 4746 966 4816 ἔρωτι
1021 4744 1115 4796 καὶ
1160 4741 1388 4813 θανάτῳ.
1422 4743 1495 4795 Οὐ
1525 4741 1713 4814 πόρρω
1742 4742 1798 4795 δὲ

1896 4758 1998 4813 est,
2022 4749 2300 4802 minimum
2322 4750 2539 4820 quidem
2562 4735 2692 4806 illud
2712 4761 2764 4806 et
2785 4767 3124 4822 nequaquam
3147 4752 3455 4821 pulchrum,

240 4841 419 4912 αὐτῆς
449 4843 493 4874 ⁶⁹
517 4841 611 4895 καὶ
650 4839 834 4909 ἕτερόν
876 4853 929 4891 τι
976 4839 1150 4889 κεῖται
1185 4835 1476 4906 πολίχνιον,
1518 4835 1798 4905 ἐλάχιστον

1900 4855 2072 4908 neque
2101 4840 2395 4908 quidquam
2426 4843 2648 4897 omnino
2675 4843 2878 4898 habens
2901 4845 3153 4909 amabile,
3179 4843 3453 4913 Callipolis

247 4932 354 5003 μὲν
390 4932 484 4986 καὶ
505 4931 758 4994 ἀκαλλὲς,
787 4929 881 4984 καὶ
926 4927 1078 4981 οὐδὲν
1108 4926 1284 4980 ὁτιοῦν
1313 4926 1612 4996 ἐπέραστον
1656 4927 1796 4996 ἐχον,

1794 4973 1796 4987 ,
1906 4938 2080 4984 tamen
2125 4942 2395 4986 vocatum.
2443 4932 2921 5004 Circumjacentem
2975 4950 3135 5002 porro
3185 4934 3448 5004 regionem

245 5022 580 5084 Καλλίπολις
615 5022 672 5074 δὲ
690 5023 838 5089 ὅμως
858 5019 1326 5088 ἐπονομαζόμενον
1364 5018 1408 5049 "°
1431 5033 1443 5046 '
1475 5019 1573 5081 τάς
1603 5035 1666 5086 γε
1693 5018 1798 5090 μὴν

1797 5042 1798 5051 ι
1902 5030 2165 5075 exornant
2202 5032 2255 5076 et
2281 5023 2396 5092 agri
2436 5031 2491 5077 et
2517 5025 2726 5078 navalia
2747 5063 2762 5088 ,
2794 5025 3158 5093 arborumque
3185 5024 3451 5077 variarum

245 5114 586 5186 περιοικίδας
642 5109 933 5181 κοσμοῦσιν
982 5107 1136 5181 ἀγροί
1185 5125 1244 5163 τε
1303 5113 1396 5163 καὶ
1448 5110 1658 5163 ἐπίνεια
1703 5111 1796 5164 καὶ

1900 5119 1956 5167 et
2000 5111 2326 5168 ﬂuentorum
2379 5114 2694 5184 potabilium
2735 5115 2918 5186 copia,
2971 5125 3216 5185 terraque
3253 5114 3459 5185 irrigua.

1522 5263 1758 5318 νΑιιΙᾹΞ
1796 5263 2193 5321 LECTIONES.

327 5429 371 5460 ⁸⁷
402 5426 773 5498 Οῦλτίνζουροι
793 5428 836 5482 R
856 5434 910 5480 et
933 5426 1100 5494 vulg.,
1127 5427 1354 5498 Uitizuryt'
1383 5427 1544 5498 impr.
1618 5425 1664 5457 ⁸⁸
1687 5421 1839 5498 οἶμαι
1859 5423 2058 5498 add.“
2080 5423 2146 5498 li.
2169 5422 2625 5498 διαφθαρέντες-ει
2647 5422 3071 5498 μεταναστάντες
3091 5419 3155 5498 Β.
3200 5497 3207 5498 7
3229 5419 3276 5452 ⁵⁸
3309 5419 3450 5498 ego.

254 5501 383 5565 ζετο
404 5498 472 5561 R,
491 5491 753 5561 ἐσώζοντο
784 5500 927 5566 vulg.
984 5491 1049 5566 ,⁸⁵
1066 5497 1220 5550 τοῦδε
1239 5497 1362 5552 add.
1396 5491 1477 5552 εί
1506 5497 1550 5550 R
1594 5505 1670 5566 et,
1691 5491 1849 5566 impr.
1885 5494 2039 5566 hujus
2061 5491 2334 5566 (Iunonis._
2371 5491 2424 5522 V"
2459 5491 2735 5566 ζαδεργάν
2753 5492 2797 5545 li
2826 5494 2878 5546 in
2905 5509 3018 5566 mg.
3055 5501 3109 5544 et
3135 5491 3321 5566 impr"
3348 5491 3453 5566 ζα-

256 5559 466 5639 ὂερνάν
496 5568 551 5622 in
577 5559 718 5639 0rd,,
751 5559 1036 5639 Ζαμὲργὰν
1079 5568 1236 5639 ταις.
1321 5568 1395 5639 _"
1421 5559 1782 5639 προσέϐαλλεῄ
1807 5564 1924 5639 Β.⁸
1951 5559 2416 5639 ἐξ-Ρι-οὲχωρίων
2469 5561 2511 5614 R
2561 5559 2616 5639 in
2649 5559 2779 5639 7mg.
2821 5559 3041 5639 πεδίων.
3137 5559 3455 5639 ⁸⁵-Τραὲξαν

259 5627 398 5705 5611.
425 5638 572 5693 Par..
645 5627 959 5708 ⁶ίτῆςίίέ1ξ
998 5640 1038 5688 ιι
1069 5638 1105 5692 2
1125 5627 1213 5708 ξηῖ
1238 5704 1259 5708 Δ
1315 5637 1362 5669 ⁸⁸
1392 5627 1959 5708 έττροσιζιεεπηγεζται-ιῖἶ
1997 5627 2358 5708 ’ἀφροδίσιάςη
2382 5632 2423 5684 ιι
2477 5642 2527 5685 et
2574 5627 2746 5708 intpr:
2879 5631 3114 5708 ‘Procop.
3163 5630 3230 5684 de
3259 5627 3451 5708 ludit),

273 5697 584 5777 ’Ᾰφροδισία
603 5707 745 5777 vulg.
780 5697 862 5737 '7"
896 5707 1072 5762 ἕνεκα.
1098 5702 1212 5777 οἷμ.
1235 5697 1462 5777 {invitng
1529 5704 1579 5777 ξ’
1616 5697 1810 5777 Ἡροῦς
1842 5704 1920 5777 li.
1941 5697 2115 5777 ᾑροῦς
2144 5703 2288 5777 vulg.
2322 5701 2506 5777 (intpr.
2537 5704 2636 5777 nisi
2656 5697 3082 5777 eag‘illoherouni
3126 5697 3307 5768 cortu).
3342 5698 3448 5767 Ση-

262 5769 439 5844 στίδος
457 5776 524 5833 Β.
559 5769 846 5850 Σηστῖάδος
874 5778 1019 5849 vulg.
1092 5777 1137 5811 "
1154 5769 1323 5848 αὐτῆς
1348 5769 1642 5846 Ριξτειύτης
1665 5769 1808 5844 vulg.
1882 5775 1926 5806 7°
1953 5769 2412 5844 ἐπονομαζόμενον
2431 5769 2499 5840 ιι,
2536 5771 2756 5843 ὀνομας.
2785 5773 2928 5842 vulg.
