4188 6438
194 369 326 434 Ξὶἓΐᾏ
1367 363 1766 424 HISTORIAF

1843 362 1901 422 M
1945 363 2092 426 LIB.
2147 364 2215 423 Υ.
3289 359 3422 430 1570

189 487 284 538 καὶ
315 485 372 535 ὲν
397 481 517 544 ταῖς
539 478 794 550 ὲνδοτερω
823 477 1116 549 λεωφόροις
1144 476 1312 546 φυγαὶ
1339 475 1524 546 ἀθρόοι
1555 475 1662 530 τῶν
1690 476 1754 529 ὲκ

1855 474 2162 530 obsidiones
2199 471 2452 527 videlicet
2495 471 2856 541 incendiaque
2914 471 3304 543 imaginantes,
3359 487 3415 531 et

188 575 282 629 τοῦ
309 573 498 644 ὁμίλου
524 573 816 639 ἐγίγνοντο,
836 569 930 622 καὶ
949 568 1180 638 ὠθισμοί.
1200 568 1222 600 ⁸
1253 568 1346 622 καὶ
1372 571 1546 619 ιςτοίαι
1580 567 1755 638 ’μαρά-

188 666 356 730 λογοι,
416 661 604 730 ὥσπερ
649 659 749 730 ήδη
801 658 910 712 τῶν
958 657 1256 728 Βαρϐάρων
1303 655 1752 726 είσὸεὸληκότων.

191 751 437 820 Πάταινὸς
471 767 530 803 τε
564 749 732 812 πολὺς
769 748 932 820 ᾔρετο
975 750 1032 799 ὲν
1073 750 1187 808 τοῖς
1219 746 1604 815 πωλητηρίοις,
1649 745 1757 798 τῶν

189 840 372 912 θυρῶν
415 839 714 910 βιαιότερον
764 836 1317 907 προσαρασσομένων.
1369 834 1453 905 [Ρ.
1510 835 1632 908 159]
1681 835 1756 888 Οὐ

191 932 356 1002 μόνον
388 931 444 984 δὲ
467 933 580 994 τοῖς
603 929 820 993 πολλοῖς
851 929 947 982 καὶ
979 929 1334 999 ἠγνοημένοις
1360 936 1382 968 ⁸
1416 927 1477 979 τὸ
1507 927 1758 980 ἀνιᾶσθαι

188 1019 402 1090 προσῆν
432 1021 521 1072 καὶ
556 1018 871 1088 δειμαίνειν,
902 1015 1038 1070 ἀλλά
1069 1016 1178 1086 γάρ
1209 1016 1304 1069 καὶ⁸
1347 1015 1518 1070 ἅπασι
1560 1017 1672 1077 τοῖς
1703 1016 1760 1066 ἐν

188 1111 354 1162 τέλει·
377 1109 468 1163 καὶ
494 1109 746 1178 βασιλεὺς
761 1107 838 1173 δὲ,
862 1103 1036 1177 οἶμαι,
1060 1105 1221 1168 αὐτὸς
1246 1105 1307 1156 οὐ
1337 1105 1478 1174 μάλα
1492 1105 1559 1158 τά
1578 1103 1759 1168 ξυνεν-

190 1203 417 1274 εχθέντα
435 1202 803 1272 περιιιφρόνει.
833 1197 1268 1269 ’Δπεκοσμοῦντο
1291 1198 1596 1269 τοιγαροῦν,
1623 1196 1760 1266 πρὸς

189 1295 355 1350 αὐτοῦ
420 1293 910 1364 ἐπιτετραμμένον,
961 1291 1030 1344 τὰ
1085 1290 1205 1362 ίερά
1249 1290 1420 1343 ὁπόσα
1469 1289 1624 1351 ὲιιτδς
1664 1288 1758 1342 τοῦ

190 1387 385 1449 ἄστεος
423 1385 635 1456 ἵδρυται
679 1385 720 1414 ¹⁰
757 1383 900 1436 κατὰ
935 1383 1004 1434 τὰ
1040 1382 1334 1452 Εὐρωπαῖοι
1365 1380 1505 1449 μέρη
1547 1379 1760 1432 καὶτὸν

190 1478 494 1547 παράκτιον
523 1475 718 1545 χῶρον,
763 1474 823 1535 ὃς
855 1476 918 1544 σὴ
959 1472 1183 1544 ἄρχεται
1213 1473 1253 1503 ¹¹
1288 1471 1387 1542 μὲν
1425 1472 1489 1523 ὲκ
1525 1469 1632 1523 τῶν
1664 1487 1762 1524 κα-

191 1570 469 1639 λουμένων
497 1565 814 1637 Βλαχερνῶν
840 1567 931 1619 καί
954 1564 1046 1618 τοῦ
1071 1565 1260 1634 Κέρως
1285 1565 1348 1627 ⁸⁸,
1383 1563 1547 1634 μέχρι
1577 1563 1633 1616 δὲ
1665 1560 1760 1614 τοῦ

192 1659 454 1724 Εὐξείνου
489 1658 685 1711 πόντου
727 1657 1209 1729 παρατεινόμενος,
1239 1653 1326 1725 τῷ
1348 1654 1606 1726 Βοσπόρῳ
1636 1671 1760 1706 συν-

191 1751 479 1822 απολήγει.
513 1749 732 1802 Τούτων
755 1748 818 1820 δὴ
843 1745 937 1802 οὖν
976 1749 1226 1802 ἀπάντων
1251 1747 1319 1800 τά
1344 1764 1405 1800 τε
1439 1745 1634 1816 ἔντιμα
1654 1745 1764 1798 τῶν

1855 582 2036 622 rerum
2070 567 2500 622 necessariarum
2527 564 2790 634 inopiam,
2818 565 3185 634 mmniumquc
3212 565 3419 633 perfra.

1854 660 2086 713 ctionea.
2117 657 2385 724 Quocirca
2431 656 2745 725 frequenter
2767 656 2928 710 etiam
2977 655 3030 710 in
3069 657 3419 712 interioribus

1855 751 2050 822 plateis
2078 750 2246 806 densa
2273 749 2632 804 multitudinis
2657 748 2780 818 fuga
2812 749 2970 802 fiebat
2990 789 3005 813 ,
3035 748 3422 818 impulsiones—

1854 858 1959 913 que
1980 850 2182 896 mutate
2199 882 2213 906 ,
2238 852 2292 895 et
2321 855 2547 911 pavores
2570 840 2857 902 subitanei,
2891 839 3110 909 perinde
3138 855 3200 896 ac
3225 843 3269 896 si
3296 843 3422 895 bar-

1857 933 1970 988 bari
1998 931 2111 1002 jam
2138 931 2476 999 irrupissem.
2507 930 2700 1002 lugens
2731 932 2892 986 etiam
2929 929 3110 995 fragor
3139 946 3201 985 ac
3226 932 3423 1000 stu-pi-

1857 1035 1942 1078 tus
1972 1023 2025 1076 in
2052 1021 2291 1075 tabernis
2315 1022 2457 1090 apud
2488 1021 2663 1075 forum
2691 1021 3047 1084 excitabatur,
3077 1019 3285 1075 foribus
3315 1023 3424 1074 vio-

1859 1113 2058 1168 lentius
2087 1113 2314 1168 collisis.
2346 1112 2532 1182 Neque
2560 1111 2724 1182 309
2744 1126 2870 1165 vero
2894 1112 3102 1181 plebem
3129 1121 3334 1166 tantum
3359 1127 3423 1166 ac

1859 1202 2052 1271 vulgus
2075 1201 2357 1255 hominum
2383 1203 2538 1254 dolor
2557 1210 2607 1255 ct
2642 1215 2806 1270 pavor
2833 1201 3120 1262 invaserat,
3145 1202 3237 1255 sed
3260 1201 3424 1255 etiam

1860 1307 2049 1348 omnes
2079 1293 2233 1348 urbis
2259 1293 2546 1362 primores.
2571 1292 2710 1358 Quin
2747 1301 2800 1345 et
2843 1293 3135 1360 imperator
3169 1294 3282 1361 ipse
3316 1308 3424 1347 non

1859 1399 2048 1452 parum
2082 1398 2149 1439 eo
2174 1399 2354 1438 rerum
2391 1392 2533 1438 statu
2571 1385 3032 1438 commovebatur.
3073 1383 3428 1439 Nudabantur

1863 1476 2051 1545 itaque
2079 1475 2195 1531 suis
2231 1475 2569 1530 ornamentis
2611 1475 2780 1544 ipsius
2815 1476 3080 1544 permissu
3127 1485 3287 1544 atque
3315 1493 3428 1530 au-

1861 1571 2110 1626 ctoritate
2138 1570 2336 1640 templa
2357 1611 2372 1635 ,
2400 1577 2668 1640 quotquot
2707 1577 2854 1623 extra
2881 1569 3067 1622 urbem
3098 1577 3252 1622 erant
3287 1571 3423 1635 sita,

1861 1662 1926 1716 ad
1962 1663 2289 1732 Europaeum
2320 1662 2462 1716 latus
2494 1670 2548 1716 et
2591 1662 2708 1716 loca
2742 1661 2908 1714 littori
2941 1662 3275 1728 ‘adjacentia,
3308 1677 3429 1730 qua:

1863 1752 2078 1820 quidem
2111 1767 2141 1806 e
2165 1751 2478 1806 Blacbernis
2501 1759 2556 1805 et
2585 1751 2763 1806 Cornu
2790 1752 2860 1804 ita
2887 1751 3046 1805 dictis
3067 1751 3129 1804 ad
3157 1751 3426 1806 Euxinum

191 1819 563 1908 ἀναθημάτων
613 1837 708 1890 καὶ
749 1819 850 1908 την
896 1837 1060 1908 ἀλλην
1101 1836 1491 1910 ἀφαιρούμενοι
1524 1836 1568 1867 ⁸³
1597 1853 1762 1890 καταυ

1865 1819 2034 1912 usque
2063 1851 2286 1912 pontum
2311 1852 2565 1911 proteusa
2591 1842 2643 1894 in
2675 1841 3014 1910 Bosphorum
3049 1840 3321 1896 desinunt.
3351 1842 3428 1896 Ex

195 1928 399 2000 σκευὴν
422 1925 502 1991 οἷς
532 1927 704 1981 ταῦτα
731 1931 929 1993 ἀνεῖτο,
971 1929 1038 1982 τὰ
1067 1927 1166 1998 μὲν
1203 1929 1289 1996 ἐφ’
1316 1926 1539 2000 ἁμαξῶν
1571 1930 1764 1999 φέρον-

192 2038 310 2086 τες,
352 2022 481 2074 εἴσω
520 2021 619 2089 τῆς
661 2020 863 2082 πόλεως
892 2019 1208 2073 ἀπετίθεντο
1237 2020 1300 2084 η,
1331 2018 1401 2071 τὰ
1439 2018 1498 2072 δὲ
1541 2019 1764 2082 ἀκάτοις

197 2111 560 2183 ἐμϐάλλοντες
589 2112 685 2165 καὶ
711 2113 803 2165 τὸν
839 2110 1039 2181 μεταξὺ
1079 2111 1322 2183 πορθμὸν
1349 2109 1765 2181 διαπεραιούμε-

197 2223 306 2271 νοι,
333 2205 390 2268 ἐς
421 2203 518 2275 τὴν
556 2203 890 2274 καταντικρύ
919 2204 1145 2274 ἤπειρον
1174 2201 1522 2275 ἀπεκόμιζον.
1560 2203 1669 2256 Καὶ
1697 2198 1764 2273 ἦν

198 2299 263 2352 ἐν
305 2297 382 2367 τῷ
404 2297 527 2350 τότε
551 2295 844 2350 θεάσασθαι
870 2297 994 2360 τούς
1027 2297 1209 2368 ἐκείνῃ
1233 2295 1367 2360 νεὼς
1398 2297 1639 2367 γυμνοὺς
1668 2297 1763 2351 καὶ

199 2387 704 2458 ἀπηγλαῖσμένους,
735 2384 1101 2456 ὥσπεριούπω
1123 2387 1220 2458 τῆς
1251 2387 1528 2455 ἁγιστείας
1554 2387 1596 2419 ¹⁸
1641 2404 1767 2456 μετ-

199 2479 510 2550 ειληχότας,
539 2477 652 2531 ἀλλ’
681 2477 806 2549 ἄρτι
831 2477 1186 2532 καθίστασθαι
1211 2478 1565 2549 ἀρχομένους.

279 2772 360 2820 ιε’.
391 2763 548 2818 Οὕτω
577 2763 632 2817 δὲ
661 2762 878 2833 φοϐεροί
906 2779 965 2815 τε
990 2761 1082 2816 καὶ
1106 2761 1351 2832 μέγιστοι
1389 2761 1622 2816 κίνδυνοι
1652 2763 1771 2816 ἐπί-

194 2855 344 2922 δοξοι
389 2857 432 2888 ¹⁶
465 2851 608 2926 ἦσαν
645 2856 718 2918 ὡς
740 2855 955 2918 πάντως
983 2855 1249 2924 ἐσόμενοι,
1290 2854 1430 2908 ὥστε
1475 2855 1665 2925 ἀμέλει
1691 2855 1768 2926 τῷ

196 2965 266 3001 τε
291 2949 350 3001 ὲν
373 2949 572 3009 Συκαῖς
599 2946 768 3016 τείχει
797 2947 892 2998 καὶ
911 2947 977 3017 τῇ
1008 2946 1194 3016 Χρυσῇ
1221 2945 1526 3017 καλουμένῃ
1557 2946 1700 3017 πύλῃ
1723 2948 1768 2978 ιτ

198 3041 424 3111 λοχαγοί
450 3057 594 3102 τινες
635 3039 732 3092 καὶ
771 3036 1052 3108 ταξίαρχοι
1091 3037 1188 3090 καὶ
1213 3035 1425 3090 ὁπλῖται
1454 3037 1638 3090 πολλοὶ
1675 3040 1770 3105 es-

198 3133 571 3203 ειστήκεισαν,
626 3128 702 3190 ὡς
740 3127 806 3197 δὴ
848 3126 1140 3199 προθύμως
1187 3127 1515 3196 ἀμυνόμενοι
1567 3129 1607 3158 ¹⁶¹
1644 3130 1770 3192 τοὺς

198 3223 512 3291 δυσμενεῖς,
535 3220 586 3272 εί
603 3235 705 3271 που
729 3217 952 3271 ἐπίοιεν.
991 3213 1169 3270 Ἦσαν
1201 3217 1257 3270 δὲ
1291 3218 1332 3249 ¹⁹
1359 3218 1416 3270 οὐ
1443 3218 1667 3288 μάχιμοι
1693 3218 1769 3282 ὡς

200 3311 446 3383 ἀληθῶς,
477 3312 599 3364 οὐδὲ
631 3309 865 3380 μετρίως
893 3307 1024 3376 γοῦν
1059 3309 1127 3362 τά
1154 3308 1375 3362 τοιαῦτα
1412 3309 1772 3378 πεπαιδευμέ-

203 3423 312 3468 νοι,
344 3403 458 3458 ἀλλ’
497 3405 563 3456 ἐκ
602 3401 710 3456 τῶν
738 3401 1032 3472 ταγμάτων
1063 3400 1307 3467 ἐκείνων,
1346 3401 1396 3454 οἳ
1423 3402 1467 3433 ²⁰
1497 3402 1556 3465 ὲς
1585 3401 1646 3455 τὸ
1689 3403 1771 3454 δι-

203 3497 504 3568 ημερεύειν
534 3512 594 3548 τε
624 3496 716 3547 καὶ
739 3492 1171 3563 διανυκτερεύειν
1202 3495 1262 3546 ἐν
1293 3495 1360 3564 τῇ
1395 3493 1532 3564 αὐλῇ
1570 3495 1772 3548 ἀπεκέ-

209 3603 398 3658 κριντο
417 3588 483 3652 ²¹,
510 3584 603 3648 οὓς
645 3585 709 3656 δὴ
749 3584 1064 3655 σχολαρίους
1096 3583 1476 3639 ἀποκαλοῦσιν.
1521 3579 1676 3640 Οὗτοι
1716 3587 1773 3638 δὲ

208 3677 541 3747 στρατιῶται
569 3679 668 3748 μὲν
694 3677 1066 3747 ὀνομάζονται,
1095 3677 1186 3730 καὶ
1217 3677 1622 3749 ἐγγεγράφαται
1663 3680 1774 3740 τοῖς

205 3771 324 3824 τῶν
355 3769 669 3838 καταλόγων
696 3768 938 3839 βιϐλίοις⁹
971 3771 1078 3824 είσ)⁵
1105 3770 1162 3824 δὲ
1189 3773 1238 3824 οἱ
1265 3773 1309 3802 ¹²
1345 3770 1528 3824 πολλοὶ
1567 3772 1776 3826 ἀστικοί

206 3879 274 3916 τε
315 3860 409 3914 καὶ
446 3861 873 3931 φαιδροείμονες.
906 3862 1000 3916 καὶ
1042 3862 1220 3932 μόνον,
1265 3857 1440 3933 οἶμαι,
1470 3862 1634 3932 δγκου
1679 3862 1775 3916 τοῦ

212 3952 491 4024 βασιλείου
515 3953 676 4006 ἕνεκα
705 3955 798 4007 καὶ
825 3956 923 4024 τῆς
956 3955 1014 4006 ἐν
1055 3956 1175 4016 ταῖς
1218 3954 1466 4025 προόδοις
1506 3955 1779 4025 μεγαλαυ-

211 4045 341 4116 χίας
373 4045 420 4076 ¹³
454 4043 822 4116 ἐξευρημένοι.
859 4044 971 4098 Kai.
997 4044 1060 4097 τὸ
1097 4045 1195 4116 μὲν
1231 4045 1277 4076 ³⁸
1303 4044 1528 4099 παλαιὸν
1555 4046 1653 4100 οὐκ
1681 4046 1777 4101 άλ-

212 4135 342 4198 λους
366 4133 516 4197 τινὰς
536 4136 593 4186 ὲν
619 4133 788 4187 τοῖσδε
809 4133 1028 4204 θεμιτὸν
1043 4130 1110 4205 ἦν
1124 4135 1572 4198 κατατάττεσθαι,
1601 4136 1633 4206 ἢ
1652 4138 1777 4199 τοὺς

214 4226 538 4294 αὐτουργεῖν
567 4224 636 4278 τά
667 4224 900 4294 πολέμια
934 4225 1296 4296 ἠσκημένους.
1328 4226 1440 4280 Καὶ
1465 4226 1640 4280 τοίνυν
1659 4226 1780 4281 οὐδὲ

216 4317 478 4387 χρήματα
494 4315 539 4346 ²⁵
561 4315 777 4383 εἰσῆγον
796 4308 933 4384 eqvi}:
953 4316 1464 4385 ἐνστρατεύσασθαι,
1479 4317 1614 4370 ἀλλά
1634 4334 1781 4387 χαριο

1863 1931 1948 1986 his
1995 1931 2180 2001 itaque
2206 1931 2460 1986 omnibus
2501 1931 2742 2000 pretiosa
2784 1929 3010 1984 donaria
3057 1931 3430 2002 reliquumque

1861 2036 2076 2075 omnem
2107 2030 2424 2092 apparatum
2463 2020 2764 2076 auferentes
2809 2023 2880 2087 ii,
2914 2023 3112 2092 quibus
3147 2021 3197 2075 id
3229 2023 3428 2092 negotii

1861 2121 1980 2168 erat
2015 2113 2199 2167 datum
2225 2154 2241 2178 ,
2291 2113 2484 2183 partim
2525 2113 2778 2182 plaustris
2818 2115 2872 2168 in
2915 2117 3099 2170 urbem
3149 2115 3328 2170 delata
3375 2117 3428 2170 in

1863 2214 1978 2260 tuto
2011 2206 2348 2260 collocarunt
2368 2245 2382 2267 ,
2430 2205 2626 2275 partim
2659 2206 2866 2276 cymbis
2900 2208 3146 2276 imposita
3166 2247 3181 2271 ,
3215 2216 3268 2263 et
3293 2205 3432 2262 freto

1863 2299 2184 2354 intermedio
2218 2299 2464 2370 trajecto,
2485 2299 2538 2354 in
2564 2300 2847 2355 adversam
2878 2301 3248 2355 continentem
3269 2303 3430 2356 detu-

1863 2391 2070 2457 lerunt;
2094 2399 2316 2462 eratque
2346 2400 2462 2447 tum
2487 2391 2675 2448 videre
2712 2407 2898 2448 sacras
2928 2392 2994 2448 iis
3027 2395 3081 2448 in
3124 2393 3260 2448 locis
3292 2393 3434 2449 aedes

1865 2485 2036 2538 nudas
2063 2482 2425 2552 omnibusque
2456 2482 2570 2538 suis
2593 2483 2932 2538 ornamentis
2967 2493 3180 2549 exutas,
3210 2485 3434 2554 perinde

1866 2589 1930 2628 ac
1981 2573 2114 2628 nihil
2165 2575 2346 2630 adhuc
2407 2575 2792 2630 sanctimoniae
2845 2585 3038 2630 nactas
3087 2586 3144 2630 et
3192 2587 3436 2632 rccentcr

1866 2667 2072 2722 exstrui
2108 2681 2338 2736 emptas.

1936 2757 2023 2810 15.
2080 2757 2230 2812 Adeo
2251 2771 2380 2812 vero
2405 2757 2668 2812 terribilia
2718 2758 3066 2828 maximaque
3109 2759 3344 2827 pericula
3378 2768 3437 2813 ut

1866 2847 2087 2901 omnino
2115 2845 2319 2910 futura,
2343 2847 2556 2901 animos
2584 2848 2952 2915 occupabant,
2998 2856 3055 2901 ut
3082 2847 3168 2900 vix
3203 2847 3257 2902 in
3279 2863 3436 2903 muro

1880 2952 1911 2990 a
1953 2937 2188 2993 Ficubus
2237 2937 2383 2992 dicto
2409 2945 2463 2990 et.
2507 2945 2664 3005 porta
2703 2947 3005 3007 nuncupata
3037 2953 3220 3004 aurea,
3270 2939 3436 2994 duces

1869 3029 2088 3098 quidam
2125 3037 2181 3085 et
2211 3029 2417 3084 tribuni
2448 3030 2708 3085 militares
2732 3029 2996 3100 multique
3049 3030 3256 3085 Armati
3293 3047 3429 3086 cou-

1794 3162 1839 3222 ϐ
1869 3122 2123 3187 stiterint,
2157 3130 2218 3176 ut
2256 3121 2469 3176 fortiter
2507 3123 2706 3186 hostes,
2749 3122 2794 3175 si
2825 3120 2964 3175 forte
2997 3123 3252 3191 impetum
3288 3121 3435 3178 face-

1869 3220 2018 3277 rent,
2072 3211 2466 3282 propulsarent.
2543 3209 2708 3264 Erant
2771 3225 2900 3265 vero
2961 3226 3137 3281 neque
3191 3211 3434 3265 bellicosi

1867 3318 2075 3367 revera,
2122 3305 2215 3359 sed
2249 3319 2318 3358 ne
2345 3303 2688 3358 mediocriter
2724 3302 2942 3371 quidem
2987 3305 3038 3356 in
3081 3304 3244 3359 rebus
3275 3305 3438 3374 3‘10

1868 3399 2074 3454 bellicis
2117 3399 2421 3463 exercitati,
2462 3397 2556 3453 sed
2598 3413 2664 3453 ex
2702 3397 2809 3453 illis
2845 3398 3166 3469 legionibus.
3212 3415 3334 3468 qua:
3367 3401 3436 3454 ad

1869 3491 1975 3548 hoc
2038 3500 2164 3547 sunt
2195 3493 2493 3555 destinatae,
2539 3499 2601 3543 ut
2651 3489 2882 3544 interdiu
2938 3500 2992 3545 et
3047 3497 3209 3544 noctu
3237 3494 3289 3543 in
3313 3492 3434 3544 aula

1869 3591 2187 3647 versentur;
2242 3597 2376 3652 quos
2397 3577 2695 3636 scholarios
2721 3581 3008 3650 appellant.
3038 3581 3103 3636 Hi
3139 3598 3266 3637 vero
3291 3582 3436 3636 mili-

1872 3681 1954 3729 tes
1973 3674 2188 3744 quidem
2215 3683 2496 3738 vocantur,
2535 3686 2588 3727 et
2627 3673 2678 3726 in
2713 3675 2957 3743 catalogo
2990 3673 3432 3742 stipendiatorum

1873 3773 2196 3830 censentur;
2250 3773 2379 3819 sunt
2424 3774 2604 3821 autem
2654 3765 2896 3836 plerique
2924 3779 3112 3819 eorum
3151 3766 3343 3819 urbani
3383 3777 3438 3820 et

1874 3856 2153 3927 splendide
2169 3857 2368 3919 vestiti,
2386 3858 2478 3912 sed
2502 3867 2708 3912 tantum
2734 3855 2952 3927 agendae
2971 3855 3248 3926 dignitatis
3277 3857 3438 3927 regite

1875 3961 2037 4003 causa
2057 3958 2110 4002 et
2127 3947 2554 4018 magnificentia,
2577 3949 2788 4016 quoties
2804 3948 3040 4018 prodiret
3065 3947 3116 4000 in
3139 3947 3434 4018 publicum.

1875 4039 2052 4105 Atque
2108 4039 2237 4095 olim
2285 4040 2503 4110 quidem
2561 4055 2668 4094 non
2711 4041 2846 4093 alios
2899 4039 3161 4107 qumdam
3204 4041 3256 4092 iu
3293 4039 3439 4094 hunc

1876 4131 2120 4186 ordinem
2157 4131 2424 4186 asciscere
2460 4131 2674 4194 licebat,
2705 4147 2865 4200 quam
2903 4131 2995 4200 qui
3035 4130 3330 4185 tractandis
3352 4145 3439 4186 re-

1881 4222 1981 4276 bus
2030 4221 2236 4276 bellicis
2273 4230 2427 4276 erant
2451 4221 2764 4285 exercitati,
2807 4221 3032 4290 ideoque
3069 4235 3242 4290 neque
3276 4235 3441 4290 pecu-

1883 4315 2026 4366 niam
2059 4312 2222 4365 uIlam
2244 4311 2566 4381 pendebant,
2597 4321 2657 4366 ut
2677 4313 2802 4367 huic
2828 4312 3003 4366 ordini
3021 4313 3437 4375 ascriberentur,

221 4404 454 4476 στηρίαν
486 4404 754 4472 διαφανῶς
784 4404 876 4457 καὶ
905 4403 1135 4475 ἀζήμιον
1173 4406 1417 4477 ἐδέχοντο
1457 4409 1558 4477 τὴν
1592 4409 1766 4479 τιμὴνἸ

1882 4405 1974 4460 sed
2036 4405 2205 4472 gratis
2258 4403 2390 4459 citra
2426 4405 2565 4460 ullos
2616 4419 2746 4459 suos
2794 4415 3041 4474 sumptus
3093 4408 3195 4460 lioc
3235 4405 3445 4460 honore

220 4496 322 4551 ἅτε
352 4495 417 4566 δὴ
447 4495 585 4559 ἄξιοι
608 4498 671 4548 ὲκ
699 4495 806 4549 τῶν
838 4499 1335 4566 προηγωνισμένων
1361 4499 1766 4569 ἀναδειχθέντεςι

1841 4497 2241 4558 )donabautur,
2291 4505 2474 4565 utpote
2527 4498 2672 4567 digni
2723 4515 2787 4552 ex
2838 4499 3099 4554 anteactis
3131 4498 3443 4568 praeliorum

221 4590 414 4658 Ζήνων
461 4587 797 4656 δὲ’φαίνεται
840 4589 886 4619 ³⁸
935 4589 1148 4658 πρῶτος
1184 4592 1213 4643 ὀ
1237 4591 1488 4659 Ἵσαυρος
1521 4589 1656 4660 μετά
1685 4591 1766 4661 τὴς

1887 4591 2161 4645 laboribus
2218 4590 2493 4645 declarati.
2566 4589 2713 4643 Zeno
2753 4599 2933 4644 autem
2986 4588 3204 4645 lsaurus
3232 4592 3469 4645 videtur

220 4681 328 4748 τῆς
385 4677 656 4748 βασιλείας
705 4679 1003 4749 ἀνάκτησιν
1058 4679 1282 4742 πολλοὺς
1339 4681 1448 4734 τῶν
1504 4682 1766 4752 ὁμοφύλωε

1892 4682 2097 4752 primus
2120 4691 2242 4750 post
2269 4689 2642 4749 recuperatum
2663 4681 2949 4749 imperium
2977 4682 3179 4736 multos
3217 4681 3445 4737 tribules

221 4769 403 4822 τοῖσδε
447 4771 558 4832 τοῖς
613 4769 885 4837 τάγμασιν
941 4769 1333 4840 ὲναριθμήσας,
1362 4772 1561 4840 ἥκιστα
1594 4771 1692 4841 μὲν
1737 4774 1762 4824 i:

1892 4773 2038 4827 biscc
2099 4773 2401 4844 legionibus
2439 4772 2806 4835 accensuisse,
2834 4786 3065 4840 quorum
3130 4772 3302 4826 virtus
3347 4787 3444 4826 ne-

225 4861 568 4931 συμπλοκαῖς
604 4862 1028 4932 ἀριστεύσαντας
1061 4863 1094 4933 ἢ
1124 4862 1258 4925 ὅλως
1304 4863 1597 4933 ἐμπείρους
1631 4881 1758 4930 γεγε

1889 4877 2160 4930 quaquam
2193 4863 2243 4915 in
2276 4863 2472 4932 praeliis
2505 4864 2821 4927 eminuerat,
2851 4872 2942 4916 aut
2967 4863 3204 4933 alioquin
3236 4864 3444 4916 exerci-

223 4951 517 5022 νημένους,
545 4952 720 5015 ἄλλως
759 4953 815 5006 δέ
867 4971 982 5016 πως
1024 4954 1330 5025 γνωρίμους
1361 4956 1508 5025 αὐτῴ
1543 4959 1637 5010 καὶ
1668 4957 1762 5022 ξυν

1892 4963 2056 5017 tatus,
2092 4955 2187 5008 sed
2229 4963 2388 5010 notos
2419 4953 2521 5009 sibi
2556 4969 2622 5010 ac
2640 4953 2954 5010 familiares.
2991 4955 3204 5018 Postea,
3235 4970 3357 5008 cum
3379 4969 3446 5007 eo

225 5035 406 5111 ⁸ᾑθεις.
437 5039 568 5096 Εἶτα
594 5043 837 5106 δοθέντος
870 5045 930 5096 ὲν
961 5043 1036 5112 τῷ
1063 5043 1184 5096 τότε
1223 5044 1316 5097 καὶ
1345 5044 1766 5115 παρειλημμένοι

1895 5053 2132 5112 tempore
2189 5059 2507 5100 concessum
2553 5053 2935 5114 receptumque
2992 5055 3134 5100 εεεει
3155 5083 3170 5107 ,
3219 5052 3280 5098 ιιι
3339 5060 3446 5098 11011

225 5132 329 5186 τοῦ
359 5133 557 5199 ἐξεῖναι
591 5134 651 5186 ού
683 5133 839 5203 μόνον
862 5133 980 5186 ἀντὶ
1012 5131 1224 5203 μόχθων
1243 5150 1302 5186 τε
1328 5135 1422 5187 καὶ
1449 5135 1672 5197 ἀγώνων
1696 5150 1766 5186 κα

1895 5135 2068 5190 solum
2090 5151 2188 5206 pro
2227 5136 2500 5192 laboribus
2526 5143 2581 5190 et
2600 5134 2913 5192 fortitudine
2945 5137 2998 5191 in
3028 5135 3364 5192 conﬂictibus
3381 5134 3451 5191 de

1499 5289 1730 5345 νΑιιιΑῖ
1774 5288 2172 5346 LECTIONES.

307 5447 696 5526 ιιῖιθιασμοὶιῖ.
769 5449 790 5479 ⁹
813 5447 906 5526 καὶ
925 5445 1278 5526 ἠγνοημένοις
1310 5446 1429 5500 add.
1453 5461 1524 5526 et.
1608 5457 1662 5526 et
1681 5449 1838 5526 impr.
1858 5458 1905 5502 εί
1931 5450 2164 5526 abacum
2182 5451 2336 5526 sortis
2360 5449 2612 5526 homines.
2689 5452 2730 5482 '°
2760 5452 2988 5526 ἤδρυται
3019 5453 3083 5505 ιι.
3138 5453 3447 5526 Λξιᾳᾶρχεται

230 5520 306 5582 ﬂ,
339 5519 506 5604 Lngd,
528 5520 564 5573 2
591 5533 678 5606 tui.
737 5519 976 5606 etlintpr.
1023 5518 1232 5606 initium
1262 5525 1472 5606 "gnum
1505 5518 1660 5606 ἐμὴ).
1711 5519 1926 5606 ἐρηχεται
1954 5519 2101 5606 vulg.
2163 5524 2220 5606 ,ιιι
2247 5520 2339 5602 καὶ
2363 5520 2459 5606 τοῖς
2490 5522 2680 5606 κέρως
2723 5518 2840 5606 otii.
2894 5524 3056 5606 ititpr.
3095 5523 3177 5606 ﬁ"
3205 5518 3456 5606 Pro}?-

230 5585 550 5662 αιρούμῖενοι
591 5585 635 5639 Β
672 5588 979 5657 φερόμενοι.
1083 5587 1127 5667 ’ξ
1152 5586 1468 5638 ἀπετίθεντο
1505 5585 1570 5645 R,
1598 5585 1909 5642 ἀπετίθοντο
1940 5585 2084 5658 νυιέ.
2163 5591 2205 5622 ³⁸
2243 5590 2525 5657 ἁγιστείας
2555 5585 2621 5643 li.
2726 5593 2769 5621 "
2797 5585 3058 5656 ἐπιδόξοις
3095 5591 3138 5645 R
3168 5602 3222 5647 et
3259 5608 3287 5646 a
3323 5593 3358 5647 2
3380 5585 3453 5647 in.

230 5659 506 5726 ὲπιδόξης.
602 5657 644 5688 "
672 5657 860 5713 Chisea
904 5666 1056 5723 porta
1114 5665 1276 5726 Iu_lpr.
1332 5725 1335 5726 ν
1380 5655 1424 5687 ¹⁸
1459 5657 1818 5726 ἀμυνούμενοι
1866 5659 1985 5726 conj
2040 5659 2121 5712 Cl.
2225 5660 2267 5690 ”
2306 5655 2446 5726 ἦσαν
2476 5661 2532 5714 δὲ
2569 5677 2735 5723 usque
2794 5663 2858 5714 ad
2902 5663 3189 5726 φυλάσσειν
3242 5663 3459 5716 ἐδόκουν

232 5680 506 5726 επιοοςης.
603 5680 640 5688 "
672 5680 860 5713 uulua
904 5680 1056 5723 partu
1114 5680 1276 5723 Iulpr.
1381 5680 1423 5687 "
1459 5680 1818 5726 τῑμυνουμενοι
1866 5680 1985 5726 cun]
2040 5680 2121 5712 bl.
2226 5680 2266 5690 "'
2306 5680 2446 5726 ησαν
2476 5680 2532 5714 οε
2569 5680 2735 5723 usque
2794 5680 2858 5714 :ltl
2902 5680 3189 5729 φυλασσειν
3242 5680 3456 5716 εοιικουν

232 5730 371 5814 ςςοί.
406 5730 540 5814 1ξ72
563 5727 685 5814 ιιι)
714 5727 1042 5814 οιιι.-μείης)
1098 5727 1142 5814 ς⁰
1166 5724 1268 5814 Ero
1291 5725 1618 5814 οξιιὶκτών.
1682 5731 1741 5814 ,ξ’
1779 5729 2039 5814 ἀπεκέκρ.
2083 5729 2148 5793 R,
2176 5731 2516 5814 dtt‘mxlnvulg'.
2549 5731 2614 5801 δὴ
2647 5733 2740 5814 κη
2764 5731 3020 5814 ﬁsnvulg.
3085 5733 3225 5814 ξ’λοί
3246 5747 3356 5787 οιιι.
3389 5734 3456 5811 ιι.

229 5795 285 5834 ί³
317 5797 703 5868 μιγαλαυχίαις
739 5795 781 5849 Β
820 5805 873 5851 ει
900 5795 1066 5865 Lugd.
1095 5795 1120 5848 1
1168 5810 1241 5849 m.
1317 5795 1364 5827 “
1401 5796 1479 5865 μδτ-
1540 5812 1649 5850 mn.
1681 5798 1749 5852 Β.
1823 5800 1866 5836 ³⁸
1900 5795 2160 5869 χρώματα
2187 5798 2253 5858 Β.
2328 5800 2373 5836 ’⁸
2401 5795 2656 5871 φαίνηται
2678 5801 2800 5857 edd.
2839 5802 2943 5856 Pro
2969 5795 3111 5870 μετά
3141 5799 3261 5856 Par.
3295 5805 3433 5856 κατέ.
