4188 6438
143 408 282 477 1573

1347 410 1882 475 HISTORIARUM
1917 416 2063 478 LIB.
2098 418 2164 480 V.

3244 432 3381 500 1574

138 542 446 594 κατασκόπς
458 558 519 600 υς
544 539 692 610 θαμὰ
728 539 965 605 ἐστελλε,
993 541 1091 606 τὰς
1116 541 1222 596 τῶν
1251 545 1508 598 ἐναντίων
1545 545 1702 599 δυνά-

1811 527 2196 596 circumduxit,
2219 530 2588 602 exploratores
2608 535 3011 608 crebroemisit,
3033 543 3128 614 qui
3145 543 3378 604 hostium

139 651 263 701 μεις
300 634 616 696 είκάσοντας
651 633 727 695 ὡς
773 628 884 687 οἷόν
922 651 983 686 τε
1027 637 1122 689 καὶ
1148 635 1706 708 ἐξαριθμησομένους,

137 721 236 774 καὶ
272 724 324 775 εἴ
359 740 413 774 τι
454 721 640 794 ἕτερον
669 725 810 776 ἑλεῖν
851 725 1127 795 δυνηθεῖεν
1164 727 1610 797 ἀπαγγελοῦντας
1638 729 1706 785 ⁸ο.

136 807 298 861 Οὕτω
318 827 377 862 τε
403 810 854 866 διετέλείέκαστα
881 815 1250 884 γνωματεύων
1276 821 1371 869 καὶ
1392 817 1708 887 διανοούμε-

135 916 248 958 νος*
287 900 481 953 νυκτδ*
513 902 570 952 δὲ
610 902 1052 973 ἐπιγιγνομένης,
1090 905 1170 975 ἱΡ.
1201 905 1325 978 Nil]
1361 908 1708 978 φρυκτωρίας

131 991 345 1059 ἀνῆπτε
383 991 584 1054 πολλὰς
613 993 704 1044 ἐπὶ
732 993 875 1062 μέγα
900 992 993 1046 τοῦ
1026 996 1210 1048 πεδίου
1250 997 1704 1067 σκεδαννυμένας,

134 1079 226 1131 ἵνα
252 1078 317 1148 δὴ
345 1080 395 1131 οί
423 1079 671 1151 πολέμιοι
701 1083 938 1150 ὁρῶντες
987 1085 1218 1155 οἰηθεῖεν
1261 1087 1516 1156 μέγιστον
1564 1083 1704 1141 εῖναι

131 1169 196 1221 τὸ
222 1171 554 1242 στράτευμα.
580 1175 702 1237 ταῖς
740 1177 938 1242 πυραῖς
976 1177 1426 1247 ἀναμετροῦντεςο
1472 1181 1567 1234 καὶ
1594 1181 1705 1234 τοί-

133 1279 231 1315 νυν
258 1261 403 1316 οῦτω
424 1264 488 1335 δὴ
508 1264 694 1334 ᾤοντο,
732 1269 823 1318 καὶ
842 1267 1070 1332 δεδιότες
1100 1270 1362 1342 ἠρέμουν.
1403 1273 1568 1344 Ἀτάρ
1600 1275 1702 1328 οὐκ

133 1356 484 1410 ἐπιπλεῖστον
513 1360 632 1420 ταῖς
653 1358 929 1421 ’τοιαύταις
968 1361 1204 1424 ἀπάταις
1229 1365 1705 1436 καταστρατηγού-

135 1464 310 1516 μενοι,
350 1447 578 1518 ἡσυχίαν
623 1447 776 1517 ἦγον·
806 1452 1115 1519 ἠκηκόεσαν
1155 1454 1263 1526 γάρ
1287 1455 1386 1525 ἥδη
1413 1455 1488 1518 ὡς
1524 1457 1704 1528 ἐλάχι-

132 1552 260 1600 στος
289 1536 374 1605 εἴη
404 1538 433 1589 ὁ
458 1537 567 1590 τῶν
601 1538 885 1608 Ῥωμαίων
913 1541 1160 1610 στρατὸς,
1187 1543 1282 1597 καὶ
1307 1545 1503 1613 ἣκιστα
1523 1547 1704 1609 αὐτοῖς

127 1627 450 1697 ἀξιόμαχος·
491 1628 633 1698 πλὴν
659 1630 773 1682 ἀλλ’
804 1632 856 1682 oi
887 1634 1217 1702 στρατιῶται
1263 1636 1463 1705 πολλῆς
1494 1638 1703 1706 εἴχοντο

128 1717 466 1786 προθυμίας,
493 1720 946 1789 περιφρονοῦντες
978 1723 1080 1792 μὲν
1111 1726 1238 1788 τοὺς
1269 1727 1617 1794 ἀντιπάλους,
1651 1729 1700 1782 εί

129 1811 230 1862 καὶ
257 1809 438 1878 μυρίοι
468 1809 581 1862 ὅσοι
608 1811 1042 1882 ἐπιφοιτήσαιεν,
1074 1819 1140 1886 τῇ
1174 1817 1411 1888 σφετέρα
1442 1818 1497 1870 δὲ
1530 1820 1696 1891 ἀρετῇ

131 1901 369 1970 μάλιστα
401 1901 721 1967 πεποιθότες
748 1903 842 1956 ἆτε
867 1905 930 1975 δὴ
966 1907 1225 1977 Ῥωμαῖοί
1253 1925 1315 1976 γε
1344 1907 1388 1941 ⁸³
1409 1908 1581 1973 ὄντες,
1607 1911 1701 1964 καὶ

128 1995 395 2064 ἐμπειρία
433 1995 683 2064 μεγάλων
719 1996 817 2067 ἤδη
859 1997 1120 2051 κινδύνων
1151 1999 1220 2052 τὰ
1266 1999 1500 2072 πολέμια
1542 2005 1702 2073 ἐκμε-

127 2088 476 2156 λετήσαντες.
518 2087 948 2159 Συναισθόμενος
975 2089 1033 2142 δὲ
1064 2092 1093 2143 ὁ
1126 2091 1440 2161 Βελισάριος
1467 2093 1568 2164 τῆς
1592 2095 1699 2147 τῶν

126 2176 342 2246 ἀνδρῶν
386 2177 886 2251 μεγαλοφροσύνης,
945 2181 1040 2234 καὶ
1091 2182 1194 2244 ὃτι,
1248 2184 1509 2254 μειζόνως
1556 2186 1698 2257 ἥπερ

127 2269 299 2338 ἐχρῆν
329 2269 421 2321 ἐπὶ
455 2272 565 2334 τοῖς
602 2270 838 2340 φθάσασι
869 2273 1051 2338 πόνοις
1083 2274 1130 2306 ⁶¹
1163 2274 1564 2346 βρενθυόμενοι,
1591 2278 1699 2334 τῶν

127 2362 190 2412 ἐν
228 2362 354 2412 ποσὶ
382 2361 860 2434 κατολιγωροῦσιν,
888 2363 1077 2419 ἐδεδίει
1119 2368 1329 2436 μήποτε
1369 2367 1478 2438 ἄρα
1517 2368 1698 2422 ἐντεῦ·

129 2454 226 2505 θεν
260 2453 521 2525 μεγίστην
550 2454 890 2526 εὐρυχωρίαν
942 2459 1063 2521 ταῖς
1114 2458 1293 2513 ἐλπίσι
1341 2463 1693 2533 παράσχοιεν,

129 2545 484 2617 παρεισδῦναι
511 2546 558 2577 ⁵³
589 2564 647 2599 τε
674 2549 872 2610 αὐτοὺς
903 2551 999 2603 καὶ
1026 2546 1260 2621 ἀπάγειν
1293 2554 1416 2606 ὅποι
1443 2557 1534 2608 καὶ
1569 2556 1695 2625 βού-

128 2638 310 2691 λονται
336 2637 413 2708 τῷ
443 2638 630 2709 ῥᾳδίας
658 2639 754 2692 καὶ
789 2644 1079 2711 προσηνεῖς
1111 2645 1430 2713 ὑποφαίνειν
1459 2647 1558 2710 τὰς
1587 2648 1696 2700 τῶν

129 2731 546 2799 ἐγχειρημάτων
596 2731 871 2794 ἐκϐάσεις.
926 2733 1016 2797 Ὠς
1079 2734 1145 2788 ἂν
1198 2731 1292 2790 οὖν
1336 2737 1380 2768 ⁸³
1427 2737 1502 2810 μὴ
1553 2739 1694 2793 οὕτω

129 2821 301 2873 ταῦτα
332 2820 616 2890 συμϐαῖεν,
645 2821 898 2892 ἥθροὶσεν
929 2824 1172 2889 ἅπαντας
1199 2828 1255 2891 ἐς
1285 2829 1470 2895 ταυτὸ,
1505 2827 1694 2902 ὥσπερ

127 2912 233 2981 ἠδη
255 2911 348 2963 τοῦ
369 2912 576 2980 ἀγῶνος
597 2915 960 2985 ἐφεστηκότος
979 2914 1025 2946 ’⁵⁸
1049 2932 1063 2946 ’
1095 2917 1191 2970 καὶ
1217 2919 1406 2987 φανεὶς
1427 2922 1484 2985 ἐς
1507 2921 1690 2992 μέσον,

129 3003 276 3066 ἔλεξε
303 3002 476 3056 τοιάδε
498 3019 513 3033 ·

1810 617 1998 685 copias
2030 618 2409 688 observarent,
2460 634 2727 694 quantum
2755 629 2870 683 lieri
2896 631 3058 702 313
3097 646 3303 705 posset,
3329 649 3382 694 et

1807 707 2239 776 dinumerareut,
2291 719 2348 767 et
2395 711 2442 767 si
2501 715 2633 785 quid
2688 717 2837 771 aliud
2886 723 3088 778 rescire
3135 738 3381 795 possent,

1809 800 2189 855 renuntiarent
2223 819 2236 855 :
2266 818 2442 872 eoque
2477 807 2530 859 iu
2562 816 2708 862 statu
2767 813 2988 876 mansit,
3014 815 3225 887 singula
3247 835 3384 890 pen-

1806 885 1980 939 sitans
2025 897 2083 941 et
2137 901 2260 942 cum
2313 891 2498 946 animo
2525 908 2628 949 suo
2652 898 2954 964 revolvens,
2988 885 3296 978 multosque
3326 911 3378 964 iu

1807 974 2040 1040 speculis
2090 975 2248 1046 longe
2297 980 2509 1050 lateque
2569 997 2665 1052 per
2717 1000 2909 1056 agrum
2965 993 3169 1059 sparsis
3203 974 3379 1065 ignes

1805 1066 2074 1132 accendit,
2119 1077 2177 1122 ut
2206 1070 2390 1128 hostes
2419 1087 2514 1128 eos
2547 1078 2866 1144 οοιιερίυιιιί,
2911 1083 3210 1138 niaximum
3255 1102 3381 1143 esse

1806 1157 2101 1212 exercitum
2137 1169 2408 1228 putarent,
2445 1178 2513 1219 ex
2567 1166 2772 1235 ignium
2805 1185 3162 1229 accensorum
3191 1177 3376 1232 multi-

1805 1246 1991 1304 tudine
2040 1265 2164 1305 eum
2214 1253 2516 1312 metientes.
2567 1257 2634 1312 Et
2658 1259 2880 1329 quidem
2931 1264 3004 1318 ita
3041 1268 3201 1336 plane
3223 1279 3382 1339 puta-

1803 1337 1954 1404 bant,
1990 1340 2219 1412 ideoque
2272 1354 2571 1402 metuentes
2619 1350 2746 1417 sibi,
2783 1353 2952 1422 quieti
3000 1337 3378 1415 substiterunt.

1802 1431 2070 1486 (Laterum
2123 1449 2230 1489 non
2277 1436 2482 1491 dudum
2513 1439 2616 1494 hoc
2643 1444 2862 1498 militari
2908 1457 3031 1501 astu
3062 1450 3199 1506 elusi
3240 1467 3377 1507 eon-

1803 1519 2080 1588 quierunt.
2124 1522 2424 1579 Audierant
2452 1527 2596 1581 enim
2622 1529 2734 1597 jam
2756 1548 2918 1602 quam
2951 1536 3233 1593 minimum
3257 1555 3377 1596 esse

1802 1608 2110 1666 Romanum
2143 1616 2460 1681 exercitum,
2515 1634 2690 1688 neque
2716 1637 2922 1690 parem,
2969 1628 3210 1696 quicum
3241 1631 3378 1701 ipsis

1802 1703 1988 1772 praelio
2034 1705 2324 1762 decernere
2361 1720 2562 1778 posset.
2627 1711 2874 1769 Belisarii
2917 1718 3118 1775 milites
3167 1722 3375 1779 interea

1802 1795 1956 1850 valde
2015 1807 2173 1851 erant
2254 1799 2464 1854 alacres
2528 1802 2850 1874 hostemque
2933 1813 3369 1878 contemnebant,

1732 1893 1776 1948 Β
1803 1885 2017 1940 etiamsi
2046 1888 2297 1942 maximis
2333 1889 2504 1959 comis
2522 1891 2577 1944 in
2609 1907 2669 1947 se
2692 1894 2952 1964 impetum
2981 1897 3214 1968 faceret;
3263 1903 3376 1956 viro

1801 1984 1914 2030 tute
1967 1992 2062 2031 sua
2113 1979 2305 2036 bellica
2355 1984 2625 2050 praecipue
2681 1984 2822 2048 freti,
2851 1988 3048 2056 quippe
3081 1993 3224 2060 quod
3259 1993 3371 2049 Ro-

1801 2069 1944 2122 mani
1970 2078 2172 2134 essent,
2210 2083 2263 2124 et
2307 2074 2670 2129 [niaximorum
2701 2081 3066 2147 periculorum
3091 2087 3363 2154 experien-

1799 2163 1871 2216 tia
1928 2164 1978 2215 in
2027 2179 2086 2218 re
2137 2165 2325 2220 bellica
2359 2171 2818 2227 exercitatissimi.
2876 2173 3168 2232 Belisarius
3218 2193 3368 2244 vero,

1797 2253 2169 2310 animadversa
2199 2257 2286 2311 illa
2317 2260 2625 2314 animorum
2649 2261 2901 2326 elatione,
2920 2267 3173 2336 quodque
3197 2270 3370 2341 magis

1796 2362 1958 2416 quam
1983 2357 2253 2416 oporteret
2283 2353 2350 2403 de
2385 2353 2670 2420 pris-teritis
2727 2353 3005 2412 laboribus
3054 2359 3365 2428 gloriantes,

1797 2438 2082 2506 praesentia
2115 2450 2547 2506 contemnerent,
2582 2446 2894 2511 verebatur,
2953 2463 3021 2502 ne
3055 2450 3220 2506 nimis
3252 2452 3370 2509 suis

1795 2529 1993 2598 spebus
2036 2529 2276 2586 habenas
2322 2533 2606 2602 laxarent,
2663 2552 2787 2606 quae
2842 2538 2989 2608 ipsos
3026 2548 3370 2600 transversos

1795 2634 2120 2690 quocunque
2153 2623 2353 2677 vellent
2394 2625 2722 2696 abriperent,
2753 2643 2819 2682 eo
2867 2631 3013 2700 quod
3053 2631 3240 2690 faciles
3273 2635 3370 2690 ad-

1794 2712 2015 2766 modum
2067 2728 2270 2780 rerum,
2316 2732 2454 2785 quas
2506 2720 2963 2790 aggrediebantur
3019 2728 3368 2784 eventussihi

1793 2803 2084 2874 ﬁngebant,
2114 2807 2254 2874 quod
2285 2809 2502 2876 quidem
2545 2826 2612 2863 ne
2635 2812 2706 2864 ita
2743 2815 3002 2880 eveniret,
3029 2818 3284 2873 omnibus
3312 2819 3366 2874 in

1793 2909 1963 2948 unum
2007 2898 2230 2959 coactis,
2291 2897 2454 2951 veluti
2499 2900 2685 2968 praelio
2707 2901 2820 2968 jam
2864 2903 3203 2973 imminente,
3252 2907 3369 2978 ipse

1793 2987 1845 3039 iu
1905 2987 2140 3040 medium
2191 3002 2545 3057 progressus,
2597 2991 2649 3044 in
2720 2994 2867 3048 hunc
2936 2995 3154 3051 modum
3200 2999 3365 3055 verba

1796 3076 1953 3133 fecit:

205 3179 292 3243 ιζ’.
338 3183 461 3248 Οὐχ
489 3183 568 3248 ὡς
600 3182 669 3237 ἐκ
699 3181 875 3249 δέους
904 3182 1081 3252 ὑμᾶς.
1115 3179 1162 3240 ὦ
1200 3185 1246 3218 ⁸⁸
1277 3185 1511 3254 ἄνδρες,
1542 3189 1690 3257 πρὸς

1861 3190 2025 3263 314
2063 3191 2151 3245 Π.
2181 3190 2303 3246 Non
2337 3201 2584 3262 tanquam
2608 3209 2636 3247 e
2662 3205 2802 3249 metu
2829 3213 2939 3264 vos,
2970 3216 3002 3253 ο
3027 3201 3148 3270 viri,
3174 3205 3243 3257 ad
3264 3220 3364 3260 au-

127 3270 200 3324 τὸ
255 3271 492 3340 θαρρεῖν
533 3269 921 3338 ἀναστήσων,
967 3271 1143 3326 τοῦτο
1192 3271 1269 3341 δὴ
1310 3273 1377 3326 τὸ
1425 3274 1539 3342 πρὸ
1571 3275 1690 3328 τῶν

129 3361 428 3416 κινδύνων
452 3364 823 3432 γιγνόμενον,
861 3363 986 3430 ἥκω
1036 3363 1152 3431 τοῖς
1181 3366 1415 3419 εἰωθόσι
1460 3368 1690 3435 χρησό-

123 3469 308 3522 μενος
347 3453 583 3523 λόγοιςο
635 3449 675 3522 ἦ
715 3453 825 3521 γὰρ
871 3452 952 3510 ἂν
999 3453 1098 3507 καί
1132 3455 1527 3524 ἐπιλελῆσθαι
1573 3455 1691 3509 τῶν

129 3542 420 3609 πρότερόν
457 3557 560 3609 μοι
597 3539 668 3608 τῇ
703 3541 878 3608 πείρᾳ
908 3543 1296 3608 γνωσθέντων
1325 3543 1560 3614 δόξαιμι
1593 3545 1687 3609 ἂν,

129 3634 252 3701 εἴγε
278 3634 323 3665 ⁵⁷
378 3632 765 3700 στρατιώταις
829 3633 1146 3702 Ῥωμαίοις,
1199 3637 1269 3689 ἐν
1312 3637 1690 3706 συμπλοκαῖς

127 3726 225 3780 ἀεὶ
256 3723 694 3794 τεθραμμένοις,
717 3723 816 3778 καὶ
846 3726 1168 3793 πολιτείας,
1191 3727 1272 3793 ὡς
1299 3727 1506 3792 εἰπεῖν,
1521 3730 1683 3797 μεγίο

129 3835 294 3873 υτων
324 3816 514 3872 ἐθνῶν
558 3817 943 3884 καθελοῦσιν,
991 3815 1117 3872 εἶτα
1163 3820 1280 3874 νῦν
1328 3834 1686 3888 παραταττο-

122 3911 334 3980 μένοις
386 3907 534 3976 πρὸς
575 3906 917 3976 Βαρϐάρους
967 3907 1232 3975 ἀλήτας,
1293 3909 1393 3963 καί
1439 3912 1686 3976 τούτους

132 4003 404 4066 Οὕνγους
449 4001 547 4054 καί
587 4001 1017 4070 Κοτριτούρους
1062 4003 1128 4068 ⁸³,
1159 4004 1511 4069 παραίνεσιν
1552 4021 1685 4056 τινα

127 4093 282 4164 πρὸς
315 4095 383 4146 τὸ
418 4091 505 4162 μὴ
557 4091 811 4146 δεδιέναι
857 4092 1186 4160 προθήσειν
1218 4095 1281 4148 ιο.
1325 4094 1485 4148 Ἀλλ,
1532 4093 1686 4163 ὀρῶν

126 4187 202 4236 ἐν
229 4183 368 4251 ύμῖν
408 4181 566 4236 πολὺ
614 4182 679 4234 τὸ
719 4181 1137 4250 ὐπερφρονοῦν
1184 4182 1282 4236 καὶ
1320 4187 1686 4254 θρασυνόμε-

126 4290 261 4338 νον,
316 4272 414 4325 καί
467 4273 619 4340 πέρα
685 4269 788 4325 τοῦ
833 4270 1204 4340 καθεστῶτος
1248 4274 1526 4342 ἠρμένον,
1573 4279 1684 4330 οὐκ

126 4366 351 4433 ἄλογον
399 4361 551 4418 εἷναι
594 4363 660 4416 τὸ
715 4362 842 4416 δεῖν
891 4363 1234 4432 ἀναμνῆσαι
1281 4366 1390 4432 τῆς
1434 4367 1684 4433 ἀρχαίας

126 4456 294 4524 ὑμῶν
340 4457 386 4488 ⁸⁸
439 4456 767 4524 εὐκοσμίας
819 4453 1040 4523 ᾠήθην.
1101 4455 1172 4510 Τὸ
1236 4455 1346 4525 γὰρ
1398 4458 1683 4526 ἕκμετρον

1797 3284 2016 3337 tendum
2048 3295 2309 3336 erecturus
2345 3284 2502 3354 (quod
2529 3284 2736 3352 quidem
2764 3299 2886 3341 ante
2911 3291 3099 3358 pralia
3125 3295 3244 3362 fieri
3272 3313 3359 3350 so—

1789 3375 1921 3445 let),
1952 3375 2134 3441 venio,
2177 3376 2436 3427 consuetis
2488 3391 2680 3430 usurus
2728 3379 2912 3432 verbis.
2955 3381 3166 3438 Viderer
3221 3389 3360 3442 enim

1787 3467 2018 3535 profecto
2050 3481 2250 3526 eorum,
2286 3480 2402 3534 qua:
2434 3463 2557 3516 olim
2601 3469 2922 3535 experientia
2951 3473 3068 3540 ipsa
3109 3477 3239 3531 milii
3267 3495 3358 3532 co-

1787 3559 1935 3629 gnita
1963 3568 2105 3624 sunt,
2137 3558 2350 3624 oblitus,
2387 3562 2433 3613 si
2460 3559 2600 3628 apud
2632 3562 2822 3616 milites
2848 3563 3111 3622 Romanos
3141 3571 3196 3623 in
3216 3588 3358 3641 prie-

1786 3650 1873 3703 liis
1898 3665 2099 3718 semper
2122 3651 2366 3702 educatos
2390 3688 2405 3712 ,
2433 3653 2621 3720 quique
2645 3655 2995 3708 maximarum
3023 3673 3181 3730 prope
3204 3664 3354 3719 dixe-

1787 3740 1886 3792 rim
1916 3752 2146 3810 genuum
2188 3757 2266 3792 res
2306 3740 2542 3807 publicas
2583 3755 2891 3810 everterunt,
2932 3765 3070 3802 nunc
3109 3767 3227 3806 uero
3260 3756 3356 3808 ad—

1787 3845 1960 3883 uersus
1999 3846 2150 3899 vagos
2182 3830 2451 3894 barbarus,
2487 3841 2644 3901 atque
2677 3833 2769 3886 hos
2805 3836 3013 3904 quidem
3058 3837 3279 3897 Hunnos
3305 3854 3355 3897 et

1787 3918 2092 3990 Cotriguros
2123 3963 2136 3985 ,
2187 3925 2545 3978 exhortatione
2594 3927 2822 3994 quadam
2872 3932 2939 3982 ad
2985 3936 3354 3990 excutiendum

1788 4022 1978 4066 metum
2005 4017 2398 4068 accotimvodata
2439 4027 2628 4071 uterer.
2671 4017 2773 4072 Sed
2809 4037 2926 4074 cum
2964 4025 3018 4076 in
3063 4027 3201 4080 vobis
3239 4046 3350 4082 ma-

1785 4120 1942 4172 gnam
1967 4107 2262 4158 animorum
2304 4110 2578 4162 elationem
2616 4111 3084 4186 conﬁdentiamque
3105 4119 3352 4175 animad-

1784 4207 1980 4251 vertam
2015 4197 2227 4250 modum
2265 4215 2468 4253 omnem
2507 4202 2829 4257 excedentem
2853 4211 2887 4269 ,‘
2916 4223 3017 4261 non
3055 4209 3146 4263 abs
3186 4228 3240 4266 re
3269 4213 3354 4282 fa-

1785 4295 1964 4339 cturus
1993 4288 2123 4340 milii
2150 4304 2265 4340 sum
2293 4290 2454 4356 uisus,
2485 4293 2531 4344 si
2558 4309 2644 4346 vos
2674 4297 2855 4349 ueteris
2880 4310 3058 4354 restria
3085 4305 3353 4359 modestia:

1783 4379 2294 4446 commonefacerem.
2331 4379 2494 4436 Omne
2519 4385 2657 4437 enim
2684 4386 3083 4443 immoderatum
3116 4409 3350 4461 quacun-

1781 4483 1878 4537 que
1909 4484 1963 4520 ιη
1988 4484 2043 4521 re
2066 4471 2339 4523 uitandum
2359 4483 2435 4526 est
2466 4476 2589 4528 uiris
2620 4479 2872 4541 cordatis,
2900 4481 3111 4534 etiamsi
3134 4485 3203 4535 ad
3224 4485 3347 4538 laet-

126 4547 436 4615 πανταχοῦ
464 4547 807 4615 φυλακτέον
833 4546 956 4612 τοῖς
980 4547 1290 4616 ἔμφροσιν,
1324 4550 1376 4601 εί
1403 4553 1501 4603 καί
1533 4551 1681 4617 πρός

1796 4559 2008 4612 labilem
2038 4560 2265 4629 aliquem
2289 4563 2444 4630 ﬁnem
2481 4566 2680 4629 tendat,
2717 4577 2764 4620 et
2799 4570 2962 4623 nimia
2995 4573 3162 4626 animi
3189 4575 3349 4629 elatio

124 4645 183 4692 τί
211 4637 328 4692 τῶν
355 4638 802 4705 ἐπαινουμένων
825 4639 1152 4707 φερόμενον
1169 4639 1342 4707 τύχοι
1375 4641 1419 4670 ⁸⁸
1444 4656 1456 4668 ·
1497 4640 1592 4692 καὶ
1619 4641 1683 4693 τὸ

123 4730 527 4801 μεγαλαυχεῖν
552 4731 616 4795 ἐς
641 4730 934 4785 τοσοῦτον
952 4729 1075 4796 τοῖς
1103 4736 1616 4800 προϋπηργμένας
1641 4733 1685 4765 ⁸²

124 4825 192 4889 ἐς
241 4822 388 4876 ὅσον
418 4820 535 4876 τῶν
562 4825 780 4890 ὁμοίων
827 4820 926 4874 διὰ
967 4824 1192 4887 παντὸς
1239 4823 1559 4893 τυγχάνειν
1584 4841 1685 4876 πε-

125 4913 387 4980 πεῖσθαι,
436 4914 552 4982 τὴν
578 4915 648 4968 ἐκ
682 4913 789 4968 τοῦ
816 4913 1110 4982 λογισμοῦ
1151 4913 1514 4982 προμήθειαν
1543 4918 1686 4969 ἀπο-

125 5006 371 5058 ϐάλλειν
418 5004 616 5073 φιλεῖ,
674 5004 773 5058 καὶ
831 5004 980 5072 πρὸς
1022 5003 1373 5064 ἀλαζονείαν
1424 5005 1678 5076 ἐξάγειν-

130 5095 259 5160 Τοῖς
295 5095 363 5148 δὲ
406 5099 554 5165 πρὸς
593 5095 768 5150 τοῦτο
799 5095 1128 5164 παρανοίας
1173 5097 1563 5164 ἐληλακόσιν,
1600 5098 1678 5162 ὡς

119 5186 312 5254 μηδὲν
337 5187 538 5241 ὁτιοῦν
559 5187 628 5240 ἐν
656 5186 741 5253 νῷ
767 5188 1030 5242 τίθεσθαι
1057 5187 1178 5242 τῶν
1200 5189 1469 5258 μετρίων,
1494 5185 1609 5241 κᾶν
1632 5191 1676 5220 ⁵³

1781 4649 2121 4720 gloriatioque
2145 4653 2208 4705 de
2249 4655 2400 4707 rebus
2436 4667 2588 4710 antea
2622 4658 2745 4711 bene
2777 4663 2954 4729 gestis,
2983 4679 3086 4733 qua
3126 4667 3349 4721 similem

1779 4749 2024 4808 perpetuo
2070 4759 2364 4798 successum
2407 4760 2545 4800 certo
2585 4750 2731 4802 nobis
2769 4753 3095 4820 pollicemur,
3124 4759 3348 4822 pruden-

1783 4835 1910 4887 tiain
1934 4849 1997 4888 ea:
2023 4836 2216 4887 animis
2249 4837 2530 4906 proﬂigare
2559 4843 2843 4906 consueuit,
2873 4853 2922 4896 et
2950 4846 3019 4896 ad
3049 4847 3347 4914 superbiam

1784 4929 2242 4996 arrogantiamque
2272 4932 2550 4985 concitare.
2583 4933 2684 4998 Qui
2718 4953 2835 4990 vero
2864 4955 2922 4992 eo
2950 4944 3173 4996 uesaniie
3201 4959 3347 4997 uene-

1783 5026 1925 5080 runt,
1957 5029 2010 5070 ut
2041 5019 2171 5070 nihil
2198 5020 2524 5074 moderatum
2551 5027 2726 5078 animo
2755 5031 3072 5098 concipiant,
3107 5034 3147 5084 ii
3169 5035 3247 5087 uel
3276 5037 3345 5087 ad

1788 5107 1950 5160 Deum
1976 5109 2143 5176 ipsum
2170 5113 2573 5180 oppugnandum
2603 5127 2721 5169 sunt
2751 5123 2976 5175 evasuri.
3012 5123 3204 5178 Adltwc
3223 5141 3346 5180 con-

1781 5199 2012 5250 siderare
2041 5198 2200 5251 etiam
2239 5210 2456 5270 oportet,
2496 5207 2634 5274 quod
2671 5213 2876 5263 tametsi
2915 5212 3124 5265 barbari
3151 5216 3344 5270 virtute

1406 5365 1638 5422 νΑιιιΑι
1679 5371 2074 5428 LECTIONES.

187 5520 235 5553 “
248 5519 718 5590 ἀπαγγελλοῦντας
743 5519 808 5575 R.
872 5521 915 5554 ⁸³
929 5520 1034 5576 Pro
1053 5539 1116 5591 γε
1133 5521 1268 5577 lite.
1315 5526 1361 5558 ⁸³
1376 5525 1553 5590 πόνοις
1571 5543 1679 5582 om.
1709 5525 1924 5582 Suid.s.
1958 5547 2004 5582 ν.
2032 5531 2382 5602 βρενθύεσθαι
2437 5535 2878 5610 ⁵³παρεισδοῦναι
2900 5537 3338 5630 [ἢπαρεισδήνιξι

187 5591 228 5630 ιΙι
279 5589 379 5630 pm-
473 5590 521 5622 “
549 5587 642 5630 m‘iu
673 5606 760 5630 nm
818 5590 855 5630 Ω
909 5591 1202 5630 mia-ﬁnium.
1233 5592 1272 5630 Ω
1374 5596 1421 5627 ιι
1448 5598 1881 5630 ὶιηριηιεινΛ-ρλ..κ
1921 5609 1968 5630 ιιι
2005 5602 2147 5630 tui..-
2192 5606 2495 5630 .'......:..-_.-
2564 5609 2924 5630 ____n______-.'__
2995 5615 3080 5630 _.__.
3112 5629 3115 5630 ,
3217 5617 3259 5630 ..ι

123 5587 251 5658 Sph.
274 5587 422 5646 Par.
473 5590 521 5622 “
549 5587 784 5682 mimum:
818 5590 881 5645 Β.
909 5587 1202 5663 συμϐαῖνον
1231 5592 1298 5648 R.
1374 5596 1421 5627 “
1447 5587 1820 5667 ἐφεστηκότος
1843 5599 1886 5651 li
1920 5609 1973 5652 et
2005 5587 2167 5672 inipr.
2192 5587 2966 5682 imminente,:“sialiearqitéto;
2995 5587 3139 5682 vuig.
3215 5587 3261 5647 ⁵⁸⁸
3292 5608 3340 5667 ὦ

123 5672 202 5682 ..-Α
263 5661 298 5682 ι.
397 5661 442 5682 υ
481 5661 583 5682 ,που
785 5663 805 5682 .
839 5663 977 5682 .,___
1014 5663 1130 5682 ηιμ
1194 5663 1266 5682 ν..
1317 5673 1352 5682 γ.
1461 5667 1471 5682 .
1607 5669 1649 5682 ι.
1818 5670 1867 5682 η,
2027 5671 2062 5682 η
2226 5673 2248 5682 -
2293 5674 2304 5682 .

120 5672 228 5714 om.
262 5661 325 5716 ιι.
397 5661 442 5693 ⁸⁷
477 5661 586 5714 εῖτε
625 5659 690 5715 R.
763 5662 806 5694 ⁸³
837 5659 1204 5733 Κοτρίγόρους
1227 5663 1272 5716 ll
1304 5673 1358 5720 et
1385 5659 1528 5790 vulgi

120 5733 298 5785 ueteris
323 5732 804 5790 uestraemodestiaa.
846 5733 990 5790 ὑμᾶς
1030 5734 1172 5790 vulg.
1251 5736 1294 5766 “
1328 5735 1461 5790 τύνη

119 5733 298 5785 ueteris
323 5741 503 5814 uestrae
520 5732 806 5814 modestiae,
846 5732 993 5814 ὑμᾶς
1030 5734 1175 5814 vulg1
1251 5736 1294 5814 ξι
1328 5735 1462 5814 τύχη

119 5813 226 5863 νοις
258 5819 270 5855 :
314 5803 460 5856 rebus
489 5801 613 5856 olim
638 5805 835 5874 egregie
863 5801 1042 5875 gestis.

1605 5669 2000 5754 ‘rfrpoaiiﬁosw
2024 5669 2562 5754 Βίπροθεὶίηνςυοιῇ.
2589 5679 2672 5733 Cl.
2713 5751 2721 5754 _
2748 5669 2798 5710 ⁸⁸
2824 5669 2978 5754 ὑμῶν
3007 5682 3047 5733 li
3078 5669 3134 5737 ἔι
3164 5684 3333 5754 intpr.

1627 5739 1672 5769 δ’
1704 5739 2222 5823 προϋπηργσμένοις
2253 5739 2341 5823 εις
2373 5739 2534 5819 ἰιιιρτῖ
2591 5751 2803 5820 legebat
2841 5739 3301 5823 προῦπειργασιὶέ
3327 5791 3331 5795 -

1123 5805 1176 5838 ⁸³
1211 5805 1318 5861 κᾶν
1344 5805 1532 5876 mm
1569 5805 1819 5879 Lugd.'et
1843 5805 2069 5879 τᾶξω-,⁷,
2103 5812 2222 5866 κατ’
2254 5805 2379 5872 Par.
