4188 6438
125 398 241 464 1577

118 512 383 580 ηγμένον.
413 510 573 563 ἀλλὰ
609 505 682 574 τῇ

118 602 402 668 τιιληφθὲν
431 601 523 652 καὶ
558 593 1034 662 πεπιστευμένον
1065 591 1110 620 ⁸⁸
1187 583 1347 637 Ἀλλ’
1378 583 1526 646 ἷσως
1549 580 1676 648 ἐρεῖ

119 708 196 754 τις
244 688 442 758 ὑμῶν,
493 690 573 752 ὡς
622 689 734 755 οὐχ
781 679 909 736 οἷόν
950 696 1014 733 τε
1063 679 1106 710 ⁸⁷
1156 677 1344 745 φύσιν
1387 672 1670 741 γενναίαν

115 783 363 849 εὐλόγως
389 779 667 850 ὁρμῶσαν
695 777 763 835 ⁸⁸.
801 774 899 827 καὶ
925 772 1030 826 τοῦ
1053 767 1302 840 μοχθεῖν
1345 763 1670 829 διαπαντὸς

114 871 450 940 ἐφιεμένην,
503 870 588 942 [Ρ.
644 869 770 938 H55]
824 862 949 919 εἶτα
1003 862 1118 916 νῦν
1164 861 1385 926 ἀθρόον
1426 857 1670 925 ἐπέχειν

115 963 203 1014 καὶ
245 960 551 1026 ,ϐιάζεσθαι
585 959 733 1028 πρὸς
773 957 840 1011 τὸ
880 954 1143 1025 ἠρεμοῦν
1178 950 1276 1004 καὶ
1321 947 1666 1018 ὑφειμένον,

113 1055 205 1106 καὶ
249 1054 396 1120 πέρα
436 1053 548 1120 τῆς
585 1052 854 1121 ανάγκης
893 1047 1125 1118 μέλλον
1167 1043 1266 1096 καὶ
1299 1041 1669 1108 βουλευόμε-

115 1159 234 1204 νον,
248 1141 512 1212 μάλιστα
537 1137 1121 1208 δυσανασχετοῦσαν
1141 1133 1230 1203 ἐφ’
1251 1129 1340 1198 οἷς
1354 1131 1482 1186 καθ’
1497 1129 1669 1200 ήμῶν

112 1236 166 1287 ol
219 1234 516 1303 _de€apoc
561 1231 912 1299 παροινοῦσι
932 1270 947 1294 ,
1007 1229 1290 1299 φέροντες
1344 1227 1388 1260 ⁸⁸
1444 1224 1670 1293 ἀνέδην

113 1325 366 1388 ἅπαντα,
408 1327 506 1377 καὶ
551 1325 686 1393 παρ’
729 1323 926 1390 αὐτὴν
968 1323 1166 1389 δήπου
1215 1322 1331 1389 τὴν
1373 1319 1670 1385 ,ϐασιλίδα

71 1414 78 1421 ’
113 1419 283 1470 πόλιν
309 1416 416 1481 τὰς
451 1416 745 1484 ἐκδρομὰς
781 1415 1076 1468 ποιεῖσθαι
1104 1413 1460 1482 τολμῶντες.
1505 1413 1670 1480 ’Ἑχει

105 1511 216 1576 μὲν
243 1505 355 1562 οὖν
387 1509 433 1540 ⁷⁰
462 1509 616 1562 οὕτω
649 1509 857 1572 ταῦτα,
886 1508 982 1562 καὶ
1015 1507 1363 1572 βεεαιοῦται
1393 1504 1468 1573 τῇ
1497 1506 1673 1574 πείρᾳ

111 1599 177 1650 τὸ
206 1600 626 1668 προσηκόντως
669 1600 825 1668 ὑμᾶς
868 1600 993 1666 τοῖς
1026 1601 1336 1667 πολεμίοις
1383 1599 1423 1630 ⁷⁸
1459 1597 1675 1667 ὀργίζε-

111 1692 264 1742 σθαι.
293 1684 393 1754 Οἷς
434 1692 544 1760 γὰρ
574 1690 1067 1761 συνεκεχώρηντο
1102 1690 1415 1757 πρότερον,
1464 1690 1536 1742 οὐ
1573 1703 1676 1757 με-

110 1783 278 1848 τρίως
303 1782 644 1850 ἐχρήσαντο
665 1799 680 1815 ·
706 1783 873 1850 πλὴν
917 1782 1083 1838 ἀλλὰ
1108 1783 1206 1836 καὶ
1243 1782 1386 1836 λίαν
1402 1780 1670 1851 ἐφικτὸν,

112 1876 286 1944 οἶμαι,
324 1875 450 1942 τοῖς
494 1876 812 1945 ἔμφροσιν,
845 1875 1144 1943 περιελεῖν
1185 1874 1304 1946 μέν
1337 1873 1444 1928 τοῦ
1483 1870 1676 1941 θυμοῦ

111 1967 179 2020 τὸ
222 1967 488 2035 μεμηνὸς
528 1966 626 2020 καὶ
666 1966 1023 2036 ταραχῶδες,
1075 1967 1171 2021 καὶ
1218 1965 1344 2032 τοῖς
1418 1979 1678 2032 προστυ-

111 2059 328 2130 χοῦσιν
356 2059 647 2129 ἐγχειρεῖν
683 2059 1094 2125 ἀνεξετάστως
1120 2059 1376 2127 ιέμενον,
1401 2055 1680 2126 κατέχειν

112 2152 182 2204 δέ
213 2153 402 2220 μόνον
443 2151 628 2206 αὑτοῦ
683 2151 752 2205 τὸ
789 2149 1202 2220 μεγαλουργόν
1245 2165 1310 2202 τε
1369 2149 1470 2203 καὶ
1513 2149 1680 2218 ἄτρε-

112 2260 283 2308 πτον,
330 2244 428 2298 καὶ
480 2244 631 2313 πρὸς
677 2245 784 2307 τὰς
816 2239 1198 2306 ἐναντιώσεις
1231 2239 1508 2310 ἁντέχον.
1559 2239 1682 2296 Τῶν

114 2337 224 2406 γὰρ
252 2334 360 2404 τῆς
390 2334 597 2406 ψυχῆς
628 2329 969 2400 κινημάτων
998 2329 1070 2384 τὰ
1093 2330 1212 2401 μὲν
1238 2330 1355 2386 ὅσα
1378 2331 1681 2400 πεφύκασι

114 2428 374 2495 καθαρὸν
417 2428 585 2490 ἔχειν
648 2421 749 2476 και
807 2423 1134 2492 ἀκραιφνὲς
1183 2421 1251 2476 τὸ
1297 2424 1536 2491 αἱρετὸν
1585 2423 1683 2476 καὶ

115 2519 398 2584 καθῆκον,
429 2517 660 2570 τούτων
690 2514 948 2582 ἐντελῶς
976 2516 1074 2570 καὶ
1101 2515 1178 2585 δὴ
1207 2516 1548 2572 ἀνθεκτέον.
1584 2514 1685 2582 Οἷς

112 2610 182 2663 δέ
221 2609 463 2679 μέτεστι
509 2609 609 2662 καὶ
646 2607 759 2678 τῆς
804 2609 954 2677 πρὸς
1000 2609 1288 2662 τάναντία
1326 2606 1558 2678 τροπῆς
1586 2609 1685 2663 καὶ

113 2701 447 2764 ἐκνεύσεως
474 2702 544 2761 ⁷⁸,
571 2700 803 2765 τούτοις
845 2701 917 2753 οὐ
945 2698 1044 2753 διὰ
1086 2699 1328 2752 πάντων
1364 2698 1683 2768 χρηστέον,

114 2793 251 2849 ἀλλ’
276 2794 342 2860 ἐς
376 2792 528 2847 ὅσον
567 2791 785 2862 ἔχουσι
827 2791 897 2846 τὸ
936 2792 1266 2862 συμφέρον.
1303 2792 1373 2847 Τὸ
1411 2793 1528 2863 μὲν
1573 2789 1688 2850 οὖν

113 2885 382 2955 φρονοῦν
405 2884 614 2955 ἀμιγὲς
639 2884 868 2954 ἀγαθὸν
908 2885 1004 2939 καὶ
1058 2885 1387 2940 ἀνόθευτον
1425 2883 1689 2953 ἅπαντες

113 2975 268 3033 εἶναι
294 2975 546 3047 φήσοιτε
578 2975 676 3030 ἄν.
711 2976 824 3044 Τῆς
855 2974 924 3030 δὲ
961 2975 1146 3046 ὀργῆς
1185 2977 1252 3030 τὸ
1274 2978 1392 3047 μὲν
1424 2977 1688 3046 among-

105 3087 248 3141 ριον
281 3069 550 3133 εὐκλεὲς,
578 3068 644 3122 τὸ
672 3066 742 3120 δέ
761 3067 987 3135 θράσος
1014 3068 1062 3100 ⁷³
1087 3069 1352 3137 φευκτὸν
1374 3069 1468 3124 καὶ
1498 3070 1693 3138 ἀσύμ-

1257 371 1792 440 HISTORIARUM
1823 370 2052 431 LIBER
2081 372 2148 432 V.

735 505 928 572 κρίσει
973 499 1038 553 τὸ
1080 497 1330 562 ,ϐέϐαιον
1357 491 1522 558 ἔχειν
1560 501 1695 542 ita»

1786 485 1864 536 :ed
1884 484 2092 552 judicio
2119 484 2188 536 sit
2222 485 2532 551 conﬁrmata
2563 493 2613 536 et
2647 483 2903 536 stabilita.
2935 481 3038 536 Sed
3068 483 3200 536 dicet
3235 486 3344 554 {or-

3207 369 3339 437 1578

1775 579 1915 628 sitan
1946 575 2138 645 aliquis
2176 585 2425 640 vestrum,
2463 576 2624 646 317
2659 591 2762 628 non
2799 592 2948 645 posse
2978 584 3227 628 naturam
3261 596 3345 647 ge-

1771 681 2010 718 nerosam
2041 675 2091 719 et
2125 668 2322 734 impetu
2365 668 2561 721 rationi
2600 679 2948 721 consentanea
2989 668 3307 722 concitatam
3331 711 3346 733 ,

1769 767 1820 809 et
1849 756 2044 810 laboris
2073 766 2320 825 perpetuo
2354 767 2678 825 appetentem
2702 799 2716 820 ,
2750 775 2884 811 nunc
2913 762 3190 829 confestim
3223 760 3352 812 inhi-

1771 849 1880 902 beri
1907 858 1957 902 et
1995 849 2109 918 cogi
2141 850 2209 901 ad
2237 849 2462 918 quietem
2495 861 2544 904 et
2578 851 2938 905 remissionem
2983 862 3032 905 et
3069 869 3246 906 moras
3290 869 3354 906 ac

1769 942 2168 996 deliberationes
2209 940 2473 1012 longiores
2498 983 2514 1007 ,
2558 959 2713 1012 quam
2756 944 3038 998 necessitas
3082 945 3306 1010 postulet
3335 988 3350 1010 ,

1769 1035 2034 1103 prtecipue
2069 1050 2187 1088 cum
2219 1035 2490 1104 tegerrime
2524 1033 2662 1104 [erat
2682 1076 2698 1100 ,
2737 1035 2988 1088 barbaros
3019 1035 3148 1089 adeo
3177 1048 3354 1092 cantu-

1771 1127 1985 1180 meliose
2017 1125 2163 1179 nobis
2192 1127 2473 1192 insultare,
2498 1128 2776 1196 omniaque
2797 1128 3091 1196 promiscue
3118 1144 3273 1198 agere
3297 1147 3356 1182 ac

1775 1219 1933 1288 ferre,
1961 1219 2092 1272 adeo
2132 1228 2189 1272 ut
2222 1221 2290 1272 ad
2321 1220 2488 1288 ipsam
2530 1235 2691 1289 usque
2730 1221 2927 1290 regiam
2961 1219 3142 1274 urbem
3170 1237 3362 1275 εποντο·

1775 1314 1946 1365 siones
1975 1311 2148 1380 facere
2187 1312 2442 1366 audeant.
2475 1315 2602 1366 Hac
2636 1311 2846 1381 quidem
2880 1321 2953 1364 ita
2982 1329 3035 1366 se
3069 1315 3280 1375 habent,
3310 1322 3362 1367 et

1775 1404 2101 1472 experientia
2130 1405 2244 1474 ipsa
2275 1403 2646 1474 comprobatur
2669 1415 2862 1458 merita
2885 1420 2971 1460 vos
2998 1405 3053 1457 in
3081 1405 3253 1461 hostes
3281 1408 3362 1460 ira

1775 1497 2153 1565 inﬂammatos.
2170 1494 2409 1548 Lenitate
2428 1496 2566 1548 enim
2591 1496 2949 1566 patientiaque
2971 1508 3142 1550 vestra
3167 1513 3363 1567 nequa-

1776 1605 1930 1659 quam
1977 1587 2245 1642 moderate
2279 1589 2363 1641 usi
2403 1601 2543 1642 sunt.
2595 1587 2966 1642 Verumlatttett
3010 1589 3159 1643 valde
3201 1591 3366 1643 etiam

1777 1681 1936 1751 facile
1946 1681 2263 1749 judicarim,
2292 1681 2419 1735 viris
2462 1681 2693 1734 cardatis
2727 1696 3046 1750 compescere
3075 1691 3124 1735 et
3153 1681 3368 1736 submo-

1780 1790 1896 1828 vere
1920 1775 1984 1827 ab
2006 1774 2089 1826 ira
2119 1773 2352 1843 furorem
2375 1782 2426 1827 et
2448 1771 2917 1843 perturbationem,
2937 1783 2985 1828 et
3007 1773 3366 1828 inconsultum

1781 1868 1852 1920 ad
1882 1883 1984 1933 res,
2014 1882 2132 1938 qua
2157 1865 2306 1922 nobis
2337 1883 2448 1920 sese
2473 1866 2728 1936 o/ferunt,
2757 1867 3030 1936 impetum,
3060 1876 3368 1937 tantumque

1779 1975 1844 2015 ea:
1872 1976 1936 2015 ea
1968 1961 2134 2014 animi
2163 1961 2579 2032 magnitudinem
2621 1962 3078 2032 constantiamque
3114 1963 3366 2022 retinere,

1779 2061 1830 2106 et
1859 2051 2258 2106 adversantibus
2300 2050 2549 2105 absistere
2572 2065 2592 2104 .‘
2635 2069 2760 2106 nam
2789 2069 2851 2106 ex
2888 2054 3082 2106 anian
3137 2053 3368 2106 motibus

1781 2149 2076 2217 quicunque
2105 2160 2234 2214 pure
2261 2154 2418 2216 atque
2442 2145 2640 2199 sincere
2667 2155 2927 2200 suntcum
2960 2147 3228 2200 honestate
3257 2147 3372 2216 oﬂ'i-

1782 2240 1962 2309 cioque
2005 2245 2344 2308 congruentes
2381 2247 2431 2291 et
2478 2237 2796 2307 expetendi,
2835 2238 2878 2292 ii
2919 2239 3095 2308 utique
3134 2237 3374 2292 absolute

1783 2341 1903 2386 sunt
1935 2331 2315 2401 amplectendi:
2341 2330 2432 2400 qui
2459 2346 2577 2386 vero
2601 2332 2763 2385 etiam
2793 2332 2850 2384 in
2874 2332 3147 2386 contraria
3178 2339 3374 2386 nutant

1785 2440 1847 2477 ac
1871 2433 2110 2494 vergunt,
2141 2423 2209 2476 iis
2235 2439 2340 2477 non
2373 2431 2622 2492 perpetuo
2659 2432 2737 2478 est
2776 2423 3056 2490 utendum,
3093 2425 3197 2478 nisi
3242 2440 3377 2494 qua-

1790 2533 1940 2571 renus
1990 2518 2282 2570 utilitatem
2319 2515 2572 2585 afferunt.
2602 2513 2957 2570 Prudentiam
2981 2517 3159 2584 itaque
3183 2531 3378 2583 purum

1787 2611 2102 2680 minimeque
2122 2607 2485 2664 adulterinum
2515 2607 2710 2664 bonum
2744 2624 2876 2676 esse,
2909 2625 3015 2663 non
3037 2609 3373 2678 negaveritis,

1788 2699 1961 2754 credo.
1992 2696 2058 2752 In
2079 2699 2166 2752 ira
2195 2714 2316 2752 vero
2344 2698 2640 2752 acrimonia
2666 2699 2879 2769 quidem
2906 2709 2957 2754 et
2985 2700 3276 2754 strenuitas
3297 2709 3376 2755 est

1788 2790 2112 2845 laudabitis:
2140 2791 2371 2844 audacia
2398 2806 2517 2844 vero
2548 2789 2822 2861 fugienda,
2849 2801 2907 2845 ut
2935 2792 3131 2845 damno
3157 2809 3262 2845 non
3287 2809 3380 2846 va-

1789 2899 1938 2936 cans.
1973 2881 2140 2952 318
2177 2881 2440 2946 Quocirca
2467 2881 2520 2935 id
2543 2881 2683 2954 quod
2709 2884 2766 2938 in
2792 2883 2879 2938 ira
2915 2893 2993 2938 est
3018 2883 3272 2954 optimum
3295 2884 3381 2938 de-

1791 2976 2026 3047 ligentes,
2065 2976 2446 3044 prudentiaque
2491 2990 2573 3030 res
2610 2975 2865 3046 gerendas
2902 2986 3268 3046 temperantes.
3303 2980 3381 3030 ita

1791 3069 2001 3122 demum
2045 3069 2274 3139 ﬁdenter
2297 3069 2354 3122 in
2401 3069 2598 3123 hostem
2645 3085 2848 3133 eamus,
2887 3070 3078 3139 quippe
3121 3071 3211 3140 qui
3251 3070 3383 3124 nihil

114 3178 324 3233 φορον.
372 3159 610 3214 Οὐκοῦν
639 3161 706 3212 τὸ
741 3160 858 3230 μέν
893 3159 1040 3214 ὅλον
1064 3159 1172 3228 τῆς
1211 3160 1278 3214 δέ
1314 3162 1362 3193 ⁷⁸
1391 3162 1457 3216 τὸ
1481 3163 1689 3228 ,ϐέλτι-

1794 3178 1996 3226 eorum,
2025 3178 2142 3232 quae
2171 3163 2466 3216 necessaria
2498 3171 2647 3226 sunt,
2673 3161 3074 3232 neglexerimus.
3114 3163 3228 3215 Hoc
3258 3173 3376 3216 tan-

113 3272 272 3309 στον
307 3254 740 3321 ἐξαιρούμενοι,
783 3251 884 3305 καὶ
928 3253 1219 3321 φρονήσει
1250 3255 1316 3309 τὸ
1359 3257 1691 3324 κατορθοῦν

114 3345 574 3416 ἀναμιγνύντες,
625 3344 804 3412 ἴωμεν
841 3346 995 3398 οὕτω
1036 3346 1158 3399 σὺν
1187 3350 1493 3417 παρρησίᾳ
1541 3353 1693 3403 κατὰ

111 3439 242 3493 τῶν
294 3437 630 3507 δυσμενῶν.
668 3438 748 3502 ὡς
799 3436 1050 3506 οὐδενὸς
1093 3441 1236 3508 ἡμῖν
1285 3439 1402 3494 τῶν
1434 3441 1694 3496 δεόντων

112 3530 564 3600 περιοφθέντος.
616 3528 954 3583 Γινώσκειν
994 3529 1102 3599 γὰρ
1137 3531 1326 3599 μόνον
1372 3531 1581 3601 χρεὼν,
1615 3534 1690 3599 ὡς

112 3623 490 3694 ἀγωνιστέον
514 3622 561 3653 ⁷⁸
604 3621 755 3691 πρὸς
787 3621 1011 3690 ἄνδρας
1049 3621 1414 3694 βαρϐάρους,
1467 3624 1695 3682 ἐπιέναι

103 3721 236 3791 μὲν
282 3716 759 3788 λῃστρικώτερον
809 3717 1206 3788 εἰθισμένους,
1273 3718 1373 3772 καὶ
1407 3722 1695 3788 λαθραίας

111 3812 382 3887 ἐφόδους
419 3813 716 3868 ποιεῖσθαι
747 3811 897 3882 πρὸς
923 3811 991 3865 δέ
1029 3811 1389 3880 παρατάξεις
1413 3812 1697 3882 ἐμφανεῖς

112 3911 198 3962 οὐ
218 3906 386 3976 μάλα
412 3902 962 3975 γεγυμνασμένους,
993 3900 1138 3956 οὐδέ
1162 3901 1291 3969 ταῖς
1315 3903 1701 3972 συμπλοκαῖς

109 3997 501 4068 ἐγκαρτερεῖν
535 3994 984 4061 παιδευθέντας.
1022 3992 1298 4062 Ὁρῶν-τες
1323 3993 1391 4048 δέ
1418 3994 1536 4048 νῦν
1558 4011 1701 4049 στα-

110 4091 266 4145 δίαν
292 4089 496 4158 μάχην
527 4087 659 4142 κατ’
696 4085 896 4141 αὐτῶν
932 4087 1534 4157 παρεσκευασμένην,
1564 4088 1703 4155 ἐρυο

102 4182 330 4255 μάτων
367 4197 430 4234 τε
459 4180 558 4234 καὶ
609 4179 940 4248 περιϐόλων
980 4177 1154 4244 ἐκτὸς
1194 4177 1264 4232 τὸ
1301 4179 1704 4234 ἀντιστατοῦν

110 4276 226 4331 καὶ
277 4272 657 4342 ἀμυνόμενον
699 4270 799 4324 ἐπὶ
842 4269 1254 4338 στρατοπέδου
1299 4271 1706 4341 συντεταγμέ-

107 4381 258 4428 νον,
300 4361 678 4417 ἀποϐαλοῦσι
710 4359 830 4429 μὲν
869 4359 1021 4413 κατὰ
1043 4359 1111 4413 τὸ
1134 4359 1296 4425 εἰκὸς
1337 4361 1410 4414 τὰ
1442 4366 1707 4416 συνειθι-

1798 3265 1908 3308 tum
1945 3255 2176 3308 sciamus
2220 3263 2462 3323 oportet,
2503 3253 2878 3307 decertandum
2917 3254 3070 3308 nobis
3111 3271 3222 3308 esse
3261 3272 3384 3309 cum

1799 3348 2096 3401 hominibus
2123 3346 2384 3411 barbaris,
2411 3348 2501 3416 qui
2532 3348 2839 3415 prazdmtum
2869 3348 2924 3400 in
2957 3363 3152 3401 morem
3178 3348 3382 3402 adoriri

1800 3441 2131 3510 occultosque
2158 3439 2389 3492 insultus
2437 3439 2612 3508 facere
2656 3449 3057 3502 consueverunt,
3095 3441 3164 3494 ad
3199 3451 3384 3508 aperta

1800 3549 1918 3586 vero
1963 3532 2150 3604 praelia
2183 3548 2286 3586 nan
2331 3531 2616 3584 admodum
2650 3541 2773 3584 sunt
2800 3532 3098 3602 exercitati,
3133 3549 3292 3606 neque
3328 3535 3381 3592 iu

1802 3625 2134 3694 conﬂictibus
2163 3621 2452 3693 perdurare
2487 3622 2651 3678 docti.
2704 3622 2863 3678 Nunc
2902 3634 3079 3680 autem
3115 3638 3382 3682 cernentes

1803 3718 2086 3770 statarium
2130 3733 2359 3787 pugnam
2397 3718 2452 3770 in
2492 3733 2547 3771 se
2586 3719 2859 3787 apparari,
2903 3727 2954 3772 et
2993 3732 3146 3772 extra
3184 3720 3384 3775 vallum

1803 3809 2197 3880 propugnacula
2226 3818 2275 3862 et
2301 3826 2479 3862 muros
2510 3811 2614 3863 vim
2637 3826 2839 3864 omnem
2864 3812 3148 3865 absistendi
3170 3829 3233 3866 ac
3263 3830 3386 3881 pro»

1803 3904 2048 3974 pulsandi
2080 3904 2135 3956 in
2169 3905 2398 3958 exercitu
2429 3905 2793 3969 constitutam,
2825 3905 3117 3973 deposituri
3143 3915 3266 3960 sunt
3298 3923 3386 3960 re-

1806 3995 2104 4050 risimiliter
2125 4005 2347 4050 veterem
2367 4012 2518 4049 suant
2553 3996 3004 4060 consuetudinem,
3034 4014 3193 4067 eaque
3216 3999 3362 4052 addu

1806 4101 2006 4150 centur,
2038 4100 2095 4141 ut
2124 4090 2392 4142 nobiscum
2421 4089 2744 4144 misceantur
2768 4099 2818 4143 et
2842 4090 3038 4144 collato
3064 4090 3191 4159 pede
3223 4091 3387 4145 armis

1809 4182 2110 4244 decernant,
2139 4181 2351 4235 docente
2379 4181 2522 4249 ipsos
2553 4182 2883 4236 necessitate.
2921 4181 3076 4237 Vobis
3105 4199 3224 4243 vero
3256 4200 3388 4252 pru-

1810 4277 1989 4328 denter
2019 4290 2128 4327 rem
2159 4271 2454 4344 gerentibus
2488 4277 2762 4344 patrioque
2797 4274 2980 4328 ordine
3005 4291 3068 4328 ac
3108 4275 3390 4345 disciplina

1811 4366 2075 4421 utentibus
2107 4368 2438 4436 actionesque
2466 4379 2676 4421 nostras
2707 4377 2846 4420 recto
2870 4369 3092 4421 consilio
3110 4368 3391 4422 moderan-

112 4457 330 4527 σμένα
350 4472 363 4484 ·
394 4452 900 4522 περιαχθήσονται
935 4449 1005 4504 δέ
1030 4453 1180 4519 πρὸς
1225 4451 1294 4505 τὸ
1336 4452 1576 4521 ἐμμίξαι
1605 4455 1695 4507 καὶ

1815 4461 1972 4524 tibus,
2008 4468 2314 4529 cognoscent
2361 4461 2557 4524 reipsa,
2585 4469 2783 4530 quanto
2822 4460 2878 4514 id
2899 4501 2918 4528 ,
2951 4461 3091 4530 quod
3131 4463 3393 4516 exercita-

111 4547 559 4620 προσπελάσαι
619 4546 719 4600 καὶ
761 4543 1080 4612 συστάδην
1125 4543 1588 4614 διαγωνίζεσθαι,
1629 4547 1695 4599 δι.

1812 4553 1950 4606 tione
1983 4561 2264 4622 nostraque
2287 4552 2553 4606 voluntate
2571 4561 2621 4605 et
2648 4554 2825 4606 studio
2855 4561 2934 4607 est
2959 4555 3297 4623 acquisitum,
3328 4570 3394 4607 ea:

108 4643 491 4709 damnatione
537 4639 760 4705 αὐτοὺς
808 4638 921 4706 τῆς
970 4636 1271 4705 ἀνάγκηςο
1324 4638 1493 4704 πλὴν
1548 4641 1695 4694 ἀλλά

1817 4644 2132 4713 temporaria
2164 4652 2212 4698 et
2245 4652 2424 4698 coacta
2451 4659 2656 4713 semper
2687 4645 2757 4699 sit
2791 4646 3156 4713 priestantius.

113 4733 614 4805 σωφρονούντων
653 4728 822 4797 ἡμῶν
848 4731 948 4784 καὶ
986 4728 1060 4798 τῇ
1087 4729 1309 4798 πατρίῳ
1350 4729 1515 4793 τάξει
1557 4732 1896 4800 χρωμένων,
1964 4735 2064 4788 καὶ
2145 4736 2272 4804 μετ’
2315 4736 2638 4802 εὐϐουλίας
2672 4736 2772 4790 ἐπὶ
2816 4735 2889 4789 τὰ
2959 4736 3225 4804 πρακτέα
3285 4753 3393 4805 χω-

104 4827 429 4896 ρούντων,
458 4821 726 4874 εἴσονται
761 4819 859 4874 διὰ
903 4819 1013 4886 τῆς
1047 4821 1277 4888 πείρας,
1315 4821 1397 4887 ὡς
1427 4821 1510 4888 τῷ
1576 4825 1753 4877 παντὶ
1791 4827 2061 4894 κρεῖττον
2121 4825 2216 4881 ἀεὶ
2253 4826 2320 4881 τὸ
2359 4825 2828 4897 προησκημένον
2860 4827 2904 4858 ⁷⁸
2945 4828 3043 4881 καὶ
3079 4826 3147 4882 τὸ
3187 4822 3396 4882 αὐθαι-

104 4933 318 4990 petor
364 4916 408 4946 ⁷⁷
456 4914 562 4968 τοῦ
611 4913 1014 4982 αὐτοσχεδίου
1079 4913 1180 4967 καὶ
1234 4915 1722 4985 ἠναγκασμένου.

203 5009 299 5064 ιϐ’.
345 5006 598 5062 Τοσαῦτα
638 5009 738 5078 μὲν
770 5010 799 5061 ὁ
827 5007 1136 5079 Βελισάριος
1167 5004 1342 5064 εἶπεν.
1373 5011 1437 5063 Οἱ
1468 5009 1524 5063 δὲ
1555 5027 1695 5080 ospes

1898 5011 1982 5065 t9.
2015 5009 2111 5065 llis
2128 5009 2290 5066 dictis
2315 5009 2608 5065 Belisarius
2637 5009 2802 5066 ﬁnem
2829 5010 2976 5066 fecit.
3008 5010 3242 5067 Romani
3269 5028 3396 5068 vero

113 5103 336 5158 τιῶται
389 5099 792 5171 ιιεταμαθὸντες
822 5100 886 5153 τὸ
925 5098 1083 5172 λῷον,
1119 5102 1327 5172 εἴχοντο
1374 5101 1475 5171 μὲν
1517 5103 1612 5157 καὶ
1640 5101 1695 5156 ὣς

1825 5104 2230 5174 resipisoontes,
2259 5105 2598 5161 retinuerunt
2625 5107 2844 5178 quidem
2877 5108 3040 5163 etiam
3081 5108 3152 5162 ita
3180 5106 3398 5164 fortitu-

1423 5293 1660 5350 νΑιιιΑῑ
1689 5295 1983 5352 LECTION
1992 5297 2092 5352 ES.

202 5479 260 5556 σς*
298 5475 440 5556 agn
467 5504 534 5514 ——
567 5473 999 5556 πεπξςτευιιένον
1032 5474 1221 5556 anuli
1250 5485 1303 5529 et
1332 5477 1498 5556 impr.
1649 5479 1724 5556 ᾡς
1739 5481 1838 5556 οὐχ
1865 5475 1977 5534 οἷόν
1989 5497 2048 5556 τε
2067 5481 2192 5556 add.
2218 5497 2282 5556 es
2308 5481 2353 5534 Β
2379 5484 2616 5556 etintpr.
2638 5483 3058 5555 haudquanuam
3087 5502 3253 5556 posse,
3280 5500 3388 5545 ate.

118 5553 175 5627 υξ
217 5545 660 5627 ὀργώσςιπιιροιιρΖ
686 5546 816 5627 Bon.
837 5544 1014 5627 βίοις.
1089 5547 1132 5577 ⁸³
1161 5544 1549 5627 ξξτονιρὲροντες
1574 5549 1617 5602 Ρι
1653 5544 1929 5627 ξειςιῶνξές.Δ
2068 5547 2162 5604 οὖν
2184 5553 2306 5627 add.
2332 5567 2396 5608 ex
2442 5553 2506 5606 Ιί.
2534 5544 2547 5553 ’
2569 5555 2628 5627 _“
2653 5558 2768 5617 τοῖς
2795 5544 3144 5627 ’πολεμίοις’-τ
3163 5544 3392 5627 ἐφικτὸν

115 5615 304 5698 οἶμαι
329 5633 446 5669 om.
477 5617 542 5669 R.
570 5695 577 5698 Δ
616 5617 661 5697 ⁷⁷
691 5615 795 5698 [fro
833 5615 1132 5698 ἐκνεύει-ειυς
1167 5616 1209 5668 ιι
1238 5615 1506 5698 etiamm,
1538 5628 1597 5698 ut
1629 5615 1860 5698 videtur,
1882 5621 2215 5698 __éu€_3a'.cew;,
2252 5623 2671 5698 incontrarium
2712 5615 2971 5679 euentum.
3051 5615 3097 5657 ⁷³
3123 5615 3231 5682 Pro
3261 5628 3398 5698 Opit—

118 5685 230 5772 9’5;
265 5689 467 5772 Ιεξεηιιεξ
503 5695 584 5765 εδ]
623 5687 677 5772 il!
713 5685 880 5772 Lygdi:
914 5686 1075 5772 Clod:
1103 5703 1201 5772 p‘rl.‘
1256 5688 1304 5772 "_‘
1326 5691 1387 5740 τὸ
1413 5690 1509 5758 μὲν
1536 5689 1655 5772 ὅλον
1679 5691 1776 5762 τῆς
1797 5691 2151 5772 δὲ-Ιῑηὶηιρτ.
2177 5693 2426 5772 quocirca
2444 5711 2603 5772 ecca
2614 5697 2732 5772 ipsa
2764 5712 2880 5766 qum
2909 5698 3122 5766 potiora
3149 5709 3268 5751 sunt
3302 5685 3410 5752 de:

113 5758 387 5823 ligendo,
417 5756 610 5809 οὐκοῦν
629 5758 690 5808 τὸ
718 5758 814 5821 μὲν
845 5756 994 5823 (Iam)
1028 5756 1090 5808 τὸ
1121 5756 1232 5824 βέλ.
1267 5756 1432 5825 Lnga.
1462 5769 1516 5811 et
1548 5761 1634 5811 δή,

1679 5777 1784 5830 pr.,
1816 5762 2009 5815 οὒκοῦν
2031 5762 2132 5834 τῆς
2157 5763 2256 5834 μὲν
2276 5765 2447 5834 ὀργῆς
2477 5765 2538 5818 τὸ
2580 5764 2690 5822 βέλ.
2729 5762 2851 5822 Par.

118 5831 281 5898 διώ.
325 5827 456 5882 Par.
532 5827 575 5856 ⁷⁸
597 5827 990 5896 προσκείμενον
1010 5825 1072 5878 ιι.
1150 5827 1194 5860 ⁷⁷
1253 5830 1540 5882 ἀιιαίοετον
1590 5831 1652 5884 ιι.

2957 5767 3000 5796 ⁷³
3037 5769 3207 5834 ἁγωνι
3223 5769 3400 5824 στέων

479 5944 746 6002 ΡΑι-ῐιυι..
782 5945 897 5999 (in.
934 5942 1292 6002 LXXXVIII.
3014 5950 3085 6009 50
