4188 6438
711 391 846 455 1579

709 504 910 558 dinem,
941 491 1242 567 plusculum
1278 496 1456 540 tamen
1486 479 1612 548 quid
1639 476 1719 531 eis
1748 475 1917 527 inerat

713 554 1114 654 ctionisfquam
1138 577 1429 650 iactantia‘,
1455 583 1507 626 et
1529 571 1622 624 tali
1656 567 1766 622 fere
1794 563 2096 616 animorum
2119 554 2281 627 319

715 680 1031 735 Strenuitate
1080 648 1278 742 pariter
1322 678 1375 722 et
1415 662 1675 718 modestia
1719 665 1874 711 erant
1924 649 2132 722 praediti
2179 648 2281 714 (ut

717 769 938 822 minima
969 772 1344 830 comparemus
1373 750 1628 819 magnis),
1655 747 1844 816 quales
1863 743 1992 796 olim
2023 740 2114 809 qui
2141 737 2283 791 circa

715 859 1007 914 Leonidam
1035 862 1189 908 erant
1217 844 1611 904 Lacedaemonii
1643 841 1809 893 fuisse
1835 837 2283 891 conmemorant,

718 968 839 1005 cum
872 949 937 1002 ad
970 940 1357 1009 'l‘hermopylas
1381 937 1586 990 Xerxes
1612 934 1690 986 eis
1721 929 2051 982 immineret.
2079 923 2182 976 Sed
2212 921 2288 975 illi

719 1039 935 1107 quidem
972 1036 1036 1088 ad
1071 1034 1494 1085 internecionem
1526 1037 1714 1076 onines
1742 1020 1864 1072 ca'si
1901 1026 2044 1075 sunt,
2083 1028 2147 1066 eo
2173 1013 2292 1066 solo

720 1131 978 1188 celebres,
1022 1125 1165 1195 quod
1205 1138 1312 1176 non
1363 1121 1590 1188 turpiter
1626 1116 1934 1185 periissem,
1979 1109 2068 1162 sed
2105 1107 2292 1160 multis

721 1235 875 1277 antea
905 1219 1084 1272 Persis
1131 1213 1454 1268 interfectis.
1486 1209 1588 1275 Qui
1623 1223 1747 1259 vero
1779 1202 2038 1256 llelisario
2070 1200 2293 1252 aderant

722 1312 974 1375 Romani,
1004 1309 1228 1363 audacia
1255 1305 1470 1374 quidem
1497 1303 1578 1355 usi
1603 1309 1727 1352 sunt
1749 1296 2039 1351 Laconica,
2077 1292 2296 1344 univcr-

725 1423 814 1462 sos
835 1415 1014 1459 autem
1049 1403 1230 1455 hostes
1253 1399 1465 1450 fortiter
1492 1392 1767 1458 fugarunt,
1798 1398 1850 1439 et
1870 1383 2297 1454 quamplurimos

723 1511 913 1552 eorum
949 1496 1307 1553 trucidarunt,
1339 1489 1436 1557 ipsi
1475 1485 1623 1538 nullo
1658 1480 1918 1549 singulari
1951 1472 2298 1530 incommodo

727 1592 796 1645 ab
835 1590 938 1642 illis
965 1585 1160 1640 affecti.
1187 1583 1321 1636 Cum
1364 1578 1508 1633 enim
1542 1591 1604 1628 ex
1642 1571 1887 1626 barbaris
1918 1569 2025 1621 duo
2055 1566 2299 1633 equitum

731 1682 896 1736 millia
940 1695 969 1731 a
1012 1677 1222 1744 reliquo
1266 1670 1506 1726 exercitu
1549 1672 1800 1732 separata
1845 1656 2130 1712 confestim
2176 1665 2298 1706 cum

733 1773 973 1828 clamore
1015 1772 1422 1838 procurrerent,
1454 1759 1614 1812 veluti
1650 1753 1902 1807 facillime
1942 1751 2124 1802 hostes
2154 1747 2302 1799 dele-

731 1863 881 1925 turi,
927 1869 982 1914 et
1017 1857 1380 1928 speculatores
1414 1850 1480 1904 ad
1527 1845 1842 1902 Belisarium
1895 1840 2170 1895 venissent
2209 1849 2303 1890 eos

736 1955 1058 2011 indicantes,
1088 1961 1142 2002 et
1175 1946 1392 2015 iamiam
1421 1941 1705 1996 adfuturos
1736 1936 1997 1996 diCCIllCS,
2023 1946 2152 1986 suas
2176 1943 2304 1982 con-

738 2059 817 2101 tra
840 2044 1024 2113 copias
1042 2038 1217 2102 duxit,
1241 2035 1506 2091 simulans
1527 2038 1787 2100 quantum
1815 2026 1926 2079 fieri
1947 2031 2156 2094 poterat
2181 2035 2312 2090 pau-

738 2139 954 2192 citatem
983 2143 1144 2201 atque
1176 2128 1479 2184 occultans.
1523 2124 1763 2177 Selectos
1792 2119 1936 2172 enim
1973 2116 2182 2185 equites
2211 2113 2312 2166 du-

739 2237 928 2286 centos
972 2230 1214 2278 scutatos
1243 2230 1296 2273 et
1331 2217 1664 2288 iaculatores
1706 2211 1760 2264 in
1806 2211 1940 2264 silva
1981 2207 2231 2275 utrinque
2258 2204 2314 2258 in

742 2318 958 2374 insidiis
988 2310 1292 2374 collocavit,
1320 2323 1424 2378 qua
1457 2314 1606 2375 parte
1649 2302 1912 2356 barbaros
1945 2299 2202 2366 impetum
2233 2293 2315 2348 fa-

743 2420 929 2465 cturos
968 2405 1223 2476 putabat,
1271 2399 1646 2470 przemonitos,
1689 2405 1746 2448 ut
1790 2393 1952 2446 sinml
2000 2399 2163 2460 atque
2205 2388 2320 2457 ipse

746 2500 900 2566 signo
929 2496 1055 2548 dato
1085 2491 1430 2553 mandasset,
1463 2485 1749 2542 confestim
1798 2483 1851 2535 in
1887 2481 2080 2535 hostile
2127 2494 2320 2548 agmen

743 2590 1044 2666 jaculantes
1093 2590 1458 2654 proruerent,
1510 2589 1567 2632 ut
1619 2577 1874 2630 nimirum
1917 2571 2222 2639 iaculorum
2268 2569 2321 2622 vi

749 2660 920 2752 pressi
956 2681 1008 2732 in
1035 2687 1244 2731 arctum
1272 2690 1331 2728 se
1366 2671 1769 2730 contraherent,
1793 2676 1846 2719 ct
1875 2663 2162 2717 nmltitndo
2187 2660 2320 2730 ipsis

753 2774 959 2832 inutilis
995 2770 1328 2832 redderetur,
1365 2780 1537 2833 neque
1580 2763 1763 2815 laxare
1802 2775 1864 2812 ac
1909 2756 2071 2826 320
2099 2755 2326 2808 dilatare

754 2864 924 2919 aciem
949 2867 1191 2930 possent.
1218 2857 1308 2912 sed
1340 2857 1393 2908 in
1422 2855 1631 2922 seipsos
1660 2850 1930 2903 convoluti
1958 2845 2325 2914 implicatique

753 2965 953 3011 essent.
997 2954 1250 3022 Agrestcs
1282 2962 1408 3001 vero
1451 2953 1504 3000 et
1546 2944 1637 3012 qui
1683 2958 1713 2994 e
1751 2941 1960 2994 civibus
1997 2945 2145 2990 erant
2187 2934 2328 2987 bello

758 3051 890 3120 apti,
918 3045 1102 3115 iussit,
1135 3051 1194 3094 ut
1225 3039 1420 3109 ingenti
1452 3037 1692 3090 clamore
1717 3043 1767 3085 et
1797 3029 2010 3097 fragore
2050 3040 2326 3080 armorum

758 3143 926 3201 edito,
959 3154 1039 3201 se,
1066 3151 1176 3206 quo
1203 3135 1322 3194 iret,
1356 3137 1710 3198 sequerentur
1737 3139 1902 3177 :~cum
1936 3119 2157 3188 reliquis
2182 3117 2325 3170 enim

762 3235 815 3285 in
849 3229 1026 3284 medio
1070 3227 1388 3281 constiterat
1415 3229 1729 3289 ,,_tanquam
1780 3215 2016 3266 hostimn
2063 3211 2329 3278 impetum

763 3333 944 3393 aperte
967 3330 1311 3388 excepturus.
1335 3313 1472 3367 Cum
1490 3321 1668 3363 autem
1687 3308 1798 3375 iam
1821 3305 2064 3356 venirent
2093 3299 2331 3362 barbari,

767 3417 1101 3484 ulteriusque
1149 3407 1562 3481 progredientes
1617 3403 1757 3454 intra
1804 3398 2030 3452 insidias
2093 3394 2336 3465 plerique

764 3507 1155 3579 pervenissent,
1185 3499 1478 3555 Belisarius
1504 3495 1692 3550 statim
1719 3505 1842 3546 eum
1867 3490 1953 3553 iis,
2003 3489 2094 3558 qui
2120 3485 2219 3556 ipsi
2244 3484 2339 3539 ad—

766 3607 944 3662 erant,
973 3597 1200 3650 adversa
1218 3592 1396 3646 fronte
1415 3598 1730 3643 occurrens,
1758 3581 2150 3636 validissimum
2170 3578 2223 3631 in
2244 3589 2339 3630 eos

771 3695 1032 3762 impetum
1062 3687 1210 3752 fecit,
1246 3691 1300 3738 et
1334 3686 1577 3752 agrestes
1602 3675 1889 3742 omnisque
1923 3673 2129 3740 reliqua
2155 3667 2340 3722 multi-

772 3782 902 3836 tudo
929 3780 1169 3832 clamore
1198 3783 1252 3829 et
1279 3773 1573 3841 lignorum,
1602 3781 1722 3834 qua:
1749 3774 1871 3818 eum
1901 3763 1953 3816 in
1982 3776 2140 3815 usum
2168 3768 2343 3828 gesta-

772 3873 920 3932 bant,
957 3865 1324 3935 eomplosione
1367 3875 1430 3914 ac
1472 3858 1686 3927 fragore
1730 3852 2095 3925 pugnantibus
2133 3849 2344 3902 animos

773 3958 1063 4014 ad'.’ebant.
1111 3953 1246 4007 Dato
1288 3963 1418 4004 vero
1458 3949 1638 4016 signo,
1679 3946 1838 4001 etiam
1885 3943 1977 3996 alii
2023 3957 2088 3995 ex
2133 3937 2346 3993 insidiis

773 4049 1142 4120 prosilientes,
1169 4043 1424 4111 utrinque
1453 4037 1803 4094 trans‘versim
1837 4036 1891 4088 in
1923 4041 2106 4087 hostes
2135 4038 2300 4084 ruunt
2328 4044 2343 4090 ;

775 4145 1089 4208 clamorque
1117 4145 1169 4192 et
1199 4134 1461 4190 tumultus
1489 4131 1662 4198 maior
1692 4142 1875 4208 quam
1897 4140 1995 4195 pro
2044 4122 2209 4192 prmlii
2235 4135 2351 4172 ma-

779 4231 1058 4301 gnitudine
1078 4237 1163 4282 est
1188 4225 1476 4279 excitatus.
1511 4220 1646 4274 Tum
1674 4217 1895 4273 Barbari
1921 4215 2073 4269 omni
2106 4228 2170 4265 ex
2201 4219 2351 4280 parte

777 4321 973 4392 iaculis
1005 4319 1094 4374 icti
1133 4316 1210 4386 (id
1235 4314 1381 4385 quod
1414 4312 1708 4366 Belisarius
1749 4305 2167 4378 praecogitarat),
2208 4303 2264 4354 in
2290 4316 2352 4354 se

786 4417 931 4483 ipsos
958 4407 1342 4479 conglomerati
1366 4415 1419 4460 et
1446 4406 1499 4458 iu
1527 4411 1738 4458 aretum
1771 4398 1970 4453 redacti
1994 4411 2058 4449 ac
2083 4408 2355 4462 compres-

786 4511 854 4569 si,
882 4505 1016 4558 tueri
1048 4519 1104 4557 se
1142 4499 1388 4556 bellando
1421 4512 1529 4550 non
1563 4501 1830 4563 poterant.
1860 4488 2046 4558 Neque
2087 4486 2232 4540 enim
2264 4499 2321 4540 sa

2417 4480 2716 4548 ιπολέμου.
2771 4475 2836 4527 Οἱ
2878 4473 2933 4526 δὲ

1886 363 1974 418 ,ιιι
2000 355 2235 416 ΧἹΊΠᾸΞ
2274 347 2756 410 SCIIOLASTICI

1947 469 2276 531 circumspe-
2305 466 2351 520 Α
2376 459 2476 526 τῆς
2527 455 2746 527 ἀνδρίας
2779 454 2844 515 ⁷⁸,
2884 451 3045 503 πλέον
3083 451 3138 502 δὲ
3171 468 3220 502 τι
3271 445 3338 518 ἦν
3361 450 3416 498 ἐν
3462 445 3640 505 αὐτοῖς
3670 441 3769 495 τοῦ
3809 459 3954 508 γαυ-

3804 329 3951 393 1530

2380 546 2644 616 ρουμένου
2689 544 2750 595 τὸ
2804 540 3215 609 εὐλαϐούμενον.
3276 536 3529 591 Τοιούτου
3557 551 3616 586 τε
3658 533 3728 597 τ’,
3770 528 3955 600 οἶμαι,

2381 638 2724 708 φρονήματος
2772 634 2890 704 μετ’
2915 632 3212 698 εὐκοσμίας
3255 630 3674 698 ἐνεπίμπλαντο,
3707 626 3787 688 ὠς
3827 625 3962 678 ἐλά-

2383 744 2542 799 χιστα
2599 725 2854 796 μεγάλοις
2901 721 3140 781 εἰκάσαι,
3195 719 3366 786 ὁποίῳ
3403 719 3448 749 "
3487 719 3552 788 δὴ
3597 715 3770 770 πάλαι
3820 714 3964 782 φασὶ

2383 820 2510 881 τοὺς
2556 816 2643 888 ιιι.
2690 814 2815 886 164]
2866 814 3010 883 ἀμφὶ
3066 810 3336 864 Λεωνίδαν
3383 806 3844 877 Λακεδαιμονίους
3904 805 3966 854 ἐν

2387 908 2786 980 Θερμοπύλαις,
2832 902 3258 975 προσϐάλλοντος
3293 900 3337 932 ⁸¹
3371 900 3473 970 ἤδη
3520 898 3613 950 τοῦ
3641 897 3849 966 Ξέρξου
3893 895 3967 957 ⁸²,

2390 999 2920 1071 ἐγκαλλωπίσασθαι.
2968 996 3105 1048 Ἀλλ’
3139 997 3335 1048 ἐκεῖνοι
3373 993 3470 1063 μὲν
3508 990 3862 1059 πανωλεθρία.
3916 988 3967 1019 ⁸³

2393 1092 2792 1162 διεφθάρησαν,
2849 1090 2992 1158 μόνῳ
3026 1086 3200 1153 τούτῳ
3252 1085 3702 1154 εὐδοκιμήσαντες
3749 1081 3830 1150 τῷ
3893 1079 3973 1148 μὴ

2392 1183 2632 1253 ἀγεννῶς
2685 1179 3014 1242 ἀπολέσθαι,
3065 1176 3201 1231 ἀλλά
3261 1173 3487 1234 πολλοὺς
3532 1175 3800 1243 πρότερον
3854 1170 3975 1222 τῶν

2394 1275 2622 1346 Περσῶν
2656 1271 3108 1332 ἀποκτείναντες⁹
3135 1269 3185 1320 oi
3208 1267 3266 1318 δὲ
3294 1265 3436 1334 ἀμφὶ
3468 1263 3787 1330 Βελισάριον
3829 1262 3975 1314 Ῥω-

2400 1369 2548 1438 μαῖοι
2578 1362 2860 1434 παρρησία
2894 1361 2992 1431 μὲν
3025 1359 3263 1430 ἐχρῶντο
3295 1356 3587 1424 Λακωνικῇ
3615 1371 3629 1383 ·
3668 1353 3887 1413 πάντας
3915 1353 3978 1406 δὲ

2396 1461 2522 1520 τοὺς
2575 1454 2867 1524 πολεμίους
2917 1450 3212 1522 ἐτρέψαντο
3256 1447 3361 1501 ἀνά
3405 1446 3625 1515 κράτος,
3679 1443 3777 1495 καὶ
3817 1440 3982 1492 πλεί-

2401 1567 2557 1610 στους
2585 1549 2742 1609 ὅσους
2785 1542 3196 1613 διεχειρίσαντο,
3242 1539 3395 1592 οὐδὲν
3438 1535 3594 1590 αὐτοὶ
3630 1535 3799 1603 ἄχαρι
3832 1530 3981 1600 πρὸς

2401 1642 2582 1695 αὐτῶν
2604 1640 2632 1692 ὅ
2652 1656 2704 1691 τι
2731 1638 2827 1691 καὶ
2868 1638 3026 1704 λόγου
3057 1634 3206 1699 ἄξιον
3229 1629 3574 1690 πεπονθότες.
3617 1624 3840 1693 Ἐπειδὴ
3866 1623 3982 1693 γὰρ

2403 1731 2598 1802 ἁθρόον
2645 1730 2709 1782 ἐκ
2754 1726 2849 1780 τοῦ
2899 1725 3158 1796 σφετέρου
3188 1720 3550 1793 στρατοπέδου
3594 1719 3644 1770 οἱ
3693 1715 3983 1786 Βάρϐαροι

2333 1807 2375 1861 Β
2406 1830 2461 1887 ἐς
2489 1822 2778 1893 δισχιλίους
2817 1819 3046 1881 ἱππότας
3073 1813 3494 1885 ἀποκεκριμένοι
3534 1811 3684 1864 ἔθεον
3711 1809 3813 1861 σὺν
3856 1807 3982 1876 βοῇ,

2406 1913 2481 1976 ὡς
2519 1913 2691 1983 ῥᾷστα
2737 1912 2864 1972 τοὺς
2895 1908 3169 1966 ἐναντίους
3214 1903 3670 1975 ἀναρπασόμενοι,
3704 1899 3914 1954 αὐτίκα
3956 1899 3986 1950 ὁ

2409 2004 2743 2073 Βελισάριος,
2795 2000 2870 2063 ὡς
2917 2000 2965 2050 οἱ
3015 1999 3347 2052 κατάσκοποι
3392 1993 3523 2064 ἧκον
3573 1989 3986 2050 ἐπιδεικνύντες

2411 2097 2606 2158 αὐτοὺς
2632 2091 2931 2164 μονονουχὶ,
2959 2090 3053 2142 καὶ
3077 2089 3199 2140 ὅσον
3219 2087 3372 2140 οὔπω
3390 2083 3724 2156 παρέσεσθαι
3755 2081 3984 2148 διεξιόν-

2412 2207 2504 2253 τες
2527 2188 2593 2253 ⁸⁵,
2649 2185 2909 2255 ἀντεξῆγε
2961 2183 3082 2244 τοὺς
3130 2178 3267 2248 ἀμφ’
3293 2179 3471 2241 αὺτδν,
3507 2176 3865 2246 σοφιζόμενος
3913 2172 3991 2234 ὠς

2413 2279 2523 2334 οἷόν
2555 2297 2617 2332 τε
2648 2277 2746 2348 τὴν
2771 2275 3058 2344 ὀλιγότητα
3085 2272 3180 2324 καὶ
3208 2267 3576 2338 ἐπικρύπτων.
3614 2267 3992 2338 Ἀπολεξάμε-

2416 2389 2505 2434 νος
2553 2370 2663 2440 γὰρ
2713 2368 3017 2428 διακοσίους
3068 2362 3300 2424 ἱππότας
3357 2358 3720 2430 πελτοφόρους
3771 2377 3836 2412 τε
3900 2360 3997 2413 καὶ

2419 2462 2761 2524 ἀκοντιστάς,
2794 2463 2872 2523 εἰς
2897 2458 3115 2528 ἐνέδρας
3147 2455 3194 2489 ⁸³
3224 2453 3476 2524 ἐμέριζεν
3511 2449 3862 2520 ἑκατέρωθεν
3887 2451 3996 2502 ὑπὸ

2419 2560 2488 2628 τῇ
2517 2556 2685 2627 νάπῃ,
2711 2553 2833 2606 ὅθεν
2859 2550 2994 2621 ᾣετο
3023 2549 3120 2618 τὴν
3145 2543 3447 2616 προσϐολὴν
3475 2540 3694 2594 ἔσεσθαι
3715 2539 3833 2591 τῶν
3852 2538 4004 2608 Bap-

2424 2649 2606 2718 ϐάρων
2627 2664 2640 2676 ·
2673 2643 3095 2716 προειρημένον,
3119 2639 3279 2703 ὥστε,
3305 2634 3521 2689 ἐπειδὰν
3542 2633 3727 2694 αὐτοῖς
3761 2631 3812 2662 ⁸⁸
3841 2631 4006 2698 ἐγκε-

2423 2738 2685 2808 λεύσηται
2723 2735 2818 2788 καὶ
2850 2735 3089 2805 σημήνῃ,
3119 2733 3246 2794 τοὺς
3271 2729 3328 2782 δὲ
3364 2726 3525 2788 εὐθὺς
3571 2724 3793 2776 ἐπιέναι
3836 2723 4008 2774 ἀκον-

2426 2831 2674 2896 τίζοντας
2704 2828 2802 2896 τὴν
2835 2826 3091 2896 φάλαγγα
3124 2822 3232 2875 τῶν
3264 2818 3556 2890 πολεμίων,
3589 2816 3739 2877 ὅπως
3776 2812 3846 2884 δὴ
3884 2829 4011 2865 πιε-

2430 2923 2630 2993 ζομένη
2681 2917 3078 2973 ὐποστέλλοιτο.
3129 2911 3398 2986 ἄχρηστόν
3446 2926 3506 2963 τε
3565 2908 3754 2968 αὐτοῖς
3817 2905 3901 2958 ἔοι
3952 2903 4015 2956 τὸ

2430 3013 2652 3084 πλῆθος,
2686 3007 3102 3082 παρατείνεσθαι
3135 3007 3210 3076 μὴ
3239 3005 3554 3072 δυνάμενον,
3584 2998 3701 3053 ἀλλ’
3734 2999 3824 3060 εἰς
3850 2993 4017 3049 ἑαυτὸ

2433 3106 2929 3180 περιελιττόμενον.
2957 3102 3093 3162 Τοὺς
3122 3099 3178 3152 δὲ
3211 3097 3499 3167 ἀγροίκους
3531 3091 3752 3146 ἐκέλευε
3782 3089 3887 3142 καὶ
3905 3088 4018 3140 τῶν

2377 3183 2402 3206 ³
2431 3179 2611 3255 ἀστῶν
2654 3198 2780 3259 τοὺς
2819 3193 3071 3266 [πολλοὺς
3099 3192 3211 3252 τοῖς
3240 3188 3313 3260 ⁸⁷]
3358 3183 3637 3254 πολεμίοις
3667 3179 4018 3241 ἐπιϐοῶντας

2433 3292 2589 3364 τορόν
2630 3308 2685 3343 τι
2712 3289 2804 3343 καὶ
2835 3284 3276 3358 ἐπικρατοῦντας,
3304 3278 3530 3332 ἕπεσθαι
3555 3274 3708 3344 αὐτῷ
3755 3272 3896 3327 ἔνθα
3925 3271 4020 3325 καὶ

2437 3388 2526 3441 ἴοι.
2572 3385 2724 3453 ’Ᾱμα
2755 3381 2864 3452 γὰρ
2903 3382 3015 3441 τοῖς
3060 3377 3264 3437 λοιποῖς
3311 3375 3369 3435 ἐς
3403 3371 3567 3441 μέσον
3614 3366 3893 3435 εἱστήκει,
3945 3367 4021 3426 ὡς

2436 3478 2534 3548 τὴν
2566 3473 2792 3544 ἐσϐολὴν
2837 3475 2903 3524 ἐκ
2940 3470 3032 3524 τοῦ
3081 3464 3359 3538 ἐμφανοῦς
3403 3460 3776 3529 ἐκδεξόμενος.
3840 3457 3934 3519 Ὡς
3965 3456 4022 3508 δέ

2438 3545 2572 3639 ἧκον
2620 3566 2743 3636 ἠδη,
2793 3565 2893 3618 καὶ¹
2945 3563 3002 3623 ἐς
3045 3559 3114 3612 τὰ
3162 3555 3347 3626 πρόσω
3379 3549 3682 3622 χωροῦντες
3723 3546 3866 3599 εἴσω
3912 3545 4022 3597 τῶν

2439 3637 2611 3730 λόχων
2643 3657 2694 3710 oi
2724 3655 2964 3710 πλεῖστοι
2991 3650 3284 3718 ἐγίγνοντο,
3315 3642 3506 3698 αὐτίκα
3536 3637 3860 3708 Βελισάριος
3903 3637 4022 3704 ἅμα

2441 3725 2555 3813 toi;
2587 3748 2723 3820 ἀμφ’
2753 3745 2913 3800 αὐτὸν
2940 3740 3312 3810 ἀντιμέτωπος
3353 3732 3686 3792 ὑπαντιάσας
3712 3725 4024 3797 συνέρραξέ

2446 3817 2640 3912 σφισιν
2659 3835 3138 3912 ἐρρωμενέστατα·
3166 3829 3222 3881 οἴ
3245 3844 3304 3880 τε
3339 3825 3586 3896 ἄγροικοι
3613 3821 3712 3873 καὶ
3737 3819 3807 3871 τὸ
3829 3817 4024 3870 λοιπὸν

2447 3909 2592 3990 ἆπαν
2627 3909 2831 3999 πλῆθος
2859 3925 3163 3997 ἐμϐοῶντες
3194 3921 3261 3984 ⁸⁸,
3295 3917 3392 3970 καὶ
3431 3909 3867 3972 ἐπικτυποῦντες
3910 3909 4024 3970 τοῖς

2451 4027 2644 4091 ξύλοις,
2691 4022 2726 4075 a
2771 4019 2838 4091 δὴ
2867 4020 2925 4080 ἐς
2967 4013 3382 4080 τοῦτο’ἐφερον,
3428 4004 3848 4076 παρεθάρσυνον
3895 3999 4026 4060 τοὺς

2454 4117 2812 4190 μαχομένους.
2842 4095 3093 4170 Δοθένὲος
3133 4105 3190 4159 δὲ
3220 4105 3311 4157 τοῦ
3339 4100 3702 4182 συνθήματος,
3744 4093 3849 4147 καὶ
3875 4092 3947 4162 δὴ
3977 4091 4027 4144 οι

2452 4211 2600 4264 ἄλλοι
2635 4210 2697 4259 ἐκ
2729 4204 2834 4258 τῶν
2863 4201 3137 4274 κρυπτίων
3169 4193 3541 4264 ἀναθορόντες,
3586 4187 3714 4250 τοὺς
3761 4183 3895 4238 καθ’
3927 4183 4027 4236 αὖ·

2452 4303 2576 4363 τοὺς
2624 4296 2873 4366 ἑκάτεροι
2926 4291 3066 4345 κατὰ
3103 4290 3165 4342 τὸ
3191 4277 3785 4355 ἐγκάρσιον.ἐϐαλλον⁶
3825 4274 3929 4344 βοή
3971 4287 4029 4325 τε

2457 4394 2702 4462 ἐγίγνετο
2730 4362 2823 4440 καὶ
2851 4382 3058 4454 ταραχὴ
3095 4378 3293 4450 μείζων
3324 4376 3359 4446 ἢ
3389 4371 3531 4428 κατά
3555 4369 3617 4422 τὸ
3648 4365 3892 4437 μέγεθος
3939 4362 4032 4415 τοῦ

2975 4469 3246 4539 Βάρϐαροι
3292 4459 3554 4518 πάντοθεν
3593 4454 4031 4524 ἀκοντιζόμενοι,

789 4545 854 4569 ω,
1049 4545 1104 4557 υ..
1142 4545 1384 4556 "un---
1564 4545 1783 4563 τωο.
1959 4545 1974 4558 _

789 4600 980 4666 gittare
1013 4592 1296 4649 commode
1335 4601 1600 4660 poterant,
1649 4601 1772 4641 cum
1823 4596 1999 4650 neque
2041 4580 2192 4633 locus
2222 4593 2321 4632 CSSl

2460 4545 2618 4626 τοῦτο
2644 4568 2708 4639 δὴ
2733 4568 2867 4635 ὅπερ
2899 4561 3210 4630 Βελισάριος
3238 4553 3508 4624 διενοήθη,
3554 4549 3634 4610 είς
3662 4545 3904 4608 ἑαυτοὺς
3943 4545 4032 4597 ἂν·

2545 4661 2555 4666 ”
2823 4656 2836 4666 “
2910 4655 2922 4666 ·
3119 4650 3132 4666 ’
3213 4664 3268 4666 η
3303 4635 3846 4666 -ν--η--ι--..ηιυιυοο
3903 4631 4032 4666 sui

789 4688 930 4748 lctis,
959 4698 1132 4753 neque
1156 4681 1509 4736 excursiones
1541 4675 1698 4745 equis
1730 4680 1784 4728 et
1809 4671 2020 4726 alarum
2051 4664 2366 4722 circumdu-

791 4778 996 4831 ctiones
1025 4774 1198 4828 facere
1230 4777 1520 4842 poterant;
1552 4765 1988 4829 videbanturque
2026 4756 2194 4812 veluti
2241 4768 2361 4809 ma-

791 4869 938 4923 ximo
961 4866 1204 4922 exercitu
1235 4849 1592 4918 circumventi
1619 4868 1674 4911 et
1698 4857 1750 4910 in
1779 4853 1969 4909 orbem
2001 4849 2192 4904 cincti.
2223 4844 2360 4899 Nam

794 4969 848 5011 et
877 4959 966 5027 qui
1000 4973 1029 5010 a
1063 4969 1210 5026 tergo
1253 4967 1447 5024 magno
1486 4950 1692 5007 ululatu
1732 4953 1786 4999 et
1824 4942 2038 5011 fragore
2072 4953 2168 4993 eos
2199 4951 2360 5003 urge-

795 5050 944 5112 bant,
983 5058 1237 5101 tcrrorem
1273 5045 1625 5101 incutiebant.
1662 5048 1717 5091 et
1743 5036 1922 5106 pulvis
1957 5034 2009 5086 in
2047 5032 2215 5084 altum
2245 5027 2358 5081 ela-

799 5150 885 5193 tus
907 5140 1060 5209 321
1090 5139 1356 5201 obstabat,
1383 5135 1675 5204 quominus
1697 5131 1763 5184 de
1784 5139 2010 5181 numero
2031 5135 2243 5182 eorum,
2269 5117 2362 5186 qui

799 5246 854 5299 in
887 5235 1134 5286 conllictu
1167 5241 1313 5284 erant
1357 5230 1615 5298 judicare,
1646 5228 1885 5295 possent.
1927 5217 2143 5272 Primus
2178 5220 2362 5266 autem

2462 4631 2718 4734 extbpouv,
2752 4631 2850 4711 xui.
2877 4655 2955 4714 εἰς
2982 4650 3273 4718 στενότητα
3297 4635 3871 4708 συνεσπειραμένοι³⁹,
3901 4631 4034 4704 ἀμύ-

2462 4723 2658 4806 νασθαι
2698 4747 2800 4801 οὐκ
2835 4743 3124 4814 ἠδύναντοο
3164 4735 3287 4789 οὔτε
3324 4733 3434 4803 γὰρ
3461 4725 3703 4795 τοξεύειν
3726 4723 3928 4786 αὐτοῖς
3954 4723 4035 4775 εύ-

2465 4841 2625 4904 πετές
2671 4813 2884 4906 ὑπῆρχε
2932 4832 3008 4903 τῷ
3058 4828 3191 4901 μηδὲ
3241 4824 3423 4897 χώραν
3462 4816 3601 4873 εἶναι
3643 4817 3761 4877 τοῖς
3801 4813 4032 4885 βέλεσιν,

2467 4934 2602 4989 ἀλλὰ
2639 4930 2744 5000 γὰρ
2770 4920 2912 4981 ὀὔτε
2962 4920 3228 4993 ἐκδρομὰς
3271 4918 3383 4976 τοῖς
3425 4914 3609 4972 ἵπποις
3661 4908 3762 4960 καὶ
3803 4909 4034 4975 ὑπερκε-

2471 5021 2665 5095 ρώσεις
2713 5014 3014 5070 ποιεῖσθαι·
3047 5009 3231 5078 κύκλῳ
3272 5022 3334 5059 τε
3373 5002 3589 5056 ἐδόκουν
3616 4996 3851 5068 ἔχεσθαι
3881 4997 3958 5060 ὡς
3981 4994 4035 5063 δὴ

2472 5089 2711 5182 μεγίστῳ
2739 5105 3104 5179 στρατεύματι
3133 5096 3548 5166 ἀπειλημμένοι.
3568 5093 3696 5147 Uita
3738 5090 3861 5160 γὰρ
3894 5089 4038 5142 aste-

2470 5177 2564 5258 θεν
2607 5177 2703 5256 σὺν
2740 5177 3037 5266 ἀλαλαγμῷ
3101 5188 3481 5258 ἐπιφερόμενοι
3522 5184 3617 5238 καὶ
3664 5181 3937 5250 πατάγῳ,
3964 5177 4040 5230 ἐκ·

2099 5335 2330 5421 ωηιε
2369 5355 2769 5416 LECTIONES.

873 5520 918 5550 ⁷⁸
947 5518 1192 5588 ἀνδρείας
1222 5516 1286 5588 ll:
1323 5585 1334 5588 _
1359 5513 1670 5588 ⁷9-τοιούτου
1683 5508 1841 5588 *δέ-Β,
1915 5508 1961 5537 ⁸ο
1988 5505 2156 5588 ὁποίῳ
2172 5500 2328 5588 :ttlg;

768 5625 772 5631 μ
803 5591 849 5620 ⁸³
883 5573 1375 5660 πανωλετρίτᾳ-ξρὶ).
1407 5584 1530 5660 [’ar.
1575 5581 1651 5660 _"'
1673 5579 1968 5660 διεξιόντος
1985 5573 2136 5660 ‘Spn.
2170 5573 2228 5625 Ρ.

805 5658 965 5720 αὐτὸς
1009 5645 1151 5727 νηιιξ.
1194 5645 1478 5708 ’⁸⁷”άστιῖ›ν
1511 5654 1635 5714 τοὺς
1673 5650 1754 5722 [π.
1778 5648 1874 5727 “τ.]
1917 5645 2212 5714 πολεμίοις.

807 5728 1035 5790 ϐοῶντες
1069 5706 1132 5781 lic:
1207 5727 1250 5757 θ’
1274 5706 1752 5795 συνεσπειραμέῧοι
1778 5706 2327 5785 Β,’συνεπέιρημένοι
2365 5706 2438 5761 Lu

810 5797 1106 5868 ἀμύνεσθαι
1161 5797 1318 5868 vulg.

2419 5494 2466 5527 '“
2517 5486 2945 5560 προσϐάλλοντος
3001 5481 3067 5537 R.
3096 5476 3501 5603 προσϐαλόντος
3528 5473 3677 5542 vulg.

2419 5566 2457 5598 l-
2486 5561 2764 5603 Lor-imum)
2793 5556 2855 5603 IL
2888 5553 2991 5603 ὑπὸ
3026 5569 3092 5603 τη
3184 5593 3200 5603 .
3230 5550 3325 5602 ἐπὶ
3351 5550 3418 5603 ﬁt
3465 5545 3612 5603 vuln.

2305 5553 2349 5598 ⁸⁵
2379 5566 2457 5625 είς
2486 5553 2764 5628 ἐνέργειαν
2793 5556 2855 5610 l{.
2888 5553 3092 5628 07:53:“

2262 5639 2351 5691 Sic
2380 5613 2714 5692 emendavi;
2768 5627 2889 5679 ἀστ.
2938 5613 3485 5692 τοϋς”πολεμὶῳς⁷ἐξ
3538 5624 3596 5669 et
3630 5613 3794 5692 vuig.
3856 5614 3920 5692 _“
3945 5614 4041 5692 ἐτει-

3759 5473 3810 5504 "
3833 5472 4038 5541 Ξέρξομ.

3184 5593 3200 5608 .
3230 5550 3325 5602 ἐπὶ
3351 5539 3637 5617 τῖι-νυιςζ
3691 5543 3739 5617 ’_'
3766 5539 3958 5600 αὐτοῖς
3987 5539 4039 5602 R.

2797 5712 2904 5766 pr.,
2936 5680 3576 5761 συνεπειλημμένοιΡατο
3617 5680 3945 5738 ἀμύνασθαι
3988 5680 4041 5743 Β,
