4188 6438
166 381 278 444 ίεῑὸι

1316 363 1847 426 II'ISTORIARUM
1885 365 2113 424 LIBER
2141 366 2202 425 ν.

3230 369 3366 436 1582

164 493 341 560 πληξιν
367 490 655 560 παρεῖχον·
686 486 716 538 ὅ
741 499 801 536 τε
832 479 1106 551 κονιορτὸς
1133 479 1212 540 είς
1244 475 1376 544 ὕψος
1417 476 1701 545 αἰρόμενος

1763 509 1768 530 .
1803 472 2115 540 Belisarius,
2152 474 2337 528 multis
2371 490 2432 528 ex
2479 476 2702 531 adversa
2733 478 2847 532 acie
2880 479 3038 534 caesis
3072 493 3136 533 ac
3181 485 3360 550 proﬂi-

160 587 215 638 οὐ
239 580 524 650 ξυνεχώρει
546 571 1030 644 διαγιγνώσκεσθαι
1053 569 1178 630 τοὺς
1200 566 1697 635 συμπλεκομένους,

158 675 330 729 ὀπόσοι
357 671 647 740 ἐτύγχανον
671 668 840 728 ὀντες.
873 661 1092 732 Πρῶτος
1133 660 1189 711 δὲ
1230 657 1542 727 Βελισάριος
1572 656 1701 708 πολ-

157 764 270 828 λοὺς
318 761 426 814 τῶν
473 751 1082 825 ἀντιπαραταττομένων
1117 747 1450 817 διαφθείρας,
1503 747 1598 799 καὶ
1641 746 1702 797 τὸ

154 857 339 908 οἰκεῖον
414 852 576 923 μέρος
628 846 986 913 ἀπωσάμενος
1011 880 1024 901 .
1088 840 1308 908 φεύγειν
1370 839 1700 908 ἠνάγκασεν.

160 949 380 1001 Ἔπειτα
418 944 474 996 δὲ
511 943 604 995 καὶ
630 939 736 993 τῶν
763 937 937 992 ἄλλων
975 935 1226 987 ἁπάντων
1265 931 1598 1000 ἐγκειμένων
1631 929 1699 990 ³ο,

156 1037 471 1108 στρέψαντες
523 1033 592 1086 τὰ
631 1031 772 1083 νῶτα
807 1029 889 1100 [Ρ.
936 1024 1065 1095 1651
1109 1024 1158 1077 οἱ
1199 1021 1472 1092 Βάρὸαροι
1503 1018 1703 1090 ᾤχοντο

155 1129 243 1195 ξὺν
282 1125 538 1196 ἀκοσμίᾳ,
588 1121 858 1190 σποράδην
915 1115 1330 1182 σκεδαννύμενοι
1374 1112 1470 1166 καὶ
1501 1113 1702 1181 ἥκιστα

151 1217 401 1287 ἀλλήλους
452 1207 1038 1278 ὀπισθοφυλακοῦντες,
1100 1203 1214 1258 ἀλλ’
1260 1203 1336 1265 ὡς
1397 1201 1464 1255 ἀν
1523 1200 1702 1253 αὐτῶν

152 1312 368 1369 ἕκαστος
396 1308 441 1341 ⁸⁸
470 1305 607 1374 ᾤετο
633 1300 886 1354 ὠκύτατα
913 1298 1258 1367 ἀποδράσειν.
1314 1293 1702 1362 Ἐπισπόμενοι

151 1403 205 1454 δὲ
234 1401 278 1452 oi
315 1398 567 1465 Ῥωμαῖοι
597 1396 656 1445 ἐν
687 1392 858 1455 τάξει,
891 1391 1013 1450 τοὺς
1057 1390 1114 1440 ἐν
1144 1385 1328 1457 χερσὶν
1359 1383 1701 1437 εὐκολώτατα

149 1488 448 1560 διεχρῶντο.
479 1485 640 1556 Φόνος
669 1499 728 1536 τε
767 1481 1008 1549 ἐγίγνετο
1049 1479 1158 1530 τῶν
1194 1475 1486 1546 Βαρδάρων
1535 1473 1699 1536 πολὺς

149 1578 552 1651 ἀμεταστρεπτὶ
599 1572 1040 1627 ἀπελαυνόντων·
1087 1569 1156 1622 τά
1197 1584 1256 1620 τε
1287 1567 1394 1637 γὰρ
1419 1565 1546 1636 ήνία
1587 1565 1700 1626 τοῖς

149 1676 329 1734 ἵπποις
377 1670 590 1723 ἅπαντα
636 1664 879 1737 μεθίετο·
933 1662 1030 1715 καὶ
1075 1659 1209 1730 πρός
1234 1675 1298 1727 γε
1337 1659 1393 1712 αἱ
1439 1655 1701 1727 μάστιγες

147 1761 564 1828 κατεπείγουσαι
599 1753 1014 1824 προανεστελλον
1051 1751 1143 1804 τοῦ
1172 1749 1370 1821 τάχους
1409 1747 1471 1800 τὸ
1497 1745 1700 1799 ἐνδόσι-

150 1871 248 1926 μον
266 1871 280 1884 ο
305 1851 638 1906 ἐπελελοίπει
664 1847 722 1900 δὲ
747 1846 942 1908 αὐτοὺς
961 1843 1064 1896 ὑπὸ
1089 1841 1183 1896 τοῦ
1215 1841 1364 1904 δέους
1385 1839 1479 1894 καὶ
1500 1837 1633 1893 αὐτὸ
1651 1839 1697 1878 ⁸⁸

1803 565 1965 633 gatis,
1988 566 2041 618 in
2066 566 2246 634 fugam
2267 581 2362 621 eos
2385 569 2663 636 compulit;
2688 569 2882 624 deinde
2909 586 3035 624 vero
3054 571 3175 627 aliis
3198 573 3363 628 etiam

1802 656 2070 712 universis
2110 659 2516 726 impressionem
2563 659 2918 725 facientibus,
2962 663 3174 719 barbari
3219 675 3364 733 terga

1801 757 2073 804 vertentes
2116 748 2471 816 incomposite
2506 749 2756 820 fugerunt
2801 754 3032 822 sparsim
3076 756 3362 825 dissipati,

1803 842 1963 896 nullis
1983 841 2085 896 sibi
2115 849 2302 894 mutuo
2323 856 2352 895 a
2379 850 2529 911 tergo
2557 843 2819 898 custodiis
2843 855 3114 910 caventes,
3139 850 3232 903 sed
3255 868 3366 921 quo

1801 933 2000 1002 cuique
2038 931 2215 986 visum
2258 939 2394 993 erat,
2435 931 2767 986 effusissimo
2795 948 2956 988 cursu
3001 934 3361 1005 aufugicntes.

1803 1022 2035 1077 Romani
2059 1038 2188 1077 vero
2219 1023 2337 1076 acie
2368 1023 2629 1077 instructa
2669 1037 2764 1078 eos
2808 1023 3155 1092 insectantes,
3187 1038 3368 1084 extre-

1804 1129 1922 1171 mos
1947 1129 2196 1185 quosque
2221 1113 2477 1168 facillime
2508 1114 2814 1180 trucidant;
2847 1130 3148 1185 magnaque
3173 1119 3367 1174 barba-

1803 1222 1990 1261 rorum
2015 1205 2189 1261 caedes
2212 1215 2297 1261 est
2315 1206 2482 1269 edita,
2505 1205 2640 1260 citra
2664 1207 2828 1262 ullam
2860 1222 2986 1261 cum
3013 1211 3169 1278 equis
3195 1221 3369 1266 retro-

1800 1295 2104 1351 versionem
2126 1293 2476 1366 fugientibus.
2505 1292 2640 1349 Nam
2667 1305 2723 1350 et
2747 1296 2985 1350 habenas
3007 1312 3198 1352 omnes
3216 1301 3370 1368 equis

1802 1386 2068 1450 laxarant,
2102 1396 2156 1441 et
2185 1395 2443 1454 praeterea
2470 1384 2679 1454 ﬂagella
2708 1387 2924 1440 assidue
2955 1388 3202 1457 urgentia
3231 1403 3367 1457 pra:-

1801 1477 2069 1546 ripiebant
2101 1473 2396 1529 celeritatis
2443 1477 2842 1531 remissionem.
2879 1475 3156 1533 Defecerat
3188 1490 3367 1534 autem

1799 1568 1946 1638 ipsos
1981 1581 2092 1636 prae
2134 1581 2338 1636 paVore
2369 1567 2531 1620 etiam
2577 1583 2670 1622 ars
2715 1567 2852 1637 ipsa,
2897 1584 3005 1637 qua
3046 1584 3371 1638 magnopere

1800 1659 2020 1730 gloriari
2058 1659 2253 1714 solent.
2317 1657 2603 1728 Fugientes
2645 1659 2788 1714 enim
2839 1659 2900 1713 hi
2939 1659 3158 1715 barbari
3201 1662 3371 1730 magis

1801 1753 2119 1824 propulsant
2149 1767 2266 1816 eos,
2302 1752 2397 1822 qui
2426 1765 2547 1807 sese
2580 1746 2779 1807 acriter
2811 1751 3168 1814 insectantur,
3195 1763 3370 1808 retro-

1732 1826 1772 1880 B
1797 1847 1994 1901 versim
2023 1844 2361 1915 saginantes.
2393 1841 2545 1897 Tunc
2580 1843 2727 1900 enim
2755 1841 2921 1898 etiam
2960 1843 3252 1899 violentius
3281 1859 3370 1898 sa-

142 1950 208 2020 δὴ
235 1949 316 2018 ἐφ’
341 1948 446 2016 ὅτῳ
478 1946 617 2015 μέγα
643 1939 895 2014 φρονοῦσι
920 1937 980 1989 τὸ
1007 1933 1340 2004 ἐπιτήδευμα
1361 1947 1372 1956 ·
1408 1928 1703 2020 φεύγοντες

1797 1935 1942 2006 gitta:
1967 1949 2154 2004 scopo,
2189 1949 2350 2003 quem
2386 1942 2602 2002 petunt,
2633 1933 2935 2020 infiguntur
2964 1973 2980 1999 ,
3020 1934 3239 2003 quando
3268 1935 3371 1990 illa:

144 2017 252 2112 γάρ
279 2017 397 2092 οἵδε
439 2037 489 2089 οἱ
537 2032 800 2104 βάρϐαροι
840 2029 885 2062 ⁵³
921 2025 1116 2095 μᾶλλον
1146 2020 1442 2090 ἀμύνονται
1489 2017 1616 2112 τοὺς
1644 2018 1701 2081 ἐς

1795 2023 2015 2092 quidem
2043 2037 2241 2091 magno
2270 2020 2474 2090 impetu
2505 2030 2653 2074 recta
2680 2019 2931 2075 feruntur
2959 2021 3013 2076 in
3039 2036 3367 2092 persequen-

143 2108 242 2203 τὴν
268 2129 446 2192 δίωξιν
473 2123 843 2195 ἐγκειμένους,
877 2112 1321 2186 μεταστροςράδην
1359 2108 1699 2203 ἐπιτοξεύον-

1798 2124 1898 2179 tes,
1934 2124 1990 2169 et
2017 2114 2073 2168 hi
2113 2130 2178 2168 ex
2211 2113 2439 2168 adverso
2482 2127 2834 2168 occurrentes
2871 2113 2925 2168 in
2974 2115 3202 2184 sagittas
3238 2131 3369 2186 pro-

141 2201 251 2291 ‘rec.
304 2225 434 2277 Τότε
479 2220 588 2290 γὰρ
633 2216 728 2270 καὶ
770 2211 1078 2278 Βιαιὸτερον
1122 2205 1262 2261 κατά
1295 2203 1497 2258 σκοποῦ
1539 2201 1700 2291 φερό-

1794 2211 1964 2260 ruunt
2000 2213 2302 2274 contraque
2339 2202 2614 2270 feruntur,
2643 2203 3059 2274 gravioremque
3101 2205 3208 2259 sibi
3237 2206 3371 2275 ipsis

143 2290 282 2385 μενα
318 2313 364 2346 ⁸⁸
396 2312 463 2363 τὰ
508 2307 634 2377 βέλη
667 2304 1034 2374 ἐμπήγνυται,
1076 2297 1237 2368 ἡνίκα
1274 2293 1344 2346 τὰ
1388 2290 1690 2385 μὲν-πολλῇ

1801 2296 2008 2365 plagam
2039 2294 2278 2350 eliiciuut
2312 2294 2652 2350 occurrendo
2687 2303 2744 2350 et
2787 2297 3014 2366 sagittas
3057 2309 3090 2350 e
3120 2296 3373 2366 proximo

140 2379 209 2472 τῇ
241 2400 384 2472 ῥύμῃ
414 2395 636 2465 φέρεται
655 2393 703 2424 ⁹⁵
731 2389 814 2444 ἰθὺ
844 2387 949 2443 τῶν
976 2385 1298 2448 διωκόντων,
1316 2385 1365 2436 oi
1385 2382 1462 2446 δὲ,
1489 2379 1693 2446 ἀντίξοι

1797 2379 2134 2449 excipiendo.
2699 2395 2706 2401 δ

142 2469 529 2554 καταθέοντες,
588 2482 1016 2552 ἁντεμπίπτουσι
1073 2478 1168 2531 καὶ
1225 2474 1693 2546 ἀντεπιφέρονται,
1735 2472 2092 2546 σφοδροτέραν
2132 2487 2190 2526 τε
2258 2472 2354 2544 τὴν
2421 2469 2632 2544 πληγὴν
2675 2471 2856 2541 σφίσιν
2881 2473 3064 2538 αὐτοῖς
3090 2472 3374 2528 ἐκτελοῦσι

138 2588 220 2658 τῷ
243 2582 586 2645 ὑπαντιάζειν
613 2577 708 2633 καὶ
734 2577 810 2640 ὡς
835 2572 1196 2644 πλησιαίτατα
1220 2569 1595 2640 ὑποδέχεσθαι.

215 2689 281 2735 κ’.
334 2677 497 2733 Ἀλλά
537 2675 658 2728 τότε
685 2690 760 2740 ’γε
797 2671 1011 2725 ἅπαντα
1043 2671 1155 2729 τοῖς
1202 2665 1422 2729 Οὖννοις
1450 2665 1704 2736 ἀμήχανα

1882 2662 1974 2717 ‘30.
2005 2663 2076 2716 At
2109 2674 2222 2717 tum
2257 2661 2518 2731 temporis
2580 2662 2764 2716 omnia
2815 2662 3028 2718 Hunnis
3084 2663 3374 2735 desperata

141 2768 284 2826 εἶναι
311 2767 504 2828 ἐδόκει,
533 2765 626 2817 καὶ
651 2761 773 2815 οὐδὲ
801 2763 856 2821 ἐς
905 2762 1098 2829 πεῖραν
1132 2757 1304 2810 ἐλθεῖν
1333 2757 1528 2824 τέχνης
1563 2754 1707 2815 τινὸς

1812 2768 1935 2808 esse
1983 2753 2327 2818 videbantur,
2367 2767 2546 2822 neque
2597 2752 2705 2807 illis
2752 2761 2919 2807 artem
2958 2753 3122 2807 ullam
3156 2756 3379 2823 propul-

143 2849 834 2926 ὴδούλοντοάμυντηρίας.
884 2846 1275 2916 Ἐτεθνήκεσαν
1303 2845 1361 2897 δὲ
1399 2843 1576 2896 αὐτῶν
1608 2843 1708 2914 μὲν

1813 2841 1970 2894 sandi
2001 2840 2185 2894 hostes
2213 2849 2484 2894 attentare
2532 2839 2585 2892 in
2633 2849 2868 2892 mentem
2915 2839 3184 2895 veniebat.
3213 2839 3376 2910 322

147 2950 294 3020 ἀμφὶ
317 2947 444 3008 τοὺς
473 2940 879 3013 τετρακοσίους,
916 2936 1199 3007 Ῥωμαίων
1239 2936 1287 2968 ⁹⁶
1329 2934 1388 2987 δὲ
1432 2935 1579 2996 ὅστις
1623 2933 1710 2985 οὐ-

1811 2932 1949 2986 Caesi
2001 2932 2184 3001 itaque
2228 2940 2452 2986 suntex
2503 2931 2570 2986 iis
2616 2931 2835 2986 circiter
2882 2934 3306 3003 quadringenti,
3345 2954 3377 2988 e

143 3041 259 3103 δείς
278 3057 292 3071 ·
334 3037 492 3108 μόνον
519 3035 577 3087 δὲ
606 3029 932 3102 τραυματίαι
961 3029 1131 3096 ὀλίγοι
1160 3025 1500 3096 ἐγεγένηντο.
1541 3024 1710 3087 Μόλις

143 3132 214 3198 δὴ
257 3124 351 3182 οὖν
392 3123 676 3192 Ζαόεργάν
719 3138 778 3173 τε
825 3121 854 3172 ὁ
897 3117 1121 3190 ἡγεμὼν
1163 3117 1258 3171 καὶ
1293 3118 1342 3169 οἱ
1387 3116 1713 3183 ἐκφυγόντες

1814 3019 2075 3076 Romanis
2103 3035 2263 3075 nemo
2278 3021 2648 3086 desideratus;
2668 3022 2826 3085 pauci
2852 3029 3062 3077 tantum
3085 3024 3374 3079 vulnerati:

1737 3076 1782 3134 θ
1812 3129 1954 3184 aegre
1983 3126 2110 3168 vero
2139 3120 2196 3166 et
2223 3111 2499 3181 Zabergan
2522 3076 2842 3167 Hunnorum
2872 3076 3263 3183 praefectus,

147 3216 378 3284 ἄσμενοι
409 3213 466 3274 ὲς
489 3212 551 3264 τὸ
580 3209 942 3279 στρατόπεδον
981 3206 1158 3259 ἵκοντο
1186 3206 1230 3237 ⁸⁷
1253 3222 1268 3237 ο
1307 3205 1359 3258 oi
1385 3205 1494 3276 γὰρ
1517 3204 1582 3274 δὴ
1604 3203 1714 3256 τῶν

159 3306 446 3377 Ῥωμαίων
474 3305 631 3357 ἵπποι
676 3302 813 3372 πρὸς
851 3300 950 3372 τὴν
977 3298 1158 3364 δίωξιν
1198 3299 1579 3369 ἀπειρηκότες,
1626 3299 1708 3351 αί·

146 3395 406 3449 τιώτατοι
432 3395 617 3454 αὐτοῖς
651 3391 745 3444 τοῦ
775 3393 1041 3462 περιεῖναι
1067 3389 1409 3460 γεγένηνται,
1439 3389 1561 3440 ἐπεὶ
1583 3386 1650 3440 ἀν
1669 3387 1715 3420 ’³

148 3487 403 3541 αὐτοϐοεὶ
432 3485 678 3547 ἅπαντας
731 3483 1177 3552 κατειργάσαντο.
1238 3479 1353 3532 Νῦν
1402 3479 1460 3532 δέ
1514 3479 1564 3532 oi
1617 3478 1716 3549 μὲν

148 3578 266 3638 τοῖς
292 3576 336 3608 ’⁸
356 3572 720 3644 χαρακώμασι
747 3575 844 3624 σὺν
875 3561 1110 3638 πλείστῳ
1131 3568 1342 3640 θορύϐῳ
1367 3567 1713 3639 ἐμϐαλόντες,

150 3665 535 3734 συνεκύκησαν
577 3663 722 3717 ἅπαν
751 3661 812 3715 τὸ
839 3661 1027 3714 λοιπὸν
1071 3661 1404 3730 στράτευμα,
1445 3659 1717 3728 ὑποτοπή-

151 3772 354 3818 σαντας
397 3754 596 3808 αὐτίκα
647 3751 790 3821 μάλα
837 3749 1242 3822 διαφθερεῑσθαι
1287 3751 1328 3804 ⁸.
1382 3750 1609 3820 Οἰμωγή
1655 3765 1716 3802 τε

148 3846 387 3917 ἠκούετο
435 3845 619 3916 μακρά
654 3843 996 3914 βαρὸαρική·
1048 3845 1161 3907 τοῖς
1201 3843 1309 3912 γὰρ
1347 3841 1590 3911 ξιφιδίοις
1620 3841 1716 3905 τὰς

148 3937 390 4008 παρειὰς
424 3933 838 3998 καταξαίνοντες
874 3934 917 3998 ²,
946 3932 1284 4003 ὠλοφύροντο
1316 3932 1456 3985 κατά
1501 3930 1590 3984 τὸν
1613 3931 1718 3984 πά-

146 4044 308 4098 τριον
333 4027 515 4095 νόμον.
559 4025 817 4094 Ῥωμαῖοι
845 4023 900 4076 δὲ
931 4024 1027 4076 σὺν
1074 4022 1374 4093 Βελισαρίῳ
1401 4021 1716 4091 ἀπεχώρουν

145 4112 210 4174 ἐς
239 4111 310 4164 τὰ
341 4110 544 4171 ἀπίσω,
571 4111 860 4178 κρείττονα
889 4109 988 4179 μὲν
1009 4109 1321 4173 ἐλπίδοςιώς
1349 4112 1415 4163 ἐκ
1443 4109 1552 4162 τῶν
1579 4127 1717 4181 παρ-

145 4204 325 4256 όντων
357 4201 802 4274 διαπραξάμενοι,
848 4200 972 4265 ἄξια
1004 4201 1060 4255 δὲ
1097 4202 1245 4272 ὅμως
1267 4203 1366 4272 τῆς
1399 4201 1494 4255 τοῦ
1525 4218 1720 4272 στρατ-

147 4291 295 4361 ηγοῦ
333 4292 689 4363 προμηθείας.
740 4290 943 4344 Τούτου
973 4290 1030 4345 δὲ
1057 4292 1152 4345 τοῦ
1187 4292 1391 4356 πάθους
1438 4295 1548 4356 τοῖς
1579 4293 1718 4362 Βαρ-

147 4385 344 4454 ϐάροις
412 4383 854 4452 ξυνενεχθέντος,
917 4383 1118 4438 αὐτίκα.
1174 4384 1290 4452 οίγε
1350 4383 1582 4454 ἄραντες
1653 4385 1719 4436 ἐκ

143 4475 540 4539 Μελαντιάδος,
569 4474 771 4546 ᾤχοντο
806 4476 862 4538 ἐς
889 4473 959 4527 τὰ
985 4475 1158 4528 ὀπίσω
1191 4474 1399 4546 πεφοὸη
1409 4476 1579 4545 μένοι.
1624 4475 1716 4527 Βε-

143 4565 401 4636 λισάριος
427 4564 484 4617 δὲ
527 4566 704 4618 καίτοι
735 4565 879 4618 κατὰ
915 4565 977 4619 τὸ
1008 4566 1152 4629 εἰκὸς
1187 4560 1298 4628 οἶός
1323 4584 1383 4619 τε
1413 4567 1489 4619 ὢν
1520 4567 1715 4630 αὐτοὺς

143 4656 550 4727 πορευομένους
574 4656 775 4726 μᾶλλόν
789 4674 843 4709 τι
866 4657 1298 4727 διαχειρίσασθαι
1323 4658 1418 4712 καὶ
1443 4661 1711 4728 πημῆναι,

143 4747 518 4817 ἐπισπόμενος
545 4747 566 4778 ⁸
593 4745 901 4818 ἀνθρώποις
925 4748 1026 4818 ήδη
1066 4749 1450 4819 κατεπτηχόσι,
1486 4749 1582 4802 καὶ
1605 4743 1715 4802 οἷον

143 4838 336 4908 φυγὴν
359 4839 460 4908 τὴν
486 4837 832 4909 ἀναχώρησιν
861 4839 1230 4908 ποιουμένοιςο
1256 4843 1282 4894 ἀ
1309 4839 1365 4892 δὲ
1383 4840 1544 4903 εὐθὺς
1568 4841 1716 4910 ὅμως

141 4931 263 4984 ἁνά
287 4930 388 5000 τὴν
422 4929 574 4984 πόλιν
601 4931 826 5002 ἐπανῄει
862 4932 922 4985 οὐ
955 4931 1098 5001 μάλα
1129 4931 1292 4997 ἑκὼν,
1323 4931 1438 4986 ἀλλ’
1471 4935 1536 4987 ἐκ
1565 4933 1719 5004 βασι-

143 5023 293 5084 λέως
340 5021 487 5090 αὐτῷ
535 5021 1028 5093 προστεταγμένον.
1091 5022 1304 5095 Ἐπειδὴ
1346 5025 1454 5095 γὰρ
1495 5024 1640 5088 ἄπας
1688 5027 1717 5078 ὁ

1812 3221 1936 3260 cum
1962 3220 2029 3259 eo
2061 3202 2383 3274 effugerant,
2419 3203 2528 3258 laeti
2557 3203 2611 3256 in
2643 3213 2824 3259 castra
2861 3214 3246 3274 pervenerunt.
3271 3208 3380 3260 Bo-

1813 3312 2102 3352 manorum
2131 3297 2277 3351 enim
2317 3298 2440 3366 equi
2462 3297 2783 3352 insectando
2807 3295 3113 3366 defatigati,
3141 3298 3378 3353 maxima

1813 3389 1894 3443 eis
1925 3403 2090 3444 causa
2135 3388 2332 3444 salutis
2374 3387 2526 3443 luere
2555 3406 2570 3442 :
2616 3388 2857 3458 alioquin
2892 3389 2958 3444 ad
2993 3404 3160 3444 unum
3185 3405 3378 3446 omnes

1812 3495 1879 3536 eo
1920 3481 2008 3535 die
2059 3479 2444 3535 trucidassent.
2478 3478 2633 3535 Nunc
2656 3495 2785 3536 vero
2826 3495 2950 3535 cum
3000 3481 3054 3535 hi
3087 3481 3139 3536 in
3173 3483 3377 3539 vallum

1814 3573 2260 3641 munitionesque
2305 3585 2435 3625 suas
2475 3586 2672 3642 magno
2698 3585 2824 3626 cum
2864 3573 3098 3627 tumultu
3130 3574 3379 3640 prornis-

1815 3669 1976 3724 sent,
2019 3660 2284 3730 reliquum
2336 3649 2654 3717 universum
2690 3661 2988 3716 exercitum
3031 3661 3378 3718 vehementer

1815 3748 2227 3815 conturbarunt,
2258 3749 2423 3803 veluti
2475 3750 2782 3804 certissimo
2823 3749 2992 3804 exitio
3017 3748 3243 3818 jamjam
3272 3750 3378 3804 im-

1816 3842 2072 3896 minente.
2104 3841 2299 3911 lngens
2328 3842 2510 3910 itaque
2542 3840 2902 3895 Barbarorum
2947 3841 3181 3910 ejulatus
3213 3856 3378 3896 exau-

1815 3933 2069 3987 diebatur
2117 3952 2132 3988 :
2176 3933 2369 3988 cultris
2407 3933 2551 3987 enim
2602 3948 2771 4002 genas
2823 3933 3162 3995 lacerantes,
3200 3933 3378 4002 patrio

1817 4039 1970 4078 more
2020 4023 2296 4094 lugebant.
2337 4022 2569 4078 Romani
2617 4033 2800 4078 autem
2848 4039 2974 4080 cum
3024 4023 3284 4079 Belisario
3305 4023 3377 4079 ad

1817 4131 1916 4172 sua
1947 4115 2266 4182 redierunt,
2323 4130 2382 4169 re
2410 4117 2606 4168 melius
2647 4130 2811 4184 quam
2867 4123 3156 4184 speraram
3202 4125 3376 4186 gesta,

1817 4206 1982 4274 digno
2010 4217 2190 4260 tamen
2219 4205 2507 4275 prudentia
2536 4205 2692 4259 ducis
2719 4211 2941 4258 eventu.
2990 4203 3214 4258 Barbari
3246 4219 3378 4259 vero

1818 4298 1921 4352 hac
1957 4295 2114 4352 clade
2141 4305 2382 4367 accepta,
2435 4297 2601 4352 motis
2640 4295 2825 4351 statim
2873 4311 2906 4351 e
2934 4295 3256 4351 Melantiade
3284 4314 3378 4352 ca-

1750 4415 1793 4469 D
1821 4387 1969 4452 stris,
1997 4396 2297 4442 retrorsum
2327 4386 2522 4454 trepidi
2565 4400 2796 4443 cessere.
2834 4385 3127 4440 Belisarius
3169 4392 3374 4451 autem,

1823 4480 2035 4534 tametsi
2069 4479 2436 4534 verisimiliter
2465 4493 2560 4533 eos
2587 4478 2851 4534 abeuntes
2882 4479 3089 4548 majore
3113 4489 3293 4550 strage
3314 4494 3380 4533 ac

1821 4572 2024 4625 damno
2055 4569 2269 4626 allicere
2300 4569 2797 4640 potuisset,utpote
2828 4570 3076 4625 homines
3099 4570 3212 4639 jam
3232 4581 3376 4624 metu

1821 4661 2101 4732 perculsos
2155 4662 2473 4724 insectans,
2527 4676 2652 4716 cum
2708 4659 2849 4730 fugae
2899 4661 3127 4716 similem
3173 4662 3376 4716 disces-

1821 4752 2026 4808 sionem
2045 4750 2305 4815 facerent,
2323 4751 2678 4806 nihilominus
2706 4760 2884 4805 tamen
2911 4751 3091 4805 statim
3115 4750 3168 4804 in
3191 4753 3376 4806 urbem

1822 4843 2011 4908 rediit;
2043 4843 2204 4912 idque
2232 4859 2336 4897 non
2367 4852 2473 4896 tam
2502 4858 2568 4897 ex
2594 4843 2762 4897 animi
2800 4843 2882 4896 sui
2913 4842 3195 4908 sententia,
3216 4858 3379 4911 quam

1823 4935 2170 5004 imperatoris
2209 4935 2390 5004 jussu.
2418 4933 2553 4988 Cum
2596 4933 2756 5004 323
2786 4934 2930 4988 enim
2986 4933 3219 5002 populus
3257 4934 3381 4986 uni-

1821 5039 2032 5086 versus,
2067 5024 2293 5078 victoria
2322 5025 2424 5079 hac
2453 5024 2585 5092 ipsis
2619 5025 2886 5091 nuntiata,
2922 5039 3046 5080 eum
3066 5025 3381 5078 decantaret

140 5114 352 5181 δῆμος,
382 5113 476 5166 τοῦ
515 5112 674 5184 ἔργου
702 5113 885 5181 σφίσιν
923 5112 1358 5185 ἀπηγγελμένου,
1384 5110 1508 5187 ᾗδόν
1537 5131 1595 5167 τε
1625 5116 1717 5168 αὑ-

1826 5127 1880 5170 et
1911 5116 1965 5169 in
1994 5116 2349 5171 conventibus
2384 5117 2615 5170 summis
2661 5115 2911 5170 laudibus
2947 5113 3183 5180 efferret,
3214 5116 3379 5172 veluti

141 5206 246 5258 τὸν
300 5206 392 5257 καὶ
429 5204 701 5274 ἀνύμνουν
728 5204 869 5260 κατὰ
913 5205 1220 5274 ξυλλόγους,
1255 5205 1332 5268 ὡς
1379 5205 1470 5259 ὑπ’
1510 5205 1718 5260 ἐκείνου

1828 5210 1896 5262 ab
1933 5205 2027 5261 illo
2053 5208 2390 5278 apertissime
2417 5215 2770 5264 conservatus
2792 5247 2807 5273 ,
2841 5208 3132 5264 momordit
3175 5223 3301 5262 vero
3327 5209 3377 5260 id

1423 5383 1658 5440 VARUE
1703 5386 2106 5444 LECTIONES.

226 5557 276 5587 ”
301 5557 519 5638 ἐγκειμ.
547 5555 915 5638 Spir..i’ar.u_“_
935 5557 1110 5638 αύτῶν
1133 5558 1358 5638 ἕκαστος
1396 5558 1466 5638 ιι,
1491 5559 1682 5638 Exuit.
1706 5562 2017 5638 aopjttlg.
2036 5636 2049 5638 _
2092 5566 2136 5598 "
2150 5565 2258 5638 gul.
2286 5566 2482 5638 αὑτοὺς
2519 5567 2583 5620 R.
2602 5566 2690 5638 _”
2718 5565 3013 5638 φεύγοντες
3041 5565 3098 5638 δέ
3123 5568 3172 5638 oi
3192 5565 3376 5638 ﬁlim.

145 5625 201 5705 ξε
235 5625 514 5705 φερόμενα
545 5642 654 5680 orn.
683 5626 768 5705 l{._
822 5627 868 5658 ν·
898 5628 1145 5705 ἐφᾉέρεται
1302 5627 1548 5705 *ἀντίξοοι
1744 5631 1791 5705 ’ξ
1815 5625 2100 5705 ,Ῥωμαῖοι
2148 5633 2214 5690 R.
2285 5637 2331 5668 ’⁷
2360 5625 2560 5705 ῆκοντο
2600 5635 2664 5690 Β.
2728 5625 2789 5671 ’⁸⁸
2816 5625 2919 5690 Pro
2970 5625 3035 5688 ἀν
3065 5636 3109 5689 li
3145 5625 3227 5690 δεῖ
3250 5625 3372 5691 αὖτ.

144 5694 360 5771 ἅπαντ.
380 5694 460 5771 LBA,
482 5696 679 5771 ἆπαοίτ.
710 5698 839 5771 aut.
880 5694 1028 5771 vulg.
1049 5768 1060 5771 _
1103 5699 1147 5728 ⁸³³
1175 5699 1274 5771 μέν
1298 5699 1355 5750 ὲν
1384 5701 1499 5756 τοῖς
1527 5701 1684 5771 _vu|g.

145 5768 304 5834 vulg.
383 5768 405 5801 ³
427 5767 790 5837 ἐπισπόμενος
807 5767 852 5820 ιι
871 5765 1021 5836 (CL),
1046 5765 1423 5840 ἐπισπώμενος
1455 5768 1598 5838 vulg.

1763 5701 1780 5733 ⁸
1809 5701 2223 5776 διαφθαρείσθαι
2255 5705 2320 5760 ll.
2382 5701 2413 5738 ’³
2439 5705 2860 5776 καταξαίνοντες
2884 5705 2951 5762 R.
2983 5706 3378 5772 καταξὰνοντες
