4188 6438
747 375 882 440 1583

1917 377 2274 437 ΛΟᾹΤΗὶίΕ
2299 375 2787 435 SCHOLASTICI

3834 382 3982 446 1584

743 500 1087 556 pessmieque
1128 485 1317 538 habuit
1367 487 1656 554 plerosque
1696 488 1962 552 primores
1997 486 2170 546 urbis,
2220 499 2302 536 tu-
2330 490 2374 543 Α

2330 490 2374 543 Α
2403 496 2842 550 περιφανεστατα
2892 482 3245 552 σεσωσμένοι,
3297 501 3454 536 τουτο
3494 485 3557 555 δὴ
3585 487 3605 516 ⁵
3636 485 3795 540 ἔδακε
3849 493 3981 544 πολ-

742 579 885 632 vidia
918 588 968 630 et
1002 577 1168 629 livore
1229 588 1542 646 occupatos,
1571 576 1716 630 vitiis
1763 577 1897 629 adeo
1948 576 2224 628 atroribus
2253 585 2300 629 et

743 684 953 738 semper
1009 669 1212 736 optima
1276 683 1502 736 quaeque
1559 667 2028 721 labefactantibus.
2088 667 2305 719 (talum-

744 760 876 813 niati
904 759 1089 826 itaque
1121 766 1251 812 sunt
1283 759 1479 820 virum,
1505 767 1567 812 ut
1592 769 1935 826 arrogantem
1958 765 2011 811 et
2030 757 2308 827 popularis

744 863 891 902 aurae
921 848 1198 902 blanditiis
1225 847 1666 910 insolescentem,
1705 847 1950 915 aliasque
1980 861 2103 914 spes
2126 846 2310 898 animo

745 940 1078 1008 agitantem;
1113 938 1314 1007 quibus
1357 937 1576 1007 quidem
1607 937 1675 991 de
1719 939 1901 991 causis
1939 938 2311 1006 citissimeque

743 1041 811 1079 co
835 1036 1053 1079 ventum
1083 1037 1186 1090 est,
1241 1033 1300 1077 ut
1336 1041 1440 1077 non
1472 1024 1938 1078 absolutissimam
1967 1025 2195 1094 gloriam
2223 1039 2312 1079 re-

744 1123 1008 1185 portaret,
1046 1129 1223 1185 neque
1260 1117 1331 1170 ob
1369 1131 1454 1168 res
1478 1115 1742 1184 praeclare
1776 1129 1806 1169 a
1838 1129 1896 1168 se
1923 1123 2105 1184 gestas
2128 1115 2311 1170 debito

747 1207 950 1261 honore
978 1205 1318 1270 afficeretur;
1351 1209 1442 1260 secl
1470 1207 1647 1260 omnis
1683 1207 1920 1260 victoria:
1952 1208 2073 1261 laus
2101 1207 2149 1260 ei
2174 1222 2314 1277 quo-

746 1298 1036 1352 dammodo
1070 1313 1100 1352 e
1130 1297 1382 1352 manibus
1410 1297 1635 1355 cﬂluxit.
1672 1307 1935 1366 quantum
1969 1299 2022 1352 in
2046 1298 2148 1351 illis
2175 1307 2313 1362 erat,

747 1391 1058 1446 oblitterata
1104 1392 1421 1461 prscmiique
1459 1407 1652 1460 expers
1703 1402 1755 1446 et
1805 1391 1858 1445 in
1895 1393 2208 1447 universum
2237 1394 2315 1446 si-

750 1479 916 1536 lentio
977 1480 1236 1536 involuta.
1301 1483 1468 1536 Porro
1537 1481 1679 1550 quod
1743 1485 2313 1551 praestantissimorum

748 1573 1052 1624 animorum
1087 1573 1380 1625 acrimonia
1414 1573 1764 1635 obtundatur,
1807 1589 1930 1627 cum
1971 1590 2078 1627 non
2112 1575 2315 1628 collau-

751 1663 951 1716 dantur
987 1677 1159 1729 ncquc
1195 1662 1378 1715 debito
1413 1667 1620 1717 honore
1665 1663 1972 1717 afﬁciuntur
1999 1707 2013 1729 ,
2063 1666 2318 1735 quodque

747 1769 813 1806 ex
857 1754 959 1806 hoc
988 1767 1074 1806 res
1120 1755 1350 1822 publica:
1397 1755 1780 1808 detrimentum
1825 1757 2115 1826 accipiant,
2173 1760 2314 1827 quod

2407 572 2530 636 λοὺς
2562 573 2672 626 τῶν
2701 573 2761 624 ἐν
2790 572 2933 625 τέλει
2963 573 3058 625 καὶ
3105 574 3294 641 ἠνίασε
3343 577 3519 648 φθόνῳ
3555 578 3857 648 ληφθέντας
3883 583 3986 636 καὶ

2409 665 2697 734 βασκανία,
2732 663 2960 716 πάθεσιν
2997 662 3142 716 οὕτω
3165 663 3357 727 δεινοῖς
3383 669 3476 718 καὶ
3501 668 3583 738 [Ρ.
3611 668 3734 724 166]
3781 671 3874 724 ἀεὶ
3910 672 3986 724 τά

2407 755 2671 808 κάλλιστα
2722 753 3157 823 λυμαινομένοις.
3210 755 3497 827 Τοιγάρτοι
3556 757 3832 812 διέϐαλλον
3885 761 3986 812 τὸν

2407 842 2577 914 ἄνδρα
2609 844 2684 906 ώς
2715 841 3160 914 μεγαλαυχῶντα
3190 846 3284 898 καὶ
3310 847 3764 918 διαθρυπτόμενον
3789 851 3886 904 ἐπὶ
3912 855 3984 921 τῇ

2409 935 2502 986 τοῦ
2539 934 2730 1003 ὁμίλου
2780 935 2964 1006 εὐνοίᾳ
3009 936 3105 989 καὶ
3157 936 3214 998 ἐς
3260 936 3426 1001 ἄλλας
3471 939 3680 1009 ὁρῶντα
3727 942 3982 1004 ἐλπίδας.

2410 1017 2511 1077 Ὧν
2546 1025 2610 1096 δὴ
2641 1027 2803 1080 ἕνεκα
2834 1027 3065 1097 τάχιστά
3095 1045 3152 1080 τε
3188 1029 3431 1096 ἀφῖκται,
3469 1031 3544 1094 ὼς
3589 1031 3665 1102 μὴ
3709 1032 3987 1084 τελεώτα-

2410 1133 2504 1168 τον
2531 1117 2716 1186 ἄροιτο
2758 1117 2936 1182 κλέος.
2972 1119 3083 1172 Καὶ
3105 1118 3227 1172 οὐδὲ
3259 1121 3352 1173 ἐπὶ
3387 1124 3499 1184 τοῖς
3533 1123 3631 1193 ἤδη
3660 1125 3983 1194 πεπονημέ-

2414 1223 2524 1268 νοις
2547 1209 2714 1276 τιμῆς
2738 1207 2994 1260 ἀπώνατο
3019 1207 3119 1278 τῆς
3155 1208 3566 1280 προσηκούσης⁸
3599 1211 3731 1264 ἀλλὰ
3772 1213 3987 1284 διέρρει

2415 1297 2563 1368 αὐτῷ
2588 1297 2658 1351 τὰ
2694 1297 2797 1368 τῆς
2823 1299 3000 1369 νίκης,
3041 1300 3167 1368 τόγε
3196 1301 3283 1352 ἐπ’
3307 1300 3534 1364 ἐκείνοις
3562 1310 3605 1366 ³,
3639 1302 3848 1372 φροῦδα
3889 1309 3988 1357 καὶ

2415 1391 2619 1460 ἀμισθα
2659 1391 2681 1422 ⁸
2723 1391 2820 1443 καὶ
2863 1391 3179 1445 παντάπασι
3236 1393 3587 1462 σεσιγημένα.
3631 1394 3716 1455 Ὠς
3757 1395 3858 1462 μὲν
3887 1389 3988 1447 οὖν

2415 1483 2524 1536 τῶν
2542 1484 2780 1554 ἀρίστων
2800 1481 2986 1552 ψυχῶν
3011 1482 3340 1554 ἀμϐλύνεται
3366 1484 3428 1537 τὸ
3452 1485 3796 1555 δραστήριον,
3819 1487 3988 1554 ἡνίκα

2419 1575 2493 1644 μὴ
2529 1576 2851 1636 ἐπαινοῖντο,
2893 1574 3026 1643 μηδὲ
3063 1573 3157 1626 τοῦ
3185 1575 3484 1644 πρέποντος
3508 1577 3855 1641 ἀπολαύοιεν,
3889 1581 3989 1630 καὶ

2415 1666 2562 1726 ὅπως
2613 1663 2824 1716 ἐνθένδε
2873 1663 2943 1716 τὰ
2984 1665 3137 1718 κοινὰ
3187 1664 3581 1737 καταδεέστερα
3609 1667 3856 1734 γίγνεται
3905 1669 3990 1739 τῷ

2421 1756 2494 1825 μὴ
2518 1755 2692 1825 ὀρθῶς
2722 1754 3008 1809 ἀσκεῖσθαι
3037 1757 3106 1809 τὰ
3135 1756 3531 1827 ἀτιμαζόμενα,
3572 1760 3683 1811 εἴτε
3721 1758 3854 1811 πολέ
3866 1777 3988 1828 μων

750 1859 856 1898 non
886 1853 1031 1898 recte
1061 1854 1321 1898 curentur
1341 1855 1394 1899 et
1417 1847 1742 1899 decorentur
1759 1862 1843 1908 ea,
1866 1862 1984 1914 quae
2009 1857 2311 1918 contempta
2345 1840 2385 1896 Β

2345 1840 2385 1896 Β
2413 1842 2524 1898 εἷεν
2547 1845 2776 1914 ἀγῶνες,
2809 1847 2918 1900 εἴτε
2956 1846 3130 1914 λόγων
3173 1847 3431 1911 παιδεῖαι,
3480 1850 3589 1901 εἴτε
3619 1849 3745 1904 ἄλλο
3777 1867 3834 1903 τι
3871 1850 3986 1902 τῶν

745 1937 950 2006 jaceat,
982 1938 1097 1991 sive
1154 1937 1328 1990 bclliri
1371 1939 1476 1991 sint
1535 1940 1769 2002 labores,
1821 1941 1933 1994 sive
1985 1941 2311 2005 litterarum,

750 2029 1070 2099 disciplinae,
1114 2029 1228 2083 sive
1258 2029 1400 2084 aliud
1427 2032 1701 2101 quidpiam
1720 2048 2072 2102 eorum.quze
2094 2035 2314 2088 maximi

752 2128 880 2171 sunt
913 2119 1196 2180 momenti,
1239 2120 1442 2174 dictmn
1487 2121 1598 2190 jam
1657 2133 1810 2176 antea
1858 2132 1941 2178 est
1972 2138 2000 2176 a
2043 2123 2316 2179 veteribus

751 2210 1092 2278 sapientibus
1121 2221 1176 2264 ct
1209 2212 1678 2276 demonstratum;
1727 2213 1990 2284 facileque
2042 2229 2072 2267 a
2120 2217 2317 2284 quovis

751 2317 814 2354 ex
841 2302 1173 2370 quotidianis
1194 2305 1477 2358 eventibus
1516 2305 1738 2375 intelligi
1761 2316 1954 2375 potest.
1993 2307 2168 2360 Hunni
2189 2324 2316 2362 vero

750 2392 984 2461 primum
1025 2393 1240 2461 quidem
1272 2394 1677 2450 insectationem
1716 2398 2004 2466 quamdam
2036 2399 2312 2466 suspicati,

751 2493 811 2538 et
836 2485 1009 2538 multo
1043 2501 1167 2539 cum
1203 2486 1436 2539 tumultu
1492 2487 1664 2556 longis
1713 2503 1853 2556 quos
1895 2496 2092 2542 vocant
2150 2491 2317 2544 muris

751 2575 980 2646 egressi,
1014 2585 1365 2645 posteaquam
1403 2577 1721 2632 Bclssarium
1783 2589 2091 2633 revocatum
2150 2580 2318 2636 fuisse

753 2671 1076 2734 cognorunt,
1103 2680 1280 2733 neque
1313 2667 1456 2721 alius
1481 2669 1767 2737 quisquam
1802 2668 1855 2721 in
1888 2669 2036 2738 ipsos
2053 2684 2315 2736 moveret,

751 2757 955 2812 lentius
978 2772 1196 2810 rursum
1231 2758 1614 2825 procedebant.

822 2847 986 2918 324
1004 2848 1094 2901 21.
1131 2847 1336 2901 Interea
1371 2849 1475 2902 alia
1515 2849 1780 2905 barbarici
1823 2852 2096 2906 exercitus
2116 2853 2314 2920 portio,

752 2956 874 3010 quae
907 2939 972 2993 ad
1006 2939 1407 2994 Chersonesum
1463 2942 1803 3007 consederat,
1853 2941 2162 3012 frequenter
2198 2960 2320 2998 mu-

756 3045 876 3084 rum
907 3027 1083 3083 adorti
1112 3038 1258 3093 sunt,
1283 3030 1446 3084 scalis
1467 3030 1696 3100 aliisque
1717 3032 1984 3088 machinis
2009 3033 2320 3089 obsidiona-

753 3116 898 3170 libus
921 3114 1194 3179 admotis;
1235 3115 1545 3184 frequenter
1574 3120 1700 3171 item
1729 3132 1757 3170 a
1791 3118 2068 3186 Romanis,
2115 3123 2207 3190 qui
2233 3123 2317 3175 in-

2415 1937 2555 1990 οὖτω
2591 1939 2990 2008 καιριωτάτων,
3021 1937 3235 2009 εἴρηται
3268 1940 3367 2009 μὲν
3397 1941 3493 2012 ἤδη
3537 1945 3648 2005 τοῖς
3682 1943 3853 1996 πάλαι
3897 1959 3990 1996 σο-

2415 2031 2535 2098 φοῖς
2575 2030 2670 2082 καὶ
2691 2028 3088 2095 ἀποδέδεικται,
3141 2031 3320 2101 ῥᾴδιον
3351 2031 3430 2097 δὲ,
3470 2029 3644 2102 οἶμαι,
3690 2035 3788 2086 καὶ
3818 2036 3984 2088 παντὶ

2415 2121 2494 2192 τῷ
2547 2121 2906 2194 προστυχόντι
2965 2121 3380 2190 διαγιγνώσκειν
3437 2127 3502 2177 ἐκ
3552 2125 3660 2178 τῶν
3709 2127 3985 2195 ὁσημέραι

2418 2213 2868 2284 ξυμφερομένων.
2911 2215 2976 2268 Ol
3010 2214 3067 2268 δὲ
3097 2214 3290 2268 οὖννοι
3327 2215 3396 2269 τὰ
3429 2216 3527 2285 μὲν
3567 2219 3760 2287 πρῶτα
3803 2219 3990 2283 δίωξίν

2416 2315 2539 2353 τινα
2579 2300 3039 2370 ὑποτοπήσαντες,
3095 2303 3188 2356 καὶ
3242 2301 3337 2366 ξὺν
3382 2303 3595 2374 θορύϐῳ
3643 2308 3827 2377 πολλῷ
3874 2309 3988 2361 τῶν

2420 2391 2650 2462 μακρῶν
2701 2392 3052 2462 καλουμένων
3102 2394 3300 2464 τειχῶν
3359 2395 3726 2460 ὑπεκϐάντες,
3795 2400 3989 2469 ἐπειίὴ

2417 2485 2682 2552 ἔγνωσαν,
2710 2485 2786 2548 ὡς
2815 2485 3129 2557 Βελισάριος
3170 2489 3558 2557 μετάπεμπτος
3586 2490 3852 2556 ἐγεγόνει,
3890 2494 3993 2543 καὶ

2417 2575 2536 2628 οὐδέ
2567 2575 2754 2646 ἕτερός
2783 2593 2867 2639 τις
2909 2576 3090 2640 αὐτοῖς
3122 2578 3405 2645 ἐπεφοίτα,
3441 2577 3603 2631 πάλιν
3636 2579 3993 2650 σχολαίτερον

2417 2666 2756 2738 ἐπορεύοντο.

2489 2841 2596 2888 καθ.
2650 2835 2739 2887 Ἐν
2764 2834 2938 2904 τούτῳ
2984 2834 3041 2887 δὲ
3077 2833 3270 2906 ἅτερος
3311 2833 3423 2888 τῶν
3490 2833 3791 2906 Βαρϐάρων
3854 2835 3996 2888 ἀπο-

2419 2926 2626 2996 δασμὸς
2658 2927 2702 2990 ⁷,
2737 2925 2788 2978 οἳ
2819 2926 2885 2996 δὴ
2918 2927 3212 2998 ἐτύγχανον
3258 2926 3636 2997 ἐφεδρεύοντες
3669 2929 3739 2998 τῇ
3765 2927 3993 2997 Χερρο-

2420 3017 2588 3088 νήσῳ,
2623 3017 2884 3082 πολλάκις
2927 3021 3026 3090 μὲν
3054 3021 3077 3053 ⁸
3119 3017 3199 3090 τῷ
3259 3018 3532 3090 περιϐόλῳ
3593 3017 3991 3088 προσέϐαλλον,

2419 3111 2694 3182 κλίμακάς
2720 3129 2778 3163 τε
2822 3113 3193 3182 προσάγοντες
3223 3111 3316 3164 καὶ
3337 3111 3439 3174 τὰς
3470 3109 3724 3182 μηχανὰς
3747 3109 3852 3172 τὰς
3876 3110 3994 3161 ἐλε-

759 3217 850 3261 tus
882 3216 1060 3271 erant,
1086 3206 1342 3260 omnibus
1399 3207 1609 3262 viribus
1658 3223 1716 3262 se
1766 3209 2044 3264 tuentibus
2087 3213 2312 3281 repulsi.
2341 3201 2384 3256 ε

2341 3201 2384 3256 C
2417 3205 2600 3268 πόλεις
2625 3221 2639 3235 ’
2677 3205 2935 3268 πολλάκις
2967 3206 3025 3260 δὲ
3058 3204 3162 3258 ὑπὸ
3185 3204 3294 3257 τῶν
3322 3203 3467 3257 ἔνδον
3501 3203 3674 3256 ὄντων
3698 3203 3994 3273 Ῥωμαίων

752 3297 990 3354 Praeerat
1028 3305 1211 3350 autem
1250 3297 1337 3352 his
1367 3295 1671 3354 Germanus
1712 3299 1966 3356 Dorothei
2007 3302 2174 3367 Illius,
2219 3304 2316 3358 ad-

753 3390 974 3444 modum
1008 3389 1226 3459 quidem
1268 3389 1356 3443 ille
1406 3389 1644 3458 juvenis,
1667 3399 1724 3445 et
1766 3391 1878 3460 jam
1927 3393 2160 3461 primum
2192 3395 2318 3449 bar-

754 3483 1003 3546 bescens,
1039 3480 1132 3535 sed
1163 3481 1348 3534 animo
1378 3481 1517 3535 duce
1552 3483 1714 3552 digno
1740 3491 2005 3552 praestans
2053 3495 2107 3539 et
2134 3501 2314 3541 rerum

764 3583 922 3628 mtale
957 3573 1114 3642 longe
1155 3572 1505 3642 grandiorum
1540 3582 1758 3628 conatu.
1803 3575 1981 3630 Patria
2033 3577 2158 3631 huic
2202 3589 2318 3634 erat

757 3669 892 3721 urbs
918 3667 1151 3738 Illyrica,
1203 3665 1503 3720 Bederiana
1557 3667 1684 3721 olim
1718 3667 1886 3732 dicta,
1947 3679 2131 3738 postea
2188 3685 2318 3725 vero

753 3757 940 3813 Prima
973 3755 1278 3810 Justiniana
1329 3757 1618 3826 appellata.
1664 3757 2006 3814 Justinianus
2037 3763 2180 3816 enim
2213 3763 2316 3817 im-

768 3858 1008 3922 perator,
1045 3860 1229 3919 utpote
1260 3849 1313 3902 in
1351 3864 1411 3903 ea
1444 3852 1677 3920 primum
1708 3852 1761 3906 in
1791 3853 1963 3908 lucem
1993 3854 2191 3918 editus,
2225 3871 2317 3908 va-

754 3944 851 3998 riis
879 3943 1133 4012 operibus
1155 3958 1216 3995 ac
1252 3943 1476 3998 fabricis
1506 3943 1699 3997 merito
1723 3947 1951 4011 patriam
1983 3962 2134 4001 suam
2157 3964 2316 4002 orna-

753 4033 849 4097 vit,
875 4041 930 4087 et
961 4047 1026 4087 ex
1058 4033 1288 4086 obscura
1321 4034 1630 4102 opulentam
1689 4035 2060 4107 illustremque
2115 4038 2312 4104 effecit,

755 4137 1022 4192 suamque
1059 4123 1134 4174 illi
1179 4123 1490 4193 impartilus
1517 4133 1599 4179 est
1633 4126 2067 4194 appellationem.
2104 4129 2180 4182 Ex
2217 4130 2316 4185 bac

754 4227 884 4264 vero
913 4227 1083 4281 genus
1127 4213 1331 4266 ducens
1379 4213 1466 4266 hic
1493 4212 1818 4278 Germanos,
1867 4215 2209 4270 vehementer
2240 4218 2315 4271 illi

754 4306 955 4358 Charus
982 4312 1117 4358 erat.
1143 4306 1410 4370 Quocirca
1452 4321 1573 4358 cum
1602 4316 1850 4369 octavum
1877 4308 1945 4360 ab
1967 4319 2084 4362 ortu
2112 4325 2313 4362 annum

753 4396 1042 4465 exegisset,
1083 4398 1277 4451 diu-tus
1314 4405 1398 4451 est
1449 4397 1518 4450 ab
1581 4398 1699 4466 ipso
1745 4398 1796 4450 in
1849 4398 2034 4451 urbem
2087 4402 2311 4467 regiam,

755 4502 1077 4556 summaque
1115 4505 1241 4542 cura
1292 4489 1529 4543 habitus.
1581 4487 1713 4542 Nam
1742 4500 1796 4542 et
1835 4490 2312 4557 grammaticorum

755 4579 968 4632 scholas
1003 4579 1226 4642 adibat,
1278 4590 1334 4634 et
1389 4581 1759 4648 philosophica
1797 4581 2021 4649 collegia
2063 4580 2318 4651 frequen-

759 4680 901 4730 tans,
934 4669 1252 4723 Latinorum
1296 4671 1458 4724 etiam
1489 4671 1771 4739 disciplina
1795 4672 2155 4726 inibuebatur.
2191 4673 2320 4727 Post

755 4776 820 4814 ea
859 4777 1018 4829 quam
1065 4778 1286 4816 veroex
1335 4763 1558 4832 ephebis
1598 4763 1846 4827 excessit,
1905 4765 2086 4819 statim
2115 4780 2237 4818 cum
2267 4765 2317 4818 in

756 4853 1154 4908 Chersonesum
1185 4855 1473 4923 ablegavit,
1523 4863 1577 4908 et
1613 4855 1899 4919 exercitui,
1930 4855 2021 4923 qui
2073 4855 2145 4908 ibi
2181 4866 2318 4920 erat,

759 4943 1022 5010 praefecit;
1063 4952 1120 4997 ut
1154 4945 1251 5013 ipsi
1301 4945 1486 4999 statim
1535 4946 1834 5015 juventutis
1869 4946 2048 5000 fervor
2085 4957 2137 5000 et
2165 4947 2318 5001 flexi-

757 5034 938 5088 bilitas
967 5045 1020 5088 et
1045 5037 1230 5105 gloria:
1262 5039 1566 5106 appetentia
1590 5039 2042 5094 convenientibus
2067 5039 2228 5110 325
2251 5057 2313 5094 ac

759 5124 1198 5177 conducibilibus
1227 5128 1386 5180 rebus
1413 5127 1739 5196 expleretur,
1777 5143 1953 5197 neque
1979 5129 2316 5197 abriperetur

759 5227 820 5267 ac
854 5215 1119 5282 prosiliret
1151 5217 1214 5269 ad
1253 5219 1645 5271 omlnsrationi
1680 5233 1872 5271 narum
1896 5228 2315 5281 conscntaneos,

2417 3296 2784 3365 ἀπεκρούοντο
2815 3297 2994 3350 σθένει
3027 3298 3190 3350 παντὶ
3218 3297 3592 3366 ἀμυνομένων.
3650 3295 3877 3363 Ἠγείτο
3933 3295 3990 3347 δὲ

2417 3387 2621 3442 τούτων
2650 3376 2928 3461 Γερμανὸς
2957 3393 2986 3443 δ
3019 3389 3295 3459 Δωροθέου
3325 3392 3369 3451 ⁸,
3401 3389 3517 3452 νέος
3561 3389 3660 3459 μέν
3692 3404 3756 3456 γε
3787 3386 3870 3441 ῶν
3897 3403 3994 3442 ιω-

2421 3480 2570 3551 μιδῇ,
2619 3482 2711 3535 καὶ
2777 3481 2993 3554 πρῶτος
3055 3482 3157 3553 ἢδη
3214 3482 3512 3553 ὑπηνήτης,
3564 3484 3881 3550 φρονήματι
3930 3480 3993 3532 δὲ

2419 3573 2769 3643 στρατηγικῷ
2795 3573 3117 3643 διαπρέπων
3150 3572 3243 3626 καὶ
3285 3572 3464 3642 πολλῷ
3513 3571 3675 3625 πλέον
3709 3572 3812 3638 τῆς
3869 3571 3992 3641 ηλι-

2417 3662 2542 3726 κίας
2584 3665 2645 3716 τὸ
2693 3665 3066 3735 μεγαλουργὸν
3093 3665 3446 3734 κεκτημένος.
3478 3664 3687 3734 Πατρὶς
3713 3663 3771 3716 δέ
3801 3660 3874 3733 ἦν
3895 3667 3994 3718 αὑ·-

2415 3752 2494 3824 τῷ
2514 3755 2666 3818 πόλις
2709 3756 3000 3826 Ἰλλυρικη,
3018 3755 3304 3827 Βεδερίανα
3332 3755 3432 3825 μὲν
3458 3756 3500 3786 ¹⁰
3518 3757 3582 3808 ἐκ
3606 3754 3848 3808 παλαιοῦ
3873 3757 3995 3809 ὀνο-

2421 3844 2726 3916 μαζομένη,
2757 3844 2983 3915 ὕστερον
3017 3844 3075 3898 δέ
3135 3843 3332 3915 Πρώτη
3395 3844 3750 3913 Ἰουστινιανὴ
3814 3862 3993 3913 μετα-

2417 3937 2678 4008 κληθεῖσα
2709 3954 2722 3967 ·
2765 3936 3136 3999 Ἰουστινιανδς
3159 3935 3267 4006 γὰρ
3291 3937 3321 3987 ὁ
3342 3935 3618 4006 βασιλεὺς,
3648 3935 3746 3988 ἆτε
3769 3936 3839 4006 δὴ
3871 3937 3995 3991 κατ’

2417 4030 2588 4100 αὐτὴν
2619 4032 2700 4092 εἰς
2731 4029 2844 4098 φῶς
2874 4027 3237 4099 προηγμένος,
3267 4028 3613 4098 ἐκόσμησέτε
3643 4029 3882 4092 εἰκότως
3896 4030 3996 4098 τὴν

2420 4120 2655 4193 πατρίδα
2683 4120 2864 4191 ἔργοις
2900 4121 3186 4185 ποικίλοις,
3213 4121 3308 4172 καὶ
3335 4121 3392 4184 ἐς
3422 4119 3658 4187 ἀφανοῦς
3689 4119 3996 4188 εὐδαίμονα

2418 4211 2774 4281 ἐξειργάσατο
2800 4211 2894 4264 καὶ
2909 4213 3006 4281 τῆς
3031 4212 3235 4274 οἰκείας
3262 4209 3399 4280 αὐτῇ
3419 4210 3785 4279 μεταδέδωκεν
3820 4227 3995 4282 προσο

2419 4303 2660 4373 mm“
2694 4301 2788 4354 ἐκ
2817 4298 3008 4354 τούτου
3025 4303 3068 4332 ¹¹
3101 4301 3156 4354 δὲ
3176 4302 3236 4354 τδ
3260 4301 3412 4370 γένος
3432 4300 3602 4376 ἕλκων
3628 4303 3656 4352 ὁ
3685 4288 3990 4373 repende.

2420 4394 2623 4464 σφόδρα
2666 4393 2716 4445 οἱ
2761 4393 3163 4463 ἐπεφρόντιστο.
3201 4391 3488 4462 Τοιγάρτοι
3519 4394 3756 4462 ὀκταετῆ
3789 4398 3990 4466 χρόνον

2420 4489 2483 4540 ἐκ
2516 4485 2739 4555 γενετῆς
2773 4485 3024 4550 διανύων,
3055 4485 3193 4557 ἢχθη
3220 4485 3357 4556 πρὸς
3385 4483 3549 4539 αὐτοῦ
3599 4487 3657 4548 ἐς
3697 4487 3866 4541 πόλιν
3893 4490 3992 4560 τὴν

2421 4579 2685 4650 βασιλίδα,
2717 4579 2811 4631 καὶ
2847 4579 3136 4648 τημελείας
3161 4576 3415 4631 ἀπώνατο
3433 4579 3632 4646 πάσης.
3659 4579 3788 4642 Τοῖς
3803 4581 3865 4633 δέ
3887 4584 3993 4652 γὰρ

2418 4673 2524 4723 τῶν
2552 4669 2984 4742 γραμματιστῶν
2999 4669 3188 4739 ὡμίλει
3205 4668 3616 4737 διδασκαλείοις,
3647 4673 3747 4724 καὶ
3775 4678 3990 4742 πρόςγε

2419 4763 2523 4817 ἀνὰ
2534 4765 2601 4816 τὰ
2618 4763 2910 4834 φροντιστή
2920 4779 3008 4832 ρια
3025 4761 3243 4828 φοιτῶν,
3260 4762 3356 4830 τῇς
3368 4761 3476 4814 τῶν
3490 4763 3735 4816 Λατίνων
3750 4768 3988 4836 μετέσχε

2421 4855 2689 4916 παιδείας.
2733 4852 2886 4906 Ἐπεὶ
2913 4853 2970 4906 δὲ
3000 4853 3060 4915 ἐς
3086 4851 3226 4922 ἥϐης
3261 4853 3459 4924 μέτρον
3483 4853 3737 4922 ἀφίκετο,
3779 4856 3988 4909 ἔστειλέ

2422 4963 2486 5015 γε
2535 4946 2696 4999 αὑτὸν
2731 4945 2929 4999 αὐτίκα
2960 4946 3019 4998 ἐν
3045 4945 3395 5015 Χερρονήσῳ,
3465 4946 3702 5016 ἄρχοντα
3732 4948 3832 5000 τοῦ
3863 4949 3983 5017 τῇδε

2422 5037 2652 5108 στρατοῦ
2690 5038 3193 5106 καταστησάμενος,
3230 5036 3305 5099 ὡς
3343 5036 3409 5090 ἀν
3437 5037 3583 5107 αὐτῷ
3612 5039 3779 5103 εὐθὺς
3802 5041 3869 5091 τὸ
3897 5043 3986 5107 τῆς

2424 5130 2678 5198 νεότητος
2709 5129 2804 5194 ὀξὺ
2855 5131 2950 5181 καὶ
2976 5127 3320 5199 ταχύρροπον
3369 5129 3464 5182 καὶ
3513 5128 3649 5198 πρὸς
3681 5132 3786 5194 τὰς
3834 5131 3988 5194 δόξας

2422 5218 2661 5288 ἠρμένον
2692 5219 2750 5270 ἐν
2777 5219 2890 5280 τοῖς
2930 5218 3264 5286 προσήκουσι
3302 5219 3396 5270 καὶ
3468 5219 3790 5286 ἀναγκαίοις
3849 5224 3985 5276 ἀπο.

2031 5451 2262 5506 VARIAS
2315 5449 2714 5506 LECTIONES.

830 5588 850 5619 ⁸
878 5591 939 5655 δὴ
973 5590 1015 5641 ιι
1041 5588 1188 5652 2111.,
1223 5588 1279 5639 δὲ
1317 5589 1525 5656 vulg.et
1565 5587 1609 5640 ﬂ
1649 5589 1668 5640 1
1707 5605 1779 5644 m.
1857 5588 1878 5617 ⁸
1910 5587 2137 5650 ἐκείνοις
2161 5585 2225 5650 Β,
2260 5588 2501 5652 ἐκείνους
2526 5591 2670 5658 vulg.

760 5659 1103 5727 ’ἀποδασμὺς
1128 5659 1336 5727 Ιὶ((]ί.),
1371 5659 1721 5728 ἁποδρασμός
1761 5662 1905 5722 vulg.
1983 5658 2005 5686 ⁸

2749 5593 2769 5622 ⁸
2788 5592 2992 5645 ἄπιστα
3026 5591 3144 5660 Ret
3183 5601 3347 5660 .ntpr.
3375 5607 3509 5643 υαιια
3539 5607 3721 5644 omnia
3757 5603 3980 5647 reaam.

2051 5659 2147 5725 μὲν
2172 5659 2294 5731 add.
2324 5675 2388 5711 ex
2421 5658 2485 5714 Ii.
2527 5664 2546 5693 ’
2571 5661 2870 5730 Δωροθείου
2895 5661 2960 5714 ll.
3033 5659 3250 5729 πρῶτον
3268 5658 3406 5731 Ῥεῖ.
3485 5661 3530 5692 ‘°
3565 5661 3870 5730 Βεδερίανσ.
3893 5665 3982 5731 μὲν

758 5731 969 5784 correxi
1007 5726 1068 5782 rx
1104 5726 1397 5797 Procopio:
1443 5726 1688 5798 ιὶεδὲρινα
1716 5729 1812 5796 μὲν
1851 5728 1889 5779 Il
1923 5737 1974 5779 ot
2009 5727 2170 5796 Intpr.
2231 5726 2508 5791 Rcilcrinn,
2564 5726 2937 5799 Βεδὲριαναμὲι
2986 5726 3135 5797 vulg.
3213 5731 3251 5760 ’ί
3278 5728 3384 5784 Pri)
3428 5733 3493 5784 ἐκ
3539 5726 3724 5784 εούτού
3761 5733 3806 5785 Β
3835 5726 3978 5788 ἐκτὸς

788 5816 866 5850 η..
