4188 6438
217 362 353 430 1585

1390 359 1924 422 HISTORIARUM
1956 364 2185 425 LIBER
2211 369 2273 428 ν.

3305 376 3438 442 1586

213 481 598 553 πιμπλάνοιτο,
632 479 769 535 ἀλλά
795 479 872 551 μὴ
899 477 1112 550 προθέοι
1147 477 1243 530 καὶ
1270 476 1616 549 ἀνασκιρτῴη
1644 477 1777 548 πρὸς
1808 483 1850 537 Α

1808 483 1850 537 Δ
1880 484 2273 554 populariaque
2299 489 2475 542 studia
2509 499 2562 542 et
2597 492 2866 558 equestria
2912 493 3208 547 certamina
3246 496 3439 548 colori-

213 573 454 644 κινήσεις
482 573 709 639 ἀλόγους
757 572 848 624 καὶ
875 569 1144 638 δημώδεις
1180 565 1378 638 ὁρμὰς,
1437 568 1532 620 καὶ
1594 567 1774 619 ἵππων

213 663 444 734 ἁμίλλας
473 665 584 726 τοῖς
607 661 862 734 χρώμασι
895 659 1326 730 μεμερισμένας,
1359 660 1418 711 ἐν
1446 656 1526 722 οἷς
1551 659 1627 720 ὼς
1679 677 1776 713 τα-

212 756 379 809 πολλά
409 755 470 809 τὸ
511 755 652 817 νέον,
679 756 728 806 εί
764 754 838 825 μὴ
883 753 940 815 ἐς
989 752 1172 822 ἕτερόν
1216 768 1269 804 τι
1321 751 1430 804 τῶν
1489 751 1776 822 χρησίμων

211 847 617 918 ἐνασχοληθείη,
643 845 842 916 ῥᾳδίως
871 847 1026 913 ῥέπει
1061 846 1156 898 καὶ
1188 844 1598 914 ἐκταράττεται.
1643 844 1776 896 Τότε

210 942 273 1011 δὴ
315 936 419 1021 οὖν,
460 939 544 1012 [Ρ.
589 938 712 1011 167]
745 938 853 993 τῶν
884 937 1100 993 υῦννων
1133 941 1199 1011 τῇ
1237 939 1566 1008 Χερρονήσῳ
1603 954 1773 1006 προσ-

213 1033 537 1102 καθημένων
565 1033 658 1085 καὶ
692 1029 1070 1101 ἐνοχλούντων,
1132 1031 1233 1083 οὐκ
1287 1029 1427 1082 ἀνίει
1481 1031 1510 1081 ὁ
1561 1027 1776 1090 νεανίας

212 1124 311 1188 τάς
344 1142 404 1178 τε
454 1123 761 1194 προσϐολάς
824 1124 1144 1178 ἀνακόπτων
1201 1124 1296 1177 καὶ
1347 1125 1525 1176 πᾶσαν
1586 1123 1777 1192 βουλὴν

212 1216 552 1286 ἀμυντηρίαν
584 1216 981 1286 διανοούμενος.
1037 1215 1211 1280 Αὐτός
1238 1231 1298 1268 τε
1341 1215 1384 1247 ¹¹
1411 1216 1520 1286 γὰρ
1568 1216 1776 1269 οἴκοθεν

211 1307 291 1378 τῷ
321 1306 554 1377 ἐπιὸόλῳ
584 1309 684 1377 τῆς
731 1306 944 1376 φύσεως
996 1306 1374 1377 εύστοχώτατα
1422 1307 1776 1377 διεγίγνωσκε

216 1400 260 1429 ³³
287 1397 348 1451 τὸ
376 1399 640 1464 συνοῖσον,
686 1397 782 1451 καὶ
820 1401 936 1461 τοῖς
989 1397 1380 1469 πρεσϐυτέροις
1419 1400 1528 1453 τῶν
1563 1404 1606 1432 ’⁵
1641 1402 1776 1471 ἀμφ’

214 1488 376 1542 αὐτὸν
403 1489 499 1541 καὶ
530 1487 744 1550 πολλοῖς
779 1487 882 1558 ἢδη
942 1489 1207 1560 πρότερον
1254 1491 1436 1556 πόνοις
1484 1493 1610 1555 τοὺς
1671 1494 1778 1546 τῶν

214 1578 466 1647 πολέμων
496 1577 539 1608 ¹⁵
567 1576 784 1644 ἀγῶνας
813 1578 1288 1650 ἐκμεμελετηκόσι
1343 1581 1490 1652 μάλα
1542 1584 1638 1637 σὺν
1689 1583 1780 1636 εύ-

213 1671 370 1741 κολίᾳ
419 1669 666 1724 ἐπείθετο
719 1671 790 1724 τά
843 1671 1092 1741 πρακτέα
1142 1673 1557 1744 ύφηγουμένοις.
1627 1675 1781 1729 Ἐπεὶ

212 1762 270 1815 δὲ
315 1761 467 1815 οὐδέν
496 1779 549 1815 τι
583 1761 745 1814 πλέον
786 1756 934 1832 εἶχον
963 1762 1144 1816 ἀνύειν
1191 1764 1243 1818 οί
1303 1765 1601 1838 Βάρϐαροι,
1655 1768 1778 1822 οὔτε

212 1854 289 1916 ὠς
338 1854 396 1905 ἐν
444 1851 730 1922 πολιορκίᾳ
784 1853 1164 1922 ἐφεδρεύοντες
1216 1855 1296 1926 τῷ
1342 1858 1599 1929 ἐρύματι,
1655 1861 1777 1916 οὔτε

216 1943 352 2013 πρὸς
382 1943 736 2012 τειχομαχίαν
786 1945 1113 2014 ἐγκείμενοι,
1159 1947 1405 2017 ἔγνωσαν
1433 1953 1634 2022 τρόπου
1664 1955 1777 2008 ἐτέο

219 2053 310 2108 ρου
365 2035 624 2098 αὐθάδους
656 2053 715 2088 τε
757 2039 851 2090 καὶ
876 2040 1125 2106 γενναίου
1153 2040 1246 2093 καὶ
1273 2041 1390 2093 λίαν
1425 2045 1561 2113 πρὸς
1585 2044 1647 2097 τὸ
1687 2063 1778 2114 φι-

213 2130 515 2187 λοκίνδυνον
547 2134 769 2202 ἄγοντος
806 2131 1266 2202 ἀποπειραθῆναι,
1300 2134 1443 2190 οὓτω
1487 2137 1604 2208 τεῆ
1648 2138 1779 2193 θᾶτ-

212 2232 308 2268 τον
358 2216 497 2268 ἐλεῖν
521 2217 581 2269 τὸ
617 2216 836 2287 χωρίον,
890 2216 924 2286 ἢ
958 2215 1202 2286 μεθεῖναι
1228 2217 1476 2273 τολοιπδν
1505 2221 1601 2275 καὶ
1647 2223 1776 2276 ἀπο-

215 2305 527 2360 παύσασθαι
575 2308 669 2359 καὶ
697 2309 756 2371 ἐς
811 2306 881 2360 τά
939 2308 1177 2378 σφέτερα
1228 2309 1327 2382 ἤδη
1390 2313 1775 2385 ἀπονοστῆσαι.

217 2397 324 2449 Καὶ
352 2397 530 2450 τοίνυν
555 2397 831 2468 καλάμους
881 2398 958 2462 ὡς
992 2399 1276 2464 πλείστους
1299 2403 1649 2475 ἀθροίσαντες
1690 2409 1782 2460 εύ-

217 2487 414 2557 μήκεις
461 2504 522 2540 τε
557 2489 696 2556 ἄγαν
756 2490 852 2544 καὶ
899 2493 958 2555 ἐς
1002 2493 1030 2545 ὅ
1075 2510 1126 2546 τι
1173 2497 1434 2566 στερροὺς
1485 2497 1580 2552 καὶ
1620 2502 1780 2570 παχί-

214 2594 374 2641 στους
416 2580 508 2632 καὶ
538 2578 756 2642 τούτους
815 2579 902 2632 ἐπ’
957 2580 1138 2642 αὐτοῖς
1199 2583 1632 2654 ἐναρμοσάμενοι
1687 2589 1781 2640 καὶ

212 2673 570 2744 ξυνδήσαντες
595 2674 876 2738 καλωδίοις
917 2691 976 2728 τε
1015 2676 1059 2707 ⁸⁸
1086 2676 1180 2729 καὶ
1209 2676 1493 2741 τολύπαις,
1524 2679 1780 2750 κώμυθας

214 2762 416 2826 πολλάς
448 2764 875 2834 ἀπειργάσαντο.
920 2765 1052 2819 Τότε
1095 2766 1152 2819 δὲ
1189 2768 1230 2798 ³⁷
1265 2765 1397 2832 ξύλα
1431 2770 1650 2840 ίθυτενῆ
1683 2791 1780 2826 κα-

211 2855 390 2908 θάπου
434 2856 574 2923 ζυγά
625 2858 718 2910 καὶ
767 2858 1079 2924 ἐγκαινίδας
1132 2859 1176 2891 ³³
1230 2859 1466 2932 ὕπερθεν
1525 2863 1667 2917 κατά
1719 2866 1780 2918 τὺ

211 2945 506 3014 ἐγκάρσιον
535 2945 798 3010 ἐνθέντες,
827 2949 888 3000 οὐ
921 2947 1232 3013 διαπαντὸς,
1260 2949 1398 3004 ἀλλά
1422 2951 1582 3022 μόνον
1637 2955 1779 3024 ἀμφὶ

210 3037 282 3089 τά
332 3038 478 3106 ἄκρα
517 3037 611 3090 καὶ
640 3037 701 3090 τὸ
753 3040 1102 3106 μεσαίτατον,
1161 3041 1255 3094 καὶ
1297 3041 1507 3111 μείζοσι
1559 3043 1775 3115 δεσμοῖς

1877 573 1979 626 lms
2019 575 2297 642 distincta,
2348 577 2414 630 ad
2475 597 2596 647 quae
2637 581 2898 649 juventus
2953 585 3290 652 plerumque,
3335 585 3438 639 nisi

1875 663 2088 731 potiore
2120 666 2300 734 aliqua
2339 669 2390 718 iu
2427 683 2483 721 re
2511 680 2830 739 occupetur,
2864 670 3020 727 facile
3053 675 3222 744 vergit
3257 683 3312 727 et
3348 675 3438 728 de-

1877 756 2144 810 turbatur.
2177 756 2276 812 Per
2311 759 2442 812 illud
2493 760 2673 830 itaque
2705 772 2918 831 tempus
2959 763 3170 818 llutmis
3205 765 3442 821 Cherso-

1877 863 2068 900 nesum
2099 848 2462 905 insidentibus
2510 867 2670 920 atque
2724 856 3126 920 iufestantibus,
3156 873 3261 912 non
3293 861 3437 913 desi-

1877 941 2052 994 stebat
2087 941 2172 997 hic
2223 942 2442 1012 juvenis
2488 954 2541 998 et
2587 962 2774 1002 eorum
2830 949 3065 1003 iusultus
3124 950 3437 1020 infringere,

1875 1048 2147 1102 omneque
2171 1037 2459 1090 consilimn
2518 1039 2883 1106 propulsando
2937 1042 3079 1096 hosti
3109 1043 3434 1111 excogitare.

1879 1123 2012 1178 Nam
2041 1135 2092 1179 et
2118 1127 2233 1196 ipse
2263 1143 2328 1180 ex
2361 1144 2420 1183 se
2448 1129 2682 1182 naturali
2716 1131 2983 1186 industria
3029 1133 3159 1202 quid
3209 1135 3442 1188 maxime

1877 1217 2188 1270 consultum
2229 1229 2283 1270 et
2338 1234 2401 1272 ex
2464 1236 2518 1272 re
2567 1229 2734 1284 esset,
2780 1223 2982 1289 optime
3034 1223 3443 1284 collimabat,ct

1879 1305 2205 1370 senioribus,
2247 1306 2339 1376 qui
2370 1307 2470 1376 ipsi
2501 1308 2728 1361 aderant
2772 1311 3066 1378 multisque
3105 1317 3260 1364 antea
3284 1311 3435 1364 helli-

1879 1399 1956 1451 cis
1992 1398 2270 1452 laboribus
2325 1407 2479 1452 erant
2509 1401 2816 1465 exercitati,
2865 1401 3119 1456 facillime
3162 1407 3441 1471 obtempe-

1881 1490 2053 1552 rabat,
2084 1505 2202 1559 quae
2234 1490 2476 1545 facienda
2507 1505 2694 1546 essent
2733 1495 3166 1563 suggerentibus.
3217 1492 3437 1547 Barbari

1881 1583 2088 1653 itaque,
2119 1597 2242 1636 cum
2267 1584 2401 1636 nihil
2429 1584 2561 1652 ipsis
2597 1585 2795 1653 reliqui
2827 1595 2991 1649 esset,
3035 1586 3178 1652 quod
3213 1584 3438 1652 exsequi

1879 1682 2124 1744 possent,
2157 1673 2355 1743 quippe
2384 1675 2477 1743 qui
2531 1691 2725 1743 neque,
2779 1689 2830 1728 ut
2867 1675 2932 1726 inv
2963 1673 3264 1736 obsidione,
3302 1673 3442 1726 vallo

1881 1766 2222 1828 insidebant,
2260 1780 2433 1835 neque
2488 1780 2770 1818 murorum
2811 1765 3198 1834 oppugnationi
3254 1765 3444 1817 intenti

1880 1865 2056 1919 erant,
2085 1865 2393 1910 statuerunt
2425 1855 2589 1909 alium
2624 1856 2841 1908 modum
2866 1855 3059 1909 audaci
3088 1864 3142 1910 et
3157 1855 3444 1909 temerario

1882 1940 2214 2019 periculique
2267 1947 2424 2016 pleno
2471 1945 2713 2000 facinore
2740 1952 2971 2008 tentare,
3020 1959 3191 2013 eaque
3240 1943 3446 1998 ratione

1881 2041 1964 2094 vel
1992 2039 2153 2094 citius
2182 2038 2438 2109 oppidum
2497 2051 2710 2106 capere,
2748 2036 2832 2090 vel
2881 2036 3129 2090 deserere
3164 2044 3325 2106 atque
3353 2037 3446 2090 dc-

1881 2129 2072 2185 sistere
2097 2141 2150 2182 et
2179 2128 2244 2182 ad
2276 2143 2375 2182 sua
2406 2125 2625 2180 reverti.
2652 2126 3024 2179 Arundiuibus
3050 2127 3231 2194 itaque
3253 2141 3446 2195 quam-

1880 2223 2129 2293 plurimis
2161 2220 2420 2284 collectis,
2453 2235 2576 2288 qua:
2602 2226 2656 2273 et
2681 2219 2853 2288 leuga:
2889 2218 3182 2273 admodum
3206 2225 3259 2272 et
3280 2232 3444 2287 quam

1879 2319 2116 2372 maxime
2163 2317 2331 2372 liruue
2370 2331 2678 2384 crassacque
2717 2324 2940 2380 essent,
2996 2315 3173 2382 iisque
3218 2316 3357 2369 inter
3388 2328 3447 2369 se

1881 2409 2167 2478 coaptatis,
2197 2407 2360 2477 326
2385 2417 2437 2461 et
2471 2406 2706 2461 restibus
2753 2405 2984 2472 lanaque
3008 2415 3190 2476 carpta
3221 2406 3444 2475 colliga-

1885 2501 1973 2566 tis,
1997 2509 2174 2555 crates
2197 2499 2501 2568 complures
2535 2501 2922 2565 confecerunt;
2955 2508 3069 2552 tum
3119 2511 3247 2551 vero
3274 2497 3441 2566 perti-

1883 2589 1961 2644 cis
1993 2589 2045 2642 in
2085 2589 2300 2656 longum
2327 2588 2606 2656 porrectis,
2637 2597 2892 2657 tauquam
2919 2587 3063 2656 jugis
3089 2599 3152 2639 ac
3193 2585 3446 2638 transtris

1884 2677 2234 2733 transversiui
2263 2675 2659 2744 superinjectis,
2704 2691 2810 2729 non
2861 2685 3116 2742 perpetua
3159 2672 3319 2736 serie,
3351 2671 3446 2725 sed

1883 2780 2089 2824 tantum
2123 2769 2268 2822 circa
2310 2778 2550 2821 extrema
2587 2767 2810 2838 ipsaque
2845 2765 3017 2819 media
3048 2763 3300 2826 cratium,
3332 2776 3445 2815 ma-

1878 2862 2200 2932 joribusque
2227 2859 2458 2913 vinculis
2488 2874 2580 2913 eas
2611 2842 3016 2926 circumligatas
3050 2856 3191 2909 inter
3211 2870 3270 2909 se
3291 2867 3446 2909 com-

1881 2955 2168 3010 mittebant
2205 2960 2259 3005 et
2280 2950 2640 3018 coaptabant,
2696 2951 2848 3004 valde
2885 2958 3032 3004 arcte
3081 2960 3444 3016 compressas,

1883 3045 1958 3101 ita
1984 3053 2045 3100 ut
2081 3055 2191 3099 tres
2216 3041 2360 3097 forte
2407 3049 2503 3094 aut
2525 3047 2760 3109 quatuor
2808 3052 2970 3092 uuam
3004 3036 3309 3091 naviculam
3333 3032 3448 3088 eﬂi-

213 3130 692 3201 περισςρίγξαντες,
743 3130 1012 3201 ξυνῆπτον
1067 3131 1325 3202 ἀλλήλαις
1391 3133 1560 3198 αύτάς
1591 3135 1632 3167 ¹⁹
1685 3137 1777 3189 καὶ
1805 3170 1848 3228 c

1805 3170 1848 3228 ο
1883 3147 2087 3202 cerent,
2117 3135 2398 3191 latitudine
2432 3135 2564 3188 satis
2591 3133 2768 3201 ampla
2804 3130 2870 3184 ad
2922 3138 3156 3200 quatuor
3202 3131 3445 3183 vectores

213 3222 571 3291 ξυνεμίγνυον
600 3224 668 3282 ’⁸,
703 3222 822 3274 λίαν
851 3224 909 3275 ἐν
941 3223 1057 3293 χρῷ
1084 3225 1475 3292 πεπιεσμένας,
1509 3225 1585 3290 ὼς
1630 3229 1779 3296 τρεῖς

209 3313 374 3382 τυχὸν
403 3313 435 3382 ἢ
469 3315 559 3366 καὶ
588 3313 804 3376 πλείους
849 3316 905 3376 ἐς
956 3314 1086 3383 μίαν
1132 3315 1509 3370 ἀποτελεῖσθαι
1543 3318 1776 3388 σχεδίαν,

209 3400 372 3475 εὖρος
401 3403 628 3472 ἔχουσαν
669 3403 874 3472 ἀρκοῦν
908 3405 1044 3474 πρὸς
1067 3405 1276 3476 ἀνδρῶν
1319 3408 1594 3477 τεττάρων
1650 3411 1780 3463 ὑπο-

209 3499 374 3569 δοχὴν
417 3500 510 3552 καὶ
556 3499 832 3562 ἐπίϐασιν,
864 3501 956 3553 καὶ
1001 3499 1077 3571 τῷ
1127 3499 1278 3569 βάθει
1312 3502 1371 3566 ἐς
1425 3504 1678 3558 τοσοῦτον
1735 3505 1778 3537 ²¹

209 3591 609 3659 διικνουμένην,
653 3592 711 3654 ἐς
743 3591 866 3645 ὅσον
905 3591 1091 3661 φέρειν
1118 3592 1349 3662 βεϐαίως
1372 3594 1441 3646 τά
1479 3595 1638 3665 ἄχθη,
1690 3599 1780 3651 καὶ

209 3682 282 3751 τῇ
343 3681 629 3750 λεπτότητι
673 3679 747 3749 μὴ
778 3679 1159 3734 καταδύεσθαι.
1194 3681 1460 3746 Τοιαύτας
1491 3684 1554 3755 δὴ
1585 3681 1678 3739 οὖν
1717 3687 1778 3740 οὐ

215 3774 369 3840 μεῖον
396 3771 430 3839 ἢ
465 3773 800 3839 πεντήκοντα
850 3772 944 3825 καὶ
1007 3772 1196 3826 ἐκατὸν
1242 3775 1601 3846 ἐτεκτήναντο
1661 3794 1783 3847 σχε-

210 3855 352 3926 δίας.
399 3863 488 3926 Ὠς
547 3863 614 3916 ἂν
646 3863 704 3916 δέ
730 3865 912 3925 αὐτοῖς
944 3862 1328 3934 πλωῖμὼτεραι
1357 3867 1402 3898 ’⁸
1436 3861 1567 3932 εἶεν,
1622 3871 1672 3923 οἱ
1726 3870 1782 3924 δέ

211 3957 285 4009 τὰ
318 3955 624 4026 ἐμπρόσθια
646 3955 852 4008 τούτων
883 3955 1064 4026 ἡρέμα
1096 3959 1229 4028 πρὸς
1279 3957 1341 4011 τὺ
1397 3961 1674 4032 μετέωρον
1726 3965 1782 4028 ἐς

213 4047 443 4113 πρώρας
501 4043 667 4097 τύπον
729 4045 1154 4116 περιαγαγόντες
1217 4046 1311 4098 καὶ
1359 4048 1781 4120 ύποκάμψαντες

1882 3222 2295 3293 excipiendum,
2335 3236 2508 3288 eaque
2567 3219 2972 3289 profunditate,
3023 3226 3081 3272 ut
3122 3216 3448 3286 ponderibus

1884 3316 2155 3386 impositis
2198 3323 2315 3368 tuto
2349 3310 2612 3367 vehendis
2645 3327 2742 3380 par
2769 3319 2934 3375 esset,
2969 3319 3024 3364 et
3053 3325 3162 3380 prie
3187 3309 3448 3363 tenuitate

1885 3423 1992 3462 non
2033 3406 2454 3474 demergeretnr.
2484 3401 2790 3457 Istiusmodi
2821 3402 3002 3468 itaque
3041 3399 3318 3453 naviculas
3343 3398 3446 3452 mi-

1889 3500 2094 3552 nimum
2148 3504 2367 3549 centum
2431 3483 2826 3561 quinquaginta
2877 3498 3319 3544 construxerunt.
3378 3487 3447 3543 llt

1889 3602 2016 3642 vero
2053 3583 2380 3655 navigationi
2429 3581 2664 3651 aptiores
2695 3590 2898 3643 essent,
2935 3581 3231 3636 anteriores
3258 3595 3442 3633 earum

1885 3687 2067 3748 partes
2100 3678 2153 3730 in
2219 3691 2391 3747 prora:
2442 3671 2678 3743 speciem
2742 3671 2930 3726 leniter
2983 3671 3447 3725 circumducentcs

1885 3781 2046 3841 atque
2097 3777 2476 3828 recurvautes.
2519 3773 2574 3818 et
2608 3764 2772 3818 veluti
2812 3763 3078 3818 acroteria
3133 3776 3197 3814 ac
3233 3762 3446 3829 pluteos

1887 3863 2105 3918 navales
2157 3861 2452 3922 imitantes,
2510 3857 2746 3912 scalmos
2779 3873 2845 3911 ex
2898 3864 3129 3924 utroque
3176 3853 3342 3907 latere
3393 3859 3448 3906 et

1889 3958 2052 4014 veluti
2124 3965 2450 4024 spontaneas
2500 3951 2764 4022 quasdam
2820 3947 3275 4020 adremigationes
3320 3953 3448 4000 sunt

1886 4047 2192 4106 commenti.

224 4138 322 4190 καὶ
404 4138 581 4205 Enn-at.
667 4137 990 4206 ἀκροστόλια
1036 4142 1126 4193 καὶ
1177 4143 1513 4226 προέμὸολαὶ
1546 4147 2028 4221 ἐκμιμησάμενοι,
2091 4142 2424 4211 κωπητῆρας
2475 4139 2558 4206 ἐφ’
2627 4137 2862 4209 ἑκατέρᾳ
2911 4135 3120 4206 πλευρᾷ
3180 4133 3273 4186 καὶ
3337 4125 3446 4186 οἷον

219 4229 641 4299 παρεξειρεσίας
676 4229 722 4261 ³³
751 4230 1088 4298 αὐτομάτους
1135 4234 1567 4304 ἐμηχανήσαντο.

293 4317 396 4386 κβν.
439 4317 544 4369 Καὶ
571 4315 746 4370 τοίνυν
773 4317 943 4378 οὓτως
993 4318 1198 4372 ἕκαστα
1231 4322 1305 4384 ὼς
1334 4318 1444 4374 οἷόν
1474 4342 1530 4377 τε
1573 4321 1640 4396 ἦν
1684 4328 1778 4382 αὑ·
1813 4331 1854 4387 D

213 4413 333 4473 τοῖς
380 4412 438 4462 ἐν
480 4408 558 4478 τῷ
603 4409 650 4440 ³⁸
711 4407 945 4476 ἀσφαλεῖ
1019 4414 1511 4482 καταστησάμενοι,
1577 4418 1778 4487 ἐνῆκαν

219 4503 440 4560 ἁπάσας
471 4500 533 4568 τῇ
600 4498 836 4570 θαλάττῃ
865 4498 1134 4568 λαθραίως
1181 4503 1324 4572 ἀμφὶ
1360 4504 1460 4576 τὴν
1520 4507 1780 4579 ἐσπερίαν

216 4593 318 4647 τοῦ
345 4591 542 4644 κόλπου
571 4589 761 4656 ἀκτὴν,
804 4590 896 4642 τοῦ
929 4591 1062 4658 πρὸς
1109 4595 1174 4662 τῇ
1229 4594 1372 4665 Αἴνῳ
1424 4597 1470 4628 ³⁸
1499 4602 1565 4670 τῇ
1629 4601 1779 4654 πόλει

217 4683 656 4753 περιαγνυμένου
684 4681 729 4712 ³⁸
754 4694 769 4709 ⁶
822 4681 1086 4750 ἐμϐάντες
1115 4683 1178 4754 δὴ
1225 4681 1318 4738 οὖν
1347 4687 1404 4740 ἐν
1449 4689 1637 4753 αὐταῖς
1687 4690 1782 4744 ἄν-

217 4776 348 4844 δρες
379 4775 433 4834 ἐς
461 4771 790 4838 ἑξακοσίους,
836 4772 929 4822 καὶ
964 4771 1104 4826 πτύα
1134 4773 1209 4838 ὡς
1263 4775 1484 4832 πλεῖστα
1514 4783 1626 4845 ταῖς
1657 4781 1780 4834 ἐπι-

220 4864 518 4933 καλαμίσιν
551 4862 1038 4932 ἐντροπωσάμενοι,
1097 4867 1191 4918 καὶ
1242 4869 1612 4942 ἀμαθέστερόν
1667 4889 1783 4936 πως

220 4954 395 5023 ταύτῃ
459 4953 784 5021 ἐρέττοντες,
816 4954 1077 5022 ἀνήγοντο
1130 4957 1205 5020 ὡς
1254 4960 1522 5015 ἀπωτάτω
1579 4965 1623 4994 ⁸⁷
1681 4963 1781 5033 τῆς

223 5045 442 5116 χέρσου,
471 5043 857 5112 ἐξωπλισμένοι
886 5061 942 5096 τε
969 5041 1028 5098 εὖ
1059 5048 1202 5116 μάλα
1247 5051 1342 5103 καὶ
1365 5053 1500 5120 πρὸς
1527 5053 1586 5106 τὸ
1633 5056 1784 5124 ἐνερο

223 5137 325 5206 γὸν
376 5135 678 5196 ἐστυκότες.
718 5132 875 5188 Οὕτω
927 5136 1035 5207 γὰρ
1090 5137 1255 5207 ᾤοντο
1310 5143 1554 5210 πελάγιοι
1603 5145 1786 5216 ἡρέμα

1961 4321 2050 4375 22.
2083 4318 2218 4372 Cum
2253 4316 2432 4384 itaque
2465 4314 2516 4366 iu
2553 4313 2698 4366 hunc
2733 4313 2950 4365 modum
2987 4321 3102 4364 tuto
3142 4311 3324 4364 omnia
3361 4311 3442 4378 ipa

1888 4419 1985 4480 sis,
2006 4413 2184 4484 quoad
2205 4412 2320 4466 ficri
2341 4415 2567 4479 poterat,
2595 4417 2774 4460 essent
2797 4413 3128 4474 comparata,
3164 4405 3442 4456 universas

1891 4505 2165 4560 naviculas
2196 4501 2420 4554 latenter
2449 4497 2582 4551 mari
2618 4494 3094 4553 immittunt.circa
3117 4491 3446 4547 occidentale

1890 4598 2044 4652 sinus
2068 4595 2240 4657 littus,
2266 4592 2357 4661 qui
2396 4588 2594 4643 IEuum
2652 4587 2839 4641 urbem
2887 4601 3075 4638 versus
3123 4582 3448 4648 circumagi-

1893 4699 1996 4742 tur.
2049 4684 2276 4754 lngressi
2331 4683 2509 4748 itaque
2559 4694 2652 4731 cas
2704 4677 2804 4731 viri
2848 4675 3126 4739 sexcenti,
3169 4683 3224 4728 et
3265 4673 3448 4742 paleas

1892 4775 2324 4849 quamplurimas
2359 4772 2412 4823 iu
2445 4770 2770 4823 arundinum
2818 4767 3208 4821 commissuras
3246 4764 3449 4818 immit-

1894 4877 2086 4928 teutes,
2151 4878 2216 4916 ac
2266 4859 2568 4929 imperitius
2622 4854 3030 4926 quodammodo
3079 4869 3144 4910 ea
3199 4869 3265 4906 ex
3298 4861 3450 4920 parte

1894 4956 2239 5026 remigantes,
2277 4951 2590 5021 longissime
2620 4964 2650 5002 a
2679 4956 2822 5001 terra
2877 4945 3117 5016 provecti
3159 4954 3307 5008 sunt,
3346 4957 3448 5012 op-

1891 5051 2018 5104 time
2050 5049 2242 5102 armati
2291 5053 2343 5098 et
2370 5043 2438 5098 ad
2479 5059 2615 5111 opus
2649 5039 2844 5111 parati.
2885 5037 3154 5092 Putabant
3201 5035 3346 5090 enim
3390 5049 3450 5090 se

1892 5143 1962 5196 ita
1996 5140 2199 5196 sensim
2227 5139 2278 5191 in
2298 5152 2445 5191 mare
2467 5145 2704 5200 evectos,
2735 5130 2894 5202 327
2923 5130 3078 5185 facile
3097 5135 3450 5198 superaturos

1489 5340 1719 5396 νΑιιιΑξ
1766 5338 2166 5396 LECTIONES.

303 5493 534 5569 “nativo;
567 5510 629 5560 γε
669 5492 733 5547 Β.
812 5502 1228 5569 ¹³διαγίγνωσκε
1259 5499 1384 5566 Sph.
1424 5499 1542 5553 l’ar.

1623 5502 1664 5530 “
1691 5500 1793 5552 Pro
1837 5499 1944 5551 τῶν
1998 5497 2043 5550 R
2096 5501 2204 5555 τοῖς

2281 5497 2321 5525 ⁸³
2344 5493 2614 5564 πολεμίων
2636 5493 2700 5545 Β.
2756 5493 2791 5564 _'
2841 5511 2896 5544 τε
2931 5509 3038 5545 om.
3103 5493 3168 5564 ﬁ:
3261 5489 3444 5564 "_t<5_r.~:

448 5559 819 5639 ηέγκαινίδας
850 5573 889 5625 It
918 5573 952 5624 ‘2
975 5559 1078 5632 'm'.,
1116 5559 1334 5639 LugtlJ
1365 5588 1438 5624 m.
1464 5581 1517 5624 et
1545 5573 1697 5626 Suid.
1733 5588 1778 5624 s.
1811 5586 1859 5622 v.
1885 5570 2161 5633 ὲγκενίδας
2203 5567 2243 5619 ιι
2277 5566 2297 5618 l
2329 5559 2638 5639 m._r-t_'vulg.
2662 5559 2928 5639 ιιι-ἐφίζει.
2950 5577 3108 5639 _corr.
3133 5559 3349 5639 Δἱῖιπερθξ
3375 5560 3416 5639 Et

237 5635 280 5664 "
305 5632 470 5710 αὐτὰς
487 5633 745 5710 ἀλλήλους
776 5632 896 5709 (sic)
929 5641 994 5694 ll.-
1101 5641 1144 5670 ²⁰
1170 5632 1520 5708 σῦνεμίγνυον
1554 5648 1693 5710 vulg.

233 5704 554 5782 Ἓεραιβάάλ
604 5707 650 5738 ²³
679 5704 1081 5782 προεξείρεσίας
1115 5710 1266 5764 Suid.
1303 5704 1348 5763 ὲ.
1374 5704 1413 5763 ’ν
1514 5713 1556 5742 ²⁹ο

235 5774 490 5826 άποτάτω
519 5773 578 5827 [ιι

1807 5643 1848 5670 ¹¹
1870 5632 1948 5707 τῷ
1980 5641 2099 5707 {alii}.
2130 5641 2187 5698 ἐς
2226 5653 2320 5687 τοσ
2382 5635 2444 5707 Β,
2473 5637 2666 5707 ἑςῌτοσ
2691 5705 2697 5707 _
2723 5632 2842 5707 βάθ.
2877 5634 3017 5698 vulg.

1615 5699 1674 5763 ιδ
1719 5711 1776 5763 τὸ
1815 5699 1946 5778 ὃμιῖ.
1980 5699 2126 5762 Ῥαγ.
2201 5707 2243 5737 ³³
2292 5709 2355 5775 τῇ
2408 5706 2514 5758 ἄνω
2544 5700 2609 5759 Β.
2684 5699 2730 5734 ³⁸
2762 5701 3162 5772 περιαγομένου
3197 5699 3323 5752 l'ar.
3355 5699 3362 5702 ⁷
3403 5704 3440 5729 ⁸·

3133 5631 3176 5662 ⁸³
3201 5630 3444 5702 ’πλωῖμό-
