  <div class='ocr_page' id='page_1' title='image "/cluster/home/n/w/nwhite01/storage/ocr_20150623/88/nnc1.0046980237/797.png"; bbox 0 0 4188 6438; ppageno 0'>
   <div class='ocr_carea' id='block_1_1' title="bbox 782 370 912 440">
    <p class='ocr_par' dir='ltr' id='par_1_1' title="bbox 782 370 912 440">
     <span class='ocr_line' id='line_1_1' title="bbox 782 370 912 440; baseline -0.077 -1"><span class='ocrx_word' id='word_1_1' title='bbox 782 370 912 440; x_wconf 71' lang='grc'><strong>158⁸1</strong></span> 
     </span>
    </p>
   </div>
   <div class='ocr_carea' id='block_1_2' title="bbox 1950 368 2821 438">
    <p class='ocr_par' dir='ltr' id='par_1_2' title="bbox 1950 368 2821 438">
     <span class='ocr_line' id='line_1_2' title="bbox 1950 368 2821 438; baseline 0.011 -12"><span class='ocrx_word' id='word_1_2' title='bbox 1950 369 2202 430; x_wconf 74' lang='lat' dir='ltr'><strong>AGATH</strong></span> <span class='ocrx_word' id='word_1_3' title='bbox 2210 368 2306 428; x_wconf 70' lang='grc' dir='ltr'><strong>[ΔΞ</strong></span> <span class='ocrx_word' id='word_1_4' title='bbox 2333 368 2821 438; x_wconf 80' lang='lat' dir='ltr'><strong>SCHOLASTICI</strong></span> 
     </span>
    </p>
   </div>
   <div class='ocr_carea' id='block_1_3' title="bbox 3875 376 4023 440">
    <p class='ocr_par' dir='ltr' id='par_1_3' title="bbox 3875 376 4023 440">
     <span class='ocr_line' id='line_1_3' title="bbox 3875 376 4023 440; baseline 0.014 -2"><span class='ocrx_word' id='word_1_5' title='bbox 3875 376 4023 440; x_wconf 73' lang='lat'><strong>1583</strong></span> 
     </span>
    </p>
   </div>
   <div class='ocr_carea' id='block_1_4' title="bbox 778 478 2343 562">
    <p class='ocr_par' dir='ltr' id='par_1_4' title="bbox 778 478 2337 551">
     <span class='ocr_line' id='line_1_4' title="bbox 778 478 2337 551; baseline 0 -19"><span class='ocrx_word' id='word_1_6' title='bbox 778 491 829 532; x_wconf 82' lang='lat' dir='ltr'><strong>et</strong></span> <span class='ocrx_word' id='word_1_7' title='bbox 858 479 1424 550; x_wconf 80' lang='lat' dir='ltr'><strong>circumnavigaturos</strong></span> <span class='ocrx_word' id='word_1_8' title='bbox 1458 480 1654 532; x_wconf 70' lang='lat' dir='ltr'><strong>nestum</strong></span> <span class='ocrx_word' id='word_1_9' title='bbox 1692 479 1835 533; x_wconf 91' lang='lat' dir='ltr'><strong>muri</strong></span> <span class='ocrx_word' id='word_1_10' title='bbox 1870 478 1923 533; x_wconf 90' lang='lat' dir='ltr'><strong>in</strong></span> <span class='ocrx_word' id='word_1_11' title='bbox 1964 480 2132 535; x_wconf 88' lang='lat' dir='ltr'><strong>altum</strong></span> <span class='ocrx_word' id='word_1_12' title='bbox 2164 497 2337 551; x_wconf 78' lang='lat' dir='ltr'><strong>usque</strong></span> 
     </span>
    </p>
   </div>
   <div class='ocr_carea' id='block_1_5' title="bbox 2446 478 4019 562">
    <p class='ocr_par' dir='ltr' id='par_1_5' title="bbox 2446 487 4019 562">
     <span class='ocr_line' id='line_1_5' title="bbox 2446 487 4019 562; baseline 0.003 -24"><span class='ocrx_word' id='word_1_13' title='bbox 2446 487 2770 557; x_wconf 73' lang='grc' dir='ltr'><strong>γιγνόμενοι,</strong></span> <span class='ocrx_word' id='word_1_14' title='bbox 2813 488 3009 559; x_wconf 80' lang='grc' dir='ltr'><strong>ῥᾳδίως</strong></span> <span class='ocrx_word' id='word_1_15' title='bbox 3051 489 3451 562; x_wconf 70' lang='grc' dir='ltr'><strong>ὑπερϐαλέσθαι</strong></span> <span class='ocrx_word' id='word_1_16' title='bbox 3498 491 3593 544; x_wconf 78' lang='grc' dir='ltr'><strong>καὶ</strong></span> <span class='ocrx_word' id='word_1_17' title='bbox 3641 489 4019 559; x_wconf 77' lang='grc' dir='ltr'><strong>περιπλεῦσαι</strong></span> 
     </span>
    </p>
   </div>
   <div class='ocr_carea' id='block_1_6' title="bbox 778 569 2338 642">
    <p class='ocr_par' dir='ltr' id='par_1_6' title="bbox 778 569 2338 642">
     <span class='ocr_line' id='line_1_6' title="bbox 778 569 2338 642; baseline 0.004 -22"><span class='ocrx_word' id='word_1_18' title='bbox 778 571 1009 638; x_wconf 73' lang='lat' dir='ltr'><strong>porrecti</strong></span> <span class='ocrx_word' id='word_1_19' title='bbox 1034 588 1050 636; x_wconf 85' lang='lat'><strong>;</strong></span> <span class='ocrx_word' id='word_1_20' title='bbox 1080 585 1145 625; x_wconf 86' lang='lat' dir='ltr'><strong>ac</strong></span> <span class='ocrx_word' id='word_1_21' title='bbox 1171 569 1427 640; x_wconf 84' lang='lat' dir='ltr'><strong>deinceps</strong></span> <span class='ocrx_word' id='word_1_22' title='bbox 1454 570 1587 625; x_wconf 87' lang='lat' dir='ltr'><strong>citra</strong></span> <span class='ocrx_word' id='word_1_23' title='bbox 1633 569 1929 638; x_wconf 87' lang='lat' dir='ltr'><strong>periculum</strong></span> <span class='ocrx_word' id='word_1_24' title='bbox 1969 571 2037 626; x_wconf 87' lang='lat' dir='ltr'><strong>ad</strong></span> <span class='ocrx_word' id='word_1_25' title='bbox 2069 573 2338 642; x_wconf 83' lang='lat' dir='ltr'><strong>penitiora</strong></span> 
     </span>
    </p>
   </div>
   <div class='ocr_carea' id='block_1_7' title="bbox 779 661 2334 732">
    <p class='ocr_par' dir='ltr' id='par_1_7' title="bbox 779 661 2334 732">
     <span class='ocr_line' id='line_1_7' title="bbox 779 661 2334 732; baseline 0.007 -21"><span class='ocrx_word' id='word_1_26' title='bbox 779 663 894 715; x_wconf 78' lang='lat' dir='ltr'><strong>loca</strong></span> <span class='ocrx_word' id='word_1_27' title='bbox 944 669 1318 730; x_wconf 87' lang='lat' dir='ltr'><strong>perventuros,</strong></span> <span class='ocrx_word' id='word_1_28' title='bbox 1366 669 1550 729; x_wconf 84' lang='lat' dir='ltr'><strong>utpote</strong></span> <span class='ocrx_word' id='word_1_29' title='bbox 1584 661 1900 731; x_wconf 87' lang='lat' dir='ltr'><strong>neutiquam</strong></span> <span class='ocrx_word' id='word_1_30' title='bbox 1922 663 2077 718; x_wconf 83' lang='lat' dir='ltr'><strong>vallis</strong></span> <span class='ocrx_word' id='word_1_31' title='bbox 2136 667 2334 732; x_wconf 86' lang='lat' dir='ltr'><strong>cincta,</strong></span> 
     </span>
    </p>
   </div>
   <div class='ocr_carea' id='block_1_8' title="bbox 779 750 2337 820">
    <p class='ocr_par' dir='ltr' id='par_1_8' title="bbox 779 750 2337 820">
     <span class='ocr_line' id='line_1_8' title="bbox 779 750 2337 820; baseline 0.005 -15"><span class='ocrx_word' id='word_1_32' title='bbox 779 761 1134 820; x_wconf 57' lang='lat' dir='ltr'><strong>praeterquam</strong></span> <span class='ocrx_word' id='word_1_33' title='bbox 1157 750 1276 806; x_wconf 88' lang='lat' dir='ltr'><strong>solo</strong></span> <span class='ocrx_word' id='word_1_34' title='bbox 1305 750 1671 820; x_wconf 81' lang='lat' dir='ltr'><strong>Hellesponto.</strong></span> <span class='ocrx_word' id='word_1_35' title='bbox 1707 751 1838 818; x_wconf 65' lang='lat' dir='ltr'><strong>Quae</strong></span> <span class='ocrx_word' id='word_1_36' title='bbox 1866 767 1991 807; x_wconf 90' lang='lat' dir='ltr'><strong>cum</strong></span> <span class='ocrx_word' id='word_1_37' title='bbox 2034 752 2337 813; x_wconf 87' lang='lat' dir='ltr'><strong>Germanus</strong></span> 
     </span>
    </p>
   </div>
   <div class='ocr_carea' id='block_1_9' title="bbox 779 842 2337 917">
    <p class='ocr_par' dir='ltr' id='par_1_9' title="bbox 779 842 2337 917">
     <span class='ocr_line' id='line_1_9' title="bbox 779 842 2337 917; baseline 0.006 -23"><span class='ocrx_word' id='word_1_38' title='bbox 779 858 871 911; x_wconf 78' lang='lat' dir='ltr'><strong>per</strong></span> <span class='ocrx_word' id='word_1_39' title='bbox 907 843 1278 912; x_wconf 76' lang='lat' dir='ltr'><strong>speculatores</strong></span> <span class='ocrx_word' id='word_1_40' title='bbox 1306 842 1617 899; x_wconf 82' lang='lat' dir='ltr'><strong>rescivth</strong></span> <span class='ocrx_word' id='word_1_41' title='bbox 1641 884 1657 909; x_wconf 91' lang='lat'><strong>,</strong></span> <span class='ocrx_word' id='word_1_42' title='bbox 1702 843 2166 917; x_wconf 80' lang='lat' dir='ltr'><strong>intellexissetque</strong></span> <span class='ocrx_word' id='word_1_43' title='bbox 2197 848 2337 904; x_wconf 86' lang='lat' dir='ltr'><strong>clas-</strong></span> 
     </span>
    </p>
   </div>
   <div class='ocr_carea' id='block_1_10' title="bbox 780 934 2336 1009">
    <p class='ocr_par' dir='ltr' id='par_1_10' title="bbox 780 934 2336 1009">
     <span class='ocr_line' id='line_1_10' title="bbox 780 934 2336 1009; baseline 0.003 -22"><span class='ocrx_word' id='word_1_44' title='bbox 780 950 891 988; x_wconf 78' lang='lat' dir='ltr'><strong>sem</strong></span> <span class='ocrx_word' id='word_1_45' title='bbox 925 935 1075 990; x_wconf 81' lang='lat' dir='ltr'><strong>illam</strong></span> <span class='ocrx_word' id='word_1_46' title='bbox 1134 936 1490 991; x_wconf 81' lang='lat' dir='ltr'><strong>arundineam</strong></span> <span class='ocrx_word' id='word_1_47' title='bbox 1520 950 1629 991; x_wconf 90' lang='lat' dir='ltr'><strong>non</strong></span> <span class='ocrx_word' id='word_1_48' title='bbox 1683 934 1776 991; x_wconf 92' lang='lat' dir='ltr'><strong>diu</strong></span> <span class='ocrx_word' id='word_1_49' title='bbox 1806 936 2163 1003; x_wconf 85' lang='lat' dir='ltr'><strong>tardaturam,</strong></span> <span class='ocrx_word' id='word_1_50' title='bbox 2205 939 2336 1009; x_wconf 90' lang='lat' dir='ltr'><strong>quin</strong></span> 
     </span>
    </p>
   </div>
   <div class='ocr_carea' id='block_1_11' title="bbox 777 1027 2338 1098">
    <p class='ocr_par' dir='ltr' id='par_1_11' title="bbox 777 1027 2338 1098">
     <span class='ocr_line' id='line_1_11' title="bbox 777 1027 2338 1098; baseline 0.003 -18"><span class='ocrx_word' id='word_1_51' title='bbox 777 1028 1105 1098; x_wconf 79' lang='lat' dir='ltr'><strong>appelleret,</strong></span> <span class='ocrx_word' id='word_1_52' title='bbox 1165 1028 1341 1084; x_wconf 92' lang='lat' dir='ltr'><strong>irrisit</strong></span> <span class='ocrx_word' id='word_1_53' title='bbox 1391 1027 1610 1098; x_wconf 88' lang='lat' dir='ltr'><strong>quidem</strong></span> <span class='ocrx_word' id='word_1_54' title='bbox 1661 1027 1898 1083; x_wconf 84' lang='lat' dir='ltr'><strong>hostium</strong></span> <span class='ocrx_word' id='word_1_55' title='bbox 1955 1030 2338 1093; x_wconf 85' lang='lat' dir='ltr'><strong>temeritatem,</strong></span> 
     </span>
    </p>
   </div>
   <div class='ocr_carea' id='block_1_12' title="bbox 778 1121 2339 1193">
    <p class='ocr_par' dir='ltr' id='par_1_12' title="bbox 778 1121 2339 1193">
     <span class='ocr_line' id='line_1_12' title="bbox 778 1121 2339 1193; baseline 0.003 -20"><span class='ocrx_word' id='word_1_56' title='bbox 778 1123 1014 1176; x_wconf 79' lang='lat' dir='ltr'><strong>maxime</strong></span> <span class='ocrx_word' id='word_1_57' title='bbox 1040 1136 1166 1177; x_wconf 89' lang='lat' dir='ltr'><strong>vero</strong></span> <span class='ocrx_word' id='word_1_58' title='bbox 1194 1121 1263 1177; x_wconf 93' lang='lat' dir='ltr'><strong>de</strong></span> <span class='ocrx_word' id='word_1_59' title='bbox 1300 1137 1364 1177; x_wconf 87' lang='lat' dir='ltr'><strong>ea</strong></span> <span class='ocrx_word' id='word_1_60' title='bbox 1419 1122 1640 1193; x_wconf 76' lang='lat' dir='ltr'><strong>gavisus</strong></span> <span class='ocrx_word' id='word_1_61' title='bbox 1682 1129 1797 1184; x_wconf 89' lang='lat' dir='ltr'><strong>est,</strong></span> <span class='ocrx_word' id='word_1_62' title='bbox 1856 1131 2113 1193; x_wconf 90' lang='lat' dir='ltr'><strong>tanquam</strong></span> <span class='ocrx_word' id='word_1_63' title='bbox 2143 1122 2197 1177; x_wconf 91' lang='lat' dir='ltr'><strong>in</strong></span> <span class='ocrx_word' id='word_1_64' title='bbox 2224 1138 2339 1177; x_wconf 87' lang='lat' dir='ltr'><strong>rem</strong></span> 
     </span>
    </p>
   </div>
   <div class='ocr_carea' id='block_1_13' title="bbox 777 1211 2341 1282">
    <p class='ocr_par' dir='ltr' id='par_1_13' title="bbox 777 1211 2341 1282">
     <span class='ocr_line' id='line_1_13' title="bbox 777 1211 2341 1282; baseline 0.003 -18"><span class='ocrx_word' id='word_1_65' title='bbox 777 1226 933 1265; x_wconf 84' lang='lat' dir='ltr'><strong>suam</strong></span> <span class='ocrx_word' id='word_1_66' title='bbox 962 1211 1167 1267; x_wconf 89' lang='lat' dir='ltr'><strong>futura.</strong></span> <span class='ocrx_word' id='word_1_67' title='bbox 1197 1211 1499 1269; x_wconf 71' lang='lat' dir='ltr'><strong>Confestim</strong></span> <span class='ocrx_word' id='word_1_68' title='bbox 1523 1212 1666 1267; x_wconf 86' lang='lat' dir='ltr'><strong>enim</strong></span> <span class='ocrx_word' id='word_1_69' title='bbox 1686 1214 1957 1268; x_wconf 75' lang='lat' dir='ltr'><strong>actuarias</strong></span> <span class='ocrx_word' id='word_1_70' title='bbox 1990 1213 2179 1282; x_wconf 83' lang='lat' dir='ltr'><strong>viginti</strong></span> <span class='ocrx_word' id='word_1_71' title='bbox 2199 1213 2341 1268; x_wconf 53' lang='lat' dir='ltr'><strong>muln</strong></span> 
     </span>
    </p>
   </div>
   <div class='ocr_carea' id='block_1_14' title="bbox 777 1302 2341 1373">
    <p class='ocr_par' dir='ltr' id='par_1_14' title="bbox 777 1302 2341 1373">
     <span class='ocr_line' id='line_1_14' title="bbox 777 1302 2341 1373; baseline 0.003 -18"><span class='ocrx_word' id='word_1_72' title='bbox 777 1302 947 1371; x_wconf 84' lang='lat' dir='ltr'><strong>tiplici</strong></span> <span class='ocrx_word' id='word_1_73' title='bbox 998 1302 1226 1373; x_wconf 78' lang='lat' dir='ltr'><strong>remigio</strong></span> <span class='ocrx_word' id='word_1_74' title='bbox 1272 1316 1442 1359; x_wconf 81' lang='lat' dir='ltr'><strong>naves</strong></span> <span class='ocrx_word' id='word_1_75' title='bbox 1486 1317 1689 1372; x_wconf 90' lang='lat' dir='ltr'><strong>easque</strong></span> <span class='ocrx_word' id='word_1_76' title='bbox 1728 1302 1991 1373; x_wconf 81' lang='lat' dir='ltr'><strong>bipuppes</strong></span> <span class='ocrx_word' id='word_1_77' title='bbox 2026 1303 2156 1357; x_wconf 88' lang='lat' dir='ltr'><strong>viris</strong></span> <span class='ocrx_word' id='word_1_78' title='bbox 2188 1318 2341 1358; x_wconf 90' lang='lat' dir='ltr'><strong>com-</strong></span> 
     </span>
    </p>
   </div>
   <div class='ocr_carea' id='block_1_15' title="bbox 777 1392 2342 1466">
    <p class='ocr_par' dir='ltr' id='par_1_15' title="bbox 777 1392 2342 1466">
     <span class='ocr_line' id='line_1_15' title="bbox 777 1392 2342 1466; baseline 0.004 -21"><span class='ocrx_word' id='word_1_79' title='bbox 777 1394 933 1461; x_wconf 75' lang='lat' dir='ltr'><strong>plens</strong></span> <span class='ocrx_word' id='word_1_80' title='bbox 987 1392 1230 1450; x_wconf 89' lang='lat' dir='ltr'><strong>loricatis</strong></span> <span class='ocrx_word' id='word_1_81' title='bbox 1283 1394 1610 1466; x_wconf 79' lang='lat' dir='ltr'><strong>clypeosque</strong></span> <span class='ocrx_word' id='word_1_82' title='bbox 1670 1403 1726 1449; x_wconf 92' lang='lat' dir='ltr'><strong>et</strong></span> <span class='ocrx_word' id='word_1_83' title='bbox 1788 1409 1950 1450; x_wconf 89' lang='lat' dir='ltr'><strong>arcus</strong></span> <span class='ocrx_word' id='word_1_84' title='bbox 2004 1395 2342 1466; x_wconf 80' lang='lat' dir='ltr'><strong>gestantibus</strong></span> 
     </span>
    </p>
   </div>
   <div class='ocr_carea' id='block_1_16' title="bbox 772 1485 2343 1557">
    <p class='ocr_par' dir='ltr' id='par_1_16' title="bbox 772 1485 2343 1557">
     <span class='ocr_line' id='line_1_16' title="bbox 772 1485 2343 1557; baseline -0.001 -14"><span class='ocrx_word' id='word_1_85' title='bbox 772 1495 941 1555; x_wconf 74' lang='lat' dir='ltr'><strong>atque</strong></span> <span class='ocrx_word' id='word_1_86' title='bbox 969 1485 1313 1557; x_wconf 80' lang='lat' dir='ltr'><strong>barpagines,</strong></span> <span class='ocrx_word' id='word_1_87' title='bbox 1344 1487 1686 1556; x_wconf 83' lang='lat' dir='ltr'><strong>remigesque</strong></span> <span class='ocrx_word' id='word_1_88' title='bbox 1725 1485 1792 1542; x_wconf 92' lang='lat' dir='ltr'><strong>iis</strong></span> <span class='ocrx_word' id='word_1_89' title='bbox 1821 1487 2107 1556; x_wconf 84' lang='lat' dir='ltr'><strong>imponens</strong></span> <span class='ocrx_word' id='word_1_90' title='bbox 2129 1497 2183 1542; x_wconf 91' lang='lat' dir='ltr'><strong>et</strong></span> <span class='ocrx_word' id='word_1_91' title='bbox 2206 1503 2343 1542; x_wconf 89' lang='lat' dir='ltr'><strong>nau-</strong></span> 
     </span>
    </p>
   </div>
   <div class='ocr_carea' id='block_1_17' title="bbox 778 1577 2342 1650">
    <p class='ocr_par' dir='ltr' id='par_1_17' title="bbox 778 1577 2342 1650">
     <span class='ocr_line' id='line_1_17' title="bbox 778 1577 2342 1650; baseline 0.004 -22"><span class='ocrx_word' id='word_1_92' title='bbox 778 1577 986 1641; x_wconf 81' lang='lat' dir='ltr'><strong>clerus,</strong></span> <span class='ocrx_word' id='word_1_93' title='bbox 1035 1577 1139 1633; x_wconf 90' lang='lat' dir='ltr'><strong>sub</strong></span> <span class='ocrx_word' id='word_1_94' title='bbox 1177 1578 1492 1634; x_wconf 88' lang='lat' dir='ltr'><strong>interiorem</strong></span> <span class='ocrx_word' id='word_1_95' title='bbox 1543 1579 1678 1632; x_wconf 90' lang='lat' dir='ltr'><strong>mari</strong></span> <span class='ocrx_word' id='word_1_96' title='bbox 1712 1587 2028 1649; x_wconf 88' lang='lat' dir='ltr'><strong>protensum</strong></span> <span class='ocrx_word' id='word_1_97' title='bbox 2083 1578 2342 1650; x_wconf 75' lang='lat' dir='ltr'><strong>angulum</strong></span> 
     </span>
    </p>
   </div>
   <div class='ocr_carea' id='block_1_18' title="bbox 778 1668 2344 1739">
    <p class='ocr_par' dir='ltr' id='par_1_18' title="bbox 778 1668 2344 1739">
     <span class='ocr_line' id='line_1_18' title="bbox 778 1668 2344 1739; baseline 0.003 -18"><span class='ocrx_word' id='word_1_98' title='bbox 778 1670 945 1723; x_wconf 86' lang='lat' dir='ltr'><strong>veluti</strong></span> <span class='ocrx_word' id='word_1_99' title='bbox 982 1669 1037 1724; x_wconf 93' lang='lat' dir='ltr'><strong>in</strong></span> <span class='ocrx_word' id='word_1_100' title='bbox 1068 1669 1282 1726; x_wconf 86' lang='lat' dir='ltr'><strong>insidiis</strong></span> <span class='ocrx_word' id='word_1_101' title='bbox 1326 1668 1604 1739; x_wconf 70' lang='lat' dir='ltr'><strong>applicans</strong></span> <span class='ocrx_word' id='word_1_102' title='bbox 1651 1670 1964 1738; x_wconf 78' lang='lat' dir='ltr'><strong>occultavit,</strong></span> <span class='ocrx_word' id='word_1_103' title='bbox 2009 1686 2076 1726; x_wconf 90' lang='lat' dir='ltr'><strong>ne</strong></span> <span class='ocrx_word' id='word_1_104' title='bbox 2127 1673 2344 1729; x_wconf 85' lang='lat' dir='ltr'><strong>eminus</strong></span> 
     </span>
    </p>
   </div>
   <div class='ocr_carea' id='block_1_19' title="bbox 780 1735 2345 1831">
    <p class='ocr_par' dir='ltr' id='par_1_19' title="bbox 780 1735 2345 1831">
     <span class='ocr_line' id='line_1_19' title="bbox 780 1735 2345 1831; baseline 0.003 -22"><span class='ocrx_word' id='word_1_105' title='bbox 780 1758 1025 1829; x_wconf 82' lang='lat' dir='ltr'><strong>prospici</strong></span> <span class='ocrx_word' id='word_1_106' title='bbox 1051 1766 1293 1828; x_wconf 86' lang='lat' dir='ltr'><strong>possent.</strong></span> <span class='ocrx_word' id='word_1_107' title='bbox 1332 1735 1696 1827; x_wconf 53' lang='lat' dir='ltr'><strong>fosteaquam</strong></span> <span class='ocrx_word' id='word_1_108' title='bbox 1729 1773 1858 1813; x_wconf 89' lang='lat' dir='ltr'><strong>vero</strong></span> <span class='ocrx_word' id='word_1_109' title='bbox 1890 1735 2135 1825; x_wconf 81' lang='lat' dir='ltr'><strong>Barbari,</strong></span> <span class='ocrx_word' id='word_1_110' title='bbox 2180 1776 2345 1831; x_wconf 79' lang='lat' dir='ltr'><strong>supc-</strong></span> 
     </span>
    </p>
   </div>
   <div class='ocr_carea' id='block_1_20' title="bbox 784 1849 2343 1922">
    <p class='ocr_par' dir='ltr' id='par_1_20' title="bbox 784 1849 2343 1922">
     <span class='ocr_line' id='line_1_20' title="bbox 784 1849 2343 1922; baseline 0.003 -20"><span class='ocrx_word' id='word_1_111' title='bbox 784 1858 900 1903; x_wconf 87' lang='lat' dir='ltr'><strong>rata</strong></span> <span class='ocrx_word' id='word_1_112' title='bbox 930 1850 1366 1919; x_wconf 85' lang='lat' dir='ltr'><strong>transmissaque</strong></span> <span class='ocrx_word' id='word_1_113' title='bbox 1421 1849 1534 1919; x_wconf 82' lang='lat' dir='ltr'><strong>jam</strong></span> <span class='ocrx_word' id='word_1_114' title='bbox 1580 1849 2003 1919; x_wconf 89' lang='lat' dir='ltr'><strong>prominentiore</strong></span> <span class='ocrx_word' id='word_1_115' title='bbox 2055 1858 2218 1922; x_wconf 89' lang='lat' dir='ltr'><strong>atque</strong></span> <span class='ocrx_word' id='word_1_116' title='bbox 2246 1868 2343 1906; x_wconf 79' lang='lat' dir='ltr'><strong>ex—</strong></span> 
     </span>
    </p>
   </div>
   <div class='ocr_carea' id='block_1_21' title="bbox 779 1942 2343 2014">
    <p class='ocr_par' dir='ltr' id='par_1_21' title="bbox 779 1942 2343 2014">
     <span class='ocr_line' id='line_1_21' title="bbox 779 1942 2343 2014; baseline 0.003 -17"><span class='ocrx_word' id='word_1_117' title='bbox 779 1949 951 1997; x_wconf 85' lang='lat' dir='ltr'><strong>trema</strong></span> <span class='ocrx_word' id='word_1_118' title='bbox 978 1949 1033 1995; x_wconf 90' lang='lat' dir='ltr'><strong>et</strong></span> <span class='ocrx_word' id='word_1_119' title='bbox 1057 1950 1213 1997; x_wconf 89' lang='lat' dir='ltr'><strong>trans</strong></span> <span class='ocrx_word' id='word_1_120' title='bbox 1236 1942 1390 1998; x_wconf 89' lang='lat' dir='ltr'><strong>littus</strong></span> <span class='ocrx_word' id='word_1_121' title='bbox 1427 1950 1678 1997; x_wconf 80' lang='lat' dir='ltr'><strong>exstante</strong></span> <span class='ocrx_word' id='word_1_122' title='bbox 1710 1943 1854 1998; x_wconf 89' lang='lat' dir='ltr'><strong>muri</strong></span> <span class='ocrx_word' id='word_1_123' title='bbox 1903 1955 2077 2014; x_wconf 90' lang='lat' dir='ltr'><strong>parte,</strong></span> <span class='ocrx_word' id='word_1_124' title='bbox 2103 1943 2171 2000; x_wconf 90' lang='lat' dir='ltr'><strong>ad</strong></span> <span class='ocrx_word' id='word_1_125' title='bbox 2201 1943 2343 2001; x_wconf 87' lang='lat' dir='ltr'><strong>inte-</strong></span> 
     </span>
    </p>
   </div>
   <div class='ocr_carea' id='block_1_22' title="bbox 781 2029 2345 2103">
    <p class='ocr_par' dir='ltr' id='par_1_22' title="bbox 781 2029 2345 2103">
     <span class='ocr_line' id='line_1_22' title="bbox 781 2029 2345 2103; baseline 0.004 -20"><span class='ocrx_word' id='word_1_126' title='bbox 781 2029 925 2084; x_wconf 84' lang='lat' dir='ltr'><strong>riora</strong></span> <span class='ocrx_word' id='word_1_127' title='bbox 958 2029 1330 2096; x_wconf 84' lang='lat' dir='ltr'><strong>dellectebant,</strong></span> <span class='ocrx_word' id='word_1_128' title='bbox 1355 2045 1661 2103; x_wconf 79' lang='lat' dir='ltr'><strong>magnaque</strong></span> <span class='ocrx_word' id='word_1_129' title='bbox 1689 2031 1992 2088; x_wconf 85' lang='lat' dir='ltr'><strong>animorum</strong></span> <span class='ocrx_word' id='word_1_130' title='bbox 2019 2033 2345 2090; x_wconf 82' lang='lat' dir='ltr'><strong>confidentia</strong></span> 
     </span>
    </p>
   </div>
   <div class='ocr_carea' id='block_1_23' title="bbox 782 2121 2348 2184">
    <p class='ocr_par' dir='ltr' id='par_1_23' title="bbox 782 2121 2348 2184">
     <span class='ocr_line' id='line_1_23' title="bbox 782 2121 2348 2184; baseline 0.006 -9"><span class='ocrx_word' id='word_1_131' title='bbox 782 2121 1097 2177; x_wconf 77' lang='lat' dir='ltr'><strong>ferebantur</strong></span> <span class='ocrx_word' id='word_1_132' title='bbox 1127 2138 1141 2175; x_wconf 90' lang='lat'><strong>:</strong></span> <span class='ocrx_word' id='word_1_133' title='bbox 1180 2128 1296 2177; x_wconf 91' lang='lat' dir='ltr'><strong>tum</strong></span> <span class='ocrx_word' id='word_1_134' title='bbox 1321 2138 1451 2178; x_wconf 90' lang='lat' dir='ltr'><strong>vero</strong></span> <span class='ocrx_word' id='word_1_135' title='bbox 1476 2125 1731 2180; x_wconf 69' lang='lat' dir='ltr'><strong>actuariae</strong></span> <span class='ocrx_word' id='word_1_136' title='bbox 1770 2122 2143 2181; x_wconf 79' lang='lat' dir='ltr'><strong>Romanorum</strong></span> <span class='ocrx_word' id='word_1_137' title='bbox 2170 2128 2348 2184; x_wconf 82' lang='lat' dir='ltr'><strong>solve-</strong></span> 
     </span>
    </p>
   </div>
   <div class='ocr_carea' id='block_1_24' title="bbox 780 2214 2345 2288">
    <p class='ocr_par' dir='ltr' id='par_1_24' title="bbox 780 2214 2345 2288">
     <span class='ocr_line' id='line_1_24' title="bbox 780 2214 2345 2288; baseline 0.005 -21"><span class='ocrx_word' id='word_1_138' title='bbox 780 2222 932 2278; x_wconf 85' lang='lat' dir='ltr'><strong>runt,</strong></span> <span class='ocrx_word' id='word_1_139' title='bbox 953 2224 1259 2285; x_wconf 89' lang='lat' dir='ltr'><strong>contraque</strong></span> <span class='ocrx_word' id='word_1_140' title='bbox 1283 2214 1338 2269; x_wconf 93' lang='lat' dir='ltr'><strong>in</strong></span> <span class='ocrx_word' id='word_1_141' title='bbox 1367 2230 1461 2271; x_wconf 81' lang='lat' dir='ltr'><strong>cas</strong></span> <span class='ocrx_word' id='word_1_142' title='bbox 1508 2223 1639 2270; x_wconf 89' lang='lat' dir='ltr'><strong>sunt</strong></span> <span class='ocrx_word' id='word_1_143' title='bbox 1678 2216 1891 2281; x_wconf 73' lang='lat' dir='ltr'><strong>delatae,</strong></span> <span class='ocrx_word' id='word_1_144' title='bbox 1914 2225 1971 2273; x_wconf 91' lang='lat' dir='ltr'><strong>et</strong></span> <span class='ocrx_word' id='word_1_145' title='bbox 2009 2217 2228 2288; x_wconf 88' lang='lat' dir='ltr'><strong>quidem</strong></span> <span class='ocrx_word' id='word_1_146' title='bbox 2255 2234 2345 2275; x_wconf 85' lang='lat' dir='ltr'><strong>se-</strong></span> 
     </span>
    </p>
   </div>
   <div class='ocr_carea' id='block_1_25' title="bbox 781 2305 2347 2379">
    <p class='ocr_par' dir='ltr' id='par_1_25' title="bbox 781 2305 2347 2379">
     <span class='ocr_line' id='line_1_25' title="bbox 781 2305 2347 2379; baseline 0.006 -21"><span class='ocrx_word' id='word_1_147' title='bbox 781 2306 963 2361; x_wconf 82' lang='lat' dir='ltr'><strong>cundo</strong></span> <span class='ocrx_word' id='word_1_148' title='bbox 989 2315 1123 2362; x_wconf 64' lang='lat' dir='ltr'><strong>aestu</strong></span> <span class='ocrx_word' id='word_1_149' title='bbox 1159 2305 1470 2376; x_wconf 76' lang='lat' dir='ltr'><strong>adiuvante,</strong></span> <span class='ocrx_word' id='word_1_150' title='bbox 1492 2307 1732 2363; x_wconf 81' lang='lat' dir='ltr'><strong>adversis</strong></span> <span class='ocrx_word' id='word_1_151' title='bbox 1761 2309 1938 2379; x_wconf 86' lang='lat' dir='ltr'><strong>proris</strong></span> <span class='ocrx_word' id='word_1_152' title='bbox 1958 2309 2347 2368; x_wconf 79' lang='lat' dir='ltr'><strong>descendentes</strong></span> 
     </span>
    </p>
   </div>
   <div class='ocr_carea' id='block_1_26' title="bbox 784 2396 2349 2473">
    <p class='ocr_par' dir='ltr' id='par_1_26' title="bbox 784 2396 2349 2473">
     <span class='ocr_line' id='line_1_26' title="bbox 784 2396 2349 2473; baseline 0.01 -29"><span class='ocrx_word' id='word_1_153' title='bbox 784 2396 1073 2452; x_wconf 70' lang='lat' dir='ltr'><strong>violentius</strong></span> <span class='ocrx_word' id='word_1_154' title='bbox 1095 2397 1150 2452; x_wconf 92' lang='lat' dir='ltr'><strong>in</strong></span> <span class='ocrx_word' id='word_1_155' title='bbox 1174 2397 1503 2453; x_wconf 89' lang='lat' dir='ltr'><strong>arundineas</strong></span> <span class='ocrx_word' id='word_1_156' title='bbox 1518 2398 1797 2455; x_wconf 83' lang='lat' dir='ltr'><strong>naviculas</strong></span> <span class='ocrx_word' id='word_1_157' title='bbox 1818 2399 2054 2466; x_wconf 88' lang='lat' dir='ltr'><strong>irruunt,</strong></span> <span class='ocrx_word' id='word_1_158' title='bbox 2083 2411 2247 2473; x_wconf 87' lang='lat' dir='ltr'><strong>atque</strong></span> <span class='ocrx_word' id='word_1_159' title='bbox 2264 2401 2349 2459; x_wconf 61' lang='lat' dir='ltr'><strong>hac</strong></span> 
     </span>
    </p>
   </div>
   <div class='ocr_carea' id='block_1_27' title="bbox 782 2488 2346 2562">
    <p class='ocr_par' dir='ltr' id='par_1_27' title="bbox 782 2488 2346 2562">
     <span class='ocr_line' id='line_1_27' title="bbox 782 2488 2346 2562; baseline 0.004 -21"><span class='ocrx_word' id='word_1_160' title='bbox 782 2488 1002 2558; x_wconf 77' lang='lat' dir='ltr'><strong>quidem</strong></span> <span class='ocrx_word' id='word_1_161' title='bbox 1033 2490 1268 2560; x_wconf 85' lang='lat' dir='ltr'><strong>impetus</strong></span> <span class='ocrx_word' id='word_1_162' title='bbox 1299 2489 1354 2543; x_wconf 88' lang='lat' dir='ltr'><strong>vi</strong></span> <span class='ocrx_word' id='word_1_163' title='bbox 1410 2489 1466 2544; x_wconf 88' lang='lat' dir='ltr'><strong>in</strong></span> <span class='ocrx_word' id='word_1_164' title='bbox 1513 2491 1847 2546; x_wconf 81' lang='lat' dir='ltr'><strong>contrarium</strong></span> <span class='ocrx_word' id='word_1_165' title='bbox 1901 2493 2093 2562; x_wconf 70' lang='lat' dir='ltr'><strong>pulsae,</strong></span> <span class='ocrx_word' id='word_1_166' title='bbox 2133 2494 2346 2550; x_wconf 87' lang='lat' dir='ltr'><strong>voluta-</strong></span> 
     </span>
    </p>
   </div>
   <div class='ocr_carea' id='block_1_28' title="bbox 783 2581 2348 2652">
    <p class='ocr_par' dir='ltr' id='par_1_28' title="bbox 783 2581 2348 2652">
     <span class='ocr_line' id='line_1_28' title="bbox 783 2581 2348 2652; baseline 0.006 -19"><span class='ocrx_word' id='word_1_167' title='bbox 783 2583 986 2635; x_wconf 78' lang='lat' dir='ltr'><strong>bantur</strong></span> <span class='ocrx_word' id='word_1_168' title='bbox 1018 2581 1642 2652; x_wconf 76' lang='lat' dir='ltr'><strong>circumagebanturque</strong></span> <span class='ocrx_word' id='word_1_169' title='bbox 1665 2583 1718 2637; x_wconf 92' lang='lat' dir='ltr'><strong>in</strong></span> <span class='ocrx_word' id='word_1_170' title='bbox 1741 2583 1877 2652; x_wconf 89' lang='lat' dir='ltr'><strong>salo,</strong></span> <span class='ocrx_word' id='word_1_171' title='bbox 1909 2584 1983 2640; x_wconf 92' lang='lat' dir='ltr'><strong>ita</strong></span> <span class='ocrx_word' id='word_1_172' title='bbox 2016 2594 2077 2639; x_wconf 93' lang='lat' dir='ltr'><strong>ut</strong></span> <span class='ocrx_word' id='word_1_173' title='bbox 2104 2595 2348 2642; x_wconf 85' lang='lat' dir='ltr'><strong>vectores</strong></span> 
     </span>
    </p>
   </div>
   <div class='ocr_carea' id='block_1_29' title="bbox 785 2672 2352 2744">
    <p class='ocr_par' dir='ltr' id='par_1_29' title="bbox 785 2672 2352 2744">
     <span class='ocr_line' id='line_1_29' title="bbox 785 2672 2352 2744; baseline 0.005 -18"><span class='ocrx_word' id='word_1_174' title='bbox 785 2672 1084 2727; x_wconf 85' lang='lat' dir='ltr'><strong>subsistere</strong></span> <span class='ocrx_word' id='word_1_175' title='bbox 1108 2672 1161 2727; x_wconf 91' lang='lat' dir='ltr'><strong>in</strong></span> <span class='ocrx_word' id='word_1_176' title='bbox 1214 2674 1283 2728; x_wconf 93' lang='lat' dir='ltr'><strong>iis</strong></span> <span class='ocrx_word' id='word_1_177' title='bbox 1316 2684 1432 2729; x_wconf 91' lang='lat' dir='ltr'><strong>tuto</strong></span> <span class='ocrx_word' id='word_1_178' title='bbox 1459 2690 1567 2730; x_wconf 91' lang='lat' dir='ltr'><strong>non</strong></span> <span class='ocrx_word' id='word_1_179' title='bbox 1608 2683 1850 2744; x_wconf 82' lang='lat' dir='ltr'><strong>possent,</strong></span> <span class='ocrx_word' id='word_1_180' title='bbox 1901 2676 1994 2731; x_wconf 80' lang='lat' dir='ltr'><strong>sed</strong></span> <span class='ocrx_word' id='word_1_181' title='bbox 2027 2678 2118 2732; x_wconf 90' lang='lat' dir='ltr'><strong>alii</strong></span> <span class='ocrx_word' id='word_1_182' title='bbox 2147 2677 2202 2733; x_wconf 91' lang='lat' dir='ltr'><strong>in</strong></span> <span class='ocrx_word' id='word_1_183' title='bbox 2234 2676 2352 2734; x_wconf 85' lang='lat' dir='ltr'><strong>llu-</strong></span> 
     </span>
    </p>
   </div>
   <div class='ocr_carea' id='block_1_30' title="bbox 786 2766 2352 2841">
    <p class='ocr_par' dir='ltr' id='par_1_30' title="bbox 786 2766 2352 2841">
     <span class='ocr_line' id='line_1_30' title="bbox 786 2766 2352 2841; baseline 0.003 -19"><span class='ocrx_word' id='word_1_184' title='bbox 786 2773 909 2822; x_wconf 75' lang='lat' dir='ltr'><strong>Ctus</strong></span> <span class='ocrx_word' id='word_1_185' title='bbox 939 2766 1157 2821; x_wconf 78' lang='lat' dir='ltr'><strong>excussi</strong></span> <span class='ocrx_word' id='word_1_186' title='bbox 1208 2766 1469 2835; x_wconf 87' lang='lat' dir='ltr'><strong>perirent,</strong></span> <span class='ocrx_word' id='word_1_187' title='bbox 1516 2766 1684 2841; x_wconf 76' lang='lat'><strong>328</strong></span> <span class='ocrx_word' id='word_1_188' title='bbox 1723 2768 1813 2822; x_wconf 90' lang='lat' dir='ltr'><strong>alii</strong></span> <span class='ocrx_word' id='word_1_189' title='bbox 1849 2769 1903 2823; x_wconf 93' lang='lat' dir='ltr'><strong>in</strong></span> <span class='ocrx_word' id='word_1_190' title='bbox 1942 2769 2011 2823; x_wconf 86' lang='lat' dir='ltr'><strong>iis</strong></span> <span class='ocrx_word' id='word_1_191' title='bbox 2043 2771 2352 2827; x_wconf 82' lang='lat' dir='ltr'><strong>necessario</strong></span> 
     </span>
    </p>
   </div>
   <div class='ocr_carea' id='block_1_31' title="bbox 789 2856 2352 2933">
    <p class='ocr_par' dir='ltr' id='par_1_31' title="bbox 789 2856 2352 2933">
     <span class='ocr_line' id='line_1_31' title="bbox 789 2856 2352 2933; baseline 0.006 -25"><span class='ocrx_word' id='word_1_192' title='bbox 789 2857 1157 2922; x_wconf 70' lang='lat' dir='ltr'><strong>considerent,</strong></span> <span class='ocrx_word' id='word_1_193' title='bbox 1181 2856 1309 2926; x_wconf 87' lang='lat' dir='ltr'><strong>quid</strong></span> <span class='ocrx_word' id='word_1_194' title='bbox 1341 2858 1554 2912; x_wconf 91' lang='lat' dir='ltr'><strong>consilii</strong></span> <span class='ocrx_word' id='word_1_195' title='bbox 1576 2869 1831 2928; x_wconf 88' lang='lat' dir='ltr'><strong>caperent</strong></span> <span class='ocrx_word' id='word_1_196' title='bbox 1858 2862 2198 2916; x_wconf 83' lang='lat' dir='ltr'><strong>nescientes:</strong></span> <span class='ocrx_word' id='word_1_197' title='bbox 2225 2864 2352 2933; x_wconf 83' lang='lat' dir='ltr'><strong>qui—</strong></span> 
     </span>
    </p>
   </div>
   <div class='ocr_carea' id='block_1_32' title="bbox 790 2947 2352 3017">
    <p class='ocr_par' dir='ltr' id='par_1_32' title="bbox 790 2947 2352 3017">
     <span class='ocr_line' id='line_1_32' title="bbox 790 2947 2352 3017; baseline 0.006 -18"><span class='ocrx_word' id='word_1_198' title='bbox 790 2961 899 3017; x_wconf 75' lang='lat' dir='ltr'><strong>que</strong></span> <span class='ocrx_word' id='word_1_199' title='bbox 931 2947 1110 3003; x_wconf 86' lang='lat' dir='ltr'><strong>adhuc</strong></span> <span class='ocrx_word' id='word_1_200' title='bbox 1152 2947 1320 3002; x_wconf 88' lang='lat' dir='ltr'><strong>erecti</strong></span> <span class='ocrx_word' id='word_1_201' title='bbox 1370 2950 1605 3015; x_wconf 89' lang='lat' dir='ltr'><strong>stabant,</strong></span> <span class='ocrx_word' id='word_1_202' title='bbox 1636 2958 1802 3004; x_wconf 70' lang='lat' dir='ltr'><strong>aestus</strong></span> <span class='ocrx_word' id='word_1_203' title='bbox 1832 2951 2029 3005; x_wconf 89' lang='lat' dir='ltr'><strong>marini</strong></span> <span class='ocrx_word' id='word_1_204' title='bbox 2056 2951 2105 3004; x_wconf 86' lang='lat' dir='ltr'><strong>vi</strong></span> <span class='ocrx_word' id='word_1_205' title='bbox 2132 2961 2352 3007; x_wconf 89' lang='lat' dir='ltr'><strong>contur-</strong></span> 
     </span>
    </p>
   </div>
   <div class='ocr_carea' id='block_1_33' title="bbox 789 3040 2353 3119">
    <p class='ocr_par' dir='ltr' id='par_1_33' title="bbox 789 3040 2353 3119">
     <span class='ocr_line' id='line_1_33' title="bbox 789 3040 2353 3119; baseline 0.005 -25"><span class='ocrx_word' id='word_1_206' title='bbox 789 3040 1083 3106; x_wconf 85' lang='lat' dir='ltr'><strong>babantur,</strong></span> <span class='ocrx_word' id='word_1_207' title='bbox 1138 3040 1421 3098; x_wconf 90' lang='lat' dir='ltr'><strong>moderato</strong></span> <span class='ocrx_word' id='word_1_208' title='bbox 1459 3042 1676 3113; x_wconf 89' lang='lat' dir='ltr'><strong>quidem</strong></span> <span class='ocrx_word' id='word_1_209' title='bbox 1710 3043 1804 3097; x_wconf 91' lang='lat' dir='ltr'><strong>illo</strong></span> <span class='ocrx_word' id='word_1_210' title='bbox 1853 3055 2016 3119; x_wconf 83' lang='lat' dir='ltr'><strong>atque</strong></span> <span class='ocrx_word' id='word_1_211' title='bbox 2040 3045 2242 3116; x_wconf 68' lang='lat' dir='ltr'><strong>exiguo</strong></span> <span class='ocrx_word' id='word_1_212' title='bbox 2283 3045 2353 3102; x_wconf 83' lang='lat' dir='ltr'><strong>ad</strong></span> 
     </span>
    </p>
   </div>
   <div class='ocr_carea' id='block_1_34' title="bbox 2436 578 4019 652">
    <p class='ocr_par' dir='ltr' id='par_1_34' title="bbox 2436 578 4019 652">
     <span class='ocr_line' id='line_1_34' title="bbox 2436 578 4019 652; baseline -0.001 -20"><span class='ocrx_word' id='word_1_213' title='bbox 2436 578 2531 633; x_wconf 80' lang='grc' dir='ltr'><strong>τὸν</strong></span> <span class='ocrx_word' id='word_1_214' title='bbox 2555 579 2783 647; x_wconf 81' lang='grc' dir='ltr'><strong>ἀγκῶνα</strong></span> <span class='ocrx_word' id='word_1_215' title='bbox 2809 580 2903 634; x_wconf 81' lang='grc' dir='ltr'><strong>τοῦ</strong></span> <span class='ocrx_word' id='word_1_216' title='bbox 2946 580 3161 650; x_wconf 78' lang='grc' dir='ltr'><strong>τείχους</strong></span> <span class='ocrx_word' id='word_1_217' title='bbox 3226 582 3318 635; x_wconf 77' lang='grc' dir='ltr'><strong>τὸν</strong></span> <span class='ocrx_word' id='word_1_218' title='bbox 3356 581 3515 652; x_wconf 85' lang='grc' dir='ltr'><strong>μέχρι</strong></span> <span class='ocrx_word' id='word_1_219' title='bbox 3552 581 3649 635; x_wconf 77' lang='grc' dir='ltr'>τοῦ</span> <span class='ocrx_word' id='word_1_220' title='bbox 3683 580 3892 650; x_wconf 80' lang='grc' dir='ltr'><strong>βάθους</strong></span> <span class='ocrx_word' id='word_1_221' title='bbox 3918 581 4019 631; x_wconf 75' lang='grc' dir='ltr'><strong>ὲκ-</strong></span> 
     </span>
    </p>
   </div>
   <div class='ocr_carea' id='block_1_35' title="bbox 2434 670 4020 742">
    <p class='ocr_par' dir='ltr' id='par_1_35' title="bbox 2434 670 4020 742">
     <span class='ocr_line' id='line_1_35' title="bbox 2434 670 4020 742; baseline -0.001 -18"><span class='ocrx_word' id='word_1_222' title='bbox 2434 672 2752 742; x_wconf 77' lang='grc' dir='ltr'><strong>τεταμὲνον,</strong></span> <span class='ocrx_word' id='word_1_223' title='bbox 2785 672 2881 726; x_wconf 76' lang='grc' dir='ltr'><strong>καὶ</strong></span> <span class='ocrx_word' id='word_1_224' title='bbox 2927 672 3176 726; x_wconf 76' lang='grc' dir='ltr'><strong>τολοιπὺν</strong></span> <span class='ocrx_word' id='word_1_225' title='bbox 3220 673 3391 736; x_wconf 82' lang='grc' dir='ltr'><strong>ἀδεῶς</strong></span> <span class='ocrx_word' id='word_1_226' title='bbox 3468 672 3828 740; x_wconf 78' lang='grc' dir='ltr'><strong>ἐπιϐήσεσθαι</strong></span> <span class='ocrx_word' id='word_1_227' title='bbox 3903 670 4020 723; x_wconf 76' lang='grc' dir='ltr'><strong>τῶν</strong></span> 
     </span>
    </p>
   </div>
   <div class='ocr_carea' id='block_1_36' title="bbox 2437 762 4019 835">
    <p class='ocr_par' dir='ltr' id='par_1_36' title="bbox 2437 762 4019 835">
     <span class='ocr_line' id='line_1_36' title="bbox 2437 762 4019 835; baseline 0 -20"><span class='ocrx_word' id='word_1_228' title='bbox 2437 762 2702 835; x_wconf 77' lang='grc' dir='ltr'><strong>ἐνδοτέρω</strong></span> <span class='ocrx_word' id='word_1_229' title='bbox 2749 764 2985 834; x_wconf 78' lang='grc' dir='ltr'><strong>χωρίων,</strong></span> <span class='ocrx_word' id='word_1_230' title='bbox 3031 763 3108 826; x_wconf 80' lang='grc' dir='ltr'>ὡς</span> <span class='ocrx_word' id='word_1_231' title='bbox 3147 763 3213 834; x_wconf 77' lang='grc' dir='ltr'><strong>δὴ</strong></span> <span class='ocrx_word' id='word_1_232' title='bbox 3259 763 3509 834; x_wconf 72' lang='grc' dir='ltr'><strong>οὐδαμῶς</strong></span> <span class='ocrx_word' id='word_1_233' title='bbox 3551 764 3793 834; x_wconf 67' lang='grc' dir='ltr'><strong>ἐρύμασι</strong></span> <span class='ocrx_word' id='word_1_234' title='bbox 3853 779 4019 831; x_wconf 77' lang='grc' dir='ltr'><strong>περιο</strong></span> 
     </span>
    </p>
   </div>
   <div class='ocr_carea' id='block_1_37' title="bbox 2438 852 4014 929">
    <p class='ocr_par' dir='ltr' id='par_1_37' title="bbox 2438 852 4014 929">
     <span class='ocr_line' id='line_1_37' title="bbox 2438 852 4014 929; baseline -0.004 -18"><span class='ocrx_word' id='word_1_235' title='bbox 2438 857 2712 928; x_wconf 78' lang='grc' dir='ltr'><strong>εχομένων</strong></span> <span class='ocrx_word' id='word_1_236' title='bbox 2742 858 2776 928; x_wconf 79' lang='grc' dir='ltr'>ἢ</span> <span class='ocrx_word' id='word_1_237' title='bbox 2825 858 2973 929; x_wconf 81' lang='grc' dir='ltr'><strong>μόνῳ</strong></span> <span class='ocrx_word' id='word_1_238' title='bbox 2996 857 3076 928; x_wconf 82' lang='grc' dir='ltr'><strong>τῷ</strong></span> <span class='ocrx_word' id='word_1_239' title='bbox 3117 857 3513 928; x_wconf 76' lang='grc' dir='ltr'><strong>Ἑλλησπόντῳ.</strong></span> <span class='ocrx_word' id='word_1_240' title='bbox 3566 854 3754 909; x_wconf 72' lang='grc' dir='ltr'><strong>Ταῦτα</strong></span> <span class='ocrx_word' id='word_1_241' title='bbox 3785 854 3856 923; x_wconf 80' lang='grc' dir='ltr'><strong>δὴ</strong></span> <span class='ocrx_word' id='word_1_242' title='bbox 3886 852 3937 885; x_wconf 77' lang='grc'>⁸³</span> <span class='ocrx_word' id='word_1_243' title='bbox 3984 854 4014 905; x_wconf 85' lang='grc' dir='ltr'>ὁ</span> 
     </span>
    </p>
   </div>
   <div class='ocr_carea' id='block_1_38' title="bbox 2438 944 4013 1020">
    <p class='ocr_par' dir='ltr' id='par_1_38' title="bbox 2438 944 4013 1020">
     <span class='ocr_line' id='line_1_38' title="bbox 2438 944 4013 1020; baseline -0.005 -18"><span class='ocrx_word' id='word_1_244' title='bbox 2438 947 2718 1020; x_wconf 75' lang='grc' dir='ltr'><strong>Γερμανὸς</strong></span> <span class='ocrx_word' id='word_1_245' title='bbox 2739 949 2805 1002; x_wconf 84' lang='grc' dir='ltr'><strong>ἐκ</strong></span> <span class='ocrx_word' id='word_1_246' title='bbox 2830 948 2940 1001; x_wconf 86' lang='grc' dir='ltr'><strong>τῶν</strong></span> <span class='ocrx_word' id='word_1_247' title='bbox 2969 948 3332 1003; x_wconf 86' lang='grc' dir='ltr'><strong>κατασκόπων</strong></span> <span class='ocrx_word' id='word_1_248' title='bbox 3358 946 3679 1017; x_wconf 85' lang='grc' dir='ltr'><strong>πυθόμενος,</strong></span> <span class='ocrx_word' id='word_1_249' title='bbox 3709 944 3812 999; x_wconf 85' lang='grc' dir='ltr'><strong>καὶ</strong></span> <span class='ocrx_word' id='word_1_250' title='bbox 3837 947 4013 1011; x_wconf 59' lang='grc' dir='ltr'><strong>γινὼο</strong></span> 
     </span>
    </p>
   </div>
   <div class='ocr_carea' id='block_1_39' title="bbox 2440 1034 4014 1111">
    <p class='ocr_par' dir='ltr' id='par_1_39' title="bbox 2440 1034 4014 1111">
     <span class='ocr_line' id='line_1_39' title="bbox 2440 1034 4014 1111; baseline -0.005 -16"><span class='ocrx_word' id='word_1_251' title='bbox 2440 1058 2609 1106; x_wconf 80' lang='grc' dir='ltr'><strong>σκων,</strong></span> <span class='ocrx_word' id='word_1_252' title='bbox 2642 1040 2718 1103; x_wconf 82' lang='grc' dir='ltr'>ὡς</span> <span class='ocrx_word' id='word_1_253' title='bbox 2739 1040 2841 1094; x_wconf 84' lang='grc' dir='ltr'><strong>οὐκ</strong></span> <span class='ocrx_word' id='word_1_254' title='bbox 2871 1042 2931 1104; x_wconf 77' lang='grc' dir='ltr'><strong>ἐς</strong></span> <span class='ocrx_word' id='word_1_255' title='bbox 2972 1039 3191 1111; x_wconf 69' lang='grc' dir='ltr'><strong>μακράν</strong></span> <span class='ocrx_word' id='word_1_256' title='bbox 3235 1041 3266 1093; x_wconf 81' lang='grc' dir='ltr'><strong>ὁ</strong></span> <span class='ocrx_word' id='word_1_257' title='bbox 3301 1039 3411 1092; x_wconf 83' lang='grc' dir='ltr'><strong>τῶν</strong></span> <span class='ocrx_word' id='word_1_258' title='bbox 3480 1038 3744 1108; x_wconf 83' lang='grc' dir='ltr'><strong>καλάμων</strong></span> <span class='ocrx_word' id='word_1_259' title='bbox 3819 1034 4014 1095; x_wconf 70' lang='grc' dir='ltr'><strong>στόλος</strong></span> 
     </span>
    </p>
   </div>
   <div class='ocr_carea' id='block_1_40' title="bbox 2438 1125 4013 1203">
    <p class='ocr_par' dir='ltr' id='par_1_40' title="bbox 2438 1125 4013 1203">
     <span class='ocr_line' id='line_1_40' title="bbox 2438 1125 4013 1203; baseline -0.008 -15"><span class='ocrx_word' id='word_1_260' title='bbox 2438 1132 2780 1202; x_wconf 68' lang='grc' dir='ltr'><strong>ἐπιφοιτήσει</strong></span> <span class='ocrx_word' id='word_1_261' title='bbox 2810 1129 2895 1203; x_wconf 86' lang='grc' dir='ltr'><strong>[Ρ.</strong></span> <span class='ocrx_word' id='word_1_262' title='bbox 2929 1130 3053 1202; x_wconf 75' lang='grc'><strong>168]</strong></span> <span class='ocrx_word' id='word_1_263' title='bbox 3081 1130 3489 1201; x_wconf 66' lang='grc' dir='ltr'><strong>ἐπεκερτόμησε</strong></span> <span class='ocrx_word' id='word_1_264' title='bbox 3522 1130 3621 1199; x_wconf 80' lang='grc' dir='ltr'><strong>μὲν</strong></span> <span class='ocrx_word' id='word_1_265' title='bbox 3667 1127 3800 1189; x_wconf 73' lang='grc' dir='ltr'><strong>τοὺς</strong></span> <span class='ocrx_word' id='word_1_266' title='bbox 3844 1125 4013 1177; x_wconf 76' lang='grc' dir='ltr'><strong>πολε-</strong></span> 
     </span>
    </p>
   </div>
   <div class='ocr_carea' id='block_1_41' title="bbox 2442 1217 4011 1293">
    <p class='ocr_par' dir='ltr' id='par_1_41' title="bbox 2442 1217 4011 1293">
     <span class='ocr_line' id='line_1_41' title="bbox 2442 1217 4011 1293; baseline 0.001 -19"><span class='ocrx_word' id='word_1_267' title='bbox 2442 1221 2601 1292; x_wconf 86' lang='grc' dir='ltr'><strong>μίους</strong></span> <span class='ocrx_word' id='word_1_268' title='bbox 2640 1224 2742 1292; x_wconf 83' lang='grc' dir='ltr'><strong>τῆς</strong></span> <span class='ocrx_word' id='word_1_269' title='bbox 2783 1221 3037 1285; x_wconf 78' lang='grc' dir='ltr'><strong>ἀϐουλίας</strong></span> <span class='ocrx_word' id='word_1_270' title='bbox 3067 1223 3134 1287; x_wconf 77' lang='grc'><strong>⁸⁸,</strong></span> <span class='ocrx_word' id='word_1_271' title='bbox 3176 1221 3322 1293; x_wconf 82' lang='grc' dir='ltr'><strong>μάλα</strong></span> <span class='ocrx_word' id='word_1_272' title='bbox 3360 1221 3420 1275; x_wconf 74' lang='grc' dir='ltr'><strong>δέ</strong></span> <span class='ocrx_word' id='word_1_273' title='bbox 3442 1221 3584 1292; x_wconf 74' lang='grc' dir='ltr'><strong>ἥσθη</strong></span> <span class='ocrx_word' id='word_1_274' title='bbox 3614 1219 3703 1274; x_wconf 75' lang='grc' dir='ltr'><strong>ἐπ’</strong></span> <span class='ocrx_word' id='word_1_275' title='bbox 3734 1219 3909 1289; x_wconf 76' lang='grc' dir='ltr'><strong>αὐτῇ.</strong></span> <span class='ocrx_word' id='word_1_276' title='bbox 3936 1217 4011 1276; x_wconf 74' lang='grc' dir='ltr'><strong>ὡς</strong></span> 
     </span>
    </p>
   </div>
   <div class='ocr_carea' id='block_1_42' title="bbox 2439 1304 4011 1382">
    <p class='ocr_par' dir='ltr' id='par_1_42' title="bbox 2439 1304 4011 1382">
     <span class='ocr_line' id='line_1_42' title="bbox 2439 1304 4011 1382; baseline -0.004 -20"><span class='ocrx_word' id='word_1_277' title='bbox 2439 1305 2505 1376; x_wconf 83' lang='grc' dir='ltr'><strong>δὴ</strong></span> <span class='ocrx_word' id='word_1_278' title='bbox 2536 1307 2673 1378; x_wconf 76' lang='grc' dir='ltr'><strong>πρὸς</strong></span> <span class='ocrx_word' id='word_1_279' title='bbox 2703 1307 2869 1363; x_wconf 77' lang='grc' dir='ltr'><strong>αὐτοῦ</strong></span> <span class='ocrx_word' id='word_1_280' title='bbox 2902 1309 3157 1382; x_wconf 73' lang='grc' dir='ltr'><strong>ἐσομένη.</strong></span> <span class='ocrx_word' id='word_1_281' title='bbox 3187 1308 3397 1363; x_wconf 75' lang='grc' dir='ltr'><strong>Αὐτίκα</strong></span> <span class='ocrx_word' id='word_1_282' title='bbox 3418 1308 3528 1379; x_wconf 81' lang='grc' dir='ltr'><strong>γὰρ</strong></span> <span class='ocrx_word' id='word_1_283' title='bbox 3574 1305 3878 1377; x_wconf 77' lang='grc' dir='ltr'><strong>ἐπακρίδας</strong></span> <span class='ocrx_word' id='word_1_284' title='bbox 3932 1304 4011 1356; x_wconf 77' lang='grc' dir='ltr'><strong>εἰ·</strong></span> 
     </span>
    </p>
   </div>
   <div class='ocr_carea' id='block_1_43' title="bbox 2441 1397 4011 1473">
    <p class='ocr_par' dir='ltr' id='par_1_43' title="bbox 2441 1397 4011 1473">
     <span class='ocr_line' id='line_1_43' title="bbox 2441 1397 4011 1473; baseline -0.003 -22"><span class='ocrx_word' id='word_1_285' title='bbox 2441 1414 2563 1451; x_wconf 88' lang='grc' dir='ltr'><strong>κοσι</strong></span> <span class='ocrx_word' id='word_1_286' title='bbox 2612 1399 2907 1471; x_wconf 82' lang='grc' dir='ltr'><strong>πολυήρεις</strong></span> <span class='ocrx_word' id='word_1_287' title='bbox 2942 1417 3005 1454; x_wconf 82' lang='grc' dir='ltr'><strong>τε</strong></span> <span class='ocrx_word' id='word_1_288' title='bbox 3032 1401 3128 1454; x_wconf 75' lang='grc' dir='ltr'><strong>καὶ</strong></span> <span class='ocrx_word' id='word_1_289' title='bbox 3174 1399 3606 1473; x_wconf 81' lang='grc' dir='ltr'><strong>ἀμφιπρύμνους</strong></span> <span class='ocrx_word' id='word_1_290' title='bbox 3639 1398 3859 1469; x_wconf 83' lang='grc' dir='ltr'><strong>ἀνδρῶν</strong></span> <span class='ocrx_word' id='word_1_291' title='bbox 3913 1397 4011 1461; x_wconf 84' lang='grc' dir='ltr'><strong>ἐμ-</strong></span> 
     </span>
    </p>
   </div>
   <div class='ocr_carea' id='block_1_44' title="bbox 2445 1486 4009 1562">
    <p class='ocr_par' dir='ltr' id='par_1_44' title="bbox 2445 1486 4009 1562">
     <span class='ocr_line' id='line_1_44' title="bbox 2445 1486 4009 1562; baseline -0.015 -5"><span class='ocrx_word' id='word_1_292' title='bbox 2445 1486 2657 1559; x_wconf 78' lang='grc' dir='ltr'><strong>πλήσας</strong></span> <span class='ocrx_word' id='word_1_293' title='bbox 2702 1488 2911 1560; x_wconf 80' lang='grc' dir='ltr'><strong>σιδήρῳ</strong></span> <span class='ocrx_word' id='word_1_294' title='bbox 2934 1488 3445 1562; x_wconf 78' lang='grc' dir='ltr'><strong>τεθωρακισμένων,</strong></span> <span class='ocrx_word' id='word_1_295' title='bbox 3504 1487 3734 1548; x_wconf 78' lang='grc' dir='ltr'><strong>ἀσπίδας</strong></span> <span class='ocrx_word' id='word_1_296' title='bbox 3800 1500 3865 1537; x_wconf 84' lang='grc' dir='ltr'><strong>τε</strong></span> <span class='ocrx_word' id='word_1_297' title='bbox 3913 1499 4009 1551; x_wconf 75' lang='grc' dir='ltr'><strong>φε-</strong></span> 
     </span>
    </p>
   </div>
   <div class='ocr_carea' id='block_1_45' title="bbox 2444 1575 4010 1652">
    <p class='ocr_par' dir='ltr' id='par_1_45' title="bbox 2444 1575 4010 1652">
     <span class='ocr_line' id='line_1_45' title="bbox 2444 1575 4010 1652; baseline -0.006 -18"><span class='ocrx_word' id='word_1_298' title='bbox 2444 1578 2649 1651; x_wconf 86' lang='grc' dir='ltr'><strong>ρόντων</strong></span> <span class='ocrx_word' id='word_1_299' title='bbox 2690 1579 2786 1634; x_wconf 79' lang='grc' dir='ltr'><strong>καὶ</strong></span> <span class='ocrx_word' id='word_1_300' title='bbox 2814 1579 2944 1647; x_wconf 81' lang='grc' dir='ltr'><strong>τόξα</strong></span> <span class='ocrx_word' id='word_1_301' title='bbox 2969 1580 3065 1634; x_wconf 75' lang='grc' dir='ltr'><strong>καὶ</strong></span> <span class='ocrx_word' id='word_1_302' title='bbox 3115 1580 3250 1651; x_wconf 78' lang='grc' dir='ltr'><strong>πρός</strong></span> <span class='ocrx_word' id='word_1_303' title='bbox 3278 1597 3343 1649; x_wconf 88' lang='grc' dir='ltr'><strong>γε</strong></span> <span class='ocrx_word' id='word_1_304' title='bbox 3363 1579 3760 1652; x_wconf 85' lang='grc' dir='ltr'><strong>δορυδρέπανα,</strong></span> <span class='ocrx_word' id='word_1_305' title='bbox 3798 1575 3932 1636; x_wconf 75' lang='grc' dir='ltr'><strong>τούς</strong></span> <span class='ocrx_word' id='word_1_306' title='bbox 3952 1590 4010 1625; x_wconf 83' lang='grc' dir='ltr'><strong>τε</strong></span> 
     </span>
    </p>
   </div>
   <div class='ocr_carea' id='block_1_46' title="bbox 2444 1667 4009 1742">
    <p class='ocr_par' dir='ltr' id='par_1_46' title="bbox 2444 1667 4009 1742">
     <span class='ocr_line' id='line_1_46' title="bbox 2444 1667 4009 1742; baseline -0.01 -10"><span class='ocrx_word' id='word_1_307' title='bbox 2444 1671 2762 1742; x_wconf 72' lang='grc' dir='ltr'><strong>ἐρέττοντας</strong></span> <span class='ocrx_word' id='word_1_308' title='bbox 2805 1670 3058 1742; x_wconf 84' lang='grc' dir='ltr'><strong>ἐμϐαλὼν</strong></span> <span class='ocrx_word' id='word_1_309' title='bbox 3075 1712 3092 1736; x_wconf 90' lang='grc'><strong>,</strong></span> <span class='ocrx_word' id='word_1_310' title='bbox 3141 1673 3238 1726; x_wconf 69' lang='grc' dir='ltr'><strong>κα)⁸</strong></span> <span class='ocrx_word' id='word_1_311' title='bbox 3274 1673 3402 1736; x_wconf 80' lang='grc' dir='ltr'><strong>τοὺς</strong></span> <span class='ocrx_word' id='word_1_312' title='bbox 3443 1675 3558 1734; x_wconf 86' lang='grc' dir='ltr'><strong>τοῖς</strong></span> <span class='ocrx_word' id='word_1_313' title='bbox 3587 1667 3874 1739; x_wconf 70' lang='grc' dir='ltr'><strong>πηδαλίοις</strong></span> <span class='ocrx_word' id='word_1_314' title='bbox 3918 1668 4009 1734; x_wconf 72' lang='grc' dir='ltr'><strong>ἐφ-</strong></span> 
     </span>
    </p>
   </div>
   <div class='ocr_carea' id='block_1_47' title="bbox 2443 1757 4007 1836">
    <p class='ocr_par' dir='ltr' id='par_1_47' title="bbox 2443 1757 4007 1836">
     <span class='ocr_line' id='line_1_47' title="bbox 2443 1757 4007 1836; baseline -0.004 -20"><span class='ocrx_word' id='word_1_315' title='bbox 2443 1762 2743 1834; x_wconf 84' lang='grc' dir='ltr'><strong>εστηκότας</strong></span> <span class='ocrx_word' id='word_1_316' title='bbox 2789 1764 2895 1816; x_wconf 78' lang='grc' dir='ltr'><strong>ὑπὸ</strong></span> <span class='ocrx_word' id='word_1_317' title='bbox 2940 1763 3040 1835; x_wconf 79' lang='grc' dir='ltr'><strong>τὴν</strong></span> <span class='ocrx_word' id='word_1_318' title='bbox 3080 1763 3228 1817; x_wconf 80' lang='grc' dir='ltr'><strong>ἐνδον</strong></span> <span class='ocrx_word' id='word_1_319' title='bbox 3255 1761 3719 1836; x_wconf 78' lang='grc' dir='ltr'><strong>παρατεινομένην</strong></span> <span class='ocrx_word' id='word_1_320' title='bbox 3755 1759 3859 1827; x_wconf 79' lang='grc' dir='ltr'><strong>τῆς</strong></span> <span class='ocrx_word' id='word_1_321' title='bbox 3918 1757 4007 1809; x_wconf 78' lang='grc' dir='ltr'><strong>θα-</strong></span> 
     </span>
    </p>
   </div>
   <div class='ocr_carea' id='block_1_48' title="bbox 2374 1826 4005 1924">
    <p class='ocr_par' dir='ltr' id='par_1_48' title="bbox 2374 1826 4005 1924">
     <span class='ocr_line' id='line_1_48' title="bbox 2374 1826 4005 1924; baseline -0.007 -15"><span class='ocrx_word' id='word_1_322' title='bbox 2374 1826 2417 1881; x_wconf 75' lang='lat' dir='ltr'><strong><em>B</em></strong></span> <span class='ocrx_word' id='word_1_323' title='bbox 2444 1826 2646 1923; x_wconf 73' lang='grc' dir='ltr'><strong>λάττης</strong></span> <span class='ocrx_word' id='word_1_324' title='bbox 2692 1853 2929 1924; x_wconf 76' lang='grc' dir='ltr'><strong>γλωχῖνα</strong></span> <span class='ocrx_word' id='word_1_325' title='bbox 2973 1826 3226 1924; x_wconf 73' lang='grc' dir='ltr'><strong>καθάπερ</strong></span> <span class='ocrx_word' id='word_1_326' title='bbox 3272 1826 3353 1916; x_wconf 69' lang='grc' dir='ltr'><strong>είς</strong></span> <span class='ocrx_word' id='word_1_327' title='bbox 3398 1826 3617 1922; x_wconf 74' lang='grc' dir='ltr'><strong>ἐνέδραν</strong></span> <span class='ocrx_word' id='word_1_328' title='bbox 3659 1826 4005 1918; x_wconf 78' lang='grc' dir='ltr'><strong>καθορμίσας</strong></span> 
     </span>
    </p>
   </div>
   <div class='ocr_carea' id='block_1_49' title="bbox 2444 1938 4009 2019">
    <p class='ocr_par' dir='ltr' id='par_1_49' title="bbox 2444 1938 4009 2019">
     <span class='ocr_line' id='line_1_49' title="bbox 2444 1938 4009 2019; baseline -0.006 -21"><span class='ocrx_word' id='word_1_329' title='bbox 2444 1945 2761 2017; x_wconf 78' lang='grc' dir='ltr'><strong>ἐνέκρυψεν,</strong></span> <span class='ocrx_word' id='word_1_330' title='bbox 2802 1946 2879 2009; x_wconf 88' lang='grc' dir='ltr'>ὡς</span> <span class='ocrx_word' id='word_1_331' title='bbox 2943 1945 3011 2001; x_wconf 78' lang='grc' dir='ltr'><strong>ἂν</strong></span> <span class='ocrx_word' id='word_1_332' title='bbox 3040 1946 3116 2018; x_wconf 83' lang='grc' dir='ltr'><strong>μὴ</strong></span> <span class='ocrx_word' id='word_1_333' title='bbox 3146 1946 3429 2019; x_wconf 75' lang='grc' dir='ltr'><strong>πόρρωθεν</strong></span> <span class='ocrx_word' id='word_1_334' title='bbox 3454 1942 3801 2014; x_wconf 77' lang='grc' dir='ltr'><strong>προοφθεῖεν.</strong></span> <span class='ocrx_word' id='word_1_335' title='bbox 3853 1938 4009 1993; x_wconf 74' lang='grc' dir='ltr'><strong>Ἐπεὶ</strong></span> 
     </span>
    </p>
   </div>
   <div class='ocr_carea' id='block_1_50' title="bbox 2441 2028 4007 2111">
    <p class='ocr_par' dir='ltr' id='par_1_50' title="bbox 2441 2028 4007 2111">
     <span class='ocr_line' id='line_1_50' title="bbox 2441 2028 4007 2111; baseline -0.009 -16"><span class='ocrx_word' id='word_1_336' title='bbox 2441 2040 2502 2095; x_wconf 79' lang='grc' dir='ltr'><strong>δὲ</strong></span> <span class='ocrx_word' id='word_1_337' title='bbox 2559 2040 2614 2095; x_wconf 87' lang='grc' dir='ltr'><strong>οί</strong></span> <span class='ocrx_word' id='word_1_338' title='bbox 2653 2039 2927 2110; x_wconf 86' lang='grc' dir='ltr'><strong>Βάρϐαροι</strong></span> <span class='ocrx_word' id='word_1_339' title='bbox 2957 2039 3059 2111; x_wconf 76' lang='grc' dir='ltr'><strong>ἥδη</strong></span> <span class='ocrx_word' id='word_1_340' title='bbox 3107 2039 3440 2111; x_wconf 82' lang='grc' dir='ltr'><strong>ὑπερϐάντες</strong></span> <span class='ocrx_word' id='word_1_341' title='bbox 3487 2038 3550 2090; x_wconf 77' lang='grc' dir='ltr'><strong>τὸ</strong></span> <span class='ocrx_word' id='word_1_342' title='bbox 3589 2032 3864 2107; x_wconf 76' lang='grc' dir='ltr'><strong>προπετὲς</strong></span> <span class='ocrx_word' id='word_1_343' title='bbox 3911 2028 4007 2083; x_wconf 72' lang='grc' dir='ltr'><strong>τοῦ</strong></span> 
     </span>
    </p>
   </div>
   <div class='ocr_carea' id='block_1_51' title="bbox 2442 2121 4006 2202">
    <p class='ocr_par' dir='ltr' id='par_1_51' title="bbox 2442 2121 4006 2202">
     <span class='ocr_line' id='line_1_51' title="bbox 2442 2121 4006 2202; baseline -0.005 -18"><span class='ocrx_word' id='word_1_344' title='bbox 2442 2131 2656 2202; x_wconf 78' lang='grc' dir='ltr'><strong>τείχους</strong></span> <span class='ocrx_word' id='word_1_345' title='bbox 2702 2131 2800 2185; x_wconf 77' lang='grc' dir='ltr'><strong>καὶ</strong></span> <span class='ocrx_word' id='word_1_346' title='bbox 2828 2128 3103 2200; x_wconf 76' lang='grc' dir='ltr'><strong>ἀπολῆγον</strong></span> <span class='ocrx_word' id='word_1_347' title='bbox 3135 2129 3232 2183; x_wconf 72' lang='grc' dir='ltr'><strong>καὶ</strong></span> <span class='ocrx_word' id='word_1_348' title='bbox 3269 2127 3365 2183; x_wconf 79' lang='grc' dir='ltr'><strong>τοῦ</strong></span> <span class='ocrx_word' id='word_1_349' title='bbox 3396 2124 3642 2195; x_wconf 75' lang='grc' dir='ltr'><strong>αἰγιαλοῦ</strong></span> <span class='ocrx_word' id='word_1_350' title='bbox 3685 2121 4006 2193; x_wconf 76' lang='grc' dir='ltr'><strong>προεξέχσν.</strong></span> 
     </span>
    </p>
   </div>
   <div class='ocr_carea' id='block_1_52' title="bbox 2444 2212 4007 2291">
    <p class='ocr_par' dir='ltr' id='par_1_52' title="bbox 2444 2212 4007 2291">
     <span class='ocr_line' id='line_1_52' title="bbox 2444 2212 4007 2291; baseline -0.004 -17"><span class='ocrx_word' id='word_1_351' title='bbox 2444 2219 2717 2274; x_wconf 70' lang='grc' dir='ltr'><strong>ἐνέκλινον</strong></span> <span class='ocrx_word' id='word_1_352' title='bbox 2768 2220 2909 2291; x_wconf 79' lang='grc' dir='ltr'><strong>πρὸς</strong></span> <span class='ocrx_word' id='word_1_353' title='bbox 2961 2219 3033 2273; x_wconf 80' lang='grc' dir='ltr'><strong>τὰ</strong></span> <span class='ocrx_word' id='word_1_354' title='bbox 3073 2218 3224 2280; x_wconf 85' lang='grc' dir='ltr'><strong>εῐσω,</strong></span> <span class='ocrx_word' id='word_1_355' title='bbox 3282 2219 3381 2271; x_wconf 74' lang='grc' dir='ltr'><strong>καὶ</strong></span> <span class='ocrx_word' id='word_1_356' title='bbox 3428 2217 3755 2287; x_wconf 66' lang='grc' dir='ltr'><strong>ἐπεφέροντο</strong></span> <span class='ocrx_word' id='word_1_357' title='bbox 3810 2212 4007 2283; x_wconf 70' lang='grc' dir='ltr'><strong>φρονή-</strong></span> 
     </span>
    </p>
   </div>
   <div class='ocr_carea' id='block_1_53' title="bbox 2449 2302 4006 2386">
    <p class='ocr_par' dir='ltr' id='par_1_53' title="bbox 2449 2302 4006 2386">
     <span class='ocr_line' id='line_1_53' title="bbox 2449 2302 4006 2386; baseline -0.008 -19"><span class='ocrx_word' id='word_1_358' title='bbox 2449 2330 2583 2386; x_wconf 87' lang='grc' dir='ltr'><strong>ματι</strong></span> <span class='ocrx_word' id='word_1_359' title='bbox 2635 2312 2733 2365; x_wconf 84' lang='grc' dir='ltr'><strong>σὺν</strong></span> <span class='ocrx_word' id='word_1_360' title='bbox 2768 2310 2951 2382; x_wconf 85' lang='grc' dir='ltr'><strong>πολλῷ</strong></span> <span class='ocrx_word' id='word_1_361' title='bbox 2991 2311 3085 2365; x_wconf 81' lang='grc' dir='ltr'><strong>καὶ</strong></span> <span class='ocrx_word' id='word_1_362' title='bbox 3139 2309 3440 2382; x_wconf 72' lang='grc' dir='ltr'><strong>παρρησίᾳ,</strong></span> <span class='ocrx_word' id='word_1_363' title='bbox 3467 2305 3672 2375; x_wconf 76' lang='grc' dir='ltr'><strong>τότεδὴ</strong></span> <span class='ocrx_word' id='word_1_364' title='bbox 3707 2304 3807 2357; x_wconf 69' lang='grc' dir='ltr'><strong>καὶ</strong></span> <span class='ocrx_word' id='word_1_365' title='bbox 3830 2302 3943 2356; x_wconf 78' lang='grc' dir='ltr'><strong>τῶν</strong></span> <span class='ocrx_word' id='word_1_366' title='bbox 3966 2302 4006 2331; x_wconf 72' lang='grc'>³³</span> 
     </span>
    </p>
   </div>
   <div class='ocr_carea' id='block_1_54' title="bbox 2458 2395 4003 2475">
    <p class='ocr_par' dir='ltr' id='par_1_54' title="bbox 2458 2395 4003 2475">
     <span class='ocr_line' id='line_1_54' title="bbox 2458 2395 4003 2475; baseline -0.011 -14"><span class='ocrx_word' id='word_1_367' title='bbox 2458 2405 2742 2475; x_wconf 83' lang='grc' dir='ltr'><strong>Ῥωμαίων</strong></span> <span class='ocrx_word' id='word_1_368' title='bbox 2782 2402 3005 2467; x_wconf 79' lang='grc' dir='ltr'><strong>ὁλκάδες</strong></span> <span class='ocrx_word' id='word_1_369' title='bbox 3063 2402 3429 2474; x_wconf 77' lang='grc' dir='ltr'><strong>ἀντανήγοντο</strong></span> <span class='ocrx_word' id='word_1_370' title='bbox 3474 2399 3569 2453; x_wconf 75' lang='grc' dir='ltr'><strong>καὶ</strong></span> <span class='ocrx_word' id='word_1_371' title='bbox 3619 2395 3967 2467; x_wconf 67' lang='grc' dir='ltr'><strong>ἀντεπῄεσαν</strong></span> <span class='ocrx_word' id='word_1_372' title='bbox 3987 2410 4003 2423; x_wconf 88' lang='grc'><strong>·</strong></span> 
     </span>
    </p>
   </div>
   <div class='ocr_carea' id='block_1_55' title="bbox 2447 2485 4010 2565">
    <p class='ocr_par' dir='ltr' id='par_1_55' title="bbox 2447 2485 4010 2565">
     <span class='ocr_line' id='line_1_55' title="bbox 2447 2485 4010 2565; baseline -0.012 -11"><span class='ocrx_word' id='word_1_373' title='bbox 2447 2498 2544 2554; x_wconf 90' lang='grc' dir='ltr'><strong>καί</strong></span> <span class='ocrx_word' id='word_1_374' title='bbox 2593 2514 2710 2561; x_wconf 82' lang='grc' dir='ltr'><strong>πως</strong></span> <span class='ocrx_word' id='word_1_375' title='bbox 2747 2496 2939 2559; x_wconf 76' lang='grc' dir='ltr'><strong>αὐταῖς</strong></span> <span class='ocrx_word' id='word_1_376' title='bbox 2981 2494 3073 2549; x_wconf 81' lang='grc' dir='ltr'><strong>τοῦ</strong></span> <span class='ocrx_word' id='word_1_377' title='bbox 3132 2493 3229 2565; x_wconf 79' lang='grc' dir='ltr'><strong>ῥοῦ</strong></span> <span class='ocrx_word' id='word_1_378' title='bbox 3291 2487 3808 2561; x_wconf 81' lang='grc' dir='ltr'><strong>συλλαμϐανομένου</strong></span> <span class='ocrx_word' id='word_1_379' title='bbox 3862 2485 4010 2538; x_wconf 78' lang='grc' dir='ltr'><strong>ἀντί-</strong></span> 
     </span>
    </p>
   </div>
   <div class='ocr_carea' id='block_1_56' title="bbox 2449 2577 4015 2662">
    <p class='ocr_par' dir='ltr' id='par_1_56' title="bbox 2449 2577 4015 2662">
     <span class='ocr_line' id='line_1_56' title="bbox 2449 2577 4015 2662; baseline -0.01 -19"><span class='ocrx_word' id='word_1_380' title='bbox 2449 2606 2662 2662; x_wconf 88' lang='grc' dir='ltr'><strong>πρωροι</strong></span> <span class='ocrx_word' id='word_1_381' title='bbox 2695 2586 3001 2653; x_wconf 81' lang='grc' dir='ltr'><strong>κατιοῦσαι,</strong></span> <span class='ocrx_word' id='word_1_382' title='bbox 3068 2586 3374 2656; x_wconf 82' lang='grc' dir='ltr'><strong>βιαιότερον</strong></span> <span class='ocrx_word' id='word_1_383' title='bbox 3430 2580 3834 2649; x_wconf 78' lang='grc' dir='ltr'><strong>προσπίπτωσι</strong></span> <span class='ocrx_word' id='word_1_384' title='bbox 3894 2577 4015 2635; x_wconf 76' lang='grc' dir='ltr'><strong>ταῖς</strong></span> 
     </span>
    </p>
   </div>
   <div class='ocr_carea' id='block_1_57' title="bbox 2448 2667 4009 2749">
    <p class='ocr_par' dir='ltr' id='par_1_57' title="bbox 2448 2667 4009 2749">
     <span class='ocr_line' id='line_1_57' title="bbox 2448 2667 4009 2749; baseline -0.01 -14"><span class='ocrx_word' id='word_1_385' title='bbox 2448 2684 2516 2737; x_wconf 84' lang='grc' dir='ltr'><strong>ἐκ</strong></span> <span class='ocrx_word' id='word_1_386' title='bbox 2549 2680 2662 2734; x_wconf 83' lang='grc' dir='ltr'><strong>τῶν</strong></span> <span class='ocrx_word' id='word_1_387' title='bbox 2710 2678 2974 2749; x_wconf 77' lang='grc' dir='ltr'><strong>καλάμων</strong></span> <span class='ocrx_word' id='word_1_388' title='bbox 3009 2676 3264 2748; x_wconf 86' lang='grc' dir='ltr'><strong>σχεδίαις.</strong></span> <span class='ocrx_word' id='word_1_389' title='bbox 3307 2674 3417 2728; x_wconf 79' lang='grc' dir='ltr'><strong>Καὶ</strong></span> <span class='ocrx_word' id='word_1_390' title='bbox 3458 2672 3597 2742; x_wconf 81' lang='grc' dir='ltr'><strong>δῆτα</strong></span> <span class='ocrx_word' id='word_1_391' title='bbox 3642 2670 3704 2725; x_wconf 79' lang='grc' dir='ltr'><strong>αι</strong></span> <span class='ocrx_word' id='word_1_392' title='bbox 3767 2667 3872 2737; x_wconf 86' lang='grc' dir='ltr'><strong>μέν</strong></span> <span class='ocrx_word' id='word_1_393' title='bbox 3942 2667 4009 2733; x_wconf 77' lang='grc' dir='ltr'><strong>τῇ</strong></span> 
     </span>
    </p>
   </div>
   <div class='ocr_carea' id='block_1_58' title="bbox 2450 2755 4019 2843">
    <p class='ocr_par' dir='ltr' id='par_1_58' title="bbox 2450 2755 4019 2843">
     <span class='ocr_line' id='line_1_58' title="bbox 2450 2755 4019 2843; baseline -0.011 -18"><span class='ocrx_word' id='word_1_394' title='bbox 2450 2769 2815 2843; x_wconf 82' lang='grc' dir='ltr'><strong>προσκρούσει</strong></span> <span class='ocrx_word' id='word_1_395' title='bbox 2863 2769 3286 2839; x_wconf 76' lang='grc' dir='ltr'><strong>περιστρέποντο</strong></span> <span class='ocrx_word' id='word_1_396' title='bbox 3324 2766 3381 2828; x_wconf 89' lang='grc' dir='ltr'><strong>ἐς</strong></span> <span class='ocrx_word' id='word_1_397' title='bbox 3421 2762 3724 2833; x_wconf 75' lang='grc' dir='ltr'><strong>τοῦμπαλιν</strong></span> <span class='ocrx_word' id='word_1_398' title='bbox 3758 2757 3870 2811; x_wconf 64' lang='lat' dir='ltr'><strong>inab</strong></span> <span class='ocrx_word' id='word_1_399' title='bbox 3923 2755 4019 2809; x_wconf 72' lang='grc' dir='ltr'><strong>τοῦ</strong></span> 
     </span>
    </p>
   </div>
   <div class='ocr_carea' id='block_1_59' title="bbox 2452 2848 4022 2927">
    <p class='ocr_par' dir='ltr' id='par_1_59' title="bbox 2452 2848 4022 2927">
     <span class='ocr_line' id='line_1_59' title="bbox 2452 2848 4022 2927; baseline -0.012 -9"><span class='ocrx_word' id='word_1_400' title='bbox 2452 2862 2640 2927; x_wconf 83' lang='grc' dir='ltr'><strong>σάλου,</strong></span> <span class='ocrx_word' id='word_1_401' title='bbox 2671 2862 2767 2915; x_wconf 75' lang='grc' dir='ltr'><strong>καὶ</strong></span> <span class='ocrx_word' id='word_1_402' title='bbox 2811 2857 3184 2914; x_wconf 69' lang='grc' dir='ltr'><strong>ἐκαλινδοῦντο</strong></span> <span class='ocrx_word' id='word_1_403' title='bbox 3216 2858 3260 2890; x_wconf 76' lang='grc'><strong>³⁸</strong></span> <span class='ocrx_word' id='word_1_404' title='bbox 3295 2857 3372 2920; x_wconf 82' lang='grc' dir='ltr'>ὡς</span> <span class='ocrx_word' id='word_1_405' title='bbox 3404 2854 3600 2926; x_wconf 79' lang='grc' dir='ltr'><strong>μηκέτι</strong></span> <span class='ocrx_word' id='word_1_406' title='bbox 3628 2850 3853 2920; x_wconf 77' lang='grc' dir='ltr'><strong>ἀσφαλῆ</strong></span> <span class='ocrx_word' id='word_1_407' title='bbox 3920 2848 4022 2915; x_wconf 74' lang='grc' dir='ltr'><strong>τὴν</strong></span> 
     </span>
    </p>
   </div>
   <div class='ocr_carea' id='block_1_60' title="bbox 2453 2940 4023 3025">
    <p class='ocr_par' dir='ltr' id='par_1_60' title="bbox 2453 2940 4023 3025">
     <span class='ocr_line' id='line_1_60' title="bbox 2453 2940 4023 3025; baseline -0.01 -16"><span class='ocrx_word' id='word_1_408' title='bbox 2453 2954 2612 3024; x_wconf 85' lang='grc' dir='ltr'><strong>βάσιν</strong></span> <span class='ocrx_word' id='word_1_409' title='bbox 2650 2951 2988 3025; x_wconf 76' lang='grc' dir='ltr'><strong>παρέχεσθαι</strong></span> <span class='ocrx_word' id='word_1_410' title='bbox 3019 2952 3134 3014; x_wconf 77' lang='grc' dir='ltr'><strong>τοῖς</strong></span> <span class='ocrx_word' id='word_1_411' title='bbox 3156 2948 3535 3019; x_wconf 77' lang='grc' dir='ltr'><strong>ἐφεστηκόσιν,</strong></span> <span class='ocrx_word' id='word_1_412' title='bbox 3564 2944 3701 3000; x_wconf 77' lang='grc' dir='ltr'><strong>ἀλλὰ</strong></span> <span class='ocrx_word' id='word_1_413' title='bbox 3727 2943 3859 3005; x_wconf 76' lang='grc' dir='ltr'><strong>τοὺς</strong></span> <span class='ocrx_word' id='word_1_414' title='bbox 3925 2940 4023 3009; x_wconf 70' lang='grc' dir='ltr'><strong>μὲν</strong></span> 
     </span>
    </p>
   </div>
   <div class='ocr_carea' id='block_1_61' title="bbox 2453 3032 4027 3116">
    <p class='ocr_par' dir='ltr' id='par_1_61' title="bbox 2453 3032 4027 3116">
     <span class='ocr_line' id='line_1_61' title="bbox 2453 3032 4027 3116; baseline -0.011 -14"><span class='ocrx_word' id='word_1_415' title='bbox 2453 3051 2513 3102; x_wconf 86' lang='grc' dir='ltr'><strong>ἐν</strong></span> <span class='ocrx_word' id='word_1_416' title='bbox 2554 3047 2670 3111; x_wconf 88' lang='grc' dir='ltr'>τοίς</span> <span class='ocrx_word' id='word_1_417' title='bbox 2722 3043 2964 3116; x_wconf 78' lang='grc' dir='ltr'><strong>κύμασιν</strong></span> <span class='ocrx_word' id='word_1_418' title='bbox 3029 3041 3432 3113; x_wconf 80' lang='grc' dir='ltr'><strong>ἀποϐληθέντας</strong></span> <span class='ocrx_word' id='word_1_419' title='bbox 3473 3036 3833 3096; x_wconf 82' lang='grc' dir='ltr'><strong>ἀπόλλυσθαι,</strong></span> <span class='ocrx_word' id='word_1_420' title='bbox 3896 3032 4027 3092; x_wconf 72' lang='grc' dir='ltr'><strong>τοὺς</strong></span> 
     </span>
    </p>
   </div>
   <div class='ocr_carea' id='block_1_62' title="bbox 793 3125 2343 3230">
    <p class='ocr_par' dir='ltr' id='par_1_62' title="bbox 793 3129 2343 3200">
     <span class='ocr_line' id='line_1_62' title="bbox 793 3129 2343 3200; baseline 0.004 -18"><span class='ocrx_word' id='word_1_421' title='bbox 793 3129 1012 3183; x_wconf 85' lang='lat' dir='ltr'><strong>navium</strong></span> <span class='ocrx_word' id='word_1_422' title='bbox 1061 3129 1475 3199; x_wconf 89' lang='lat' dir='ltr'><strong>lemborumque</strong></span> <span class='ocrx_word' id='word_1_423' title='bbox 1510 3131 1940 3200; x_wconf 87' lang='lat' dir='ltr'><strong>quassationem,</strong></span> <span class='ocrx_word' id='word_1_424' title='bbox 1993 3132 2343 3188; x_wconf 72' lang='lat' dir='ltr'><strong>arundinibus</strong></span> 
     </span>
    </p>
   </div>
   <div class='ocr_carea' id='block_1_63' title="bbox 2446 3125 4025 3230">
    <p class='ocr_par' dir='ltr' id='par_1_63' title="bbox 2454 3125 4025 3230">
     <span class='ocr_line' id='line_1_63' title="bbox 2454 3125 4025 3230; baseline -0.011 -37"><span class='ocrx_word' id='word_1_425' title='bbox 2454 3138 2513 3193; x_wconf 80' lang='grc' dir='ltr'><strong>δὲ</strong></span> <span class='ocrx_word' id='word_1_426' title='bbox 2573 3135 2878 3202; x_wconf 79' lang='grc' dir='ltr'><strong>συνιζάνειν</strong></span> <span class='ocrx_word' id='word_1_427' title='bbox 2906 3135 2966 3187; x_wconf 82' lang='grc' dir='ltr'><strong>ἐν</strong></span> <span class='ocrx_word' id='word_1_428' title='bbox 2987 3134 3179 3196; x_wconf 77' lang='grc' dir='ltr'><strong>αὑταῖς</strong></span> <span class='ocrx_word' id='word_1_429' title='bbox 3214 3131 3353 3202; x_wconf 73' lang='grc' dir='ltr'><strong>πρὸς</strong></span> <span class='ocrx_word' id='word_1_430' title='bbox 3390 3130 3641 3230; x_wconf 62' lang='grc' dir='ltr'><strong>ἁνάῖκης</strong></span> <span class='ocrx_word' id='word_1_431' title='bbox 3680 3128 3777 3179; x_wconf 66' lang='grc' dir='ltr'><strong>καὶ</strong></span> <span class='ocrx_word' id='word_1_432' title='bbox 3803 3125 4025 3230; x_wconf 47' lang='grc' dir='ltr'><strong>’διαπρ-</strong></span> 
     </span>
    </p>
   </div>
   <div class='ocr_carea' id='block_1_64' title="bbox 790 3220 2353 3293">
    <p class='ocr_par' dir='ltr' id='par_1_64' title="bbox 790 3220 2353 3293">
     <span class='ocr_line' id='line_1_64' title="bbox 790 3220 2353 3293; baseline 0.003 -21"><span class='ocrx_word' id='word_1_433' title='bbox 790 3228 973 3274; x_wconf 81' lang='lat' dir='ltr'><strong>autem</strong></span> <span class='ocrx_word' id='word_1_434' title='bbox 1000 3229 1217 3290; x_wconf 85' lang='lat' dir='ltr'><strong>propter</strong></span> <span class='ocrx_word' id='word_1_435' title='bbox 1246 3220 1516 3274; x_wconf 85' lang='lat' dir='ltr'><strong>levitatem</strong></span> <span class='ocrx_word' id='word_1_436' title='bbox 1560 3232 1908 3290; x_wconf 84' lang='lat' dir='ltr'><strong>summopere</strong></span> <span class='ocrx_word' id='word_1_437' title='bbox 1957 3224 2123 3276; x_wconf 77' lang='lat' dir='ltr'><strong>noxio</strong></span> <span class='ocrx_word' id='word_1_438' title='bbox 2166 3237 2183 3276; x_wconf 87' lang='lat'><strong>:</strong></span> <span class='ocrx_word' id='word_1_439' title='bbox 2217 3237 2353 3293; x_wconf 92' lang='lat' dir='ltr'><strong>quo-</strong></span> 
     </span>
    </p>
   </div>
   <div class='ocr_carea' id='block_1_65' title="bbox 795 3310 2357 3381">
    <p class='ocr_par' dir='ltr' id='par_1_65' title="bbox 795 3310 2357 3381">
     <span class='ocr_line' id='line_1_65' title="bbox 795 3310 2357 3381; baseline 0.001 -17"><span class='ocrx_word' id='word_1_440' title='bbox 795 3312 942 3365; x_wconf 83' lang='lat' dir='ltr'><strong>circa</strong></span> <span class='ocrx_word' id='word_1_441' title='bbox 983 3310 1293 3381; x_wconf 86' lang='lat' dir='ltr'><strong>frequenter</strong></span> <span class='ocrx_word' id='word_1_442' title='bbox 1321 3311 1807 3366; x_wconf 81' lang='lat' dir='ltr'><strong>intumescentibus</strong></span> <span class='ocrx_word' id='word_1_443' title='bbox 1834 3311 1889 3364; x_wconf 90' lang='lat' dir='ltr'><strong>in</strong></span> <span class='ocrx_word' id='word_1_444' title='bbox 1918 3327 2218 3366; x_wconf 76' lang='lat' dir='ltr'><strong>convexum</strong></span> <span class='ocrx_word' id='word_1_445' title='bbox 2256 3329 2357 3365; x_wconf 91' lang='lat' dir='ltr'><strong>uu-</strong></span> 
     </span>
    </p>
   </div>
   <div class='ocr_carea' id='block_1_66' title="bbox 794 3400 2355 3473">
    <p class='ocr_par' dir='ltr' id='par_1_66' title="bbox 794 3400 2355 3473">
     <span class='ocr_line' id='line_1_66' title="bbox 794 3400 2355 3473; baseline 0.001 -17"><span class='ocrx_word' id='word_1_446' title='bbox 794 3403 899 3467; x_wconf 76' lang='lat' dir='ltr'><strong>ciis,</strong></span> <span class='ocrx_word' id='word_1_447' title='bbox 932 3402 1192 3456; x_wconf 88' lang='lat' dir='ltr'><strong>sublimes</strong></span> <span class='ocrx_word' id='word_1_448' title='bbox 1236 3400 1582 3466; x_wconf 89' lang='lat' dir='ltr'><strong>tollebantur,</strong></span> <span class='ocrx_word' id='word_1_449' title='bbox 1618 3400 1931 3473; x_wconf 79' lang='lat' dir='ltr'><strong>iisdemque</strong></span> <span class='ocrx_word' id='word_1_450' title='bbox 1972 3401 2355 3461; x_wconf 84' lang='lat' dir='ltr'><strong>residentibus.</strong></span> 
     </span>
    </p>
   </div>
   <div class='ocr_carea' id='block_1_67' title="bbox 796 3490 2358 3562">
    <p class='ocr_par' dir='ltr' id='par_1_67' title="bbox 796 3490 2358 3562">
     <span class='ocr_line' id='line_1_67' title="bbox 796 3490 2358 3562; baseline -0.001 -14"><span class='ocrx_word' id='word_1_451' title='bbox 796 3508 906 3548; x_wconf 75' lang='lat' dir='ltr'><strong>una</strong></span> <span class='ocrx_word' id='word_1_452' title='bbox 933 3493 987 3546; x_wconf 91' lang='lat' dir='ltr'><strong>in</strong></span> <span class='ocrx_word' id='word_1_453' title='bbox 1015 3492 1185 3548; x_wconf 90' lang='lat' dir='ltr'><strong>imum</strong></span> <span class='ocrx_word' id='word_1_454' title='bbox 1217 3491 1626 3547; x_wconf 82' lang='lat' dir='ltr'><strong>deferebantur.</strong></span> <span class='ocrx_word' id='word_1_455' title='bbox 1677 3490 1790 3545; x_wconf 80' lang='lat' dir='ltr'><strong>Viri</strong></span> <span class='ocrx_word' id='word_1_456' title='bbox 1830 3492 2013 3562; x_wconf 85' lang='lat' dir='ltr'><strong>itaque</strong></span> <span class='ocrx_word' id='word_1_457' title='bbox 2067 3490 2358 3561; x_wconf 76' lang='lat' dir='ltr'><strong>confligere</strong></span> 
     </span>
    </p>
   </div>
   <div class='ocr_carea' id='block_1_68' title="bbox 798 3582 2361 3653">
    <p class='ocr_par' dir='ltr' id='par_1_68' title="bbox 798 3582 2361 3653">
     <span class='ocr_line' id='line_1_68' title="bbox 798 3582 2361 3653; baseline -0.001 -15"><span class='ocrx_word' id='word_1_458' title='bbox 798 3602 865 3639; x_wconf 85' lang='lat' dir='ltr'><strong>ne</strong></span> <span class='ocrx_word' id='word_1_459' title='bbox 891 3592 1167 3638; x_wconf 85' lang='lat' dir='ltr'><strong>tentarunt</strong></span> <span class='ocrx_word' id='word_1_460' title='bbox 1199 3582 1440 3653; x_wconf 89' lang='lat' dir='ltr'><strong>quidem,</strong></span> <span class='ocrx_word' id='word_1_461' title='bbox 1475 3582 1605 3636; x_wconf 75' lang='lat' dir='ltr'><strong>nﬂiil</strong></span> <span class='ocrx_word' id='word_1_462' title='bbox 1640 3598 1768 3636; x_wconf 88' lang='lat' dir='ltr'><strong>vero</strong></span> <span class='ocrx_word' id='word_1_463' title='bbox 1795 3583 1966 3653; x_wconf 84' lang='lat' dir='ltr'><strong>magis</strong></span> <span class='ocrx_word' id='word_1_464' title='bbox 1989 3582 2073 3636; x_wconf 89' lang='lat' dir='ltr'><strong>vel</strong></span> <span class='ocrx_word' id='word_1_465' title='bbox 2101 3583 2361 3653; x_wconf 87' lang='lat' dir='ltr'><strong>optabant</strong></span> 
     </span>
    </p>
   </div>
   <div class='ocr_carea' id='block_1_69' title="bbox 797 3675 2356 3744">
    <p class='ocr_par' dir='ltr' id='par_1_69' title="bbox 797 3675 2356 3744">
     <span class='ocr_line' id='line_1_69' title="bbox 797 3675 2356 3744; baseline -0.001 -13"><span class='ocrx_word' id='word_1_466' title='bbox 797 3677 884 3733; x_wconf 87' lang='lat' dir='ltr'><strong>vel</strong></span> <span class='ocrx_word' id='word_1_467' title='bbox 910 3676 1309 3739; x_wconf 87' lang='lat' dir='ltr'><strong>allaborabant,</strong></span> <span class='ocrx_word' id='word_1_468' title='bbox 1338 3690 1503 3744; x_wconf 86' lang='lat' dir='ltr'><strong>quam</strong></span> <span class='ocrx_word' id='word_1_469' title='bbox 1563 3682 1625 3736; x_wconf 79' lang='lat' dir='ltr'><strong>ut</strong></span> <span class='ocrx_word' id='word_1_470' title='bbox 1650 3675 1945 3730; x_wconf 84' lang='lat' dir='ltr'><strong>subsistere</strong></span> <span class='ocrx_word' id='word_1_471' title='bbox 1977 3681 2189 3729; x_wconf 89' lang='lat' dir='ltr'><strong>tantum</strong></span> <span class='ocrx_word' id='word_1_472' title='bbox 2225 3690 2356 3744; x_wconf 87' lang='lat' dir='ltr'><strong>pos-</strong></span> 
     </span>
    </p>
   </div>
   <div class='ocr_carea' id='block_1_70' title="bbox 799 3760 2363 3833">
    <p class='ocr_par' dir='ltr' id='par_1_70' title="bbox 799 3760 2363 3833">
     <span class='ocr_line' id='line_1_70' title="bbox 799 3760 2363 3833; baseline -0.003 -11"><span class='ocrx_word' id='word_1_473' title='bbox 799 3774 923 3824; x_wconf 86' lang='lat' dir='ltr'><strong>sent</strong></span> <span class='ocrx_word' id='word_1_474' title='bbox 953 3773 1007 3820; x_wconf 90' lang='lat' dir='ltr'><strong>et</strong></span> <span class='ocrx_word' id='word_1_475' title='bbox 1037 3760 1340 3818; x_wconf 88' lang='lat' dir='ltr'><strong>obfirmari.</strong></span> <span class='ocrx_word' id='word_1_476' title='bbox 1374 3764 1630 3819; x_wconf 89' lang='lat' dir='ltr'><strong>Barbaris</strong></span> <span class='ocrx_word' id='word_1_477' title='bbox 1661 3779 1788 3818; x_wconf 86' lang='lat' dir='ltr'><strong>vero</strong></span> <span class='ocrx_word' id='word_1_478' title='bbox 1843 3763 1897 3817; x_wconf 90' lang='lat' dir='ltr'><strong>in</strong></span> <span class='ocrx_word' id='word_1_479' title='bbox 1950 3763 2055 3818; x_wconf 90' lang='lat' dir='ltr'><strong>hac</strong></span> <span class='ocrx_word' id='word_1_480' title='bbox 2084 3765 2363 3833; x_wconf 84' lang='lat' dir='ltr'><strong>perturba-</strong></span> 
     </span>
    </p>
   </div>
   <div class='ocr_carea' id='block_1_71' title="bbox 793 3854 2362 3929">
    <p class='ocr_par' dir='ltr' id='par_1_71' title="bbox 793 3854 2362 3929">
     <span class='ocr_line' id='line_1_71' title="bbox 793 3854 2362 3929; baseline -0.004 -13"><span class='ocrx_word' id='word_1_481' title='bbox 793 3865 946 3916; x_wconf 71' lang='lat' dir='ltr'><strong>tione</strong></span> <span class='ocrx_word' id='word_1_482' title='bbox 965 3868 1019 3914; x_wconf 91' lang='lat' dir='ltr'><strong>et</strong></span> <span class='ocrx_word' id='word_1_483' title='bbox 1041 3858 1394 3929; x_wconf 73' lang='lat' dir='ltr'><strong>perplexitate</strong></span> <span class='ocrx_word' id='word_1_484' title='bbox 1410 3858 1739 3917; x_wconf 86' lang='lat' dir='ltr'><strong>constitutis.</strong></span> <span class='ocrx_word' id='word_1_485' title='bbox 1762 3854 1992 3921; x_wconf 72' lang='lat' dir='ltr'><strong>Romani</strong></span> <span class='ocrx_word' id='word_1_486' title='bbox 2011 3856 2362 3912; x_wconf 80' lang='lat' dir='ltr'><strong>excursiones</strong></span> 
     </span>
    </p>
   </div>
   <div class='ocr_carea' id='block_1_72' title="bbox 804 3947 2363 4019">
    <p class='ocr_par' dir='ltr' id='par_1_72' title="bbox 804 3947 2363 4019">
     <span class='ocr_line' id='line_1_72' title="bbox 804 3947 2363 4019; baseline -0.003 -14"><span class='ocrx_word' id='word_1_487' title='bbox 804 3951 1045 4007; x_wconf 83' lang='lat' dir='ltr'><strong>navales.</strong></span> <span class='ocrx_word' id='word_1_488' title='bbox 1071 3951 1194 4003; x_wconf 84' lang='lat' dir='ltr'><strong>data</strong></span> <span class='ocrx_word' id='word_1_489' title='bbox 1227 3949 1654 4019; x_wconf 89' lang='lat' dir='ltr'><strong>opportunitate,</strong></span> <span class='ocrx_word' id='word_1_490' title='bbox 1689 3947 1968 4011; x_wconf 80' lang='lat' dir='ltr'><strong>facientes,</strong></span> <span class='ocrx_word' id='word_1_491' title='bbox 2027 3947 2363 4018; x_wconf 87' lang='lat' dir='ltr'><strong>impulsioni-</strong></span> 
     </span>
    </p>
   </div>
   <div class='ocr_carea' id='block_1_73' title="bbox 803 4038 2361 4111">
    <p class='ocr_par' dir='ltr' id='par_1_73' title="bbox 803 4038 2361 4111">
     <span class='ocr_line' id='line_1_73' title="bbox 803 4038 2361 4111; baseline -0.003 -16"><span class='ocrx_word' id='word_1_492' title='bbox 803 4042 907 4095; x_wconf 85' lang='lat' dir='ltr'><strong>bus</strong></span> <span class='ocrx_word' id='word_1_493' title='bbox 939 4041 1161 4110; x_wconf 82' lang='lat' dir='ltr'><strong>perinde</strong></span> <span class='ocrx_word' id='word_1_494' title='bbox 1192 4049 1356 4111; x_wconf 89' lang='lat' dir='ltr'><strong>atque</strong></span> <span class='ocrx_word' id='word_1_495' title='bbox 1392 4040 1445 4093; x_wconf 91' lang='lat' dir='ltr'><strong>in</strong></span> <span class='ocrx_word' id='word_1_496' title='bbox 1466 4038 1700 4109; x_wconf 90' lang='lat' dir='ltr'><strong>pedestri</strong></span> <span class='ocrx_word' id='word_1_497' title='bbox 1724 4039 2019 4094; x_wconf 87' lang='lat' dir='ltr'><strong>certamine</strong></span> <span class='ocrx_word' id='word_1_498' title='bbox 2050 4040 2361 4104; x_wconf 88' lang='lat' dir='ltr'><strong>utebantur,</strong></span> 
     </span>
    </p>
   </div>
   <div class='ocr_carea' id='block_1_74' title="bbox 804 4128 2363 4199">
    <p class='ocr_par' dir='ltr' id='par_1_74' title="bbox 804 4128 2363 4199">
     <span class='ocr_line' id='line_1_74' title="bbox 804 4128 2363 4199; baseline -0.002 -17"><span class='ocrx_word' id='word_1_499' title='bbox 804 4145 979 4199; x_wconf 80' lang='lat' dir='ltr'><strong>caque</strong></span> <span class='ocrx_word' id='word_1_500' title='bbox 1037 4129 1247 4183; x_wconf 85' lang='lat' dir='ltr'><strong>ratione</strong></span> <span class='ocrx_word' id='word_1_501' title='bbox 1307 4128 1506 4183; x_wconf 85' lang='lat' dir='ltr'><strong>multos</strong></span> <span class='ocrx_word' id='word_1_502' title='bbox 1552 4145 1616 4183; x_wconf 79' lang='lat' dir='ltr'><strong>ex</strong></span> <span class='ocrx_word' id='word_1_503' title='bbox 1681 4128 1932 4183; x_wconf 86' lang='lat' dir='ltr'><strong>hostibus</strong></span> <span class='ocrx_word' id='word_1_504' title='bbox 1980 4128 2363 4191; x_wconf 71' lang='lat' dir='ltr'><strong>detur-babant,</strong></span> 
     </span>
    </p>
   </div>
   <div class='ocr_carea' id='block_1_75' title="bbox 804 4217 2369 4291">
    <p class='ocr_par' dir='ltr' id='par_1_75' title="bbox 804 4217 2369 4291">
     <span class='ocr_line' id='line_1_75' title="bbox 804 4217 2369 4291; baseline -0.001 -18"><span class='ocrx_word' id='word_1_505' title='bbox 804 4224 1006 4291; x_wconf 74' lang='lat' dir='ltr'><strong>quippe</strong></span> <span class='ocrx_word' id='word_1_506' title='bbox 1028 4222 1121 4291; x_wconf 90' lang='lat' dir='ltr'><strong>qui</strong></span> <span class='ocrx_word' id='word_1_507' title='bbox 1154 4221 1465 4276; x_wconf 82' lang='lat' dir='ltr'><strong>firtitissime</strong></span> <span class='ocrx_word' id='word_1_508' title='bbox 1489 4220 1541 4273; x_wconf 90' lang='lat' dir='ltr'><strong>in</strong></span> <span class='ocrx_word' id='word_1_509' title='bbox 1572 4219 1690 4274; x_wconf 84' lang='lat' dir='ltr'><strong>suis</strong></span> <span class='ocrx_word' id='word_1_510' title='bbox 1715 4219 1972 4274; x_wconf 85' lang='lat' dir='ltr'><strong>actuariis</strong></span> <span class='ocrx_word' id='word_1_511' title='bbox 1992 4217 2217 4273; x_wconf 86' lang='lat' dir='ltr'><strong>slabiliti</strong></span> <span class='ocrx_word' id='word_1_512' title='bbox 2239 4218 2369 4272; x_wconf 85' lang='lat' dir='ltr'><strong>sul)-</strong></span> 
     </span>
    </p>
   </div>
   <div class='ocr_carea' id='block_1_76' title="bbox 807 4308 2365 4374">
    <p class='ocr_par' dir='ltr' id='par_1_76' title="bbox 807 4308 2365 4374">
     <span class='ocr_line' id='line_1_76' title="bbox 807 4308 2365 4374; baseline -0.003 -6"><span class='ocrx_word' id='word_1_513' title='bbox 807 4315 1109 4374; x_wconf 84' lang='lat' dir='ltr'><strong>sistebant;</strong></span> <span class='ocrx_word' id='word_1_514' title='bbox 1168 4312 1462 4369; x_wconf 89' lang='lat' dir='ltr'><strong>nonnullos</strong></span> <span class='ocrx_word' id='word_1_515' title='bbox 1508 4321 1688 4366; x_wconf 89' lang='lat' dir='ltr'><strong>autem</strong></span> <span class='ocrx_word' id='word_1_516' title='bbox 1741 4311 1964 4365; x_wconf 88' lang='lat' dir='ltr'><strong>ensibus</strong></span> <span class='ocrx_word' id='word_1_517' title='bbox 2009 4309 2257 4365; x_wconf 90' lang='lat' dir='ltr'><strong>cominus</strong></span> <span class='ocrx_word' id='word_1_518' title='bbox 2287 4308 2365 4364; x_wconf 85' lang='lat' dir='ltr'><strong>fe-</strong></span> 
     </span>
    </p>
   </div>
   <div class='ocr_carea' id='block_1_77' title="bbox 811 4401 2369 4473">
    <p class='ocr_par' dir='ltr' id='par_1_77' title="bbox 811 4401 2369 4473">
     <span class='ocr_line' id='line_1_77' title="bbox 811 4401 2369 4473; baseline -0.003 -13"><span class='ocrx_word' id='word_1_519' title='bbox 811 4409 1014 4461; x_wconf 89' lang='lat' dir='ltr'><strong>rientes</strong></span> <span class='ocrx_word' id='word_1_520' title='bbox 1062 4406 1414 4459; x_wconf 88' lang='lat' dir='ltr'><strong>obtruncant.</strong></span> <span class='ocrx_word' id='word_1_521' title='bbox 1467 4404 1604 4458; x_wconf 86' lang='lat' dir='ltr'><strong>Cum</strong></span> <span class='ocrx_word' id='word_1_522' title='bbox 1662 4418 1794 4459; x_wconf 80' lang='lat' dir='ltr'><strong>vero</strong></span> <span class='ocrx_word' id='word_1_523' title='bbox 1850 4402 2066 4473; x_wconf 76' lang='lat' dir='ltr'><strong>longius</strong></span> <span class='ocrx_word' id='word_1_524' title='bbox 2114 4402 2182 4455; x_wconf 88' lang='lat' dir='ltr'><strong>ab</strong></span> <span class='ocrx_word' id='word_1_525' title='bbox 2236 4401 2369 4471; x_wconf 90' lang='lat' dir='ltr'><strong>ipsis</strong></span> 
     </span>
    </p>
   </div>
   <div class='ocr_carea' id='block_1_78' title="bbox 2458 3211 4025 3296">
    <p class='ocr_par' dir='ltr' id='par_1_78' title="bbox 2458 3211 4025 3296">
     <span class='ocr_line' id='line_1_78' title="bbox 2458 3211 4025 3296; baseline -0.011 -18"><span class='ocrx_word' id='word_1_526' title='bbox 2458 3226 2571 3296; x_wconf 85' lang='grc' dir='ltr'><strong>ρεῖν</strong></span> <span class='ocrx_word' id='word_1_527' title='bbox 2596 3224 2627 3277; x_wconf 77' lang='grc' dir='ltr'><strong>ὅ</strong></span> <span class='ocrx_word' id='word_1_528' title='bbox 2652 3240 2708 3277; x_wconf 90' lang='grc' dir='ltr'><strong>τι</strong></span> <span class='ocrx_word' id='word_1_529' title='bbox 2739 3222 2834 3276; x_wconf 76' lang='grc' dir='ltr'><strong>καὶ</strong></span> <span class='ocrx_word' id='word_1_530' title='bbox 2856 3219 3133 3291; x_wconf 84' lang='grc' dir='ltr'><strong>δράσαιεν.</strong></span> <span class='ocrx_word' id='word_1_531' title='bbox 3159 3218 3231 3273; x_wconf 79' lang='grc' dir='ltr'><strong>Οἵ</strong></span> <span class='ocrx_word' id='word_1_532' title='bbox 3262 3234 3326 3286; x_wconf 87' lang='grc' dir='ltr'><strong>γε</strong></span> <span class='ocrx_word' id='word_1_533' title='bbox 3365 3218 3472 3287; x_wconf 80' lang='grc' dir='ltr'><strong>μὴν</strong></span> <span class='ocrx_word' id='word_1_534' title='bbox 3510 3215 3589 3267; x_wconf 80' lang='grc' dir='ltr'><strong>ἐτι</strong></span> <span class='ocrx_word' id='word_1_535' title='bbox 3622 3212 3920 3283; x_wconf 77' lang='grc' dir='ltr'><strong>ἑστηκότες</strong></span> <span class='ocrx_word' id='word_1_536' title='bbox 3949 3211 4025 3263; x_wconf 85' lang='grc' dir='ltr'><strong>δι-</strong></span> 
     </span>
    </p>
   </div>
   <div class='ocr_carea' id='block_1_79' title="bbox 2458 3302 4029 3387">
    <p class='ocr_par' dir='ltr' id='par_1_79' title="bbox 2458 3302 4029 3387">
     <span class='ocr_line' id='line_1_79' title="bbox 2458 3302 4029 3387; baseline -0.012 -16"><span class='ocrx_word' id='word_1_537' title='bbox 2458 3317 2819 3387; x_wconf 86' lang='grc' dir='ltr'><strong>εταράττοντο</strong></span> <span class='ocrx_word' id='word_1_538' title='bbox 2850 3312 2957 3367; x_wconf 73' lang='grc' dir='ltr'><strong>ὑπὸ</strong></span> <span class='ocrx_word' id='word_1_539' title='bbox 2987 3311 3085 3366; x_wconf 78' lang='grc' dir='ltr'><strong>τοῦ</strong></span> <span class='ocrx_word' id='word_1_540' title='bbox 3116 3310 3431 3374; x_wconf 78' lang='grc' dir='ltr'><strong>κλυδωνίου,</strong></span> <span class='ocrx_word' id='word_1_541' title='bbox 3471 3306 3695 3377; x_wconf 80' lang='grc' dir='ltr'><strong>μετρίου</strong></span> <span class='ocrx_word' id='word_1_542' title='bbox 3736 3304 3841 3374; x_wconf 76' lang='grc' dir='ltr'><strong>μὲν</strong></span> <span class='ocrx_word' id='word_1_543' title='bbox 3874 3302 4029 3364; x_wconf 77' lang='grc' dir='ltr'><strong>ὄντος</strong></span> 
     </span>
    </p>
   </div>
   <div class='ocr_carea' id='block_1_80' title="bbox 2458 3397 4030 3480">
    <p class='ocr_par' dir='ltr' id='par_1_80' title="bbox 2458 3397 4030 3480">
     <span class='ocr_line' id='line_1_80' title="bbox 2458 3397 4030 3480; baseline -0.01 -15"><span class='ocrx_word' id='word_1_544' title='bbox 2458 3411 2556 3466; x_wconf 83' lang='grc' dir='ltr'><strong>καὶ</strong></span> <span class='ocrx_word' id='word_1_545' title='bbox 2601 3397 2889 3480; x_wconf 73' lang='grc' dir='ltr'><strong>ἐλαχίστου</strong></span> <span class='ocrx_word' id='word_1_546' title='bbox 2914 3409 2992 3471; x_wconf 86' lang='grc' dir='ltr'>ὡς</span> <span class='ocrx_word' id='word_1_547' title='bbox 3013 3409 3073 3470; x_wconf 88' lang='grc' dir='ltr'><strong>ἐς</strong></span> <span class='ocrx_word' id='word_1_548' title='bbox 3100 3405 3247 3474; x_wconf 83' lang='grc' dir='ltr'><strong>νηῶν</strong></span> <span class='ocrx_word' id='word_1_549' title='bbox 3294 3404 3341 3436; x_wconf 75' lang='grc'><strong>³⁸</strong></span> <span class='ocrx_word' id='word_1_550' title='bbox 3366 3404 3579 3472; x_wconf 88' lang='grc' dir='ltr'><strong>κίνησιν</strong></span> <span class='ocrx_word' id='word_1_551' title='bbox 3617 3402 3716 3454; x_wconf 73' lang='grc' dir='ltr'><strong>καὶ</strong></span> <span class='ocrx_word' id='word_1_552' title='bbox 3780 3399 4030 3457; x_wconf 81' lang='grc' dir='ltr'><strong>ἀκάτων,</strong></span> 
     </span>
    </p>
   </div>
   <div class='ocr_carea' id='block_1_81' title="bbox 2458 3490 4030 3571">
    <p class='ocr_par' dir='ltr' id='par_1_81' title="bbox 2458 3490 4030 3571">
     <span class='ocr_line' id='line_1_81' title="bbox 2458 3490 4030 3571; baseline -0.01 -14"><span class='ocrx_word' id='word_1_553' title='bbox 2458 3506 2571 3568; x_wconf 82' lang='grc' dir='ltr'><strong>τοῖς</strong></span> <span class='ocrx_word' id='word_1_554' title='bbox 2613 3502 2671 3556; x_wconf 75' lang='grc' dir='ltr'><strong>δὲ</strong></span> <span class='ocrx_word' id='word_1_555' title='bbox 2702 3502 2968 3571; x_wconf 83' lang='grc' dir='ltr'><strong>καλάμοις</strong></span> <span class='ocrx_word' id='word_1_556' title='bbox 2997 3499 3085 3553; x_wconf 71' lang='grc' dir='ltr'><strong>διὰ</strong></span> <span class='ocrx_word' id='word_1_557' title='bbox 3112 3497 3210 3569; x_wconf 80' lang='grc' dir='ltr'><strong>τὴν</strong></span> <span class='ocrx_word' id='word_1_558' title='bbox 3239 3497 3547 3565; x_wconf 75' lang='grc' dir='ltr'><strong>κουφότητα</strong></span> <span class='ocrx_word' id='word_1_559' title='bbox 3605 3494 3700 3547; x_wconf 77' lang='grc' dir='ltr'><strong>καὶ</strong></span> <span class='ocrx_word' id='word_1_560' title='bbox 3934 3508 4030 3560; x_wconf 82' lang='grc' dir='ltr'><strong>χα-</strong></span> 
     </span>
    </p>
   </div>
   <div class='ocr_carea' id='block_1_82' title="bbox 2460 3580 4033 3656">
    <p class='ocr_par' dir='ltr' id='par_1_82' title="bbox 2460 3580 4033 3656">
     <span class='ocr_line' id='line_1_82' title="bbox 2460 3580 4033 3656; baseline -0.008 -15"><span class='ocrx_word' id='word_1_561' title='bbox 2460 3588 2796 3643; x_wconf 81' lang='grc' dir='ltr'><strong>λεπωτάτου.</strong></span> <span class='ocrx_word' id='word_1_562' title='bbox 2834 3586 3123 3656; x_wconf 75' lang='grc' dir='ltr'><strong>Τοιγάρτοι</strong></span> <span class='ocrx_word' id='word_1_563' title='bbox 3173 3583 3440 3656; x_wconf 85' lang='grc' dir='ltr'><strong>μετέωροί</strong></span> <span class='ocrx_word' id='word_1_564' title='bbox 3464 3598 3525 3635; x_wconf 86' lang='grc' dir='ltr'><strong>τε</strong></span> <span class='ocrx_word' id='word_1_565' title='bbox 3580 3580 3736 3651; x_wconf 77' lang='grc' dir='ltr'><strong>θαμὰ</strong></span> <span class='ocrx_word' id='word_1_566' title='bbox 3780 3580 4033 3646; x_wconf 84' lang='grc' dir='ltr'><strong>ἐγίνοντο</strong></span> 
     </span>
    </p>
   </div>
   <div class='ocr_carea' id='block_1_83' title="bbox 2463 3670 4035 3750">
    <p class='ocr_par' dir='ltr' id='par_1_83' title="bbox 2463 3670 4035 3750">
     <span class='ocr_line' id='line_1_83' title="bbox 2463 3670 4035 3750; baseline -0.009 -16"><span class='ocrx_word' id='word_1_567' title='bbox 2463 3680 2570 3734; x_wconf 78' lang='grc' dir='ltr'><strong>ὑπὸ</strong></span> <span class='ocrx_word' id='word_1_568' title='bbox 2595 3678 2779 3748; x_wconf 83' lang='grc' dir='ltr'><strong>κυρτῷ</strong></span> <span class='ocrx_word' id='word_1_569' title='bbox 2815 3679 3094 3750; x_wconf 82' lang='grc' dir='ltr'><strong>αίρόμενοι</strong></span> <span class='ocrx_word' id='word_1_570' title='bbox 3120 3675 3199 3747; x_wconf 81' lang='grc' dir='ltr'><strong>τῷ</strong></span> <span class='ocrx_word' id='word_1_571' title='bbox 3230 3675 3413 3747; x_wconf 75' lang='grc' dir='ltr'><strong>ῥοθίῳ,</strong></span> <span class='ocrx_word' id='word_1_572' title='bbox 3444 3674 3539 3728; x_wconf 81' lang='grc' dir='ltr'><strong>καὶ</strong></span> <span class='ocrx_word' id='word_1_573' title='bbox 3571 3670 4035 3740; x_wconf 83' lang='grc' dir='ltr'><strong>συγκαθείλκοντο</strong></span> 
     </span>
    </p>
   </div>
   <div class='ocr_carea' id='block_1_84' title="bbox 2461 3759 4034 3836">
    <p class='ocr_par' dir='ltr' id='par_1_84' title="bbox 2461 3759 4034 3836">
     <span class='ocr_line' id='line_1_84' title="bbox 2461 3759 4034 3836; baseline -0.007 -15"><span class='ocrx_word' id='word_1_574' title='bbox 2461 3765 2619 3830; x_wconf 79' lang='grc' dir='ltr'><strong>αὖθις</strong></span> <span class='ocrx_word' id='word_1_575' title='bbox 2647 3767 3053 3836; x_wconf 80' lang='grc' dir='ltr'><strong>κοιλαινομένῳ.</strong></span> <span class='ocrx_word' id='word_1_576' title='bbox 3108 3765 3219 3820; x_wconf 74' lang='grc' dir='ltr'><strong>Καὶ</strong></span> <span class='ocrx_word' id='word_1_577' title='bbox 3267 3763 3445 3817; x_wconf 84' lang='grc' dir='ltr'><strong>τοίνυν</strong></span> <span class='ocrx_word' id='word_1_578' title='bbox 3472 3764 3523 3816; x_wconf 91' lang='grc' dir='ltr'><strong>οἱ</strong></span> <span class='ocrx_word' id='word_1_579' title='bbox 3583 3762 3778 3830; x_wconf 83' lang='grc' dir='ltr'><strong>ἄνδρες</strong></span> <span class='ocrx_word' id='word_1_580' title='bbox 3834 3759 4034 3827; x_wconf 79' lang='grc' dir='ltr'><strong>διαμάο</strong></span> 
     </span>
    </p>
   </div>
   <div class='ocr_carea' id='block_1_85' title="bbox 2463 3850 4033 3930">
    <p class='ocr_par' dir='ltr' id='par_1_85' title="bbox 2463 3850 4033 3930">
     <span class='ocr_line' id='line_1_85' title="bbox 2463 3850 4033 3930; baseline -0.006 -19"><span class='ocrx_word' id='word_1_581' title='bbox 2463 3858 2662 3930; x_wconf 88' lang='grc' dir='ltr'><strong>χεσθαι</strong></span> <span class='ocrx_word' id='word_1_582' title='bbox 2709 3858 2807 3926; x_wconf 81' lang='grc' dir='ltr'><strong>μὲν</strong></span> <span class='ocrx_word' id='word_1_583' title='bbox 2834 3858 2956 3911; x_wconf 64' lang='grc' dir='ltr'><strong>οὐδὲ</strong></span> <span class='ocrx_word' id='word_1_584' title='bbox 3002 3856 3320 3928; x_wconf 80' lang='grc' dir='ltr'><strong>ἐπειρῶντο,</strong></span> <span class='ocrx_word' id='word_1_585' title='bbox 3363 3850 3433 3925; x_wconf 76' lang='grc' dir='ltr'><strong>ἦν</strong></span> <span class='ocrx_word' id='word_1_586' title='bbox 3464 3854 3520 3907; x_wconf 85' lang='grc' dir='ltr'><strong>δὲ</strong></span> <span class='ocrx_word' id='word_1_587' title='bbox 3552 3854 3739 3916; x_wconf 75' lang='grc' dir='ltr'><strong>αὐτοῖς</strong></span> <span class='ocrx_word' id='word_1_588' title='bbox 3777 3851 3939 3905; x_wconf 79' lang='grc' dir='ltr'><strong>οὐδέν</strong></span> <span class='ocrx_word' id='word_1_589' title='bbox 3982 3868 4033 3903; x_wconf 85' lang='grc' dir='ltr'><strong>τι</strong></span> 
     </span>
    </p>
   </div>
   <div class='ocr_carea' id='block_1_86' title="bbox 2464 3942 4033 4020">
    <p class='ocr_par' dir='ltr' id='par_1_86' title="bbox 2464 3942 4033 4020">
     <span class='ocr_line' id='line_1_86' title="bbox 2464 3942 4033 4020; baseline -0.007 -16"><span class='ocrx_word' id='word_1_590' title='bbox 2464 3950 2650 4020; x_wconf 73' lang='grc' dir='ltr'><strong>ἕτερον</strong></span> <span class='ocrx_word' id='word_1_591' title='bbox 2727 3949 2918 4002; x_wconf 70' lang='grc' dir='ltr'><strong>εὐκτόν</strong></span> <span class='ocrx_word' id='word_1_592' title='bbox 2984 3965 3045 4002; x_wconf 87' lang='grc' dir='ltr'><strong>τε</strong></span> <span class='ocrx_word' id='word_1_593' title='bbox 3103 3948 3198 4001; x_wconf 77' lang='grc' dir='ltr'><strong>καὶ</strong></span> <span class='ocrx_word' id='word_1_594' title='bbox 3254 3945 3706 4014; x_wconf 81' lang='grc' dir='ltr'><strong>ἐσπουδασμένον,</strong></span> <span class='ocrx_word' id='word_1_595' title='bbox 3788 3942 3825 4012; x_wconf 75' lang='grc' dir='ltr'><strong>ἢ</strong></span> <span class='ocrx_word' id='word_1_596' title='bbox 3889 3943 4033 4001; x_wconf 73' lang='grc' dir='ltr'><strong>ὅπως</strong></span> 
     </span>
    </p>
   </div>
   <div class='ocr_carea' id='block_1_87' title="bbox 2464 4032 4039 4109">
    <p class='ocr_par' dir='ltr' id='par_1_87' title="bbox 2464 4032 4039 4109">
     <span class='ocr_line' id='line_1_87' title="bbox 2464 4032 4039 4109; baseline -0.007 -15"><span class='ocrx_word' id='word_1_597' title='bbox 2464 4040 2531 4096; x_wconf 82' lang='grc' dir='ltr'><strong>ἂν</strong></span> <span class='ocrx_word' id='word_1_598' title='bbox 2576 4041 2797 4093; x_wconf 80' lang='grc' dir='ltr'><strong>ἑστάναι</strong></span> <span class='ocrx_word' id='word_1_599' title='bbox 2821 4036 2954 4106; x_wconf 80' lang='grc' dir='ltr'><strong>γοῦν</strong></span> <span class='ocrx_word' id='word_1_600' title='bbox 2981 4037 3141 4109; x_wconf 78' lang='grc' dir='ltr'><strong>μόνον</strong></span> <span class='ocrx_word' id='word_1_601' title='bbox 3172 4036 3420 4089; x_wconf 83' lang='grc' dir='ltr'><strong>δύναιντο</strong></span> <span class='ocrx_word' id='word_1_602' title='bbox 3469 4033 3563 4087; x_wconf 78' lang='grc' dir='ltr'><strong>καὶ</strong></span> <span class='ocrx_word' id='word_1_603' title='bbox 3592 4032 3913 4103; x_wconf 80' lang='grc' dir='ltr'><strong>βεϐηκέναι.</strong></span> <span class='ocrx_word' id='word_1_604' title='bbox 3935 4032 4039 4083; x_wconf 69' lang='grc' dir='ltr'><strong>υῦο</strong></span> 
     </span>
    </p>
   </div>
   <div class='ocr_carea' id='block_1_88' title="bbox 2465 4123 4038 4201">
    <p class='ocr_par' dir='ltr' id='par_1_88' title="bbox 2465 4123 4038 4201">
     <span class='ocr_line' id='line_1_88' title="bbox 2465 4123 4038 4201; baseline -0.008 -15"><span class='ocrx_word' id='word_1_605' title='bbox 2465 4149 2544 4186; x_wconf 89' lang='grc' dir='ltr'><strong>τω</strong></span> <span class='ocrx_word' id='word_1_606' title='bbox 2585 4131 2643 4185; x_wconf 83' lang='grc' dir='ltr'><strong>δὲ</strong></span> <span class='ocrx_word' id='word_1_607' title='bbox 2672 4130 2780 4184; x_wconf 83' lang='grc' dir='ltr'><strong>τῶν</strong></span> <span class='ocrx_word' id='word_1_608' title='bbox 2828 4129 3129 4201; x_wconf 84' lang='grc' dir='ltr'><strong>Βαρϐάρων</strong></span> <span class='ocrx_word' id='word_1_609' title='bbox 3190 4128 3251 4180; x_wconf 88' lang='grc' dir='ltr'><strong>ἐν</strong></span> <span class='ocrx_word' id='word_1_610' title='bbox 3295 4125 3515 4196; x_wconf 84' lang='grc' dir='ltr'><strong>θυρύϐῳ</strong></span> <span class='ocrx_word' id='word_1_611' title='bbox 3566 4141 3627 4177; x_wconf 87' lang='grc' dir='ltr'><strong>τε</strong></span> <span class='ocrx_word' id='word_1_612' title='bbox 3675 4124 3773 4177; x_wconf 82' lang='grc' dir='ltr'><strong>καὶ</strong></span> <span class='ocrx_word' id='word_1_613' title='bbox 3825 4123 4038 4192; x_wconf 59' lang='lat' dir='ltr'><strong>agni;</strong></span> 
     </span>
    </p>
   </div>
   <div class='ocr_carea' id='block_1_89' title="bbox 2468 4215 4038 4295">
    <p class='ocr_par' dir='ltr' id='par_1_89' title="bbox 2468 4215 4038 4295">
     <span class='ocr_line' id='line_1_89' title="bbox 2468 4215 4038 4295; baseline -0.009 -16"><span class='ocrx_word' id='word_1_614' title='bbox 2468 4224 2909 4295; x_wconf 82' lang='grc' dir='ltr'><strong>καθεστηκότων,</strong></span> <span class='ocrx_word' id='word_1_615' title='bbox 2950 4224 3001 4276; x_wconf 89' lang='grc' dir='ltr'><strong>οί</strong></span> <span class='ocrx_word' id='word_1_616' title='bbox 3038 4222 3298 4292; x_wconf 80' lang='grc' dir='ltr'><strong>Ῥωμαῖοι</strong></span> <span class='ocrx_word' id='word_1_617' title='bbox 3324 4218 3631 4281; x_wconf 79' lang='grc' dir='ltr'><strong>διέκπλους,</strong></span> <span class='ocrx_word' id='word_1_618' title='bbox 3665 4217 3793 4268; x_wconf 79' lang='grc' dir='ltr'><strong>ὅποι</strong></span> <span class='ocrx_word' id='word_1_619' title='bbox 3828 4215 3879 4246; x_wconf 87' lang='grc'><em>³³</em></span> <span class='ocrx_word' id='word_1_620' title='bbox 3904 4232 4038 4282; x_wconf 80' lang='grc' dir='ltr'><strong>παρ-</strong></span> 
     </span>
    </p>
   </div>
   <div class='ocr_carea' id='block_1_90' title="bbox 2469 4306 4039 4387">
    <p class='ocr_par' dir='ltr' id='par_1_90' title="bbox 2469 4306 4039 4387">
     <span class='ocr_line' id='line_1_90' title="bbox 2469 4306 4039 4387; baseline -0.009 -16"><span class='ocrx_word' id='word_1_621' title='bbox 2469 4318 2632 4381; x_wconf 88' lang='grc' dir='ltr'><strong>είκοι,</strong></span> <span class='ocrx_word' id='word_1_622' title='bbox 2677 4313 3009 4384; x_wconf 86' lang='grc' dir='ltr'><strong>ποιούμενοι.</strong></span> <span class='ocrx_word' id='word_1_623' title='bbox 3040 4312 3300 4382; x_wconf 53' lang='grc' dir='ltr'><strong>ὠθισμοῇ</strong></span> <span class='ocrx_word' id='word_1_624' title='bbox 3334 4310 3381 4342; x_wconf 69' lang='grc'><strong>⁸³</strong></span> <span class='ocrx_word' id='word_1_625' title='bbox 3423 4328 3483 4364; x_wconf 90' lang='grc' dir='ltr'><strong>τε</strong></span> <span class='ocrx_word' id='word_1_626' title='bbox 3499 4308 3762 4387; x_wconf 54' lang='grc' dir='ltr'><strong>,ἐχρῶντο</strong></span> <span class='ocrx_word' id='word_1_627' title='bbox 3788 4306 4039 4374; x_wconf 81' lang='grc' dir='ltr'><strong>καθάπερ</strong></span> 
     </span>
    </p>
   </div>
   <div class='ocr_carea' id='block_1_91' title="bbox 2472 4396 4044 4476">
    <p class='ocr_par' dir='ltr' id='par_1_91' title="bbox 2472 4396 4044 4476">
     <span class='ocr_line' id='line_1_91' title="bbox 2472 4396 4044 4476; baseline -0.01 -14"><span class='ocrx_word' id='word_1_628' title='bbox 2472 4410 2531 4462; x_wconf 83' lang='grc' dir='ltr'><strong>ἐν</strong></span> <span class='ocrx_word' id='word_1_629' title='bbox 2553 4405 2884 4476; x_wconf 62' lang='grc' dir='ltr'><strong>πεζομαχίᾳ,</strong></span> <span class='ocrx_word' id='word_1_630' title='bbox 2918 4404 3012 4458; x_wconf 82' lang='grc' dir='ltr'><strong>καὶ</strong></span> <span class='ocrx_word' id='word_1_631' title='bbox 3034 4402 3208 4473; x_wconf 79' lang='grc' dir='ltr'><strong>ταύτῃ</strong></span> <span class='ocrx_word' id='word_1_632' title='bbox 3231 4400 3457 4464; x_wconf 77' lang='grc' dir='ltr'><strong>πολλοὺς</strong></span> <span class='ocrx_word' id='word_1_633' title='bbox 3482 4398 3594 4451; x_wconf 83' lang='grc' dir='ltr'><strong>τῶν</strong></span> <span class='ocrx_word' id='word_1_634' title='bbox 3619 4396 3886 4451; x_wconf 77' lang='grc' dir='ltr'><strong>ἐναντίων</strong></span> <span class='ocrx_word' id='word_1_635' title='bbox 3919 4413 4044 4455; x_wconf 65' lang='grc' dir='ltr'><strong>κατ-</strong></span> 
     </span>
    </p>
   </div>
   <div class='ocr_carea' id='block_1_92' title="bbox 808 4490 2343 4567">
    <p class='ocr_par' dir='ltr' id='par_1_92' title="bbox 808 4494 2343 4566">
     <span class='ocr_line' id='line_1_92' title="bbox 808 4494 2343 4566; baseline -0.005 -11"><span class='ocrx_word' id='word_1_636' title='bbox 808 4499 1002 4555; x_wconf 89' lang='lat' dir='ltr'><strong>remoti</strong></span> <span class='ocrx_word' id='word_1_637' title='bbox 1030 4507 1234 4562; x_wconf 88' lang='lat' dir='ltr'><strong>essent,</strong></span> <span class='ocrx_word' id='word_1_638' title='bbox 1284 4511 1459 4566; x_wconf 88' lang='lat' dir='ltr'><strong>neque</strong></span> <span class='ocrx_word' id='word_1_639' title='bbox 1523 4496 1802 4566; x_wconf 85' lang='lat' dir='ltr'><strong>propiores</strong></span> <span class='ocrx_word' id='word_1_640' title='bbox 1847 4496 2057 4559; x_wconf 83' lang='lat' dir='ltr'><strong>lierent,</strong></span> <span class='ocrx_word' id='word_1_641' title='bbox 2108 4504 2218 4548; x_wconf 89' lang='lat' dir='ltr'><strong>tum</strong></span> <span class='ocrx_word' id='word_1_642' title='bbox 2274 4494 2343 4547; x_wconf 91' lang='lat' dir='ltr'><strong>ob</strong></span> 
     </span>
    </p>
   </div>
   <div class='ocr_carea' id='block_1_93' title="bbox 2446 4490 4041 4567">
    <p class='ocr_par' dir='ltr' id='par_1_93' title="bbox 2473 4490 4041 4567">
     <span class='ocr_line' id='line_1_93' title="bbox 2473 4490 4041 4567; baseline -0.01 -14"><span class='ocrx_word' id='word_1_643' title='bbox 2473 4498 2722 4562; x_wconf 82' lang='grc' dir='ltr'><strong>ἐϐαλλον,</strong></span> <span class='ocrx_word' id='word_1_644' title='bbox 2773 4497 2869 4552; x_wconf 61' lang='lat' dir='ltr'><strong>ac:</strong></span> <span class='ocrx_word' id='word_1_645' title='bbox 2910 4496 2977 4567; x_wconf 77' lang='grc' dir='ltr'><strong>δὴ</strong></span> <span class='ocrx_word' id='word_1_646' title='bbox 3019 4495 3173 4550; x_wconf 82' lang='grc' dir='ltr'><strong>αὐτοὶ</strong></span> <span class='ocrx_word' id='word_1_647' title='bbox 3201 4494 3523 4565; x_wconf 84' lang='grc' dir='ltr'><strong>βεϐαιότατα</strong></span> <span class='ocrx_word' id='word_1_648' title='bbox 3547 4492 3606 4546; x_wconf 82' lang='grc' dir='ltr'><strong>ἐν</strong></span> <span class='ocrx_word' id='word_1_649' title='bbox 3645 4493 3771 4553; x_wconf 79' lang='grc' dir='ltr'><strong>ταῖς</strong></span> <span class='ocrx_word' id='word_1_650' title='bbox 3818 4490 4041 4543; x_wconf 72' lang='grc' dir='ltr'><strong>ὁλκάσιν</strong></span> 
     </span>
    </p>
   </div>
   <div class='ocr_carea' id='block_1_94' title="bbox 813 4587 2371 4661">
    <p class='ocr_par' dir='ltr' id='par_1_94' title="bbox 813 4587 2371 4661">
     <span class='ocr_line' id='line_1_94' title="bbox 813 4587 2371 4661; baseline -0.003 -15"><span class='ocrx_word' id='word_1_651' title='bbox 813 4592 989 4661; x_wconf 78' lang='lat' dir='ltr'><strong>longis</strong></span> <span class='ocrx_word' id='word_1_652' title='bbox 1019 4590 1190 4648; x_wconf 87' lang='lat' dir='ltr'><strong>hastis</strong></span> <span class='ocrx_word' id='word_1_653' title='bbox 1227 4605 1323 4645; x_wconf 89' lang='lat' dir='ltr'><strong>eos</strong></span> <span class='ocrx_word' id='word_1_654' title='bbox 1349 4589 1768 4651; x_wconf 83' lang='lat' dir='ltr'><strong>adoriebantur,</strong></span> <span class='ocrx_word' id='word_1_655' title='bbox 1803 4587 2134 4659; x_wconf 84' lang='lat' dir='ltr'><strong>falcatasque</strong></span> <span class='ocrx_word' id='word_1_656' title='bbox 2173 4587 2371 4656; x_wconf 86' lang='lat' dir='ltr'><strong>harpa-</strong></span> 
     </span>
    </p>
   </div>
   <div class='ocr_carea' id='block_1_95' title="bbox 811 4677 2371 4752">
    <p class='ocr_par' dir='ltr' id='par_1_95' title="bbox 811 4677 2371 4752">
     <span class='ocr_line' id='line_1_95' title="bbox 811 4677 2371 4752; baseline -0.003 -18"><span class='ocrx_word' id='word_1_657' title='bbox 811 4683 968 4752; x_wconf 76' lang='lat' dir='ltr'><strong>gines</strong></span> <span class='ocrx_word' id='word_1_658' title='bbox 1002 4680 1236 4735; x_wconf 87' lang='lat' dir='ltr'><strong>restibus</strong></span> <span class='ocrx_word' id='word_1_659' title='bbox 1267 4679 1397 4743; x_wconf 89' lang='lat' dir='ltr'><strong>illis,</strong></span> <span class='ocrx_word' id='word_1_660' title='bbox 1439 4680 1637 4748; x_wconf 88' lang='lat' dir='ltr'><strong>quibus</strong></span> <span class='ocrx_word' id='word_1_661' title='bbox 1680 4679 1974 4733; x_wconf 87' lang='lat' dir='ltr'><strong>arundines</strong></span> <span class='ocrx_word' id='word_1_662' title='bbox 2025 4687 2180 4732; x_wconf 86' lang='lat' dir='ltr'><strong>erant</strong></span> <span class='ocrx_word' id='word_1_663' title='bbox 2217 4677 2371 4731; x_wconf 83' lang='lat' dir='ltr'><strong>colli-</strong></span> 
     </span>
    </p>
   </div>
   <div class='ocr_carea' id='block_1_96' title="bbox 813 4770 2370 4843">
    <p class='ocr_par' dir='ltr' id='par_1_96' title="bbox 813 4770 2370 4843">
     <span class='ocr_line' id='line_1_96' title="bbox 813 4770 2370 4843; baseline -0.001 -17"><span class='ocrx_word' id='word_1_664' title='bbox 813 4782 972 4843; x_wconf 64' lang='lat' dir='ltr'><strong>gatus,</strong></span> <span class='ocrx_word' id='word_1_665' title='bbox 1002 4772 1376 4837; x_wconf 89' lang='lat' dir='ltr'><strong>innuitteutes,</strong></span> <span class='ocrx_word' id='word_1_666' title='bbox 1413 4772 1792 4826; x_wconf 86' lang='lat' dir='ltr'><strong>dissecuerunt</strong></span> <span class='ocrx_word' id='word_1_667' title='bbox 1831 4786 1896 4823; x_wconf 80' lang='lat' dir='ltr'><strong>ex</strong></span> <span class='ocrx_word' id='word_1_668' title='bbox 1935 4771 2125 4825; x_wconf 90' lang='lat' dir='ltr'><strong>ordine</strong></span> <span class='ocrx_word' id='word_1_669' title='bbox 2152 4770 2370 4824; x_wconf 85' lang='lat' dir='ltr'><strong>univer-</strong></span> 
     </span>
    </p>
   </div>
   <div class='ocr_carea' id='block_1_97' title="bbox 816 4859 2367 4930">
    <p class='ocr_par' dir='ltr' id='par_1_97' title="bbox 816 4859 2367 4930">
     <span class='ocr_line' id='line_1_97' title="bbox 816 4859 2367 4930; baseline -0.003 -13"><span class='ocrx_word' id='word_1_670' title='bbox 816 4876 905 4917; x_wconf 86' lang='lat' dir='ltr'><strong>sas</strong></span> <span class='ocrx_word' id='word_1_671' title='bbox 933 4870 989 4916; x_wconf 90' lang='lat' dir='ltr'><strong>et</strong></span> <span class='ocrx_word' id='word_1_672' title='bbox 1016 4876 1327 4930; x_wconf 76' lang='lat' dir='ltr'><strong>compagem</strong></span> <span class='ocrx_word' id='word_1_673' title='bbox 1376 4859 1762 4914; x_wconf 83' lang='lat' dir='ltr'><strong>dissolverunt.</strong></span> <span class='ocrx_word' id='word_1_674' title='bbox 1815 4859 1953 4913; x_wconf 78' lang='lat' dir='ltr'><strong>Tum</strong></span> <span class='ocrx_word' id='word_1_675' title='bbox 2010 4860 2224 4913; x_wconf 83' lang='lat' dir='ltr'><strong>demum</strong></span> <span class='ocrx_word' id='word_1_676' title='bbox 2256 4859 2367 4912; x_wconf 83' lang='lat' dir='ltr'><strong>dis-</strong></span> 
     </span>
    </p>
   </div>
   <div class='ocr_carea' id='block_1_98' title="bbox 819 4950 2373 5021">
    <p class='ocr_par' dir='ltr' id='par_1_98' title="bbox 819 4950 2373 5021">
     <span class='ocr_line' id='line_1_98' title="bbox 819 4950 2373 5021; baseline -0.002 -13"><span class='ocrx_word' id='word_1_677' title='bbox 819 4954 983 5008; x_wconf 82' lang='lat' dir='ltr'><strong>sectis</strong></span> <span class='ocrx_word' id='word_1_678' title='bbox 1052 4953 1124 5008; x_wconf 88' lang='lat' dir='ltr'><strong>ab</strong></span> <span class='ocrx_word' id='word_1_679' title='bbox 1181 4954 1409 5007; x_wconf 87' lang='lat' dir='ltr'><strong>invicem</strong></span> <span class='ocrx_word' id='word_1_680' title='bbox 1479 4950 1703 5006; x_wconf 86' lang='lat' dir='ltr'><strong>calamis</strong></span> <span class='ocrx_word' id='word_1_681' title='bbox 1737 4993 1749 5012; x_wconf 82' lang='lat'><strong>,</strong></span> <span class='ocrx_word' id='word_1_682' title='bbox 1827 4952 2170 5021; x_wconf 89' lang='lat' dir='ltr'><strong>sparsimque</strong></span> <span class='ocrx_word' id='word_1_683' title='bbox 2234 4950 2373 5005; x_wconf 90' lang='lat' dir='ltr'><strong>mari</strong></span> 
     </span>
    </p>
   </div>
   <div class='ocr_carea' id='block_1_99' title="bbox 820 5040 2372 5115">
    <p class='ocr_par' dir='ltr' id='par_1_99' title="bbox 820 5040 2372 5115">
     <span class='ocr_line' id='line_1_99' title="bbox 820 5040 2372 5115; baseline -0.002 -17"><span class='ocrx_word' id='word_1_684' title='bbox 820 5044 1214 5108; x_wconf 86' lang='lat' dir='ltr'><strong>innatantibus,</strong></span> <span class='ocrx_word' id='word_1_685' title='bbox 1245 5042 1410 5115; x_wconf 79' lang='lat'><strong>329</strong></span> <span class='ocrx_word' id='word_1_686' title='bbox 1431 5042 1571 5096; x_wconf 90' lang='lat' dir='ltr'><strong>alius</strong></span> <span class='ocrx_word' id='word_1_687' title='bbox 1603 5041 1710 5095; x_wconf 87' lang='lat' dir='ltr'><strong>alio</strong></span> <span class='ocrx_word' id='word_1_688' title='bbox 1743 5042 2002 5107; x_wconf 79' lang='lat' dir='ltr'><strong>disiectus</strong></span> <span class='ocrx_word' id='word_1_689' title='bbox 2042 5056 2146 5097; x_wconf 90' lang='lat' dir='ltr'><strong>est.</strong></span> <span class='ocrx_word' id='word_1_690' title='bbox 2191 5040 2372 5095; x_wconf 78' lang='lat' dir='ltr'><strong>Hunni</strong></span> 
     </span>
    </p>
   </div>
   <div class='ocr_carea' id='block_1_100' title="bbox 820 5131 2368 5198">
    <p class='ocr_par' dir='ltr' id='par_1_100' title="bbox 820 5131 2368 5198">
     <span class='ocr_line' id='line_1_100' title="bbox 820 5131 2368 5198; baseline -0.002 -11"><span class='ocrx_word' id='word_1_691' title='bbox 820 5148 969 5197; x_wconf 90' lang='lat' dir='ltr'><strong>vero,</strong></span> <span class='ocrx_word' id='word_1_692' title='bbox 1004 5149 1124 5188; x_wconf 81' lang='lat' dir='ltr'><strong>cum</strong></span> <span class='ocrx_word' id='word_1_693' title='bbox 1166 5134 1314 5187; x_wconf 85' lang='lat' dir='ltr'><strong>basis</strong></span> <span class='ocrx_word' id='word_1_694' title='bbox 1352 5131 1616 5186; x_wconf 79' lang='lat' dir='ltr'><strong>navicqu</strong></span> <span class='ocrx_word' id='word_1_695' title='bbox 1647 5145 1740 5185; x_wconf 83' lang='lat' dir='ltr'><strong>eos</strong></span> <span class='ocrx_word' id='word_1_696' title='bbox 1771 5131 2046 5198; x_wconf 80' lang='lat' dir='ltr'><strong>deﬁceret,</strong></span> <span class='ocrx_word' id='word_1_697' title='bbox 2082 5131 2368 5187; x_wconf 78' lang='lat' dir='ltr'><strong>confestim</strong></span> 
     </span>
    </p>
   </div>
   <div class='ocr_carea' id='block_1_101' title="bbox 820 5223 2370 5294">
    <p class='ocr_par' dir='ltr' id='par_1_101' title="bbox 820 5223 2370 5294">
     <span class='ocr_line' id='line_1_101' title="bbox 820 5223 2370 5294; baseline -0.003 -15"><span class='ocrx_word' id='word_1_698' title='bbox 820 5241 877 5279; x_wconf 74' lang='lat' dir='ltr'><strong>in</strong></span> <span class='ocrx_word' id='word_1_699' title='bbox 902 5223 1225 5294; x_wconf 86' lang='lat' dir='ltr'><strong>profundum</strong></span> <span class='ocrx_word' id='word_1_700' title='bbox 1250 5223 1481 5278; x_wconf 87' lang='lat' dir='ltr'><strong>demersi</strong></span> <span class='ocrx_word' id='word_1_701' title='bbox 1517 5230 1666 5290; x_wconf 88' lang='lat' dir='ltr'><strong>sunt,</strong></span> <span class='ocrx_word' id='word_1_702' title='bbox 1698 5223 1908 5278; x_wconf 86' lang='lat' dir='ltr'><strong>insueta</strong></span> <span class='ocrx_word' id='word_1_703' title='bbox 1939 5224 2160 5294; x_wconf 87' lang='lat' dir='ltr'><strong>potione</strong></span> <span class='ocrx_word' id='word_1_704' title='bbox 2183 5224 2370 5294; x_wconf 75' lang='lat' dir='ltr'><strong>ingur-</strong></span> 
     </span>
    </p>
   </div>
   <div class='ocr_carea' id='block_1_102' title="bbox 2474 4578 4044 4661">
    <p class='ocr_par' dir='ltr' id='par_1_102' title="bbox 2474 4578 4044 4661">
     <span class='ocr_line' id='line_1_102' title="bbox 2474 4578 4044 4661; baseline -0.008 -19"><span class='ocrx_word' id='word_1_705' title='bbox 2474 4587 2856 4661; x_wconf 86' lang='grc' dir='ltr'><strong>ἐρηρεισμένοι</strong></span> <span class='ocrx_word' id='word_1_706' title='bbox 2881 4602 2894 4616; x_wconf 88' lang='grc'><strong>·</strong></span> <span class='ocrx_word' id='word_1_707' title='bbox 2916 4586 3095 4648; x_wconf 87' lang='grc' dir='ltr'><strong>ἐνίους</strong></span> <span class='ocrx_word' id='word_1_708' title='bbox 3125 4584 3183 4637; x_wconf 83' lang='grc' dir='ltr'><strong>δὲ</strong></span> <span class='ocrx_word' id='word_1_709' title='bbox 3211 4585 3326 4646; x_wconf 81' lang='grc' dir='ltr'><strong>τοῖς</strong></span> <span class='ocrx_word' id='word_1_710' title='bbox 3354 4582 3561 4651; x_wconf 81' lang='grc' dir='ltr'><strong>ξίφεσιν</strong></span> <span class='ocrx_word' id='word_1_711' title='bbox 3579 4582 3646 4633; x_wconf 87' lang='grc' dir='ltr'><strong>ἐκ</strong></span> <span class='ocrx_word' id='word_1_712' title='bbox 3660 4580 3853 4649; x_wconf 70' lang='grc' dir='ltr'><strong>χειρὸς</strong></span> <span class='ocrx_word' id='word_1_713' title='bbox 3882 4578 4044 4646; x_wconf 69' lang='grc' dir='ltr'><strong>πλήτ-</strong></span> 
     </span>
    </p>
   </div>
   <div class='ocr_carea' id='block_1_103' title="bbox 2474 4667 4043 4743">
    <p class='ocr_par' dir='ltr' id='par_1_103' title="bbox 2474 4667 4043 4743">
     <span class='ocr_line' id='line_1_103' title="bbox 2474 4667 4043 4743; baseline -0.011 -8"><span class='ocrx_word' id='word_1_714' title='bbox 2474 4696 2656 4743; x_wconf 86' lang='grc' dir='ltr'><strong>τοντες</strong></span> <span class='ocrx_word' id='word_1_715' title='bbox 2684 4678 2946 4732; x_wconf 72' lang='grc' dir='ltr'><strong>ἔκτεινον.</strong></span> <span class='ocrx_word' id='word_1_716' title='bbox 3011 4674 3167 4728; x_wconf 75' lang='grc' dir='ltr'><strong>Ἐπεὶ</strong></span> <span class='ocrx_word' id='word_1_717' title='bbox 3190 4674 3248 4727; x_wconf 84' lang='grc' dir='ltr'><strong>δέ</strong></span> <span class='ocrx_word' id='word_1_718' title='bbox 3283 4690 3347 4742; x_wconf 89' lang='grc' dir='ltr'><strong>γε</strong></span> <span class='ocrx_word' id='word_1_719' title='bbox 3379 4671 3559 4727; x_wconf 81' lang='grc' dir='ltr'><strong>αὐτῶν</strong></span> <span class='ocrx_word' id='word_1_720' title='bbox 3612 4667 3896 4737; x_wconf 73' lang='grc' dir='ltr'><strong>πολλαχοῦ</strong></span> <span class='ocrx_word' id='word_1_721' title='bbox 3957 4668 4043 4720; x_wconf 77' lang='grc' dir='ltr'><strong>καὶ</strong></span> 
     </span>
    </p>
   </div>
   <div class='ocr_carea' id='block_1_104' title="bbox 2475 4757 4043 4839">
    <p class='ocr_par' dir='ltr' id='par_1_104' title="bbox 2475 4757 4043 4839">
     <span class='ocr_line' id='line_1_104' title="bbox 2475 4757 4043 4839; baseline -0.01 -14"><span class='ocrx_word' id='word_1_722' title='bbox 2475 4769 2901 4839; x_wconf 80' lang='grc' dir='ltr'><strong>ἀφειστήκεσαν,</strong></span> <span class='ocrx_word' id='word_1_723' title='bbox 2933 4767 3028 4821; x_wconf 73' lang='grc' dir='ltr'><strong>καὶ</strong></span> <span class='ocrx_word' id='word_1_724' title='bbox 3080 4762 3236 4818; x_wconf 73' lang='grc' dir='ltr'><strong>οὔπω</strong></span> <span class='ocrx_word' id='word_1_725' title='bbox 3278 4761 3563 4824; x_wconf 73' lang='grc' dir='ltr'><strong>ἐπέλαζον,</strong></span> <span class='ocrx_word' id='word_1_726' title='bbox 3636 4757 3884 4813; x_wconf 71' lang='grc' dir='ltr'><strong>ἐνταῦθα</strong></span> <span class='ocrx_word' id='word_1_727' title='bbox 3940 4759 4043 4817; x_wconf 78' lang='grc' dir='ltr'>τοίς</span> 
     </span>
    </p>
   </div>
   <div class='ocr_carea' id='block_1_105' title="bbox 2476 4849 4045 4934">
    <p class='ocr_par' dir='ltr' id='par_1_105' title="bbox 2476 4849 4045 4934">
     <span class='ocr_line' id='line_1_105' title="bbox 2476 4849 4045 4934; baseline -0.012 -17"><span class='ocrx_word' id='word_1_728' title='bbox 2476 4860 2748 4934; x_wconf 80' lang='grc' dir='ltr'><strong>δορατίοις</strong></span> <span class='ocrx_word' id='word_1_729' title='bbox 2789 4860 3170 4929; x_wconf 80' lang='grc' dir='ltr'><strong>ἐφικνούμενοι</strong></span> <span class='ocrx_word' id='word_1_730' title='bbox 3202 4857 3248 4888; x_wconf 83' lang='grc'>⁸⁸</span> <span class='ocrx_word' id='word_1_731' title='bbox 3296 4854 3390 4908; x_wconf 79' lang='grc' dir='ltr'><strong>καὶ</strong></span> <span class='ocrx_word' id='word_1_732' title='bbox 3420 4853 3519 4916; x_wconf 79' lang='grc' dir='ltr'><strong>τὰς</strong></span> <span class='ocrx_word' id='word_1_733' title='bbox 3544 4849 3919 4921; x_wconf 80' lang='grc' dir='ltr'><strong>δρεπανώὂεις</strong></span> <span class='ocrx_word' id='word_1_734' title='bbox 3938 4849 4045 4900; x_wconf 71' lang='grc' dir='ltr'><strong><em>τού-</em></strong></span> 
     </span>
    </p>
   </div>
   <div class='ocr_carea' id='block_1_106' title="bbox 2477 4937 4045 5022">
    <p class='ocr_par' dir='ltr' id='par_1_106' title="bbox 2477 4937 4045 5022">
     <span class='ocr_line' id='line_1_106' title="bbox 2477 4937 4045 5022; baseline -0.01 -14"><span class='ocrx_word' id='word_1_735' title='bbox 2477 4971 2587 5007; x_wconf 89' lang='grc' dir='ltr'><strong>των</strong></span> <span class='ocrx_word' id='word_1_736' title='bbox 2618 4950 2823 5022; x_wconf 79' lang='grc' dir='ltr'><strong>αἰχμάς</strong></span> <span class='ocrx_word' id='word_1_737' title='bbox 2859 4954 2979 5013; x_wconf 87' lang='grc' dir='ltr'><strong>ταῖς</strong></span> <span class='ocrx_word' id='word_1_738' title='bbox 3008 4946 3289 5021; x_wconf 86' lang='grc' dir='ltr'><strong>μηρίνθοις</strong></span> <span class='ocrx_word' id='word_1_739' title='bbox 3316 4946 3571 5006; x_wconf 76' lang='grc' dir='ltr'><strong>ἐκείναις.</strong></span> <span class='ocrx_word' id='word_1_740' title='bbox 3603 4937 3691 5005; x_wconf 80' lang='grc' dir='ltr'><strong>αἶς</strong></span> <span class='ocrx_word' id='word_1_741' title='bbox 3737 4940 3807 5010; x_wconf 73' lang='grc' dir='ltr'><strong>δὴ</strong></span> <span class='ocrx_word' id='word_1_742' title='bbox 3863 4943 3916 4993; x_wconf 71' lang='grc' dir='ltr'><strong>οἱ</strong></span> <span class='ocrx_word' id='word_1_743' title='bbox 3956 4942 4045 4993; x_wconf 69' lang='grc' dir='ltr'><strong>κά-</strong></span> 
     </span>
    </p>
   </div>
   <div class='ocr_carea' id='block_1_107' title="bbox 2478 5031 4042 5115">
    <p class='ocr_par' dir='ltr' id='par_1_107' title="bbox 2478 5031 4042 5115">
     <span class='ocr_line' id='line_1_107' title="bbox 2478 5031 4042 5115; baseline -0.01 -19"><span class='ocrx_word' id='word_1_744' title='bbox 2478 5044 2645 5115; x_wconf 89' lang='grc' dir='ltr'><strong>λαμοι</strong></span> <span class='ocrx_word' id='word_1_745' title='bbox 2673 5042 2968 5113; x_wconf 63' lang='grc' dir='ltr'><strong>ἐτύγχανον</strong></span> <span class='ocrx_word' id='word_1_746' title='bbox 3000 5040 3046 5073; x_wconf 79' lang='grc'>³⁸</span> <span class='ocrx_word' id='word_1_747' title='bbox 3094 5035 3598 5108; x_wconf 88' lang='grc' dir='ltr'><strong>συμπεπλεγμένοι,</strong></span> <span class='ocrx_word' id='word_1_748' title='bbox 3659 5031 4042 5101; x_wconf 73' lang='grc' dir='ltr'><strong>ἐμϐάλλοντες,</strong></span> 
     </span>
    </p>
   </div>
   <div class='ocr_carea' id='block_1_108' title="bbox 2477 5122 4045 5207">
    <p class='ocr_par' dir='ltr' id='par_1_108' title="bbox 2477 5122 4045 5207">
     <span class='ocr_line' id='line_1_108' title="bbox 2477 5122 4045 5207; baseline -0.013 -15"><span class='ocrx_word' id='word_1_749' title='bbox 2477 5135 2769 5207; x_wconf 79' lang='grc' dir='ltr'><strong>ἐξέτεμνον</strong></span> <span class='ocrx_word' id='word_1_750' title='bbox 2798 5122 3079 5205; x_wconf 73' lang='grc' dir='ltr'><strong>στοιχηδὸν</strong></span> <span class='ocrx_word' id='word_1_751' title='bbox 3110 5131 3349 5192; x_wconf 81' lang='grc' dir='ltr'><strong>ἁπάσας,</strong></span> <span class='ocrx_word' id='word_1_752' title='bbox 3392 5127 3486 5182; x_wconf 56' lang='grc' dir='ltr'><strong>καὶ⁵</strong></span> <span class='ocrx_word' id='word_1_753' title='bbox 3530 5125 3741 5178; x_wconf 80' lang='grc' dir='ltr'><strong>διέλυον</strong></span> <span class='ocrx_word' id='word_1_754' title='bbox 3776 5124 3885 5193; x_wconf 75' lang='grc' dir='ltr'><strong>τὴν</strong></span> <span class='ocrx_word' id='word_1_755' title='bbox 3931 5140 4045 5175; x_wconf 82' lang='grc' dir='ltr'><strong>συν-</strong></span> 
     </span>
    </p>
   </div>
   <div class='ocr_carea' id='block_1_109' title="bbox 2478 5213 4041 5295">
    <p class='ocr_par' dir='ltr' id='par_1_109' title="bbox 2478 5213 4041 5295">
     <span class='ocr_line' id='line_1_109' title="bbox 2478 5213 4041 5295; baseline -0.01 -17"><span class='ocrx_word' id='word_1_756' title='bbox 2478 5224 2682 5295; x_wconf 85' lang='grc' dir='ltr'><strong>έχειαν.</strong></span> <span class='ocrx_word' id='word_1_757' title='bbox 2717 5225 2850 5279; x_wconf 83' lang='grc' dir='ltr'><strong>Τότε</strong></span> <span class='ocrx_word' id='word_1_758' title='bbox 2878 5224 2945 5294; x_wconf 81' lang='grc' dir='ltr'><strong>δὴ</strong></span> <span class='ocrx_word' id='word_1_759' title='bbox 2970 5222 3013 5255; x_wconf 79' lang='grc'>³⁷</span> <span class='ocrx_word' id='word_1_760' title='bbox 3053 5217 3148 5276; x_wconf 83' lang='grc' dir='ltr'><strong>οὖν</strong></span> <span class='ocrx_word' id='word_1_761' title='bbox 3174 5222 3225 5273; x_wconf 83' lang='grc' dir='ltr'><strong>οἱ</strong></span> <span class='ocrx_word' id='word_1_762' title='bbox 3267 5219 3366 5291; x_wconf 82' lang='grc' dir='ltr'><strong>μὲν</strong></span> <span class='ocrx_word' id='word_1_763' title='bbox 3424 5216 3647 5277; x_wconf 83' lang='grc' dir='ltr'><strong>δόνακες</strong></span> <span class='ocrx_word' id='word_1_764' title='bbox 3696 5213 4041 5283; x_wconf 68' lang='grc' dir='ltr'><strong>ἀποτμηθὲν-</strong></span> 
     </span>
    </p>
   </div>
   <div class='ocr_carea' id='block_1_110' title="bbox 2104 5398 2782 5457">
    <p class='ocr_par' dir='ltr' id='par_1_110' title="bbox 2104 5398 2782 5457">
     <span class='ocr_line' id='line_1_110' title="bbox 2104 5398 2782 5457; baseline -0.003 -2"><span class='ocrx_word' id='word_1_765' title='bbox 2104 5400 2338 5456; x_wconf 67' lang='grc' dir='ltr'><strong>ΥᾹΒΙᾹΞ</strong></span> <span class='ocrx_word' id='word_1_766' title='bbox 2378 5398 2782 5457; x_wconf 75' lang='lat' dir='ltr'><strong>LECTIONES.</strong></span> 
     </span>
    </p>
   </div>
   <div class='ocr_carea' id='block_1_111' title="bbox 890 5546 4040 5628">
    <p class='ocr_par' dir='ltr' id='par_1_111' title="bbox 890 5546 4040 5628">
     <span class='ocr_line' id='line_1_111' title="bbox 890 5546 4040 5628; baseline -0.005 -18"><span class='ocrx_word' id='word_1_767' title='bbox 890 5557 1125 5611; x_wconf 69' lang='grc' dir='ltr'><strong>ἰταῦτα</strong></span> <span class='ocrx_word' id='word_1_768' title='bbox 1152 5557 1210 5612; x_wconf 81' lang='grc' dir='ltr'><strong>δέ</strong></span> <span class='ocrx_word' id='word_1_769' title='bbox 1261 5556 1327 5612; x_wconf 81' lang='lat' dir='ltr'><strong>R.</strong></span> <span class='ocrx_word' id='word_1_770' title='bbox 1373 5560 1446 5628; x_wconf 22' lang='lat'><strong>7”</strong></span> <span class='ocrx_word' id='word_1_771' title='bbox 1476 5558 1572 5625; x_wconf 79' lang='grc' dir='ltr'><strong>τῆς</strong></span> <span class='ocrx_word' id='word_1_772' title='bbox 1622 5557 1976 5628; x_wconf 42' lang='grc' dir='ltr'><strong>ἀϐουλητοὺς</strong></span> <span class='ocrx_word' id='word_1_773' title='bbox 2016 5557 2138 5628; x_wconf 69' lang='grc' dir='ltr'><strong>πολ,</strong></span> <span class='ocrx_word' id='word_1_774' title='bbox 2189 5556 2337 5627; x_wconf 78' lang='lat' dir='ltr'><strong>vulg.</strong></span> <span class='ocrx_word' id='word_1_775' title='bbox 2379 5555 2621 5628; x_wconf 14' lang='grc' dir='ltr'><strong>μάλαίίι,</strong></span> <span class='ocrx_word' id='word_1_776' title='bbox 2649 5554 2920 5628; x_wconf 37' lang='grc' dir='ltr'><strong>,μάλιστα</strong></span> <span class='ocrx_word' id='word_1_777' title='bbox 2961 5555 3132 5628; x_wconf 75' lang='lat' dir='ltr'><strong>\&#39;ul_g.,</strong></span> <span class='ocrx_word' id='word_1_778' title='bbox 3178 5552 3340 5628; x_wconf 81' lang='lat' dir='ltr'><strong>intp_r.</strong></span> <span class='ocrx_word' id='word_1_779' title='bbox 3389 5548 3715 5628; x_wconf 39' lang='lat' dir='ltr'><strong>ecl-potius:</strong></span> <span class='ocrx_word' id='word_1_780' title='bbox 3770 5546 4040 5628; x_wconf 61' lang='grc' dir='ltr'><strong>(μῶλον).</strong></span> 
     </span>
    </p>
   </div>
   <div class='ocr_carea' id='block_1_112' title="bbox 825 5616 4041 5697">
    <p class='ocr_par' dir='ltr' id='par_1_112' title="bbox 825 5616 4041 5697">
     <span class='ocr_line' id='line_1_112' title="bbox 825 5616 4041 5697; baseline -0.004 -15"><span class='ocrx_word' id='word_1_781' title='bbox 825 5630 871 5658; x_wconf 74' lang='grc' dir='ltr'><strong>³ο</strong></span> <span class='ocrx_word' id='word_1_782' title='bbox 895 5631 951 5682; x_wconf 90' lang='grc' dir='ltr'><strong>αἱ</strong></span> <span class='ocrx_word' id='word_1_783' title='bbox 1006 5628 1112 5680; x_wconf 78' lang='grc' dir='ltr'><strong>τῶν</strong></span> <span class='ocrx_word' id='word_1_784' title='bbox 1167 5628 1312 5697; x_wconf 79' lang='lat' dir='ltr'><strong>conj.</strong></span> <span class='ocrx_word' id='word_1_785' title='bbox 1354 5627 1435 5683; x_wconf 85' lang='lat' dir='ltr'><strong>Cl.</strong></span> <span class='ocrx_word' id='word_1_786' title='bbox 1509 5616 1793 5681; x_wconf 59' lang='grc' dir='ltr'><strong>³’ίὲκαιλινδ</strong></span> <span class='ocrx_word' id='word_1_787' title='bbox 1825 5627 1889 5690; x_wconf 75' lang='grc' dir='ltr'><strong>Β,</strong></span> <span class='ocrx_word' id='word_1_788' title='bbox 1942 5616 2154 5697; x_wconf 58' lang='lat' dir='ltr'><strong>{tuitth</strong></span> <span class='ocrx_word' id='word_1_789' title='bbox 2203 5616 2347 5696; x_wconf 47' lang='lat' dir='ltr'><strong>vulg.</strong></span> <span class='ocrx_word' id='word_1_790' title='bbox 2426 5627 2471 5659; x_wconf 86' lang='grc'><strong><em>³⁸</em></strong></span> <span class='ocrx_word' id='word_1_791' title='bbox 2505 5616 2708 5697; x_wconf 45' lang='lat' dir='ltr'><strong>Proin;</strong></span> <span class='ocrx_word' id='word_1_792' title='bbox 2729 5631 2785 5687; x_wconf 75' lang='grc' dir='ltr'><strong>ἐς</strong></span> <span class='ocrx_word' id='word_1_793' title='bbox 2819 5625 2962 5695; x_wconf 72' lang='grc' dir='ltr'><strong>νηῶν</strong></span> <span class='ocrx_word' id='word_1_794' title='bbox 3152 5616 3374 5697; x_wconf 60' lang='grc' dir='ltr'><strong>εὑνεὶῷν.</strong></span> <span class='ocrx_word' id='word_1_795' title='bbox 3416 5621 3494 5697; x_wconf 79' lang='lat'><strong>__&quot;</strong></span> <span class='ocrx_word' id='word_1_796' title='bbox 3517 5616 3628 5697; x_wconf 64' lang='grc' dir='ltr'><strong>ξπη</strong></span> <span class='ocrx_word' id='word_1_797' title='bbox 3676 5617 3754 5697; x_wconf 44' lang='grc' dir='ltr'><strong>Β..</strong></span> <span class='ocrx_word' id='word_1_798' title='bbox 3791 5616 4041 5697; x_wconf 65' lang='grc' dir='ltr'><strong>παρείκει</strong></span> 
     </span>
    </p>
   </div>
   <div class='ocr_carea' id='block_1_113' title="bbox 825 5687 4038 5782">
    <p class='ocr_par' dir='ltr' id='par_1_113' title="bbox 825 5687 4038 5782">
     <span class='ocr_line' id='line_1_113' title="bbox 825 5687 4038 5782; baseline -0.007 -19"><span class='ocrx_word' id='word_1_799' title='bbox 825 5699 867 5782; x_wconf 54' lang='grc' dir='ltr'>ᾗ</span> <span class='ocrx_word' id='word_1_800' title='bbox 905 5698 1057 5782; x_wconf 48' lang='lat' dir='ltr'><strong>(Chi.</strong></span> <span class='ocrx_word' id='word_1_801' title='bbox 1084 5687 1485 5782; x_wconf 49' lang='lat' dir='ltr'><strong>Flpﬁifagjulg.</strong></span> <span class='ocrx_word' id='word_1_802' title='bbox 1569 5701 1613 5731; x_wconf 67' lang='grc'><strong>³³</strong></span> <span class='ocrx_word' id='word_1_803' title='bbox 1634 5687 1929 5769; x_wconf 73' lang='grc' dir='ltr'><strong>ὼθιασμοίς</strong></span> <span class='ocrx_word' id='word_1_804' title='bbox 1956 5695 2021 5763; x_wconf 79' lang='lat' dir='ltr'><strong>R,</strong></span> <span class='ocrx_word' id='word_1_805' title='bbox 2048 5697 2275 5769; x_wconf 72' lang='grc' dir='ltr'><strong>ὠθισμῷ</strong></span> <span class='ocrx_word' id='word_1_806' title='bbox 2295 5687 2447 5767; x_wconf 43' lang='lat' dir='ltr'><strong>Vulg.</strong></span> <span class='ocrx_word' id='word_1_807' title='bbox 2521 5697 2565 5727; x_wconf 79' lang='grc'><strong>³⁵</strong></span> <span class='ocrx_word' id='word_1_808' title='bbox 2607 5695 2703 5750; x_wconf 82' lang='grc' dir='ltr'><strong>δ...</strong></span> <span class='ocrx_word' id='word_1_809' title='bbox 2728 5687 3243 5764; x_wconf 62' lang='grc' dir='ltr'><strong>τίως’ἁφικούμενοι</strong></span> <span class='ocrx_word' id='word_1_810' title='bbox 3274 5692 3335 5745; x_wconf 71' lang='grc' dir='ltr'><strong>ιι.</strong></span> <span class='ocrx_word' id='word_1_811' title='bbox 3413 5691 3460 5725; x_wconf 72' lang='grc'>³⁸</span> <span class='ocrx_word' id='word_1_812' title='bbox 3500 5689 3709 5744; x_wconf 74' lang='grc' dir='ltr'><strong>κάλα...</strong></span> <span class='ocrx_word' id='word_1_813' title='bbox 3739 5687 4038 5756; x_wconf 55' lang='lat' dir='ltr'><strong>stium..-</strong></span> 
     </span>
    </p>
   </div>
   <div class='ocr_carea' id='block_1_114' title="bbox 828 5767 1365 5835">
    <p class='ocr_par' dir='ltr' id='par_1_114' title="bbox 828 5767 1365 5835">
     <span class='ocr_line' id='line_1_114' title="bbox 828 5767 1365 5835; baseline -0.002 -16"><span class='ocrx_word' id='word_1_814' title='bbox 828 5768 889 5820; x_wconf 67' lang='grc' dir='ltr'><strong>Β.</strong></span> <span class='ocrx_word' id='word_1_815' title='bbox 966 5769 1007 5800; x_wconf 75' lang='grc'><strong>³⁷</strong></span> <span class='ocrx_word' id='word_1_816' title='bbox 1040 5769 1116 5821; x_wconf 75' lang='grc' dir='ltr'><strong>τοί</strong></span> <span class='ocrx_word' id='word_1_817' title='bbox 1212 5767 1274 5835; x_wconf 73' lang='grc' dir='ltr'><strong>δὴ</strong></span> <span class='ocrx_word' id='word_1_818' title='bbox 1303 5767 1365 5821; x_wconf 76' lang='lat' dir='ltr'><strong>R.</strong></span> 
     </span>
    </p>
   </div>
  </div>
