  <div class='ocr_page' id='page_1' title='image "/cluster/home/n/w/nwhite01/storage/ocr_20150623/88/nnc1.0046980237/798.png"; bbox 0 0 4188 6438; ppageno 0'>
   <div class='ocr_carea' id='block_1_1' title="bbox 197 415 323 477">
    <p class='ocr_par' dir='ltr' id='par_1_1' title="bbox 197 415 323 477">
     <span class='ocr_line' id='line_1_1' title="bbox 197 415 323 477; baseline 0.016 -2"><span class='ocrx_word' id='word_1_1' title='bbox 197 415 323 477; x_wconf 82' lang='grc'><strong>1589</strong></span> 
     </span>
    </p>
   </div>
   <div class='ocr_carea' id='block_1_2' title="bbox 1363 419 2254 483">
    <p class='ocr_par' dir='ltr' id='par_1_2' title="bbox 1363 419 2254 483">
     <span class='ocr_line' id='line_1_2' title="bbox 1363 419 2254 483; baseline 0.006 -5"><span class='ocrx_word' id='word_1_2' title='bbox 1363 419 1897 480; x_wconf 83' lang='lat' dir='ltr'><strong>HISTORIARUM</strong></span> <span class='ocrx_word' id='word_1_3' title='bbox 1926 421 2156 482; x_wconf 81' lang='lat' dir='ltr'><strong>LIBER</strong></span> <span class='ocrx_word' id='word_1_4' title='bbox 2187 426 2254 483; x_wconf 67' lang='grc' dir='ltr'>ν.</span> 
     </span>
    </p>
   </div>
   <div class='ocr_carea' id='block_1_3' title="bbox 3266 424 3397 492">
    <p class='ocr_par' dir='ltr' id='par_1_3' title="bbox 3266 424 3397 492">
     <span class='ocr_line' id='line_1_3' title="bbox 3266 424 3397 492; baseline 0.008 -2"><span class='ocrx_word' id='word_1_5' title='bbox 3266 424 3397 492; x_wconf 83' lang='grc'><strong>1590</strong></span> 
     </span>
    </p>
   </div>
   <div class='ocr_carea' id='block_1_4' title="bbox 181 525 1763 604">
    <p class='ocr_par' dir='ltr' id='par_1_4' title="bbox 181 525 1734 600">
     <span class='ocr_line' id='line_1_4' title="bbox 181 525 1734 600; baseline 0.014 -29"><span class='ocrx_word' id='word_1_6' title='bbox 181 544 266 589; x_wconf 83' lang='grc' dir='ltr'>τες</span> <span class='ocrx_word' id='word_1_7' title='bbox 323 525 588 596; x_wconf 79' lang='grc' dir='ltr'>ἀλλήλων,</span> <span class='ocrx_word' id='word_1_8' title='bbox 661 526 757 578; x_wconf 62' lang='grc' dir='ltr'><strong>καὶ⁵</strong></span> <span class='ocrx_word' id='word_1_9' title='bbox 799 527 1074 600; x_wconf 80' lang='grc' dir='ltr'><strong>σποράδην</strong></span> <span class='ocrx_word' id='word_1_10' title='bbox 1125 527 1529 599; x_wconf 83' lang='grc' dir='ltr'>ἐπινηχόμενοι,</span> <span class='ocrx_word' id='word_1_11' title='bbox 1579 529 1734 592; x_wconf 77' lang='grc' dir='ltr'>ἀλλος</span> 
     </span>
    </p>
   </div>
   <div class='ocr_carea' id='block_1_5' title="bbox 1829 525 3398 604">
    <p class='ocr_par' dir='ltr' id='par_1_5' title="bbox 1839 530 3398 604">
     <span class='ocr_line' id='line_1_5' title="bbox 1839 530 3398 604; baseline 0.006 -23"><span class='ocrx_word' id='word_1_12' title='bbox 1839 530 2013 596; x_wconf 86' lang='lat' dir='ltr'><strong>gitati.</strong></span> <span class='ocrx_word' id='word_1_13' title='bbox 2042 535 2218 604; x_wconf 81' lang='lat' dir='ltr'><strong>Atque</strong></span> <span class='ocrx_word' id='word_1_14' title='bbox 2237 536 2306 588; x_wconf 83' lang='lat' dir='ltr'><strong>ita</strong></span> <span class='ocrx_word' id='word_1_15' title='bbox 2327 534 2564 588; x_wconf 83' lang='lat' dir='ltr'><strong>universi</strong></span> <span class='ocrx_word' id='word_1_16' title='bbox 2586 533 2881 602; x_wconf 87' lang='lat' dir='ltr'><strong>perierunt,</strong></span> <span class='ocrx_word' id='word_1_17' title='bbox 2915 549 3090 604; x_wconf 81' lang='lat' dir='ltr'><strong>neque</strong></span> <span class='ocrx_word' id='word_1_18' title='bbox 3115 537 3398 604; x_wconf 78' lang='lat' dir='ltr'><strong>quisquam</strong></span> 
     </span>
    </p>
   </div>
   <div class='ocr_carea' id='block_1_6' title="bbox 177 613 1729 691">
    <p class='ocr_par' dir='ltr' id='par_1_6' title="bbox 177 613 1729 691">
     <span class='ocr_line' id='line_1_6' title="bbox 177 613 1729 691; baseline 0 -21"><span class='ocrx_word' id='word_1_19' title='bbox 177 617 349 671; x_wconf 83' lang='grc' dir='ltr'>ἄλλοθι</span> <span class='ocrx_word' id='word_1_20' title='bbox 401 617 707 671; x_wconf 81' lang='grc' dir='ltr'>ἀπεπτύετο</span> <span class='ocrx_word' id='word_1_21' title='bbox 747 617 811 669; x_wconf 81' lang='grc'><strong>³⁸.</strong></span> <span class='ocrx_word' id='word_1_22' title='bbox 863 619 926 670; x_wconf 86' lang='grc' dir='ltr'>Οἱ</span> <span class='ocrx_word' id='word_1_23' title='bbox 973 618 1028 670; x_wconf 85' lang='grc' dir='ltr'>δὲ</span> <span class='ocrx_word' id='word_1_24' title='bbox 1095 613 1304 684; x_wconf 71' lang='grc' dir='ltr'>θύννοι,</span> <span class='ocrx_word' id='word_1_25' title='bbox 1369 620 1467 691; x_wconf 87' lang='grc' dir='ltr'><strong>τῆς</strong></span> <span class='ocrx_word' id='word_1_26' title='bbox 1521 619 1729 689; x_wconf 85' lang='grc' dir='ltr'>βάσεως</span> 
     </span>
    </p>
   </div>
   <div class='ocr_carea' id='block_1_7' title="bbox 1838 623 2978 679">
    <p class='ocr_par' dir='ltr' id='par_1_7' title="bbox 1838 623 2978 679">
     <span class='ocr_line' id='line_1_7' title="bbox 1838 623 2978 679; baseline 0.005 -6"><span class='ocrx_word' id='word_1_27' title='bbox 1838 623 2064 677; x_wconf 84' lang='lat' dir='ltr'><strong>omnino</strong></span> <span class='ocrx_word' id='word_1_28' title='bbox 2091 641 2278 679; x_wconf 91' lang='lat' dir='ltr'><strong>eorum</strong></span> <span class='ocrx_word' id='word_1_29' title='bbox 2311 625 2378 678; x_wconf 89' lang='lat' dir='ltr'><strong>ad</strong></span> <span class='ocrx_word' id='word_1_30' title='bbox 2411 627 2774 679; x_wconf 72' lang='lat' dir='ltr'><strong>continentem</strong></span> <span class='ocrx_word' id='word_1_31' title='bbox 2800 625 2978 679; x_wconf 80' lang='lat' dir='ltr'><strong>rediit.</strong></span> 
     </span>
    </p>
   </div>
   <div class='ocr_carea' id='block_1_8' title="bbox 174 709 3398 789">
    <p class='ocr_par' dir='ltr' id='par_1_8' title="bbox 174 709 3398 789">
     <span class='ocr_line' id='line_1_8' title="bbox 174 709 3398 789; baseline 0.002 -26"><span class='ocrx_word' id='word_1_32' title='bbox 174 711 364 772; x_wconf 77' lang='grc' dir='ltr'>αὐτοὺς</span> <span class='ocrx_word' id='word_1_33' title='bbox 400 710 444 742; x_wconf 74' lang='grc'><strong>³⁸</strong></span> <span class='ocrx_word' id='word_1_34' title='bbox 471 709 873 782; x_wconf 82' lang='grc' dir='ltr'>ἐπιλειπούσης,</span> <span class='ocrx_word' id='word_1_35' title='bbox 907 710 1102 780; x_wconf 84' lang='grc' dir='ltr'>ἀθρόον</span> <span class='ocrx_word' id='word_1_36' title='bbox 1162 712 1483 767; x_wconf 78' lang='grc' dir='ltr'>κατεδύοντο</span> <span class='ocrx_word' id='word_1_37' title='bbox 1537 713 1596 764; x_wconf 85' lang='grc' dir='ltr'><strong>ἐν</strong></span> <span class='ocrx_word' id='word_1_38' title='bbox 1649 709 1724 780; x_wconf 81' lang='grc' dir='ltr'>τῷ</span> <span class='ocrx_word' id='word_1_39' title='bbox 1763 710 1914 780; x_wconf 79' lang='grc' dir='ltr'>βάθει</span> <span class='ocrx_word' id='word_1_40' title='bbox 1974 718 2067 768; x_wconf 63' lang='grc' dir='ltr'>καὶ</span> <span class='ocrx_word' id='word_1_41' title='bbox 2099 717 2363 788; x_wconf 84' lang='grc' dir='ltr'>έθνησκον</span> <span class='ocrx_word' id='word_1_42' title='bbox 2401 718 2675 788; x_wconf 83' lang='grc' dir='ltr'><strong>ἀχρήστου</strong></span> <span class='ocrx_word' id='word_1_43' title='bbox 2727 717 2890 770; x_wconf 89' lang='grc' dir='ltr'>ποτοῦ</span> <span class='ocrx_word' id='word_1_44' title='bbox 2949 718 2996 750; x_wconf 70' lang='grc'><strong>⁸⁸³</strong></span> <span class='ocrx_word' id='word_1_45' title='bbox 3045 717 3398 789; x_wconf 82' lang='grc' dir='ltr'>ἐμπιπλάμε-</span> 
     </span>
    </p>
   </div>
   <div class='ocr_carea' id='block_1_9' title="bbox 174 799 3010 879">
    <p class='ocr_par' dir='ltr' id='par_1_9' title="bbox 174 799 3010 879">
     <span class='ocr_line' id='line_1_9' title="bbox 174 799 3010 879; baseline 0.002 -26"><span class='ocrx_word' id='word_1_46' title='bbox 174 820 267 854; x_wconf 66' lang='lat' dir='ltr'><strong>vis.</strong></span> <span class='ocrx_word' id='word_1_47' title='bbox 318 799 475 853; x_wconf 78' lang='grc' dir='ltr'>Οὕτω</span> <span class='ocrx_word' id='word_1_48' title='bbox 525 817 586 853; x_wconf 87' lang='grc' dir='ltr'><strong>τε</strong></span> <span class='ocrx_word' id='word_1_49' title='bbox 639 801 878 863; x_wconf 74' lang='grc' dir='ltr'>ἅπαντες</span> <span class='ocrx_word' id='word_1_50' title='bbox 947 801 1339 873; x_wconf 83' lang='grc' dir='ltr'><strong>διεφθάρησαν,</strong></span> <span class='ocrx_word' id='word_1_51' title='bbox 1396 802 1490 857; x_wconf 77' lang='grc' dir='ltr'>καὶ</span> <span class='ocrx_word' id='word_1_52' title='bbox 1558 801 1730 862; x_wconf 77' lang='grc' dir='ltr'>οὐδεὶς</span> <span class='ocrx_word' id='word_1_53' title='bbox 1766 799 1915 866; x_wconf 80' lang='grc' dir='ltr'>ὅστις</span> <span class='ocrx_word' id='word_1_54' title='bbox 1947 805 2126 859; x_wconf 83' lang='grc' dir='ltr'>αὐτῶν</span> <span class='ocrx_word' id='word_1_55' title='bbox 2189 808 2294 861; x_wconf 86' lang='grc' dir='ltr'><strong>ἀνά</strong></span> <span class='ocrx_word' id='word_1_56' title='bbox 2331 807 2429 877; x_wconf 80' lang='grc' dir='ltr'>τὴν</span> <span class='ocrx_word' id='word_1_57' title='bbox 2456 807 2677 879; x_wconf 77' lang='grc' dir='ltr'>ῆπειρον</span> <span class='ocrx_word' id='word_1_58' title='bbox 2721 807 3010 876; x_wconf 77' lang='grc' dir='ltr'>ἐπανῆκεν.</span> 
     </span>
    </p>
   </div>
   <div class='ocr_carea' id='block_1_10' title="bbox 240 893 1728 967">
    <p class='ocr_par' dir='ltr' id='par_1_10' title="bbox 240 893 1728 967">
     <span class='ocr_line' id='line_1_10' title="bbox 240 893 1728 967; baseline 0.001 -20"><span class='ocrx_word' id='word_1_59' title='bbox 240 893 340 963; x_wconf 89' lang='grc' dir='ltr'>κγ’.</span> <span class='ocrx_word' id='word_1_60' title='bbox 383 896 590 948; x_wconf 79' lang='grc' dir='ltr'>Αὐτίκα</span> <span class='ocrx_word' id='word_1_61' title='bbox 626 896 682 949; x_wconf 85' lang='grc' dir='ltr'><strong>δὲ</strong></span> <span class='ocrx_word' id='word_1_62' title='bbox 714 897 976 967; x_wconf 77' lang='grc' dir='ltr'>Ῥωμαῖοι</span> <span class='ocrx_word' id='word_1_63' title='bbox 1020 898 1087 952; x_wconf 89' lang='grc' dir='ltr'><strong>τά</strong></span> <span class='ocrx_word' id='word_1_64' title='bbox 1121 898 1258 952; x_wconf 87' lang='grc' dir='ltr'>ὅπλα</span> <span class='ocrx_word' id='word_1_65' title='bbox 1301 898 1410 951; x_wconf 89' lang='grc' dir='ltr'><strong>τῶν</strong></span> <span class='ocrx_word' id='word_1_66' title='bbox 1446 895 1728 967; x_wconf 83' lang='grc' dir='ltr'><strong>δυσμενῶν</strong></span> 
     </span>
    </p>
   </div>
   <div class='ocr_carea' id='block_1_11' title="bbox 173 985 1730 1059">
    <p class='ocr_par' dir='ltr' id='par_1_11' title="bbox 173 985 1730 1059">
     <span class='ocr_line' id='line_1_11' title="bbox 173 985 1730 1059; baseline 0.001 -21"><span class='ocrx_word' id='word_1_67' title='bbox 173 985 251 1056; x_wconf 83' lang='grc' dir='ltr'><strong>[Ρ.</strong></span> <span class='ocrx_word' id='word_1_68' title='bbox 286 987 408 1058; x_wconf 78' lang='grc'><strong>159]</strong></span> <span class='ocrx_word' id='word_1_69' title='bbox 441 987 748 1058; x_wconf 82' lang='grc' dir='ltr'>ἀνελόμενοι</span> <span class='ocrx_word' id='word_1_70' title='bbox 792 988 966 1043; x_wconf 83' lang='grc' dir='ltr'>ὁπόσα</span> <span class='ocrx_word' id='word_1_71' title='bbox 992 1005 1056 1057; x_wconf 90' lang='grc' dir='ltr'><strong>γε</strong></span> <span class='ocrx_word' id='word_1_72' title='bbox 1088 988 1199 1042; x_wconf 78' lang='grc' dir='ltr'>ἄνω</span> <span class='ocrx_word' id='word_1_73' title='bbox 1245 989 1324 1042; x_wconf 79' lang='grc' dir='ltr'>ἔτι</span> <span class='ocrx_word' id='word_1_74' title='bbox 1369 989 1595 1059; x_wconf 79' lang='grc' dir='ltr'>ἐφέρετο</span> <span class='ocrx_word' id='word_1_75' title='bbox 1635 989 1730 1042; x_wconf 78' lang='grc' dir='ltr'>καὶ</span> 
     </span>
    </p>
   </div>
   <div class='ocr_carea' id='block_1_12' title="bbox 170 1077 1730 1150">
    <p class='ocr_par' dir='ltr' id='par_1_12' title="bbox 170 1077 1730 1150">
     <span class='ocr_line' id='line_1_12' title="bbox 170 1077 1730 1150; baseline 0.001 -21"><span class='ocrx_word' id='word_1_76' title='bbox 170 1077 412 1142; x_wconf 77' lang='grc' dir='ltr'><strong>ἐπέπλει,</strong></span> <span class='ocrx_word' id='word_1_77' title='bbox 444 1077 541 1130; x_wconf 77' lang='grc' dir='ltr'>καὶ</span> <span class='ocrx_word' id='word_1_78' title='bbox 562 1079 620 1140; x_wconf 77' lang='grc' dir='ltr'><strong>ἐς</strong></span> <span class='ocrx_word' id='word_1_79' title='bbox 657 1078 728 1131; x_wconf 85' lang='grc' dir='ltr'>τὰ</span> <span class='ocrx_word' id='word_1_80' title='bbox 750 1079 991 1150; x_wconf 87' lang='grc' dir='ltr'>πρότερα</span> <span class='ocrx_word' id='word_1_81' title='bbox 1033 1081 1209 1150; x_wconf 82' lang='grc' dir='ltr'>χωρία</span> <span class='ocrx_word' id='word_1_82' title='bbox 1235 1081 1594 1150; x_wconf 82' lang='grc' dir='ltr'><strong>κατάραντες,</strong></span> <span class='ocrx_word' id='word_1_83' title='bbox 1637 1095 1730 1150; x_wconf 90' lang='grc' dir='ltr'>με-</span> 
     </span>
    </p>
   </div>
   <div class='ocr_carea' id='block_1_13' title="bbox 171 1169 1730 1244">
    <p class='ocr_par' dir='ltr' id='par_1_13' title="bbox 171 1169 1730 1244">
     <span class='ocr_line' id='line_1_13' title="bbox 171 1169 1730 1244; baseline 0.005 -25"><span class='ocrx_word' id='word_1_84' title='bbox 171 1169 361 1238; x_wconf 85' lang='grc' dir='ltr'>γίστης</span> <span class='ocrx_word' id='word_1_85' title='bbox 389 1169 586 1238; x_wconf 80' lang='grc' dir='ltr'><strong>ἡδονῆς</strong></span> <span class='ocrx_word' id='word_1_86' title='bbox 609 1171 704 1224; x_wconf 76' lang='grc' dir='ltr'>καὶ</span> <span class='ocrx_word' id='word_1_87' title='bbox 731 1171 1000 1242; x_wconf 80' lang='grc' dir='ltr'><strong>θυμηδίας</strong></span> <span class='ocrx_word' id='word_1_88' title='bbox 1041 1171 1256 1227; x_wconf 75' lang='grc' dir='ltr'>ἅπαντα</span> <span class='ocrx_word' id='word_1_89' title='bbox 1281 1174 1325 1205; x_wconf 73' lang='grc'><strong>’⁸⁸</strong></span> <span class='ocrx_word' id='word_1_90' title='bbox 1356 1174 1602 1244; x_wconf 73' lang='grc' dir='ltr'>ἔπλησαν</span> <span class='ocrx_word' id='word_1_91' title='bbox 1638 1174 1730 1227; x_wconf 83' lang='grc' dir='ltr'><strong>τὸν</strong></span> 
     </span>
    </p>
   </div>
   <div class='ocr_carea' id='block_1_14' title="bbox 171 1262 1730 1335">
    <p class='ocr_par' dir='ltr' id='par_1_14' title="bbox 171 1262 1730 1335">
     <span class='ocr_line' id='line_1_14' title="bbox 171 1262 1730 1335; baseline 0.001 -20"><span class='ocrx_word' id='word_1_92' title='bbox 171 1263 420 1333; x_wconf 85' lang='grc' dir='ltr'>στρατὸν,</span> <span class='ocrx_word' id='word_1_93' title='bbox 443 1262 749 1334; x_wconf 88' lang='grc' dir='ltr'>γεγηθότας</span> <span class='ocrx_word' id='word_1_94' title='bbox 775 1265 869 1318; x_wconf 77' lang='grc' dir='ltr'>ἐπὶ</span> <span class='ocrx_word' id='word_1_95' title='bbox 901 1267 1014 1326; x_wconf 82' lang='grc' dir='ltr'>τοῖς</span> <span class='ocrx_word' id='word_1_96' title='bbox 1060 1263 1444 1335; x_wconf 79' lang='grc' dir='ltr'>ξυνενεχθεῖσι.</span> <span class='ocrx_word' id='word_1_97' title='bbox 1496 1265 1608 1318; x_wconf 72' lang='grc' dir='ltr'>Καὶ</span> <span class='ocrx_word' id='word_1_98' title='bbox 1635 1262 1730 1318; x_wconf 84' lang='grc' dir='ltr'>οὖν</span> 
     </span>
    </p>
   </div>
   <div class='ocr_carea' id='block_1_15' title="bbox 167 1353 1731 1426">
    <p class='ocr_par' dir='ltr' id='par_1_15' title="bbox 167 1353 1731 1426">
     <span class='ocr_line' id='line_1_15' title="bbox 167 1353 1731 1426; baseline 0 -20"><span class='ocrx_word' id='word_1_99' title='bbox 167 1353 543 1423; x_wconf 73' lang='grc' dir='ltr'>ἀθροισθέντες</span> <span class='ocrx_word' id='word_1_100' title='bbox 561 1353 775 1407; x_wconf 76' lang='grc' dir='ltr'>ἅπαντα</span> <span class='ocrx_word' id='word_1_101' title='bbox 804 1355 864 1417; x_wconf 87' lang='grc' dir='ltr'><strong>ἐς</strong></span> <span class='ocrx_word' id='word_1_102' title='bbox 897 1353 1081 1421; x_wconf 85' lang='grc' dir='ltr'>ταυτδ,</span> <span class='ocrx_word' id='word_1_103' title='bbox 1112 1355 1531 1426; x_wconf 83' lang='grc' dir='ltr'>ἀποχρήσασθαι</span> <span class='ocrx_word' id='word_1_104' title='bbox 1563 1353 1731 1423; x_wconf 78' lang='grc' dir='ltr'>ᾤοντο</span> 
     </span>
    </p>
   </div>
   <div class='ocr_carea' id='block_1_16' title="bbox 168 1445 1729 1518">
    <p class='ocr_par' dir='ltr' id='par_1_16' title="bbox 168 1445 1729 1518">
     <span class='ocr_line' id='line_1_16' title="bbox 168 1445 1729 1518; baseline 0 -19"><span class='ocrx_word' id='word_1_105' title='bbox 168 1447 359 1516; x_wconf 79' lang='grc' dir='ltr'>χρῆναι</span> <span class='ocrx_word' id='word_1_106' title='bbox 382 1445 484 1498; x_wconf 85' lang='grc' dir='ltr'><strong>κάν</strong></span> <span class='ocrx_word' id='word_1_107' title='bbox 507 1448 618 1511; x_wconf 81' lang='grc' dir='ltr'>τοῖς</span> <span class='ocrx_word' id='word_1_108' title='bbox 645 1447 847 1517; x_wconf 80' lang='grc' dir='ltr'>ἐφεξῆς</span> <span class='ocrx_word' id='word_1_109' title='bbox 891 1446 967 1517; x_wconf 83' lang='grc' dir='ltr'>τῷ</span> <span class='ocrx_word' id='word_1_110' title='bbox 1008 1447 1186 1518; x_wconf 84' lang='grc' dir='ltr'>καιρῷ</span> <span class='ocrx_word' id='word_1_111' title='bbox 1213 1447 1309 1500; x_wconf 64' lang='grc' dir='ltr'><strong>καὶ⁸</strong></span> <span class='ocrx_word' id='word_1_112' title='bbox 1344 1449 1410 1518; x_wconf 79' lang='grc' dir='ltr'>τῇ</span> <span class='ocrx_word' id='word_1_113' title='bbox 1454 1446 1607 1511; x_wconf 83' lang='grc' dir='ltr'>τάξει</span> <span class='ocrx_word' id='word_1_114' title='bbox 1635 1445 1729 1499; x_wconf 91' lang='grc' dir='ltr'><strong>τοῦ</strong></span> 
     </span>
    </p>
   </div>
   <div class='ocr_carea' id='block_1_17' title="bbox 167 1538 1730 1610">
    <p class='ocr_par' dir='ltr' id='par_1_17' title="bbox 167 1538 1730 1610">
     <span class='ocr_line' id='line_1_17' title="bbox 167 1538 1730 1610; baseline -0.001 -20"><span class='ocrx_word' id='word_1_115' title='bbox 167 1539 603 1608; x_wconf 79' lang='grc' dir='ltr'>προτερήματος.</span> <span class='ocrx_word' id='word_1_116' title='bbox 650 1539 942 1608; x_wconf 54' lang='grc' dir='ltr'>Τοιγάρτοι</span> <span class='ocrx_word' id='word_1_117' title='bbox 982 1538 1187 1607; x_wconf 83' lang='grc' dir='ltr'>ὀλίγαις</span> <span class='ocrx_word' id='word_1_118' title='bbox 1232 1538 1458 1610; x_wconf 80' lang='grc' dir='ltr'>ὕστερον</span> <span class='ocrx_word' id='word_1_119' title='bbox 1493 1539 1730 1608; x_wconf 76' lang='grc' dir='ltr'>ἡμέραις</span> 
     </span>
    </p>
   </div>
   <div class='ocr_carea' id='block_1_18' title="bbox 164 1623 1728 1701">
    <p class='ocr_par' dir='ltr' id='par_1_18' title="bbox 164 1623 1728 1701">
     <span class='ocr_line' id='line_1_18' title="bbox 164 1623 1728 1701; baseline 0.001 -22"><span class='ocrx_word' id='word_1_120' title='bbox 164 1623 222 1680; x_wconf 84' lang='grc' dir='ltr'><strong>εῦ</strong></span> <span class='ocrx_word' id='word_1_121' title='bbox 255 1629 400 1697; x_wconf 87' lang='grc' dir='ltr'>μάλα</span> <span class='ocrx_word' id='word_1_122' title='bbox 433 1628 477 1659; x_wconf 71' lang='grc'><strong>⁸⁸</strong></span> <span class='ocrx_word' id='word_1_123' title='bbox 511 1627 994 1693; x_wconf 80' lang='grc' dir='ltr'>καθοπλισθέντες,</span> <span class='ocrx_word' id='word_1_124' title='bbox 1023 1629 1297 1700; x_wconf 83' lang='grc' dir='ltr'>ἐκδρομὴν</span> <span class='ocrx_word' id='word_1_125' title='bbox 1324 1629 1522 1701; x_wconf 84' lang='grc' dir='ltr'>ἀθρόον</span> <span class='ocrx_word' id='word_1_126' title='bbox 1543 1629 1610 1682; x_wconf 84' lang='grc' dir='ltr'><strong>ἐκ</strong></span> <span class='ocrx_word' id='word_1_127' title='bbox 1633 1627 1728 1681; x_wconf 92' lang='grc' dir='ltr'><strong>τοῦ</strong></span> 
     </span>
    </p>
   </div>
   <div class='ocr_carea' id='block_1_19' title="bbox 165 1718 1730 1791">
    <p class='ocr_par' dir='ltr' id='par_1_19' title="bbox 165 1718 1730 1791">
     <span class='ocr_line' id='line_1_19' title="bbox 165 1718 1730 1791; baseline 0.003 -22"><span class='ocrx_word' id='word_1_128' title='bbox 165 1718 452 1786; x_wconf 88' lang='grc' dir='ltr'>περιϐόλου</span> <span class='ocrx_word' id='word_1_129' title='bbox 487 1719 834 1788; x_wconf 83' lang='grc' dir='ltr'>πεποίηνται,</span> <span class='ocrx_word' id='word_1_130' title='bbox 866 1721 962 1771; x_wconf 81' lang='grc' dir='ltr'>καὶ</span> <span class='ocrx_word' id='word_1_131' title='bbox 1011 1719 1415 1789; x_wconf 84' lang='grc' dir='ltr'>προσϐάλλουσι</span> <span class='ocrx_word' id='word_1_132' title='bbox 1450 1720 1529 1790; x_wconf 83' lang='grc' dir='ltr'>τῷ</span> <span class='ocrx_word' id='word_1_133' title='bbox 1557 1720 1730 1791; x_wconf 83' lang='grc' dir='ltr'>λοιπῷ</span> 
     </span>
    </p>
   </div>
   <div class='ocr_carea' id='block_1_20' title="bbox 165 1809 1728 1889">
    <p class='ocr_par' dir='ltr' id='par_1_20' title="bbox 165 1809 1728 1889">
     <span class='ocr_line' id='line_1_20' title="bbox 165 1809 1728 1889; baseline 0.003 -29"><span class='ocrx_word' id='word_1_134' title='bbox 165 1809 360 1878; x_wconf 77' lang='grc' dir='ltr'>πλήθει</span> <span class='ocrx_word' id='word_1_135' title='bbox 383 1810 492 1862; x_wconf 93' lang='grc' dir='ltr'><strong>τῶν</strong></span> <span class='ocrx_word' id='word_1_136' title='bbox 523 1809 922 1879; x_wconf 84' lang='grc' dir='ltr'>ἐφεδρευόντων</span> <span class='ocrx_word' id='word_1_137' title='bbox 955 1810 1257 1889; x_wconf 87' lang='grc' dir='ltr'>Βαρϐάρων</span> <span class='ocrx_word' id='word_1_138' title='bbox 1298 1813 1618 1883; x_wconf 86' lang='grc' dir='ltr'>ἀνιωμένων</span> <span class='ocrx_word' id='word_1_139' title='bbox 1649 1811 1728 1864; x_wconf 84' lang='grc' dir='ltr'><strong>ἐτι</strong></span> 
     </span>
    </p>
   </div>
   <div class='ocr_carea' id='block_1_21' title="bbox 163 1897 1730 1971">
    <p class='ocr_par' dir='ltr' id='par_1_21' title="bbox 163 1897 1730 1971">
     <span class='ocr_line' id='line_1_21' title="bbox 163 1897 1730 1971; baseline 0.003 -22"><span class='ocrx_word' id='word_1_140' title='bbox 163 1897 259 1949; x_wconf 79' lang='grc' dir='ltr'><strong>ἐπὶ</strong></span> <span class='ocrx_word' id='word_1_141' title='bbox 281 1901 345 1967; x_wconf 85' lang='grc' dir='ltr'>τῇ</span> <span class='ocrx_word' id='word_1_142' title='bbox 385 1898 635 1969; x_wconf 79' lang='grc' dir='ltr'><strong>ξυμφορᾷ</strong></span> <span class='ocrx_word' id='word_1_143' title='bbox 679 1900 775 1951; x_wconf 81' lang='grc' dir='ltr'><strong>καὶ</strong></span> <span class='ocrx_word' id='word_1_144' title='bbox 811 1899 1256 1970; x_wconf 85' lang='grc' dir='ltr'>κατεπτηχότων.</span> <span class='ocrx_word' id='word_1_145' title='bbox 1294 1900 1430 1954; x_wconf 89' lang='grc' dir='ltr'>Τότε</span> <span class='ocrx_word' id='word_1_146' title='bbox 1478 1901 1542 1971; x_wconf 84' lang='grc' dir='ltr'>δὴ</span> <span class='ocrx_word' id='word_1_147' title='bbox 1575 1897 1669 1955; x_wconf 86' lang='grc' dir='ltr'><strong>οῦν</strong></span> <span class='ocrx_word' id='word_1_148' title='bbox 1702 1903 1730 1954; x_wconf 78' lang='grc' dir='ltr'>ὁ</span> 
     </span>
    </p>
   </div>
   <div class='ocr_carea' id='block_1_22' title="bbox 165 1989 1729 2060">
    <p class='ocr_par' dir='ltr' id='par_1_22' title="bbox 165 1989 1729 2060">
     <span class='ocr_line' id='line_1_22' title="bbox 165 1989 1729 2060; baseline 0.004 -20"><span class='ocrx_word' id='word_1_149' title='bbox 165 1990 464 2058; x_wconf 81' lang='grc' dir='ltr'>Γερμανὸς,</span> <span class='ocrx_word' id='word_1_150' title='bbox 499 1989 595 2043; x_wconf 83' lang='grc' dir='ltr'>ἆτε</span> <span class='ocrx_word' id='word_1_151' title='bbox 627 1991 690 2060; x_wconf 85' lang='grc' dir='ltr'>δὴ</span> <span class='ocrx_word' id='word_1_152' title='bbox 722 1989 992 2054; x_wconf 85' lang='grc' dir='ltr'>νεώτατος</span> <span class='ocrx_word' id='word_1_153' title='bbox 1023 1991 1067 2022; x_wconf 73' lang='grc'><strong>⁸³</strong></span> <span class='ocrx_word' id='word_1_154' title='bbox 1095 1990 1171 2044; x_wconf 85' lang='grc' dir='ltr'><strong>ὢν</strong></span> <span class='ocrx_word' id='word_1_155' title='bbox 1201 1994 1295 2046; x_wconf 79' lang='grc' dir='ltr'>καὶ</span> <span class='ocrx_word' id='word_1_156' title='bbox 1321 1991 1473 2046; x_wconf 74' lang='grc' dir='ltr'>οὔπω</span> <span class='ocrx_word' id='word_1_157' title='bbox 1499 1994 1729 2058; x_wconf 85' lang='grc' dir='ltr'>ἐντελῶς</span> 
     </span>
    </p>
   </div>
   <div class='ocr_carea' id='block_1_23' title="bbox 163 2081 1730 2156">
    <p class='ocr_par' dir='ltr' id='par_1_23' title="bbox 163 2081 1730 2156">
     <span class='ocr_line' id='line_1_23' title="bbox 163 2081 1730 2156; baseline 0.005 -24"><span class='ocrx_word' id='word_1_158' title='bbox 163 2081 262 2145; x_wconf 74' lang='grc' dir='ltr'><strong>τὰς</strong></span> <span class='ocrx_word' id='word_1_159' title='bbox 291 2082 387 2151; x_wconf 90' lang='grc' dir='ltr'><strong>τῆς</strong></span> <span class='ocrx_word' id='word_1_160' title='bbox 434 2083 650 2152; x_wconf 90' lang='grc' dir='ltr'>φύσεως</span> <span class='ocrx_word' id='word_1_161' title='bbox 699 2084 918 2152; x_wconf 82' lang='grc' dir='ltr'>ἐπέχειν</span> <span class='ocrx_word' id='word_1_162' title='bbox 957 2084 1132 2155; x_wconf 87' lang='grc' dir='ltr'>ὁρμὰς</span> <span class='ocrx_word' id='word_1_163' title='bbox 1151 2085 1246 2137; x_wconf 82' lang='grc' dir='ltr'><strong>καὶ</strong></span> <span class='ocrx_word' id='word_1_164' title='bbox 1284 2084 1667 2156; x_wconf 85' lang='grc' dir='ltr'>ἐγκατείργειν</span> <span class='ocrx_word' id='word_1_165' title='bbox 1682 2085 1730 2118; x_wconf 66' lang='grc'><strong>⁸⁸</strong></span> 
     </span>
    </p>
   </div>
   <div class='ocr_carea' id='block_1_24' title="bbox 163 2173 1730 2246">
    <p class='ocr_par' dir='ltr' id='par_1_24' title="bbox 163 2173 1730 2246">
     <span class='ocr_line' id='line_1_24' title="bbox 163 2173 1730 2246; baseline 0.003 -21"><span class='ocrx_word' id='word_1_166' title='bbox 163 2173 479 2242; x_wconf 80' lang='grc' dir='ltr'>δυνάμενος,</span> <span class='ocrx_word' id='word_1_167' title='bbox 509 2175 645 2227; x_wconf 84' lang='grc' dir='ltr'>ἀλλὰ</span> <span class='ocrx_word' id='word_1_168' title='bbox 667 2174 828 2229; x_wconf 85' lang='grc' dir='ltr'>πλέον</span> <span class='ocrx_word' id='word_1_169' title='bbox 854 2174 948 2228; x_wconf 88' lang='grc' dir='ltr'><strong>τοῦ</strong></span> <span class='ocrx_word' id='word_1_170' title='bbox 977 2175 1297 2246; x_wconf 82' lang='grc' dir='ltr'>προμηθοῦς</span> <span class='ocrx_word' id='word_1_171' title='bbox 1316 2176 1410 2230; x_wconf 76' lang='grc' dir='ltr'>καὶ</span> <span class='ocrx_word' id='word_1_172' title='bbox 1435 2177 1730 2246; x_wconf 87' lang='grc' dir='ltr'>βεϐηκότος</span> 
     </span>
    </p>
   </div>
   <div class='ocr_carea' id='block_1_25' title="bbox 162 2265 1729 2342">
    <p class='ocr_par' dir='ltr' id='par_1_25' title="bbox 162 2265 1729 2342">
     <span class='ocr_line' id='line_1_25' title="bbox 162 2265 1729 2342; baseline 0.006 -27"><span class='ocrx_word' id='word_1_173' title='bbox 162 2265 240 2334; x_wconf 80' lang='grc' dir='ltr'>τῷ</span> <span class='ocrx_word' id='word_1_174' title='bbox 273 2265 635 2334; x_wconf 77' lang='grc' dir='ltr'>φιλοδοξοῦντι</span> <span class='ocrx_word' id='word_1_175' title='bbox 657 2266 753 2320; x_wconf 88' lang='grc' dir='ltr'><strong>τοῦ</strong></span> <span class='ocrx_word' id='word_1_176' title='bbox 770 2266 974 2338; x_wconf 85' lang='grc' dir='ltr'>τρόπου</span> <span class='ocrx_word' id='word_1_177' title='bbox 1009 2268 1104 2321; x_wconf 65' lang='grc' dir='ltr'><strong>καὶ¹</strong></span> <span class='ocrx_word' id='word_1_178' title='bbox 1126 2268 1565 2340; x_wconf 82' lang='grc' dir='ltr'>προθυμουμένῳ</span> <span class='ocrx_word' id='word_1_179' title='bbox 1589 2271 1729 2342; x_wconf 83' lang='grc' dir='ltr'>πέρα</span> 
     </span>
    </p>
   </div>
   <div class='ocr_carea' id='block_1_26' title="bbox 161 2356 1730 2431">
    <p class='ocr_par' dir='ltr' id='par_1_26' title="bbox 161 2356 1730 2431">
     <span class='ocr_line' id='line_1_26' title="bbox 161 2356 1730 2431; baseline 0.005 -24"><span class='ocrx_word' id='word_1_180' title='bbox 161 2356 256 2408; x_wconf 82' lang='grc' dir='ltr'><strong>τοῦ</strong></span> <span class='ocrx_word' id='word_1_181' title='bbox 303 2358 522 2428; x_wconf 85' lang='grc' dir='ltr'>μετρίου</span> <span class='ocrx_word' id='word_1_182' title='bbox 577 2359 915 2428; x_wconf 75' lang='grc' dir='ltr'>ἐγκείμενος,</span> <span class='ocrx_word' id='word_1_183' title='bbox 963 2359 1198 2427; x_wconf 77' lang='grc' dir='ltr'>ἀφειδῶς</span> <span class='ocrx_word' id='word_1_184' title='bbox 1229 2360 1388 2431; x_wconf 80' lang='grc' dir='ltr'>ἐπῄει</span> <span class='ocrx_word' id='word_1_185' title='bbox 1429 2363 1544 2423; x_wconf 83' lang='grc' dir='ltr'>τοῖς</span> <span class='ocrx_word' id='word_1_186' title='bbox 1571 2362 1730 2415; x_wconf 90' lang='grc' dir='ltr'>πολε-</span> 
     </span>
    </p>
   </div>
   <div class='ocr_carea' id='block_1_27' title="bbox 167 2447 1729 2522">
    <p class='ocr_par' dir='ltr' id='par_1_27' title="bbox 167 2447 1729 2522">
     <span class='ocr_line' id='line_1_27' title="bbox 167 2447 1729 2522; baseline 0.003 -24"><span class='ocrx_word' id='word_1_187' title='bbox 167 2447 309 2516; x_wconf 84' lang='grc' dir='ltr'>μίοις</span> <span class='ocrx_word' id='word_1_188' title='bbox 344 2449 438 2500; x_wconf 77' lang='grc' dir='ltr'>καὶ</span> <span class='ocrx_word' id='word_1_189' title='bbox 486 2449 930 2518; x_wconf 81' lang='grc' dir='ltr'>προύκινδύνευε,</span> <span class='ocrx_word' id='word_1_190' title='bbox 975 2450 1038 2503; x_wconf 85' lang='grc' dir='ltr'>οὐ</span> <span class='ocrx_word' id='word_1_191' title='bbox 1082 2451 1460 2522; x_wconf 85' lang='grc' dir='ltr'>στρατηγικῶς</span> <span class='ocrx_word' id='word_1_192' title='bbox 1495 2453 1729 2520; x_wconf 77' lang='grc' dir='ltr'>ἐπείγων</span> 
     </span>
    </p>
   </div>
   <div class='ocr_carea' id='block_1_28' title="bbox 163 2539 1727 2612">
    <p class='ocr_par' dir='ltr' id='par_1_28' title="bbox 163 2539 1727 2612">
     <span class='ocr_line' id='line_1_28' title="bbox 163 2539 1727 2612; baseline 0.004 -22"><span class='ocrx_word' id='word_1_193' title='bbox 163 2541 258 2592; x_wconf 84' lang='grc' dir='ltr'><strong>καὶ</strong></span> <span class='ocrx_word' id='word_1_194' title='bbox 288 2539 606 2603; x_wconf 82' lang='grc' dir='ltr'>διατάττων,</span> <span class='ocrx_word' id='word_1_195' title='bbox 652 2539 787 2594; x_wconf 87' lang='grc' dir='ltr'><strong>ἀλλά</strong></span> <span class='ocrx_word' id='word_1_196' title='bbox 826 2541 1362 2612; x_wconf 82' lang='grc' dir='ltr'>στρατιωτικώτερον</span> <span class='ocrx_word' id='word_1_197' title='bbox 1415 2543 1727 2612; x_wconf 87' lang='grc' dir='ltr'>συμπλεκό-</span> 
     </span>
    </p>
   </div>
   <div class='ocr_carea' id='block_1_29' title="bbox 165 2631 1726 2706">
    <p class='ocr_par' dir='ltr' id='par_1_29' title="bbox 165 2631 1726 2706">
     <span class='ocr_line' id='line_1_29' title="bbox 165 2631 1726 2706; baseline 0.003 -24"><span class='ocrx_word' id='word_1_198' title='bbox 165 2647 357 2698; x_wconf 85' lang='grc' dir='ltr'>μενος·</span> <span class='ocrx_word' id='word_1_199' title='bbox 390 2631 466 2701; x_wconf 81' lang='grc' dir='ltr'>τῷ</span> <span class='ocrx_word' id='word_1_200' title='bbox 497 2649 579 2684; x_wconf 91' lang='grc' dir='ltr'><strong>τοι</strong></span> <span class='ocrx_word' id='word_1_201' title='bbox 620 2633 728 2696; x_wconf 85' lang='grc' dir='ltr'>ἄρα</span> <span class='ocrx_word' id='word_1_202' title='bbox 771 2633 866 2686; x_wconf 73' lang='grc' dir='ltr'><strong>καὶ</strong></span> <span class='ocrx_word' id='word_1_203' title='bbox 917 2633 1215 2703; x_wconf 85' lang='grc' dir='ltr'>πλήττεται</span> <span class='ocrx_word' id='word_1_204' title='bbox 1247 2633 1394 2704; x_wconf 84' lang='grc' dir='ltr'>βέλει</span> <span class='ocrx_word' id='word_1_205' title='bbox 1417 2633 1508 2688; x_wconf 79' lang='grc' dir='ltr'><strong>τὸν</strong></span> <span class='ocrx_word' id='word_1_206' title='bbox 1532 2635 1726 2706; x_wconf 73' lang='grc' dir='ltr'>μηρὸν,</span> 
     </span>
    </p>
   </div>
   <div class='ocr_carea' id='block_1_30' title="bbox 163 2722 1722 2798">
    <p class='ocr_par' dir='ltr' id='par_1_30' title="bbox 163 2722 1722 2798">
     <span class='ocr_line' id='line_1_30' title="bbox 163 2722 1722 2798; baseline 0.006 -26"><span class='ocrx_word' id='word_1_207' title='bbox 163 2722 240 2784; x_wconf 80' lang='grc' dir='ltr'>ὡς</span> <span class='ocrx_word' id='word_1_208' title='bbox 273 2722 470 2791; x_wconf 81' lang='grc' dir='ltr'>μικροῦ</span> <span class='ocrx_word' id='word_1_209' title='bbox 493 2723 605 2776; x_wconf 78' lang='grc' dir='ltr'>δεῖν</span> <span class='ocrx_word' id='word_1_210' title='bbox 651 2723 916 2793; x_wconf 86' lang='grc' dir='ltr'>μελλῆσαι</span> <span class='ocrx_word' id='word_1_211' title='bbox 962 2726 1248 2796; x_wconf 86' lang='grc' dir='ltr'>ἁπόμαχος</span> <span class='ocrx_word' id='word_1_212' title='bbox 1283 2727 1544 2780; x_wconf 78' lang='grc' dir='ltr'>ἔσεσθαι·</span> <span class='ocrx_word' id='word_1_213' title='bbox 1585 2727 1722 2798; x_wconf 82' lang='grc' dir='ltr'>πλὴν</span> 
     </span>
    </p>
   </div>
   <div class='ocr_carea' id='block_1_31' title="bbox 159 2812 1721 2890">
    <p class='ocr_par' dir='ltr' id='par_1_31' title="bbox 159 2812 1721 2890">
     <span class='ocr_line' id='line_1_31' title="bbox 159 2812 1721 2890; baseline 0.006 -27"><span class='ocrx_word' id='word_1_214' title='bbox 159 2812 275 2864; x_wconf 74' lang='grc' dir='ltr'>ἀλλ’</span> <span class='ocrx_word' id='word_1_215' title='bbox 300 2814 333 2882; x_wconf 81' lang='grc' dir='ltr'><strong>ἡ</strong></span> <span class='ocrx_word' id='word_1_216' title='bbox 357 2813 464 2866; x_wconf 91' lang='grc' dir='ltr'><strong>τῶν</strong></span> <span class='ocrx_word' id='word_1_217' title='bbox 486 2816 863 2885; x_wconf 74' lang='grc' dir='ltr'>ἐφεστηκότων</span> <span class='ocrx_word' id='word_1_218' title='bbox 905 2818 1247 2888; x_wconf 77' lang='grc' dir='ltr'>πραγμάτων</span> <span class='ocrx_word' id='word_1_219' title='bbox 1276 2820 1508 2890; x_wconf 87' lang='grc' dir='ltr'>ἀνάγκη,</span> <span class='ocrx_word' id='word_1_220' title='bbox 1535 2820 1629 2872; x_wconf 80' lang='grc' dir='ltr'><strong>καὶ</strong></span> <span class='ocrx_word' id='word_1_221' title='bbox 1660 2820 1721 2872; x_wconf 86' lang='grc' dir='ltr'>τὺ</span> 
     </span>
    </p>
   </div>
   <div class='ocr_carea' id='block_1_32' title="bbox 164 2904 1727 2982">
    <p class='ocr_par' dir='ltr' id='par_1_32' title="bbox 164 2904 1727 2982">
     <span class='ocr_line' id='line_1_32' title="bbox 164 2904 1727 2982; baseline 0.006 -26"><span class='ocrx_word' id='word_1_222' title='bbox 164 2904 393 2972; x_wconf 85' lang='grc' dir='ltr'>μέγεθος</span> <span class='ocrx_word' id='word_1_223' title='bbox 420 2907 513 2960; x_wconf 88' lang='grc' dir='ltr'><strong>τοῦ</strong></span> <span class='ocrx_word' id='word_1_224' title='bbox 548 2909 944 2979; x_wconf 83' lang='grc' dir='ltr'>ἐγχειρήματος</span> <span class='ocrx_word' id='word_1_225' title='bbox 975 2912 1386 2982; x_wconf 85' lang='grc' dir='ltr'>ἐγκρατέστερα</span> <span class='ocrx_word' id='word_1_226' title='bbox 1414 2915 1512 2982; x_wconf 86' lang='grc' dir='ltr'><strong>τῆς</strong></span> <span class='ocrx_word' id='word_1_227' title='bbox 1534 2911 1727 2982; x_wconf 74' lang='grc' dir='ltr'>ὀδύνης</span> 
     </span>
    </p>
   </div>
   <div class='ocr_carea' id='block_1_33' title="bbox 161 2993 1728 3071">
    <p class='ocr_par' dir='ltr' id='par_1_33' title="bbox 161 2993 1728 3071">
     <span class='ocr_line' id='line_1_33' title="bbox 161 2993 1728 3071; baseline 0.008 -29"><span class='ocrx_word' id='word_1_228' title='bbox 161 2993 452 3062; x_wconf 81' lang='grc' dir='ltr'>γεγένηται</span> <span class='ocrx_word' id='word_1_229' title='bbox 478 3010 490 3022; x_wconf 86' lang='grc'><strong>·</strong></span> <span class='ocrx_word' id='word_1_230' title='bbox 524 2996 619 3047; x_wconf 79' lang='grc' dir='ltr'><strong>καὶ</strong></span> <span class='ocrx_word' id='word_1_231' title='bbox 640 2997 698 3048; x_wconf 82' lang='grc' dir='ltr'>ού</span> <span class='ocrx_word' id='word_1_232' title='bbox 717 2998 982 3067; x_wconf 87' lang='grc' dir='ltr'>πρότερον</span> <span class='ocrx_word' id='word_1_233' title='bbox 1005 3001 1205 3070; x_wconf 84' lang='grc' dir='ltr'>ἀνῆκεν</span> <span class='ocrx_word' id='word_1_234' title='bbox 1224 3001 1388 3062; x_wconf 84' lang='grc' dir='ltr'>αὐτός</span> <span class='ocrx_word' id='word_1_235' title='bbox 1419 3019 1479 3053; x_wconf 89' lang='grc' dir='ltr'><strong>τε</strong></span> <span class='ocrx_word' id='word_1_236' title='bbox 1512 3002 1728 3071; x_wconf 89' lang='grc' dir='ltr'>μοχθῶν</span> 
     </span>
    </p>
   </div>
   <div class='ocr_carea' id='block_1_34' title="bbox 162 3084 1728 3162">
    <p class='ocr_par' dir='ltr' id='par_1_34' title="bbox 162 3084 1728 3162">
     <span class='ocr_line' id='line_1_34' title="bbox 162 3084 1728 3162; baseline 0.006 -27"><span class='ocrx_word' id='word_1_237' title='bbox 162 3084 259 3136; x_wconf 77' lang='grc' dir='ltr'><strong>καὶ</strong></span> <span class='ocrx_word' id='word_1_238' title='bbox 285 3088 398 3147; x_wconf 85' lang='grc' dir='ltr'>τοῖς</span> <span class='ocrx_word' id='word_1_239' title='bbox 428 3085 608 3150; x_wconf 81' lang='grc' dir='ltr'>ἄλλοις</span> <span class='ocrx_word' id='word_1_240' title='bbox 640 3088 1084 3156; x_wconf 76' lang='grc' dir='ltr'>ἐγκελευόμενος,</span> <span class='ocrx_word' id='word_1_241' title='bbox 1115 3092 1243 3162; x_wconf 75' lang='grc' dir='ltr'>πρὶν</span> <span class='ocrx_word' id='word_1_242' title='bbox 1292 3091 1499 3160; x_wconf 85' lang='grc' dir='ltr'>σφόδρα</span> <span class='ocrx_word' id='word_1_243' title='bbox 1536 3093 1728 3162; x_wconf 85' lang='grc' dir='ltr'>πημῆ-</span> 
     </span>
    </p>
   </div>
   <div class='ocr_carea' id='block_1_35' title="bbox 162 3175 1724 3253">
    <p class='ocr_par' dir='ltr' id='par_1_35' title="bbox 162 3175 1724 3253">
     <span class='ocr_line' id='line_1_35' title="bbox 162 3175 1724 3253; baseline 0.008 -28"><span class='ocrx_word' id='word_1_244' title='bbox 162 3193 252 3226; x_wconf 80' lang='grc' dir='ltr'><strong>ναι</strong></span> <span class='ocrx_word' id='word_1_245' title='bbox 273 3176 332 3227; x_wconf 77' lang='grc' dir='ltr'>τὸ</span> <span class='ocrx_word' id='word_1_246' title='bbox 355 3175 617 3246; x_wconf 83' lang='grc' dir='ltr'>δυσμενὲς</span> <span class='ocrx_word' id='word_1_247' title='bbox 653 3180 746 3233; x_wconf 74' lang='grc' dir='ltr'>καὶ</span> <span class='ocrx_word' id='word_1_248' title='bbox 769 3179 992 3243; x_wconf 79' lang='grc' dir='ltr'>πολλοὺς</span> <span class='ocrx_word' id='word_1_249' title='bbox 1019 3182 1176 3245; x_wconf 85' lang='grc' dir='ltr'>ὅσους</span> <span class='ocrx_word' id='word_1_250' title='bbox 1203 3181 1634 3253; x_wconf 84' lang='grc' dir='ltr'>διαχειρίσασθαι</span> <span class='ocrx_word' id='word_1_251' title='bbox 1657 3184 1724 3238; x_wconf 70' lang='grc'><strong>⁸⁸.</strong></span> 
     </span>
    </p>
   </div>
   <div class='ocr_carea' id='block_1_36' title="bbox 160 3264 1726 3345">
    <p class='ocr_par' dir='ltr' id='par_1_36' title="bbox 160 3264 1726 3345">
     <span class='ocr_line' id='line_1_36' title="bbox 160 3264 1726 3345; baseline 0.008 -28"><span class='ocrx_word' id='word_1_252' title='bbox 160 3267 296 3318; x_wconf 87' lang='grc' dir='ltr'>Τότε</span> <span class='ocrx_word' id='word_1_253' title='bbox 326 3267 424 3337; x_wconf 83' lang='grc' dir='ltr'><strong>μὲν</strong></span> <span class='ocrx_word' id='word_1_254' title='bbox 457 3264 550 3321; x_wconf 85' lang='grc' dir='ltr'><strong>οῦν</strong></span> <span class='ocrx_word' id='word_1_255' title='bbox 591 3269 829 3322; x_wconf 85' lang='grc' dir='ltr'>διελύετο</span> <span class='ocrx_word' id='word_1_256' title='bbox 854 3273 887 3341; x_wconf 84' lang='grc' dir='ltr'>ὴ</span> <span class='ocrx_word' id='word_1_257' title='bbox 923 3272 1067 3343; x_wconf 82' lang='grc' dir='ltr'>μάχη</span> <span class='ocrx_word' id='word_1_258' title='bbox 1090 3289 1103 3301; x_wconf 86' lang='grc'><strong>·</strong></span> <span class='ocrx_word' id='word_1_259' title='bbox 1149 3275 1240 3326; x_wconf 78' lang='grc' dir='ltr'><strong>καὶ</strong></span> <span class='ocrx_word' id='word_1_260' title='bbox 1265 3275 1314 3326; x_wconf 80' lang='lat' dir='ltr'><strong>oi</strong></span> <span class='ocrx_word' id='word_1_261' title='bbox 1353 3276 1610 3345; x_wconf 79' lang='grc' dir='ltr'>Ῥωμαῖοι</span> <span class='ocrx_word' id='word_1_262' title='bbox 1630 3273 1726 3330; x_wconf 81' lang='grc' dir='ltr'>αῦ-</span> 
     </span>
    </p>
   </div>
   <div class='ocr_carea' id='block_1_37' title="bbox 161 3358 1724 3433">
    <p class='ocr_par' dir='ltr' id='par_1_37' title="bbox 161 3358 1724 3433">
     <span class='ocr_line' id='line_1_37' title="bbox 161 3358 1724 3433; baseline 0.006 -23"><span class='ocrx_word' id='word_1_263' title='bbox 161 3360 246 3421; x_wconf 85' lang='grc' dir='ltr'><strong>θις</strong></span> <span class='ocrx_word' id='word_1_264' title='bbox 285 3358 416 3411; x_wconf 85' lang='grc' dir='ltr'>εἵσω</span> <span class='ocrx_word' id='word_1_265' title='bbox 441 3359 534 3412; x_wconf 88' lang='grc' dir='ltr'><strong>τοῦ</strong></span> <span class='ocrx_word' id='word_1_266' title='bbox 583 3359 855 3431; x_wconf 83' lang='grc' dir='ltr'>ἐρύματος</span> <span class='ocrx_word' id='word_1_267' title='bbox 887 3363 1208 3433; x_wconf 85' lang='grc' dir='ltr'>ἐπανῆλθον,</span> <span class='ocrx_word' id='word_1_268' title='bbox 1243 3365 1612 3432; x_wconf 83' lang='grc' dir='ltr'>γινώσκοντες</span> <span class='ocrx_word' id='word_1_269' title='bbox 1647 3367 1724 3432; x_wconf 85' lang='grc' dir='ltr'><strong>ὡς</strong></span> 
     </span>
    </p>
   </div>
   <div class='ocr_carea' id='block_1_38' title="bbox 160 3451 1794 3546">
    <p class='ocr_par' dir='ltr' id='par_1_38' title="bbox 160 3451 1794 3546">
     <span class='ocr_line' id='line_1_38' title="bbox 160 3451 1794 3546; baseline 0.007 -46"><span class='ocrx_word' id='word_1_270' title='bbox 160 3452 263 3501; x_wconf 70' lang='grc' dir='ltr'>οὐκ</span> <span class='ocrx_word' id='word_1_271' title='bbox 313 3451 551 3518; x_wconf 81' lang='grc' dir='ltr'>ἀσφαλὲς</span> <span class='ocrx_word' id='word_1_272' title='bbox 615 3452 797 3515; x_wconf 75' lang='grc' dir='ltr'>αὐτοῖς</span> <span class='ocrx_word' id='word_1_273' title='bbox 840 3454 961 3506; x_wconf 80' lang='grc' dir='ltr'>οὐδὲ</span> <span class='ocrx_word' id='word_1_274' title='bbox 1000 3454 1254 3507; x_wconf 71' lang='grc' dir='ltr'>εὔϐουλον</span> <span class='ocrx_word' id='word_1_275' title='bbox 1297 3461 1438 3509; x_wconf 76' lang='grc' dir='ltr'>κατὰ</span> <span class='ocrx_word' id='word_1_276' title='bbox 1478 3457 1612 3511; x_wconf 79' lang='grc' dir='ltr'>πολὺ</span> <span class='ocrx_word' id='word_1_277' title='bbox 1647 3458 1723 3529; x_wconf 84' lang='grc' dir='ltr'>τῷ</span> <span class='ocrx_word' id='word_1_278' title='bbox 1751 3488 1794 3546; x_wconf 76' lang='lat' dir='ltr'><strong>c</strong></span> 
     </span>
    </p>
   </div>
   <div class='ocr_carea' id='block_1_39' title="bbox 161 3536 1724 3616">
    <p class='ocr_par' dir='ltr' id='par_1_39' title="bbox 161 3536 1724 3616">
     <span class='ocr_line' id='line_1_39' title="bbox 161 3536 1724 3616; baseline 0.008 -30"><span class='ocrx_word' id='word_1_279' title='bbox 161 3536 358 3607; x_wconf 83' lang='grc' dir='ltr'>πλήθει</span> <span class='ocrx_word' id='word_1_280' title='bbox 381 3538 842 3609; x_wconf 84' lang='grc' dir='ltr'>ἐλλαττουμένοις,</span> <span class='ocrx_word' id='word_1_281' title='bbox 879 3538 997 3593; x_wconf 75' lang='grc' dir='ltr'>εἶτα</span> <span class='ocrx_word' id='word_1_282' title='bbox 1029 3544 1193 3612; x_wconf 83' lang='grc' dir='ltr'>μέχρι</span> <span class='ocrx_word' id='word_1_283' title='bbox 1227 3543 1425 3607; x_wconf 86' lang='grc' dir='ltr'>παντὸς</span> <span class='ocrx_word' id='word_1_284' title='bbox 1459 3546 1724 3616; x_wconf 84' lang='grc' dir='ltr'>συστάδην</span> 
     </span>
    </p>
   </div>
   <div class='ocr_carea' id='block_1_40' title="bbox 158 3629 1725 3706">
    <p class='ocr_par' dir='ltr' id='par_1_40' title="bbox 158 3629 1725 3706">
     <span class='ocr_line' id='line_1_40' title="bbox 158 3629 1725 3706; baseline 0.005 -27"><span class='ocrx_word' id='word_1_285' title='bbox 158 3629 598 3695; x_wconf 75' lang='grc' dir='ltr'>διαγωνίζεσθαι.</span> <span class='ocrx_word' id='word_1_286' title='bbox 632 3631 725 3693; x_wconf 85' lang='grc' dir='ltr'><strong>Εἰς</strong></span> <span class='ocrx_word' id='word_1_287' title='bbox 748 3631 906 3684; x_wconf 89' lang='grc' dir='ltr'>τοῦτο</span> <span class='ocrx_word' id='word_1_288' title='bbox 929 3633 986 3686; x_wconf 82' lang='grc' dir='ltr'>δὲ</span> <span class='ocrx_word' id='word_1_289' title='bbox 1022 3633 1170 3703; x_wconf 84' lang='grc' dir='ltr'>ὅμως</span> <span class='ocrx_word' id='word_1_290' title='bbox 1200 3635 1250 3686; x_wconf 84' lang='grc' dir='ltr'>οἱ</span> <span class='ocrx_word' id='word_1_291' title='bbox 1281 3633 1554 3706; x_wconf 83' lang='grc' dir='ltr'>Βάρϐαροι</span> <span class='ocrx_word' id='word_1_292' title='bbox 1591 3634 1725 3704; x_wconf 74' lang='grc' dir='ltr'>ἤλα-</span> 
     </span>
    </p>
   </div>
   <div class='ocr_carea' id='block_1_41' title="bbox 163 3722 1726 3797">
    <p class='ocr_par' dir='ltr' id='par_1_41' title="bbox 163 3722 1726 3797">
     <span class='ocr_line' id='line_1_41' title="bbox 163 3722 1726 3797; baseline 0.006 -25"><span class='ocrx_word' id='word_1_293' title='bbox 163 3734 267 3773; x_wconf 83' lang='grc' dir='ltr'><strong>σαν</strong></span> <span class='ocrx_word' id='word_1_294' title='bbox 292 3722 526 3790; x_wconf 82' lang='grc' dir='ltr'>ἀπορίας</span> <span class='ocrx_word' id='word_1_295' title='bbox 564 3723 656 3775; x_wconf 89' lang='grc' dir='ltr'><strong>ἐπί</strong></span> <span class='ocrx_word' id='word_1_296' title='bbox 689 3739 747 3776; x_wconf 90' lang='grc' dir='ltr'><strong>τε</strong></span> <span class='ocrx_word' id='word_1_297' title='bbox 782 3727 846 3794; x_wconf 78' lang='grc' dir='ltr'>τῇ</span> <span class='ocrx_word' id='word_1_298' title='bbox 878 3726 942 3778; x_wconf 85' lang='grc' dir='ltr'><strong>ἐκ</strong></span> <span class='ocrx_word' id='word_1_299' title='bbox 987 3724 1096 3777; x_wconf 87' lang='grc' dir='ltr'><strong>τῶν</strong></span> <span class='ocrx_word' id='word_1_300' title='bbox 1131 3727 1402 3794; x_wconf 85' lang='grc' dir='ltr'>ναυαγίων</span> <span class='ocrx_word' id='word_1_301' title='bbox 1441 3728 1603 3797; x_wconf 81' lang='grc' dir='ltr'>φορᾷ,</span> <span class='ocrx_word' id='word_1_302' title='bbox 1633 3728 1726 3781; x_wconf 84' lang='grc' dir='ltr'>καὶ</span> 
     </span>
    </p>
   </div>
   <div class='ocr_carea' id='block_1_42' title="bbox 159 3811 1725 3892">
    <p class='ocr_par' dir='ltr' id='par_1_42' title="bbox 159 3811 1725 3892">
     <span class='ocr_line' id='line_1_42' title="bbox 159 3811 1725 3892; baseline 0.006 -28"><span class='ocrx_word' id='word_1_303' title='bbox 159 3814 246 3865; x_wconf 83' lang='grc' dir='ltr'>ὃτι</span> <span class='ocrx_word' id='word_1_304' title='bbox 306 3811 498 3882; x_wconf 84' lang='grc' dir='ltr'>ἁθρόον</span> <span class='ocrx_word' id='word_1_305' title='bbox 536 3814 582 3844; x_wconf 76' lang='grc'>⁸⁸</span> <span class='ocrx_word' id='word_1_306' title='bbox 633 3816 684 3868; x_wconf 79' lang='grc' dir='ltr'><strong>οἱ</strong></span> <span class='ocrx_word' id='word_1_307' title='bbox 723 3817 983 3886; x_wconf 86' lang='grc' dir='ltr'>Ῥωμαῖοι</span> <span class='ocrx_word' id='word_1_308' title='bbox 1025 3819 1145 3870; x_wconf 85' lang='grc' dir='ltr'>κατ’</span> <span class='ocrx_word' id='word_1_309' title='bbox 1185 3819 1364 3871; x_wconf 77' lang='grc' dir='ltr'>αὐτῶν</span> <span class='ocrx_word' id='word_1_310' title='bbox 1420 3820 1725 3892; x_wconf 83' lang='grc' dir='ltr'>προσϐολὴν</span> 
     </span>
    </p>
   </div>
   <div class='ocr_carea' id='block_1_43' title="bbox 161 3907 1724 3982">
    <p class='ocr_par' dir='ltr' id='par_1_43' title="bbox 161 3907 1724 3982">
     <span class='ocr_line' id='line_1_43' title="bbox 161 3907 1724 3982; baseline 0.006 -26"><span class='ocrx_word' id='word_1_311' title='bbox 161 3907 510 3976; x_wconf 77' lang='grc' dir='ltr'>ἐποιήσαντο,</span> <span class='ocrx_word' id='word_1_312' title='bbox 559 3908 634 3969; x_wconf 84' lang='grc' dir='ltr'>ὡς</span> <span class='ocrx_word' id='word_1_313' title='bbox 689 3908 933 3978; x_wconf 80' lang='grc' dir='ltr'>μεθεῖναι</span> <span class='ocrx_word' id='word_1_314' title='bbox 974 3910 1287 3981; x_wconf 75' lang='grc' dir='ltr'>αὐθημερὸν</span> <span class='ocrx_word' id='word_1_315' title='bbox 1337 3910 1403 3964; x_wconf 77' lang='grc' dir='ltr'><strong>τὰ</strong></span> <span class='ocrx_word' id='word_1_316' title='bbox 1447 3913 1590 3981; x_wconf 72' lang='grc' dir='ltr'>ἀμφὶ</span> <span class='ocrx_word' id='word_1_317' title='bbox 1624 3912 1724 3982; x_wconf 83' lang='grc' dir='ltr'>τὴν</span> 
     </span>
    </p>
   </div>
   <div class='ocr_carea' id='block_1_44' title="bbox 161 3997 1726 4073">
    <p class='ocr_par' dir='ltr' id='par_1_44' title="bbox 161 3997 1726 4073">
     <span class='ocr_line' id='line_1_44' title="bbox 161 3997 1726 4073; baseline 0.004 -23"><span class='ocrx_word' id='word_1_318' title='bbox 161 3997 509 4068; x_wconf 74' lang='grc' dir='ltr'>Χερρόνησον</span> <span class='ocrx_word' id='word_1_319' title='bbox 562 3999 745 4064; x_wconf 84' lang='grc' dir='ltr'>πεδία,</span> <span class='ocrx_word' id='word_1_320' title='bbox 800 4003 893 4054; x_wconf 74' lang='grc' dir='ltr'>καὶ</span> <span class='ocrx_word' id='word_1_321' title='bbox 949 4003 1085 4071; x_wconf 69' lang='grc' dir='ltr'>πρὸς</span> <span class='ocrx_word' id='word_1_322' title='bbox 1118 4002 1209 4054; x_wconf 87' lang='grc' dir='ltr'><strong>τὸν</strong></span> <span class='ocrx_word' id='word_1_323' title='bbox 1233 4002 1513 4073; x_wconf 72' lang='grc' dir='ltr'>Ζαϐεργάν</span> <span class='ocrx_word' id='word_1_324' title='bbox 1543 4020 1602 4056; x_wconf 90' lang='grc' dir='ltr'><strong>τε</strong></span> <span class='ocrx_word' id='word_1_325' title='bbox 1635 4005 1726 4056; x_wconf 64' lang='grc' dir='ltr'><strong>καὶ⁹</strong></span> 
     </span>
    </p>
   </div>
   <div class='ocr_carea' id='block_1_45' title="bbox 161 4090 1726 4165">
    <p class='ocr_par' dir='ltr' id='par_1_45' title="bbox 161 4090 1726 4165">
     <span class='ocr_line' id='line_1_45' title="bbox 161 4090 1726 4165; baseline 0.004 -24"><span class='ocrx_word' id='word_1_326' title='bbox 161 4090 258 4142; x_wconf 85' lang='grc' dir='ltr'><strong>τὸν</strong></span> <span class='ocrx_word' id='word_1_327' title='bbox 279 4093 418 4158; x_wconf 78' lang='grc' dir='ltr'>ἀμφ’</span> <span class='ocrx_word' id='word_1_328' title='bbox 460 4091 620 4144; x_wconf 81' lang='grc' dir='ltr'>αὐτὸν</span> <span class='ocrx_word' id='word_1_329' title='bbox 668 4092 855 4162; x_wconf 85' lang='grc' dir='ltr'>ὅμιλον</span> <span class='ocrx_word' id='word_1_330' title='bbox 900 4094 1214 4160; x_wconf 83' lang='grc' dir='ltr'>ἀφικέσθαι,</span> <span class='ocrx_word' id='word_1_331' title='bbox 1259 4094 1546 4163; x_wconf 75' lang='grc' dir='ltr'>ἡττημένοι</span> <span class='ocrx_word' id='word_1_332' title='bbox 1589 4096 1726 4165; x_wconf 85' lang='grc' dir='ltr'>πρὸς</span> 
     </span>
    </p>
   </div>
   <div class='ocr_carea' id='block_1_46' title="bbox 161 4181 1727 4256">
    <p class='ocr_par' dir='ltr' id='par_1_46' title="bbox 161 4181 1727 4256">
     <span class='ocr_line' id='line_1_46' title="bbox 161 4181 1727 4256; baseline 0.004 -24"><span class='ocrx_word' id='word_1_333' title='bbox 161 4181 526 4250; x_wconf 75' lang='grc' dir='ltr'>ἡττημένους.</span> <span class='ocrx_word' id='word_1_334' title='bbox 561 4183 625 4234; x_wconf 84' lang='lat' dir='ltr'><strong>Oi</strong></span> <span class='ocrx_word' id='word_1_335' title='bbox 646 4182 702 4235; x_wconf 85' lang='grc' dir='ltr'>δὲ</span> <span class='ocrx_word' id='word_1_336' title='bbox 719 4183 822 4236; x_wconf 84' lang='grc' dir='ltr'>ἀνὰ</span> <span class='ocrx_word' id='word_1_337' title='bbox 841 4183 939 4254; x_wconf 86' lang='grc' dir='ltr'>τὴν</span> <span class='ocrx_word' id='word_1_338' title='bbox 969 4185 1199 4238; x_wconf 84' lang='grc' dir='ltr'>Ἐλλάδα</span> <span class='ocrx_word' id='word_1_339' title='bbox 1228 4185 1489 4256; x_wconf 86' lang='grc' dir='ltr'>πρότερον</span> <span class='ocrx_word' id='word_1_340' title='bbox 1530 4187 1727 4239; x_wconf 82' lang='grc' dir='ltr'>ἐσταλ-</span> 
     </span>
    </p>
   </div>
   <div class='ocr_carea' id='block_1_47' title="bbox 165 4275 1728 4351">
    <p class='ocr_par' dir='ltr' id='par_1_47' title="bbox 165 4275 1728 4351">
     <span class='ocr_line' id='line_1_47' title="bbox 165 4275 1728 4351; baseline 0.003 -23"><span class='ocrx_word' id='word_1_341' title='bbox 165 4275 342 4346; x_wconf 88' lang='grc' dir='ltr'>μένοι,</span> <span class='ocrx_word' id='word_1_342' title='bbox 371 4275 524 4328; x_wconf 85' lang='grc' dir='ltr'>ούδέν</span> <span class='ocrx_word' id='word_1_343' title='bbox 559 4293 612 4329; x_wconf 86' lang='grc' dir='ltr'><strong>τι</strong></span> <span class='ocrx_word' id='word_1_344' title='bbox 639 4277 1012 4349; x_wconf 77' lang='grc' dir='ltr'>ἀξιαφήγητον</span> <span class='ocrx_word' id='word_1_345' title='bbox 1050 4279 1303 4350; x_wconf 76' lang='grc' dir='ltr'>ἔδρασαν,</span> <span class='ocrx_word' id='word_1_346' title='bbox 1339 4282 1473 4351; x_wconf 86' lang='grc' dir='ltr'>μήτε</span> <span class='ocrx_word' id='word_1_347' title='bbox 1509 4281 1586 4351; x_wconf 81' lang='grc' dir='ltr'>τῷ</span> <span class='ocrx_word' id='word_1_348' title='bbox 1623 4280 1728 4333; x_wconf 73' lang='grc' dir='ltr'><strong>Ἰσι-</strong></span> 
     </span>
    </p>
   </div>
   <div class='ocr_carea' id='block_1_48' title="bbox 163 4369 1728 4445">
    <p class='ocr_par' dir='ltr' id='par_1_48' title="bbox 163 4369 1728 4445">
     <span class='ocr_line' id='line_1_48' title="bbox 163 4369 1728 4445; baseline 0.004 -24"><span class='ocrx_word' id='word_1_349' title='bbox 163 4369 291 4439; x_wconf 84' lang='grc' dir='ltr'>θμῷ</span> <span class='ocrx_word' id='word_1_350' title='bbox 325 4370 742 4442; x_wconf 85' lang='grc' dir='ltr'>προσϐαλόντες,</span> <span class='ocrx_word' id='word_1_351' title='bbox 789 4373 923 4442; x_wconf 84' lang='grc' dir='ltr'>μηδέ</span> <span class='ocrx_word' id='word_1_352' title='bbox 952 4389 1016 4440; x_wconf 89' lang='grc' dir='ltr'><strong>γε</strong></span> <span class='ocrx_word' id='word_1_353' title='bbox 1045 4375 1147 4444; x_wconf 81' lang='grc' dir='ltr'>τὴν</span> <span class='ocrx_word' id='word_1_354' title='bbox 1179 4373 1351 4445; x_wconf 80' lang='grc' dir='ltr'>ἀρχὴν</span> <span class='ocrx_word' id='word_1_355' title='bbox 1387 4374 1486 4437; x_wconf 88' lang='grc' dir='ltr'>τὰς</span> <span class='ocrx_word' id='word_1_356' title='bbox 1511 4374 1728 4445; x_wconf 89' lang='grc' dir='ltr'>Θερμο-</span> 
     </span>
    </p>
   </div>
   <div class='ocr_carea' id='block_1_49' title="bbox 164 4460 1730 4538">
    <p class='ocr_par' dir='ltr' id='par_1_49' title="bbox 164 4460 1730 4538">
     <span class='ocr_line' id='line_1_49' title="bbox 164 4460 1730 4538; baseline 0.006 -27"><span class='ocrx_word' id='word_1_357' title='bbox 164 4460 346 4524; x_wconf 75' lang='grc' dir='ltr'>πύλας</span> <span class='ocrx_word' id='word_1_358' title='bbox 375 4463 855 4535; x_wconf 80' lang='grc' dir='ltr'>παραμειψάμενοι</span> <span class='ocrx_word' id='word_1_359' title='bbox 883 4465 973 4518; x_wconf 79' lang='grc' dir='ltr'>διὰ</span> <span class='ocrx_word' id='word_1_360' title='bbox 1014 4467 1114 4536; x_wconf 85' lang='grc' dir='ltr'><strong>τὴν</strong></span> <span class='ocrx_word' id='word_1_361' title='bbox 1151 4469 1393 4538; x_wconf 73' lang='grc' dir='ltr'>φρουρὰν</span> <span class='ocrx_word' id='word_1_362' title='bbox 1418 4469 1525 4522; x_wconf 88' lang='grc' dir='ltr'><strong>τῶν</strong></span> <span class='ocrx_word' id='word_1_363' title='bbox 1551 4470 1730 4521; x_wconf 81' lang='grc' dir='ltr'>ἐκεῖσε</span> 
     </span>
    </p>
   </div>
   <div class='ocr_carea' id='block_1_50' title="bbox 166 4551 1730 4631">
    <p class='ocr_par' dir='ltr' id='par_1_50' title="bbox 166 4551 1730 4631">
     <span class='ocr_line' id='line_1_50' title="bbox 166 4551 1730 4631; baseline 0.008 -29"><span class='ocrx_word' id='word_1_364' title='bbox 166 4551 419 4622; x_wconf 81' lang='grc' dir='ltr'>ίδρύσθαι</span> <span class='ocrx_word' id='word_1_365' title='bbox 464 4556 817 4624; x_wconf 87' lang='grc' dir='ltr'>τεταγμένων</span> <span class='ocrx_word' id='word_1_366' title='bbox 851 4557 1156 4627; x_wconf 84' lang='grc' dir='ltr'>Ῥωμαίων.</span> <span class='ocrx_word' id='word_1_367' title='bbox 1204 4559 1492 4631; x_wconf 84' lang='grc' dir='ltr'>Τοιγάρτοι</span> <span class='ocrx_word' id='word_1_368' title='bbox 1514 4563 1730 4630; x_wconf 81' lang='grc' dir='ltr'>ἀποχω-</span> 
     </span>
    </p>
   </div>
   <div class='ocr_carea' id='block_1_51' title="bbox 163 4641 1730 4720">
    <p class='ocr_par' dir='ltr' id='par_1_51' title="bbox 163 4641 1730 4720">
     <span class='ocr_line' id='line_1_51' title="bbox 163 4641 1730 4720; baseline 0.006 -27"><span class='ocrx_word' id='word_1_369' title='bbox 163 4641 436 4710; x_wconf 77' lang='grc' dir='ltr'>ρῆσαντες</span> <span class='ocrx_word' id='word_1_370' title='bbox 465 4646 560 4697; x_wconf 71' lang='grc' dir='ltr'><strong>καὶ</strong></span> <span class='ocrx_word' id='word_1_371' title='bbox 588 4646 718 4708; x_wconf 83' lang='grc' dir='ltr'>οἵδε,</span> <span class='ocrx_word' id='word_1_372' title='bbox 748 4647 847 4716; x_wconf 84' lang='grc' dir='ltr'><strong>τῆς</strong></span> <span class='ocrx_word' id='word_1_373' title='bbox 881 4649 973 4700; x_wconf 76' lang='grc' dir='ltr'><strong>ἐπὶ</strong></span> <span class='ocrx_word' id='word_1_374' title='bbox 995 4648 1094 4718; x_wconf 83' lang='grc' dir='ltr'><strong>τὴν</strong></span> <span class='ocrx_word' id='word_1_375' title='bbox 1133 4648 1354 4720; x_wconf 81' lang='grc' dir='ltr'>Θρᾴκην</span> <span class='ocrx_word' id='word_1_376' title='bbox 1383 4649 1590 4718; x_wconf 70' lang='grc' dir='ltr'>εἴχοντο</span> <span class='ocrx_word' id='word_1_377' title='bbox 1627 4667 1730 4703; x_wconf 90' lang='grc' dir='ltr'><strong>πο-</strong></span> 
     </span>
    </p>
   </div>
   <div class='ocr_carea' id='block_1_52' title="bbox 168 4735 1725 4811">
    <p class='ocr_par' dir='ltr' id='par_1_52' title="bbox 168 4735 1725 4811">
     <span class='ocr_line' id='line_1_52' title="bbox 168 4735 1725 4811; baseline 0.007 -26"><span class='ocrx_word' id='word_1_378' title='bbox 168 4735 347 4804; x_wconf 85' lang='grc' dir='ltr'>ρείας,</span> <span class='ocrx_word' id='word_1_379' title='bbox 403 4736 480 4798; x_wconf 86' lang='grc' dir='ltr'>ὡς</span> <span class='ocrx_word' id='word_1_380' title='bbox 523 4738 581 4788; x_wconf 89' lang='grc' dir='ltr'><strong>ἐν</strong></span> <span class='ocrx_word' id='word_1_381' title='bbox 621 4737 758 4809; x_wconf 79' lang='grc' dir='ltr'>αὐτῇ</span> <span class='ocrx_word' id='word_1_382' title='bbox 819 4740 960 4792; x_wconf 66' lang='grc' dir='ltr'>κατὰ</span> <span class='ocrx_word' id='word_1_383' title='bbox 1003 4739 1062 4791; x_wconf 84' lang='grc' dir='ltr'><strong>τὸ</strong></span> <span class='ocrx_word' id='word_1_384' title='bbox 1113 4740 1261 4803; x_wconf 76' lang='grc' dir='ltr'>εἰκὸς</span> <span class='ocrx_word' id='word_1_385' title='bbox 1297 4744 1407 4802; x_wconf 90' lang='grc' dir='ltr'>τοῖς</span> <span class='ocrx_word' id='word_1_386' title='bbox 1434 4743 1725 4811; x_wconf 84' lang='grc' dir='ltr'>ὁμοφύλοις</span> 
     </span>
    </p>
   </div>
   <div class='ocr_carea' id='block_1_53' title="bbox 1901 899 3400 971">
    <p class='ocr_par' dir='ltr' id='par_1_53' title="bbox 1901 899 3400 971">
     <span class='ocr_line' id='line_1_53' title="bbox 1901 899 3400 971; baseline 0.001 -16"><span class='ocrx_word' id='word_1_387' title='bbox 1901 901 1989 955; x_wconf 77' lang='lat'><strong>25.</strong></span> <span class='ocrx_word' id='word_1_388' title='bbox 2033 899 2262 956; x_wconf 83' lang='lat' dir='ltr'><strong>Romani</strong></span> <span class='ocrx_word' id='word_1_389' title='bbox 2319 915 2476 958; x_wconf 86' lang='lat' dir='ltr'><strong>vero.</strong></span> <span class='ocrx_word' id='word_1_390' title='bbox 2535 901 2772 971; x_wconf 84' lang='lat' dir='ltr'><strong>abreptis</strong></span> <span class='ocrx_word' id='word_1_391' title='bbox 2830 900 3114 955; x_wconf 76' lang='lat' dir='ltr'><strong>confestim</strong></span> <span class='ocrx_word' id='word_1_392' title='bbox 3166 903 3400 956; x_wconf 87' lang='lat' dir='ltr'><strong>hostium</strong></span> 
     </span>
    </p>
   </div>
   <div class='ocr_carea' id='block_1_54' title="bbox 1831 991 3404 1062">
    <p class='ocr_par' dir='ltr' id='par_1_54' title="bbox 1831 991 3404 1062">
     <span class='ocr_line' id='line_1_54' title="bbox 1831 991 3404 1062; baseline 0.002 -18"><span class='ocrx_word' id='word_1_393' title='bbox 1831 991 2317 1061; x_wconf 79' lang='lat' dir='ltr'><strong>armis,-quotquot</strong></span> <span class='ocrx_word' id='word_1_394' title='bbox 2375 993 2554 1046; x_wconf 90' lang='lat' dir='ltr'><strong>adhuc</strong></span> <span class='ocrx_word' id='word_1_395' title='bbox 2593 995 2796 1062; x_wconf 74' lang='lat' dir='ltr'><strong>:Bquuri</strong></span> <span class='ocrx_word' id='word_1_396' title='bbox 2848 992 3190 1055; x_wconf 84' lang='lat' dir='ltr'><strong>innatabant,</strong></span> <span class='ocrx_word' id='word_1_397' title='bbox 3239 1003 3292 1046; x_wconf 89' lang='lat' dir='ltr'><strong>et</strong></span> <span class='ocrx_word' id='word_1_398' title='bbox 3337 995 3404 1047; x_wconf 90' lang='lat' dir='ltr'><strong>ad</strong></span> 
     </span>
    </p>
   </div>
   <div class='ocr_carea' id='block_1_55' title="bbox 1830 1077 3405 1151">
    <p class='ocr_par' dir='ltr' id='par_1_55' title="bbox 1830 1077 3405 1151">
     <span class='ocr_line' id='line_1_55' title="bbox 1830 1077 3405 1151; baseline 0.005 -23"><span class='ocrx_word' id='word_1_399' title='bbox 1830 1077 2010 1146; x_wconf 84' lang='lat' dir='ltr'><strong>priora</strong></span> <span class='ocrx_word' id='word_1_400' title='bbox 2042 1077 2161 1132; x_wconf 90' lang='lat' dir='ltr'><strong>loca</strong></span> <span class='ocrx_word' id='word_1_401' title='bbox 2189 1080 2412 1143; x_wconf 85' lang='lat' dir='ltr'><strong>reversi,</strong></span> <span class='ocrx_word' id='word_1_402' title='bbox 2445 1095 2658 1134; x_wconf 89' lang='lat' dir='ltr'><strong>summa</strong></span> <span class='ocrx_word' id='word_1_403' title='bbox 2687 1081 2962 1149; x_wconf 82' lang='lat' dir='ltr'><strong>voluptate</strong></span> <span class='ocrx_word' id='word_1_404' title='bbox 2982 1090 3036 1134; x_wconf 92' lang='lat' dir='ltr'><strong>et</strong></span> <span class='ocrx_word' id='word_1_405' title='bbox 3061 1083 3256 1151; x_wconf 84' lang='lat' dir='ltr'><strong>gaudio</strong></span> <span class='ocrx_word' id='word_1_406' title='bbox 3285 1085 3405 1136; x_wconf 87' lang='lat' dir='ltr'><strong>uni-</strong></span> 
     </span>
    </p>
   </div>
   <div class='ocr_carea' id='block_1_56' title="bbox 1831 1170 3401 1238">
    <p class='ocr_par' dir='ltr' id='par_1_56' title="bbox 1831 1170 3401 1238">
     <span class='ocr_line' id='line_1_56' title="bbox 1831 1170 3401 1238; baseline 0.004 -18"><span class='ocrx_word' id='word_1_407' title='bbox 1831 1183 2048 1223; x_wconf 86' lang='lat' dir='ltr'><strong>versum</strong></span> <span class='ocrx_word' id='word_1_408' title='bbox 2079 1170 2379 1224; x_wconf 80' lang='lat' dir='ltr'><strong>exercitum</strong></span> <span class='ocrx_word' id='word_1_409' title='bbox 2413 1171 2727 1238; x_wconf 88' lang='lat' dir='ltr'><strong>implerunt,</strong></span> <span class='ocrx_word' id='word_1_410' title='bbox 2769 1171 2908 1226; x_wconf 80' lang='lat' dir='ltr'><strong>felici</strong></span> <span class='ocrx_word' id='word_1_411' title='bbox 2950 1186 3203 1227; x_wconf 89' lang='lat' dir='ltr'><strong>successu</strong></span> <span class='ocrx_word' id='word_1_412' title='bbox 3238 1187 3401 1226; x_wconf 87' lang='lat' dir='ltr'><strong>ovan-</strong></span> 
     </span>
    </p>
   </div>
   <div class='ocr_carea' id='block_1_57' title="bbox 1830 1258 3401 1326">
    <p class='ocr_par' dir='ltr' id='par_1_57' title="bbox 1830 1258 3401 1326">
     <span class='ocr_line' id='line_1_57' title="bbox 1830 1258 3401 1326; baseline 0.003 -12"><span class='ocrx_word' id='word_1_413' title='bbox 1830 1266 1963 1315; x_wconf 85' lang='lat' dir='ltr'><strong>tem.</strong></span> <span class='ocrx_word' id='word_1_414' title='bbox 2009 1258 2279 1326; x_wconf 85' lang='lat' dir='ltr'><strong>Quocirca</strong></span> <span class='ocrx_word' id='word_1_415' title='bbox 2329 1277 2518 1318; x_wconf 90' lang='lat' dir='ltr'><strong>omnes</strong></span> <span class='ocrx_word' id='word_1_416' title='bbox 2566 1264 2618 1316; x_wconf 93' lang='lat' dir='ltr'><strong>in</strong></span> <span class='ocrx_word' id='word_1_417' title='bbox 2666 1279 2834 1316; x_wconf 91' lang='lat' dir='ltr'><strong>unum</strong></span> <span class='ocrx_word' id='word_1_418' title='bbox 2881 1262 3089 1318; x_wconf 81' lang='lat' dir='ltr'><strong>collecti</strong></span> <span class='ocrx_word' id='word_1_419' title='bbox 3144 1264 3401 1318; x_wconf 87' lang='lat' dir='ltr'><strong>utendum</strong></span> 
     </span>
    </p>
   </div>
   <div class='ocr_carea' id='block_1_58' title="bbox 1829 1352 3404 1424">
    <p class='ocr_par' dir='ltr' id='par_1_58' title="bbox 1829 1352 3404 1424">
     <span class='ocr_line' id='line_1_58' title="bbox 1829 1352 3404 1424; baseline 0.003 -19"><span class='ocrx_word' id='word_1_420' title='bbox 1829 1365 1951 1406; x_wconf 85' lang='lat' dir='ltr'><strong>esse</strong></span> <span class='ocrx_word' id='word_1_421' title='bbox 1975 1352 2136 1406; x_wconf 87' lang='lat' dir='ltr'><strong>etiam</strong></span> <span class='ocrx_word' id='word_1_422' title='bbox 2173 1353 2228 1407; x_wconf 89' lang='lat' dir='ltr'><strong>in</strong></span> <span class='ocrx_word' id='word_1_423' title='bbox 2259 1366 2533 1423; x_wconf 88' lang='lat' dir='ltr'><strong>posterum</strong></span> <span class='ocrx_word' id='word_1_424' title='bbox 2573 1355 2858 1410; x_wconf 78' lang='lat' dir='ltr'><strong>occasione</strong></span> <span class='ocrx_word' id='word_1_425' title='bbox 2895 1356 3079 1424; x_wconf 80' lang='lat' dir='ltr'><strong>reique</strong></span> <span class='ocrx_word' id='word_1_426' title='bbox 3135 1355 3274 1411; x_wconf 83' lang='lat' dir='ltr'><strong>bene</strong></span> <span class='ocrx_word' id='word_1_427' title='bbox 3309 1371 3404 1424; x_wconf 84' lang='lat' dir='ltr'><strong>ge-</strong></span> 
     </span>
    </p>
   </div>
   <div class='ocr_carea' id='block_1_59' title="bbox 1833 1445 3402 1516">
    <p class='ocr_par' dir='ltr' id='par_1_59' title="bbox 1833 1445 3402 1516">
     <span class='ocr_line' id='line_1_59' title="bbox 1833 1445 3402 1516; baseline 0.004 -21"><span class='ocrx_word' id='word_1_428' title='bbox 1833 1450 1930 1495; x_wconf 67' lang='lat' dir='ltr'><strong>sta:</strong></span> <span class='ocrx_word' id='word_1_429' title='bbox 1955 1445 2360 1512; x_wconf 87' lang='lat' dir='ltr'><strong>opportunitate</strong></span> <span class='ocrx_word' id='word_1_430' title='bbox 2404 1449 2712 1502; x_wconf 89' lang='lat' dir='ltr'><strong>censebant.</strong></span> <span class='ocrx_word' id='word_1_431' title='bbox 2769 1446 2964 1500; x_wconf 90' lang='lat' dir='ltr'><strong>Paucis</strong></span> <span class='ocrx_word' id='word_1_432' title='bbox 2989 1447 3172 1514; x_wconf 81' lang='lat' dir='ltr'><strong>itaque</strong></span> <span class='ocrx_word' id='word_1_433' title='bbox 3219 1457 3402 1516; x_wconf 84' lang='lat' dir='ltr'><strong>postea</strong></span> 
     </span>
    </p>
   </div>
   <div class='ocr_carea' id='block_1_60' title="bbox 1830 1533 3404 1607">
    <p class='ocr_par' dir='ltr' id='par_1_60' title="bbox 1830 1533 3404 1607">
     <span class='ocr_line' id='line_1_60' title="bbox 1830 1533 3404 1607; baseline 0.002 -19"><span class='ocrx_word' id='word_1_434' title='bbox 1830 1533 2022 1589; x_wconf 86' lang='lat' dir='ltr'><strong>diebus</strong></span> <span class='ocrx_word' id='word_1_435' title='bbox 2049 1537 2280 1605; x_wconf 87' lang='lat' dir='ltr'><strong>sumptis</strong></span> <span class='ocrx_word' id='word_1_436' title='bbox 2303 1539 2489 1603; x_wconf 90' lang='lat' dir='ltr'><strong>armis,</strong></span> <span class='ocrx_word' id='word_1_437' title='bbox 2518 1539 2860 1607; x_wconf 89' lang='lat' dir='ltr'><strong>eruptionem</strong></span> <span class='ocrx_word' id='word_1_438' title='bbox 2885 1537 3168 1593; x_wconf 81' lang='lat' dir='ltr'><strong>confeSIim</strong></span> <span class='ocrx_word' id='word_1_439' title='bbox 3193 1554 3222 1591; x_wconf 93' lang='lat' dir='ltr'><strong>e</strong></span> <span class='ocrx_word' id='word_1_440' title='bbox 3247 1555 3404 1592; x_wconf 90' lang='lat' dir='ltr'><strong>muro</strong></span> 
     </span>
    </p>
   </div>
   <div class='ocr_carea' id='block_1_61' title="bbox 1831 1622 3402 1696">
    <p class='ocr_par' dir='ltr' id='par_1_61' title="bbox 1831 1622 3402 1696">
     <span class='ocr_line' id='line_1_61' title="bbox 1831 1622 3402 1696; baseline 0.002 -19"><span class='ocrx_word' id='word_1_441' title='bbox 1831 1622 2119 1690; x_wconf 83' lang='lat' dir='ltr'><strong>fecerunt,</strong></span> <span class='ocrx_word' id='word_1_442' title='bbox 2159 1627 2537 1696; x_wconf 86' lang='lat' dir='ltr'><strong>reliquamque</strong></span> <span class='ocrx_word' id='word_1_443' title='bbox 2593 1628 2945 1682; x_wconf 89' lang='lat' dir='ltr'><strong>barbarorum</strong></span> <span class='ocrx_word' id='word_1_444' title='bbox 3003 1628 3402 1686; x_wconf 84' lang='lat' dir='ltr'><strong>multitudinem</strong></span> 
     </span>
    </p>
   </div>
   <div class='ocr_carea' id='block_1_62' title="bbox 1833 1715 3405 1791">
    <p class='ocr_par' dir='ltr' id='par_1_62' title="bbox 1833 1715 3405 1791">
     <span class='ocr_line' id='line_1_62' title="bbox 1833 1715 3405 1791; baseline 0.004 -22"><span class='ocrx_word' id='word_1_445' title='bbox 1833 1715 2168 1780; x_wconf 79' lang='lat' dir='ltr'><strong>invaserunt.</strong></span> <span class='ocrx_word' id='word_1_446' title='bbox 2221 1720 2426 1773; x_wconf 90' lang='lat' dir='ltr'><strong>recenti</strong></span> <span class='ocrx_word' id='word_1_447' title='bbox 2476 1720 2652 1773; x_wconf 89' lang='lat' dir='ltr'><strong>adhuc</strong></span> <span class='ocrx_word' id='word_1_448' title='bbox 2689 1721 2841 1774; x_wconf 86' lang='lat' dir='ltr'><strong>clade</strong></span> <span class='ocrx_word' id='word_1_449' title='bbox 2888 1730 3210 1776; x_wconf 66' lang='lat' dir='ltr'><strong>n‘imrentem</strong></span> <span class='ocrx_word' id='word_1_450' title='bbox 3243 1732 3405 1791; x_wconf 86' lang='lat' dir='ltr'><strong>atque</strong></span> 
     </span>
    </p>
   </div>
   <div class='ocr_carea' id='block_1_63' title="bbox 1831 1808 3398 1881">
    <p class='ocr_par' dir='ltr' id='par_1_63' title="bbox 1831 1808 3398 1881">
     <span class='ocr_line' id='line_1_63' title="bbox 1831 1808 3398 1881; baseline 0.001 -19"><span class='ocrx_word' id='word_1_451' title='bbox 1831 1820 2159 1876; x_wconf 82' lang='lat' dir='ltr'><strong>perculsam.</strong></span> <span class='ocrx_word' id='word_1_452' title='bbox 2192 1808 2330 1864; x_wconf 89' lang='lat' dir='ltr'><strong>Tum</strong></span> <span class='ocrx_word' id='word_1_453' title='bbox 2364 1826 2492 1866; x_wconf 68' lang='lat' dir='ltr'><strong>vero</strong></span> <span class='ocrx_word' id='word_1_454' title='bbox 2523 1817 2845 1874; x_wconf 73' lang='lat' dir='ltr'><strong>Germanus,</strong></span> <span class='ocrx_word' id='word_1_455' title='bbox 2882 1821 3066 1881; x_wconf 87' lang='lat' dir='ltr'><strong>utpote</strong></span> <span class='ocrx_word' id='word_1_456' title='bbox 3108 1812 3398 1866; x_wconf 86' lang='lat' dir='ltr'><strong>admodum</strong></span> 
     </span>
    </p>
   </div>
   <div class='ocr_carea' id='block_1_64' title="bbox 1827 1897 3408 1970">
    <p class='ocr_par' dir='ltr' id='par_1_64' title="bbox 1827 1897 3408 1970">
     <span class='ocr_line' id='line_1_64' title="bbox 1827 1897 3408 1970; baseline 0.002 -18"><span class='ocrx_word' id='word_1_457' title='bbox 1827 1897 2066 1967; x_wconf 84' lang='lat' dir='ltr'><strong>juvenis,</strong></span> <span class='ocrx_word' id='word_1_458' title='bbox 2113 1901 2318 1970; x_wconf 86' lang='lat' dir='ltr'><strong>quique</strong></span> <span class='ocrx_word' id='word_1_459' title='bbox 2360 1901 2600 1955; x_wconf 82' lang='lat' dir='ltr'><strong>nomium</strong></span> <span class='ocrx_word' id='word_1_460' title='bbox 2639 1901 2876 1969; x_wconf 76' lang='lat' dir='ltr'><strong>perfecte</strong></span> <span class='ocrx_word' id='word_1_461' title='bbox 2920 1901 3150 1970; x_wconf 89' lang='lat' dir='ltr'><strong>Impetus</strong></span> <span class='ocrx_word' id='word_1_462' title='bbox 3199 1911 3408 1956; x_wconf 70' lang='lat' dir='ltr'><strong>natura:</strong></span> 
     </span>
    </p>
   </div>
   <div class='ocr_carea' id='block_1_65' title="bbox 1830 1989 3404 2064">
    <p class='ocr_par' dir='ltr' id='par_1_65' title="bbox 1830 1989 3404 2064">
     <span class='ocr_line' id='line_1_65' title="bbox 1830 1989 3404 2064; baseline 0.001 -20"><span class='ocrx_word' id='word_1_463' title='bbox 1830 1989 2046 2047; x_wconf 83' lang='lat' dir='ltr'><strong>frenare</strong></span> <span class='ocrx_word' id='word_1_464' title='bbox 2077 2006 2535 2064; x_wconf 89' lang='lat' dir='ltr'><strong>compescereque</strong></span> <span class='ocrx_word' id='word_1_465' title='bbox 2564 2001 2797 2064; x_wconf 86' lang='lat' dir='ltr'><strong>poterat,</strong></span> <span class='ocrx_word' id='word_1_466' title='bbox 2828 1994 2921 2048; x_wconf 91' lang='lat' dir='ltr'><strong>sed</strong></span> <span class='ocrx_word' id='word_1_467' title='bbox 2968 1994 3154 2063; x_wconf 71' lang='lat' dir='ltr'><strong>gloriae</strong></span> <span class='ocrx_word' id='word_1_468' title='bbox 3189 1994 3404 2063; x_wconf 86' lang='lat' dir='ltr'><strong>cupidi-</strong></span> 
     </span>
    </p>
   </div>
   <div class='ocr_carea' id='block_1_66' title="bbox 1833 2085 3406 2156">
    <p class='ocr_par' dir='ltr' id='par_1_66' title="bbox 1833 2085 3406 2156">
     <span class='ocr_line' id='line_1_66' title="bbox 1833 2085 3406 2156; baseline 0.001 -18"><span class='ocrx_word' id='word_1_469' title='bbox 1833 2085 1929 2138; x_wconf 86' lang='lat' dir='ltr'><strong>tati</strong></span> <span class='ocrx_word' id='word_1_470' title='bbox 1964 2085 2310 2155; x_wconf 60' lang='lat' dir='ltr'><strong>audaciaque</strong></span> <span class='ocrx_word' id='word_1_471' title='bbox 2335 2086 2506 2156; x_wconf 85' lang='lat' dir='ltr'><strong>magis</strong></span> <span class='ocrx_word' id='word_1_472' title='bbox 2566 2101 2727 2156; x_wconf 85' lang='lat' dir='ltr'><strong>quam</strong></span> <span class='ocrx_word' id='word_1_473' title='bbox 2762 2087 3060 2155; x_wconf 70' lang='lat' dir='ltr'><strong>prudentiae</strong></span> <span class='ocrx_word' id='word_1_474' title='bbox 3100 2087 3406 2140; x_wconf 89' lang='lat' dir='ltr'><strong>securitati-</strong></span> 
     </span>
    </p>
   </div>
   <div class='ocr_carea' id='block_1_67' title="bbox 1833 2177 3407 2246">
    <p class='ocr_par' dir='ltr' id='par_1_67' title="bbox 1833 2177 3407 2246">
     <span class='ocr_line' id='line_1_67' title="bbox 1833 2177 3407 2246; baseline 0.001 -16"><span class='ocrx_word' id='word_1_475' title='bbox 1833 2192 1939 2246; x_wconf 88' lang='lat' dir='ltr'><strong>que</strong></span> <span class='ocrx_word' id='word_1_476' title='bbox 1967 2177 2105 2232; x_wconf 89' lang='lat' dir='ltr'><strong>ultra</strong></span> <span class='ocrx_word' id='word_1_477' title='bbox 2139 2179 2361 2232; x_wconf 89' lang='lat' dir='ltr'><strong>modum</strong></span> <span class='ocrx_word' id='word_1_478' title='bbox 2393 2178 2664 2242; x_wconf 84' lang='lat' dir='ltr'><strong>addictus,</strong></span> <span class='ocrx_word' id='word_1_479' title='bbox 2703 2179 2970 2246; x_wconf 86' lang='lat' dir='ltr'><strong>intrepide</strong></span> <span class='ocrx_word' id='word_1_480' title='bbox 3012 2178 3196 2234; x_wconf 69' lang='lat' dir='ltr'><strong>bosws</strong></span> <span class='ocrx_word' id='word_1_481' title='bbox 3245 2179 3407 2233; x_wconf 86' lang='lat' dir='ltr'><strong>ador-</strong></span> 
     </span>
    </p>
   </div>
   <div class='ocr_carea' id='block_1_68' title="bbox 1834 2265 3402 2338">
    <p class='ocr_par' dir='ltr' id='par_1_68' title="bbox 1834 2265 3402 2338">
     <span class='ocr_line' id='line_1_68' title="bbox 1834 2265 3402 2338; baseline 0.001 -18"><span class='ocrx_word' id='word_1_482' title='bbox 1834 2274 1920 2321; x_wconf 90' lang='lat' dir='ltr'><strong>tus</strong></span> <span class='ocrx_word' id='word_1_483' title='bbox 1945 2274 2049 2333; x_wconf 90' lang='lat' dir='ltr'><strong>est,</strong></span> <span class='ocrx_word' id='word_1_484' title='bbox 2077 2265 2470 2338; x_wconf 81' lang='lat' dir='ltr'><strong>conﬂictusqne</strong></span> <span class='ocrx_word' id='word_1_485' title='bbox 2505 2267 2798 2322; x_wconf 85' lang='lat' dir='ltr'><strong>discrimen</strong></span> <span class='ocrx_word' id='word_1_486' title='bbox 2839 2268 2992 2332; x_wconf 84' lang='lat' dir='ltr'><strong>adiit,</strong></span> <span class='ocrx_word' id='word_1_487' title='bbox 3027 2283 3132 2321; x_wconf 86' lang='lat' dir='ltr'><strong>non</strong></span> <span class='ocrx_word' id='word_1_488' title='bbox 3164 2267 3402 2337; x_wconf 68' lang='lat' dir='ltr'><strong>praefecti</strong></span> 
     </span>
    </p>
   </div>
   <div class='ocr_carea' id='block_1_69' title="bbox 1832 2359 3408 2430">
    <p class='ocr_par' dir='ltr' id='par_1_69' title="bbox 1832 2359 3408 2430">
     <span class='ocr_line' id='line_1_69' title="bbox 1832 2359 3408 2430; baseline 0.003 -18"><span class='ocrx_word' id='word_1_489' title='bbox 1832 2359 1886 2412; x_wconf 93' lang='lat' dir='ltr'><strong>in</strong></span> <span class='ocrx_word' id='word_1_490' title='bbox 1918 2373 2124 2413; x_wconf 89' lang='lat' dir='ltr'><strong>morem</strong></span> <span class='ocrx_word' id='word_1_491' title='bbox 2153 2374 2358 2430; x_wconf 85' lang='lat' dir='ltr'><strong>urgens</strong></span> <span class='ocrx_word' id='word_1_492' title='bbox 2394 2361 2737 2430; x_wconf 90' lang='lat' dir='ltr'><strong>incitansque</strong></span> <span class='ocrx_word' id='word_1_493' title='bbox 2763 2369 2815 2414; x_wconf 90' lang='lat' dir='ltr'><strong>et</strong></span> <span class='ocrx_word' id='word_1_494' title='bbox 2845 2359 3131 2422; x_wconf 87' lang='lat' dir='ltr'><strong>mandans,</strong></span> <span class='ocrx_word' id='word_1_495' title='bbox 3173 2361 3266 2424; x_wconf 86' lang='lat' dir='ltr'><strong>sed</strong></span> <span class='ocrx_word' id='word_1_496' title='bbox 3293 2361 3408 2430; x_wconf 89' lang='lat' dir='ltr'><strong>ipse</strong></span> 
     </span>
    </p>
   </div>
   <div class='ocr_carea' id='block_1_70' title="bbox 1831 2449 3408 2519">
    <p class='ocr_par' dir='ltr' id='par_1_70' title="bbox 1831 2449 3408 2519">
     <span class='ocr_line' id='line_1_70' title="bbox 1831 2449 3408 2519; baseline 0.002 -17"><span class='ocrx_word' id='word_1_497' title='bbox 1831 2449 2005 2504; x_wconf 92' lang='lat' dir='ltr'><strong>instar</strong></span> <span class='ocrx_word' id='word_1_498' title='bbox 2033 2450 2220 2504; x_wconf 88' lang='lat' dir='ltr'><strong>militis</strong></span> <span class='ocrx_word' id='word_1_499' title='bbox 2249 2465 2445 2504; x_wconf 90' lang='lat' dir='ltr'><strong>manus</strong></span> <span class='ocrx_word' id='word_1_500' title='bbox 2477 2463 2811 2515; x_wconf 87' lang='lat' dir='ltr'><strong>conserens;</strong></span> <span class='ocrx_word' id='word_1_501' title='bbox 2848 2452 2992 2505; x_wconf 88' lang='lat' dir='ltr'><strong>unde</strong></span> <span class='ocrx_word' id='word_1_502' title='bbox 3036 2450 3198 2519; x_wconf 81' lang='lat'><strong>330</strong></span> <span class='ocrx_word' id='word_1_503' title='bbox 3226 2458 3280 2505; x_wconf 88' lang='lat' dir='ltr'><strong>et</strong></span> <span class='ocrx_word' id='word_1_504' title='bbox 3321 2466 3408 2505; x_wconf 86' lang='lat' dir='ltr'><strong>sa-</strong></span> 
     </span>
    </p>
   </div>
   <div class='ocr_carea' id='block_1_71' title="bbox 1831 2539 3406 2612">
    <p class='ocr_par' dir='ltr' id='par_1_71' title="bbox 1831 2539 3406 2612">
     <span class='ocr_line' id='line_1_71' title="bbox 1831 2539 3406 2612; baseline 0.003 -20"><span class='ocrx_word' id='word_1_505' title='bbox 1831 2543 1964 2610; x_wconf 85' lang='lat' dir='ltr'><strong>gitta</strong></span> <span class='ocrx_word' id='word_1_506' title='bbox 1999 2539 2177 2596; x_wconf 87' lang='lat' dir='ltr'><strong>femur</strong></span> <span class='ocrx_word' id='word_1_507' title='bbox 2207 2542 2348 2597; x_wconf 91' lang='lat' dir='ltr'><strong>ictus</strong></span> <span class='ocrx_word' id='word_1_508' title='bbox 2377 2552 2482 2607; x_wconf 90' lang='lat' dir='ltr'><strong>est,</strong></span> <span class='ocrx_word' id='word_1_509' title='bbox 2515 2542 2590 2596; x_wconf 90' lang='lat' dir='ltr'><strong>ita</strong></span> <span class='ocrx_word' id='word_1_510' title='bbox 2638 2552 2697 2597; x_wconf 92' lang='lat' dir='ltr'><strong>nt</strong></span> <span class='ocrx_word' id='word_1_511' title='bbox 2736 2557 2927 2612; x_wconf 84' lang='lat' dir='ltr'><strong>parum</strong></span> <span class='ocrx_word' id='word_1_512' title='bbox 2975 2542 3228 2609; x_wconf 79' lang='lat' dir='ltr'><strong>abfuerit,</strong></span> <span class='ocrx_word' id='word_1_513' title='bbox 3279 2543 3406 2612; x_wconf 88' lang='lat' dir='ltr'><strong>quin</strong></span> 
     </span>
    </p>
   </div>
   <div class='ocr_carea' id='block_1_72' title="bbox 1830 2631 3408 2704">
    <p class='ocr_par' dir='ltr' id='par_1_72' title="bbox 1830 2631 3408 2704">
     <span class='ocr_line' id='line_1_72' title="bbox 1830 2631 3408 2704; baseline 0.004 -21"><span class='ocrx_word' id='word_1_514' title='bbox 1830 2631 1878 2684; x_wconf 89' lang='lat' dir='ltr'><strong>ei</strong></span> <span class='ocrx_word' id='word_1_515' title='bbox 1913 2647 2089 2702; x_wconf 76' lang='lat' dir='ltr'><strong>pugna</strong></span> <span class='ocrx_word' id='word_1_516' title='bbox 2115 2634 2484 2688; x_wconf 81' lang='lat' dir='ltr'><strong>excedendum</strong></span> <span class='ocrx_word' id='word_1_517' title='bbox 2513 2643 2686 2689; x_wconf 89' lang='lat' dir='ltr'><strong>esset:</strong></span> <span class='ocrx_word' id='word_1_518' title='bbox 2715 2635 2998 2704; x_wconf 73' lang='lat' dir='ltr'><strong>praesentis</strong></span> <span class='ocrx_word' id='word_1_519' title='bbox 3025 2644 3203 2690; x_wconf 89' lang='lat' dir='ltr'><strong>tamen</strong></span> <span class='ocrx_word' id='word_1_520' title='bbox 3233 2644 3408 2690; x_wconf 85' lang='lat' dir='ltr'><strong>status</strong></span> 
     </span>
    </p>
   </div>
   <div class='ocr_carea' id='block_1_73' title="bbox 1831 2721 3407 2795">
    <p class='ocr_par' dir='ltr' id='par_1_73' title="bbox 1831 2721 3407 2795">
     <span class='ocr_line' id='line_1_73' title="bbox 1831 2721 3407 2795; baseline 0.004 -23"><span class='ocrx_word' id='word_1_521' title='bbox 1831 2721 2126 2775; x_wconf 88' lang='lat' dir='ltr'><strong>necessitas</strong></span> <span class='ocrx_word' id='word_1_522' title='bbox 2163 2729 2216 2776; x_wconf 93' lang='lat' dir='ltr'><strong>et</strong></span> <span class='ocrx_word' id='word_1_523' title='bbox 2243 2722 2340 2788; x_wconf 90' lang='lat' dir='ltr'><strong>rei,</strong></span> <span class='ocrx_word' id='word_1_524' title='bbox 2376 2737 2536 2792; x_wconf 90' lang='lat' dir='ltr'><strong>quam</strong></span> <span class='ocrx_word' id='word_1_525' title='bbox 2571 2737 2859 2794; x_wconf 81' lang='lat' dir='ltr'><strong>aggressus</strong></span> <span class='ocrx_word' id='word_1_526' title='bbox 2903 2733 3040 2789; x_wconf 87' lang='lat' dir='ltr'><strong>erat,</strong></span> <span class='ocrx_word' id='word_1_527' title='bbox 3091 2725 3407 2795; x_wconf 84' lang='lat' dir='ltr'><strong>magnitudo</strong></span> 
     </span>
    </p>
   </div>
   <div class='ocr_carea' id='block_1_74' title="bbox 1831 2811 3408 2887">
    <p class='ocr_par' dir='ltr' id='par_1_74' title="bbox 1831 2811 3408 2887">
     <span class='ocr_line' id='line_1_74' title="bbox 1831 2811 3408 2887; baseline 0.005 -24"><span class='ocrx_word' id='word_1_528' title='bbox 1831 2811 2070 2866; x_wconf 84' lang='lat' dir='ltr'><strong>dolorem</strong></span> <span class='ocrx_word' id='word_1_529' title='bbox 2100 2814 2266 2867; x_wconf 86' lang='lat' dir='ltr'><strong>vicit:</strong></span> <span class='ocrx_word' id='word_1_530' title='bbox 2305 2829 2483 2883; x_wconf 90' lang='lat' dir='ltr'><strong>neque</strong></span> <span class='ocrx_word' id='word_1_531' title='bbox 2511 2815 2666 2885; x_wconf 89' lang='lat' dir='ltr'><strong>prius</strong></span> <span class='ocrx_word' id='word_1_532' title='bbox 2698 2815 2904 2870; x_wconf 89' lang='lat' dir='ltr'><strong>destitit</strong></span> <span class='ocrx_word' id='word_1_533' title='bbox 2929 2827 2983 2870; x_wconf 91' lang='lat' dir='ltr'><strong>et</strong></span> <span class='ocrx_word' id='word_1_534' title='bbox 3017 2817 3131 2886; x_wconf 85' lang='lat' dir='ltr'><strong>ipse</strong></span> <span class='ocrx_word' id='word_1_535' title='bbox 3165 2833 3408 2887; x_wconf 84' lang='lat' dir='ltr'><strong>pugnare</strong></span> 
     </span>
    </p>
   </div>
   <div class='ocr_carea' id='block_1_75' title="bbox 1827 2895 3410 2968">
    <p class='ocr_par' dir='ltr' id='par_1_75' title="bbox 1827 2895 3410 2968">
     <span class='ocr_line' id='line_1_75' title="bbox 1827 2895 3410 2968; baseline 0.005 -20"><span class='ocrx_word' id='word_1_536' title='bbox 1827 2907 1879 2948; x_wconf 91' lang='lat' dir='ltr'><strong>et</strong></span> <span class='ocrx_word' id='word_1_537' title='bbox 1907 2895 2028 2948; x_wconf 89' lang='lat' dir='ltr'><strong>aliis</strong></span> <span class='ocrx_word' id='word_1_538' title='bbox 2057 2896 2271 2950; x_wconf 89' lang='lat' dir='ltr'><strong>animos</strong></span> <span class='ocrx_word' id='word_1_539' title='bbox 2308 2896 2522 2962; x_wconf 88' lang='lat' dir='ltr'><strong>addere,</strong></span> <span class='ocrx_word' id='word_1_540' title='bbox 2556 2913 2718 2967; x_wconf 88' lang='lat' dir='ltr'><strong>quam</strong></span> <span class='ocrx_word' id='word_1_541' title='bbox 2748 2899 2951 2968; x_wconf 82' lang='lat' dir='ltr'><strong>ingenti</strong></span> <span class='ocrx_word' id='word_1_542' title='bbox 2981 2901 3180 2954; x_wconf 90' lang='lat' dir='ltr'><strong>damno</strong></span> <span class='ocrx_word' id='word_1_543' title='bbox 3223 2901 3410 2956; x_wconf 87' lang='lat' dir='ltr'><strong>hostes</strong></span> 
     </span>
    </p>
   </div>
   <div class='ocr_carea' id='block_1_76' title="bbox 1827 2987 3400 3059">
    <p class='ocr_par' dir='ltr' id='par_1_76' title="bbox 1827 2987 3400 3059">
     <span class='ocr_line' id='line_1_76' title="bbox 1827 2987 3400 3059; baseline 0.004 -18"><span class='ocrx_word' id='word_1_544' title='bbox 1827 2987 2115 3053; x_wconf 77' lang='lat' dir='ltr'><strong>affecisset,</strong></span> <span class='ocrx_word' id='word_1_545' title='bbox 2146 2989 2472 3059; x_wconf 85' lang='lat' dir='ltr'><strong>plurimique</strong></span> <span class='ocrx_word' id='word_1_546' title='bbox 2502 3005 2568 3044; x_wconf 81' lang='lat' dir='ltr'><strong>ex</strong></span> <span class='ocrx_word' id='word_1_547' title='bbox 2599 2991 2667 3045; x_wconf 90' lang='lat' dir='ltr'><strong>iis</strong></span> <span class='ocrx_word' id='word_1_548' title='bbox 2698 3001 2880 3046; x_wconf 88' lang='lat' dir='ltr'><strong>essent</strong></span> <span class='ocrx_word' id='word_1_549' title='bbox 2909 2993 3055 3046; x_wconf 81' lang='lat' dir='ltr'><strong>caesi.</strong></span> <span class='ocrx_word' id='word_1_550' title='bbox 3103 2991 3242 3046; x_wconf 86' lang='lat' dir='ltr'><strong>Tum</strong></span> <span class='ocrx_word' id='word_1_551' title='bbox 3296 2993 3400 3047; x_wconf 91' lang='lat' dir='ltr'><strong>ita-</strong></span> 
     </span>
    </p>
   </div>
   <div class='ocr_carea' id='block_1_77' title="bbox 1827 3081 3406 3152">
    <p class='ocr_par' dir='ltr' id='par_1_77' title="bbox 1827 3081 3406 3152">
     <span class='ocr_line' id='line_1_77' title="bbox 1827 3081 3406 3152; baseline 0.004 -21"><span class='ocrx_word' id='word_1_552' title='bbox 1827 3096 1931 3150; x_wconf 88' lang='lat' dir='ltr'><strong>que</strong></span> <span class='ocrx_word' id='word_1_553' title='bbox 1957 3081 2134 3135; x_wconf 85' lang='lat' dir='ltr'><strong>soluta</strong></span> <span class='ocrx_word' id='word_1_554' title='bbox 2163 3089 2248 3136; x_wconf 91' lang='lat' dir='ltr'><strong>est</strong></span> <span class='ocrx_word' id='word_1_555' title='bbox 2275 3095 2475 3152; x_wconf 88' lang='lat' dir='ltr'><strong>pugna,</strong></span> <span class='ocrx_word' id='word_1_556' title='bbox 2507 3091 2563 3136; x_wconf 88' lang='lat' dir='ltr'><strong>et</strong></span> <span class='ocrx_word' id='word_1_557' title='bbox 2592 3082 2824 3138; x_wconf 81' lang='lat' dir='ltr'><strong>Romani</strong></span> <span class='ocrx_word' id='word_1_558' title='bbox 2874 3099 2932 3138; x_wconf 86' lang='lat' dir='ltr'><strong>se</strong></span> <span class='ocrx_word' id='word_1_559' title='bbox 2967 3084 3020 3138; x_wconf 92' lang='lat' dir='ltr'><strong>in</strong></span> <span class='ocrx_word' id='word_1_560' title='bbox 3061 3099 3190 3140; x_wconf 89' lang='lat' dir='ltr'><strong>suas</strong></span> <span class='ocrx_word' id='word_1_561' title='bbox 3223 3084 3406 3138; x_wconf 86' lang='lat' dir='ltr'><strong>muni-</strong></span> 
     </span>
    </p>
   </div>
   <div class='ocr_carea' id='block_1_78' title="bbox 1829 3173 3407 3244">
    <p class='ocr_par' dir='ltr' id='par_1_78' title="bbox 1829 3173 3407 3244">
     <span class='ocr_line' id='line_1_78' title="bbox 1829 3173 3407 3244; baseline 0.003 -19"><span class='ocrx_word' id='word_1_562' title='bbox 1829 3173 2007 3227; x_wconf 88' lang='lat' dir='ltr'><strong>tiones</strong></span> <span class='ocrx_word' id='word_1_563' title='bbox 2042 3173 2380 3240; x_wconf 76' lang='lat' dir='ltr'><strong>reCeperunt,</strong></span> <span class='ocrx_word' id='word_1_564' title='bbox 2430 3189 2607 3244; x_wconf 89' lang='lat' dir='ltr'><strong>neque</strong></span> <span class='ocrx_word' id='word_1_565' title='bbox 2659 3184 2833 3229; x_wconf 90' lang='lat' dir='ltr'><strong>tutum</strong></span> <span class='ocrx_word' id='word_1_566' title='bbox 2882 3190 3054 3244; x_wconf 89' lang='lat' dir='ltr'><strong>neque</strong></span> <span class='ocrx_word' id='word_1_567' title='bbox 3099 3176 3407 3231; x_wconf 87' lang='lat' dir='ltr'><strong>consultum</strong></span> 
     </span>
    </p>
   </div>
   <div class='ocr_carea' id='block_1_79' title="bbox 1828 3263 3406 3334">
    <p class='ocr_par' dir='ltr' id='par_1_79' title="bbox 1828 3263 3406 3334">
     <span class='ocr_line' id='line_1_79' title="bbox 1828 3263 3406 3334; baseline 0.001 -15"><span class='ocrx_word' id='word_1_568' title='bbox 1828 3265 1960 3330; x_wconf 85' lang='lat' dir='ltr'><strong>rati,</strong></span> <span class='ocrx_word' id='word_1_569' title='bbox 1990 3264 2059 3330; x_wconf 91' lang='lat' dir='ltr'><strong>si,</strong></span> <span class='ocrx_word' id='word_1_570' title='bbox 2093 3279 2218 3319; x_wconf 91' lang='lat' dir='ltr'><strong>cum</strong></span> <span class='ocrx_word' id='word_1_571' title='bbox 2247 3263 2408 3334; x_wconf 88' lang='lat' dir='ltr'><strong>longe</strong></span> <span class='ocrx_word' id='word_1_572' title='bbox 2434 3272 2619 3320; x_wconf 88' lang='lat' dir='ltr'><strong>essent</strong></span> <span class='ocrx_word' id='word_1_573' title='bbox 2643 3265 2818 3334; x_wconf 89' lang='lat' dir='ltr'><strong>copiis</strong></span> <span class='ocrx_word' id='word_1_574' title='bbox 2839 3266 3143 3333; x_wconf 89' lang='lat' dir='ltr'><strong>inferiores,</strong></span> <span class='ocrx_word' id='word_1_575' title='bbox 3180 3270 3406 3321; x_wconf 86' lang='lat' dir='ltr'><strong>stataria</strong></span> 
     </span>
    </p>
   </div>
   <div class='ocr_carea' id='block_1_80' title="bbox 1828 3354 3404 3425">
    <p class='ocr_par' dir='ltr' id='par_1_80' title="bbox 1828 3354 3404 3425">
     <span class='ocr_line' id='line_1_80' title="bbox 1828 3354 3404 3425; baseline 0 -15"><span class='ocrx_word' id='word_1_576' title='bbox 1828 3369 2042 3423; x_wconf 84' lang='lat' dir='ltr'><strong>semper</strong></span> <span class='ocrx_word' id='word_1_577' title='bbox 2069 3369 2249 3423; x_wconf 85' lang='lat' dir='ltr'><strong>pugna</strong></span> <span class='ocrx_word' id='word_1_578' title='bbox 2297 3369 2421 3408; x_wconf 88' lang='lat' dir='ltr'><strong>cum</strong></span> <span class='ocrx_word' id='word_1_579' title='bbox 2457 3355 2614 3408; x_wconf 90' lang='lat' dir='ltr'><strong>hoste</strong></span> <span class='ocrx_word' id='word_1_580' title='bbox 2647 3355 3018 3425; x_wconf 76' lang='lat' dir='ltr'><strong>confligerent.</strong></span> <span class='ocrx_word' id='word_1_581' title='bbox 3059 3354 3281 3410; x_wconf 87' lang='lat' dir='ltr'><strong>Barbari</strong></span> <span class='ocrx_word' id='word_1_582' title='bbox 3316 3357 3404 3410; x_wconf 83' lang='lat' dir='ltr'><strong>ni-</strong></span> 
     </span>
    </p>
   </div>
   <div class='ocr_carea' id='block_1_81' title="bbox 1829 3447 3403 3517">
    <p class='ocr_par' dir='ltr' id='par_1_81' title="bbox 1829 3447 3403 3517">
     <span class='ocr_line' id='line_1_81' title="bbox 1829 3447 3403 3517; baseline 0.001 -16"><span class='ocrx_word' id='word_1_583' title='bbox 1829 3447 2124 3501; x_wconf 83' lang='lat' dir='ltr'><strong>hilominus</strong></span> <span class='ocrx_word' id='word_1_584' title='bbox 2161 3460 2230 3500; x_wconf 89' lang='lat' dir='ltr'><strong>eo</strong></span> <span class='ocrx_word' id='word_1_585' title='bbox 2259 3447 2720 3501; x_wconf 85' lang='lat' dir='ltr'><strong>consternationis</strong></span> <span class='ocrx_word' id='word_1_586' title='bbox 2753 3457 2881 3502; x_wconf 88' lang='lat' dir='ltr'><strong>sunt</strong></span> <span class='ocrx_word' id='word_1_587' title='bbox 2927 3448 3156 3512; x_wconf 87' lang='lat' dir='ltr'><strong>redacti,</strong></span> <span class='ocrx_word' id='word_1_588' title='bbox 3205 3449 3403 3517; x_wconf 86' lang='lat' dir='ltr'><strong>partim</strong></span> 
     </span>
    </p>
   </div>
   <div class='ocr_carea' id='block_1_82' title="bbox 1827 3537 3404 3609">
    <p class='ocr_par' dir='ltr' id='par_1_82' title="bbox 1827 3537 3404 3609">
     <span class='ocr_line' id='line_1_82' title="bbox 1827 3537 3404 3609; baseline 0.001 -17"><span class='ocrx_word' id='word_1_589' title='bbox 1827 3553 1893 3592; x_wconf 83' lang='lat' dir='ltr'><strong>ex</strong></span> <span class='ocrx_word' id='word_1_590' title='bbox 1926 3537 2208 3607; x_wconf 78' lang='lat' dir='ltr'><strong>naufragis</strong></span> <span class='ocrx_word' id='word_1_591' title='bbox 2244 3538 2468 3601; x_wconf 90' lang='lat' dir='ltr'><strong>tabulis,</strong></span> <span class='ocrx_word' id='word_1_592' title='bbox 2521 3553 2642 3608; x_wconf 67' lang='lat' dir='ltr'><strong>qua:</strong></span> <span class='ocrx_word' id='word_1_593' title='bbox 2689 3553 2785 3608; x_wconf 85' lang='lat' dir='ltr'><strong>per</strong></span> <span class='ocrx_word' id='word_1_594' title='bbox 2830 3554 2980 3594; x_wconf 89' lang='lat' dir='ltr'><strong>mare</strong></span> <span class='ocrx_word' id='word_1_595' title='bbox 3030 3540 3404 3609; x_wconf 85' lang='lat' dir='ltr'><strong>raptabantur,</strong></span> 
     </span>
    </p>
   </div>
   <div class='ocr_carea' id='block_1_83' title="bbox 1827 3627 3402 3700">
    <p class='ocr_par' dir='ltr' id='par_1_83' title="bbox 1827 3627 3402 3700">
     <span class='ocr_line' id='line_1_83' title="bbox 1827 3627 3402 3700; baseline 0.003 -19"><span class='ocrx_word' id='word_1_596' title='bbox 1827 3629 2026 3698; x_wconf 88' lang='lat' dir='ltr'><strong>partim</strong></span> <span class='ocrx_word' id='word_1_597' title='bbox 2056 3628 2206 3697; x_wconf 89' lang='lat' dir='ltr'><strong>quod</strong></span> <span class='ocrx_word' id='word_1_598' title='bbox 2249 3627 2478 3682; x_wconf 73' lang='lat' dir='ltr'><strong>Romani</strong></span> <span class='ocrx_word' id='word_1_599' title='bbox 2509 3629 2746 3684; x_wconf 88' lang='lat' dir='ltr'><strong>subitam</strong></span> <span class='ocrx_word' id='word_1_600' title='bbox 2775 3629 2830 3683; x_wconf 85' lang='lat' dir='ltr'><strong>in</strong></span> <span class='ocrx_word' id='word_1_601' title='bbox 2871 3631 3020 3699; x_wconf 89' lang='lat' dir='ltr'><strong>ipsos</strong></span> <span class='ocrx_word' id='word_1_602' title='bbox 3061 3631 3402 3700; x_wconf 88' lang='lat' dir='ltr'><strong>eruptionem</strong></span> 
     </span>
    </p>
   </div>
   <div class='ocr_carea' id='block_1_84' title="bbox 1828 3720 3407 3790">
    <p class='ocr_par' dir='ltr' id='par_1_84' title="bbox 1828 3720 3407 3790">
     <span class='ocr_line' id='line_1_84' title="bbox 1828 3720 3407 3790; baseline 0 -15"><span class='ocrx_word' id='word_1_603' title='bbox 1828 3720 2105 3785; x_wconf 85' lang='lat' dir='ltr'><strong>fecissent,</strong></span> <span class='ocrx_word' id='word_1_604' title='bbox 2136 3730 2195 3775; x_wconf 92' lang='lat' dir='ltr'><strong>ut</strong></span> <span class='ocrx_word' id='word_1_605' title='bbox 2215 3735 2283 3775; x_wconf 93' lang='lat' dir='ltr'><strong>eo</strong></span> <span class='ocrx_word' id='word_1_606' title='bbox 2308 3721 2425 3790; x_wconf 90' lang='lat' dir='ltr'><strong>ipso</strong></span> <span class='ocrx_word' id='word_1_607' title='bbox 2453 3721 2541 3775; x_wconf 93' lang='lat' dir='ltr'><strong>die</strong></span> <span class='ocrx_word' id='word_1_608' title='bbox 2562 3722 2768 3790; x_wconf 89' lang='lat' dir='ltr'><strong>campis</strong></span> <span class='ocrx_word' id='word_1_609' title='bbox 2793 3721 3134 3776; x_wconf 81' lang='lat' dir='ltr'><strong>Chersoneso</strong></span> <span class='ocrx_word' id='word_1_610' title='bbox 3163 3721 3407 3777; x_wconf 90' lang='lat' dir='ltr'><strong>circum-</strong></span> 
     </span>
    </p>
   </div>
   <div class='ocr_carea' id='block_1_85' title="bbox 1826 3810 3406 3882">
    <p class='ocr_par' dir='ltr' id='par_1_85' title="bbox 1826 3810 3406 3882">
     <span class='ocr_line' id='line_1_85' title="bbox 1826 3810 3406 3882; baseline 0.002 -16"><span class='ocrx_word' id='word_1_611' title='bbox 1826 3811 2130 3881; x_wconf 88' lang='lat' dir='ltr'><strong>jacentibus</strong></span> <span class='ocrx_word' id='word_1_612' title='bbox 2157 3810 2514 3876; x_wconf 78' lang='lat' dir='ltr'><strong>excesserint,</strong></span> <span class='ocrx_word' id='word_1_613' title='bbox 2541 3821 2595 3867; x_wconf 90' lang='lat' dir='ltr'><strong>et</strong></span> <span class='ocrx_word' id='word_1_614' title='bbox 2634 3813 2699 3866; x_wconf 90' lang='lat' dir='ltr'><strong>ad</strong></span> <span class='ocrx_word' id='word_1_615' title='bbox 2731 3811 3008 3882; x_wconf 85' lang='lat' dir='ltr'><strong>Zabergan</strong></span> <span class='ocrx_word' id='word_1_616' title='bbox 3041 3813 3267 3882; x_wconf 80' lang='lat' dir='ltr'><strong>ejusque</strong></span> <span class='ocrx_word' id='word_1_617' title='bbox 3313 3828 3406 3869; x_wconf 91' lang='lat' dir='ltr'><strong>co-</strong></span> 
     </span>
    </p>
   </div>
   <div class='ocr_carea' id='block_1_86' title="bbox 1830 3901 3405 3972">
    <p class='ocr_par' dir='ltr' id='par_1_86' title="bbox 1830 3901 3405 3972">
     <span class='ocr_line' id='line_1_86' title="bbox 1830 3901 3405 3972; baseline 0.003 -18"><span class='ocrx_word' id='word_1_618' title='bbox 1830 3901 1969 3972; x_wconf 83' lang='lat' dir='ltr'><strong>pias,</strong></span> <span class='ocrx_word' id='word_1_619' title='bbox 2005 3901 2132 3956; x_wconf 85' lang='lat' dir='ltr'><strong>victi</strong></span> <span class='ocrx_word' id='word_1_620' title='bbox 2159 3902 2228 3956; x_wconf 91' lang='lat' dir='ltr'><strong>ad</strong></span> <span class='ocrx_word' id='word_1_621' title='bbox 2257 3902 2449 3966; x_wconf 90' lang='lat' dir='ltr'><strong>victos,</strong></span> <span class='ocrx_word' id='word_1_622' title='bbox 2480 3903 2845 3970; x_wconf 84' lang='lat' dir='ltr'><strong>pervenerint.</strong></span> <span class='ocrx_word' id='word_1_623' title='bbox 2877 3901 2979 3968; x_wconf 86' lang='lat' dir='ltr'><strong>Qui</strong></span> <span class='ocrx_word' id='word_1_624' title='bbox 3008 3918 3138 3958; x_wconf 88' lang='lat' dir='ltr'><strong>vero</strong></span> <span class='ocrx_word' id='word_1_625' title='bbox 3167 3904 3222 3957; x_wconf 91' lang='lat' dir='ltr'><strong>in</strong></span> <span class='ocrx_word' id='word_1_626' title='bbox 3253 3903 3405 3958; x_wconf 78' lang='lat' dir='ltr'><strong>Grae~</strong></span> 
     </span>
    </p>
   </div>
   <div class='ocr_carea' id='block_1_87' title="bbox 1829 3989 3396 4060">
    <p class='ocr_par' dir='ltr' id='par_1_87' title="bbox 1829 3989 3396 4060">
     <span class='ocr_line' id='line_1_87' title="bbox 1829 3989 3396 4060; baseline 0 -16"><span class='ocrx_word' id='word_1_627' title='bbox 1829 3990 1968 4044; x_wconf 89' lang='lat' dir='ltr'><strong>ciam</strong></span> <span class='ocrx_word' id='word_1_628' title='bbox 1997 3999 2153 4043; x_wconf 89' lang='lat' dir='ltr'><strong>antea</strong></span> <span class='ocrx_word' id='word_1_629' title='bbox 2183 3989 2336 4044; x_wconf 91' lang='lat' dir='ltr'><strong>missi</strong></span> <span class='ocrx_word' id='word_1_630' title='bbox 2370 4002 2548 4054; x_wconf 90' lang='lat' dir='ltr'><strong>erant,</strong></span> <span class='ocrx_word' id='word_1_631' title='bbox 2598 3991 2734 4044; x_wconf 88' lang='lat' dir='ltr'><strong>nihil</strong></span> <span class='ocrx_word' id='word_1_632' title='bbox 2778 3993 2936 4060; x_wconf 87' lang='lat' dir='ltr'><strong>plane</strong></span> <span class='ocrx_word' id='word_1_633' title='bbox 2967 4002 3265 4044; x_wconf 79' lang='lat' dir='ltr'><strong>memoratu</strong></span> <span class='ocrx_word' id='word_1_634' title='bbox 3307 3991 3396 4045; x_wconf 90' lang='lat' dir='ltr'><strong>di-</strong></span> 
     </span>
    </p>
   </div>
   <div class='ocr_carea' id='block_1_88' title="bbox 1832 4081 3465 4151">
    <p class='ocr_par' dir='ltr' id='par_1_88' title="bbox 1832 4081 3465 4151">
     <span class='ocr_line' id='line_1_88' title="bbox 1832 4081 3465 4151; baseline 0.001 -17"><span class='ocrx_word' id='word_1_635' title='bbox 1832 4096 1997 4151; x_wconf 89' lang='lat' dir='ltr'><strong>gnum</strong></span> <span class='ocrx_word' id='word_1_636' title='bbox 2024 4091 2332 4151; x_wconf 87' lang='lat' dir='ltr'><strong>gesserunt,</strong></span> <span class='ocrx_word' id='word_1_637' title='bbox 2359 4081 2508 4134; x_wconf 91' lang='lat' dir='ltr'><strong>nullo</strong></span> <span class='ocrx_word' id='word_1_638' title='bbox 2529 4082 2582 4134; x_wconf 91' lang='lat' dir='ltr'><strong>in</strong></span> <span class='ocrx_word' id='word_1_639' title='bbox 2602 4081 2862 4135; x_wconf 69' lang='lat' dir='ltr'><strong>Isthmum</strong></span> <span class='ocrx_word' id='word_1_640' title='bbox 2891 4083 3093 4149; x_wconf 90' lang='lat' dir='ltr'><strong>impetu</strong></span> <span class='ocrx_word' id='word_1_641' title='bbox 3115 4081 3274 4148; x_wconf 85' lang='lat' dir='ltr'><strong>facto,</strong></span> <span class='ocrx_word' id='word_1_642' title='bbox 3307 4083 3403 4136; x_wconf 90' lang='lat' dir='ltr'><strong>sed</strong></span> <span class='ocrx_word' id='word_1_643' title='bbox 3464 4123 3465 4126; x_wconf 58' lang='grc' dir='ltr'>η</span> 
     </span>
    </p>
   </div>
   <div class='ocr_carea' id='block_1_89' title="bbox 1831 4171 3405 4242">
    <p class='ocr_par' dir='ltr' id='par_1_89' title="bbox 1831 4171 3405 4242">
     <span class='ocr_line' id='line_1_89' title="bbox 1831 4171 3405 4242; baseline 0 -16"><span class='ocrx_word' id='word_1_644' title='bbox 1831 4187 1901 4226; x_wconf 91' lang='lat' dir='ltr'><strong>ne</strong></span> <span class='ocrx_word' id='word_1_645' title='bbox 1951 4171 2340 4242; x_wconf 83' lang='lat' dir='ltr'><strong>Thermopylas</strong></span> <span class='ocrx_word' id='word_1_646' title='bbox 2384 4172 2601 4241; x_wconf 89' lang='lat' dir='ltr'><strong>quidem</strong></span> <span class='ocrx_word' id='word_1_647' title='bbox 2649 4171 2806 4225; x_wconf 88' lang='lat' dir='ltr'><strong>initio</strong></span> <span class='ocrx_word' id='word_1_648' title='bbox 2857 4173 3202 4242; x_wconf 84' lang='lat' dir='ltr'><strong>transgressi,</strong></span> <span class='ocrx_word' id='word_1_649' title='bbox 3259 4172 3405 4240; x_wconf 87' lang='lat' dir='ltr'><strong>quod</strong></span> 
     </span>
    </p>
   </div>
   <div class='ocr_carea' id='block_1_90' title="bbox 1833 4261 3407 4332">
    <p class='ocr_par' dir='ltr' id='par_1_90' title="bbox 1833 4261 3407 4332">
     <span class='ocr_line' id='line_1_90' title="bbox 1833 4261 3407 4332; baseline 0.001 -15"><span class='ocrx_word' id='word_1_650' title='bbox 1833 4264 1955 4318; x_wconf 89' lang='lat' dir='ltr'><strong>illas</strong></span> <span class='ocrx_word' id='word_1_651' title='bbox 2006 4261 2378 4318; x_wconf 81' lang='lat' dir='ltr'><strong>Romanorum</strong></span> <span class='ocrx_word' id='word_1_652' title='bbox 2424 4263 2672 4332; x_wconf 67' lang='lat' dir='ltr'><strong>praesidia</strong></span> <span class='ocrx_word' id='word_1_653' title='bbox 2740 4264 3087 4318; x_wconf 81' lang='lat' dir='ltr'><strong>insediSsent.</strong></span> <span class='ocrx_word' id='word_1_654' title='bbox 3143 4263 3407 4328; x_wconf 86' lang='lat' dir='ltr'><strong>Quocirca</strong></span> 
     </span>
    </p>
   </div>
   <div class='ocr_carea' id='block_1_91' title="bbox 1833 4353 3409 4418">
    <p class='ocr_par' dir='ltr' id='par_1_91' title="bbox 1833 4353 3409 4418">
     <span class='ocr_line' id='line_1_91' title="bbox 1833 4353 3409 4418; baseline -0.001 -7"><span class='ocrx_word' id='word_1_655' title='bbox 1833 4357 1995 4412; x_wconf 86' lang='lat' dir='ltr'><strong>etiam</strong></span> <span class='ocrx_word' id='word_1_656' title='bbox 2049 4356 2104 4409; x_wconf 94' lang='lat' dir='ltr'><strong>bi</strong></span> <span class='ocrx_word' id='word_1_657' title='bbox 2149 4356 2510 4418; x_wconf 83' lang='lat' dir='ltr'><strong>discedentes,</strong></span> <span class='ocrx_word' id='word_1_658' title='bbox 2556 4356 2658 4408; x_wconf 90' lang='lat' dir='ltr'><strong>iter</strong></span> <span class='ocrx_word' id='word_1_659' title='bbox 2707 4353 2993 4408; x_wconf 82' lang='lat' dir='ltr'><strong>Thraciam</strong></span> <span class='ocrx_word' id='word_1_660' title='bbox 3039 4369 3230 4408; x_wconf 88' lang='lat' dir='ltr'><strong>versus</strong></span> <span class='ocrx_word' id='word_1_661' title='bbox 3280 4365 3409 4410; x_wconf 89' lang='lat' dir='ltr'><strong>sunt</strong></span> 
     </span>
    </p>
   </div>
   <div class='ocr_carea' id='block_1_92' title="bbox 1835 4445 3401 4520">
    <p class='ocr_par' dir='ltr' id='par_1_92' title="bbox 1835 4445 3401 4520">
     <span class='ocr_line' id='line_1_92' title="bbox 1835 4445 3401 4520; baseline -0.003 -17"><span class='ocrx_word' id='word_1_662' title='bbox 1835 4449 2087 4520; x_wconf 89' lang='lat' dir='ltr'><strong>ingressi,</strong></span> <span class='ocrx_word' id='word_1_663' title='bbox 2114 4457 2176 4502; x_wconf 93' lang='lat' dir='ltr'><strong>ut</strong></span> <span class='ocrx_word' id='word_1_664' title='bbox 2208 4449 2262 4501; x_wconf 88' lang='lat' dir='ltr'><strong>in</strong></span> <span class='ocrx_word' id='word_1_665' title='bbox 2296 4463 2357 4502; x_wconf 90' lang='lat' dir='ltr'><strong>ea</strong></span> <span class='ocrx_word' id='word_1_666' title='bbox 2401 4463 2514 4500; x_wconf 72' lang='lat' dir='ltr'><strong>sua:</strong></span> <span class='ocrx_word' id='word_1_667' title='bbox 2541 4448 2717 4516; x_wconf 84' lang='lat' dir='ltr'><strong>gentis</strong></span> <span class='ocrx_word' id='word_1_668' title='bbox 2749 4448 3056 4501; x_wconf 85' lang='lat' dir='ltr'><strong>hominibus</strong></span> <span class='ocrx_word' id='word_1_669' title='bbox 3100 4445 3401 4516; x_wconf 88' lang='lat' dir='ltr'><strong>conjuncti,</strong></span> 
     </span>
    </p>
   </div>
   <div class='ocr_carea' id='block_1_93' title="bbox 1833 4537 3406 4607">
    <p class='ocr_par' dir='ltr' id='par_1_93' title="bbox 1833 4537 3406 4607">
     <span class='ocr_line' id='line_1_93' title="bbox 1833 4537 3406 4607; baseline -0.002 -13"><span class='ocrx_word' id='word_1_670' title='bbox 1833 4539 1998 4594; x_wconf 88' lang='lat' dir='ltr'><strong>simul</strong></span> <span class='ocrx_word' id='word_1_671' title='bbox 2021 4539 2276 4607; x_wconf 89' lang='lat' dir='ltr'><strong>deinceps</strong></span> <span class='ocrx_word' id='word_1_672' title='bbox 2302 4540 2367 4592; x_wconf 90' lang='lat' dir='ltr'><strong>ad</strong></span> <span class='ocrx_word' id='word_1_673' title='bbox 2392 4553 2488 4593; x_wconf 89' lang='lat' dir='ltr'><strong>sua</strong></span> <span class='ocrx_word' id='word_1_674' title='bbox 2514 4548 2932 4592; x_wconf 81' lang='lat' dir='ltr'><strong>reverterentur.</strong></span> <span class='ocrx_word' id='word_1_675' title='bbox 2970 4537 3246 4606; x_wconf 87' lang='lat' dir='ltr'><strong>Zahergan</strong></span> <span class='ocrx_word' id='word_1_676' title='bbox 3277 4553 3406 4591; x_wconf 81' lang='lat' dir='ltr'><strong>vero</strong></span> 
     </span>
    </p>
   </div>
   <div class='ocr_carea' id='block_1_94' title="bbox 1834 4631 3402 4701">
    <p class='ocr_par' dir='ltr' id='par_1_94' title="bbox 1834 4631 3402 4701">
     <span class='ocr_line' id='line_1_94' title="bbox 1834 4631 3402 4701; baseline -0.001 -15"><span class='ocrx_word' id='word_1_677' title='bbox 1834 4632 2064 4701; x_wconf 85' lang='lat' dir='ltr'><strong>ejusque</strong></span> <span class='ocrx_word' id='word_1_678' title='bbox 2097 4632 2266 4700; x_wconf 66' lang='lat' dir='ltr'><strong>copia:</strong></span> <span class='ocrx_word' id='word_1_679' title='bbox 2302 4645 2406 4684; x_wconf 84' lang='lat' dir='ltr'><strong>non</strong></span> <span class='ocrx_word' id='word_1_680' title='bbox 2444 4640 2602 4684; x_wconf 90' lang='lat' dir='ltr'><strong>antea</strong></span> <span class='ocrx_word' id='word_1_681' title='bbox 2633 4646 2690 4684; x_wconf 91' lang='lat' dir='ltr'><strong>sc</strong></span> <span class='ocrx_word' id='word_1_682' title='bbox 2726 4632 3065 4686; x_wconf 87' lang='lat' dir='ltr'><strong>discessuros</strong></span> <span class='ocrx_word' id='word_1_683' title='bbox 3105 4631 3402 4699; x_wconf 85' lang='lat' dir='ltr'><strong>jactabant.</strong></span> 
     </span>
    </p>
   </div>
   <div class='ocr_carea' id='block_1_95' title="bbox 1834 4722 3402 4795">
    <p class='ocr_par' dir='ltr' id='par_1_95' title="bbox 1834 4722 3402 4795">
     <span class='ocr_line' id='line_1_95' title="bbox 1834 4722 3402 4795; baseline -0.002 -17"><span class='ocrx_word' id='word_1_684' title='bbox 1834 4739 1996 4795; x_wconf 90' lang='lat' dir='ltr'><strong>quam</strong></span> <span class='ocrx_word' id='word_1_685' title='bbox 2030 4723 2302 4792; x_wconf 80' lang='lat' dir='ltr'><strong>ingentem</strong></span> <span class='ocrx_word' id='word_1_686' title='bbox 2342 4724 2462 4776; x_wconf 88' lang='lat' dir='ltr'><strong>auri</strong></span> <span class='ocrx_word' id='word_1_687' title='bbox 2495 4724 2602 4776; x_wconf 90' lang='lat' dir='ltr'><strong>vim</strong></span> <span class='ocrx_word' id='word_1_688' title='bbox 2649 4739 2680 4777; x_wconf 90' lang='lat' dir='ltr'><strong>a</strong></span> <span class='ocrx_word' id='word_1_689' title='bbox 2726 4722 2984 4776; x_wconf 79' lang='lat' dir='ltr'><strong>Romanis</strong></span> <span class='ocrx_word' id='word_1_690' title='bbox 3032 4723 3402 4786; x_wconf 85' lang='lat' dir='ltr'><strong>abstulissent,</strong></span> 
     </span>
    </p>
   </div>
   <div class='ocr_carea' id='block_1_96' title="bbox 164 4815 1763 4904">
    <p class='ocr_par' dir='ltr' id='par_1_96' title="bbox 164 4826 1732 4904">
     <span class='ocr_line' id='line_1_96' title="bbox 164 4826 1732 4904; baseline 0.009 -28"><span class='ocrx_word' id='word_1_691' title='bbox 164 4826 688 4898; x_wconf 86' lang='grc' dir='ltr'>προστεθησόμενοι,</span> <span class='ocrx_word' id='word_1_692' title='bbox 729 4829 819 4881; x_wconf 62' lang='grc' dir='ltr'>καὶ</span> <span class='ocrx_word' id='word_1_693' title='bbox 865 4847 930 4882; x_wconf 91' lang='grc' dir='ltr'>κο</span> <span class='ocrx_word' id='word_1_694' title='bbox 947 4833 1031 4902; x_wconf 79' lang='grc' dir='ltr'>ινῇ</span> <span class='ocrx_word' id='word_1_695' title='bbox 1057 4831 1302 4885; x_wconf 79' lang='grc' dir='ltr'>τολοιπὸν</span> <span class='ocrx_word' id='word_1_696' title='bbox 1325 4835 1381 4894; x_wconf 84' lang='grc' dir='ltr'><strong>ἐς</strong></span> <span class='ocrx_word' id='word_1_697' title='bbox 1408 4833 1477 4885; x_wconf 87' lang='grc' dir='ltr'>τὰ</span> <span class='ocrx_word' id='word_1_698' title='bbox 1499 4834 1732 4904; x_wconf 87' lang='grc' dir='ltr'>σφέτερα</span> 
     </span>
    </p>
   </div>
   <div class='ocr_carea' id='block_1_97' title="bbox 1829 4815 3404 4904">
    <p class='ocr_par' dir='ltr' id='par_1_97' title="bbox 1834 4815 3404 4888">
     <span class='ocr_line' id='line_1_97' title="bbox 1834 4815 3404 4888; baseline 0.001 -17"><span class='ocrx_word' id='word_1_699' title='bbox 1834 4815 2290 4888; x_wconf 87' lang='lat' dir='ltr'><strong>quemadmodum</strong></span> <span class='ocrx_word' id='word_1_700' title='bbox 2325 4815 2482 4885; x_wconf 79' lang='lat'><strong>331</strong></span> <span class='ocrx_word' id='word_1_701' title='bbox 2527 4815 2736 4884; x_wconf 81' lang='lat' dir='ltr'><strong>Utiguri</strong></span> <span class='ocrx_word' id='word_1_702' title='bbox 2763 4834 2778 4880; x_wconf 88' lang='lat'>;</span> <span class='ocrx_word' id='word_1_703' title='bbox 2816 4826 2870 4870; x_wconf 88' lang='lat' dir='ltr'><strong>et</strong></span> <span class='ocrx_word' id='word_1_704' title='bbox 2902 4817 3167 4884; x_wconf 86' lang='lat' dir='ltr'><strong>captivos,</strong></span> <span class='ocrx_word' id='word_1_705' title='bbox 3199 4817 3303 4872; x_wconf 91' lang='lat' dir='ltr'><strong>nisi</strong></span> <span class='ocrx_word' id='word_1_706' title='bbox 3335 4821 3404 4872; x_wconf 90' lang='lat' dir='ltr'><strong>ab</strong></span> 
     </span>
    </p>
   </div>
   <div class='ocr_carea' id='block_1_98' title="bbox 161 4916 1732 5000">
    <p class='ocr_par' dir='ltr' id='par_1_98' title="bbox 161 4916 1732 5000">
     <span class='ocr_line' id='line_1_98' title="bbox 161 4916 1732 5000; baseline 0.008 -32"><span class='ocrx_word' id='word_1_707' title='bbox 161 4916 550 4987; x_wconf 81' lang='grc' dir='ltr'>ἐπανήξοντες.</span> <span class='ocrx_word' id='word_1_708' title='bbox 579 4921 642 4972; x_wconf 78' lang='lat' dir='ltr'><strong>Oi</strong></span> <span class='ocrx_word' id='word_1_709' title='bbox 667 4919 723 4972; x_wconf 79' lang='grc' dir='ltr'>δὲ</span> <span class='ocrx_word' id='word_1_710' title='bbox 768 4923 914 4992; x_wconf 82' lang='grc' dir='ltr'>ἀμφὶ</span> <span class='ocrx_word' id='word_1_711' title='bbox 943 4940 1039 4976; x_wconf 91' lang='grc' dir='ltr'><strong>τον</strong></span> <span class='ocrx_word' id='word_1_712' title='bbox 1069 4924 1352 4994; x_wconf 87' lang='grc' dir='ltr'>Ζαϐεργάν</span> <span class='ocrx_word' id='word_1_713' title='bbox 1380 4926 1440 4978; x_wconf 83' lang='grc' dir='ltr'>οὐ</span> <span class='ocrx_word' id='word_1_714' title='bbox 1470 4927 1732 5000; x_wconf 85' lang='grc' dir='ltr'>πρότερον</span> 
     </span>
    </p>
   </div>
   <div class='ocr_carea' id='block_1_99' title="bbox 163 5007 1731 5085">
    <p class='ocr_par' dir='ltr' id='par_1_99' title="bbox 163 5007 1731 5085">
     <span class='ocr_line' id='line_1_99' title="bbox 163 5007 1731 5085; baseline 0.01 -28"><span class='ocrx_word' id='word_1_715' title='bbox 163 5007 578 5076; x_wconf 80' lang='grc' dir='ltr'>ἀποστήσεσθαι</span> <span class='ocrx_word' id='word_1_716' title='bbox 608 5009 818 5076; x_wconf 83' lang='grc' dir='ltr'>ἔφασαν</span> <span class='ocrx_word' id='word_1_717' title='bbox 847 5011 914 5075; x_wconf 75' lang='grc'><strong>⁸⁷,</strong></span> <span class='ocrx_word' id='word_1_718' title='bbox 945 5013 1074 5082; x_wconf 76' lang='grc' dir='ltr'>πρὶν</span> <span class='ocrx_word' id='word_1_719' title='bbox 1102 5011 1167 5066; x_wconf 85' lang='grc' dir='ltr'>ἂν</span> <span class='ocrx_word' id='word_1_720' title='bbox 1193 5017 1456 5085; x_wconf 87' lang='grc' dir='ltr'>χρήματα</span> <span class='ocrx_word' id='word_1_721' title='bbox 1483 5018 1559 5080; x_wconf 86' lang='grc' dir='ltr'>ὡς</span> <span class='ocrx_word' id='word_1_722' title='bbox 1584 5019 1731 5072; x_wconf 86' lang='grc' dir='ltr'>πλεῖ-</span> 
     </span>
    </p>
   </div>
   <div class='ocr_carea' id='block_1_100' title="bbox 164 5097 1732 5178">
    <p class='ocr_par' dir='ltr' id='par_1_100' title="bbox 164 5097 1732 5178">
     <span class='ocr_line' id='line_1_100' title="bbox 164 5097 1732 5178; baseline 0.01 -31"><span class='ocrx_word' id='word_1_723' title='bbox 164 5113 274 5148; x_wconf 87' lang='grc' dir='ltr'><strong>στα</strong></span> <span class='ocrx_word' id='word_1_724' title='bbox 308 5097 460 5169; x_wconf 80' lang='grc' dir='ltr'>παρὰ</span> <span class='ocrx_word' id='word_1_725' title='bbox 499 5099 783 5169; x_wconf 76' lang='grc' dir='ltr'>Ῥωμαίων</span> <span class='ocrx_word' id='word_1_726' title='bbox 827 5103 1163 5173; x_wconf 88' lang='grc' dir='ltr'>κομίσαιντο,</span> <span class='ocrx_word' id='word_1_727' title='bbox 1198 5107 1447 5178; x_wconf 83' lang='grc' dir='ltr'>καθάπερ</span> <span class='ocrx_word' id='word_1_728' title='bbox 1490 5111 1539 5162; x_wconf 82' lang='lat' dir='ltr'><strong>oi</strong></span> <span class='ocrx_word' id='word_1_729' title='bbox 1575 5112 1732 5165; x_wconf 85' lang='grc' dir='ltr'>Ούτί-</span> 
     </span>
    </p>
   </div>
   <div class='ocr_carea' id='block_1_101' title="bbox 164 5187 1730 5271">
    <p class='ocr_par' dir='ltr' id='par_1_101' title="bbox 164 5187 1730 5271">
     <span class='ocr_line' id='line_1_101' title="bbox 164 5187 1730 5271; baseline 0.011 -32"><span class='ocrx_word' id='word_1_730' title='bbox 164 5203 364 5258; x_wconf 82' lang='grc' dir='ltr'>γουροι</span> <span class='ocrx_word' id='word_1_731' title='bbox 405 5187 487 5220; x_wconf 64' lang='grc'><strong>⁸⁸⁸</strong></span> <span class='ocrx_word' id='word_1_732' title='bbox 533 5191 658 5254; x_wconf 88' lang='grc' dir='ltr'>τούς</span> <span class='ocrx_word' id='word_1_733' title='bbox 723 5209 782 5245; x_wconf 88' lang='grc' dir='ltr'><strong>τε</strong></span> <span class='ocrx_word' id='word_1_734' title='bbox 837 5195 1236 5264; x_wconf 83' lang='grc' dir='ltr'>αἰχμαλώτους,</span> <span class='ocrx_word' id='word_1_735' title='bbox 1296 5200 1342 5250; x_wconf 83' lang='grc' dir='ltr'><strong>εί</strong></span> <span class='ocrx_word' id='word_1_736' title='bbox 1398 5201 1474 5271; x_wconf 78' lang='grc' dir='ltr'>μὴ</span> <span class='ocrx_word' id='word_1_737' title='bbox 1537 5201 1730 5256; x_wconf 85' lang='grc' dir='ltr'>θᾶττον</span> 
     </span>
    </p>
   </div>
   <div class='ocr_carea' id='block_1_102' title="bbox 1828 4906 3404 4976">
    <p class='ocr_par' dir='ltr' id='par_1_102' title="bbox 1828 4906 3404 4976">
     <span class='ocr_line' id='line_1_102' title="bbox 1828 4906 3404 4976; baseline -0.001 -12"><span class='ocrx_word' id='word_1_738' title='bbox 1828 4921 2016 4964; x_wconf 89' lang='lat' dir='ltr'><strong>eorum</strong></span> <span class='ocrx_word' id='word_1_739' title='bbox 2050 4907 2370 4976; x_wconf 85' lang='lat' dir='ltr'><strong>propinquis</strong></span> <span class='ocrx_word' id='word_1_740' title='bbox 2398 4907 2803 4976; x_wconf 86' lang='lat' dir='ltr'><strong>quamprimum</strong></span> <span class='ocrx_word' id='word_1_741' title='bbox 2835 4906 3249 4966; x_wconf 88' lang='lat' dir='ltr'><strong>redimerentur.</strong></span> <span class='ocrx_word' id='word_1_742' title='bbox 3279 4923 3404 4962; x_wconf 88' lang='lat' dir='ltr'><strong>con-</strong></span> 
     </span>
    </p>
   </div>
   <div class='ocr_carea' id='block_1_103' title="bbox 1828 5001 3400 5072">
    <p class='ocr_par' dir='ltr' id='par_1_103' title="bbox 1828 5001 3400 5072">
     <span class='ocr_line' id='line_1_103' title="bbox 1828 5001 3400 5072; baseline 0.001 -15"><span class='ocrx_word' id='word_1_743' title='bbox 1828 5002 2006 5059; x_wconf 82' lang='lat' dir='ltr'><strong>festim</strong></span> <span class='ocrx_word' id='word_1_744' title='bbox 2032 5003 2378 5072; x_wconf 84' lang='lat' dir='ltr'><strong>jugulaturos</strong></span> <span class='ocrx_word' id='word_1_745' title='bbox 2404 5017 2524 5057; x_wconf 85' lang='lat' dir='ltr'><strong>sese</strong></span> <span class='ocrx_word' id='word_1_746' title='bbox 2553 5002 2921 5056; x_wconf 89' lang='lat' dir='ltr'><strong>minabantur.</strong></span> <span class='ocrx_word' id='word_1_747' title='bbox 2955 5001 3247 5072; x_wconf 90' lang='lat' dir='ltr'><strong>Imperator</strong></span> <span class='ocrx_word' id='word_1_748' title='bbox 3271 5019 3400 5058; x_wconf 88' lang='lat' dir='ltr'><strong>vero</strong></span> 
     </span>
    </p>
   </div>
   <div class='ocr_carea' id='block_1_104' title="bbox 1827 5103 3401 5173">
    <p class='ocr_par' dir='ltr' id='par_1_104' title="bbox 1827 5103 3401 5173">
     <span class='ocr_line' id='line_1_104' title="bbox 1827 5103 3401 5173; baseline 0.001 -15"><span class='ocrx_word' id='word_1_749' title='bbox 1827 5112 2036 5158; x_wconf 89' lang='lat' dir='ltr'><strong>tantum</strong></span> <span class='ocrx_word' id='word_1_750' title='bbox 2069 5104 2186 5157; x_wconf 86' lang='lat' dir='ltr'><strong>auri</strong></span> <span class='ocrx_word' id='word_1_751' title='bbox 2214 5103 2292 5158; x_wconf 92' lang='lat' dir='ltr'><strong>eis</strong></span> <span class='ocrx_word' id='word_1_752' title='bbox 2320 5103 2488 5168; x_wconf 90' lang='lat' dir='ltr'><strong>misit,</strong></span> <span class='ocrx_word' id='word_1_753' title='bbox 2521 5112 2782 5173; x_wconf 89' lang='lat' dir='ltr'><strong>quantum</strong></span> <span class='ocrx_word' id='word_1_754' title='bbox 2815 5103 3144 5158; x_wconf 88' lang='lat' dir='ltr'><strong>redimendis</strong></span> <span class='ocrx_word' id='word_1_755' title='bbox 3173 5105 3401 5173; x_wconf 88' lang='lat' dir='ltr'><strong>captivis</strong></span> 
     </span>
    </p>
   </div>
   <div class='ocr_carea' id='block_1_105' title="bbox 1831 5203 3401 5276">
    <p class='ocr_par' dir='ltr' id='par_1_105' title="bbox 1831 5203 3401 5276">
     <span class='ocr_line' id='line_1_105' title="bbox 1831 5203 3401 5276; baseline 0.002 -19"><span class='ocrx_word' id='word_1_756' title='bbox 1831 5203 2186 5260; x_wconf 75' lang='lat' dir='ltr'><strong>suffecturum</strong></span> <span class='ocrx_word' id='word_1_757' title='bbox 2211 5204 2480 5270; x_wconf 89' lang='lat' dir='ltr'><strong>censebat,</strong></span> <span class='ocrx_word' id='word_1_758' title='bbox 2508 5213 2562 5258; x_wconf 88' lang='lat' dir='ltr'><strong>et</strong></span> <span class='ocrx_word' id='word_1_759' title='bbox 2587 5213 2646 5258; x_wconf 93' lang='lat' dir='ltr'><strong>ut</strong></span> <span class='ocrx_word' id='word_1_760' title='bbox 2667 5203 2874 5271; x_wconf 84' lang='lat' dir='ltr'><strong>pacifici</strong></span> <span class='ocrx_word' id='word_1_761' title='bbox 2899 5203 3152 5274; x_wconf 85' lang='lat' dir='ltr'><strong>deinceps</strong></span> <span class='ocrx_word' id='word_1_762' title='bbox 3180 5205 3401 5276; x_wconf 80' lang='lat' dir='ltr'><strong>regione</strong></span> 
     </span>
    </p>
   </div>
   <div class='ocr_carea' id='block_1_106' title="bbox 1440 5370 2116 5432">
    <p class='ocr_par' dir='ltr' id='par_1_106' title="bbox 1440 5370 2116 5432">
     <span class='ocr_line' id='line_1_106' title="bbox 1440 5370 2116 5432; baseline 0.01 -7"><span class='ocrx_word' id='word_1_763' title='bbox 1440 5370 1674 5430; x_wconf 72' lang='lat' dir='ltr'><strong>VARUE</strong></span> <span class='ocrx_word' id='word_1_764' title='bbox 1711 5375 2116 5432; x_wconf 82' lang='lat' dir='ltr'><strong>LECTIONES.</strong></span> 
     </span>
    </p>
   </div>
   <div class='ocr_carea' id='block_1_107' title="bbox 246 5517 3394 5603">
    <p class='ocr_par' dir='ltr' id='par_1_107' title="bbox 246 5517 3394 5603">
     <span class='ocr_line' id='line_1_107' title="bbox 246 5517 3394 5603; baseline 0.005 -30"><span class='ocrx_word' id='word_1_765' title='bbox 246 5517 691 5603; x_wconf 59' lang='grc' dir='ltr'>’ξάπεπτύσσετο</span> <span class='ocrx_word' id='word_1_766' title='bbox 720 5523 842 5603; x_wconf 60' lang='grc' dir='ltr'><strong>ΡΜ.</strong></span> <span class='ocrx_word' id='word_1_767' title='bbox 923 5525 1270 5603; x_wconf 37' lang='grc' dir='ltr'>παύτοὺςμίι.</span> <span class='ocrx_word' id='word_1_768' title='bbox 1325 5530 1505 5590; x_wconf 82' lang='grc' dir='ltr'>αὐτοῖς</span> <span class='ocrx_word' id='word_1_769' title='bbox 1530 5531 1699 5603; x_wconf 73' lang='lat' dir='ltr'><strong>vulg._</strong></span> <span class='ocrx_word' id='word_1_770' title='bbox 1749 5532 2115 5603; x_wconf 51' lang='grc' dir='ltr'>δξποτοῦιῖοι</span> <span class='ocrx_word' id='word_1_771' title='bbox 2145 5541 2307 5602; x_wconf 83' lang='lat' dir='ltr'><strong>tntpr.</strong></span> <span class='ocrx_word' id='word_1_772' title='bbox 2357 5535 2577 5588; x_wconf 73' lang='lat' dir='ltr'><strong>imaueta</strong></span> <span class='ocrx_word' id='word_1_773' title='bbox 2643 5537 2872 5600; x_wconf 82' lang='lat' dir='ltr'><strong>potione,</strong></span> <span class='ocrx_word' id='word_1_774' title='bbox 2945 5533 3189 5603; x_wconf 80' lang='grc' dir='ltr'>ποταμοῦ</span> <span class='ocrx_word' id='word_1_775' title='bbox 3246 5535 3394 5603; x_wconf 79' lang='lat' dir='ltr'><strong>vnlg.</strong></span> 
     </span>
    </p>
   </div>
   <div class='ocr_carea' id='block_1_108' title="bbox 166 5588 1808 5667">
    <p class='ocr_par' dir='ltr' id='par_1_108' title="bbox 166 5588 1808 5667">
     <span class='ocr_line' id='line_1_108' title="bbox 166 5588 1808 5667; baseline 0.009 -27"><span class='ocrx_word' id='word_1_776' title='bbox 166 5589 216 5618; x_wconf 74' lang='grc'><strong>⁵¹</strong></span> <span class='ocrx_word' id='word_1_777' title='bbox 258 5588 481 5667; x_wconf 66' lang='grc' dir='ltr'><strong>ἅπανταΔ</strong></span> <span class='ocrx_word' id='word_1_778' title='bbox 533 5590 579 5644; x_wconf 80' lang='lat' dir='ltr'>R</span> <span class='ocrx_word' id='word_1_779' title='bbox 611 5602 688 5667; x_wconf 70' lang='lat' dir='ltr'><strong>_et</strong></span> <span class='ocrx_word' id='word_1_780' title='bbox 729 5593 892 5667; x_wconf 75' lang='lat' dir='ltr'><strong>intpr.</strong></span> <span class='ocrx_word' id='word_1_781' title='bbox 961 5595 1108 5667; x_wconf 42' lang='grc' dir='ltr'><strong>(Ωιι).</strong></span> <span class='ocrx_word' id='word_1_782' title='bbox 1163 5588 1414 5661; x_wconf 63' lang='grc' dir='ltr'>ἅπαντες</span> <span class='ocrx_word' id='word_1_783' title='bbox 1470 5588 1651 5667; x_wconf 50' lang='lat' dir='ltr'><strong>vulg.”</strong></span> <span class='ocrx_word' id='word_1_784' title='bbox 1690 5599 1808 5654; x_wconf 68' lang='grc' dir='ltr'><strong>δἐῦ</strong></span> 
     </span>
    </p>
   </div>
   <div class='ocr_carea' id='block_1_109' title="bbox 1280 5668 2199 5738">
    <p class='ocr_par' dir='ltr' id='par_1_109' title="bbox 1280 5668 2199 5738">
     <span class='ocr_line' id='line_1_109' title="bbox 1280 5668 2199 5738; baseline 0.005 -19"><span class='ocrx_word' id='word_1_785' title='bbox 1280 5668 1324 5697; x_wconf 73' lang='grc'><strong>’⁵⁸⁸</strong></span> <span class='ocrx_word' id='word_1_786' title='bbox 1368 5671 1744 5738; x_wconf 77' lang='grc' dir='ltr'>ἐγκαθείργειν</span> <span class='ocrx_word' id='word_1_787' title='bbox 1816 5668 1968 5725; x_wconf 76' lang='lat' dir='ltr'><strong>Sitid.</strong></span> <span class='ocrx_word' id='word_1_788' title='bbox 2041 5691 2087 5728; x_wconf 89' lang='lat' dir='ltr'><strong>s.</strong></span> <span class='ocrx_word' id='word_1_789' title='bbox 2149 5691 2199 5725; x_wconf 87' lang='lat' dir='ltr'><strong>v.</strong></span> 
     </span>
    </p>
   </div>
   <div class='ocr_carea' id='block_1_110' title="bbox 167 5661 1164 5732">
    <p class='ocr_par' dir='ltr' id='par_1_110' title="bbox 167 5661 1164 5732">
     <span class='ocr_line' id='line_1_110' title="bbox 167 5661 1164 5732; baseline 0.009 -23"><span class='ocrx_word' id='word_1_790' title='bbox 167 5662 502 5732; x_wconf 66' lang='grc' dir='ltr'>ςριιιηιιιηίιί.</span> <span class='ocrx_word' id='word_1_791' title='bbox 545 5731 553 5732; x_wconf 17' lang='lat'><em>7</em></span> <span class='ocrx_word' id='word_1_792' title='bbox 608 5661 654 5693; x_wconf 73' lang='lat'><strong>“</strong></span> <span class='ocrx_word' id='word_1_793' title='bbox 705 5662 964 5732; x_wconf 81' lang='grc' dir='ltr'>νεώτερος</span> <span class='ocrx_word' id='word_1_794' title='bbox 1047 5664 1164 5719; x_wconf 83' lang='lat' dir='ltr'><strong>Par.</strong></span> 
     </span>
    </p>
   </div>
   <div class='ocr_carea' id='block_1_111' title="bbox 1871 5603 3390 5674">
    <p class='ocr_par' dir='ltr' id='par_1_111' title="bbox 1871 5603 3390 5674">
     <span class='ocr_line' id='line_1_111' title="bbox 1871 5603 3390 5674; baseline 0.002 -18"><span class='ocrx_word' id='word_1_795' title='bbox 1871 5604 2013 5670; x_wconf 79' lang='grc' dir='ltr'>μάλα</span> <span class='ocrx_word' id='word_1_796' title='bbox 2073 5605 2193 5658; x_wconf 85' lang='lat' dir='ltr'><strong>add.</strong></span> <span class='ocrx_word' id='word_1_797' title='bbox 2251 5620 2314 5657; x_wconf 78' lang='lat' dir='ltr'><strong>ex</strong></span> <span class='ocrx_word' id='word_1_798' title='bbox 2370 5603 2415 5655; x_wconf 69' lang='grc' dir='ltr'><strong>ιι</strong></span> <span class='ocrx_word' id='word_1_799' title='bbox 2449 5614 2502 5658; x_wconf 90' lang='lat' dir='ltr'><strong>et</strong></span> <span class='ocrx_word' id='word_1_800' title='bbox 2555 5605 2716 5674; x_wconf 89' lang='lat' dir='ltr'><strong>intpr.</strong></span> <span class='ocrx_word' id='word_1_801' title='bbox 2769 5605 2931 5657; x_wconf 80' lang='lat' dir='ltr'><strong>armis</strong></span> <span class='ocrx_word' id='word_1_802' title='bbox 2978 5621 3134 5671; x_wconf 85' lang='lat' dir='ltr'><strong>quam</strong></span> <span class='ocrx_word' id='word_1_803' title='bbox 3196 5608 3390 5669; x_wconf 79' lang='lat' dir='ltr'><strong>optime</strong></span> 
     </span>
    </p>
   </div>
   <div class='ocr_carea' id='block_1_112' title="bbox 2285 5673 3388 5743">
    <p class='ocr_par' dir='ltr' id='par_1_112' title="bbox 2285 5673 3388 5743">
     <span class='ocr_line' id='line_1_112' title="bbox 2285 5673 3388 5743; baseline 0.002 -18"><span class='ocrx_word' id='word_1_804' title='bbox 2285 5673 2646 5742; x_wconf 42' lang='grc' dir='ltr'>ἀφειδήσαςᾎ</span> <span class='ocrx_word' id='word_1_805' title='bbox 2725 5673 2771 5706; x_wconf 78' lang='grc'><strong>⁸⁸</strong></span> <span class='ocrx_word' id='word_1_806' title='bbox 2819 5675 3238 5743; x_wconf 73' lang='grc' dir='ltr'>διαχειρίζεσθαι</span> <span class='ocrx_word' id='word_1_807' title='bbox 3320 5675 3388 5727; x_wconf 70' lang='grc' dir='ltr'><strong>η.</strong></span> 
     </span>
    </p>
   </div>
   <div class='ocr_carea' id='block_1_113' title="bbox 169 5727 3385 5814">
    <p class='ocr_par' dir='ltr' id='par_1_113' title="bbox 169 5727 3385 5814">
     <span class='ocr_line' id='line_1_113' title="bbox 169 5727 3385 5814; baseline 0.006 -34"><span class='ocrx_word' id='word_1_808' title='bbox 240 5729 440 5814; x_wconf 59' lang='grc' dir='ltr'>ἀθρόαν</span> <span class='ocrx_word' id='word_1_809' title='bbox 471 5731 623 5814; x_wconf 49' lang='lat' dir='ltr'><strong>vulg.</strong></span> <span class='ocrx_word' id='word_1_810' title='bbox 665 5727 971 5814; x_wconf 37' lang='grc' dir='ltr'>ἀνέσπασαν</span> <span class='ocrx_word' id='word_1_811' title='bbox 1003 5735 1063 5814; x_wconf 64' lang='lat' dir='ltr'><strong>It,</strong></span> <span class='ocrx_word' id='word_1_812' title='bbox 1097 5727 1504 5814; x_wconf 30' lang='grc' dir='ltr'>ἔφρασαν,νὺιεῖ</span> <span class='ocrx_word' id='word_1_813' title='bbox 1527 5727 1788 5814; x_wconf 75' lang='grc' dir='ltr'>χρήματα</span> <span class='ocrx_word' id='word_1_814' title='bbox 1814 5743 1982 5814; x_wconf 62' lang='grc' dir='ltr'>πολλὰ</span> <span class='ocrx_word' id='word_1_815' title='bbox 2011 5727 2073 5797; x_wconf 69' lang='lat' dir='ltr'><strong>li.</strong></span> <span class='ocrx_word' id='word_1_816' title='bbox 2155 5742 2200 5774; x_wconf 69' lang='grc'><strong>⁸⁸</strong></span> <span class='ocrx_word' id='word_1_817' title='bbox 2223 5727 2538 5814; x_wconf 73' lang='grc' dir='ltr'>Οὐτίγουροι</span> <span class='ocrx_word' id='word_1_818' title='bbox 2559 5727 2766 5799; x_wconf 77' lang='lat' dir='ltr'><strong>cOrrexi</strong></span> <span class='ocrx_word' id='word_1_819' title='bbox 2797 5759 2857 5796; x_wconf 73' lang='lat' dir='ltr'><strong>ex</strong></span> <span class='ocrx_word' id='word_1_820' title='bbox 2891 5727 2943 5813; x_wconf 47' lang='lat' dir='ltr'><strong>ph.</strong></span> <span class='ocrx_word' id='word_1_821' title='bbox 2967 5727 3078 5798; x_wconf 39' lang='lat'><strong>5&#39;00.</strong></span> <span class='ocrx_word' id='word_1_822' title='bbox 3095 5746 3147 5810; x_wconf 84' lang='grc'>5,</span> <span class='ocrx_word' id='word_1_823' title='bbox 3181 5745 3304 5799; x_wconf 76' lang='lat'><strong>505.</strong></span> <span class='ocrx_word' id='word_1_824' title='bbox 3328 5746 3385 5798; x_wconf 77' lang='grc'><strong>11</strong></span> 
     </span>
    </p>
   </div>
   <div class='ocr_carea' id='block_1_114' title="bbox 171 5799 1912 5880">
    <p class='ocr_par' dir='ltr' id='par_1_114' title="bbox 171 5799 1912 5880">
     <span class='ocr_line' id='line_1_114' title="bbox 171 5799 1912 5880; baseline 0.007 -31"><span class='ocrx_word' id='word_1_825' title='bbox 171 5810 230 5850; x_wconf 83' lang='lat' dir='ltr'><strong>et</strong></span> <span class='ocrx_word' id='word_1_826' title='bbox 259 5799 552 5852; x_wconf 74' lang='lat' dir='ltr'><strong>Menandro</strong></span> <span class='ocrx_word' id='word_1_827' title='bbox 571 5802 872 5862; x_wconf 83' lang='lat' dir='ltr'><strong>historico..</strong></span> <span class='ocrx_word' id='word_1_828' title='bbox 897 5799 1248 5876; x_wconf 78' lang='grc' dir='ltr'>Ούττίγουροι</span> <span class='ocrx_word' id='word_1_829' title='bbox 1268 5809 1433 5879; x_wconf 81' lang='lat' dir='ltr'><strong>vulg..</strong></span> <span class='ocrx_word' id='word_1_830' title='bbox 1453 5799 1823 5880; x_wconf 54' lang='grc' dir='ltr'>νούὲρίγουροι</span> <span class='ocrx_word' id='word_1_831' title='bbox 1850 5813 1912 5865; x_wconf 82' lang='lat' dir='ltr'><strong>R.</strong></span> 
     </span>
    </p>
   </div>
  </div>
