4188 6438
167 405 302 473 1593

1338 413 1874 476 l-IISTORIARUM
1900 419 2130 483 LIBER
2149 425 2217 486 V.

3253 419 3392 486 1594

164 518 395 586 ’ἠλιαμεν
421 515 489 569 δὲ
509 517 664 586 ὅμως
687 518 933 586 ἑκάτερα
961 517 1070 584 τῆς
1104 517 1223 586 σῆς
1249 521 1594 590 πειρώμενοι
1620 523 1720 575 60'-
1750 547 1763 583 Α

1827 529 1928 580 voti
1953 545 2279 600 nequaquam
2305 543 2565 601 compotes
2591 531 2874 586 dimittere.
2911 530 3199 600 Utrumque
3220 543 3391 586 tamen

165 611 298 675 ξης.
338 612 406 662 El
427 611 542 678 μὲν
569 610 679 678 γὰρ
708 609 790 675 ὡς
816 609 1059 678 ἀληθῶς
1093 611 1499 680 ἀνδρειότερος
1530 611 1587 667 εἷ
1627 613 1726 667 καὶ

162 702 486 770 φρενήρης,
506 702 603 755 καὶ
631 697 756 767 οἶος
771 701 856 770 μὴ
876 703 1218 770 ἐπι-τρέπειν
1233 704 1350 769 τοῖς
1380 706 1450 759 τὰ
1471 706 1556 758 σὰ
1580 722 1727 773 σερε-

165 793 573 863 τεριζομὲνοις,
606 795 750 848 οὐδὲ
782 795 899 848 νῦν
951 795 1205 862 ἔλαττον
1241 795 1418 862 ἕξεις.
1465 795 1725 865 Πάρεστι

161 886 278 956 γάρ
305 903 406 940 σοι
430 887 501 939 ἐν
520 885 702 955 καιρῷ
725 885 790 941 τὸ
817 887 1115 956 δυσμενὲς
1137 888 1494 956 ἀμύνασθαι,
1520 890 1618 942 καὶ
1650 887 1724 958 τῇ

155 978 324 1046 μάχῃ
371 977 758 1045 κεκρατηκότι
796 980 941 1043 τοὺς
981 979 1242 1044 οἰκείους
1286 979 1548 1047 μισθοὺς
1579 979 1725 1033 ἀπο-

158 1068 389 1130 λαϐεῖν,
419 1067 620 1135 ὥσπερ
644 1068 718 1120 δι’
741 1067 940 1122 αὐτῶν
975 1084 1073 1123 σοι
1113 1068 1628 1137 ἀπεσταλμένους.
1657 1071 1726 1123 El

159 1159 234 1212 δὲ
262 1159 360 1212 καὶ
387 1159 628 1214 τοιαῦτα
658 1160 806 1225 πρὸς
838 1159 1037 1212 αὐτῶν
1065 1159 1425 1229 ὑϐρισμένος
1457 1162 1726 1230 ἡσυχίαν

161 1249 403 1321 [p.171]
454 1249 622 1319 ἄγειν
678 1249 926 1316 ἐθέλεις,
965 1250 1198 1316 δεδιὼς,
1252 1247 1432 1321 οἶμαι,
1470 1251 1568 1304 καί
1612 1253 1727 1322 τὴν

158 1343 493 1411 αίσχίστην
536 1343 818 1411 ἑλόμενος
865 1344 1343 1413 ἀπραγμοσύνην
1370 1344 1436 1408 ⁸⁸,
1469 1344 1550 1398 σὺ
1585 1344 1723 1413 μὲν,

156 1429 213 1488 ὦ
235 1434 490 1503 γενναῖε,
540 1435 874 1503 ἀπόμισθος
921 1435 1058 1501 ἔσῃ,
1103 1435 1359 1502 ἐκείνοις
1399 1435 1468 1489 δέ
1491 1438 1563 1491 τὰ
1589 1437 1726 1505 παρ’

159 1524 338 1594 ἡμῶν
368 1525 750 1594 δεδωρήσθω·
778 1526 879 1579 καὶ
912 1526 1202 1580 τολοιπὸν
1237 1527 1435 1594 μέθες,
1475 1531 1527 1582 sl
1545 1528 1724 1590 δοκεῖ,

159 1615 234 1668 τὸ
256 1617 552 1684 φρόνημα,
577 1616 675 1668 καὶ
695 1615 820 1679 τοῖς
842 1615 1179 1682 κρείττοσιν
1201 1616 1385 1670 εἴκειν
1409 1616 1715 1672 διδάσκου.

163 1702 257 1762 Εὖ
290 1708 397 1776 γὰρ
431 1707 574 1770 ἴσθι,
616 1703 664 1760 ὦ
701 1708 963 1776 φέριστε,
1013 1707 1092 1772 ὡς
1131 1706 1228 1760 καὶ
1259 1708 1362 1774 τὰς
1413 1709 1727 1775 συνθήκας

154 1800 514 1869 μεταθετέον
542 1799 687 1867 ἡμῖν
709 1799 801 1851 ἐπ’
833 1798 1079 1863 αὐτοὺς,
1113 1799 1185 1863 ἀς
1219 1797 1296 1866 δὴ
1323 1799 1475 1866 πρὸς
1505 1799 1580 1852 σὲ
1619 1800 1720 1853 καὶ

157 1889 235 1943 τὸ
257 1889 374 1942 σὸν
409 1889 652 1958 ἐθέμεθα
692 1888 884 1957 γένος.
923 1890 1208 1957 Ἀνόητον
1241 1893 1350 1960 γὰρ
1391 1892 1489 1946 καὶ
1520 1892 1725 1958 ἄλλως

158 1980 292 2046 τοῖς
317 1979 674 2050 ἡττωμένοις
705 1980 1090 2044 συναδοξεῖν,
1131 1981 1322 2049 παρὸν
1359 1983 1426 2037 τὸ
1467 1983 1727 2052 κρατοῦν

159 2074 607 2129 οἰκειώσασθαι.

235 2163 332 2219 κε’.
365 2164 548 2218 Ταῦτα
573 2167 601 2217 ό
633 2162 916 2233 Σᾶνδιχλος
944 2162 989 2194 ⁸⁷
1018 2163 1108 2216 διὰ
1149 2163 1261 2216 τῶν
1287 2165 1572 2236 ἑρμηνέων
1603 2168 1729 2220 ἀνα-

158 2258 479 2328 λεξάμενος,
520 2256 678 2320 εὐθὺς
710 2255 1032 2326 ἐχαλέπαινε
1077 2257 1170 2310 καὶ
1203 2256 1399 2312 ὲλύττα
1447 2263 1539 2311 καὶ
1600 2277 1729 2313 κατ-

162 2350 314 2419 έχειν
342 2351 402 2402 οὐ
437 2349 580 2419 μάλα
617 2344 729 2410 οἷός
763 2365 823 2400 τε
877 2344 944 2418 ἦν
979 2350 1078 2417 τὴν
1109 2348 1294 2418 ὀργὴν,
1321 2349 1434 2402 ἀλλ’
1471 2352 1711 2422 αὐθημε-

164 2441 263 2507 ρὸν
295 2441 405 2493 ἵετο
435 2441 479 2472 ⁸³
509 2440 760 2493 τίσασθαι
808 2441 934 2503 τοὺς
977 2441 1378 2512 Κοτριγούρους
1420 2444 1520 2512 τῆς
1550 2446 1605 2508 ἐς
1628 2444 1727 2497 αὖ·

159 2531 258 2584 τὸν
314 2531 619 2602 παροινίας.
663 2530 786 2593 Πῶς
824 2530 882 2582 δὲ
929 2530 1030 2582 οὐκ
1063 2530 1286 2601 ἔμελλεν
1331 2533 1528 2604 ῥᾳδίως
1554 2535 1729 2587 τοῖσδε

161 2626 278 2686 τοῖς
317 2625 526 2694 ῥήμασι
553 2623 978 2694 διαταραχθῆναι
1007 2623 1154 2694 ψυχὴ
1183 2624 1457 2694 βάρϐαρος
1478 2625 1570 2678 καὶ
1599 2625 1729 2679 αὐθ-

165 2715 320 2785 άδης,
371 2717 462 2767 καὶ
508 2715 596 2767 ἀεὶ
628 2713 834 2783 κερδῶν
870 2713 1203 2784 γλιχομένης
1242 2715 1531 2786 Τοιγάρτοι
1572 2718 1728 2788 κινήο

167 2821 268 2866 σας
310 2803 400 2857 τὸν
447 2805 646 2877 οἰκεῖον
693 2805 941 2871 στρατὸν,
1007 2805 1200 2876 πρῶτα
1239 2807 1283 2838 ⁸³
1319 2807 1416 2876 μὲν
1466 2808 1726 2877 ἐμϐάλλει

163 2891 362 2962 ἁθρόον
405 2873 645 2956 τοῖςκτῶν
679 2893 953 2964 πολεμίων
991 2894 1213 2964 χωρίοις
1237 2911 1250 2924 ⁸
1290 2897 1642 2968 καταπλήξας
1666 2915 1727 2952 τε

165 2984 296 3046 τοὺς
349 2984 512 3037 αὑτοῦ
562 2984 935 3054 μεμενηκότας
977 2983 1055 3055 τῷ
1079 2987 1494 3058 ἀπροσδοκήτῳ,
1530 2989 1729 3056 γύναια.

167 3075 339 3128 πολλὰ
393 3075 488 3128 καὶ⁸
539 3075 733 3138 παῖδας
791 3075 1239 3150 ἠνδραποδίσατο.
1269 3079 1498 3133 Ἔπειτα
1547 3079 1605 3134 δὲ
1634 3081 1729 3135 καὶ

165 3170 280 3234 τοῖς
308 3169 372 3224 ἐκ
395 3166 615 3242 Θρᾴκης
643 3172 808 3225 ὲπανε
819 3170 1100 3241 ρχομένοις
1119 3171 1244 3240 ἄρτι
1269 3171 1361 3225 τὸν
1386 3173 1598 3242 Ἵστρον
1629 3191 1725 3228 πο-
1755 3197 1797 3255 c

169 3261 344 3332 ταμὸν
375 3263 421 3294 ⁷⁸
460 3261 932 3332 διαπεραιωθεῖσιν
970 3261 1285 3328 ὑπαντιάζει
1313 3263 1601 3328 ὲξαπιναῖα
1632 3267 1678 3298 ⁷⁸
1703 3282 1719 3300 ο

169 3357 268 3410 καὶ
301 3354 526 3418 πολλοὺς
547 3355 702 3419 ὅσους
731 3355 1078 3419 ἀποκτείνας,
1131 3355 1203 3409 τά
1244 3372 1304 3408 τε
1346 3359 1604 3426 χρήματα
1636 3360 1733 3412 αὐ-

169 3449 298 3510 τοὺς
318 3447 387 3500 τά
410 3447 561 3518 παρά
585 3445 848 3517 βασιλέως
877 3449 968 3501 καὶ
1001 3447 1220 3501 ἃπασαν
1262 3449 1361 3519 τὴν
1388 3449 1539 3503 λείαν
1565 3452 1733 3519 ἀφαι-

175 3541 369 3606 ρεῖται.
401 3537 567 3600 Μόλις
589 3537 646 3591 δὲ
678 3539 728 3590 oi
773 3538 1106 3608 σεσωσμένοι
1159 3541 1216 3601 ἐς
1253 3539 1324 3592 τὰ
1350 3539 1587 3610 σφέτερα
1625 3540 1730 3612 ἢθη

173 3630 643 3700 ἀπονοστήσαντες
663 3629 756 3682 καὶ
788 3631 909 3682 κατ’
961 3630 1097 3683 αὐτὸ
1135 3630 1178 3662 ⁷³
1213 3633 1326 3693 τοῖς
1371 3631 1552 3695 ἄλλοις
1582 3633 1733 3700 γενόο

175 3738 346 3790 μενοι,
375 3724 430 3785 ἐς
457 3722 690 3792 πόλεμον
713 3723 826 3783 τοῖς
869 3722 1131 3784 ἐναντίοις
1173 3722 1499 3777 καθίσταντο
1524 3741 1538 3756 ο
1587 3723 1731 3779 οὕτω

171 3827 234 3863 τε
263 3810 324 3875 ἐξ
351 3811 560 3864 ἐκείνου
615 3810 961 3866 ὲπιπλεῖστον
1013 3813 1265 3883 ἑκάτεροι
1315 3813 1585 3867 διετέλουν
1610 3815 1730 3869 κατ’

171 3901 418 3972 ἀλλήλων
465 3901 811 3972 τρεπόμενοι,
874 3902 971 3952 καὶ
1035 3902 1134 3972 τὴν
1183 3902 1508 3972 δυσμένειαν
1560 3907 1734 3974 ἐμπε-

170 3991 406 4054 δοῦντες.
435 3992 550 4044 Νῦν
586 3992 684 4060 μὲν
703 3991 813 4062 γὰρ
844 3992 1072 4059 ἀφόδους
1103 3993 1199 4046 καὶ
1227 3993 1521 4066 λεηλασίας
1549 3996 1735 4068 ἐποιή-

177 4105 338 4140 σαντο
367 4087 435 4152 ⁷³,
465 4087 562 4140 νῦν
589 4087 645 4140 δὲ
678 4088 735 4152 ἐς
759 4087 942 4157 ἀφανῆ
965 4088 1142 4158 μάχην
1175 4091 1592 4158 παρετάττοντο,
1631 4092 1735 4154 ἕως

176 4177 515 4248 ἑκατέρωθεν
559 4179 616 4230 αἱ
642 4177 687 4208 ⁷³
718 4177 978 4247 δυνάμεις
1040 4177 1382 4250 διαρῤυείσαι
1436 4180 1729 4234 ἀνάστατοι

176 4270 346 4340 ἄρδην
371 4267 712 4338 γεγένηνται,
741 4268 817 4331 ὼς
847 4269 941 4320 καὶ
979 4268 1149 4338 αὐτὴν
1191 4268 1362 4336 δήπου
1385 4270 1484 4341 τὴν
1509 4271 1737 4340 πάτριον

175 4357 493 4428 επωνυμίαν
541 4356 999 4426 ἀποϐεϐληκέναι.
1045 4359 1132 4421 Ἐς
1181 4358 1342 4412 τοῦτο
1387 4361 1495 4432 γὰρ
1524 4377 1734 4428 συμφο-

179 4450 280 4519 ρᾶς
318 4448 442 4501 τάδε
467 4449 537 4502 τά
565 4449 802 4501 Οὒννικά
827 4447 958 4518 ἔθνη
986 4446 1290 4512 ἐξώκειλεν,
1327 4449 1403 4510 ὡς
1441 4451 1599 4520 εἴπερ
1627 4452 1736 4522 ἄρα

1825 620 2115 684 omisimus,
2146 631 2248 677 tua:
2273 622 2558 677 voluntatis
2587 624 2878 692 periculum
2908 624 3119 690 facturi.
3154 623 3218 677 Si
3254 625 3392 676 enim

1824 726 2000 763 revera
2033 711 2223 779 fortior
2244 729 2298 766 es
2325 722 2375 766 et
2415 714 2579 778 sapis,
2611 729 2771 782 neque
2813 713 3048 765 concedis
3093 723 3185 766 tua
3231 728 3390 765 usur-

1823 802 2091 870 pantibus,
2124 820 2185 856 ne
2208 821 2342 857 nunc
2370 805 2582 874 quidem
2628 806 2722 857 tibi
2759 803 3034 858 dissimilis
3064 815 3154 857 aut
3188 813 3238 857 te
3278 804 3394 871 ipso

1826 893 1998 945 minor
2023 893 2146 947 eris.
2183 891 2563 962 Opportunitas
2592 894 2729 946 enim
2757 910 2868 946 sese
2898 891 3049 959 o/I'ert
3079 891 3248 944 hostes
3275 891 3392 944 vin-

1823 984 2056 1049 dicandi,
2091 995 2246 1056 utque
2291 997 2447 1054 parta
2493 986 2712 1039 victoria
2744 985 3030 1036 mercedem
3077 991 3220 1034 tuam
3257 982 3393 1034 reci-

1823 1075 1961 1142 pias,
1994 1075 2152 1129 veluti
2181 1092 2274 1143 per
2296 1077 2436 1144 ipsos
2464 1076 2559 1129 tibi
2589 1074 2840 1128 delatam.
2888 1072 2946 1126 Si
2985 1089 3105 1126 vero
3143 1072 3240 1124 tali
3272 1088 3391 1124 con-

1827 1165 2042 1218 tumelia
2065 1165 2129 1217 ab
2162 1165 2227 1217 iis
2253 1165 2492 1232 alfectus,
2525 1165 2787 1234 quiescere
2831 1162 3100 1225 malueris,
3137 1169 3392 1222 metuens,

1825 1265 1884 1309 ut
1910 1257 2159 1321 arbitror,
2191 1256 2606 1325 turpissimaque
2634 1255 2839 1308 inertia:
2873 1264 2922 1306 te
2951 1251 3162 1315 dedens,
3197 1262 3254 1304 tu
3276 1251 3394 1320 qui-

1825 1347 1963 1413 dem,
1993 1349 2120 1402 bone
2148 1349 2244 1413 vir,
2288 1348 2536 1401 mercedis
2568 1361 2750 1412 expers
2789 1347 2918 1408 eris,
2967 1343 3077 1396 illis
3121 1360 3236 1396 vero
3285 1344 3398 1398 Itmc

1824 1456 1916 1507 per
1944 1456 2036 1493 nos
2062 1439 2392 1502 donabitur;
2452 1447 2502 1492 et
2548 1438 2784 1506 deinceps
2817 1441 3040 1501 animos,
3078 1436 3125 1489 si
3168 1437 3391 1500 videtur,

1825 1530 2020 1594 depone
2045 1539 2093 1584 et
2133 1529 2444 1596 fortioribus
2485 1529 2626 1582 disce
2669 1529 2867 1582 cedere.
2922 1526 3068 1582 Scito
3107 1528 3244 1581 enim
3302 1544 3394 1582 nos

1825 1621 2020 1688 fwdera
2049 1622 2208 1674 etiam
2248 1629 2429 1674 nostra
2469 1620 2537 1673 ad
2589 1635 2673 1672 eos
2703 1634 2813 1672 esse
2855 1618 3230 1679 translaturos,
3279 1633 3398 1686 qua:

1828 1721 1994 1764 tecum
2026 1722 2220 1765 etcum
2244 1723 2391 1782 gente
2435 1721 2528 1765 tua
2570 1711 2878 1764 inieramus.
2916 1710 3211 1764 'Dementiw
3257 1711 3394 1763 enim

1828 1800 1985 1868 fuerit
2029 1804 2186 1855 etiam
2231 1798 2409 1868 aliter,
2455 1818 2560 1855 una
2609 1818 2728 1854 cum
2777 1802 2923 1855 victis
2979 1802 3032 1854 in
3094 1803 3395 1855 societatem

1829 1893 2130 1962 ignominite
2160 1893 2353 1957 uenire,
2396 1909 2512 1946 cum
2541 1892 2696 1947 liceat
2736 1891 3019 1946 victoribus
3050 1892 3287 1962 adjungi.

1897 2155 1987 2208 25.
2027 2151 2153 2236 llaec
2194 2169 2318 2209 cum
2369 2153 2666 2208 Sandicltlo
2713 2168 2805 2221 per
2855 2155 3176 2222 interpretes
3214 2159 3398 2209 essent

1831 2243 2075 2307 recitata,
2110 2244 2293 2298 statim
2323 2243 2680 2298 exacerbatus
2719 2240 2952 2306 furebat,
2995 2241 3286 2311 impotente
3316 2240 3394 2294 ira

1831 2337 2090 2404 percitus,
2115 2349 2288 2405 eoque
2329 2336 2447 2405 ipso
2483 2335 2570 2390 die
2617 2333 2682 2388 ad
2726 2332 3100 2388 vindicandam
3149 2331 3398 2400 Cotrigu-

1832 2443 2014 2480 rerum
2041 2427 2094 2480 in
2123 2441 2181 2482 se
2207 2427 2592 2482 contumeliam
2623 2426 2885 2496 prorupit.
2923 2424 3042 2492 Quo
3071 2431 3229 2494 pacto
3251 2424 3394 2478 enim

1831 2533 1938 2571 non
1989 2516 2146 2574 facile
2176 2519 2511 2588 ejuscemodi
2547 2519 2724 2572 verbis
2766 2518 3130 2572 concitaretur
3177 2516 3398 2570 animus

1831 2609 2094 2664 barbarus
2121 2619 2175 2664 et
2198 2625 2483 2681 arrogans.
2511 2609 2674 2681 334
2705 2623 3022 2679 semperque
3047 2607 3277 2677 quaestui
3315 2606 3398 2660 in-

1831 2701 2030 2755 hians?
2074 2700 2233 2756 Motis
2276 2703 2457 2772 itaque
2499 2703 2612 2756 suis
2642 2702 2836 2770 c0piis,
2887 2700 3122 2769 primum
3178 2697 3397 2767 quidem

1830 2804 2048 2863 tepente
2066 2795 2278 2849 hostilia
2308 2795 2502 2865 oppida
2528 2795 2754 2859 invadit,
2781 2806 2832 2848 et
2847 2791 3249 2848 habitatoribus
3278 2790 3398 2846 ino—

1829 2887 2015 2956 pinato
2042 2887 2244 2942 insultu
2273 2888 2560 2958 perculsis,
2591 2902 2842 2957 magnam
2871 2887 3162 2940 mulierum
3187 2893 3240 2938 et
3269 2898 3400 2953 pue-

1829 2995 2014 3034 rorum
2043 2980 2152 3036 vim
2185 2982 2453 3052 captivam
2489 2981 2737 3048 abduxit,
2774 2979 2971 3036 deinde
3001 2978 3164 3034 etiam
3199 2977 3252 3031 in
3280 2992 3398 3038 eos.

1830 3071 1922 3141 qui
1957 3086 1990 3125 e
2027 3069 2259 3126 Thracia
2298 3073 2567 3128 redierant
2594 3082 2649 3127 et
2679 3081 2924 3128 recenter
2953 3069 3148 3126 Istrum
3175 3068 3399 3124 ﬂuvium

1831 3163 2171 3232 trajecerant,
2202 3180 2270 3220 ex
2313 3165 2608 3234 improviso
2657 3165 2836 3228 irruit,
2882 3173 2936 3219 et
2980 3161 3403 3234 quamplurimis

1834 3256 2011 3324 caesis,
2050 3258 2336 3326 pecuniam
2380 3272 2598 3313 onmem
2643 3269 3005 3326 ceteramque
3055 3255 3290 3326 praedam
3333 3255 3406 3310 iis

1833 3350 2011 3419 eripit.
2081 3347 2183 3415 Qui
2213 3363 2342 3404 vero
2366 3364 2434 3402 ex
2465 3349 2553 3405 his
2588 3364 2828 3414 evasere,
2880 3363 3004 3403 cum
3052 3361 3194 3418 aegre
3236 3360 3295 3401 se
3331 3345 3400 3400 ad

1833 3457 1962 3496 suos
1991 3441 2322 3510 recepissent
2367 3440 2704 3510 reliquisque
2750 3441 2921 3510 coptis
2964 3438 3399 3509 conjunxissent,

1833 3533 2004 3588 aciem
2054 3533 2312 3588 adversus
2380 3534 2568 3589 hostes
2635 3535 3052 3597 instruxerunt,
3111 3539 3274 3600 atque
3327 3530 3398 3584 ita

1832 3623 2088 3692 deinceps
2117 3623 2289 3677 multo
2323 3631 2561 3692 tempore
2591 3624 2644 3677 in
2675 3632 2893 3676 mutuas
2927 3622 3100 3675 caules
3130 3619 3398 3681 conversi,

1835 3714 2151 3770 inimicitias
2182 3715 2628 3769 eorroborarunt.
2662 3713 2820 3768 Modo
2849 3713 2993 3767 enim
3041 3694 3274 3766 insultus
3319 3709 3384 3764 fa-

1833 3809 2050 3863 ciebant
2079 3809 2397 3878 praedasqne
2434 3809 2684 3878 agebant,
2717 3805 2878 3860 modo
2907 3814 3091 3874 aperta
3142 3804 3260 3858 acie
3302 3804 3399 3855 de-

1833 3902 2135 3966 certabant,
2169 3901 2342 3954 donec
2370 3898 2562 3953 fractis
2604 3897 2967 3966 eollapsisque
3010 3895 3264 3963 utrinque
3313 3895 3398 3946 vi-

1836 3990 2006 4056 rilms,
2038 3991 2254 4060 penitus
2279 3989 2526 4044 subversi
2567 3989 2840 4058 deletique
2885 3986 3123 4050 luerunt,
3173 3985 3310 4040 adeo
3341 3993 3404 4038 ut

1833 4082 2062 4150 patriam
2095 4083 2256 4136 etiam
2290 4081 2704 4152 appellationem
2737 4079 3020 4134 amiserint
3048 4095 3062 4131 :
3102 4093 3272 4147 eoque
3307 4093 3401 4132 ca-

1838 4174 2096 4228 lamitatis
2135 4172 2396 4228 llunniczu
2447 4174 2564 4227 istm
2613 4172 2859 4226 nationes
2891 4180 3016 4224 sunt
3045 4172 3295 4232 redactae,
3342 4179 3402 4223 ut

1836 4265 1883 4320 si
1914 4265 2092 4334 aliqua
2137 4264 2313 4318 adhuc
2356 4278 2543 4317 eorum
2597 4279 2724 4334 pars
2775 4263 2981 4330 reliqua
3028 4261 3126 4326 sit,
3172 4261 3400 4330 sparsim

1842 4358 1960 4411 aliis
1997 4358 2272 4420 inserviat,
2305 4366 2358 4409 et
2395 4356 2465 4410 ab
2504 4357 2608 4411 illis
2646 4355 3055 4425 appellationem
3096 4353 3399 4421 acceperit:

1843 4451 1978 4503 adeo
2003 4450 2187 4518 utique
2214 4460 2425 4502 atroces
2456 4464 2641 4518 positas
2671 4447 2954 4516 praeterita:
2977 4461 3087 4501 sua:
3112 4445 3403 4514 impietatis

177 4558 230 4592 τι
261 4537 437 4593 αὐτῶν
469 4538 565 4591 καὶ
602 4537 914 4608 μεμένηκεν
971 4537 1157 4608 μέρος,
1214 4538 1489 4607 σποράδην
1530 4538 1735 4607 ἑτέροις

1845 4543 2080 4594 luerunt.
2115 4539 2531 4594 Absolutissima
2559 4553 2687 4592 vero
2718 4537 2910 4592 harum
2944 4538 3224 4591 nationum
3252 4550 3402 4588 ever-

175 4629 470 4693 δουλεύειν,
505 4630 600 4683 καὶ
633 4630 690 4692 ὲς
713 4629 773 4682 τὸ
803 4630 1024 4682 ἐκείνων
1059 4629 1231 4698 ὄνομα
1280 4630 1733 4700 μεταϐεϐλῆσθαι.

179 4720 338 4775 Οὕτω
363 4721 427 4790 δή
457 4739 511 4773 τι
534 4722 732 4783 αὐτοὺς
779 4721 1108 4791 ὲνεργότατα
1143 4720 1410 4790 μετῆλθον
1449 4723 1509 4774 αἱ
1555 4723 1737 4774 ποιναὶ

177 4812 290 4865 τῶν
321 4811 600 4882 προτέρων
647 4809 1031 4880 ἀσεόημὰτων.
1076 4811 1218 4864 Ἀλλ’
1255 4813 1288 4880 ή
1333 4805 1432 4881 μὲν
1469 4812 1739 4879 παντελὴς

178 4903 351 4955 τοῖνδε
372 4905 483 4954 τοῖν
511 4904 686 4969 γενοῖν
709 4902 989 4973 ἀνατροπὴ
1033 4903 1127 4955 καὶ
1164 4903 1458 4966 κατάλυσις
1480 4905 1526 4935 ⁷⁸
1561 4904 1737 4974 χρόνῳ

180 4992 407 5060 ὕστερον
444 4991 761 5062 ξυνηνέχθη,
791 4993 880 5047 καί
914 5011 1002 5062 μοι
1031 4995 1312 5064 εἰρήσεται
1340 4995 1544 5048 ἕκαστα
1572 5013 1740 5066 προσ-

180 5082 426 5151 ηκόντως
477 5080 837 5151 ἀρμοξομένῳ
872 5082 948 5145 ὡς
998 5079 1110 5135 οἷόν
1153 5101 1211 5136 τε
1265 5087 1332 5154 τῇ
1382 5085 1490 5137 τῶν
1533 5086 1742 5155 χρόνων

180 5172 462 5242 ὁμολογίᾳ.
502 5173 613 5242 Τῆς
643 5171 700 5226 δὲ
732 5173 974 5237 στάσεως
1000 5174 1080 5228 ἔτι
1108 5175 1462 5247 ἀκμαζούσης
1487 5177 1580 5229 καὶ
1601 5178 1743 5231 κατά

181 5264 246 5315 τὸ
275 5261 567 5326 Βυζάντιον
611 5265 1098 5338 ἀπαγγελομένης,
1145 5269 1264 5319 τότε
1302 5267 1366 5338 δὴ
1402 5268 1603 5320 ἅπασιν
1646 5270 1744 5323 ἀν-

185 5353 504 5423 ωμολόγητο
522 5355 615 5407 καὶ
638 5355 988 5425 διαδηλοτάτιη
1019 5357 1291 5410 ἐδείκνυτο
1319 5359 1459 5429 ήζτοῦ
1480 5359 1746 5429 βασιλέως

1846 4634 1928 4686 sio
1956 4642 2114 4700 atque
2147 4629 2444 4684 internecio
2477 4629 2760 4698 postmodo
2798 4628 2992 4683 accidit
3019 4645 3034 4693 ;
3088 4626 3406 4696 singulaque

1844 4723 1975 4777 mihi
2009 4722 2391 4776 convenienter
2428 4719 2587 4790 335
2627 4727 2867 4782 servato,
2901 4718 3080 4788 quoad
3121 4716 3239 4785 ejus
3289 4717 3404 4769 ﬁeri

1843 4813 2058 4883 poterit,
2093 4821 2394 4879 temporum
2427 4827 2693 4866 consensu
2731 4811 2997 4864 dicentur.
3033 4807 3256 4878 Vigente
3277 4822 3408 4860 vero

1846 4906 2023 4960 adhuc
2053 4906 2334 4970 seditione,
2364 4914 2415 4957 et
2444 4901 2760 4973 Byzantium
2799 4903 3123 4964 renuntiata,
3168 4910 3279 4954 tum
3312 4897 3406 4951 de-

1848 5012 1994 5048 munt
2042 4995 2255 5064 cognita
2292 4994 2393 5047 fuit
2421 4993 2813 5062 n'tanil'esteque
2853 4974 3126 5049 declarata
3173 4992 3406 5059 impera-

1847 5091 1980 5145 lotis
2008 5087 2290 5157 prudentia
2322 5096 2375 5140 et
2397 5087 2610 5141 consilii
2638 5087 2925 5149 rectitude,
2970 5085 3114 5152 quod
3147 5082 3403 5136 nimirum

1851 5179 2102 5235 Barbaris
2134 5193 2193 5235 se
2222 5179 2450 5232 invicem
2483 5177 2914 5239 conticientibus,‘
2960 5176 3076 5244 ipse
3112 5189 3262 5227 arma
3295 5186 3402 5224 non

1851 5283 2092 5332 movens,
2127 5267 2255 5322 vicit
2281 5269 2501 5320 omnino
2532 5267 2763 5320 consilio
2797 5270 2846 5318 in
2881 5275 3108 5334 utraque
3155 5262 3278 5316 belli
3325 5262 3408 5315 in-

1851 5359 2160 5424 clinatione,
2188 5369 2242 5414 et
2271 5359 2473 5428 potitus
2501 5369 2584 5412 est
2623 5374 2718 5414 sua
2750 5372 2863 5427 spe.
2899 5357 3032 5410 Cum
3068 5355 3212 5410 enim
3258 5353 3407 5406 labo-

1471 5507 1706 5565 VARIIE
1733 5506 2132 5564 LECTIONES.

263 5646 308 5678 ⁵⁸
335 5645 409 5717 ὡς
431 5647 683 5717 ἀπραγμ.
713 5646 778 5700 Β.

193 5717 238 5786 ’ξ
280 5716 468 5784 πρῶτα
505 5716 568 5782 ll,
613 5716 824 5786 πρῶτον
874 5719 1016 5786 vulg.

193 5785 516 5856 ἐξαπιναίως
567 5785 706 5856 vulg.

868 5649 910 5680 ⁸⁷
948 5649 1237 5720 Σάνδιχλος
1271 5649 1462 5704 iterum
1526 5653 1674 5708 solus
1705 5655 1889 5720 intpr.,
1949 5652 2206 5719 Σαλγίλος
2236 5651 2301 5706 Il.
2355 5650 2637 5720 Σάνδιλχος
2679 5649 2824 5720 vulg.

1090 5721 1134 5792 'f"
1164 5721 1407 5792 ποταμὺν
1459 5736 1568 5774 om.
1621 5723 1685 5777 li.
1759 5719 2226 5792 διαπεραιωθεῖσιν
2275 5721 2643 5792 Ιὶῃιττεροιιωθἐ
2691 5719 2832 5792 vulg.

772 5789 817 5821 ’³
842 5790 960 5840 κατ’
992 5788 1123 5841 αὐτὸ
1177 5789 1239 5847 ιι,
1282 5788 1418 5842 κατὰ
1457 5792 1635 5859 ταύτό
1661 5794 1783 5859 vulg

2896 5649 2940 5680 ⁸⁸
2971 5647 3077 5700 ἵετο
3106 5645 3150 5700 ll
3177 5657 3228 5700 et
3258 5645 3402 5715 vnlg.

2911 5720 2952 5750 ⁷⁸
2991 5717 3274 5780 ἐξαπιναία
3337 5716 3402 5780 li;

1905 5769 2907 5859 θ’ἐίᾏζσῖιῆἇᾷἒμτξῗκζ”ἐὲιῖόῦνέόᾶτῖἰιτδ
2941 5769 3157 5858 Euenit
3186 5786 3229 5839 ιι
3254 5769 3402 5856 (CL);

193 5855 374 5925 ἀφανῆ
403 5858 541 5926 vulg.
616 5855 670 5889 "‘7
693 5858 746 5911 αἱ
769 5874 877 5913 om.
923 5859 988 5912 ll.
1057 5860 1210 5911 "xui
1229 5860 1412 5915 κατὰλ.
1450 5858 1513 5924 R,
1546 5866 1636 5915 καὶ
1669 5855 1915 5934 quam.
1950 5862 2092 5931 vulg.
