4188 6438
219 428 355 493 1613

1567 424 1987 487 DOCTRINIE.

3316 425 3452 493 1614

215 551 392 610 μενων
414 556 428 569 ·
484 539 578 604 οὒς
621 539 732 607 ἐγὼ
777 538 1271 610 πατροπαραδότως
1319 536 1651 610 ἀποδέχομαι
1693 539 1780 591 δια

1891 544 2316 606 propugnatores
2332 535 2425 606 qui
2442 545 2495 592 et
2516 537 2618 607 ipsi
2636 535 2758 592 sine
2777 535 2952 606 capite
2972 545 3122 599 sunt,
3143 544 3240 591 aut
3261 552 3449 593 eorum

216 635 533 704 ἐρωτήσεως
560 632 654 686 τοῦ
691 633 792 703 ήδη
820 630 1338 703 ἀρχιερατεύσαντος
1381 630 1658 701 Ταρασίου
1688 629 1783 683 τοῦ

213 724 517 791 ἀγιωτάτου
546 724 915 794 πατριάρχουο
950 722 1151 791 ἐτέρων
1179 737 1240 774 τε
1265 719 1593 786 ἀξιοπίστων
1617 738 1785 793 προσ·
1823 768 1831 773 .

214 815 377 868 ὡπων
401 815 735 885 αὐτοχθόνων
762 832 823 868 τε
851 815 946 869 καὶ
971 812 1326 869 ἀνατολικῶν.
1358 813 1467 866 Καὶ
1504 812 1574 866 τά
1598 814 1660 866 τὸ
1692 815 1784 868 καὶ

212 908 311 976 τὴν
336 908 520 961 εἰκόνα
548 906 951 978 Βαρσανουφίου
990 906 1048 958 ὲν
1086 906 1155 975 τῇ
1187 902 1307 975 θείᾳ
1338 903 1530 974 ἔνδυτῇ
1578 906 1645 975 τῇ
1687 904 1788 976 τῆς

215 1001 479 1071 Μεγάλης
504 999 798 1070 ἐκκλησίας
855 996 1207 1050 συνίστασθαι
1254 995 1433 1064 ἁγίοις
1486 994 1784 1065 Πατράσιν,

226 1095 513 1164 Ἀντωνίῳ,
547 1091 785 1161 Ἐφραῖμ
808 1090 902 1143 καὶ
921 1088 1127 1159 ἑτέροις
1149 1104 1162 1118 ·
1196 1088 1291 1141 καὶ
1312 1084 1389 1151 ὡς
1422 1088 1551 1156 μήτι
1584 1087 1644 1139 ἑν
1666 1088 1787 1149 ταῖς

211 1186 581 1248 διδασκαλίαις
612 1183 791 1237 αὐτῶν
822 1180 1070 1252 εὑρηκὼς
1096 1179 1369 1250 ἀσέϐημα,
1397 1178 1703 1232 τούναντίον
1729 1177 1786 1232 δὲ

213 1280 311 1332 καὶ
340 1277 538 1348 πολλὴν
562 1277 799 1347 ψυχικὴν
825 1274 1180 1327 λυσιτέλειαν.
1211 1290 1229 1323 ι
1277 1270 1409 1325 Ἰδοὺ
1438 1271 1617 1325 τοίνυν
1644 1271 1786 1324 διευ-

213 1370 514 1440 κρινήσατο
557 1370 587 1421 ό
628 1367 802 1437 μέγας
829 1366 1012 1434 πατὴρ
1052 1363 1210 1435 ἡμῶν
1242 1362 1515 1433 Θεόδωρος
1550 1362 1651 1431 τὴν
1677 1361 1787 1413 τῶν

212 1460 491 1529 ἑκατέρων
514 1458 804 1529 ΔωρΟΒέων
832 1456 1013 1520 δόξαν,
1052 1456 1147 1508 καὶ
1171 1454 1270 1524 τὴν
1297 1453 1392 1505 τοῦ
1427 1452 1661 1506 ἐνταῦθα
1687 1454 1787 1522 ὲμο

215 1552 519 1623 φερομένου
540 1548 907 1609 διδασκαλίαν,
934 1548 1010 1612 ὡς
1037 1545 1470 1615 ὠφελιμωτάτην
1496 1538 1637 1597 εἶναι
1683 1546 1788 1599 ἀπ-

214 1644 488 1711 εφήνατο·
526 1640 714 1708 ὥσπερ
740 1634 834 1692 οὖν
870 1638 967 1691 καὶ
1012 1636 1159 1689 ἔστιν
1204 1635 1420 1713 ἀληθῶς
1465 1634 1789 1705 ψυχωφελὴς

215 1734 360 1786 πάνυ
380 1749 395 1761 ·
439 1732 562 1785 καθ’
595 1733 661 1800 ἣν
686 1733 716 1784 ό
739 1727 1176 1800 ἀκριϐαζόμενος
1205 1727 1296 1780 τὸν
1322 1725 1518 1780 ἑαυτοῦ
1547 1725 1681 1795 βίον,
1708 1726 1788 1788 είς

213 1826 276 1878 τὸ
303 1824 506 1877 τέλειον
543 1823 736 1893 μέτρον
768 1822 826 1874 ἐν
873 1817 1096 1890 Χριστῷ
1147 1818 1247 1888 τῆς
1294 1817 1495 1888 ἀρετῆς
1538 1816 1787 1871 ὲλάσειεο

1887 628 1983 698 qui
2011 628 2377 699 δεκακεράται
2402 629 2677 694 dicuntur,
2710 630 3047 698 coniuratos,
3070 647 3099 686 a
3131 638 3322 685 sancto
3349 633 3453 684 So-

1887 718 2121 791 phronio
2154 719 2349 774 tabella
2391 720 2753 778 anathematis
2781 725 3048 785 confisos,
3078 722 3340 792 intelligo.
3372 722 3457 777 Ab

1888 814 1976 869 his
2005 813 2151 868 enim
2186 814 2346 883 longe
2396 814 2757 869 diversissimi
2814 824 2946 870 sunt
2980 816 3291 883 superiores
3332 814 3409 868 illi
3441 830 3454 864 :

1886 921 2027 976 quos
2059 921 2167 961 non
2196 908 2373 961 solum
2404 923 2469 962 ex
2511 907 2860 963 sanctissimo
2895 907 3200 979 patriarcha
3230 906 3457 962 Tarasio

1886 998 1981 1067 qui
2015 997 2122 1053 hoc
2150 1006 2391 1067 tempore
2424 1013 2644 1055 summo
2674 1000 2976 1055 sacerdotio
3007 1006 3238 1070 przeest,
3266 1004 3357 1052 sed
3387 1014 3457 1052 ex

1887 1091 2013 1146 aliis
2040 1104 2260 1160 quoque
2295 1091 2398 1146 fide
2444 1090 2623 1161 dignis
2664 1089 2979 1147 hominibus
3022 1099 3133 1145 tam
3189 1089 3459 1159 indigenis

1888 1194 2054 1251 quam
2088 1182 2144 1235 in
2174 1178 2586 1251 Oriente‘natis,
2633 1196 2731 1252 per
2761 1197 2958 1237 manus
2985 1191 3270 1252 parentum
3302 1181 3461 1236 nobis

1889 1270 2048 1341 quasi
2083 1272 2313 1327 traditos
2344 1272 2594 1337 audiens,
2624 1273 2929 1344 amplector
2955 1287 3310 1340 venerorque.
3351 1270 3461 1326 Ac-

1890 1362 2033 1417 cedit
2059 1361 2142 1417 his
2156 1364 2300 1433 quod
2324 1363 2682 1433 Barsanuphii
2712 1364 2892 1433 imago
2918 1364 2971 1418 in
3010 1362 3202 1433 Magna
3228 1364 3462 1420 ecclesia

1886 1453 2043 1524 juxta
2072 1463 2291 1511 sanctos
2324 1453 2513 1509 Patres
2542 1455 2837 1509 Antonium
2861 1496 2879 1520 ,
2930 1455 3187 1525 Ephraim
3220 1456 3465 1525 aliosque

1892 1547 1995 1600 rite
2020 1545 2197 1601 dicata
2226 1556 2280 1601 et
2307 1546 2572 1601 collocata
2599 1547 2849 1602 visitur.»
2871 1548 3234 1614 Quamobrem
3254 1562 3378 1602 cum
3408 1548 3463 1602 iu

1893 1636 2087 1693 horum
2121 1639 2369 1694 doctrina
2408 1640 2615 1694 nullam
2644 1639 2999 1711 impietatem,
3034 1641 3127 1695 sed
3153 1649 3344 1695 contra
3372 1654 3468 1711 po-

1894 1732 2002 1787 tius
2050 1732 2351 1803 adjumenti
2406 1733 2474 1786 ad
2526 1734 2696 1787 animi
2746 1732 3131 1803 perfectionem
3166 1735 3466 1803 plurimum

1894 1839 2128 1895 magnus
2170 1839 2370 1893 parens
2410 1833 2597 1879 noster
2643 1823 2966 1880 Theodorus
3012 1825 3466 1895 deprehenderet,

211 1918 310 1970 καὶ
336 1916 415 1987 τῷ
446 1917 545 1987 τῆς
569 1914 839 1977 ἀπαθείας
864 1911 1110 1981 στεφάνῳ
1151 1908 1406 1980 ὲφθακὼς
1446 1906 1790 1979 ὲγκοσμηθήο

1892 1917 2058 1971 certis
2090 1915 2357 1972 limitibus
2396 1917 2683 1987 utriusque
2716 1917 2971 1972 Dorothei
3004 1916 3307 1973 doctrinam
3349 1916 3469 1973 dis-

212 2026 365 2063 σεται
384 2048 399 2073 ,
427 2010 523 2064 καὶ
553 2008 655 2079 τῆς
687 2007 908 2062 αἰωνίου
936 2004 1081 2077 ζωῆς
1111 2003 1251 2076 μετά
1279 2001 1393 2056 τῶν
1422 2003 1594 2072 ἁγίων
1620 2001 1788 2068 ἀξιω-

211 2101 465 2171 θήσεται.

1893 2007 2055 2063 tiuxit
2078 2025 2092 2061 :
2115 2022 2180 2062 ac
2214 2007 2334 2078 ejus
2354 2010 2448 2077 qui
2468 2008 2521 2062 in
2557 2008 2658 2063 hoc
2681 2007 2822 2062 libro
2845 2008 3173 2072 celebratur,
3191 2009 3468 2078 dogmata,

1892 2106 1953 2152 ut
1978 2112 2173 2175 revera
2196 2098 2264 2152 ad
2292 2098 2458 2169 animi
2489 2097 2717 2153 salutem
2754 2099 3220 2176 commodissima,
3255 2098 3329 2153 ita
3362 2096 3471 2151 uti-

212 2199 421 2251 lissima
467 2209 591 2250 esse
622 2191 1020 2247 demonstravit
1052 2208 1066 2245 :
1096 2189 1162 2245 ad
1206 2203 1440 2259 quorum
1492 2201 1763 2249 normam,
1791 2190 1882 2258 qui
1918 2188 2074 2244 sitam
2123 2189 2294 2259 ipsius
2322 2191 2485 2244 vitam
2516 2189 2802 2261 diligenter
2867 2190 3280 2267 instruxerit‘et
3337 2208 3469 2249 exa-

209 2289 452 2353 minarit,
525 2286 593 2340 ad
660 2285 877 2339 virtutis
943 2282 1269 2338 Christianae
1336 2280 1629 2351 perfectam
1673 2295 1984 2336 mensuram
2034 2280 2194 2359 facile
2237 2270 2515 2361 perveniet
2556 2291 2609 2338 et
2669 2282 3074 2353 tranquillitate
3117 2286 3472 2357 omniumque

207 2382 682 2455 perturbationum
734 2378 1006 2434 vacuitate
1058 2375 1346 2430 ornabitur
1400 2389 1617 2444 unaque
1662 2389 1784 2430 cum
1822 2377 2027 2433 sanctis
2057 2377 2227 2433 vitam
2300 2386 2563 2435 aeternam
2628 2371 3016 2450 cdnsequetur.

222 2554 551 2621 Ἐπιστολὴ
603 2553 752 2620 πρὸς
809 2552 916 2605 τὸν
954 2550 1284 2616 αἰτήσαντα
1309 2548 1595 2621 aesaes!»
1638 2562 1783 2621 πεμ-

280 2625 400 2695 φθῆ
408 2642 501 2679 ναι
524 2617 683 2695 αὐτῷ
703 2617 848 2688 τοὺς
866 2623 1220 2695 εὑρεθέντας
1239 2620 1463 2689 λόγους
1482 2617 1587 2672 τοῦ
1609 2619 1784 2671 ὁσίου

287 2692 514 2763 Πατρός
544 2692 712 2762 ἡμῶν
739 2692 1058 2762 Δωροθέου.

284 2850 363 2902 A’.
417 2847 653 2900 Ἐπαινω
700 2863 795 2899 σου
834 2846 935 2917 τὴν
966 2844 1323 2918 προαίρεσιν,
1370 2842 1661 2914 μακαρίζω
1688 2843 1789 2913 τῆς

1959 2551 2121 2623 372
2160 2549 2402 2625 Epistola
2431 2553 2501 2607 ad
2535 2553 2756 2623 fratrem
2786 2555 2877 2625 qui
2908 2553 3115 2625 petebat
3150 2554 3249 2625 sibi
3266 2555 3405 2609 mitti

2059 2624 2329 2678 doctrinas
2359 2625 2594 2679 inventas
2622 2624 2805 2680 sancti
2826 2624 3006 2680 Patris
3037 2624 3295 2679 Dorotlm'

1962 2844 1999 2900 Ι.
2039 2843 2288 2901 Laudare
2332 2859 2499 2915 cogor
2541 2844 2880 2915 propositum
2932 2851 3118 2909 tuum,
3170 2846 3472 2916 praedicare

213 2943 347 3013 περὶ
389 2940 451 2994 τὸ
494 2939 698 3008 ἀγαθὸν
730 2938 966 3010 σπουδῆς
997 2938 1098 3009 τὴν
1144 2935 1517 3007 εὐλογημένην
1549 2951 1643 2987 σου
1690 2933 1790 2987 καὶ

1891 2935 2130 2992 studium
2143 2943 2198 2991 et
2211 2934 2566 3006 diligentiam,
2580 2934 2899 2991 benedicere
2916 2934 3194 3001 decoram,
3222 2935 3467 3006 inquam,

213 3032 528 3104 φιλόκαλον,
560 3031 636 3095 ὼς
666 3028 903 3100 ἀληθῶς,
945 3028 1147 3099 ψυχὴν,
1191 3027 1389 3097 ἁδελφὲ
1418 3025 1785 3080 ποθεινότατε.

1891 3039 1945 3086 et
1974 3030 2257 3100 pulchram
2284 3030 2523 3084 animam
2551 3040 2721 3096 tuam,
2754 3029 2925 3084 frater
2944 3017 3301 3099 optatisSime.
3333 3028 3471 3086 Tam

211 3126 290 3178 Τὸ
319 3124 427 3194 γὰρ
454 3122 597 3176 οὕτω
638 3120 944 3191 φιλοπόνως
976 3121 1204 3191 ὲρευνᾷν
1242 3118 1337 3172 καὶ
1361 3116 1605 3207 γνησίως
1633 3117 1790 3170 ἐπαι-

1894 3123 2142 3178 studiose
2171 3123 2317 3178 enim
2353 3122 2609 3189 scrutari,
2637 3132 2747 3178 tam
2778 3122 2991 3179 sincere
3015 3121 3240 3177 laudare
3267 3122 3471 3178 beatis-

211 3190 419 3271 vsivv'ra
445 3216 586 3269 κατά
618 3190 710 3268 τόν
736 3213 906 3277 ὅντως
937 3190 1207 3283 μακάριον
1238 3211 1330 3265 καὶ
1354 3190 1599 3275 ἀξιόθτεον
1631 3209 1789 3281 ἡμῶν

1892 3215 2091 3270 simum
2130 3230 2193 3270 ac
2220 3214 2330 3270 Deo
2362 3214 2745 3286 dignissimum
2779 3223 2989 3285 patrem
3027 3224 3277 3271 nostrum
3301 3256 3316 3281 ,
3370 3214 3469 3269 Dei

209 3311 449 3380 πατέρα,
470 3309 561 3361 τὸν
580 3306 907 3378 τῆς’δωρεᾶς
929 3305 1024 3359 τοῦ
1045 3304 1179 3359 Θεοῦ
1203 3304 1522 3376 φερώνυμον
1545 3319 1562 3337 ο
1593 3303 1792 3373 ἀρετήν

1892 3305 2097 3362 donum
2147 3307 2373 3363 nomine
2424 3307 2781 3374 referentem;
2837 3307 2944 3364 hoc
2990 3308 3178 3380 utique
3213 3308 3468 3364 virtutem

209 3406 359 3458 ἐστιν
380 3406 642 3467 ἐπαινεῖν,
659 3403 739 3456 τὰ,
758 3402 897 3472 μετά
919 3401 1011 3455 τὸν
1034 3401 1207 3464 οὕτως
1233 3400 1523 3471 μακάριον,
1546 3400 1639 3452 καὶ
1658 3397 1792 3451 Θεὸν

1894 3400 2117 3455 laudare
2142 3409 2246 3464 est,
2284 3400 2388 3455 hoc
2416 3400 2581 3456 Deum
2611 3416 2818 3467 amare,
2862 3409 2917 3456 et
2945 3400 3211 3457 rationem
3243 3401 3469 3457 alterius

208 3497 456 3568 ἀγαπᾷν,
473 3496 566 3549 καὶ
589 3495 856 3566 μεριμνᾷν
876 3493 1115 3563 περὶτῆς
1131 3492 1298 3552 δντως
1316 3489 1481 3563 ζωῆς·
1504 3490 1666 3561 ζήλρυ
1683 3488 1789 3562 γάρ

212 3588 360 3643 κατὰ
388 3588 479 3640 τὸν
515 3586 783 3657 μακάριον
827 3585 1147 3657 Γρηγόριον,
1178 3585 1205 3637 ὁ
1232 3584 1452 3646 ἔπαινος
1500 3582 1754 3652 πρόξενος
1773 3596 1788 3612 ·

213 3680 379 3749 ζῆλος
410 3679 488 3745 δὲ.
512 3679 715 3750 ἀρετῆς
736 3695 754 3709 ⁶
808 3678 976 3748 ἀρετὴ
1004 3676 1082 3737 δὲ,
1121 3675 1540 3747 μακαριότητος.
1567 3673 1792 3743 Χαίρειν

212 3767 312 3826 οὖν
346 3770 463 3823 εστι
492 3770 589 3823 καὶ
618 3768 957 3840 συγχαίρειν,
988 3766 1063 3829 ὡς
1088 3765 1327 3837 ἀληθῶς,
1354 3765 1449 3819 ἐπὶ
1474 3767 1542 3835 τῇ
1568 3763 1795 3835 τοιαύτῃ

215 3881 314 3918 σου
341 3864 589 3934 προκοπῇ
612 3877 626 3892 °
680 3862 890 3914 ἐκεῖνον
919 3860 1028 3928 γὰρ
1077 3856 1261 3921 ἔοικας
1309 3856 1616 3928 ῑχνηλατεῖν
1637 3895 1652 3921 ,
1698 3855 1793 3908 τὸν

208 3955 311 4009 τοῦ
344 3955 525 4026 πράου
564 3952 809 4025 μιμητὴν
841 3952 936 4005 καὶ
963 3950 1220 4005 ταπεινὸν
1248 3951 1316 4021 τῇ
1348 3949 1547 4020 καρδίᾳ
1567 3968 1583 3982 ·
1614 3950 1673 4013 ὃς
1695 3948 1795 4020 τὴν

209 4050 415 4122 νοητὴν
444 4049 652 4119 Πέτρου
685 4047 779 4101 καὶ
810 4045 920 4099 τῶν
952 4044 1075 4098 κατ’
1124 4043 1288 4097 αὐτὸν
1338 4042 1622 4113 ἀποταγὴν
1656 4041 1794 4095 θεω-

214 4140 429 4211 ρήσας,
486 4137 662 4201 οὓτως
705 4135 901 4189 ἑαυτὸν
948 4136 1048 4206 τῆς
1092 4134 1203 4187 τῶν
1247 4132 1541 4206 ὁρωμένων
1574 4132 1792 4200 ἐξέδυσε

213 4228 614 4303 προσπαθείας,
657 4227 802 4303 οὕτω
841 4229 958 4290 τοῖς
999 4225 1194 4303 ἑαυτοῦ
1241 4225 1383 4291 κατὰ
1427 4225 1557 4279 Θεὸν
1600 4226 1797 4278 ἑαυτὸν

212 4297 448 4389 ἐξέδωκε
465 4297 805 4398 πράγμασιν,
822 4319 898 4383 ὡς
924 4319 1063 4401 μετά
1093 4297 1426 4391 παρρησίας,
1454 4314 1513 4400 εὖ
1540 4315 1674 4379 οἶδα,
1701 4320 1797 4373 καὶ

201 4406 384 4482 ’ἂύτδν
420 4400 1230 4491 Σωτῆραξλέγέινζ
1284 4410 1379 4491 ότι
1424 4408 1582 4464 ἰδοὺ
1625 4410 1796 4479 ἡμεῖς

212 4488 534 4575 ἀφήκαὶων
561 4488 778 4567 πέίᾶοτα,
816 4488 915 4556 καί
935 4488 1452 4575 ,ἠκολουθήσαμέν
1478 4516 1600 4575 σοι.
1634 4503 1795 4575 Ὅθεν

213 4570 299 4659 δὲ,
328 4570 495 4679 ὀλίγω
543 4576 642 4679 diu:
657 4570 1797 4679 ,Θέιῖίτελειωθεὶς,,ἐπλήρωσείχρόνους

216 4671 510 4765 μακρούςλ
533 4674 661 4769 ὀῦκ
678 4694 685 4700 ’
700 4671 1005 4769 αἰσθηταίςπ
1026 4687 1124 4758 μὲν
1147 4686 1451 4764 ἐρημίαις,
1471 4671 1585 4741 ’καὶ
1613 4688 1796 4759 ὄρεσιν

115 4762 123 4768 1
215 4762 667 4861 δνδιαιτὼμενος,·
698 4779 831 4847 οὐδὲ,
849 4762 1126 4861 τὸςᾶρχειν
1147 4762 1562 4862 Ἲσῳματοόόρων
1578 4780 1795 4861 ’θηρίων

1895 3508 1960 3549 ac
1981 3509 2124 3548 verae.
2155 3494 2278 3547 vitae
2308 3492 2528 3555 habere,
2561 3492 2950 3549 IEmuiationis
2975 3495 3119 3550 cnim
3152 3510 3318 3549 causa
3349 3494 3469 3549 laus

1894 3593 1980 3639 est
2014 3583 2106 3648 (ut
2128 3584 2203 3637 ait
2226 3584 2387 3639 divus
2423 3583 2788 3655 Gregorius);
2836 3584 3113 3642 mmulatio
3145 3597 3323 3643 autem
3359 3586 3471 3640 vir-

1893 3676 2065 3742 tutis,
2143 3675 2321 3730 virtus
2375 3690 2505 3731 vero
2574 3675 2949 3733 beatitudinis.
3004 3678 3467 3750 Congaudeudum

1894 3768 2057 3837 igitur
2094 3779 2149 3822 et
2186 3769 2679 3838 congratulandum
2721 3780 2805 3824 est
2847 3769 2978 3825 huic
3009 3780 3157 3826 tanto
3199 3772 3465 3841 profectui

1896 3870 2009 3916 tuo.
2068 3858 2223 3914 Illum
2277 3861 2422 3915 enim
2459 3861 2609 3916 visus
2647 3874 2707 3916 es
2762 3861 3005 3929 imitari,
3049 3863 3141 3932 qui
3185 3865 3470 3920 aemulator

1894 3959 2040 4004 esset
2084 3948 2196 4002 veri
2252 3952 2521 4004 mansueti
2574 3960 2739 4020 atque
2796 3951 3022 4006 humilis
3062 3952 3246 4017 corde,
3293 3956 3470 4024 quiet

1894 4039 2037 4095 Petri
2067 4048 2300 4096 mentem
2329 4052 2385 4095 et
2410 4040 2657 4111 ejusdem
2689 4042 3088 4100 abdicationem
3123 4058 3368 4115 secutus,
3396 4053 3468 4105 ita

1896 4133 2089 4187 harum
2117 4148 2240 4202 qua;
2270 4133 2522 4187 videntur
2548 4149 2733 4189 rerum
2764 4133 2959 4191 aﬂectu
2989 4146 3045 4192 et
3080 4154 3269 4196 amore
3315 4145 3467 4200 omni

1895 4237 1956 4279 se
2001 4221 2177 4295 exuit,
2216 4231 2275 4277 ut
2312 4222 2424 4292 pari
2485 4222 2704 4286 fiducia,
2750 4226 2895 4294 quod
2950 4226 3065 4297 ipse
3104 4231 3253 4295 novi,
3283 4243 3470 4301 posset

1896 4329 2019 4370 cum
2054 4315 2213 4370 Petro
2246 4316 2311 4370 ad
2347 4313 2639 4371 Dominum
2673 4318 2854 4374 dicere
2883 4332 2901 4374 :
2937 4318 3203 4378 Ecce.uos
3246 4322 3468 4396 reliqui-

1858 4396 2012 4464 ‘mus
2042 4411 2240 4474 omnia,
2278 4419 2328 4464 et
2366 4406 2536 4465 secuti
2562 4427 2744 4465 sumus
2777 4420 2824 4466 te
2849 4425 2897 4466 ι.
2932 4411 3114 4480 Quare
3156 4416 3340 4471 divina
3366 4432 3471 4488 ope

1895 4500 1965 4580 ald
1997 4518 2265 4559 summam
2297 4501 2685 4572 perfectionem
2720 4504 2868 4561 hrevi
2908 4507 3251 4575 perveniens,
3277 4508 3468 4579 longos

1895 4588 2072 4648 annos
2101 4592 2333 4665 egplevit
2372 4610 2386 4646 :
2421 4588 2774 4671 nondcserta
2820 4594 2945 4671 ioca
2987 4611 3306 4667 peragrans,
3358 4615 3467 4653 non

1896 4672 2177 4737 montibus
2211 4666 2633 4746 victitansfnon
2659 4681 2808 4767 ~feris
2836 4666 3150 4741 crudelibus
3196 4686 3468 4758 imperare

1895 4791 1998 4847 pro
2028 4789 2223 4845 magno
2259 4784 2549 4843 reputans,
2586 4790 2695 4829 non
2734 4775 2789 4829 in
2837 4782 2995 4831 vasta
3038 4777 3331 4833 solitudine
3369 4780 3469 4836 de-

214 4879 286 4931 ὲν
314 4872 533 4944 μεγάλῳ
578 4869 891 4957 τιθέμενοςο
938 4861 1363 4967 τῆςέδεψυχῆς
1406 4868 1506 4938 τὴν
1560 4869 1794 4939 ἐρημίαν

1900 4883 2051 4940 gens,
2100 4866 2196 4922 sed
2242 4866 2439 4920 animae
2484 4866 2722 4935 quietem
2783 4868 3109 4936 suspirans,
3163 4870 3469 4941 ardensque

215 4964 623 5034 ἀσπαζόμενος,
671 4947 777 5014 καὶ⁸
816 4961 999 5032 ὄρεσιν
1041 4944 1290 5029 ’ὶγγίζειν
1341 4960 1619 5037 ἐπιποθῶν
1669 4962 1794 5014 αἰω-

1899 4960 2123 5031 propius
2165 4958 2424 5013 accedere
2463 4960 2529 5011 ad
2576 4965 2793 5014 montes
2840 4958 2965 5014 illos
3017 4969 3289 5026 aeternos,
3333 4976 3468 5017 con-

214 5026 400 5123 viam,-
436 5026 693 5126 rpwtiCetv
722 5026 1052 5123 θαυμαστῶς
1088 5026 1487 5123 ελιιςιστάμιινος,ὶ
1507 5052 1604 5107 καὶ
1633 5051 1801 5123 ψυχο-

213 5150 427 5203 κτόνων
474 5146 715 5215 κεφαλὰς
760 5147 952 5201 πατεῖν
1002 5144 1178 5215 ὄφεων
1229 5146 1324 5198 καὶ
1360 5145 1637 5237 σκορπίων
1664 5162 1678 5177 ο
1724 5139 1801 5199 ὧν

214 5240 322 5297 καὶ
370 5238 653 5309 συντόμως
699 5239 767 5308 τῇ
832 5238 926 5290 τοῦ
981 5236 1219 5309 Χριστοῦ
1297 5236 1556 5309 συνεργίᾳ.
1617 5242 1800 5309 τυχεῖν

216 5326 433 5400 ἠξιώθη
477 5327 566 5380 διά
601 5330 701 5398 τῆς
740 5325 836 5379 τοῦ
870 5327 1000 5381 ίδίου
1037 5327 1340 5399 θελήματος
1374 5328 1674 5400 ἀθλητικῆς
1700 5332 1797 5385 ἅν-

218 5422 489 5493 αιρέσεως
509 5436 524 5451 ο
561 5419 683 5489 ἥτις
709 5418 866 5490 αὐτῷ
888 5420 986 5490 τὴν
1018 5420 1231 5490 ἀπλανῆ
1260 5418 1371 5473 τῶν
1400 5422 1656 5492 πατέρων
1684 5421 1800 5475 ὁδὸν

219 5513 588 5585 προεξένησεν
614 5527 630 5543 ο
661 5513 783 5583 ἥτις
821 5511 1056 5584 ἐλαφρὸν
1088 5512 1234 5583 αὐτῷ
1281 5512 1344 5566 τὸ
1383 5514 1648 5585 μακάριον
1692 5516 1799 5570 ἀπ-

220 5605 396 5671 έδειξε
426 5605 664 5678 φορτίον,
695 5608 791 5660 καὶ
818 5607 909 5659 τὸν
940 5608 1208 5679 σωτήριον
1225 5609 1319 5662 καὶ
1344 5608 1578 5681 χρηστὸν
1601 5608 1798 5680 ζυγὸν,

222 5696 463 5771 χρηστὸν
489 5696 564 5761 ὡς
588 5697 803 5769 ἀληθῶς
834 5699 1197 5772 ἐφανέρωσεν.

302 5902 546 5963 ‘Matth.
604 5920 716 5975 xix,
778 5904 869 5961 27.

1898 5061 2084 5107 suetos
2115 5048 2417 5103 mirabilem
2454 5049 2506 5102 iu
2544 5064 2647 5103 nos
2681 5049 2855 5104 lucem
2890 5048 3139 5120 fundere,
3167 5062 3220 5106 et
3242 5060 3467 5123 serpen-

1898 5151 2012 5196 tum
2071 5138 2529 5209 scorpionumque
2558 5141 2734 5209 capita
2768 5140 2863 5211 qui
2911 5142 3125 5197 animas
3166 5143 3465 5211 perimunt,

1896 5242 2197 5291 conterere.
2227 5233 2308 5287 Ad
2341 5248 2480 5304 quos
2522 5236 2737 5288 tandem
2788 5234 2882 5290 Dei
2916 5237 3123 5290 auxilio
3164 5239 3469 5308 promeruit

1896 5326 2123 5383 feliciter
2156 5326 2457 5395 pervenire,
2489 5326 2818 5394 pessudnata
2862 5328 3014 5395 prius
3063 5336 3246 5383 tamen
3274 5337 3329 5382 et
3360 5331 3464 5385 hu-

1896 5420 2101 5476 miliata
2138 5418 2367 5489 agonico
2398 5420 2698 5473 certamine
2727 5419 2942 5489 propria
2991 5419 3288 5483 voluntate,
3342 5438 3466 5491 quae

1894 5522 2100 5569 rectum
2132 5510 2210 5565 illi
2240 5510 2456 5565 Patrum
2508 5520 2563 5564 et
2592 5512 2859 5579 majorum
2910 5520 3220 5567 nostrorum
3269 5512 3461 5568 callem

1896 5610 2356 5675 praemonstraret,
2382 5616 2503 5671 quae
2528 5601 2643 5657 leve
2675 5601 3023 5659 beatitudinis
3052 5618 3193 5661 onus
3221 5612 3276 5660 et
3312 5604 3463 5661 salt.-

1896 5696 2115 5752 tifcrum
2149 5710 2215 5751 ac
2247 5710 2411 5753 suave
2433 5694 2623 5766 iugum
2655 5694 2983 5752 ostenderet.
