4188 6438
170 385 301 450 1617
1546 380 1821 440 DOCTRI

1777 379 1929 439 llNA
1966 379 2013 437 Ι.
3252 385 3387 449 1618
3430 390 3431 393 “

160 519 257 554 σου
281 501 349 570 τῇ
378 497 643 568 δεξιότητι
670 498 765 553 καὶ
785 497 849 551 τὸ
871 496 1044 568 βραχὺ
1074 495 1442 567 παραστῆσαι,
1472 496 1613 549 κατά
1641 497 1720 561 τὸ,
1753 506 1803 562 Α

1753 506 1803 562 Α
1834 492 1929 547 tibi
1963 507 2061 560 par
2087 488 2191 545 erit
2225 504 2323 558 pro
2353 499 2444 545 tua
2475 493 2796 549 dexteritate
2821 505 2876 551 et
2906 496 3048 551 hanc
3074 506 3386 553 brevitatem

159 594 334 647 Δίόου
353 591 525 661 σοφῷ
544 590 845 660 ἀφορμὴν,
872 591 970 645 καὶ
999 592 1335 658 σοφώτεροη
1357 588 1547 641 ἔσται.

1832 584 2135 653 approbare
2159 582 2318 652 juxta
2347 582 2398 637 id
2429 600 2442 630 ε
2474 585 2555 639 Da
2585 587 2810 641 sapienti
2838 589 3183 654 occasionem,
3215 600 3265 644 et
3300 607 3387 644 sa-

1829 676 2055 747 pientior
2080 678 2179 731 erit
2206 689 2251 731 ο.

236 780 257 805 ε
296 767 460 822 Prov.
518 783 598 830 ix,
636 767 691 822 9.

250 882 538 953 »Πρότερον
563 881 640 946 δὲ,
674 881 734 933 ὲν
761 878 1178 949 συντομωτέρῳ,
1217 877 1311 931 καὶ
1343 876 1412 930 τὰ
1446 876 1589 930 κατὰ
1616 876 1707 930 τὸν
1742 880 2013 951 μακάριον
2042 881 2315 949 Δοσίθεον,
2349 882 2443 936 τὸν
2476 882 2765 952 γενόμενον
2794 902 3011 956 πρωτον
3042 888 3291 962 μαθητὴν

554 973 648 1027 τοῦ
680 972 953 1044 μακαρίου
983 970 1130 1026 ἀὸσᾶ
1167 970 1445 1042 Δωροθέου
1473 969 1556 1025 ἔτι
1583 972 1735 1035 ὄντος
1764 972 1928 1026 αὐτου
1957 977 2015 1028 ἐν
2046 979 2161 1040 τοῖς
2199 977 2293 1030 τοῦ
2324 978 2471 1033 sese
2511 975 2752 1047 Σερίδου,
2787 979 2883 1032 καὶ
2918 980 3010 1034 τὸν

1077 1060 1263 1130 ἀγῶνα
1285 1065 1384 1132 τῆς
1415 1062 1559 1115 κατὰ
1586 1063 1821 1134 Χριστὸν
1848 1064 2126 1135 ὑποταγῆς
2154 1065 2464 1131 ὲξανύοντος
2564 1116 2569 1121 .

1254 1155 1540 1228 Sequentia
1575 1176 1680 1213 non
1717 1158 1977 1213 habentur
2012 1162 2068 1214 in
2107 1160 2312 1217 erco.

235 1248 407 1315 Quale
438 1251 585 1305 enim
618 1250 781 1305 fuerit
812 1259 988 1305 sancti
1016 1249 1122 1304 viri
1151 1251 1490 1319 propositum
1526 1251 1592 1305 ad
1625 1252 1986 1307 monasticam
2019 1254 2429 1311 conversionem
2460 1273 2489 1312 a
2519 1258 2628 1315 Deo
2657 1261 2900 1329 adducti,
2946 1278 3108 1333 quam
3151 1262 3401 1318 idoneam

162 1347 220 1392 et
247 1340 713 1395 accommodatam
749 1339 921 1393 vitam
959 1338 1200 1408 elegerit,
1231 1340 1416 1393 animo
1441 1355 1653 1395 mecum
1685 1351 1874 1413 repeto
1926 1340 1991 1397 Et
2017 1342 2147 1399 hinc
2176 1345 2395 1413 quidem
2426 1362 2697 1405 summam
2730 1354 2900 1421 ipsius
2924 1352 3120 1407 anima
3140 1353 3399 1408 obedien-

164 1432 298 1486 tiam
333 1448 460 1503 erga
493 1441 676 1503 patres
709 1447 874 1498 suos,
922 1448 1114 1503 puram
1149 1433 1571 1500 abdicationem,
1618 1435 2021 1504 simplicitatem
2073 1439 2453 1505 conscientiae,
2490 1443 2730 1497 studium
2774 1452 2827 1498 et
2866 1445 3199 1514 diligentiam
3242 1454 3405 1514 atque

163 1525 353 1580 omnia
394 1524 447 1577 in
483 1523 793 1595 cognitione
825 1522 1051 1579 fundata
1082 1541 1096 1578 :
1127 1524 1256 1579 hinc
1292 1524 1416 1580 lidei
1458 1525 1846 1586 constantiam.
1897 1526 2219 1582 charitatem
2256 1536 2310 1583 et
2357 1530 2764 1598 perfectionem.
2805 1534 2885 1588 Ad
2914 1534 3241 1601 contratres,
3270 1550 3404 1591 con-

165 1620 372 1683 socios,
404 1618 640 1675 aﬂabilis
665 1627 782 1673 erat
809 1628 864 1674 et
890 1620 1256 1684 verecundus,
1286 1620 1484 1685 alacer,
1518 1621 1807 1690 benignus,
1835 1622 2097 1685 clemens,
2128 1623 2292 1678 etiam
2320 1638 2444 1679 eum
2475 1636 2748 1695 praeesset,
2773 1642 2882 1681 non
2913 1629 3267 1698 suspiciosus,
3295 1644 3405 1685 non

163 1713 357 1778 deses,
378 1728 488 1768 non
519 1713 751 1777 otiosus,
772 1728 882 1769 non
905 1724 1222 1779 contumax,
1253 1730 1363 1770 non
1385 1718 1793 1784 contentiosus;
1819 1733 1939 1787 qua:
1968 1718 2166 1773 robora
2195 1728 2323 1773 sunt
2350 1719 2560 1775 nullum
2582 1721 2861 1791 judicandi
2895 1733 2947 1778 et
2970 1722 3104 1777 nihil
3132 1724 3401 1779 sumendi.

163 1810 534 1867 Concordiam
584 1824 801 1880 quoque
849 1810 1374 1882 unanimitatemque
1414 1827 1580 1883 super
1625 1813 1732 1868 mel
1768 1814 1947 1869 dulcia
1990 1826 2207 1883 semper
2239 1813 2474 1871 fovebat.
2513 1819 2582 1871 At
2624 1832 2753 1872 vero
2781 1819 2847 1872 ad
2878 1833 3040 1888 opera
3086 1819 3401 1882 studiosus,

164 1906 421 1977 dﬂigens,
448 1904 710 1976 prudens,
740 1914 1004 1971 attentus,
1026 1908 1177 1963 mitis
1197 1923 1323 1963 eum
1348 1909 1498 1963 omni
1520 1910 1808 1979 probitate,
1838 1910 2145 1981 exemplum
2168 1911 2436 1968 bonorum
2461 1928 2697 1969 morum.
2720 1914 2799 1968 Ad
2823 1929 2911 1969 res
2934 1923 3114 1968 autem
3140 1915 3404 1985 gerendas

165 2014 464 2058 accuratus
503 2012 556 2058 et
589 2002 939 2069 venerabilis,
969 2004 1231 2061 bonitatis
1263 2013 1476 2060 amator
1508 2012 1563 2060 et
1591 2006 2033 2075 pulchritudinis,
2064 2006 2143 2062 nil
2173 2022 2454 2077 perperam
2489 2022 2675 2077 agens,
2710 2008 2895 2063 divino
2924 2008 3159 2079 quodam
3189 2008 3408 2079 ingenio

163 2107 225 2151 et
252 2097 580 2153 discretione
609 2099 836 2169 quosvis
867 2114 1155 2170 superans.
1189 2099 1247 2156 In
1277 2100 1491 2157 cunctis
1520 2100 1763 2168 humilis,
1795 2112 2004 2173 gratus,
2038 2100 2217 2169 fortis,
2249 2113 2304 2157 et
2325 2112 2607 2169 constans,
2631 2104 2847 2159 sobrius
2877 2112 2931 2158 et
2960 2103 3226 2159 sollicitus
3246 2112 3411 2173 atque

166 2194 595 2265 cogitabundus.
625 2194 734 2249 Sed
762 2195 894 2267 quid
920 2211 1057 2267 opus
1082 2204 1168 2252 est
1195 2212 1295 2268 per
1316 2197 1529 2268 singula
1551 2198 1859 2253 discurrere
1877 2198 1903 2252 ἲ
1935 2197 2126 2253 Simile
2149 2197 2283 2269 quid
2312 2197 2559 2254 facturus
2586 2198 2777 2253 videor
2802 2213 2926 2254 cuni
2962 2213 3027 2252 eo
3052 2197 3142 2267 qui
3178 2197 3412 2251 voluerit

170 2290 255 2344 vel
290 2288 552 2344 stillicidii
585 2296 789 2359 guttas,
827 2290 911 2346 vel
961 2293 1137 2347 undas
1176 2292 1345 2349 maris
1387 2292 1757 2349 dinumerare.
1809 2291 2050 2363 Equum
2089 2302 2174 2347 est
2217 2300 2397 2347 autem
2428 2308 2590 2362 quam
2635 2306 3024 2361 proposueram
3059 2299 3258 2345 metam
3304 2304 3410 2343 nou

167 2382 458 2443 excedere,
493 2392 549 2435 et
580 2382 734 2437 vobis
776 2399 997 2455 quoque
1041 2394 1249 2456 partem
1290 2371 1529 2457 aliquam
1559 2388 1735 2443 dulcis
1764 2388 1929 2457 hujus
1963 2386 2333 2457 inquisitionis
2371 2387 2697 2457 relinquere,
2745 2396 2805 2441 ut
2840 2386 3043 2456 pariter
3076 2386 3161 2440 his
3203 2384 3411 2440 deliciis

171 2471 432 2526 fruamini
481 2489 715 2540 mecum,
765 2476 1098 2546 discatisque
1126 2491 1234 2547 qua
1268 2477 1360 2532 hic
1388 2478 1518 2543 via,
1569 2478 1877 2542 sanctitate,
1934 2478 2237 2533 urbanitate
2267 2478 2319 2532 in
2354 2478 2595 2533 divinam
2645 2478 2947 2533 doctrinam
3003 2488 3058 2534 et
3107 2478 3410 2533 animarum

167 2564 401 2619 salutem
430 2566 500 2619 ita
519 2567 786 2624 deductus
818 2569 906 2634 sit,
935 2570 1005 2625 ab
1032 2585 1098 2627 eo
1117 2570 1212 2640 qui
1238 2571 1422 2625 omnia
1453 2571 1735 2642 gubernat,
1752 2580 1808 2626 et
1836 2572 2173 2641 providentia
2204 2571 2444 2641 disponit
2473 2590 2486 2625 :
2517 2574 2875 2641 compatiens,
2901 2573 3147 2643 inquam,
3176 2580 3232 2626 et
3252 2570 3414 2625 bene-

174 2661 333 2716 volus
369 2660 550 2727 Pater,
603 2666 896 2736 perdignus
925 2668 1018 2737 qui
1044 2668 1257 2723 animas
1304 2668 1599 2723 instrueret
1638 2677 1693 2723 et
1742 2668 2076 2723 illuminaret
2102 2686 2115 2721 :
2146 2683 2379 2738 magnus
2421 2668 2699 2722 intellectu
2726 2710 2740 2734 ,
2791 2668 2966 2736 major
3016 2668 3070 2721 in
3117 2665 3413 2735 obsequio,

171 2756 428 2814 sublimis
462 2764 514 2812 in
545 2763 1036 2831 contemplatione,
1073 2763 1361 2818 sublimior
1408 2764 1464 2818 in
1499 2764 1842 2829 humilitate,
1880 2764 2031 2819 dives
2070 2764 2127 2818 in
2177 2762 2321 2826 Deo,
2373 2778 2578 2834 pauper
2607 2763 2661 2817 in
2701 2764 2917 2834 spiritu,
2952 2762 3126 2818 dulcis
3154 2761 3364 2829 eloquir
3397 2807 3411 2824 ,

174 2846 389 2904 dulcior
413 2865 665 2916 occursu,
701 2856 895 2910 doctus
924 2854 1169 2913 medicus
1202 2855 1256 2912 in
1288 2870 1672 2927 quemcunque
1699 2855 1935 2910 volueris
1963 2855 2236 2910 morbum.
2269 2853 2373 2920 Qui
2404 2854 2779 2925 azgritudinem
2812 2855 3093 2918 divitibus,
3121 2851 3412 2914 mendicis,

175 2942 519 3012 sapientibus
543 2953 591 3000 et
627 2948 1011 3017 insipientibus
1032 2988 1049 3013 ,
1097 2948 1333 3011 feminis,
1363 2950 1517 3012 viris,
1551 2950 1795 3017 senibus,
1824 2947 2154 3019 junioribus,
2186 2946 2421 3010 afﬂictis,
2458 2947 2617 3012 laetis,
2648 2946 2895 3010 advenis,
2935 2946 3052 3001 suis
3081 2944 3412 3013 conjunctis.

174 3036 311 3089 solis
339 3036 753 3105 imperantibus,
783 3040 1045 3105 dominis,
1071 3043 1265 3105 servis,
1291 3042 1749 3107 subditis,liberis
1776 3059 1791 3107 ;
1822 3050 2065 3098 sanctam
2091 3041 2239 3095 illam
2265 3050 2320 3096 et
2341 3038 2546 3095 variam
2578 3040 3030 3109 innuineramque
3054 3037 3416 3092 oeconomiam
3500 3026 3501 3029 “

174 3130 394 3183 cunctis
420 3129 734 3186 hominibus
764 3134 841 3186 uti
866 3133 1126 3187 talentum
1150 3133 1488 3204 impertiens,
1505 3142 1562 3189 et
1580 3134 1833 3188 omnibus
1860 3133 2041 3188 omnia
2063 3134 2258 3199 factus,
2283 3133 2471 3203 sicque
2494 3133 2760 3202 plurimos
2790 3132 3148 3201 perlucratus.
3171 3128 3276 3183 Sed
3303 3130 3415 3198 jam

181 3223 315 3275 liora
337 3230 441 3285 est,
466 3220 863 3291 aniaiitissune,
891 3234 953 3280 ut
978 3223 1221 3280 menSam
1250 3225 1520 3281 sermonis
1553 3225 1861 3279 suavissimi
1899 3240 2167 3296 apponam
2194 3243 2208 3279 :
2241 3224 2396 3294 cujus
2431 3238 2770 3293 unaquaeque
2802 3238 2931 3291 pars
2970 3231 3023 3275 et
3062 3220 3226 3277 dictio
3252 3220 3415 3274 etiam

179 3314 410 3368 minima
436 3330 542 3369 non
573 3318 857 3370 minimum
887 3316 1045 3371 aﬂert
1064 3317 1411 3372 commodum
1444 3325 1501 3372 et
1521 3317 1824 3370 utilitatem.
1863 3315 1999 3370 Nam
2029 3316 2213 3371 divino
2247 3330 2375 3371 vere
2403 3323 2457 3369 et
2491 3314 2798 3369 admirabili
2827 3314 3045 3383 eloquio
3067 3313 3172 3367 fuit
3199 3313 3281 3366 vir
3307 3311 3415 3375 ille,

179 3410 276 3464 sed
304 3398 494 3464 humili
518 3420 572 3465 et
601 3411 835 3479 pedestri
854 3411 1101 3469 oratione
1124 3426 1313 3482 repere
1342 3411 1512 3467 voluit
1531 3412 1601 3467 ob
1620 3411 1942 3466 humilitatis
1964 3410 2292 3480 exemplum,
2317 3419 2371 3464 et
2392 3409 2704 3464 inornatum
2730 3419 3036 3464 sermonem
3058 3406 3274 3465 exculto
3298 3403 3418 3459 ubi-

180 3519 291 3572 que
316 3506 569 3574 praetulit.
604 3504 687 3561 'l'u
717 3508 877 3578 igitur
905 3507 1121 3564 sincero
1148 3508 1252 3565 hoc
1278 3509 1460 3565 studio
1487 3517 1541 3563 et
1565 3508 1920 3563 beatitudinis
1942 3506 2121 3562 fructu
2150 3507 2413 3571 enutrirc,
2447 3505 2593 3561 alere
2627 3504 2936 3576 hujusmodi
2966 3502 3163 3558 viatico
3193 3509 3248 3557 et
3272 3500 3416 3556 cibo.

182 3597 397 3654 Accede
426 3600 492 3657 ad
524 3611 769 3658 sanctam
797 3603 1163 3661 urbanitatem
1203 3620 1366 3676 quam
1398 3603 1494 3660 diu
1535 3603 1759 3674 optasti,
1790 3612 1844 3658 et
1874 3618 1974 3673 pro
2003 3602 2262 3672 languore
2300 3615 2423 3655 meo
2451 3600 2641 3656 sedulo
2671 3599 2999 3669 supplicate.

923 3752 1066 3805 ΤΟΥ
1096 3752 1200 3805 ΕΝ
1233 3752 1495 3806 ΔΓΙΟΙΣ
1524 3752 1808 3804 ΠΑΤΡΟΣ
1844 3750 2052 3804 ΗΜΩΝ
2076 3750 2265 3802 ΑΒΒΑ
2303 3745 2671 3802 ΔΩΡΟΘΕΟΥ

1484 3860 2008 3917 ΔΙΔΛΣΚΑΛΙΑ
2050 3860 2124 3914 A'.

1561 3976 1703 4046 Περὶ
1728 3971 2057 4041 daora-Mc.

1208 4161 1515 4225 SANCTI
1566 4160 2011 4223 DOROTHEI
2046 4157 2257 4219 ΑΒΒΑ
2276 4156 2405 4218 TIS

1546 4283 1974 4343 DOCTRINA
2023 4284 2065 4338 1.

1548 4404 1626 4458 De
1654 4404 2058 4459 renuntiatione.

266 4529 343 4580 A'.
395 4526 483 4579 Ἑν
512 4526 654 4595 ἀρχῇ
687 4524 777 4577 ὅτε
810 4524 1064 4594 ἐποίησεν
1102 4527 1131 4578 ὀ
1160 4524 1292 4589 Θεὸς
1332 4525 1426 4578 τὸν
1454 4524 1760 4595 ἄνθρωπον,
1794 4528 1840 4584 Β

1794 4528 1840 4584 Β
1931 4520 2096 4592 374
2131 4519 2173 4573 l.
2215 4517 2486 4584 Principio
2524 4515 2702 4570 factus
2729 4514 2907 4582 {homo
2940 4528 2972 4568 a
3018 4510 3129 4568 Deo
3149 4511 3201 4579 ἀ,
3232 4512 3287 4567 in
3329 4530 3425 4583 pa-

193 4615 350 4668 ἓθετο
384 4613 546 4666 αὐτὸν
587 4614 645 4666 ὲν
674 4612 753 4684 τῷ
786 4615 1099 4685 παραδείσῳ
1147 4614 1367 4689 [καθὼς
1404 4615 1555 4683 λέγει
1580 4618 1613 4685 ὴ
1642 4615 1763 4669 θεία

1863 4613 2048 4668 radiso
2081 4608 2375 4679 voluptatis
2403 4616 2487 4662 est
2514 4606 2722 4675 positus
2752 4607 2845 4671 (ut
2887 4617 3058 4659 sacrm
3095 4601 3312 4658 Littera:
3346 4603 3425 4657 fa-

192 4704 329 4771 ἁγία
358 4699 595 4775 Γραφὴ]
647 4705 928 4774 κοσμήσας
971 4704 1161 4776 ἁπάσῃ
1198 4706 1368 4777 ἀρετῇ
1392 4722 1405 4735 ·
1454 4704 1579 4766 δοὺς
1613 4702 1763 4774 αύτῴ

1866 4703 2092 4772 tentur),
2126 4710 2376 4761 ornatus,
2424 4700 2669 4769 inquam,
2711 4696 2861 4750 omni
2910 4696 3133 4760 virtute,
3160 4705 3427 4767 prrecepto

196 4795 417 4864 ἐντολὴν
443 4794 539 4848 τοῦ
572 4796 645 4864 μὴ
676 4799 869 4865 φαγεῖν
900 4797 965 4849 ἐκ
988 4795 1084 4849 τοῦ
1108 4795 1266 4861 ξύλου
1295 4797 1386 4850 τοῦ
1412 4798 1470 4848 ὲν
1493 4797 1643 4867 μέσῳ
1668 4798 1763 4849 του

1866 4809 2047 4855 tamen
2092 4801 2369 4860 astrictus,
2402 4810 2473 4849 ne
2502 4795 2572 4849 de
2610 4794 2761 4861 ligno
2793 4802 2959 4858 esset,
2987 4796 3131 4862 quod
3165 4791 3220 4845 in
3250 4795 3426 4847 medio

198 4886 551 4957 παραδείσου.
597 4888 706 4940 Καὶ
748 4884 817 4959 ἦν
855 4890 914 4942 ὲν
944 4891 1123 4960 τρυφῇ
1166 4889 1263 4943 τοῦ
1300 4889 1659 4959 παραδείσου,
1706 4888 1766 4942 ἐν

1865 4891 2101 4963 paradisi
2130 4891 2367 4961 positum
2389 4896 2528 4943 erat.
2552 4887 2753 4955 Sicque
2780 4886 2921 4939 inter
2944 4885 3180 4954 paradisi
3206 4884 3429 4940 delicias

198 4979 357 5049 εὐχῇ,
388 4980 446 5031 ὲν
479 4979 702 5050 θεωρίᾳ,
736 4980 795 5032 ὲν
830 4981 967 5052 μέσῃ
991 4981 1119 5053 δόξῃ
1146 4982 1239 5034 καὶ⁵
1267 4984 1421 5051 τιμῇ,
1448 4983 1587 5050 ἔχων
1622 4980 1768 5043 σώας

1869 4982 2095 5045 orabat,
2130 4977 2618 5046 contemplabatur,
2666 4974 2719 5026 in
2753 4972 2904 5026 omni
2932 4970 3099 5042 gloria
3135 4980 3190 5025 et
3228 4973 3432 5026 honore

198 5068 303 5132 τὰς
330 5070 613 5143 αἰσθήσεις
633 5087 648 5102 ο
692 5072 788 5124 καὶ
816 5071 893 5124 ὣν
920 5073 977 5126 ὲν
1007 5071 1084 5142 τῷ
1111 5073 1255 5125 κατὰ
1283 5072 1443 5142 φύσιν
1466 5072 1650 5136 καθὼς
1674 5073 1767 5126 καὶ

202 5161 445 5231 ἐκτίσθη.
482 5162 617 5215 Κατ’
646 5163 830 5216 εἰκόνα
856 5163 963 5235 γὰρ
993 5163 1126 5217 Θεοῦ
1160 5164 1415 5233 ἐποίησεν
1452 5166 1481 5216 ὁ
1510 5162 1642 5227 Θεὸς
1674 5165 1767 5217 τὸν

201 5252 512 5323 ἄνθρωπον,
552 5254 697 5308 τοῦτ’
740 5254 888 5308 ἐστιν
928 5255 1214 5317 ἀθάνατον,
1265 5255 1628 5321 αὐτεξούσιον,
1671 5274 1767 5309 κε-

203 5345 554 5413 κοσμημένον
573 5347 722 5420 πάσῃ
745 5348 933 5419 ἀρετῇ.
959 5348 1163 5403 Ὀτεδὲ
1188 5348 1401 5419 παρέϐη
1425 5348 1522 5419 τὴν
1548 5349 1767 5421 ἐντολὴν

204 5435 302 5488 καὶ
329 5435 529 5503 ἔφαγεν
571 5438 633 5490 ὲκ
662 5438 757 5492 τοῦ
790 5437 948 5505 ξύλου
977 5431 1038 5493 οὗ
1077 5439 1380 5492 ἐνετείλατο
1408 5438 1556 5509 αὐτῷ
1581 5441 1611 5493 ὁ
1637 5439 1767 5503 Θεὸς

210 5525 286 5595 μὴ
323 5530 516 5595 φαγεῖν
557 5529 741 5593 αὑτὸν,
790 5531 912 5584 τότε
964 5531 1227 5602 ἐξεόλήθη
1269 5531 1366 5584 τοῦ
1411 5531 1766 5603 παραδείσου,

210 5616 307 5669 καὶ
350 5616 574 5673 ἐξέπεσε
623 5620 721 5673 τοῦ
771 5623 913 5678 κατά
957 5622 1148 5692 φύσιν,
1198 5623 1293 5677 καὶ
1322 5619 1389 5693 ἦν
1423 5625 1481 5679 ἐν
1517 5622 1595 5693 τῷ
1619 5624 1770 5696 παρὰ

280 5754 463 5812 ἀϐοη.
524 5773 585 5820 ii.
634 5758 718 5813 15.

1869 5080 2007 5136 erat,
2036 5068 2288 5124 sensibus
2322 5065 2544 5135 integris
2570 5073 2623 5117 et
2644 5061 2863 5123 validis,
2890 5061 3196 5116 secundum
3222 5068 3427 5114 natura:

1871 5178 1987 5218 suae
2022 5161 2090 5216 ad
2137 5173 2299 5231 quam
2340 5156 2594 5212 conditus
2619 5162 2762 5219 erat,
2811 5152 3075 5207 habitum.
3118 5151 3200 5205 Ad
3238 5150 3431 5220 imagi-

1872 5272 1993 5310 nem
2031 5254 2227 5325 quippe
2267 5266 2424 5307 suam
2473 5248 2603 5304 fecit
2631 5247 2775 5301 Deus
2805 5245 3106 5307 hominem,
3146 5243 3429 5297 immorta-

1872 5349 1976 5403 lem
2011 5347 2239 5409 scilicet,
2270 5344 2522 5407 liberum,
2575 5348 2827 5395 ornatum
2862 5338 3013 5392 omni
3058 5337 3280 5391 virtute.
3329 5331 3429 5388 Ubi

1873 5449 2052 5493 autem
2082 5450 2460 5505 transgressus
2481 5442 2565 5488 est
2592 5438 2943 5502 praeceptum,
2965 5437 3021 5483 et
3040 5427 3107 5482 de
3134 5428 3278 5497 ligno
3297 5425 3430 5487 edit,

1874 5530 2015 5603 quod
2060 5544 2127 5584 ne
2162 5528 2342 5583 ederet
2384 5534 2712 5596 praeceperat
2744 5524 2794 5579 ei
2826 5522 2990 5588 Deus,
3019 5520 3259 5589 dejectus
3289 5518 3434 5572 illico

1869 5634 1955 5681 est
1978 5624 2046 5678 ab
2078 5622 2195 5692 ipso
2223 5618 2495 5689 paradiso,
2517 5616 2719 5672 decidit
2742 5630 2773 5672 a
2801 5612 3035 5671 naturali
3059 5620 3207 5667 statu
3232 5610 3287 5665 in
3307 5624 3430 5664 eum
