4188 6438
126 417 264 486 1629
1509 411 1893 476 DOCTRINA
1923 412 1974 472 Ι.
3215 409 3354 474 1630.

119 531 263 600 βίου,
285 528 382 582 καὶ
417 526 652 597 ἤρξαντο
677 525 900 594 φεύγειν
925 525 1014 579 τὸν
1049 525 1272 595 κόσμον,
1300 525 1396 580 καὶ
1432 528 1599 580 οἰκεῖν
1627 528 1684 577 ἐν

1789 526 1992 578 tionem
2022 537 2185 592 quam
2213 537 2314 578 nos
2343 523 2639 578 solitariam
2672 534 2723 578 et
2747 523 3077 578 eremiticam
3114 522 3350 590 appella-

115 623 244 684 ταῖς
299 622 545 691 ἐρήμοις,
607 623 664 672 ὲν
721 619 997 689 νηστείαις
1035 619 1130 672 καὶ
1196 619 1539 690 χαμευνίαις,
1600 622 1689 671 καὶ

1794 632 1935 677 mus,
1966 616 2341 686 excogitarunt
2370 635 2384 669 :
2407 627 2794 686 cmperuntque
2816 615 2958 668 illico
2976 612 3234 668 mundum
3261 611 3357 667 de-

114 714 450 784 ἀγρυπνίαις
489 715 580 766 καὶ
609 716 674 784 τῇ
709 713 867 783 λοιπῇ
897 713 1271 782 κακοπαθείᾳ,
1299 712 1396 764 καὶ
1424 711 1694 782 ἀποταξίᾳ

116 805 306 874 πάσης
353 804 609 872 πατρίδος
645 804 738 857 καὶ
767 803 1068 872 συγγενῶν,
1101 803 1434 874 χρημάτων,
1474 802 1692 873 κτημά-

113 913 227 948 των
260 911 276 925 ·
319 896 413 950 καὶ
455 897 639 959 ἁπλῶς
680 895 1034 960 ἐσταύρωσαν
1083 896 1310 958 ἑαυτοὺς
1351 894 1430 964 τῷ
1477 894 1690 964 κόσμῳ.

114 988 232 1041 Καὶ
260 988 322 1041 ού
355 987 513 1058 μόνον
542 987 642 1051 τὰς
673 987 895 1050 ἐντολὰς
921 986 1216 1056 ἐφύλαξαν,
1249 985 1386 1040 ἀλλὰ
1419 988 1518 1039 καὶ
1542 985 1692 1056 δῶρα

113 1075 498 1144 προσήνεγκαν
552 1074 631 1145 τῷ
677 1074 814 1144 Θεῷ.
856 1076 964 1127 Καὶ
1011 1074 1153 1142 λέγω
1173 1073 1328 1136 πῶς·
1369 1074 1436 1126 Δί
1483 1072 1692 1127 ἐντολαὶ

113 1165 258 1216 πᾶσι
289 1165 400 1225 τοῖς
433 1163 777 1232 Χριστιανοῖς
812 1162 1098 1235 ἐδόθησαν,
1145 1163 1238 1217 καὶ
1265 1161 1549 1216 ὑπόκειται
1584 1163 1694 1224 πᾶς

112 1254 447 1325 Χριστιανὸς
487 1254 719 1322 φυλάξαι
757 1253 928 1316 αύτάς
969 1268 984 1282 ⁸
1027 1252 1263 1307 ἁννῶναί
1309 1253 1467 1317 εἰσιν,
1511 1252 1587 1315 ὡς
1624 1251 1691 1305 ἂν

111 1347 251 1418 εἴπῃ
291 1365 395 1410 τις,
442 1347 653 1415 βασιλεί
689 1346 1189 1416 κεχρεωστημὲναι.
1227 1346 1323 1409 Τίς
1356 1346 1529 1414 λέγων
1566 1363 1578 1376 ·
1617 1345 1692 1399 Ού

108 1439 308 1508 δίδωμι
339 1440 579 1502 ἀννώνας
609 1439 685 1510 τῷ
720 1438 948 1507 βασιλεῖ.
987 1438 1244 1506 ἐκφεύγει
1273 1440 1494 1494 κόλασιν
1520 1457 1534 1505 ;
1570 1439 1690 1493 Elei

109 1527 173 1580 δὲ
219 1530 280 1580 ὲν
315 1528 392 1598 τῷ
440 1530 630 1597 κόσμῳ
673 1527 897 1598 μεγάλοι
945 1527 1223 1599 ἄνθρωποι
1272 1531 1368 1583 καὶ
1412 1529 1686 1601 λαμπροὶ,

110 1619 318 1684 οἵτινες
365 1622 424 1672 ού
483 1621 640 1691 μόνον
688 1620 930 1683 ἀννὼνας
978 1619 1282 1692 παρέχουσι
1329 1621 1408 1692 τῷ
1459 1622 1686 1692 βασιλεῖ,

110 1703 257 1763 ἀλλὰ
281 1710 376 1763 καὶ
417 1709 563 1780 δῶρα
590 1709 990 1781 προσφέρουσιν
1028 1711 1178 1782 αύτῷ
1206 1728 1220 1742 ⁸
1266 1711 1366 1764 καὶ
1413 1710 1690 1779 ἀξιοῦνται

107 1791 265 1850 οὗτοι
291 1798 531 1867 μεγάλης
558 1799 743 1868 τιμῆς,
775 1797 1028 1868 μεγάλων
1054 1797 1296 1868 δωρεῶν,
1330 1801 1423 1853 καὶ
1444 1799 1690 1872 ἀξιωμά-

1791 723 1972 762 serere
2004 717 2058 763 et
2103 718 2286 764 vastas
2323 725 2536 764 eremos
2566 709 2821 772 incolere,
2861 706 3107 775 jejuniis,
3135 705 3358 773 vigiliis,

1792 814 1857 853 ac
1889 801 2048 855 nudae
2081 808 2235 854 terra:
2269 800 2769 866 indormitionibus,
2805 799 3032 867 aliisque
3058 795 3360 850 alllictioni-

1793 891 1896 945 bus
1935 906 1994 945 se
2028 891 2176 962 ipsos
2203 902 2539 947 macerantes
2573 911 2586 946 :
2625 893 3110 958 renuntiaruntque
3139 888 3361 942 omnino

1792 980 2009 1052 patriar,
2046 981 2320 1044 allinibus,
2355 982 2624 1052 pecuniis,
2657 983 2802 1052 agris
2832 991 2885 1037 et
2905 978 3358 1051 possessionibus,

1791 1085 1953 1146 atque
1978 1081 2060 1147 (ut
2084 1076 2323 1133 breviter
2345 1077 2543 1145 dicam)
2573 1078 2626 1132 in
2653 1077 2864 1132 cunctis
2891 1075 3094 1130 mundo
3125 1089 3186 1130 se
3215 1074 3361 1142 ipsos

1793 1169 2139 1222 crucilixerc.
2181 1167 2290 1224 Nec
2319 1167 2502 1223 divina
2541 1167 2715 1221 solum
2751 1175 3014 1237 pra-cepta
3041 1165 3360 1220 observave-

1793 1269 1942 1323 runt,
1968 1259 2060 1314 sed
2083 1269 2132 1315 et
2165 1261 2306 1314 dona
2336 1259 2446 1315 Deo
2471 1257 2843 1331 hujuscemodi
2867 1257 3193 1312 obtulerunt.
3229 1255 3362 1309 Data

1792 1363 1918 1406 sunt
1942 1351 2126 1406 decem
2155 1362 2415 1421 turaicepta
2451 1351 2774 1409 Christianis
2809 1348 3085 1410 omnibus.
3128 1354 3182 1400 ει
3213 1347 3362 1399 adea

1791 1439 2128 1493 observanda
2156 1440 2388 1508 quisque
2419 1440 2777 1509 compellitur.
2810 1440 2949 1493 Sunt
2975 1435 3090 1493 btet,
3127 1433 3361 1500 vectiga-

1793 1533 1862 1586 lia
1907 1549 2088 1588 anima
2127 1534 2236 1603 regi
2269 1535 2472 1588 debita.
2507 1533 2642 1598 Quis
2681 1535 2847 1605 igitur
2894 1550 3001 1588 non
3048 1531 3360 1602 persolvens

1792 1618 1969 1674 debita
2010 1621 2126 1675 haec
2171 1621 2449 1688 vectigalia
2496 1622 2629 1690 regi,
2668 1621 2888 1675 inultam
2939 1619 3189 1690 ellugiet?
3223 1618 3362 1672 Sunt

1793 1721 1977 1765 autem
2013 1721 2069 1765 et
2093 1711 2146 1764 in
2193 1712 2392 1767 saeculo
2424 1712 2556 1767 clari
2594 1722 2649 1767 et
2692 1713 2931 1768 illustres
2964 1713 3087 1776 viri,
3117 1712 3209 1782 qui
3241 1727 3351 1765 non

1791 1805 1964 1859 solum
2001 1805 2110 1874 regi
2136 1820 2238 1858 suo
2280 1806 2558 1871 vectigalia
2584 1822 2761 1860 annua
2801 1806 3135 1877 persolvunt,
3176 1803 3266 1860 sed
3307 1813 3361 1860 et

108 1906 249 1942 των.
282 1890 467 1953 Οὕτως
487 1886 578 1944 οὖν
616 1892 708 1942 καὶ
735 1892 783 1942 οἱ
810 1891 1016 1952 Harpe;
1047 1891 1109 1943 οὑ
1143 1891 1302 1960 μόνον
1338 1893 1437 1957 τὰς
1467 1894 1684 1957 ἐντολὰς

1791 1913 2017 1952 munera
2047 1895 2298 1952 offerunt.
2331 1900 2506 1967 Atque
2544 1901 2596 1953 hi
2634 1901 2777 1970 digni
2825 1901 3090 1954 habentur
3129 1900 3353 1963 honore,

109 1983 430 2053 ἐφύλαξαν,
475 1984 609 2038 ἀλλὰ
663 1987 758 2040 καὶ
810 1987 956 2059 δῶρα
1008 1989 1384 2058 προσήνεγκαν
1425 1985 1504 2056 τῷ
1541 1985 1678 2056 Θεῷ.

109 2080 278 2150 Δῶρα
318 2079 376 2132 δέ
419 2082 558 2141 είσι,
593 2081 855 2153 παρθενία
902 2082 995 2135 καὶ
1039 2079 1467 2152 αύτημοζύνη’·
1513 2080 1684 2135 ταῦτα

107 2168 217 2220 οὐκ
247 2169 384 2221 εἰσὶν
410 2169 617 2223 ἐντολαὶ
637 2210 652 2230 .
683 2171 831 2242 δῶρά
860 2173 998 2225 εἰσιν
1023 2189 1038 2202 ·
1071 2170 1310 2238 οὐδαμοῦ
1340 2170 1448 2241 γὰρ
1477 2171 1681 2240 γέγρα-

111 2276 250 2312 πται
280 2276 292 2288 ·
325 2261 414 2330 Μὴ
465 2261 636 2334 λάϐῃς
673 2265 936 2329 γυναῖκα,
971 2262 1046 2333 μὴ
1072 2263 1484 2335 παιδοποιήσῃς.
1545 2263 1682 2317 Ούδὲ

111 2352 281 2404 πάλιν
325 2352 523 2405 ἔδωκεν
566 2353 780 2425 ἐντολὴν
813 2357 842 2408 ὁ
880 2355 1112 2424 Χριστὸς
1159 2354 1333 2425 λέγων
1366 2371 1380 2384 ο
1426 2355 1682 2427 ῐΙώλησόν

112 2460 214 2496 σου
245 2445 312 2497 τά
352 2445 685 2516 ὑπάρχοντα.
727 2447 965 2516 Ἀμέλει,
1003 2448 1090 2501 ὅτε
1134 2449 1442 2519 προσῆλθεν
1475 2449 1625 2520 αύτῷ
1654 2451 1684 2504 ό

112 2537 341 2606 νομικὸς
393 2537 565 2606 λέγων
620 2556 634 2571 ο
689 2539 1027 2594 Διδάσκαλε
1077 2541 1282 2609 ἀγαθὲ,
1322 2542 1380 2594 τί
1423 2541 1685 2608 ποιήσας

115 2628 275 2696 ζωὴν
302 2630 544 2683 αἰώνιον
565 2632 998 2701 κληρονομήσω
1021 2649 1039 2696 ;
1067 2633 1338 2702 ἀπεκρίθη
1365 2649 1379 2664 °
1428 2632 1538 2699 Τὰς
1586 2633 1684 2687 ἐν·

114 2725 304 2787 τολὰς
333 2722 500 2786 οἶδας·
527 2739 539 2754 ’
587 2725 669 2777 Οὐ
705 2726 1046 2794 φονεύσῃς·
1079 2728 1151 2779 οὐ
1182 2726 1516 2794 μοιχεύσῃς
1556 2741 1571 2756 °
1611 2729 1685 2781 οὐ

117 2808 353 2876 κλέψῃς
384 2825 399 2839 ⁸
422 2813 494 2864 οὐ
530 2811 1107 2881 ψευδομαρτυρήσῃς
1154 2813 1292 2866 κατὰ
1330 2812 1422 2866 τοῦ
1463 2814 1686 2882 πλησίον

124 2915 246 2959 σου.
281 2900 376 2953 καὶ
401 2901 468 2954 τὰ
493 2900 638 2967 ἑξῆς.
661 2903 768 2955 Τοῦ
795 2903 850 2956 δὲ
881 2903 1142 2968 εἰπόντος,
1163 2905 1244 2956 ὅτι
1274 2904 1462 2958 Ταῦτα
1492 2905 1688 2959 πάντα

114 2993 397 3060 ἐφύλαξα
424 2992 492 3047 ἐκ
525 2996 810 3063 νεότητός
831 3013 970 3064 μου,
998 2996 1245 3066 ἐπιφέρει
1263 2996 1345 3059 τὸ,
1399 2999 1469 3050 El
1494 2996 1688 3063 θέλεις

118 3083 349 3149 τέλειος
381 3080 557 3148 εἶναι,
589 3083 878 3152 πώλησόν
900 3102 1018 3140 σου
1050 3087 1121 3140 τὰ
1152 3087 1502 3155 ὑπάρχοντα
1528 3128 1542 3149 ,
1591 3088 1688 3142 καί

1782 1988 2149 2044 muniﬁcentia
2169 2000 2222 2044 et
2244 1989 2558 2046 liberalitate
2583 1993 2746 2062 regia.
2775 1993 2865 2047 Sic
2897 1992 3058 2062 igitur
3081 2001 3133 2044 et
3171 1989 3358 2044 Patres

1783 2080 1964 2135 nostri
2001 2095 2109 2136 non
2137 2081 2310 2136 solum
2345 2091 2611 2153 praecepta
2645 2082 2736 2138 Dei
2766 2085 3121 2138 observavere
3150 2084 3358 2138 debita,

1784 2173 1878 2228 sed
1905 2181 1960 2228 et
1983 2173 2218 2246 gratuita
2249 2190 2471 2230 munera
2500 2177 2701 2247 pariter
2734 2177 2998 2242 obtulere,
3024 2176 3225 2246 qualia,
3249 2176 3359 2229 vir-

1794 2267 2097 2338 ginitatem,
2129 2267 2456 2334 castitatem,
2483 2269 2718 2338 in0piani
2753 2269 3018 2324 omnium.
3061 2267 3183 2322 llaec
3211 2267 3358 2322 enim

1785 2376 1910 2428 quae
1958 2375 2065 2414 non
2115 2361 2539 2430 prmeipiuntur,
2571 2362 2616 2416 si
2659 2361 2973 2423 oll‘erantur,
3022 2359 3162 2414 dona
3209 2369 3356 2414 sunt.

1781 2449 1966 2523 Neque
1992 2452 2134 2506 enim
2155 2453 2413 2522 cuiquam
2447 2454 2690 2507 omnium
2723 2453 3011 2524 aliquando
3035 2462 3358 2523 praeceptum

1783 2557 1866 2600 est
1913 2560 1980 2598 ne
2012 2561 2236 2600 uxorem
2275 2546 2460 2612 ducat,
2517 2563 2583 2600 ne
2625 2547 2762 2602 ﬁlios
2806 2556 3041 2616 generet.
3074 2544 3186 2600 Non
3233 2548 3360 2600 item

1784 2636 1993 2706 cogitur
2033 2637 2319 2707 quisquam
2363 2653 2460 2692 sua
2509 2639 2817 2691 venundare
2851 2647 2904 2692 et
2951 2638 3081 2692 dare
3108 2639 3363 2707 pauperi-

1786 2729 1907 2784 bus.
1943 2727 2074 2782 Nam
2118 2744 2243 2783 cum
2271 2729 2612 2800 legisperitus
2649 2731 2738 2784 ille
2763 2731 2828 2786 ad
2874 2729 3153 2785 hominum
3186 2731 3363 2784 venis-

1787 2829 1868 2875 set
1915 2819 2148 2874 dicens:
2182 2818 2422 2885 Domine,
2460 2819 2585 2890 quid
2624 2820 2864 2887 faciendo
2905 2820 3060 2873 vitam
3112 2828 3361 2873 wternam

1785 2910 2054 2978 possidebo
2075 2912 2102 2965 1'
2135 2911 2411 2981 reapondit
2442 2911 2508 2966 de
2538 2912 2818 2982 preci-ptis
2858 2929 2872 2965 :
2907 2909 3028 2964 Non
3075 2911 3364 2973 homicida,

1787 3017 1888 3054 non
1919 3000 2026 3070 fur,
2060 3017 2162 3054 non
2215 3001 2425 3055 adulter
2455 3010 2586 3066 esto,
2623 3017 2724 3054 non
2763 3001 2998 3068 iniquum
3038 3001 3171 3070 feres
3214 2999 3362 3052 testi-

1789 3093 2018 3144 monium
2048 3091 2309 3148 adversus
2327 3092 2635 3163 proximum
2670 3101 2820 3147 tuum
2846 3111 2860 3148 :
2890 3101 2943 3148 et
2971 3108 3090 3163 quae
3112 3107 3351 3160 sequun-

118 3170 230 3236 δὸς
263 3174 538 3242 πτωχοῖς,
578 3174 676 3228 καὶ
710 3175 780 3228 τὰ
809 3175 957 3246 ἑξῆς.
1007 3176 1140 3229 Ἰδοὺ
1162 3177 1263 3230 ούκ
1293 3171 1415 3230 εἶπε
1449 3195 1464 3208 ο
1501 3176 1688 3248 Πὼλη-

1789 3192 1896 3237 tIr.
1927 3181 2304 3252 ltespondente
2339 3183 2532 3238 exinde
2564 3182 2678 3244 illo,
2700 3183 2841 3252 quod
2869 3186 2979 3236 lucc
3021 3183 3196 3235 omnia
3222 3197 3254 3234 a
3271 3181 3360 3250 ju-

120 3261 218 3314 σόν
254 3279 346 3316 σου
388 3264 700 3335 ὑπάρχοντα
736 3265 811 3327 ὡς
848 3265 1249 3335 ἐντελλόμενος,
1297 3266 1414 3320 ἀλλ’
1449 3267 1526 3332 ὡς
1557 3285 1690 3339 συμ-

119 3352 414 3409 ϐουλεύων.
445 3355 519 3408 Τὸ
539 3356 645 3426 γὰρ
679 3358 869 3418 εἰπεῖν,
906 3358 974 3410 El
1012 3356 1229 3422 θέλεις,
1269 3359 1368 3411 ούκ
1403 3359 1551 3412 ἐστιν
1599 3363 1686 3412 ὲν-

120 3446 468 3518 τελλομένου,
493 3447 606 3500 ἀλλ’
634 3447 710 3511 ὡς
745 3448 1221 3517 συμϐουλεύοντος.

1795 3280 1998 3324 uentute
2035 3286 2132 3324 sua
2177 3271 2515 3335 observasset,
2549 3271 2729 3326 intulit
2754 3270 2918 3342 379
2947 3292 2958 3325 :
2985 3269 3043 3325 Si
3084 3272 3160 3325 vis
3190 3270 3360 3340 perfe-

1794 3376 1907 3418 ctus
1933 3379 2066 3427 esse,
2103 3362 2232 3416 vade
2255 3372 2304 3416 et
2328 3363 2482 3418 vende
2503 3365 2679 3417 omnia
2708 3380 2824 3432 qua:
2853 3362 3029 3429 habes,
3057 3372 3105 3417 et
3129 3363 3199 3415 da
3228 3377 3362 3427 pau-

1801 3453 2032 3525 peribus,
2068 3462 2118 3507 et
2167 3454 2281 3507 veni
2322 3470 2530 3524 sequere
2562 3470 2662 3508 me.
2690 3453 2806 3509 Non
2855 3454 3008 3518 dixit,
3041 3452 3211 3508 vende
3236 3469 3358 3508 om-

123 3540 218 3594 nia
247 3554 370 3608 quae
421 3540 611 3605 habes,
657 3548 916 3608 tanquam
965 3540 1260 3608 imperans,
1302 3541 1394 3594 sed
1440 3549 1696 3612 tanquam
1742 3543 2052 3600 consulens.
2084 3542 2220 3597 Illud
2254 3545 2420 3608 enim,
2457 3543 2505 3597 si
2566 3543 2663 3605 vis.
2717 3541 3046 3599 consulentis
3081 3551 3184 3608 est,
3249 3557 3363 3596 non

122 3631 466 3702 imperantis.

196 3725 300 3775 IA'.
341 3720 535 3785 Καθὼς
563 3715 656 3776 οῦν
695 3721 941 3792 εἴπομεν,
976 3724 1358 3792 προσήνεγκαν
1389 3724 1439 3776 oi
1477 3724 1689 3795 Πάτρες

1862 3719 1955 3776 ΧῙ.
2000 3718 2325 3776 Obtulerunt
2355 3720 2518 3792 igitur
2544 3720 2734 3776 Patres
2775 3718 2946 3774 nostri
2979 3718 3087 3774 Deo
3107 3734 3230 3774 cum
3259 3735 3362 3774 ca:-

122 3813 205 3884 τῷ
250 3813 388 3883 Θεῷ,
430 3814 565 3884 πρὸς
595 3816 715 3876 ταῖς
740 3813 927 3876 ἄλλαις
968 3815 1213 3883 ἀρεταῖς,
1243 3814 1392 3886 δῶρα
1430 3816 1526 3886 τήν
1549 3834 1689 3888 παρ-

1796 3815 1928 3869 teris
1953 3815 2246 3870 virtutibus
2273 3825 2326 3869 et
2349 3814 2512 3880 dona,
2541 3814 2722 3884 qualia
2741 3813 3108 3884 prandiximus,
3139 3812 3363 3882 virgini-

125 3906 307 3961 θενίαν
341 3913 436 3960 καὶ
473 3905 573 3976 τὴν
605 3906 1013 3976 άκτημοσύνην,
1048 3908 1163 3970 καὶ,
1211 3906 1394 3970 καθὼς
1426 3909 1688 3981 προείπο-

128 4013 255 4068 μεν,
305 3996 657 4067 ἐσταύρωσαν
686 3999 894 4058 ἑαυτοῖς
920 3997 1012 4050 τδν
1049 3998 1272 4069 κόσμον,
1303 4000 1396 4052 καὶ
1431 3999 1694 4068 ἡγώνιζον

122 4088 190 4141 τὸ
224 4087 426 4148 λοιπὸν,
475 4087 559 4140 ἵνα
596 4087 688 4139 καὶ
725 4087 948 4150 ἑαυτοὺς
978 4086 1056 4157 τῷ
1095 4089 1283 4158 κόσμῳ
1308 4088 1686 4160 σταυρώσωσι,

124 4179 312 4243 καθὼς
345 4180 490 4246 λέγει
517 4181 546 4232 ό
588 4179 943 4242 Ἀπόστολος·
992 4179 1146 4248 Ἐμοί
1189 4182 1416 4249 κόσμος
1470 4182 1694 4236 ἐσταύ-

114 4289 322 4340 ρωται,
361 4271 522 4340 κάγὼ
543 4270 624 4335 τῷ
665 4273 885 4339 κόσμῳ.
927 4271 1021 4336 Τίς
1059 4267 1152 4325 οὖν
1206 4273 1239 4341 ἡ
1299 4272 1565 4345 διαφοράς
1637 4273 1696 4328 '0

126 4365 336 4434 κόσμος
375 4364 704 4435 σταυροῦται
728 4363 806 4434 τῷ
838 4363 1131 4447 ἀνθρώπῳ(
1177 4364 1253 4417 ὅτ’
1288 4364 1354 4418 ἂν
1401 4365 1697 4419 ἀποτάσσεο

123 4474 220 4508 ται
255 4455 537 4524 ἄνθρωπος
571 4453 649 4524 τῷ
705 4453 894 4524 κόσμῳ
921 4467 942 4488 ο
980 4455 1073 4506 καὶ
1107 4453 1266 4524 δῆθεν
1309 4453 1539 4527 μονάζῃ,
1601 4455 1695 4508 καὶ

124 4547 329 4615 ἀφήσει
396 4546 593 4614 γονεῖς,
647 4545 924 4614 χρήματα,
960 4545 1232 4616 κτήματα,
1286 4546 1691 4616 ¹πραγματείας,

127 4635 476 4706 δοσοληψίας,
504 4637 623 4690 τότε
659 4634 984 4705 σταυροῦται
1017 4635 1166 4707 αύτῷ
1197 4637 1225 4688 ό
1243 4635 1443 4704 κόσμος
1472 4652 1488 4668 ο
1515 4637 1693 4707 ἀφῆκε

127 4731 242 4798 γὰρ
286 4728 478 4780 αὐτόν·
516 4728 611 4779 ἰαὶ
651 4727 809 4780 τοῦτό
865 4728 1015 4780 ἐστιν
1077 4728 1106 4780 ὃ
1153 4726 1301 4796 λέγει
1342 4727 1369 4778 ὁ
1439 4728 1696 4782 Ἀπόστο-

1798 3918 1984 3973 tatem,
2017 3909 2275 3980 inopiam,
2296 3918 2350 3964 et
2379 3909 2642 3962 mundum
2667 3907 2769 3963 sibi
2799 3907 2900 3978 ipsi
2939 3921 3153 3961 omnem
3186 3906 3362 3960 cruci-

1794 4001 1982 4063 tixere,
2026 4014 2089 4054 ac
2117 4001 2370 4069 deinceps
2413 3998 2740 4054 studuerunt
2779 4006 2839 4052 ut
2877 4012 2936 4053 se
2966 4000 3110 4068 Ipsos
3146 4011 3363 4066 quoque

1790 4103 1844 4147 et
1863 4092 2062 4146 mundo
2081 4091 2484 4160 crnciligerent;
2507 4087 2958 4160 quemadmodum
2977 4087 3108 4142 dicit
3130 4087 3361 4158 Aposto-

1795 4186 1879 4239 lus
1918 4184 2094 4238 :Mihi
2121 4185 2344 4238 mundus
2381 4183 2666 4252 cruciﬁxus
2704 4191 2806 4247 est,
2846 4191 2895 4236 et
2939 4196 3030 4251 ego
3075 4182 3268 4234 mundo
3311 4181 3357 4236 ³.

1793 4277 1929 4341 Quid
1979 4277 2141 4347 igitur
2183 4277 2363 4332 dill'ert
2386 4275 2699 4346 cruciﬁgere
2751 4275 2853 4330 sibi
2888 4274 2989 4344 ipsi
3019 4274 3277 4328 mundum
3305 4281 3362 4327 et

1798 4368 2000 4423 mundo
2028 4368 2312 4439 cruciﬁgi‘l
2340 4367 2573 4423 Mundus
2621 4366 2822 4421 homini
2855 4365 3207 4435 cruciﬁgitur,
3234 4379 3358 4419 cum

1803 4456 2006 4510 mundo
2039 4455 2385 4510 abrenuntiat
2421 4455 2608 4516 homo,
2651 4463 2705 4508 et
2733 4453 2927 4508 exmde
2968 4451 3243 4508 solitarius
3277 4451 3358 4517 ﬁt,

1796 4546 2001 4601 relictis
2038 4546 2369 4616 parentibus,
2421 4544 2875 4614 possessionibus,
2925 4543 3091 4614 agris,
3123 4543 3361 4612 negotia-

1794 4637 2052 4701 tionibus,
2091 4653 2272 4691 rerum
2321 4636 2498 4707 copia.
2537 4635 2884 4706 Cruciilgitur
2925 4635 3068 4688 enim
3098 4633 3170 4688 illi
3204 4650 3362 4689 mun-

1795 4727 1918 4789 dus,
1955 4725 2078 4795 quia
2106 4725 2303 4782 deserit
2328 4740 2450 4802 eum
2485 4734 2577 4780 :et
2625 4726 2726 4781 hoc
2759 4735 2839 4780 est
2883 4723 3236 4794 apostolicum
3277 4725 3361 4779 di-

127 4820 242 4880 λος,
291 4816 442 4886 Ἐμοὶ
502 4817 730 4886 κόσμος
787 4817 1165 4884 ἐσταύρωται.
1238 4815 1374 4871 Εἶτα
1453 4817 1689 4884 ἐπάγει,

1798 4832 1941 4872 etum
1969 4835 1981 4870 :
2004 4815 2133 4870 Mihi
2153 4816 2374 4870 mundus
2401 4816 2687 4884 cruciﬁxus
2710 4827 2806 4870 est.
2833 4813 3122 4884 Sulijungit
3147 4815 3357 4874 deinde.

328 4906 405 4974 τῷ
434 4908 658 4976 κόσμῳ.
705 4907 828 4972 [Ιῶς
857 4907 1042 4960 λοιπὸν
1074 4907 1396 4978 σταυροῦται
1428 4908 1457 4960 6
1482 4907 1693 4979 ἄνθρω-

1799 4917 1847 4959 et
1877 4920 1969 4974 ego
1990 4905 2203 4958 mundo.
2227 4903 2346 4970 Quo
2382 4911 2540 4973 pacto
2565 4901 2900 4971 cruciﬁgitur
2928 4901 3088 4954 homo
3119 4897 3362 4953 mundo?

290 4999 366 5070 τῷ
399 4999 626 5069 κόσμῳ;
657 4999 772 5052 Ὅτ⁹
800 4999 867 5052 ἂν
899 4997 1037 5069 μετὰ
1077 4997 1176 5070 τὴν
1213 4976 1535 5066 -ἀπαλλαγὴν
1585 4976 1689 5051 τῶν

1797 4994 1930 5050 Cum
1974 4995 2180 5049 scilicet
2213 4995 2303 5049 ubi
2340 5009 2406 5048 ex
2438 4995 2626 5049 mundi
2659 4992 2820 5046 rebus
2851 4976 3165 5054 excesserit,
3190 4997 3362 5044 certat

131 5092 243 5156 ἔξω
278 5092 614 5160 πραγμάτων
647 5087 974 5156 ἀγωνίζεται
1034 5088 1130 5141 καὶ
1170 5089 1303 5160 πρὸς
1348 5089 1516 5151 αὐτὰς
1595 5089 1689 5150 τὰς

1797 5088 2053 5142 adversus
2083 5102 2260 5143 rerum
2294 5085 2782 5156 concupiscentias,
2825 5084 3082 5138 adversus
3112 5081 3361 5151 volupta-

131 5182 352 5254 ἡδονὰς,
389 5181 523 5252 πρὸς
553 5180 720 5243 αύτὲς
751 5179 851 5244 τὰς
878 5179 1174 5250 ἐπιθυμίας
1201 5179 1306 5232 τῶν
1337 5179 1689 5251 πραγμάτων,

1801 5188 1898 5239 tas.
1932 5178 2191 5234 adversus
2229 5177 2500 5247 propriam
2540 5177 2889 5239 voluntatem,
2939 5173 3246 5244 subigitque
3274 5171 3360 5225 in-

133 5278 234 5328 γαὶ
261 5274 394 5343 πρὸς
441 5274 510 5326 τά
558 5272 838 5342 θελήματα
875 5270 1061 5337 αὑτοῦ,
1091 5271 1354 5342 νεκρὼσει
1409 5271 1478 5326 τά
1545 5273 1689 5340 πάθη

1805 5281 1960 5322 natas
1999 5270 2274 5337 passiones
2301 5278 2355 5322 et
2383 5269 2530 5322 vitia.
2564 5266 2719 5322 Tunc
2765 5281 2888 5321 vere
2927 5264 3127 5318 mundo
3147 5261 3360 5318 cruciﬁ-

133 5363 305 5422 αὑτοῦ
335 5381 348 5394 ·
389 5365 510 5416 τότε
540 5347 634 5416 καὶ
663 5363 823 5426 αὐτὸς
870 5361 1194 5430 σταυροῦται
1240 5363 1318 5431 τῷ
1346 5363 1534 5434 κόσμῳ
1561 5407 1575 5430 ,
1597 5365 1689 5418 καὶ

1802 5360 1964 5430 gitur,
1992 5369 2121 5415 tunc
2147 5361 2339 5415 merito
2373 5367 2545 5428 potest
2575 5374 2698 5415 cum
2726 5357 2982 5429 Apostolo
3003 5356 3181 5411 dicere
3205 5371 3220 5408 :
3249 5352 3354 5406 Mi-

134 5455 402 5522 ἁξιοῦται,
429 5454 565 5507 κατὰ
603 5455 694 5506 τὸν
733 5453 1072 5520 Ἀπόστολον,
1137 5455 1311 5507 εἰπεῖν
1374 5456 1452 5521 τὸ,
1538 5455 1689 5526 Ἐμοί

1801 5454 1853 5506 hi
1891 5453 2114 5508 mundus
2150 5453 2428 5523 cruciﬁxus
2455 5461 2554 5518 est,
2583 5461 2632 5507 et
2677 5467 2768 5524 ego
2809 5451 3025 5506 mundo.
3055 5447 3238 5503 Patres
3267 5445 3361 5518 igi-

219 5631 238 5670 τ
270 5628 576 5691 Matth.m,
614 5629 795 5684 lii-3|.
874 5628 1089 5683 gGalat.
1135 5643 1210 5691 Vt,
1264 5630 1348 5682 ii.

214 5794 232 5822 '
257 5793 380 5864 Leg.
430 5794 707 5866 ἀκτήμοσύ
