4188 6438
739 397 871 465 1631

1922 397 1984 457 S.
2018 393 2404 458 DOROTHEI
2450 393 2767 453 ABBATIS

3841 390 3992 454 163?.

735 527 828 574 tur
866 517 1034 573 sancti
1070 486 1124 570 et
1152 514 1388 585 majores
1415 513 1585 568 nostri
1609 513 1709 568 Sibi
1735 512 1864 582 ipsis
1891 512 2153 565 mundum
2179 527 2304 565 cru-

2427 512 2632 577 ιὸσμος
2682 507 3068 575 ἐσταύρωται,
3119 507 3277 576 κάγὼ
3302 507 3382 574 τῷ
3407 510 3629 576 κόσμῳ.
3661 511 3724 561 Οἱ
3764 510 3992 578 Πάτρες

737 611 1034 680 ciligentes,
1069 624 1166 677 per
1185 609 1320 662 dura
1361 606 1654 661 certamina
1703 620 1820 661 sese
1847 619 2063 674 quoque
2103 603 2306 657 mundo

741 701 1084 756 cruciﬁxere.
1119 697 1231 754 Nos
1267 713 1394 753 vero
1445 698 1694 752 videmur
1724 696 1944 766 quidem
1996 693 2152 750 nobis
2177 693 2310 763 ipsis

741 791 1002 849 mundum
1043 793 1404 857 cruciﬁxisse,
1447 791 1573 861 quia
1616 790 1935 859 reliquimus
1985 803 2110 843 eum
2167 797 2220 842 et
2241 785 2310 840 ad

740 885 1127 940 monasterium
1169 884 1484 939 divertimus
1514 900 1529 950 ;
1565 892 1619 936 at
1675 882 1928 936 nolumus
1973 878 2174 935 mundo
2213 893 2313 934 nos

739 979 1080 1046 cruciﬁgere.
1111 977 1302 1031 Adhuc
1344 978 1487 1030 enim
1519 977 1571 1029 in
1599 975 1781 1029 animo
1816 983 2004 1028 nostro
2041 973 2221 1042 vigent
2245 971 2310 1026 il-

741 1065 846 1120 lius
874 1065 1145 1121 blanditia:
1177 1083 1192 1120 :
1222 1067 1400 1120 adhuc
1447 1066 1500 1118 in
1529 1064 1684 1119 nobis
1716 1063 1888 1132 ipsius
1918 1061 2165 1116 allectum
2188 1062 2314 1116 abs-

740 1157 1027 1212 condimus
1066 1174 1080 1211 :
1120 1157 1482 1224 compatimur
1526 1154 1670 1210 illius
1721 1152 1921 1223 glorias,
1957 1152 2316 1222 compatimur

741 1248 956 1303 deliciis
979 1257 1034 1303 et
1071 1248 1461 1317 voluptatibus,
1512 1248 1874 1316 compatimur
1898 1243 2232 1298 ornamentis
2262 1251 2317 1298 et

742 1339 1061 1406 vestibus,et
1081 1342 1148 1393 ob
1169 1341 1298 1394 viles
1314 1350 1368 1394 et
1389 1339 1572 1394 inanes
1588 1353 1672 1391 res
1691 1337 1986 1391 delabimur
2003 1335 2316 1406 plerumque

743 1429 798 1500 in
839 1430 1093 1498 pristinas
1128 1430 1248 1500 ejus
1275 1430 1572 1498 passiones.
1606 1427 1662 1482 Si
1693 1429 1829 1483 forte
1868 1426 2055 1481 fabrile
2100 1425 2317 1494 aliquod

744 1517 1162 1573 instrumentum
1191 1520 1472 1590 pulchrmn
1509 1518 1693 1584 fuerit,
1725 1519 2012 1573 immodice
2037 1517 2127 1571 illo
2149 1516 2317 1571 allici-

745 1621 975 1676 mur,et,
1003 1622 1061 1666 ut
1085 1613 1223 1666 dixit
1251 1613 1416 1666 abbas
1439 1612 1704 1679 Zosimas,
1727 1610 2088 1682 permittimus
2116 1608 2316 1664 utillud

747 1684 1168 1757 instrumentnm
1204 1704 1298 1756 ﬁat
1318 1703 1479 1758 ’nobis
1509 1707 1626 1757 loco
1643 1702 1956 1758 centenarii.
2009 1700 2162 1766 Quod
2188 1714 2320 1754 sane

745 1795 963 1850 nonnisi
988 1811 1051 1850 ex
1097 1795 1329 1849 amentia
1353 1796 1518 1850 multa
1571 1794 1828 1864 provenit,
1861 1803 1922 1847 ut
1941 1793 2034 1862 qui
2057 1793 2320 1861 pretiosas

2407 599 2586 669 ἡμῶν,
2630 598 2812 661 καθὼς
2839 599 3087 668 εἴπομεν,
3148 599 3564 670 σταυρώσαντες
3623 601 3840 663 ἑαυτοῖς
3895 602 3996 651 τὸν

2408 693 2641 761 κόσμον,
2675 691 3017 745 ἐσπούδασαν
3063 691 3136 744 δι’
3179 691 3428 760 ἀγώνων,
3487 695 3584 747 καὶ
3624 693 3998 764 ἐσταύρωσαν

2409 784 2632 846 ἑαυτοὺς
2661 783 2742 853 τῷ
2776 784 2988 855 κόσμῳ.
3030 783 3224 854 Ἡμεῖς
3255 784 3355 855 μὲν
3403 785 3665 854 ἐδόξαμεν
3705 787 3997 854 σταυροῦν

2409 876 2624 939 ἑαυτοῖς
2660 875 2752 928 τὸν
2779 875 3008 944 κόσμον,
3037 877 3120 928 ὅτι
3148 877 3444 948 ἀφήκαμεν
3492 878 3654 932 αὑτὸν
3678 879 3775 932 καὶ
3818 878 3996 948 ἦλθο-

2414 985 2514 1038 μεν
2564 969 2644 1031 είς
2712 967 2775 1021 τὸ
2841 969 3226 1038 μοναστήριον,
3303 970 3529 1034 ἑαυτοὺς
3584 971 3716 1023 δὀὔ
3754 970 3998 1038 θέλομεν

2412 1059 2726 1130 σταυρῶσαι
2756 1059 2834 1131 τῷ
2880 1060 3104 1131 κόσμῳ·
3137 1061 3218 1114 ἔτι
3271 1061 3384 1132 γὰρ
3431 1060 3627 1130 ἔχομεν
3655 1061 3753 1124 τὰς
3786 1064 3995 1132 ἡδονὰς

2411 1149 2601 1215 αὐτοῦ,
2625 1150 2809 1222 ἀκμὴν
2852 1150 3050 1222 ἔχομεν
3075 1151 3174 1215 τάς
3188 1153 3564 1222 προσπαθείας
3594 1153 3784 1212 αὐτοῦ,
3812 1171 3994 1224 προσ-

2412 1242 2694 1312 πάσχομεν
2727 1245 2794 1314 τῇ
2846 1242 2973 1314 δόξῃ
3003 1242 3191 1309 αὐτοῦ,
3227 1244 3658 1314 προσπάσχομεν
3693 1245 3998 1316 βρώμασιν

2413 1335 2670 1405 ἱματίοις.
2732 1334 3044 1405 Ἐργαλεῖον
3106 1336 3271 1390 καλὸν
3319 1336 3387 1390 ἂν
3437 1333 3494 1411 ᾖ,
3552 1340 3997 1409 προσπάσχομεν

2413 1426 2581 1496 αὐτῷ,
2639 1427 2736 1480 καὶ
2773 1427 3018 1496 άφοῦμεν
3085 1427 3148 1480 τὺ
3205 1429 3400 1499 μικρὸν
3449 1430 3732 1501 ἐργαλεῖον
3791 1432 3998 1500 ἐκείνῳ

2414 1521 2641 1588 ποιῆσαι
2689 1520 2746 1570 ἐν
2781 1521 2936 1588 ἡμῖν,
2965 1520 3042 1584 ὡς
3088 1513 3242 1574 εἶπεν
3288 1524 3316 1574 ό
3365 1521 3539 1586 άϐϐᾶς
3570 1526 3851 1592 Ζωσιμᾶε,
3900 1527 3997 1576 καὶ

2415 1609 2674 1679 ἐδόξαμεν
2730 1607 2968 1676 ἐξελθεῖν
3017 1609 3113 1662 τοῦ
3205 1611 3434 1680 κόσμου,
3492 1612 3586 1664 καὶ¹
3645 1615 3874 1682 ἀφεῖναι
3929 1615 3997 1664 τὰ

2416 1698 2602 1763 αὐτοῦ,
2642 1699 2738 1753 καὶ
2787 1698 3059 1769 ἐρχόμεθα
3096 1701 3176 1763 είς
3223 1699 3284 1752 τὸ
3331 1703 3708 1774 μοναστήριον,
3771 1703 3871 1754 καὶ
3930 1701 3999 1754 δι’

2415 1789 2646 1843 εὐτελῶν
2698 1790 3035 1861 πραγμάτων
3086 1790 3399 1863 πληροῦμεν
3454 1793 3554 1864 τὴν
3610 1795 3999 1866 προσπάθειαν

745 1902 810 1940 ac
830 1901 1052 1956 magnas
1071 1901 1155 1940 res
1170 1873 1590 1956 reliquimus,ob
1610 1885 1864 1940 minimas
1879 1878 2166 1953 plurimum
2195 1898 2319 1953 per-

2427 1881 2582 1936 αὑτοῦ
2612 1896 2628 1912 ⁶
2671 1882 2831 1935 τοῦτο
2855 1882 2912 1936 δὲ
2969 1883 3250 1955 πάσχομεν
3279 1885 3387 1938 ἀπὸ
3414 1885 3614 1956 πολλῆς
3648 1888 3997 1956 ἀφροσύνης,

746 1976 1046 2032 turbentur.
1069 1975 1258 2047 Fitque
1286 1975 1336 2031 id
1360 1992 1390 2030 a
1410 1975 1567 2031 nobis
1588 1976 1839 2046 pessime.
1864 1970 1936 2028 Ut
1957 1971 2100 2028 enim
2118 1971 2320 2027 mundo

747 2077 802 2124 ct
843 2069 1003 2124 rebus
1042 2069 1160 2138 ejus
1185 2068 1629 2124 abrenuntiamns
1657 2086 1671 2123 :
1701 2067 1776 2122 ita
1802 2075 1856 2121 et
1883 2065 2128 2136 pristinis
2153 2063 2292 2118 illius

749 2158 1094 2226 passionibus
1112 2159 1489 2215 abrenuntiare
1511 2159 1770 2214 debetnus
1791 2176 1805 2211 :
1832 2158 2040 2212 discere
2054 2157 2180 2211 item
2197 2170 2319 2226 qua:

749 2263 875 2303 vera
910 2251 983 2305 sit
1009 2251 1429 2317 abrenuntiatio,
1471 2261 1523 2307 et
1547 2251 1613 2304 ad
1637 2250 1762 2320 quid
1801 2248 2028 2320 profecti
2059 2249 2231 2305 simus
2258 2249 2314 2302 in

753 2341 1141 2394 monasterium
1170 2359 1185 2396 :
1218 2342 1456 2412 quidque
1475 2342 1630 2397 nobis
1649 2341 1836 2394 innuat
1859 2339 2075 2395 habitus
2106 2348 2307 2404 noster,

753 2438 918 2499 atque
963 2432 1038 2486 illi
1071 2448 1170 2488 nos
1215 2435 1469 2503 adaptare
1509 2443 1564 2488 et
1605 2432 1969 2500 conlormare,
2000 2440 2315 2501 certareque

753 2536 852 2592 pro
881 2525 1023 2578 virili
1050 2535 1221 2595 parte,
1253 2527 1328 2580 uti
1353 2535 1534 2595 patres
1558 2525 1751 2580 nostri.

2414 1975 2496 2028 ὅτι
2539 1975 2768 2044 ἀφέντες
2813 1976 3024 2045 μεγάλα
3079 1978 3175 2031 καὶ
3205 1977 3475 2049 πολύτιμα
3527 1980 3858 2051 πράγματα,
3915 1984 4001 2045 είς

2414 2067 2669 2137 ἐλάχιστά
2720 2085 2842 2120 τινα
2867 2067 3180 2141 πληροῦμεν
3206 2070 3276 2124 τὰ
3330 2071 3476 2143 πάθη
3503 2071 3680 2142 ήμῶν.
3718 2074 4000 2138 Ἕκαστος

2414 2159 2523 2232 γὰρ
2553 2159 2754 2232 ήμῶνὸ
2779 2155 2944 2231 εἶχεν,
2978 2163 3211 2233 ἀφῆκεν,
3240 2165 3269 2217 ό
3303 2162 3447 2233 ἔχων
3501 2165 3740 2234 μεγάλα,
3779 2165 3851 2219 τά
3901 2183 4000 2235 με·

2413 2252 2573 2320 γάλα,
2631 2252 2723 2305 καὶ
2768 2253 2798 2306 ό
2858 2251 2996 2321 ἔχων
3047 2253 3100 2305 εἰ
3135 2271 3190 2307 τι
3222 2253 3443 2326 δήποτε,
3480 2255 3573 2308 καὶ
3595 2255 3761 2318 αὐτὸς
3789 2255 3820 2308 ὃ
3849 2251 4000 2326 εἶχεν

2413 2342 2641 2412 ἀφῆκεν.
2662 2341 2892 2405 ἕκαστος
2913 2343 3052 2413 πρὸς
3079 2344 3182 2416 τὴν
3231 2343 3458 2415 δύναμιν
3488 2345 3676 2411 αὐτοῦ,
3704 2349 3805 2398 καὶ
3835 2346 3999 2417 ἐρχό-

2419 2434 2559 2504 μεθα
2603 2435 2683 2498 εἰς
2727 2435 2790 2486 τὸ
2842 2437 3240 2508 μοναστήριον,
3306 2441 3399 2492 καὶ
3435 2440 3620 2502 καθὼς
3679 2437 3860 2500 εἶπον,
3934 2439 4002 2492 δι’

2417 2522 2648 2576 εὐτελῶν
2697 2526 3064 2596 πραγμάτων,
3099 2527 3193 2580 καὶ
3256 2529 3608 2602 μηδαμηνῶν,
3676 2530 4005 2602 πληροῦμεν

753 2613 858 2688 τὴν
904 2619 1278 2688 προσπάθειαν
1349 2618 1526 2689 ἡμῶν.
1575 2619 1689 2672 Οὐκ
1745 2615 2029 2688 ὀφείλομεν
2068 2614 2127 2668 δὲ
2167 2614 2340 2680 οὕτως
2384 2619 2556 2670 ποιεῖν
2585 2633 2598 2646 ·
2629 2617 2745 2670 ἀλλ’
2771 2618 2958 2690 ὥσπερ
2988 2621 3374 2692 άπεταξάμεθα
3398 2623 3478 2693 τῷ
3506 2624 3696 2694 κόσμῳ
3733 2625 3834 2677 καὶ
3888 2625 4006 2685 τοῖς

757 2707 1075 2778 πράγμασιν
1122 2711 1308 2777 αὺτοῦ,
1359 2709 1532 2774 οὕτως
1588 2709 1873 2778 ὀφείλομεν
1924 2706 2021 2763 καὶ
2081 2707 2217 2778 αὐτῇ
2259 2709 2328 2777 τῇ
2381 2708 2724 2780 προσπαθείᾳ
2782 2712 2850 2782 τῇ
2911 2713 3042 2781 περὶ
3106 2712 3205 2777 τὰς
3253 2711 3384 2776 ὔλας
3443 2714 3837 2779 ἀποτάξασθαι,
3910 2729 4009 2778 καὶ

753 2799 953 2853 εἰδέναι
1015 2802 1068 2854 τί
1123 2803 1274 2856 ἐστιν
1332 2801 1468 2874 αὕτη
1521 2805 1554 2872 ὴ
1608 2801 1883 2871 άποταγὴ,
1939 2801 2035 2854 καὶ
2080 2798 2170 2852 διά
2218 2800 2272 2852 τί
2303 2798 2537 2870 ἤλθομεν
2584 2803 2664 2864 είς
2689 2799 2752 2855 τὸ
2797 2805 3180 2876 μοναστήριον,
3229 2806 3323 2859 καὶ
3364 2805 3418 2858 τί
3460 2807 3576 2860 ἐστι
3627 2808 3690 2859 τὸ
3745 2807 3944 2878 σχῆμα
3979 2809 4009 2860 ὂ

755 2891 1127 2964 λαμϐάνομεν,
1170 2896 1266 2948 καὶ
1329 2896 1468 2967 πρός
1505 2896 1668 2950 αὑτὸν
1700 2895 2054 2967 καταρτίζειν
2077 2892 2326 2958 ἑαυτοὺς,
2383 2896 2478 2950 καὶ
2534 2894 2898 2966 ἀγωνίζεσθαι
2956 2898 3097 2951 κατὰ
3128 2911 3255 2962 τους
3288 2898 3530 2969 πατέρας
3573 2899 3752 2970 ήμῶν.

824 3031 938 3087 XII.
975 3031 1200 3088 Habitus
1225 3042 1404 3088 noster
1447 3033 1492 3087 is
1517 3043 1599 3088 est
1625 3051 1640 3087 :
1673 3033 1882 3088 Tunica
1913 3033 2118 3103 absque
2146 3033 2317 3087 mani-

2486 3034 2586 3088 IB'.
2622 3035 2698 3090 Τὸ
2729 3037 2916 3106 σχῆμα
2946 3037 2976 3090 ὃ
3002 3035 3300 3107 φοροῦμεν.
3329 3035 3576 3090 κολόϐιόν
3605 3037 3748 3100 ἐστι,
3777 3035 3855 3108 μὴ
3882 3036 4016 3106 ἔχον

756 3124 871 3188 cis,
905 3132 961 3177 et
1003 3137 1136 3177 zona
1171 3124 1392 3192 pellicea
1416 3164 1432 3189 ,
1485 3124 1768 3188 analabus,
1798 3133 1853 3178 et
1897 3125 2165 3180 cucullus.
2201 3123 2326 3180 Haec

758 3222 940 3268 autem
980 3213 1134 3283 signa
1163 3222 1289 3268 sunt
1311 3213 1515 3268 omnia.
1545 3215 1591 3267 A
1635 3216 1793 3270 nobis
1823 3215 1984 3285 igitur
2018 3216 2329 3285 perdiscenv

759 3307 890 3361 dum
922 3315 1026 3368 est,
1057 3304 1189 3374 quid
1235 3305 1350 3360 haec
1391 3305 1607 3360 habitus
1635 3307 1807 3360 nostri
1837 3306 1990 3376 signa
2019 3322 2128 3376 prae
2153 3321 2212 3363 se
2251 3307 2331 3360 fe-

761 3405 906 3452 rant.
959 3394 1030 3451 Ut
1058 3395 1192 3466 quid
1232 3406 1410 3452 autem
1456 3398 1692 3452 tunicam
1723 3397 1962 3453 feramus
1988 3398 2191 3469 absque
2217 3413 2332 3453 tna-

763 3486 928 3554 nieis,
970 3503 1092 3542 cum
1124 3496 1316 3544 caetera
1347 3505 1575 3560 qumque
1605 3491 1845 3545 manicas
1893 3490 2164 3544 habeant?
2190 3489 2332 3556 Quid

763 3579 1007 3634 manicas
1026 3594 1134 3634 non
1151 3579 1450 3645 habemus?
1469 3581 1694 3636 manicae
1714 3583 1866 3651 signa
1887 3590 2014 3636 sunt
2036 3596 2293 3635 manuum
2314 3599 2329 3635 :

765 3686 962 3727 manus
1023 3683 1201 3727 autem
1251 3673 1316 3727 ad
1347 3673 1618 3743 practicen
1654 3673 1943 3744 pertinent.
1994 3674 2130 3729 Cum
2175 3674 2335 3744 igitur

765 3752 1007 3832 subrepit
1048 3763 1202 3819 nobis
1247 3764 1501 3831 cogitatio
1534 3765 1713 3833 aliqua
1751 3765 2010 3835 operandi
2053 3775 2107 3820 et
2144 3765 2333 3836 agendi

766 3851 1042 3921 quidpiam
1073 3867 1170 3922 per
1201 3854 1413 3923 pristini
1441 3854 1675 3909 hominis
1703 3870 1919 3918 manus,
1950 3863 2134 3926 utpote
2165 3855 2335 3910 furari

768 3941 855 3995 vel
892 3942 1196 4009 verberare,
1221 3954 1416 4013 atque,
1459 3953 1518 3998 ut
1543 3944 1720 4000 dicam
1770 3945 2022 4012 breviter,
2053 3957 2334 4015 peccatum

769 4028 989 4099 aliquod
1029 4037 1244 4098 patrare
1285 4029 1524 4099 c0gitas;
1570 4031 1917 4086 adven-tamus
1970 4040 2102 4087 tunc
2148 4033 2338 4088 oculos

770 4120 967 4176 mentis
989 4121 1055 4176 ad
1079 4121 1320 4176 habitum
1341 4130 1613 4189 nostrum,
1635 4123 2015 4194 discamusque
2038 4124 2228 4180 abesse
2258 4125 2337 4179 illi

771 4212 1036 4278 manicas,
1067 4213 1121 4268 id
1149 4225 1252 4279 est,
1276 4230 1384 4270 non
1419 4216 1620 4272 habere
1663 4231 1760 4272 nos
1793 4232 1986 4272 manus
2009 4216 2077 4271 ad
2107 4232 2339 4286 operan-

771 4302 899 4356 dum
929 4302 1207 4373 quidpiam
1240 4303 1456 4374 pristini
1485 4303 1742 4358 hominis.
1778 4301 1947 4357 Habet
1969 4312 2023 4358 et
2047 4303 2230 4358 tunica
2253 4303 2334 4358 si-

2430 3127 2682 3196 χειρίδια,
2713 3128 2807 3180 καὶ
2832 3127 2980 3198 ζώνη
3036 3128 3356 3199 δερματίνη,
3405 3129 3499 3182 καὶ
3550 3127 3846 3191 άνὰλαϐος,
3916 3132 4014 3183 καὶ

2431 3218 2765 3272 κουκούλιον.
2797 3219 2982 3273 Ταῦτα
3005 3220 3063 3272 δὲ
3096 3218 3342 3289 σύμϐολά
3373 3223 3488 3274 ἐστι
3511 3237 3526 3251 ·
3555 3221 3651 3274 καὶ
3711 3220 4016 3290 ὀφείλομεν

2436 3309 2627 3380 μαθεῖν
2656 3310 2712 3364 τί
2740 3311 3098 3381 σημαίνουσιν
3130 3313 3262 3381 ἡμῖν
3293 3310 3363 3364 τὰ
3395 3311 3640 3381 σύμϐολα
3677 3309 3776 3364 τοῦ
3817 3311 4013 3382 σώμα-

2433 3419 2522 3465 τος
2554 3402 2577 3433 ⁸
2609 3401 2783 3472 ἡμῶν.
2816 3404 2915 3456 Διὰ
2941 3403 2996 3455 τί
3023 3402 3299 3475 φοροῦμεν
3324 3402 3568 3456 κολόϐιον
3616 3401 3695 3472 μὴ
3723 3401 3853 3472 ἕχον
3901 3419 4011 3472 χει-

2438 3493 2579 3563 ρίδια
2603 3509 2618 3524 ·
2643 3493 2759 3574 τῶν.
2781 3493 2958 3548 ἄλλων
2986 3495 3224 3564 ἑχόντων
3278 3495 3497 3550 πάντων
3528 3494 3791 3565 χειρίδια,
3847 3497 4015 3564 ἡμεῖς

2435 3604 2525 3658 διὰ
2565 3605 2620 3658 τί
2647 3605 2750 3660 οὐκ
2791 3605 3030 3676 ἕχομενς
3083 3607 3164 3661 Τὰ
3212 3607 3466 3678 χειρίδια,
3493 3605 3740 3676 σύμϐολά
3769 3609 3880 3660 εἱσι
3905 3609 4017 3661 τῶν

2437 3697 2655 3771 χειρῶν.
2693 3698 2759 3752 Ai
2793 3698 2850 3751 δὲ
2886 3701 3066 3770 χεῖρες
3111 3698 3480 3770 λαμϐάνονται
3534 3700 3614 3762 είς
3668 3703 4014 3772 πρακτικήν.

2439 3791 2570 3845 Ὅτε
2601 3787 2695 3844 οὖν
2723 3790 2940 3862 ἔρχεται
2972 3791 3228 3862 λογισμὸς
3251 3791 3541 3864 ἐνεργῆσαί
3568 3809 3622 3846 τι
3645 3791 3736 3846 διὰ
3763 3792 3882 3845 τῶν
3907 3811 4019 3863 χει-

2444 3885 2550 3957 ρῶν
2609 3885 2704 3940 τοῦ
2749 3887 2981 3942 παλαιοῦ
3001 3888 3315 3960 ἀνθρώπου,
3351 3888 3553 3942 ὑπόθου
3581 3887 3785 3956 κλέψαι
3814 3890 3849 3958 ἢ
3909 3890 4018 3940 δεῖ·

2441 3993 2553 4049 ραι,
2580 3977 2614 4047 ἢ
2646 3978 2834 4042 άπλῶς
2858 3979 2978 4032 οταν
2995 3980 3195 4050 δήποτε
3219 3980 3495 4050 ἁμαρτίαν
3531 3979 3761 4048 ποιῆσαι
3787 3980 3882 4033 διὰ
3910 3979 4020 4033 τῶν

2441 4069 2657 4140 χειρῶν,
2685 4068 2975 4140 ὀφείλομεν
3005 4071 3290 4142 προσέχειν
3319 4069 3397 4141 τῷ
3425 4072 3665 4141 σχήματι
3688 4071 3874 4141 ἡμῶν,
3923 4073 4020 4124 καὶ

2443 4159 2656 4231 μαθεῖν,
2704 4161 2908 4215 ὅτιούκ
2941 4160 3138 4232 ἔχομεν
3164 4161 3394 4233 χειρίδια
3427 4179 3444 4195 ο
3496 4161 3641 4214 τοῦτ’
3691 4162 3868 4225 ἐστιν,
3919 4164 4022 4217 οὐκ

2441 4272 2638 4344 ἔχομεν
2673 4275 2858 4345 χεῖρας
2883 4272 2978 4327 τοῦ
3005 4274 3298 4345 ἐνεργῆσαί
3326 4293 3378 4328 τι
3405 4274 3499 4328 τοῦ
3528 4274 3764 4328 παλαιώ
3806 4275 4022 4347 ἀνθρὼ-

771 4365 1292 4463 gnum-purpureum
1317 4411 1332 4448 :
1355 4393 1508 4465 quid,
1535 4407 1657 4456 oro,
1680 4392 1732 4447 id
1758 4391 1956 4462 igitur?
1985 4392 2145 4446 habet
2172 4406 2319 4447 unus

2443 4385 2566 4422 που.
2617 4366 2772 4438 Ἔχει
2800 4367 2857 4421 δὲ
2879 4366 2943 4422 τὸ
2982 4367 3226 4422 κολόϐιον
3289 4365 3468 4439 ἡμῶν⁵
3494 4369 3591 4421 καὶ
3671 4369 3908 4438 σημεῖόν
3971 4370 4023 4422 τί

771 4482 1006 4550 quisque
1029 4481 1194 4552 380
1218 4483 1328 4552 regi
1364 4483 1604 4538 militans
1629 4496 1921 4552 purpuram
1955 4480 2010 4534 in
2053 4480 2174 4534 lena
2210 4495 2334 4534 sua.

776 4568 850 4623 Ex
877 4585 987 4639 quo
1010 4569 1152 4624 enim
1183 4585 1274 4624 res
1299 4586 1592 4641 purpuram
1613 4569 1755 4625 ferre
1780 4569 1966 4639 erepit,
1995 4582 2186 4622 omnes
2218 4567 2340 4637 ejus

775 4658 977 4715 milites
1019 4658 1218 4727 togulis
1246 4658 1363 4713 suis
1392 4672 1661 4728 purpurea
1709 4656 1863 4726 signa
1916 4670 2253 4726 apposuere:
2282 4662 2342 4708 ut

773 4765 842 4805 ex
859 4749 943 4804 his
960 4756 1214 4819 appareat
1229 4748 1405 4820 regios
1425 4764 1546 4804 sese
1563 4764 1706 4814 esse,
1725 4757 1780 4802 et
1801 4747 1912 4818 regi
1934 4746 2290 4803 commilitare
2322 4763 2336 4800 :

775 4841 858 4897 sic
902 4849 960 4896 et
997 4855 1096 4896 nos
1141 4856 1470 4910 purpureum
1513 4841 1727 4910 signum
1765 4856 1864 4910 pro
1900 4841 2101 4894 amictu
2151 4847 2340 4896 nostro

776 4932 1131 5006 sumpsimus,
1157 4941 1216 4987 ut
1247 4941 1500 5002 appareat
1514 4933 1872 4988 commilitare
1906 4947 2008 4986 nos
2023 4930 2263 4995 Christo,
2285 4938 2342 4985 et

777 5024 924 5093 quod
951 5033 1032 5080 tot
1077 5025 1224 5080 illius
1257 5024 1427 5094 gratia
1488 5023 1727 5094 perferre
1763 5022 2044 5087 debemus,
2079 5031 2214 5093 quot
2251 5022 2342 5076 ille

775 5113 950 5169 nostri
974 5129 1137 5169 causa
1163 5114 1397 5184 pertulit.
1420 5113 1558 5170 Cum
1577 5115 1722 5168 enim
1749 5129 1941 5184 passus
1962 5126 2043 5169 est
2074 5112 2340 5168 Dominus

775 5214 983 5269 noster,
1005 5220 1329 5275 purpuream
1353 5214 1555 5260 vestem
1589 5206 1838 5275 portavit.
1856 5204 2096 5260 Primum
2118 5203 2336 5274 quidem

777 5296 859 5351 uti
895 5311 1029 5351 rex:
1061 5304 1143 5352 est
1173 5297 1320 5350 enim
1366 5296 1482 5366 ipse
1524 5313 1701 5367 regum
1734 5297 1977 5352 omnium
2027 5311 2139 5359 rex,
2166 5306 2215 5349 et
2245 5295 2340 5348 do-

2442 4477 2572 4514 ποτε
2599 4459 2912 4531 πορφυροῦν
2933 4479 2948 4492 ·
2973 4459 3027 4514 τί
3053 4459 3200 4514 θέλει
3221 4458 3283 4512 τδ
3315 4462 3540 4530 σημεῖον
3571 4459 3631 4512 τδ
3648 4460 3978 4532 πορφυροῦν
4006 4481 4019 4524 ,

2443 4553 2710 4617 Ἕκαστος
2747 4554 3172 4625 στρατευόμενος
3201 4553 3281 4624 τῷ
3311 4552 3542 4624 βασιλεῖ,
3573 4550 3874 4623 πορφύραν
3908 4553 4020 4624 ἔχει

2440 4645 2520 4708 είς
2547 4644 2607 4698 τδ
2633 4645 2900 4715 χλανίδιον
2923 4644 3114 4701 αὐτοῦ.
3154 4644 3374 4716 Ἐπειδὴ
3405 4643 3514 4715 γὰρ
3543 4643 3573 4696 ὁ
3608 4642 3871 4712 βασιλεὺς
3898 4661 4024 4713 πορ-

2441 4737 2619 4806 φύραν
2657 4740 2832 4809 φορεῖ,
2864 4737 3064 4802 πάντες
3109 4735 3158 4790 οἱ
3191 4735 3610 4807 στρατευόμενοι
3657 4734 3839 4805 αὐτῷ,
3894 4735 4022 4804 βάλ-

2441 4827 2623 4882 λουσιν
2691 4828 2979 4900 πορφύραν
3032 4831 3112 4891 εἰς
3171 4827 3234 4881 τὸ
3274 4827 3542 4898 χλανίδιον
3618 4827 3832 4890 αὐτῶν,
3882 4825 4023 4880 τοῦτ’

2443 4916 2593 4970 ἔστιν
2621 4917 2682 4970 τὸ
2712 4917 2989 4986 βασιλικὸν
3017 4917 3222 4989 ἔνδυμα
3247 4934 3262 4948 ⁸
3301 4917 3389 4970 ἶνα
3417 4916 3506 4969 διὰ
3531 4915 3728 4970 τούτου
3774 4916 4025 4982 δείξωσιν

2441 5011 2524 5064 ὅτι
2552 5008 2645 5062 τοῦ
2681 5001 2944 5079 βασιλέως
2973 5010 3101 5075 εἰσὶ,
3135 5009 3234 5062 καὶ
3251 5010 3336 5063 ὅτι
3395 5007 3546 5078 αὐτῷ
3576 5011 3982 5077 στρατεύονται
4009 5025 4022 5036 ·

2443 5101 2616 5166 οὕτως
2661 5101 2758 5156 καὶ
2784 5104 2948 5171 ἡμεῖς
2997 5101 3348 5172 λαμϐάνομεν
3374 5099 3437 5154 τὸ
3495 5101 3728 5171 σημεῖον
3766 5100 3840 5154 τὸ
3896 5118 4022 5170 πορ-

2445 5193 2649 5266 φυροῦν
2679 5195 2760 5257 είς
2794 5193 2858 5246 τὸ
2884 5192 3128 5247 κολόϐιον
3180 5193 3356 5264 ἡμῶν,
3419 5191 3766 5254 δεικνύοντες
3816 5195 3904 5246 ὅτι
3953 5192 4022 5262 τῷ

2443 5285 2664 5357 Χριστῷ
2691 5285 3146 5356 ἐστρατεύθημεν,
3175 5285 3266 5337 καὶ
3288 5281 3677 5355 χρεωστοῦμεν
3737 5283 4025 5353 ὑπομεῖναι

781 5386 1098 5440 minantium
1134 5385 1387 5442 Dominus
1414 5383 1464 5442 ιι.
1492 5387 1742 5442 Secundo
1768 5395 1949 5442 autent
1982 5393 2042 5441 ut
2066 5386 2319 5440 delusus:

2433 5379 2533 5432 ὅλα
2559 5378 2627 5431 τά
2655 5376 2956 5447 παθήματα
2985 5375 3173 5442 αὑτοῦ,
3206 5377 3306 5430 ὅσα
3330 5374 3592 5446 ὑπέμεινε
3623 5374 3697 5426 δι’
3719 5376 3902 5445 ἡμᾶς.
3929 5376 4026 5428 Κάὶ

781 5474 1180 5546 profanissimis
1210 5477 1315 5534 illis
1342 5475 1562 5535 «Iudaeis.
1582 5477 1649 5532 Et
1670 5491 1769 5533 nos
1792 5477 1954 5548 igitur
1981 5475 2193 5548 signum
2211 5491 2339 5544 pur-

867 5655 900 5700 Ιι
918 5657 1082 5725 Apoc.
1131 5673 1247 5719 ιιι,
1283 5655 1365 5708 l6.

859 5835 883 5871 ⁸
917 5835 1044 5910 Leg.
1076 5837 1363 5906 σχήματος.

2436 5470 2544 5542 γὰρ
2564 5469 2653 5525 ὅτε
2682 5468 2881 5524 ἔπαθεν
2907 5470 2936 5524 ό
2968 5467 3288 5539 Δεσπότηςὴ
3297 5465 3435 5538 μῶν,
3468 5466 3704 5537 ὲφόρεσε
3734 5467 3803 5521 τὺ
3835 5485 4025 5539 πορφυ-
