4188 6438
209 420 339 488 1633

1596 427 1971 489 DOCTRINA
2008 431 2038 489 Ι

207 537 328 608 ροῦν
363 539 593 609 ἱμάτιον.
639 540 861 612 Πρῶτον
897 540 995 610 μὲν
1021 538 1095 600 ὡς
1130 537 1382 609 βασιλεύς
1409 554 1423 568 ·
1472 538 1631 601 αὐτὸς
1664 540 1769 610 γάρ

1873 554 2368 636 pureumgerentes
2384 547 2450 636 ad
2472 549 2744 605 toleranda
2767 568 2993 624 qumque
3009 571 3105 625 pro
3130 573 3196 613 eo
3219 578 3431 636 promp-

211 631 353 683 ἐστιν
382 634 416 685 ό
444 632 745 698 ,βασιλεὺς
776 631 894 685 τῶν
915 631 1392 695 βασιλευόντων,
1434 629 1534 681 καί
1554 630 1769 696 Κύριος

205 719 320 773 τῶν
367 725 800 792 κυριευόντων·
860 723 1048 775 ἔπειτα
1099 722 1157 775 δὲ
1183 722 1277 775 καὶ
1311 721 1388 782 ὡς
1433 721 1769 791 ὲμπαιζόμεο

203 813 403 875 νοςῦπὸ
428 814 537 867 τῶν
557 814 833 868 δυσσεϐῶν
860 814 1104 866 ἐκείνων.
1128 811 1238 866 Καὶ
1263 814 1424 883 ἡμεῖς
1450 807 1543 865 οὖν
1558 811 1771 881 ἔχοντες

202 902 261 956 τὸ
291 907 516 973 σημεῖον
547 905 608 959 τὸ
633 905 971 977 πορφυροῦν,
1010 904 1477 973 ἐπαγγελλόμεθα,
1495 905 1569 966 ὡς
1598 899 1766 967 εἷπον,

205 995 497 1066 ὑποφέρειν
558 997 737 1050 πάντα
783 996 853 1050 τὰ
883 996 1179 1066 παθήματα
1203 994 1393 1059 αὐτοῦ,
1417 996 1512 1048 καὶ
1531 995 1718 1064 ὥσπερ
1744 995 1773 1046 6

204 1087 535 1157 στρατιώτης
569 1088 669 1140 οὐκ
704 1089 814 1158 ἀφῇ
843 1088 942 1157 τὴν
980 1087 1249 1159 στρατίαν
1278 1086 1472 1151 αὐτοῦ,
1508 1088 1603 1139 καὶ
1673 1086 1778 1139 ῦπ-

203 1177 347 1243 ἀγων
381 1178 884 1249 γίνεταιγεωργδςῆ
910 1176 1351 1248 πραγματευτὴς,
1377 1177 1499 1229 ἐπεὶ
1528 1176 1777 1229 ἐκπίπτει

201 1269 299 1337 τῆς
348 1268 506 1333 ἀξίας
584 1270 773 1333 αὑτοῦ,
833 1270 909 1333 ὡς
950 1270 1141 1337 λέγειδ
1180 1267 1497 1331 Ἀπόστολος
1527 1283 1544 1299 ·
1573 1266 1777 1335 Οὐδεὶς

204 1362 673 1429 στρατευόμενος
695 1360 1053 1429 ἐμπλέκεται
1081 1359 1209 1425 ταῖς
1232 1359 1340 1413 τοῦ
1354 1360 1499 1423 ,βίου
1515 1373 1775 1426 πραγμα-

1868 638 1951 682 tos
1996 630 2361 720 proﬁteamur.
2410 631 2475 687 Et
2509 638 2959 705 quemadmodum
3003 646 3159 702 miles
3208 630 3431 720 nequid-

1867 730 2029 783 quam
2066 718 2256 775 militia
2279 736 2376 774 sua
2417 722 2658 789 dimissa,
2690 742 2957 785 mercator
2982 733 3037 788 fit
3055 745 3148 789 aut
3176 718 3430 806 agricola,

1869 806 1961 860 sed
1990 806 2220 863 militare
2241 811 2434 880 pergit,
2460 821 2517 865 ut
2542 815 2616 868 ait
2644 815 2968 885 Apostolus:
3007 822 3175 881 Nemo
3198 829 3432 885 militans

1870 892 1979 946 Deo
2031 894 2262 963 implicat
2289 913 2343 951 se
2373 901 2588 969 negotiis
2637 906 2995 974 secutoribus,
3031 922 3088 964 ut
3130 915 3434 983 imperatori

1878 1000 1975 1037 suo
2022 983 2225 1051 placere
2244 997 2399 1055 queat
2434 989 2451 1028 ἱ
2487 1029 2502 1044 .
2530 989 2602 1043 Ita
2630 1006 2728 1045 nos
2752 995 2795 1049 si
2837 998 2949 1050 veri
2978 1010 3270 1058 certatores
3312 1020 3435 1061 esse

1877 1075 2149 1144 cupimus,
2194 1078 2527 1147 negligamus
2559 1097 2894 1152 quaecunque
2926 1098 3055 1144 sunt
3079 1092 3267 1146 mundi
3299 1113 3312 1147 :
3338 1110 3431 1150 so-

1878 1168 2022 1237 lique
2053 1169 2164 1222 Deo
2196 1170 2488 1236 dedamus,
2523 1174 2623 1228 soli
2651 1176 3003 1246 assistamus,
3037 1183 3138 1237 soli
3169 1183 3434 1256 obsequa-

1877 1274 2019 1323 mur,
2106 1261 2207 1316 soli
2264 1264 2564 1320 serviamus
2621 1285 2637 1320 :
2687 1276 2746 1321 ut
2795 1269 2888 1337 sit,
2934 1274 3077 1342 quod
3124 1277 3221 1344 ait,
3281 1279 3432 1350 virgo

1875 1354 2119 1410 assidens
2146 1366 2203 1409 et
2230 1371 2261 1410 a
2282 1356 2428 1411 nullo
2455 1358 2709 1415 distracta
2743 1358 2791 1415 i.

201 1455 399 1520 τείαιςο
424 1456 524 1509 ἵνα
554 1458 633 1520 τῷ
657 1456 1204 1523 στρατολογήσαντι
1224 1454 1497 1523 ἀρέσειεν
1530 1469 1543 1483 ·
1574 1455 1745 1514 οὕτως
1780 1451 1872 1505 καὶ
1908 1452 2063 1521 ἡμεῖς
2084 1450 2368 1521 ὀφείλομεν
2409 1452 2641 1522 ἀθλῆσαι
2672 1455 2764 1508 καὶ
2785 1457 3155 1531 ἀμεριμνῆσαι
3178 1466 3284 1520 ἀπὸ
3302 1468 3434 1524 πάν.

199 1564 307 1599 των
357 1545 464 1598 τῶν
507 1546 602 1600 τοῦ
645 1547 847 1618 κόσμου
872 1546 1084 1613 τούτου,
1154 1547 1249 1609 καὶ
1286 1543 1406 1616 Θεῷ
1467 1545 1613 1617 μόνῳ
1670 1542 1948 1615 σχολάσαι,
2005 1540 2081 1605 ὡς
2142 1540 2313 1609 λέγει,
2387 1541 2474 1595 ἵνα
2537 1538 2870 1616 ᾗπαρθένος
2928 1550 3282 1625 εὺιιτάρεςδρος⁹
3335 1562 3433 1616 και

205 1638 633 1709 ἀπερίσπαστος.

278 1729 377 1784 li".
422 1727 660 1798 Ἔχομεν
689 1728 747 1781 δὲ
793 1730 885 1782 καὶ
914 1727 1092 1797 ζώνην
1121 1744 1135 1758 ο
1162 1727 1251 1781 διὰ
1286 1727 1340 1780 τί
1372 1727 1430 1781 δὲ
1461 1724 1762 1797 φοροῦμενς

1937 1718 2076 1775 XIII.
2110 1715 2385 1773 Habemus
2420 1728 2597 1773 autem
2636 1730 2693 1775 et
2742 1736 2934 1778 zonam
2976 1727 3253 1795 pelliceam
3287 1733 3431 1791 circa

212 1821 278 1874 Ἦ
306 1821 452 1889 ζώνη
486 1821 552 1890 ἦν
574 1820 868 1891 φοροῦμεν,
919 1819 1187 1889 σύμϐολόν
1231 1821 1348 1873 ἐστι
1396 1818 1611 1890 πρῶτον
1642 1819 1760 1890 μὲν,

201 1913 282 1965 ὅτι
331 1912 498 1983 ἐσμὲν
522 1912 941 1982 εὐτρεπισμέναι
966 1912 1047 1974 είς
1075 1911 1233 1982 ἔργον
1259 1952 1273 1966 .
1322 1911 1592 1975 Ἕκαστος
1654 1910 1763 1980 γὰρ

202 2003 373 2057 θέλων
443 2004 806 2074 ἐργάσασθαι,
857 2003 1073 2073 πρῶτον
1110 2003 1391 2068 ζὼννυται,
1448 2002 1540 2057 καὶ
1590 2000 1763 2066 οὕτως

200 2095 424 2167 ἄρχεται
461 2096 553 2148 τοῦ
587 2095 769 2167 ἔργου,
797 2095 872 2157 ὡς
901 2094 1066 2164 λέγει,
1106 2095 1424 2149 Ἔστωσαν
1446 2097 1507 2149 al
1536 2094 1761 2162 ὀσφύες

198 2185 369 2255 ὑμῶν
396 2184 890 2255 περιεζωσμέναι·
932 2187 1027 2240 καὶ
1048 2185 1232 2251 πάλιν,
1285 2186 1370 2239 ἵνα
1408 2184 1595 2256 ὥσπερ
1648 2184 1762 2237 ἐστὶ

198 2278 309 2330 ἀπὸ
348 2277 545 2348 νεκροῦ
584 2277 833 2347 σώματος
862 2277 895 2348 ή
924 2276 1092 2349 ζώνη,
1123 2276 1296 2340 οὓτως
1324 2277 1422 2345 καὶ
1449 2277 1610 2346 ἡμεῖς
1673 2292 1761 2329 νε-

199 2363 502 2435 κρώσωμεν
528 2366 625 2437 τὴν
656 2365 950 2436 ἐπιθυμίαν
1003 2366 1182 2437 ἡμῶν.
1233 2366 1388 2419 Ἔστι
1428 2366 1535 2437 γὰρ
1560 2366 1593 2435 ἡ
1617 2362 1760 2434 ζώνη

200 2458 340 2511 κατά
366 2457 467 2525 τῆς
491 2456 688 2524 ὀσφύος
722 2458 876 2527 ἡμῶν
898 2473 913 2488 ο
946 2457 1063 2510 ἐκεῖ
1084 2456 1141 2511 δέ
1184 2458 1322 2511 εἰσιν
1361 2458 1409 2511 oi
1435 2458 1641 2528 νεφροὶ,
1702 2457 1761 2510 ὲν

198 2542 283 2610 οἷς
314 2549 530 2617 λέγεται
577 2543 716 2601 εἶναι
754 2549 816 2601 τὸ
862 2548 1254 2619 ἐπιθυμητικὸν
1282 2549 1379 2619 τῆς
1407 2546 1603 2617 ψυχῆς.
1650 2545 1761 2599 Καὶ

196 2638 359 2693 τοῦτό
387 2641 533 2692 ἐστιν
560 2638 589 2691 ὃ
622 2638 768 2708 λέγει
794 2641 823 2691 6
875 2638 1193 2703 ’Δπόστολος
1215 2654 1232 2673 ·
1283 2636 1637 2706 Νεκρώσατε
1690 2634 1762 2688 τὰ

191 2730 352 2799 μέλη
381 2729 548 2799 ὑμῶν
575 2730 649 2784 τὰ
688 2729 787 2782 ἐπὶ
808 2729 917 2797 τῆς
975 2727 1109 2798 τῆς,
1165 2729 1471 2796 πορνείαν,
1507 2728 1762 2796 ἀκαθαρ-

196 2820 365 2882 σίαν,
419 2820 511 2872 καὶ
543 2820 611 2872 τὰ
640 2817 785 2887 ἑξῆς.
832 2819 1066 2889 Ἕχομεν
1098 2819 1191 2872 καὶ
1231 2818 1499 2873 ἀνάλαϐον
1525 2833 1538 2847 ·
1585 2820 1615 2871 6
1639 2818 1763 2871 ἀνά-

197 2910 363 2975 λαϐος
412 2909 619 2964 τίθεται
650 2910 1009 2980 σταυροειδῶς
1038 2909 1131 2963 ἐπὶ
1184 2910 1312 2972 τοὺς
1339 2908 1525 2980 ὤμους
1566 2910 1720 2978 ἡμῶν
1742 2924 1757 2938 ⁸

194 2998 344 3051 τοῦτ’
371 2997 507 3063 ἔστι,
554 2998 649 3052 τοῦ
702 2998 938 3069 σταυροῦ
995 2997 1057 3050 τὸ
1102 2996 1368 3067 σύμϐολον
1426 2997 1761 3066 βαστάζομεν

1865 1826 2026 1865 renes
2054 1817 2289 1863 nostros.
2316 1806 2370 1863 Id
2396 1810 2608 1879 signum
2629 1820 2732 1878 est,
2762 1813 2829 1868 ad
2872 1828 3011 1884 opus
3051 1820 3305 1891 quodque
3335 1839 3433 1881 ac.

1860 1903 2041 1968 cincti,
2076 1911 2136 1956 ut
2166 1917 2327 1971 quam
2355 1903 2589 1970 primum
2619 1903 2793 1960 simus
2817 1914 2872 1961 et
2907 1911 3104 1978 parati.
3132 1911 3433 1971 Laboratu-

1860 2008 1955 2048 rus
1987 1992 2130 2048 enim
2157 1992 2280 2063 quis
2300 1992 2475 2061 primo
2503 1992 2824 2065 accingitur,
2853 2006 2907 2052 et
2928 2000 3009 2055 sic
3040 2002 3255 2059 demum
3292 2022 3431 2078 opus

1861 2084 2189 2156 aggreditur,
2220 2093 2282 2139 ut
2311 2085 2532 2152 dicitur,
2563 2086 2911 2167 Accingimini
2943 2110 3087 2150 renes
3130 2108 3327 2154 vestros
3355 2101 3384 2141 ¹ι
3409 2120 3425 2158 :

1858 2176 2169 2231 mortificati
2201 2192 2417 2247 quoque
2459 2181 2705 2249 corporis
2749 2183 2965 2253 signum
3014 2196 3117 2243 est.
3147 2188 3257 2245 Nos
3284 2191 3430 2248 enim

1859 2268 2124 2323 desideria
2148 2275 2334 2323 nostra
2354 2269 2675 2327 mortiIieare
2695 2273 2954 2331 debemus
2981 2294 2997 2331 :
3022 2281 3429 2354 praesertimque

1858 2375 1923 2416 ea
1960 2375 2082 2431 quas
2128 2375 2160 2415 a
2191 2361 2414 2417 renibus
2444 2364 2763 2432 procedunt,
2794 2366 2849 2422 in
2887 2369 3084 2439 quibus
3109 2373 3299 2431 anima:
3331 2393 3426 2433 vo-

1859 2452 2036 2523 luptas
2084 2467 2206 2507 esse
2240 2450 2458 2508 dicitur.
2492 2452 2654 2510 Juxta
2679 2459 2823 2527 quod
2872 2460 3050 2517 aiebat
3096 2468 3422 2536 Apostolus:

1860 2542 2180 2612 Mortiﬁcate
2227 2546 2459 2600 membra
2504 2556 2675 2601 vestra
2701 2565 2817 2619 quia
2859 2564 2981 2607 sunt
3023 2571 3180 2626 super
3208 2568 3423 2630 terram,

1862 2635 2289 2705 fornicationem,
2320 2641 2713 2696 immunditiam
2750 2641 2768 2682 ι
2798 2663 2811 2699 :
2842 2660 3069 2718 quaeque
3104 2665 3424 2722 sequuntur.
3528 2642 3529 2645 η

1860 2723 2135 2781 Habemus
2178 2735 2232 2781 et
2283 2728 2596 2783 analabum.
2644 2731 2942 2797 Analabus,
2979 2751 3074 2791 seu
3118 2743 3425 2799 succincto-

1860 2815 2023 2878 rium,
2045 2817 2100 2871 in
2128 2817 2307 2873 crucis
2333 2820 2552 2874 modum
2579 2822 2818 2889 ponitur.
2843 2823 3019 2894 Super
3044 2827 3301 2887 humeros
3326 2850 3394 2888 au
3413 2864 3426 2876 -

1859 2917 1965 2961 tem
2015 2918 2229 2965 nostros
2270 2910 2451 2966 crucis
2496 2911 2710 2982 signum
2754 2914 3066 2982 deferimus.
3096 2935 3161 2975 ex
3181 2937 3247 2977 eo
3278 2927 3423 2994 quod

1858 2999 2061 3054 dicitur
2089 3018 2104 3054 :
2138 3000 2282 3056 Tolle
2318 3019 2524 3057 crucem
2555 3014 2719 3072 tuam,
2748 3017 2798 3061 et
2824 3025 3037 3078 sequere
3068 3030 3148 3067 me
3173 3024 3210 3046 ι·
3236 3055 3252 3071 .
3282 3017 3422 3083 Quid

197 3092 280 3154 εἰς
315 3091 443 3155 τοὺς
468 3090 654 3161 ὤμους
714 3090 892 3162 ἡμῶν,
941 3088 1123 3154 καθὼς
1191 3089 1361 3158 λέγει,
1420 3085 1610 3157 Ἀρον
1655 3088 1764 3141 τὸν

1863 3103 1948 3144 est
1980 3089 2126 3145 aliud
2157 3107 2291 3147 crux
2312 3108 2475 3163 quam
2510 3110 2633 3150 vera
2659 3100 3024 3168 mortificatio,
3063 3119 3185 3174 quae
3212 3123 3241 3161 a
3268 3110 3424 3167 nobis

195 3182 465 3250 σταυρόν
494 3198 609 3236 σου
637 3182 736 3236 καί
764 3183 1080 3236 ἀκολούθει
1114 3197 1234 3250 μοι.
1266 3180 1408 3234 Τίδέ
1457 3184 1572 3234 ἐστι
1602 3197 1764 3231 σταυ-

200 3274 294 3345 ρὸς
344 3272 457 3327 ἀλλ’
489 3274 523 3343 ἢ
569 3273 748 3327 τελεία
771 3274 1036 3344 νέκρωσις
1074 3274 1196 3345 ἥτις
1233 3271 1587 3344 κατορθοῦται
1632 3273 1763 3342 ἡμῖν

194 3366 289 3418 διὰ
329 3366 427 3436 τῆς
469 3367 550 3428 εἰς
591 3364 827 3436 Χριστὸν
853 3364 1130 3433 πίστεωςλ
1191 3365 1254 3417 Ἢ
1280 3364 1389 3435 γὰρ
1447 3364 1646 3428 πίστις,
1687 3363 1761 3427 ὡς

194 3456 350 3525 λέγει
401 3454 564 3510 πάλιν
614 3456 695 3520 είς
730 3456 793 3509 τὸ
821 3455 1157 3527 γεροντικὸν,
1216 3454 1559 3526 περιστέλλει
1589 3454 1676 3507 ἀεὶ
1694 3456 1763 3508 τὰ

195 3546 497 3613 κωλύοντα,
548 3548 640 3601 καὶ
678 3547 1071 3618 ἀνεμπόδιστον
1097 3551 1242 3601 ποιεῖ
1284 3548 1418 3619 ἡμῖν
1443 3546 1542 3619 τὴν
1606 3548 1759 3619 ἐνερ-

198 3638 417 3708 γασίαν,
447 3640 547 3712 τὴν
594 3638 866 3711 φέρουσαν
905 3639 1053 3711 ἡμᾶς
1122 3640 1201 3703 είς
1240 3639 1497 3709 τοιαύτην
1552 3638 1761 3692 τελείαν

196 3732 464 3804 νέκρωσιν
492 3750 507 3764 °
574 3731 719 3787 τοῦτ’
765 3732 931 3795 ἐστιν,
990 3732 1074 3785 ἴνα
1122 3732 1372 3805 νεκρώσῃ
1422 3748 1507 3795 τις
1573 3731 1761 3785 ἑαυτὸν

195 3824 310 3876 ἀπὸ
338 3823 552 3878 πάντων
580 3824 690 3877 τῶν
733 3821 827 3877 τοῦ
855 3822 1060 3893 κόσμου
1085 3821 1274 3875 τούτου
1293 3837 1307 3851 ’
1344 3828 1438 3874 καὶ
1465 3820 1558 3875 ἐὰν
1582 3820 1760 3890 ἀφῆκε

196 3918 379 3984 γονεῖς
396 3956 412 3981 ,
442 3916 527 3969 ἵνα
573 3915 906 3986 ἀγωνίσηται
956 3915 1051 3969 καὶ⁹
1078 3915 1212 3987 πρὸς
1238 3916 1338 3984 τὴν
1366 3913 1757 3986 προσπάθειαν,

194 4009 404 4079 ὁμοίως
432 4009 526 4061 καὶ
554 4010 808 4080 χρήματα
839 4008 872 4079 ἢ
896 4008 1168 4078 κτήματα,
1199 4006 1294 4060 καὶ
1322 4005 1551 4060 ἕκαστον
1580 4005 1760 4075 πρᾶγ-

199 4114 284 4168 μα
310 4096 340 4150 δ
360 4096 404 4149 δ’
436 4096 503 4151 ἂν
539 4096 873 4164 ἀποτάξηταί
898 4112 1002 4161 τις,
1032 4094 1161 4166 θέλῃ
1197 4094 1290 4148 καὶ
1319 4094 1455 4164 αὐτῇ
1498 4095 1566 4164 τῇ
1596 4109 1762 4163 προσ-

203 4188 413 4259 παθείᾳ
470 4188 638 4241 αὐτοῦ
679 4185 1076 4253 ἀποτάξασθαι,
1108 4184 1292 4251 καθὼς
1338 4186 1433 4240 καὶ
1469 4185 1567 4256 ἤδη
1610 4183 1760 4237 εἷπο-

198 4297 308 4353 μεν
346 4295 361 4312 ο
385 4279 478 4334 καὶ
506 4279 642 4350 αῦτη
671 4280 817 4333 ἐστὶν
856 4281 889 4350 ἡ
935 4279 1114 4334 τελεία
1139 4278 1410 4348 ἀποταγή.
1467 4275 1759 4346 Λαμϐάνο-

198 4386 308 4440 μεν
360 4370 416 4423 δὲ
460 4369 808 4423 κουκούλιον
866 4370 1025 4424 τοῦτο
1062 4370 1121 4424 δέ
1167 4371 1282 4423 ἑστι
1352 4366 1617 4439 σύμϐολον
1659 4367 1756 4438 τῆς

192 4460 601 4524 ταπεινώσεως.
636 4461 718 4514 Τά
768 4461 934 4531 νήπια
979 4459 1088 4531 γὰρ
1136 4459 1207 4513 τὰ
1249 4460 1419 4530 μικρὰ
1462 4459 1532 4512 τὰ
1575 4458 1757 4513 ἄκακα

193 4550 429 4621 φοροῦσι
469 4550 764 4604 κουκούλια
788 4565 802 4580 ⁶
857 4548 1140 4621 ἄνθρωπος
1172 4550 1229 4603 δὲ
1272 4548 1475 4611 τέλειος
1524 4547 1754 4601 κουκού-

190 4644 315 4696 λιον
343 4643 403 4695 οὐ
435 4642 609 4712 φορεῖ.
652 4642 844 4710 Ἡμεῖς
872 4636 966 4696 οὖν
1015 4640 1101 4693 διὰ
1127 4640 1287 4694 τοῦτο
1330 4639 1623 4711 φοροῦμεν,
1669 4640 1755 4693 ενα

176 4731 576 4801 φηπιάζωμεν
607 4731 681 4800 τῇ
705 4732 906 4798 κακίᾳ,
949 4733 1023 4795 ὡς
1075 4729 1221 4799 λέγει
1286 4730 1316 4782 6
1394 4728 1709 4792 ’Λπόστολος
1737 4743 1752 4759 ⁸

188 4822 299 4892 Μὴ
353 4821 557 4877 παιδία
599 4822 839 4891 γίνεσθε
878 4822 1011 4889 ταῖς
1057 4820 1293 4892 φρεσίν,
1350 4821 1513 4875 ἀλλὰ
1544 4818 1619 4888 τῇ
1649 4836 1756 4874 κα-

188 4919 301 4986 κίᾳ
340 4916 667 4986 νηπιάζετε.
713 4918 783 4971 Τί
819 4917 877 4970 δέ
902 4918 1019 4971 ἐστι
1064 4916 1125 4970 τὸ
1153 4914 1435 4986 νηπιάζειν
1455 4918 1522 4988 τῇ
1549 4914 1752 4985 κακίας

187 5010 275 5065 Τὸ
321 5010 551 5080 νήπιον,
603 5008 665 5062 τὸ
708 5007 786 5079 μὴ
845 5006 968 5077 ἔχον
1022 5006 1254 5071 κακίαν,
1308 5006 1402 5059 ἐὰν
1449 5005 1752 5077 ἀτιμασθῇ,

184 5103 300 5155 οὐκ
338 5099 637 5170 ὀργίζεται,
681 5100 775 5152 καὶ
804 5098 898 5152 ὲάν
924 5096 1150 5168 τιμηθῇ,
1196 5097 1258 5151 οῦ
1307 5094 1611 5161 κεωδοξεί·
1658 5096 1754 5150 ἐὰν

186 5190 340 5260 λάϐη
369 5207 451 5253 τις
486 5190 554 5242 τὰ
613 5188 801 5256 αὑτοῦ,
844 5189 903 5243 οῦ
952 5188 1191 5241 θλίϐεται
1218 5206 1233 5220 ο
1271 5187 1524 5259 νηπιάζει
1556 5187 1663 5258 γὰρ
1687 5190 1778 5259 τῇ·

186 5282 394 5350 κακία,
422 5281 522 5333 οὐκ
560 5278 837 5332 ἐπεκδικεῖ
872 5278 1066 5341 πάθος,
1118 5278 1219 5331 οῦκ
1264 5278 1618 5332 ἀντιποιεῖται
1668 5278 1755 5331 δό-

188 5370 317 5442 ξης.
354 5373 507 5425 Ἐστι
532 5372 691 5425 πάλιν
707 5374 766 5425 τὸ
785 5372 1097 5427 κουκούλιον
1122 5371 1385 5443 σύμϐολον
1410 5372 1510 5442 τῆς
1538 5373 1756 5444 χάριτος

185 5462 293 5518 τοῦ
321 5462 474 5517 Θεοῦ.
513 5464 634 5518 Ὀτι
680 5463 868 5533 ὥσπερ
906 5464 967 5517 τὸ
1012 5464 1324 5518 κουκούλιον
1356 5464 1613 5529 σκεπάζει
1662 5468 1756 5521 καὶ

1859 3181 2081 3251 erigitur
2104 3196 2202 3251 per
2218 3183 2375 3237 iidem
2398 3199 2557 3253 quam
2580 3185 2841 3245 habemus
2862 3190 2916 3244 in
2941 3192 3253 3265 Christum}
3266 3196 3423 3254 Fides

1859 3272 2024 3338 enim,
2052 3282 2111 3326 ut
2131 3273 2331 3328 dicitur
2348 3290 2540 3331 rursus
2569 3277 2620 3330 in
2649 3277 2789 3333 libro
2815 3296 3030 3348 senum,
3059 3300 3269 3343 amovet
3289 3308 3422 3347 sem-

1859 3374 1954 3429 per
1983 3369 2039 3415 et
2080 3360 2291 3430 repellit
2320 3378 2658 3433 quaecunque
2685 3374 2812 3421 sunt
2850 3368 3253 3440 impedimento,
3281 3386 3333 3431 et
3359 3378 3422 3431 Ii-

1858 3452 2043 3507 beram
2073 3453 2233 3508 nobis
2269 3454 2445 3508 reddit
2489 3459 2881 3525 operationem,
2920 3476 3041 3530 qua:
3073 3479 3174 3519 nos
3196 3466 3261 3519 ad
3299 3454 3420 3537 per;

1858 3543 2058 3601 fectam
2084 3543 2226 3600 hanc
2255 3546 2725 3601 mortiﬁcationem
2764 3548 3017 3617 deducit;
3057 3553 3109 3607 id
3141 3564 3242 3617 est,
3282 3565 3338 3610 ut
3365 3573 3420 3612 se

1860 3637 2037 3707 ipsum
2087 3637 2321 3706 quisque
2369 3635 2551 3691 saeculi
2590 3638 2754 3693 rebus
2781 3640 3005 3695 omnino
3033 3653 3217 3707 exuat,
3250 3658 3302 3699 et
3330 3664 3419 3702 ea-

1860 3731 2108 3785 rumdem
2147 3731 2349 3802 pariter
2380 3744 2566 3784 amore
2611 3739 2775 3800 atque
2819 3731 3122 3789 aﬂ'ectione.
3174 3735 3420 3808 Reliqui-

1860 3837 1984 3877 mus
2025 3823 2169 3877 enim
2216 3823 2461 3876 .c-tatim
2516 3832 2793 3890 parentes,
2847 3826 3167 3895 reliquimus
3217 3844 3418 3898 agros,

1857 3913 2247 3986 possessiones.
2299 3913 2555 3983 pecunias
2605 3924 2659 3969 et
2708 3930 3045 3987 quaecunque
3104 3920 3258 3975 nobis
3305 3920 3416 3975 fue-

1856 4014 1981 4061 rant
2022 4005 2555 4069 abrenuntiavimus;
2616 4004 3061 4061 abrenuntiemus
3115 4008 3315 4076 pariter
3365 4019 3415 4066 et

1857 4098 2120 4162 affectui,
2189 4097 2378 4167 sicque
2441 4095 2659 4165 perfecti
2729 4099 2937 4242 erimq;
3002 4082 3407 4197 abrexlnqmiato.

1857 4205 1965 4242 res.
2027 4187 2273 4242 Ferimus
2334 4196 2384 4242 et
2434 4188 2728 4242 cucullum.
2774 4204 2881 4242 duo
2958 4180 3274 4242 imiiieentim
3336 4198 3407 4242 si.

1856 4205 1965 4245 res.
2027 4187 2273 4243 Ferimus
2334 4196 2384 4242 et
2434 4188 2728 4253 cucullum,
2774 4180 2924 4256 quod
2958 4180 3274 4255 irui‘6'ceut'ize
3336 4198 3414 4251 si-

1859 4295 2023 4351 gnum
2066 4288 2149 4334 est
2199 4286 2255 4332 et
2304 4278 2571 4347 puritatis.
2618 4278 2777 4357 Puegi
2808 4280 2949 4357 eum:
2987 4283 3192 4349 parvuli
3234 4286 3391 4339 cucul

1860 4295 2023 4351 gnum
2066 4294 2149 4334 εει
2199 4294 2255 4332 et
2304 4294 2571 4347 pUI‘Ilatls.
2618 4294 2777 4357 ruep
2808 4294 2898 4332 enr
2987 4294 3192 4349 parvuli
3234 4294 3391 4339 cucul

1860 4372 1971 4426 lum
2012 4370 2226 4433 ferunt,
2275 4383 2382 4422 non
2433 4368 2534 4421 viri
2592 4368 2838 4437 perfecti.
2884 4294 3027 4434 ’ἕθεν
3067 4372 3227 4440 igitur
3299 4375 3413 4429 ideo

1858 4461 2127 4517 cucullum
2171 4458 2415 4520 ferimus.
2455 4469 2513 4513 ut
2521 4454 2740 4605 garruli
2762 4461 2941 4540 gnos
2966 4457 3191 4524 malitia,
3229 4480 3415 4533 quem-

1858 4553 2144 4605 admodum
2192 4560 2377 4605 mon'et
2412 4552 2527 4605 Auo
2563 4551 2701 4605 tolus
2745 4569 2759 4605 :
2815 4551 2996 4605 Nolite
3034 4556 3264 4605 sensibus
3289 4574 3415 4605 uar-

1858 4553 2144 4609 admodum
2192 4560 2377 4606 monet
2412 4551 2701 4621 Apostolus
2745 4569 2759 4605 :
2815 4551 2996 4606 Nolite
3034 4556 3264 4608 sensibus
3287 4574 3417 4623 par-

2310 4642 2429 4695 liti’a
2484 4642 2694 4707 parvuli
2745 4624 2932 4696 estoteK
2951 4652 2997 4698 η.
3049 4643 3189 4711 Quid
3235 4658 3411 4702 autem

2235 4724 2380 4793 αὔλια
2441 4735 2723 4803 paruulum
2784 4741 2950 4790 esset
2992 4734 3257 4791 Parvulus
3298 4743 3415 4795 sine

1858 4646 1968 4699 puli
2016 4632 2128 4699 isse
2145 4662 2175 4708 )

1860 4736 2130 4807 signiﬁcat

1858 4830 2105 4895 malitia,
2150 4844 2199 4890 ιι,
2226 4841 2549 4898 quocunque
2603 4822 2931 4896 sphrnatur,
2975 4844 3080 4883 non
3124 4830 3411 4899 irascitur;

1857 4920 2189 4984 honoratus,
2238 4934 2343 4973 non
2378 4917 2606 4972 eﬂ‘ertur
2651 4919 2703 4972 in
2759 4919 2981 4987 gloriam
3026 4936 3260 4987 vanam;
3306 4925 3413 4991 pri-

1829 4992 2017 5099 ‘vatus
2045 5011 2482 5099 autospo'kiatus'
2504 5010 2737 5078 propriis
2762 5047 2778 5071 ,
2837 5025 2942 5064 non
2979 5010 3248 5081 afﬂigitur.
3282 5012 3408 5064 Par-

1858 5097 2015 5181 villus
2064 5097 2207 5155 enim
2250 5097 2482 5163 nialitia,
2526 5114 2633 5160 non
2671 5100 2833 5153 etiam
2888 5100 3144 5168 injuriam
3197 5102 3403 5156 ulcisci-

1860 5204 1981 5256 tur,
2049 5207 2156 5259 non
2192 5191 2424 5245 .atl‘eclat
2476 5188 2736 5259 gloriam.
2795 5190 2891 5247 Est
2934 5204 2987 5247 et
3025 5194 3269 5249 cucullus
3336 5197 3404 5250 si-

1861 5299 2022 5357 gnum
2047 5281 2265 5366 ’gnatizg
2320 5282 2435 5338 Dei.
2512 5280 2779 5348 Quoniam
2834 5284 3290 5352 quemadmodum
3319 5301 3403 5341 cu-

1853 5380 2026 5435 cullus
2074 5389 2252 5433 tuetur
2294 5366 2367 5429 et'
2400 5375 2542 5430 fovet
2584 5376 2736 5445 pueri
2775 5385 2955 5446 caput,
3011 5376 3091 5432 sic
3140 5388 3196 5431 et
3238 5380 3399 5448 grati;

1856 5463 1947 5517 Dei
1980 5474 2186 5516 mentes
2220 5454 2432 5515 nostras
2459 5458 2712 5514 defendit.
2747 5457 2842 5514 Est
2872 5460 3035 5531 igitur
3063 5460 3307 5535 cucullus
3337 5462 3397 5516 si-

186 5554 392 5611 θάλπει
418 5553 516 5627 τὴν
552 5556 793 5627 κεφαλὴν
842 5554 935 5609 τοῦ
984 5554 1220 5620 παιδίου,
1266 5554 1438 5619 οῦτως
1474 5555 1568 5609 καὶ
1592 5556 1626 5627 ἡ
1653 5555 1753 5626 χά-

1853 5568 2013 5623 guum
2055 5552 2239 5622 gratia:
2271 5549 2566 5629 salvatoris
2589 5549 2761 5605 nostri
2782 5548 2877 5607 Dei
2906 5551 3111 5607 tuentis
3130 5558 3291 5619 caput
3315 5566 3399 5605 no-

276 5734 294 5775 ί
327 5733 369 5787 Il
400 5732 541 5789 Tim.
568 5732 715 5804 υκαι.
794 5727 822 5804 Ξᾼ
846 5728 1042 5804 l._Cor.
1080 5730 1301 5804 νιικξιι.
1377 5732 1402 5771 ιι
1432 5730 1599 5786 Exod.
1655 5746 1752 5795 xu,

1853 5768 1862 5783 .
1942 5728 1961 5766 ι
1998 5728 2203 5784 Coloss.
2244 5743 2322 5793 Ill,
2353 5728 2405 5783 ὃ.
2480 5737 2520 5765 ⁸³
2558 5727 2745 5784 Matth.
2794 5744 2905 5797 xvr,
2944 5728 3035 5796 ει,
3082 5726 3248 5804 Marc.
3285 5744 3385 5793 ,νιη
3416 5737 3428 5760 ‘

189 5801 291 5869 54,
328 5804 453 5860 Luc.
488 5820 543 5858 IX
596 5803 683 5856 ΕΞ.
758 5810 785 5838 ¹³
809 5802 848 5866 I,
886 5800 1010 5855 Cor.
1045 5816 1156 5862 xw.
1180 5800 1271 5857 20.

3002 5816 3109 5875 ...ν’
3224 5850 3240 5859 “
3319 5850 3334 5879 ι

3296 440 3430 505 1634
3544 402 3545 405 γ
