4188 6438
178 390 305 458 1637

1504 396 1884 457 DOCTRINA
1937 400 1986 457 I.

3258 408 3397 477 1638

174 504 250 567 είς
288 500 461 574 λήθην
483 502 657 556 ιλθεῖν
683 502 783 573 τὴν
819 500 1072 572 τοιαύτην
1116 502 1280 556 αὑτοῦ
1308 505 1510 577 ἀρετήν
1530 520 1545 535 ·
1593 506 1728 560 ἀλλά

1836 509 2003 577 Quem
2035 511 2253 568 tandem
2305 514 2447 571 Deus
2486 517 2940 587 gloriosissimum
2992 522 3246 587 ostendit,
3299 541 3400 583 nec

171 595 483 664 ἀπεκάλυψε
507 595 584 666 τῷ
612 594 754 664 ἁγίῳ
778 593 1014 665 γέροντι,
1052 594 1146 647 καὶ
1176 590 1313 648 εἶδεν
1336 597 1501 650 αὑτὸν
1526 597 1730 667 μεταξὺ

168 687 302 740 ὅλων
346 686 568 740 ἐκείνων
600 684 707 738 τῶν
735 685 907 753 ἀγίων
938 683 1281 741 ἀπολαύοντα
1325 688 1425 758 τῆς
1469 690 1734 760 μακαριό-

168 796 327 850 τητος
360 777 559 833 αὐτῶν.
592 777 749 846 Λέγω
774 777 903 847 ύμῖν
948 778 1044 831 καὶ
1087 776 1215 831 ἀλλο
1259 779 1492 850 πρᾶγμα
1532 780 1737 849 ὁμοίως

167 871 262 923 καὶ
307 870 399 923 ἐπὶ
431 868 565 940 ἐμοῦ
613 869 925 939 γινόμενον
976 869 1062 921 ἵνα
1110 868 1314 939 μάθητε
1359 871 1441 923 ὅτι
1484 872 1580 924 καὶ
1626 870 1735 924 ἀπὸ

168 954 395 1016 θανάτου
453 961 640 1032 ῥύεται
685 960 969 1032 ἄνθρωπον
1012 963 1047 1031 ή
1095 960 1343 1030 ὑπακοὴ,
1404 962 1500 1017 καὶ
1546 962 1608 1016 τὸ
1661 961 1735 1033 μὴ

166 1052 313 1122 ἔχειν
339 1053 401 1105 τὸ
442 1054 572 1106 [διον
598 1051 827 1123 θέλημα.
875 1053 1013 1105 Ποτὲ
1042 1052 1192 1115 δντος
1242 1069 1342 1123 μου
1383 1054 1443 1106 ὲν
1489 1056 1602 1117 τοῖς
1641 1053 1734 1107 τοῦ

164 1142 313 1196 ἀϐϐᾶ
340 1143 579 1214 Σερίδου,
610 1138 775 1213 ἦλθεν
799 1143 917 1195 ἐκεῖ
942 1139 1192 1213 μαθητὴς
1221 1142 1453 1211 μεγάλου
1486 1142 1737 1214 γέροντος

166 1237 231 1288 ὲκ
276 1235 385 1289 τῶν
436 1235 617 1307 μερῶν
664 1234 1001 1297 Ἀσκάλωνος
1039 1233 1120 1296 εἷς
1145 1250 1268 1287 τινα
1301 1234 1410 1287 ἀπὸ
1449 1232 1545 1286 τοῦ
1591 1232 1737 1287 ἀϐϐᾶ

170 1326 359 1381 αὐτοῦ.
393 1323 519 1397 Εἶχε
561 1325 620 1379 δὲ
648 1326 863 1396 ἐντολὴν
893 1324 1041 1394 παρά
1068 1323 1162 1377 τοῦ
1192 1323 1445 1395 γέροντος
1471 1325 1737 1393 ὑποστρέ-

176 1416 277 1485 ψαι
302 1417 411 1471 ἀπὸ
436 1416 675 1488 ἑσπέραις
704 1419 783 1480 εἰς
810 1416 872 1470 τὸ
914 1414 1044 1469 ίδιον
1064 1415 1292 1469 κελλίον.
1331 1415 1419 1467 Ἐν
1449 1414 1528 1485 τῷ
1563 1415 1737 1484 τούτῳ

163 1509 223 1562 δὲ
253 1510 460 1578 γίνεται
487 1507 694 1580 χειμὼν
720 1507 1078 1578 σφοδρότατος
1104 1505 1199 1560 καὶ
1234 1504 1452 1577 ὄμϐροι,
1482 1504 1576 1558 καὶ
1601 1500 1669 1575 ἦν
1706 1505 1736 1557 0

163 1601 549 1673 παραπλήσιος
599 1600 897 1672 χείμαρρος
944 1601 1025 1663 είς
1077 1598 1207 1669 ὃλην
1251 1597 1350 1670 τὴν
1400 1596 1737 1668 πλημμύραν

163 1694 367 1747 αὐτοῦ’
418 1690 535 1746 εἶτα
581 1693 784 1755 ἐκεῖνος
833 1690 1023 1761 ἢθελεν
1064 1688 1320 1745 ἀπελθεῖν
1360 1688 1448 1742 διὰ
1484 1688 1545 1743 τὸ
1588 1689 1739 1760 ῥῆμα

160 1784 259 1839 τοῦ
289 1785 561 1855 γέροντος.
603 1784 792 1853 Ἡμεῖς
837 1782 895 1835 δὲ
942 1781 1359 1853 παρεκαλοῦμεν
1410 1780 1572 1834 αὐτὸν
1619 1781 1738 1849 μετ-

1831 617 2027 671 passus
2063 614 2147 658 est
2194 604 2366 674 ipsius
2411 607 2665 662 virtutem
2714 608 2768 662 in
2814 609 3049 665 obscuro
3102 626 3243 667 esse.
3294 614 3399 672 Uni

1830 695 1975 748 enim
2002 712 2068 751 ex
2096 698 2457 754 sanctissimis
2496 700 2601 755 illis
2640 702 2950 757 senioribus
2979 704 3253 761 revelatus
3297 718 3400 770 est.

1830 794 1884 838 et
1915 787 2064 843 visus
2098 790 2239 844 inter
2268 790 2515 845 divorum
2558 793 2788 847 aliorum
2838 803 3077 859 caterva,
3126 812 3234 851 una
3277 813 3400 853 cum

1832 879 1941 934 illis
1969 878 2254 948 perfruens
2298 881 2650 937 beatitudine.
2695 880 2931 937 Narrare
2974 883 3099 938 licet
3145 896 3199 939 et
3249 886 3405 940 vobis

1834 972 2157 1025 miraculum
2204 970 2453 1037 alterum,
2493 973 2637 1041 quod
2681 980 2839 1028 aetate
2887 989 3006 1027 mea
3051 974 3249 1030 factum
3298 988 3402 1043 est,

1837 1070 1894 1115 ut
1927 1061 2237 1133 intelligatis
2269 1071 2467 1117 tantam
2510 1078 2633 1118 esse
2673 1065 2994 1119 obedientia:
3039 1076 3093 1120 et
3130 1066 3406 1137 abnegata:

1834 1150 2128 1207 voluntatis
2178 1152 2306 1216 vim,
2351 1167 2472 1222 qua:
2520 1168 2549 1207 a
2598 1165 2769 1208 morte
2822 1171 3041 1225 quoque
3094 1158 3303 1226 eripere
3351 1167 3406 1214 et

1837 1243 2066 1297 liberare
2132 1244 2404 1298 bomlnem
2456 1247 2649 1314 possit.
2706 1245 2842 1300 Cum
2909 1263 3085 1303 essent
3157 1249 3405 1319 quando-

1835 1349 1941 1404 que
1988 1335 2128 1403 apud
2174 1334 2419 1389 abbatem
2472 1335 2762 1403 Seridum,
2821 1353 2887 1393 au
2941 1355 3065 1395 eum
3130 1342 3406 1412 profectus

1835 1434 1921 1481 est
1962 1426 2030 1480 ab
2072 1425 2183 1481 oris
2220 1426 2554 1482 Ascalonicis
2605 1430 2904 1484 monachus
2951 1434 3018 1483 ab
3066 1432 3259 1489 abbate
3307 1448 3409 1489 suo

1837 1531 1961 1571 cum
1992 1517 2260 1571 mandatis
2290 1520 2513 1573 missus.
2553 1517 2877 1588 lmperatum
2915 1532 3096 1577 autem
3142 1525 3191 1578 ei
3241 1540 3272 1578 a
3320 1541 3407 1581 se-

1837 1611 1985 1664 niore
2007 1609 2201 1674 fuerat,
2223 1608 2383 1679 332
2414 1618 2473 1664 ut
2504 1610 2570 1663 ad
2603 1625 2883 1679 vesperam
2914 1615 3138 1667 omnino
3181 1615 3400 1670 rediret.

1838 1699 2056 1754 Interim
2081 1698 2271 1753 oborta
2300 1709 2381 1753 est
2413 1698 2676 1753 immensa
2700 1708 3011 1768 tempestas,
3044 1700 3218 1755 imber
3243 1703 3408 1756 maxi-

1838 1809 1982 1858 mus,
2012 1792 2247 1847 tonitrua
2280 1792 2565 1857 horrenda,
2608 1791 3002 1859 videbaturque
3052 1794 3277 1849 torrenti
3329 1794 3407 1848 si-

163 1894 276 1941 ναι,
328 1876 542 1947 ἔχοντες
594 1876 676 1929 ὅτι
724 1874 982 1929 ἀδύνατόν
1032 1876 1147 1928 ἐστι
1192 1873 1433 1944 σωθῆναι
1466 1873 1625 1927 αὐτὸν
1673 1874 1735 1927 ὲκ

1838 1884 1981 1938 milis
2012 1897 2076 1937 ea
2108 1882 2408 1937 inundatio.
2443 1881 2668 1937 Volebat
2702 1881 2790 1936 ille
2816 1882 3014 1937 reverti
3058 1893 3281 1955 urgente
3317 1900 3407 1939 se-

160 1966 263 2021 τοῦ
300 1965 568 2037 ποταμοῦ.
609 1966 845 2029 Ἐκεῖνος
876 1965 932 2018 δὲ
961 1964 1060 2019 οὐκ
1093 1964 1340 2018 ἐπείθετο
1369 1966 1503 2034 ἡμῖν
1534 1966 1734 2035 μεῖναι.

164 2058 415 2129 Λέγομεν
460 2058 707 2129 ὕστερον,
769 2056 1116 2129 Ἀπέλθωμεν
1147 2057 1264 2128 μετ’
1296 2055 1460 2111 αὐτοῦ
1486 2056 1592 2119 ἕως
1641 2055 1737 2110 τοῦ

163 2149 414 2219 ποταμοῦ
435 2165 448 2179 ο
484 2150 577 2202 ἐὰν
609 2149 717 2217 γὰρ
751 2148 832 2219 ἴδῃ
875 2147 1057 2210 αὑτὸν,
1104 2146 1198 2216 ἀφ’
1226 2145 1419 2201 ἑαυτοῦ
1456 2146 1568 2217 ἔχει
1608 2148 1739 2201 ἀνα-

161 2242 403 2311 κάμψαι.
454 2241 793 2311 ’Δπήλθομεν
825 2236 919 2293 οῦν
952 2241 1069 2309 μετ’
1101 2238 1289 2300 αὑτοῦ,
1322 2238 1417 2292 καὶ
1443 2241 1530 2292 ὅτε
1567 2239 1737 2309 ἑφθά-

165 2350 343 2402 σαμεν
392 2332 483 2386 τὸν
540 2332 802 2402 ποταμὸν,
848 2329 1139 2385 ἀποδύεται
1193 2330 1402 2393 ἐκεῖνος
1441 2330 1509 2383 τὰ
1552 2332 1739 2401 ίμάτια

163 2424 357 2489 αὐτοῦ,
393 2425 485 2478 καὶ
515 2425 705 2495 δεσμεῖ
734 2423 872 2477 αὺτά
906 2424 983 2485 είς
1010 2423 1107 2493 τὴν
1140 2422 1381 2494 κεφαλὴν
1413 2420 1599 2486 αὑτοῦ,
1638 2424 1737 2477 καὶ

163 2517 434 2582 ζώννυται
468 2516 528 2569 τὸ
563 2516 830 2587 μαφόριον
859 2514 1043 2578 αὑτοῦ,
1072 2515 1168 2569 καὶ
1214 2514 1394 2585 βάλλει
1433 2515 1622 2568 ἑαυτὸν
1653 2516 1737 2579 είς

160 2609 259 2661 τὸν
309 2608 551 2678 ποταμὸν
612 2609 692 2671 είς
740 2606 861 2660 ὃλον
912 2606 973 2659 τὸ
1026 2606 1252 2678 φοϐερὸν
1308 2604 1486 2677 ῥεῦμα
1536 2607 1732 2661 έκεῖνο.

175 2702 371 2770 Ἡμεῖς
421 2700 478 2753 δὲ
520 2698 785 2769 ίστάμεθα
833 2697 1261 2768 ἐκπληττόμενοι
1306 2697 1401 2750 καὶ
1444 2697 1738 2769 τρέμοντες

166 2794 371 2864 μήπως
413 2792 691 2864 ἀποθάνῃ*
732 2793 937 2854 ἐκεῖνος
979 2789 1036 2843 δὲ
1080 2788 1239 2860 έμενε
1283 2789 1589 2859 κολυμϐῶν,
1640 2790 1738 2843 καὶ

164 2884 482 2955 εὑρίσκεται
532 2881 870 2954 παραχρῆμα
910 2883 989 2945 είς
1027 2880 1092 2935 τὸ
1122 2880 1252 2935 ἄλλο
1283 2881 1478 2952 πέραν,
1514 2881 1609 2934 καὶ
1651 2882 1737 2933 ὲν-

161 2976 351 3031 δύεται
399 2975 469 3029 τὰ
523 2975 712 3045 ίμάτια
761 2972 947 3037 αὐτοῦ,
978 2973 1072 3025 καὶ
1115 2970 1297 3042 βάλλει
1348 2972 1481 3042 ἡμῖν
1526 2970 1736 3025 ἐκεῖθεν

167 3069 485 3139 μετάνοιαν,
520 3067 617 3120 καὶ
652 3064 917 3135 λαμϐάνει
956 3062 1279 3135 παράθεσιν,
1314 3062 1410 3117 καὶ
1439 3062 1735 3134 ἀπέρχεται

164 3160 415 3232 τρέχων·
450 3161 611 3231 ἡμεῖς
649 3156 707 3212 δὲ
739 3154 1030 3227 ἐμείναμεν
1079 3153 1471 3225 θαυμάζοντες,
1510 3156 1604 3209 καὶ
1644 3157 1734 3232 ὲκ-

1839 1971 2011 2027 nioris
2062 1980 2328 2040 praecepto
2370 1989 2383 2025 :
2424 1984 2526 2026 nos
2575 1984 2706 2025 vero
2753 1979 2943 2025 contra
2990 1971 3411 2027 cohortabamnr

1837 2069 2151 2130 exspectare
2179 2059 2555 2122 serenitatem,
2590 2068 2899 2114 asserentes
2927 2059 3217 2129 periclitari
3257 2060 3409 2115 illum

1838 2152 2073 2206 maxime
2103 2151 2157 2206 in
2186 2151 2352 2204 tantis
2394 2166 2657 2221 aquarum
2702 2150 3099 2221 eruptionibus.
3151 2149 3269 2205 Non
3316 2167 3411 2206 ac-

1838 2244 2043 2314 quievit
2086 2244 2250 2314 igitur
2298 2243 2388 2299 ille
2432 2243 2590 2297 nobis
2637 2243 2749 2297 ullo
2782 2252 2976 2314 pacto,
3032 2252 3093 2297 ut
3144 2256 3409 2300 maneret.

1838 2337 2186 2393 Decrevimus
2211 2352 2334 2391 eum
2357 2336 2423 2391 ad
2450 2350 2623 2405 usque
2638 2334 2838 2391 flumen
2872 2336 3154 2407 subsequi,
3181 2352 3409 2407 speran-

1837 2442 1918 2489 tes
1968 2432 2167 2503 ipsum,
2202 2447 2326 2485 cum
2358 2431 2487 2485 illud
2520 2429 2764 2493 vidisset,
2813 2431 3226 2485 emendaturum
3275 2445 3412 2485 con-

1837 2526 2020 2581 silium
2074 2533 2128 2578 et
2182 2538 2550 2578 reversurum.
2597 2521 2676 2576 Eo
2728 2532 2907 2577 autem
2961 2532 3250 2593 postquam
3303 2539 3413 2577 una

1836 2617 2203 2686 pervenimus,
2242 2624 2438 2669 exutus
2467 2615 2556 2669 ille
2581 2623 2783 2679 vestes,
2813 2630 2906 2671 eas
2930 2616 3128 2671 cervici
3158 2616 3413 2671 collectas

1836 2708 2115 2779 imposuit,
2181 2719 2236 2762 et
2268 2708 2545 2762 accinctus
2578 2707 2861 2776 scapulare
2887 2722 3070 2773 suum,
3109 2723 3230 2764 sese
3263 2708 3415 2764 dedit

1834 2793 2161 2863 praecipitem
2198 2792 2252 2845 in
2288 2800 2609 2856 torrentem,
2653 2790 2946 2860 statimque
2989 2801 3178 2847 natare
3227 2792 3413 2861 carpit.

1846 2883 2290 2939 Formidantibus
2323 2892 2501 2937 autem
2532 2882 2689 2938 nobis
2722 2898 2791 2937 ne
2834 2894 3189 2953 mergeretur,
3236 2884 3415 2939 subito

1841 2976 1896 3031 in
1927 2975 2084 3030 littus
2117 2974 2345 3047 alterum
2374 2973 2642 3042 (mirabile
2668 2972 2838 3043 dictu)
2869 2986 3192 3044 conspectus
3233 2984 3336 3039 est,
3362 2986 3417 3031 et

1834 3065 2130 3135 resumptis
2152 3065 2331 3119 denuo
2356 3064 2622 3129 vestibus,
2657 3079 2688 3118 a
2719 3065 2875 3120 nobis
2914 3065 3203 3134 impetrata
3232 3066 3413 3128 venia,

1836 3158 2126 3215 discessit:
2170 3173 2268 3212 nos
2307 3166 2485 3212 autem
2534 3156 2656 3227 plus
2689 3172 2854 3227 quam
2889 3158 2994 3211 dici
3028 3167 3192 3227 queat
3221 3159 3413 3213 obstu-

164 3230 530 3323 πληττόμενοι
585 3251 685 3322 τὴν
731 3248 959 3319 δύναμιν
1008 3247 1110 3319 τῆς
1163 3249 1399 3320 ἀρετῆς·
1444 3249 1527 3301 ὅτι
1574 3230 1735 3319 ἡμεῖς

1837 3254 2075 3323 puimus,
2129 3251 2306 3305 mirati
2352 3251 2571 3306 virtutis
2615 3250 2724 3304 vim
2770 3261 2824 3304 et
2873 3251 3193 3320 potentiam.
3245 3249 3415 3305 Nobis

166 3347 317 3418 μετά
348 3346 535 3412 φόϐου,
580 3342 682 3397 κᾶν
712 3340 1089 3411 προσείχομεν,
1120 3342 1327 3405 ἐκεῖνος
1354 3340 1411 3393 δὲ
1444 3340 1738 3403 ἀκινδύνως

160 3437 355 3508 διῆλθε
384 3437 471 3490 διὰ
513 3434 614 3505 τὴν
642 3432 888 3503 ὑπακοὴν
922 3432 1104 3486 αὐτοῦ.
1136 3432 1247 3486 Καὶ
1276 3434 1304 3485 ὁ
1340 3431 1563 3501 ἀδελφὸς
1591 3434 1735 3485 ἐκεῖ·

159 3547 283 3592 νος,
314 3529 374 3581 ὃν
405 3526 649 3597 επεμψεν
673 3528 701 3579 0
725 3524 897 3588 ἀϐϐἄς
924 3523 1088 3578 αὑτοῦ
1113 3524 1200 3577 διὰ
1222 3524 1320 3586 τάς
1348 3524 1533 3593 χρείας
1558 3523 1739 3580 αὐτῶν

160 3619 311 3690 πρὸς
338 3619 430 3671 τὸν
458 3614 851 3686 ἀποκρισάριον
887 3611 1051 3667 αὑτοῦ
1093 3613 1173 3676 είς
1198 3612 1296 3683 τὴν
1343 3611 1536 3682 κώμην
1555 3629 1568 3644 ο
1619 3613 1736 3676 πῶς

157 3715 256 3766 ὅτι
287 3706 430 3765 εἶδεν
461 3707 621 3762 αὐτὸν
652 3706 942 3776 ἑλκόμενον
986 3703 1090 3757 ὑπὸ
1136 3704 1237 3773 τῆς
1265 3703 1530 3775 θυγατρὸς
1567 3704 1734 3757 αὑτοῦ

156 3804 254 3864 είς
294 3799 522 3870 αἰσχρὰν
573 3796 750 3868 μίξιν·
805 3794 891 3848 ἵνα
936 3793 1101 3865 μόρον
1131 3794 1245 3865 (sic)
1288 3794 1452 3866 εῐπῃ·
1499 3794 1558 3847 'U
1603 3794 1735 3857 Θεὸς

156 3891 265 3947 τοῦ
293 3890 503 3959 Πατρός
539 3905 660 3960 μου,
688 3886 869 3950 ἐξελοῦ
902 3902 969 3956 με
992 3901 1007 3917 ’
1037 3905 1056 3939 ι
1082 3885 1285 3949 εὐθέως
1314 3885 1509 3956 εὑρέθη
1535 3887 1614 3950 είς
1637 3886 1734 3958 τὴν

152 3984 289 4039 ὁδὸν
311 3982 410 4052 τῆς
438 3982 686 4052 Σκήτεως
724 3978 951 4047 ὑπάγων
982 3977 1122 4049 πρὸς
1163 3976 1256 4031 τὸν
1285 3978 1503 4049 Πατέρα
1544 3977 1730 4035 αὑτοῦ.

230 4255 356 4321 ις’.
395 4250 628 4305 Βλέπετε
662 4249 891 4319 δύναμιν
922 4247 1141 4319 ἀρετῆς,
1176 4246 1402 4317 βλέπετε
1449 4247 1729 4319 ἐνέργειαν

149 4348 431 4420 ῥήματος,
485 4344 656 4413 πόσην
709 4341 960 4411 βοήθειαν
998 4340 1111 4411 ἔχει
1151 4341 1245 4393 καὶ
1290 4339 1353 4393 τὸ
1402 4341 1732 4395 ἐπικαλέσα-

1839 3345 1982 3399 enim
2014 3343 2103 3397 vix
2150 3344 2202 3396 in
2233 3358 2357 3397 eum
2393 3343 2509 3397 sine
2555 3350 2793 3397 tremore
2836 3344 3239 3404 contuentibns,
3293 3344 3410 3411 ipse

1841 3438 1991 3513 solus
2019 3436 2321 3505 intrepidus
2352 3436 2559 3505 absque
2591 3435 2697 3490 ulla
2732 3434 3021 3489 formidine
3064 3444 3119 3490 et
3169 3437 3414 3505 periculo

1840 3524 2096 3585 enatavit,
2128 3523 2295 3578 fretus
2325 3523 2648 3576 obedientiaa
2695 3522 2912 3577 merito.
2950 3523 3103 3577 Haud
3147 3524 3412 3579 dissimile

1842 3618 1944 3673 fuit
1973 3627 2025 3673 et
2060 3616 2192 3672 illud
2223 3617 2365 3686 quod
2407 3616 2560 3669 alteri
2613 3615 2881 3685 discipulo
2926 3615 3169 3685 contigit.
3216 3617 3309 3686 qui
3343 3619 3412 3672 ab

1840 3712 2033 3766 abbate
2064 3710 2116 3765 in
2150 3710 2449 3778 proximam
2480 3708 2720 3761 villulam
2751 3707 2953 3761 missus
2981 3708 3047 3761 ad
3078 3708 3410 3777 expedienda

1839 3816 1959 3871 qua:
1985 3816 2123 3871 opus
2154 3800 2386 3863 fuerant,
2417 3814 2539 3853 cum
2571 3813 2628 3851 se
2661 3797 2884 3852 sentiret
2920 3797 2973 3851 in
3019 3800 3412 3867 concupiscen-

1839 3897 1968 3951 tiam
2010 3894 2237 3964 pr0pria:
2275 3892 2451 3946 liliola:
2483 3890 2784 3952 sollicitari,
2824 3891 3144 3945 exclamavit
3194 3891 3408 3946 unicam

1841 3984 1981 4039 hanc
2034 3996 2222 4038 vocem
2277 4000 2292 4034 :
2343 3998 2363 4031 ι
2408 3979 2549 4034 Deus
2616 3980 2786 4049 patris
2840 3982 2943 4033 mei
3014 3980 3179 4034 libera
3225 3997 3349 4047 me;
3386 4001 3403 4031 ι

1839 4074 2131 4143 statimque
2160 4087 2279 4126 sese
2309 4071 2447 4139 apud
2489 4071 2631 4123 viam
2666 4068 2896 4152 Scetiam
2934 4072 3134 4139 reperit
3159 4090 3171 4124 :
3201 4073 3293 4142 qui
3322 4089 3408 4126 re-

1835 4179 2026 4219 versus
2051 4164 2115 4217 ad
2152 4162 2368 4217 Patrem
2398 4178 2557 4217 suum
2599 4172 2741 4241 esu,
2778 4168 2781 4173 '
3063 4238 3072 4241 _
3168 4223 3178 4233 .

1904 4255 2051 4310 XVI.
2092 4254 2280 4311 Videte
2325 4252 2624 4336 potentiam
2679 4238 2919 4336 virtutisi
2970 4238 3409 4324 contemplamini

1835 4348 1943 4402 vim
1973 4348 2121 4402 verbi
2151 4366 2165 4414 ;
2206 4325 2470 4416 quantum
2488 4325 2707 4401 ’soilicet
2734 4325 2921 4421 affeﬁt
2952 4347 3136 4401 a‘uxilli
3167 4349 3409 4418 paternis

146 4438 291 4493 οθαί
315 4452 437 4490 τινα
470 4435 566 4497 τὰς
596 4433 758 4503 εὐχὰς
783 4433 877 4485 τοῦ
896 4431 1105 4503 Πατρὸς
1128 4430 1296 4485 αὐτοῦ
1317 4447 1332 4462 °
1357 4431 1442 4484 ἵνα
1469 4431 1597 4503 εἴπῃ
1618 4447 1634 4462 ο
1675 4432 1733 4485 '0

1837 4441 2088 4510 precibus
2131 4455 2249 4495 sese
2287 4439 2482 4493 dedere
2531 4438 2827 4507 :‘ipsorum
2877 4438 3020 4492 enim
3062 4439 3164 4511 ille
3206 4440 3407 4495 similia

142 4530 318 4595 Θεὸς,
359 4528 446 4582 διὰ
480 4528 578 4591 τάς
609 4525 772 4597 εὐχὰς
799 4524 892 4578 τοῦ
924 4525 1134 4597 Πατρός
1164 4542 1266 4595 μου
1302 4524 1485 4590 ἐξελοῦ
1522 4542 1608 4595 με,
1640 4526 1734 4578 εὐ-

146 4627 309 4688 θέως
334 4622 533 4693 εὑρέθη
570 4622 648 4684 είς
689 4620 786 4691 τὴν
827 4618 963 4676 ὁδόν.
996 4620 1384 4691 Κατανοήσατε
1425 4620 1482 4674 δὲ
1508 4619 1606 4691 τὴν
1632 4638 1730 4674 τα-

143 4715 427 4769 πείνωσιν
467 4712 560 4765 καὶ
604 4710 702 4781 τὴν
737 4708 1019 4763 εὐλάϐειαν
1068 4709 1413 4779 ἀμφοτέρων.
1464 4705 1643 4762 ’Ἦσαν
1674 4710 1732 4763 ὲν

136 4803 448 4869 στενώσει,
496 4802 590 4855 καὶ
616 4799 804 4871 ἤθελεν
843 4800 873 4851 0
908 4801 1087 4869 γέρων
1124 4799 1335 4869 πέμψαι
1370 4799 1461 4852 τὸν
1507 4800 1732 4869 ἀδελφὸν

137 4898 305 4969 πρὸς
356 4894 446 4948 τὸν
478 4892 732 4947 ποιοῦντα
765 4891 949 4954 αὐτοῖς
998 4891 1098 4962 τὴν
1142 4891 1457 4961 ἀπόκρισιν,
1497 4893 1591 4945 καὶ
1634 4894 1734 4946 οὐκ

128 4989 353 5054 ἔλεγεν
385 4981 563 5052 αὐτῷ’
605 4981 856 5048 ’Υπαγεο
892 4979 1008 5033 ἀλλ’
1058 4980 1242 5047 ἔλεγεν
1266 4980 1446 5051 αύτῷ·
1494 4999 1513 5032 ι
1551 4982 1736 5047 Θέλεις

125 5076 455 5141 ἀπελθεῖν;
518 5093 536 5126 ι
608 5074 842 5141 Ὁμοίως
890 5072 987 5124 καὶ
1039 5072 1069 5125 0
1116 5071 1343 5140 ἀδελφὸς
1387 5072 1487 5126 οὐκ
1542 5070 1751 5127 εἷπενυ

138 5168 434 5235 ,Υπάγαν
482 5165 598 5220 ἀλλ’
640 5164 825 5233 ἔλεγεν
868 5164 1046 5233 αὐτῷ’
1088 5181 1106 5214 ι
1164 5165 1252 5227 Ὠς
1293 5163 1468 5227 θέλεις
1497 5165 1656 5219 ποιῶ.
1709 5184 1728 5223 t

136 5261 450 5334 Ἐφοϐεῖτο
489 5259 598 5328 γὰρ
637 5258 733 5311 καὶ
772 5256 859 5311 διὰ
905 5256 970 5309 τά
1022 5256 1292 5311 σκάνδαλα
1318 5256 1412 5310 καὶ
1438 5257 1527 5310 διὰ
1556 5258 1616 5311 τδ
1655 5258 1730 5331 μὴ

118 5351 506 5430 παρακοῦσαι
528 5350 623 5404 τοῦ
653 5349 864 5419 Πατρδς
903 5346 1087 5401 αὑτοῦ.
1124 5342 1256 5401 Εἶτα
1287 5348 1362 5412 ὡς
1388 5347 1548 5402 πλέον
1577 5350 1741 5433 sese?

116 5447 431 5516 νώθησαν,
452 5442 599 5510 λέγει
623 5440 771 5510 αὐτῷ
795 5442 822 5492 0
856 5439 1051 5509 γέρων·
1093 5456 1112 5490 ι
1156 5438 1423 5507 Ἐγείρου,
1461 5437 1636 5506 ὕπαγε
1658 5440 1723 5490 ..δ

112 5542 231 5596 καὶ
272 5537 388 5590 οὐκ
419 5529 571 5587 εἶπεν
608 5531 788 5601 αὐτῷ·
829 5527 1061 5594 Ἐλπίζω
1095 5532 1174 5593 είς
1212 5530 1303 5584 τὸν
1340 5529 1472 5582 Θεόν
1506 5546 1607 5600 μου
1649 5532 1731 5584 ὅτι

1838 4531 2053 4585 locutus
2075 4538 2161 4585 est
2184 4528 2365 4584 verba;
2387 4547 2404 4579 ι
2433 4516 2754 4593 ιίὺετυἰηε,
2777 4525 2942 4587 Deus.
2970 4544 3066 4598 per
3096 4529 3274 4586 Patris
3303 4532 3409 4585 mei

1838 4622 2146 4677 orationes:
2180 4640 2199 4673 ι
2243 4619 2592 4676 Considerate
2631 4618 2987 4674 humilitatem
3023 4628 3079 4674 et
3111 4622 3406 4677 observan-

1839 4716 1967 4769 tiam
2016 4714 2343 4768 amborum:
2380 4721 2526 4767 .erat.
2563 4721 2790 4781 uterque
2839 4712 3038 4767 dubius
3083 4722 3136 4768 et
3187 4715 3405 4779 anxius,

1834 4807 2346 4894 volebgtquesenex
2393 4804 2612 4860 fratrem
2647 4806 2709 4859 ad
2745 4806 3061 4861 monasterii
3097 4808 3406 4864 necessaria

1831 4896 2124 4962 dimittet-0',
2161 4914 2263 4953 nec
2291 4907 2468 4951 tamen
2501 4907 2560 4951 ut
2604 4898 2724 4963 iret,
2758 4898 3027 4968 imperare
3066 4898 3255 4962 voluit.
3304 4902 3405 4955 sed

1830 5001 2011 5045 utrum
2055 4990 2325 5061 proﬁcisci
2360 4990 2520 5044 vellet
2562 4999 2910 5060 percontatus
2957 4998 3059 5045 est.
3110 4989 3227 5045 Non
3275 4992 3403 5046 item

1833 5082 2002 5137 frater
2026 5069 2325 5193 reipondit,
2358 5099 2376 5131 ι
2399 5080 2496 5145 Eo,
2522 5081 2614 5135 sed
2637 5081 2900 5151 quidquid
2922 5081 3156 5150 jusseris
3181 5082 3399 5147 faciam,

1830 5172 2006 5228 Pater.
2040 5160 2410 5230 A’Hinc‘enim
2439 5173 2692 5227 scandala
2720 5174 3029 5239 verebatur,
3063 5174 3189 5229 hinc
3219 5173 3398 5231 Patris

1830 5260 2252 5316 ioohedientiam
2307 5259 2652 5313 formidabat.
2705 5258 2789 5312 Ad
2831 5262 2947 5315 haec
2994 5259 3158 5330 igitur
3212 5276 3400 5325 senex,

1836 5372 1853 5403 ι
1884 5351 2147 5435 Exsurge,
2177 5352 2272 5417 alt,
2303 5360 2358 5405 et
2390 5360 2633 5414 actutum
2665 5365 2841 5421 perge.
2874 5370 2892 5402 ›
2922 5349 3199 5406 Recedens
3238 5351 3403 5408 frater

1830 5442 1967 5496 dixit
1994 5451 2071 5495 τοι
2100 5441 2217 5495 Non
2250 5442 2497 5511 spero'in
2530 5440 2697 5495 Deum
2729 5440 2855 5510 quia
2891 5454 2975 5494 me
3001 5449 3262 5509 proteget,
3304 5444 3401 5497 sed

1830 5535 1886 5589 in
1940 5533 2277 5589 orationibus
2312 5532 2490 5587 Patris
2538 5532 2662 5595 mei,
2699 5531 2826 5600 quia
2870 5546 2959 5585 me
3010 5533 3337 5589 tuebuntur:
3376 5553 3395 5586 ι

114 5629 413 5698 σκεπάζῃ
447 5638 542 5678 σε’
576 5624 709 5678 ἀλλά
746 5622 929 5691 λέγει’
974 5640 992 5674 ι
1044 5621 1278 5686 Ἐλπίζω
1323 5625 1402 5687 είς
1427 5623 1527 5688 τὰς
1566 5624 1731 5696 εὐχὰς

1836 5627 2023 5697 sicque
2063 5642 2185 5681 cum
2236 5626 2291 5679 in
2330 5625 2677 5679 tentationem
2729 5622 3027 5686 incidisset,
3077 5638 3185 5677 non
3229 5624 3401 5680 Deum

108 5723 226 5781 τοῦ
271 5718 499 5789 Πατρός
532 5733 630 5787 μου
670 5717 752 5768 ὅτι
797 5712 1129 5777 σκεπάζουσί
1170 5731 1256 5783 με.
1297 5732 1315 5766 ι
1370 5714 1600 5785 Ὀμοίως
1636 5717 1731 5769 καὶ

1836 5716 1889 5769 in
1917 5717 2176 5771 auxilium
2209 5716 2444 5777 vocavit,
2472 5714 2564 5769 sed
2594 5711 2769 5767 Patris
2796 5712 2887 5767 sui-
2911 5712 3202 5797 qsationes.
3228 5714 3402 5784 Atque

110 5823 145 5874 0
177 5809 461 5880 ἀδελφὸς,
492 5809 580 5863 ὅτε
627 5806 948 5877 ὲπειράσθη,
987 5806 1085 5859 οὑγ
1133 5801 1305 5873 εἶπεν,
1357 5808 1442 5861 ὅτι
1492 5808 1546 5861 '0
1585 5810 1728 5877 Θεός

1836 5810 1908 5865 ita
1934 5809 2172 5881 paternis
2203 5808 2544 5866 orationibus
2575 5807 2745 5862 fretus
2769 5813 2995 5863 uterque
3020 5806 3255 5863 maxime
3277 5806 3396 5863 fuit.
