4188 6438
757 403 888 468 1639

1924 389 1982 449 S.
2024 380 2411 447 DOROTHEI
2441 375 2759 436 ABBATIS

3837 356 4008 426 1640

753 523 829 576 Eu
860 517 1310 592 quemadmodum
1341 513 1657 596 obedientiaz
1684 506 2045 562 humilitatem
2076 501 2308 570 conjun-
2339 530 2350 558 Α

2420 511 2552 563 μου,
2573 486 2788 554 ἐξελοῦ
2810 502 2908 556 με,
2939 485 3076 546 ἀλλ’,
3111 503 3130 534 ι
3178 483 3236 538 '0
3262 483 3412 546 Θεὸς,
3455 483 3535 542 είς
3561 479 3658 541 τὰς
3696 477 3874 545 εὐχὰς
3900 477 4012 527 τοῦ

2420 587 2449 596 η
2570 583 2583 596 .
2827 577 2934 596 ,ρπ
2980 577 3005 589 ~
3097 593 3110 596 -
3184 594 3194 596 _
3244 577 3347 596 υ-.
3397 576 3625 596 εηηη,
3679 571 3867 596 ,μμ-,η
3923 572 4012 596 ,.,

752 629 912 666 xerc:
957 622 1015 665 ut
1045 610 1186 664 enim
1219 622 1416 663 currus
1445 620 1553 658 uno
1583 616 1725 671 equo
1757 613 1864 653 non
1898 596 2032 652 satis
2063 608 2308 648 commo-

749 704 817 757 de
848 705 1096 762 trahitur.
1131 699 1233 756 nisi
1275 708 1328 753 et
1357 700 1585 753 alterum
1615 705 1856 763 apponas
1882 707 1896 744 :
1948 689 2022 741 ita
2054 683 2310 739 obedieos

753 795 1108 848 humilitatem
1151 789 1495 860 eonjugatam
1549 786 1649 840 sibi
1697 779 1958 850 deposcit.
2014 778 2133 842 Qua
2180 786 2312 828 sane

679 883 691 900 '
751 887 920 958 gratia
951 895 1005 940 ct
1049 885 1246 938 virtute
1293 879 1474 934 haberi
1519 891 1679 932 nemo
1723 874 1917 942 dignus
1958 877 2156 939 potest,
2204 862 2308 919 nisi

752 955 876 1029 ante
903 984 1227 1028 consuescat
1265 967 1592 1041 praecludere
1631 972 1686 1018 et
1715 967 1996 1032 amputare
2034 955 2307 1027 propriam

754 1068 1104 1129 voluntatem,
1136 1079 1194 1118 se
1228 1063 1399 1132 ipsum
1434 1067 1555 1129 post
1596 1056 1762 1110 Deum
1788 1053 1932 1108 Patri
1965 1065 2067 1106 suo
2092 1047 2309 1109 dedere,

751 1167 910 1229 atque
937 1157 1005 1210 ab
1032 1172 1097 1210 eo
1147 1155 1292 1209 nulla
1322 1155 1372 1207 in
1416 1168 1471 1206 re
1501 1147 1844 1221 postmodum
1875 1142 2184 1204 dissentire,
2218 1139 2311 1194 sed

753 1250 937 1304 omnia
971 1248 1138 1320 ipsius
1169 1247 1395 1302 arbitrio
1434 1243 1628 1306 facere,
1659 1255 1721 1295 ea
1755 1238 1854 1292 fide
1877 1247 1932 1292 et
1968 1233 2310 1294 eertitudine,

755 1355 820 1394 ac
849 1340 892 1392 si
927 1339 1065 1393 Deus
1095 1338 1148 1390 io
1190 1335 1403 1390 cunctis
1451 1349 1554 1386 non
1609 1329 1810 1384 homini
1860 1334 2089 1398 pareret,
2127 1332 2189 1378 ut
2235 1321 2310 1376 illi

752 1441 892 1498 quos
920 1426 1266 1498 praediximus
1297 1422 1646 1476 factitarunt:
1690 1419 1777 1472 hic
1809 1415 2029 1481 salvari,
2079 1413 2168 1468 hic
2210 1411 2312 1466 mi-

751 1519 1098 1575 sericordiam
1131 1513 1388 1583 censequi
1421 1511 1618 1582 dignus
1654 1519 1756 1564 est.
2101 1522 2107 1532 ε

820 1689 982 1746 XVII.
1018 1687 1272 1744 Memoria
1297 1693 1381 1740 est
1403 1683 1470 1738 de
1493 1683 1647 1736 beato
1678 1677 1893 1740 Basilio,
1921 1676 2014 1746 qui
2045 1635 2168 1730 eum
2198 1687 2312 1728 caa-

753 1786 913 1840 nobia
939 1797 1035 1838 sua
1065 1781 1338 1843 inviseret,
1367 1775 1435 1830 ab
1463 1789 1570 1829 uno
1598 1773 1939 1842 praelatorum
1969 1775 2313 1838 percontatus

2407 583 2616 654 Πατρός
2671 597 2774 652 μου
2825 577 3010 643 έξελοῦ
3049 593 3136 644 με.
3182 594 3201 629 i
3244 577 3355 630 Καὶ
3397 576 3625 635 ἕκαστος
3673 571 3867 625 αὐτῶν
3919 572 4016 630 είς

2403 676 2501 738 τὰς
2551 674 2719 744 εὐχὰς
2765 671 2860 726 τοῦ
2901 669 3114 741 Πατρδς
3140 667 3306 722 αὐτοῦ
3337 666 3551 738 ἤλπιζε.
3592 665 3834 717 Βλέπετε
3877 661 4015 723 πῶς

2403 765 2630 830 ἔζευξαν
2671 763 2774 836 τὴν
2808 761 3074 842 ’ὑπακοὴν
3117 763 3185 830 τῇ
3231 758 3589 812 ταπεινώσει⁹
3635 756 3838 824 ὥσπερ
3887 753 4017 820 γὰρ

2405 859 2696 927 ζεύγνυται
2729 854 2791 908 τδ
2829 852 3006 922 ἅρμα,
3050 850 3148 905 καὶ
3174 850 3236 904 οὐ
3269 849 3490 903 δύναται
3517 850 3546 902 ό
3577 848 3745 910 ἵππος
3773 845 4012 917 προλα-

2407 951 2520 1004 ϐεῖν
2557 950 2652 1002 τὸν
2684 947 2865 1010 ἄλλον,
2896 944 3182 998 ὲπικλᾶται
3203 957 3218 971 ’
3263 941 3436 1004 οὕτως
3474 940 3665 1011 χρῄζει
3695 941 3730 1008 ἡ
3765 936 4013 1004 ὑπακοὴ

2407 1043 2552 1113 ἔχειν
2584 1037 3020 1108 συνεζευγμένην
3047 1037 3184 1106 αὐτῇ
3211 1033 3312 1104 τὴν
3346 1031 3691 1086 ταπείνωσιν.
3729 1030 3852 1083 Καὶ
3880 1027 4016 1088 πῶς

2406 1130 2628 1185 δύναταί
2662 1146 2746 1193 τις
2778 1126 3075 1196 ἀξιωθῆναι
3119 1123 3324 1196 ταύτης
3359 1125 3458 1193 τῆς
3482 1123 3724 1192 χάριτος,
3755 1121 3863 1173 ἐὰν
3897 1117 4011 1188 μὴ,

2407 1222 2590 1284 καθὼς
2621 1216 2793 1281 εἷπον,
2829 1218 3084 1289 βιάσηται
3113 1216 3276 1286 κόψαι
3303 1213 3376 1267 τὰ
3406 1212 3514 1266 ἴδια
3551 1211 3867 1282 θελήματα,
3906 1212 4015 1263 καὶ

2410 1311 2553 1382 ἐκδῷ
2577 1311 2771 1364 ἑαυτὸν
2803 1308 2942 1378 μετὰ
2970 1307 3103 1361 Θεὸν
3124 1307 3204 1377 τῷ
3240 1304 3436 1361 ἑαυτοῦ
3471 1303 3668 1374 Πατρὶ,
3704 1304 3766 1356 ὲν
3800 1301 4014 1372 μηδενὶ

2408 1403 2694 1468 διστάζων,
2721 1401 2859 1456 ἀλλὰ
2890 1401 3069 1453 πάντα
3099 1399 3291 1464 ποιῶν,
3329 1397 3521 1468 ῶσπερ
3551 1395 3822 1464 κάκείνῳ,
3855 1393 4014 1464 μετὰ

2409 1494 2776 1567 πληροφορίας
2822 1493 2898 1554 ὡς
2931 1493 3016 1545 ὅτι
3059 1489 3138 1562 τῷ
3183 1489 3303 1562 Θεῷ
3341 1478 3665 1556 ὑπακούει,
3695 1489 3797 1550 Τίς
3849 1485 4012 1551 ᾰξπ

2410 1587 2720 1657 ἐλεηθῆναι,
2749 1586 2834 1650 τὶς
2859 1583 3010 1650 ἄξιος
3036 1583 3295 1655 σωθῆναι.

2483 1677 2582 1732 1Ζ’.
2623 1677 2849 1748 Φέρεταί
2888 1692 3021 1731 ποτε
3053 1675 3293 1738 τοιοῦτος
3323 1673 3502 1742 λόγος,
3528 1673 3612 1726 ὃτι
3637 1669 4010 1742 παρερχόμε-

2412 1770 2502 1834 νός
2525 1786 2655 1834 ποτε
2691 1769 2722 1822 ό
2754 1770 2911 1838 ἅγιοι⁹
2936 1765 3212 1830 Βασίλειος
3239 1764 3329 1818 διὰ
3352 1763 3462 1818 τῶν
3490 1761 3782 1818 κοινοόίων
3803 1759 4010 1822 αὐτοϋ,

752 1882 852 1940 est,
900 1885 1028 1924 num
1065 1881 1223 1938 quem
1275 1865 1328 1918 io
1373 1863 1541 1917 choro
1583 1872 1806 1914 suorum
1859 1857 2098 1919 haberet,
2149 1860 2350 1922 quem]

2420 1863 2565 1931 λέγει
2602 1861 2686 1915 ἑνὶ
2711 1859 2820 1914 τῶν
2849 1858 3202 1931 ἡγουμένωνο
3245 1874 3266 1910 ι
3305 1856 3492 1926 Ἔχεις
3518 1853 3639 1907 τινὰ
3668 1853 3783 1906 τῶν
3827 1853 4014 1916 σωζο-

753 1963 1052 2020 confideret
1119 1957 1454 2013 salvandum.
1507 1951 1888 2022 Respondente
1942 1955 2124 2001 autem
2185 1944 2312 2006 illo,

753 2067 969 2125 sperare
997 2065 1055 2106 se
1081 2063 1269 2104 omnes
1311 2060 1404 2116 per
1449 2059 1581 2100 suas
1627 2040 1904 2096 orationes
1950 2038 2067 2090 fore
2112 2034 2315 2089 salvos.

753 2121 990 2197 Rursum
1030 2138 1082 2193 id
1115 2138 1289 2207 ipsum
1326 2129 1718 2200 interrogavit;
1771 2140 1873 2181 nec
1919 2135 2045 2178 ante
2089 2121 2317 2185 destitit,

754 2250 915 2306 quam
939 2233 1024 2288 ille
1045 2249 1113 2287 ex
1141 2229 1359 2300 optimis
1389 2226 1668 2281 meliorem
1694 2221 1798 2276 sibi
1825 2219 2041 2274 offerret
2063 2217 2316 2272 electum.

754 2325 854 2380 Cui
882 2340 1005 2380 cum
1031 2321 1190 2376 Pater
1220 2318 1594 2375 sanctissimus
1623 2317 1911 2384 imperaret
1938 2320 1998 2366 ut
2025 2324 2219 2379 aquam
2251 2307 2316 2362 ad

758 2417 1049 2472 abluendos
1099 2413 1260 2484 pedes
1304 2409 1539 2472 all‘erret,
1587 2408 1722 2461 abiit
1774 2402 1979 2466 statim,
2033 2401 2212 2456 attulit
2266 2410 2320 2454 et

759 2506 924 2560 lavit:
975 2502 1141 2573 jussit
1198 2499 1539 2570 postmodum
1589 2498 1775 2550 sedere
1819 2507 1976 2556 eum,
2026 2506 2091 2544 ac
2148 2489 2319 2543 lavari

754 2595 954 2664 pariter
982 2612 993 2648 :
1026 2593 1205 2662 paruit
1233 2589 1320 2643 ille
1347 2587 1686 2658 simpliciter,
1716 2593 1771 2636 et
1797 2582 2138 2637 ministrante
2161 2577 2323 2632 Patre

757 2685 898 2737 lotus
921 2694 1018 2736 est.
1056 2680 1186 2734 Post
1216 2680 1315 2732 hoc
1344 2675 1645 2746 periculum
1670 2669 2010 2733 obedientize,
2040 2670 2321 2739 ingressus

757 2784 840 2829 est
866 2772 1024 2843 383
1060 2773 1112 2825 in
1155 2767 1526 2824 sanetuarium
1568 2779 1691 2818 cum
1739 2777 1805 2816 eo
1845 2759 2022 2822 Pater,
2070 2767 2126 2813 et
2179 2758 2323 2812 cele-

759 2871 937 2924 branti
984 2866 1245 2935 discipulo
1281 2863 1590 2916 ministrare
1613 2859 1786 2938 lvoluit
1810 2896 1825 2918 ,
1881 2870 1947 2909 eo
1982 2853 2127 2908 nulla
2177 2854 2231 2906 in
2265 2866 2324 2906 re

762 2951 1127 3014 dissentiente,
1173 2958 1552 3016 quamcunque
1580 2936 1918 3011 imperasset.
1951 2938 2127 3005 Atque
2172 2936 2323 2989 illum

762 3052 888 3115 post
917 3043 1028 3096 haec
1060 3039 1267 3096 socium
1294 3036 1394 3090 sibi
1430 3045 1483 3088 et
1513 3043 1829 3103 perpetuum
1880 3030 2128 3084 comitem
2183 3025 2324 3080 asci-

761 3137 855 3190 vit.
897 3132 1082 3203 Neque
1125 3131 1266 3185 enim
1312 3131 1477 3180 alium
1515 3139 1677 3194 quam
1709 3134 1954 3178 sanctum
2003 3118 2324 3188 discipulum

757 3233 813 3280 et
854 3198 1190 3277 benedictum
1225 3216 1446 3271 decebat
1479 3214 1676 3266 habere
1721 3209 1982 3265 deiferum
2017 3217 2222 3278 patrem
2271 3198 2392 3259 etC

760 3311 1181 3366 sanctissimum.
1233 3303 1341 3360 Vos
1388 3313 1564 3356 autem
1607 3300 1848 3363 omnino,
1887 3297 2098 3359 fratres,
2149 3295 2326 3350 adhuc

759 3408 1007 3469 expertes
1038 3396 1192 3450 video
1229 3389 1601 3458 hujuscemodi
1634 3386 1951 3442 obedientiae
1997 3383 2322 3444 indiseretaa

763 3507 864 3546 nec
891 3504 1052 3545 nosse
1080 3495 1282 3557 quanta
1305 3485 1422 3552 ejus
1453 3481 1774 3549 siti-equies.
1793 3476 2012 3530 Memini
2040 3489 2125 3529 me
2149 3489 2324 3543 quan-

765 3584 944 3649 doque
979 3578 1224 3632 abliatem
1257 3573 1520 3639 Joannem
1569 3567 1710 3622 beati
1751 3563 2108 3632 Barsanupliii
2160 3563 2326 3617 dlsci-

766 3671 952 3742 pulum
990 3667 1350 3732 interrOgasse
1380 3676 1490 3713 rem
1530 3653 1942 3726 hujuscemodi:
1972 3651 2108 3706 Cum
2142 3649 2326 3720 Scrip-

769 3741 888 3817 tura
917 3765 1304 3812 commemoret
1335 3766 1472 3819 Opus
1501 3749 1656 3803 nobis
1692 3762 1814 3800 esse
1851 3744 2038 3798 multis
2083 3741 2328 3798 afﬂictio-

766 3855 927 3908 nibus
961 3859 1014 3903 et
1061 3844 1326 3914 angustiis
1367 3840 1432 3894 ad
1487 3842 1610 3893 vita:
1657 3837 1961 3908 ingressum
2013 3842 2068 3888 et
2115 3833 2326 3898 salutis,

766 3944 1015 3999 dubitare
1057 3953 1143 3992 me
1191 3951 1257 3989 ne
1304 3933 1555 4005 perirem,
1597 3929 1692 4000 qui
1748 3926 1894 3981 nulla
1941 3941 2027 3980 me
2073 3924 2329 3979 sentirem

765 4052 896 4093 cura
924 4031 1125 4088 moveri
1147 4039 1199 4086 et
1238 4025 1517 4084 sollicitari
1543 4037 1558 4077 :
1595 4021 1757 4091 idque
1783 4035 1879 4091 per
1905 4018 2112 4074 litteras
2139 4017 2329 4072 scisci-

771 4129 942 4180 tabar.
983 4121 1123 4177 Inter
1157 4117 1520 4177 scribendum,
1550 4114 1746 4178 fateor,
1794 4110 1980 4181 augeri
2021 4108 2153 4163 mihi
2200 4109 2331 4163 leti-

776 4218 904 4270 tiam
949 4213 1272 4274 sentiebam,
1318 4206 1685 4273 timebantque
1732 4202 1863 4256 mihi
1909 4201 2010 4271 ipsi
2059 4201 2232 4269 magis
2261 4199 2328 4254 ad

769 4304 1147 4363 tribulationes
1187 4300 1482 4370 Scriptura!
1508 4296 1817 4354 advertens,
1861 4293 2059 4361 quibus
2108 4292 2329 4345 omnino

769 4411 955 4454 carere
985 4408 1070 4446 me
1103 4392 1514 4460 cognoscebam.
1563 4384 1632 4438 At
1669 4383 1803 4437 mihi
1836 4397 1997 4436 senex
2029 4381 2327 4448 respondit,

768 4505 822 4546 ιιι
851 4501 1049 4542 ianum
1084 4485 1330 4536 timorem
1357 4479 1576 4544 ademit,
1620 4475 1859 4532 inferens
1908 4475 1981 4526 ita
2019 4472 2329 4526 necessario

769 4585 1017 4644 evenire,
1066 4585 1124 4630 ut
1181 4573 1384 4630 scilicet
1437 4569 1801 4644 pacatissimi,
1845 4563 2228 4638 iucundissimi
2279 4573 2333 4617 et

769 4681 1096 4753 quietissimi
1131 4676 1260 4735 sint,
1301 4673 1609 4744 quicunque
1659 4687 1780 4729 sese
1829 4670 1883 4724 in
1934 4667 2155 4722 Patrum
2203 4665 2336 4720 obe-

767 4787 1028 4844 dientiam
1073 4776 1347 4834 dedidere.

2419 1956 2632 2028 μένωνς
2658 1974 2677 2006 ι
2699 1954 2867 2022 Λέγει
2888 1951 3037 2022 αὐτῷ
3063 1951 3093 2004 ό
3119 1949 3321 2013 ὰσϐᾶς·
3350 1967 3370 2002 ι
3400 1947 3502 2001 Διὰ
3530 1946 3639 1999 τῶν
3664 1943 3853 2015 εὐχῶν
3884 1960 4009 2004 σου,

2414 2048 2672 2110 δέσποτα,
2714 2044 2913 2106 πάντες
2959 2041 3191 2113 θέλομεν
3239 2038 3499 2107 σωθῆναι.
3554 2055 3573 2087 i
3620 2033 3790 2102 Λέγει
3837 2033 4013 2085 πάλιν

2415 2133 2566 2205 αὐτῷ
2605 2135 2635 2189 ό
2682 2134 2838 2202 ἅγιος
2883 2132 3203 2194 Βασίλειος·
3243 2147 3264 2181 ι
3317 2128 3438 2182 Τῶν
3483 2126 3812 2196 σωζομένων
3859 2125 4013 2193 ἔχεις

2413 2229 2578 2292 τινας
2609 2245 2629 2278 ι
2670 2227 2876 2280 Ἐκεῖνο
2902 2225 3103 2295 νοήσας
3126 2219 3216 2295 [ἦν
3245 2221 3355 2292 γὰρ
3381 2221 3474 2275 καὶ
3505 2217 3665 2280 αὐτος
3687 2232 4013 2285 πνευματι-

2418 2319 2537 2393 κὸς]
2575 2319 2758 2388 λέγει·
2815 2335 2837 2367 σ
2881 2315 3010 2370 Ναί.
3049 2334 3068 2368 ι
3113 2312 3386 2374 Ἐλθόντος
3435 2309 3492 2362 δὲ
3539 2306 3730 2369 αὐτοῦ,
3778 2305 3937 2373 λέγει
3981 2307 4012 2357 ό

2419 2415 2575 2482 ἆγιος
2621 2410 2806 2481 αὐτῷ*
2855 2426 2877 2460 ι
2941 2399 3062 2472 Δὸς,
3097 2406 3360 2476 νίψωμαι.
3413 2422 3434 2456 ι
3501 2403 3853 2472 ’Δπέρχεται,
3915 2399 4013 2450 καὶ

2420 2505 2575 2576 φέρει
2605 2503 2752 2574 αὐτῷ
2783 2501 3065 2571 νίψασθαι.
3093 2498 3246 2552 Μετὰ
3271 2497 3327 2550 δὲ
3353 2496 3415 2549 τὸ
3440 2493 3695 2564 νίψασθαι
3724 2493 3819 2544 τὸν
3846 2493 4012 2559 ῖιγισν

2421 2597 2716 2660 Βασίλειον,
2749 2595 3018 2664 λαμϐάνει
3059 2594 3152 2645 καὶ
3181 2591 3340 2654 αὐτὸς
3371 2592 3399 2642 ό
3427 2589 3581 2656 ἆγιος
3619 2587 3679 2639 τὸ
3711 2586 3876 2656 νίμα,
3914 2585 4012 2638 καὶ

2420 2689 2568 2757 λέγει
2599 2686 2678 2756 τῷ
2712 2685 2958 2755 ἀδελφῷ·
2994 2703 3014 2736 ι
3051 2683 3234 2750 Δέξαι,
3281 2683 3374 2735 καὶ
3419 2680 3581 2741 αὐτὸς
3611 2678 3785 2745 νίψαι.
3836 2696 3859 2728 ι
3909 2677 4010 2728 Δέ-

2423 2797 2578 2849 χεται
2625 2775 2720 2830 οὖν
2776 2780 2982 2839 ἐκεῖνος
3027 2776 3086 2827 τὺ
3139 2775 3271 2842 νίμα
3317 2771 3642 2842 ὰδιαιρίτως
3692 2766 3860 2837 παρὰ
3915 2766 4012 2819 τοῦ

2425 2871 2578 2936 ἁγίου
2601 2885 2614 2898 ·
2652 2869 2789 2936 μετά
2812 2862 2906 2920 οὖν
2942 2869 3002 2917 τδ
3025 2865 3319 2934 δοκιμάσαι
3351 2862 3512 2916 αὐτὸν
3550 2863 3608 2915 ἐν
3631 2860 3834 2929 τούτῳ,
3857 2859 4014 2927 λέγει

2424 2958 2572 3028 αὐτῷ
2611 2956 2806 3008 πάλιν·
2861 2975 2878 3006 ι
2936 2955 3066 3007 Ὅτε
3115 2954 3432 3021 εἰσέρχομαι
3474 2950 3554 3011 είς
3601 2947 3664 3000 τὸ
3705 2947 4014 3016 ἱερατεῖον.

2426 3051 2565 3110 ἐλθὲ,
2618 3048 2934 3119 ὑπόμνησόν
2984 3064 3052 3116 με
3099 3046 3188 3099 ἵνα
3229 3045 3588 3119 χειροτονήσω
3635 3056 3716 3093 σε.
3775 3059 3796 3090 ι
3835 3040 4014 3094 Πάλιν

2427 3143 2630 3204 ἐκεῖνος
2667 3137 2997 3208 ἀδιακρίτως
3027 3135 3312 3188 ὑπακούει.
3349 3134 3458 3187 Καὶ
3475 3135 3564 3184 ὅτε
3592 3126 3700 3184 εἶδε
3731 3129 3825 3183 τὸν
3849 3129 4017 3196 ἅγιον

2425 3233 2702 3288 Βασίλειον
2735 3230 2844 3284 ἔσω
2872 3230 2951 3292 είς
2977 3228 3039 3282 τὸ
3069 3227 3356 3299 ίερατεῖον,
3386 3225 3706 3294 ἀπέρχεται,
3745 3223 3848 3274 καὶ
3873 3222 4018 3273 ὐπο-

2428 3327 2728 3397 μιμνήσκει
2770 3321 2956 3387 αὐτδν,
3007 3321 3103 3374 καὶ
3144 3320 3445 3391 χειροτονεῖ
3485 3316 3681 3380 αὐτὸν,
3726 3314 3826 3368 καὶ
3869 3314 4017 3382 λαμ·

2424 3417 2578 3469 6ἀνει
2619 3413 2780 3469 αὐτὸν
2814 3411 2931 3481 μετ’
2979 3410 3180 3464 αὐτοῦ·
3218 3409 3324 3462 τίνι
3366 3408 3477 3477 γὰρ
3521 3405 3788 3475 ἔπρεπεν,
3832 3407 3890 3457 εί
3939 3406 4016 3472 μὴ

2429 3507 2567 3577 μετά
2611 3505 2705 3558 τοῦ
2751 3504 2910 3572 ἁγίου
2947 3503 3156 3555 ἐκείνου
3204 3499 3298 3552 τοῦ
3329 3498 3618 3566 θεοφόρου,
3650 3495 3734 3564 τῷ
3778 3497 4017 3564 τοιούτῳ

2427 3593 2776 3663 εὐλργημένῳ
2794 3589 3045 3659 ἀδελφῷς
3081 3588 3270 3654 Ὑμεῖς
3313 3586 3418 3638 οὐκ
3458 3585 3608 3653 ἔχετε
3657 3584 3866 3652 πεῖραν
3914 3583 4018 3634 ὐπ-

2428 3683 2598 3751 ακοῆς
2629 3679 2941 3750 ἀδιακρίτου
2959 3695 2974 3710 ο
3003 3675 3123 3730 οὐδὲ
3144 3674 3331 3727 οῖδατε
3360 3675 3460 3742 τὴν
3473 3673 3786 3726 ἀνάπαυσιν
3813 3672 4016 3740 αὐτῆς.

2441 3771 2731 3843 Ἦρώτησά
2761 3785 2894 3822 ποτε
2918 3769 3150 3840 γέροντα
3169 3766 3261 3820 τὸν
3287 3764 3462 3818 ἀὸὄᾶν
3502 3762 3758 3832 Ἰωάννην
3790 3763 3888 3816 τὸν
3920 3763 4017 3817 τοῦ

2430 3865 2576 3920 ἀϐὀᾶ
2619 3860 3052 3934 Βαρσανουφίου,
3090 3859 3185 3913 καὶ
3228 3854 3412 3911 εἷπον·
3449 3874 3468 3908 ι
3505 3855 3774 3918 Δέσποτα,
3817 3854 4017 3924 intrii]

2428 3957 2463 4025 ἡ
2507 3956 2696 4026 Γραφὴ
2739 3952 2887 4022 λέγει
2933 3952 3016 4005 ὅτι
3068 3949 3158 4003 διὰ
3205 3947 3419 4002 πολλῶν
3452 3946 3684 4015 θλίψεων
3721 3945 3812 3998 δεῖ
3860 3947 4020 4014 ἡμᾶς

2428 4047 2690 4100 εἰσελθεῖν
2719 4047 2798 4108 είς
2835 4043 2932 4114 τὴν
2967 4041 3242 4111 βασιλείαν
3264 4040 3376 4092 τῶν
3404 4037 3674 4109 οὐρανῶν,
3696 4036 3798 4089 καὶ
3824 4036 4018 4106 βλέπω

2427 4139 2511 4191 ὅτι
2534 4137 2653 4190 οὐδὲ
2687 4136 2816 4205 μίαν
2848 4134 3027 4204 θλίψιν
3057 4133 3186 4204 ἔχω,
3211 4131 3263 4184 τί
3293 4130 3491 4200 ὀφείλω
3523 4129 3776 4199 ποιῆσαι,
3808 4129 4018 4199 μήπως

2428 4232 2523 4283 καὶ
2552 4228 2772 4282 ἀπόλλω
2805 4227 2906 4296 τὴν
2931 4226 3112 4296 ψυχήν
3140 4241 3270 4294 μου,
3296 4224 3379 4276 ὅτι
3411 4221 3512 4274 οὐπι
3537 4215 3682 4290 εῐχον
3707 4218 3840 4271 οὐδὶ
3879 4219 4019 4287 μίαν

2429 4318 2608 4387 θλίψιν
2632 4317 2753 4370 οὐδὲ
2795 4316 3094 4393 μέριμναν;
3134 4333 3153 4365 ι
3193 4314 3255 4366 Εἰ
3296 4313 3355 4365 δὲ
3391 4314 3486 4366 καὶ
3527 4309 3730 4378 συνέϐη
3765 4326 3838 4379 με
3862 4309 4019 4379 ἔχειν

2429 4408 2708 4476 λογισμὸν,
2751 4405 3054 4475 ἐλάμβανον
3087 4405 3150 4457 τὸ
3180 4403 3503 4466 πινακίδιον,
3534 4402 3630 4455 καὶ
3660 4401 3913 4470 ἔγραφον
3938 4400 4020 4470 τῷ

2365 4499 2680 4595 ἰ)γέροντι;
2698 4497 2798 4548 Διὰ
2846 4495 3190 4595 γραμμάτων
3240 4494 3350 4564 γὰρ
3406 4492 3636 4562 ἠρώτων
3694 4492 3796 4545 καὶ
3850 4492 4020 4546 αὐτὸν

2439 4589 2548 4660 πρὸ
2589 4586 2684 4641 τοῦ
2735 4604 2803 4656 με
2841 4587 3183 4656 ὑπηρετῆσαι
3215 4585 3383 4654 αὐτῷ,
3416 4586 3510 4639 καὶ
3543 4585 3672 4655 πρὶν
3706 4585 4018 4656 πληρώσω,

2439 4679 2668 4750 γράφων
2712 4678 3028 4749 ᾐσθανόμην
3068 4677 3336 4746 ὠφελείας
3378 4676 3475 4730 καὶ
3527 4676 3847 4746 κουφισμοῦ
3871 4692 3884 4707 ο
3935 4693 4019 4728 το-

2444 4767 2617 4838 σαύτη
2657 4763 2726 4839 ἦν
2758 4769 2793 4837 ἡ
2837 4768 3139 4838 ἀμεριμνία
3185 4770 3279 4821 καὶ
3316 4769 3350 4838 ἡ
3383 4767 3708 4829 ἀνάπαυσις.
3771 4765 3926 4833 Ἐγὼ
3963 4763 4019 4816 δὲ

776 4882 851 4950 μὴ
881 4878 1033 4939 εἰδὼς
1075 4873 1172 4944 τὴν
1213 4867 1442 4934 δύναμιν
1510 4863 1607 4931 τῆς
1651 4864 1870 4932 ἀρετῆς,
1913 4862 2008 4915 καὶ
2045 4859 2259 4950 ἀκούων
2323 4860 2406 4913 ὅτι
2443 4859 2532 4914 διὰ
2582 4861 2789 4914 πολλῶν
2847 4859 3080 4928 θλίψεων
3131 4859 3210 4912 δεῖ
3261 4861 3408 4931 ἡμᾶς
3459 4857 3722 4912 εἰσελθεῖν
3787 4858 3877 4919 εἰς
3922 4853 4019 4920 τὴν

778 4947 1050 5044 βασιλείαν
1098 4964 1207 5018 τῶν
1253 4953 1495 5028 οὐρανῶν
1517 4992 1530 5012 ,
1579 4953 1884 5024 ἐφοϐούμην
1921 4957 2005 5008 ὃτι
2031 4954 2130 5007 οὐκ
2167 4947 2310 5024 εἶχον
2348 4952 2543 5021 θλίψιν.
2579 4953 2664 5016 Ὦς
2685 4949 2778 5007 οὖν
2800 4951 3043 5021 ἐδήλωσα
3081 4950 3159 5023 τῷ
3212 4951 3446 5022 γέροντι,
3481 4950 3630 5017 δηλοῖ
3665 4962 3762 5017 μοι
3806 4948 4017 5008 οὕτως·

787 5035 1014 5134 λΜηδὲν
1055 5059 1273 5128 θλιὸᾖς·
1317 5054 1382 5106 σὺ
1417 5051 1517 5103 οὐκ
1559 5049 1700 5118 ἔχεις
1736 5054 1998 5121 πρᾶγμα·
2033 5047 2146 5103 ἀλλ’
2187 5049 2416 5112 ἕκαστος
2455 5046 2659 5117 βάλλων
2700 5045 2891 5099 ἑαυτὸν
2935 5046 3016 5108 είς
3055 5043 3300 5114 ὑπακοὴν
3343 5041 3617 5111 Πατέρων.
3667 5036 3891 5106 ταύτην
3930 5035 4020 5103 τὴν

781 5153 1112 5228 ἀμεριμνίαν
1139 5151 1234 5204 καὶ
1258 5147 1360 5218 τὴν
1399 5143 1704 5198 ἀνάπαυσιν
1743 5141 1875 5211 ἔχει.
1911 5161 1932 5193 ι

1320 5272 1672 5335 DOCTRINA
1738 5270 1801 5326 ll.

1352 5393 1430 5447 De
1469 5385 1788 5442 humilitate.

849 5477 891 5542 ι.
929 5481 1177 5541 Senioris
1204 5481 1363 5535 unius
1389 5497 1452 5535 ea
1479 5473 1758 5533 memoriae
1784 5469 1996 5542 prodita
2018 5481 2101 5527 est
2126 5481 2345 5528 sentcn-

784 5576 896 5629 tia:
936 5583 1062 5628 ante
1094 5568 1276 5625 omnia
1311 5568 1469 5622 nobis
1503 5579 1644 5636 opus
1667 5576 1790 5618 esse
1823 5560 2146 5626 humilitate,
2190 5562 2348 5616 dece-

786 5678 950 5734 reque
982 5679 1080 5719 nos
1101 5661 1169 5719 ad
1197 5659 1527 5716 audiendum
1553 5670 1676 5712 esse
1699 5667 1859 5722 quam
1891 5652 2344 5719 promptissimos,

789 5769 1122 5823 quaecunque
1153 5752 1480 5812 dicerentur,
1531 5746 1914 5800 admittentes:
1958 5741 2138 5794 omnia
2183 5743 2346 5795 etiam

791 5845 961 5902 hostis
1011 5854 1066 5902 et
1112 5843 1406 5903 adversarii
1459 5841 1632 5898 nostri
1689 5838 1793 5895 tela
1846 5850 1941 5905 per
1993 5833 2348 5889 humilitatem

2964 5258 3376 5316 ΔΙΔΔΣΚΑΛΙΛ
3413 5256 3467 5308 B‘

2848 5375 2990 5444 Hirpi
3026 5368 3604 5442 ταπεινοφροσύνης.

2509 5466 2586 5519 A'.
2626 5460 2762 5522 Εἷπέ
2784 5484 2868 5532 τις
2893 5467 3001 5522 τῶν
3027 5466 3321 5539 γερόντων,
3347 5460 3461 5533 Πρὸ
3497 5454 3702 5519 παντδς
3745 5458 4021 5531 χρῄζομεν

2444 5560 2542 5631 τῆς
2571 5561 3091 5633 ταπεινοφροσύνης,
3115 5559 3321 5627 ῑτοιμοι
3344 5555 3498 5615 ὄντες
3524 5551 3583 5602 δν
3611 5554 3782 5604 παντῖ
3813 5552 3960 5623 λόγῳ
3978 5545 4020 5619 ᾧ

2443 5651 2748 5721 ἀκούωμεν,
2794 5653 2995 5722 λέγειν,
3025 5651 3407 5721 Συγχώρησον.
3441 5641 3538 5694 Διὰ
3560 5640 3670 5712 γὰρ
3695 5642 3802 5712 τῆς
3837 5661 4018 5697 ταπει-

2445 5745 2797 5815 νοφροσύνης,
2828 5745 3005 5800 πάντα
3029 5745 3100 5798 τὰ
3128 5742 3223 5794 τοῦ
3270 5735 3464 5808 ἐχθροῦ
3493 5735 3586 5787 καὶ
3628 5736 4010 5806 ἀντικειμένου

2445 5830 2831 5903 διαοθείρεται.
2887 5835 3221 5906 Ζητήσωμεν
3277 5827 3330 5881 τί
3362 5827 3512 5881 ἐστιν
3556 5826 3593 5896 η
3639 5825 3882 5898 δύναμις
3925 5821 4007 5876 τοῦ
