4188 6438
748 434 884 502 1643

1929 410 1989 470 S.
2027 402 2417 468 DOROTIIEI
2475 396 2792 460 ABBATI'S

3885 378 4040 446 ιδμ

741 549 934 603 beatus
975 539 1065 596 ille
1095 535 1186 607 qui
1226 546 1411 588 veram
1451 529 1508 584 in
1541 541 1596 579 se
1634 523 1887 576 virtutem
1933 516 2148 580 habuit,
2197 520 2373 573 cum}

2464 507 2637 580 άμεθα
2669 503 2954 566 ιοπιάσαι,
3008 501 3084 571 μὴ
3127 495 3529 567 ταπεινωθῆναι
3578 495 3640 548 οὑ
3685 491 4040 562 δυνάμεθα;

741 637 916 692 dixit:
958 604 1246 684 llumilitas
1291 633 1570 690 nunquam
1605 614 1882 675 irascitur,
1929 610 2107 662 irritat
2153 604 2328 659 nemi-

743 742 892 788 nem,
926 722 1164 790 humana
1196 723 1280 768 est
1305 719 1359 766 et
1383 707 1610 776 benigna
1642 705 1683 755 ι.
1713 699 1822 754 Nos
1852 705 2032 752 autem
2061 709 2207 758 eam,
2250 691 2326 744 uti

747 786 1084 887 peregrinam
1107 786 1166 862 et
1194 805 1424 859 alienam
1447 797 1610 851 abbor
1624 807 1826 847 remus.
1861 786 2155 842 llumilitas
2179 795 2331 836 van-.e

745 875 932 976 gloria:
973 901 1090 958 sola
1121 897 1462 954 adversatur,
1495 899 1551 943 et
1583 887 1653 941 ab
1689 899 1752 939 ea
1794 881 2070 935 hominem
2114 875 2330 934 liberat,

747 965 928 1048 tuetur
976 999 1032 1044 et
1077 985 1334 1058 protegit.
1381 977 1644 1032 Irascitur
1694 970 1818 1041 quis
1872 965 2229 1038 pecuniarum
2279 968 2334 1014 et

747 1083 997 1135 ciborum
1032 1051 1430 1145 gratia,'quare
1461 1081 1568 1121 non
1598 1064 1744 1118 dicat
1775 1060 1917 1114 hanc
1959 1070 2080 1111 esse
2114 1051 2336 1108 humili-

752 1173 958 1229 tatem?
984 1169 1122 1235 Quia
1151 1179 1285 1221 sane
1317 1160 1496 1216 irritat
1528 1156 1800 1212 neminem
1829 1148 2134 1210 humilitas,
2161 1159 2338 1213 neque

752 1272 1080 1339 provocatur
1106 1273 1138 1313 a
1169 1268 1469 1328 quoquam.
1501 1249 1694 1318 Magna
1723 1253 1809 1300 est
1835 1251 1891 1297 ct
1920 1249 2135 1312 potens,
2173 1236 2250 1291 ita
2279 1243 2339 1288 ut

753 1327 988 1430 gratiam
1035 1352 1131 1407 Dei
1181 1327 1235 1405 in
1283 1348 1523 1402 animam
1579 1347 1746 1410 queat
1797 1334 2092 1391 attrahere.
2152 1327 2340 1383 Gratia

754 1420 920 1518 igitur
954 1445 1048 1501 Dei
1077 1454 1163 1499 est
1189 1456 1312 1512 qua:
1339 1437 1650 1496 miseretur,
1681 1445 1805 1502 qum
1837 1429 2076 1483 animam
2106 1420 2343 1491 protegit

755 1511 1029 1594 arduahus
1063 1535 1163 1589 bis
1183 1511 1552 1604 passionibus.
1584 1519 1852 1577 irascendi
1887 1516 2097 1572 scilicet
2129 1521 2184 1566 et
2216 1511 2346 1565 im.

757 1631 929 1687 tandi.
959 1629 1029 1682 At
1058 1602 1318 1698 quidnam
1349 1630 1433 1675 est
1462 1616 1703 1685 gravius,
1736 1611 1902 1667 irasci
1935 1624 2024 1671 ne,
2057 1621 2126 1662 an
2160 1602 2344 1673 proxi-

758 1739 909 1778 raum
957 1713 1298 1790 provocare?
1341 1705 1551 1765 Desinit
1600 1706 1808 1767 senior,
1861 1699 1999 1754 nihil
2047 1709 2171 1751 esse
2211 1692 2348 1747 adeo

760 1817 1000 1872 alienum
1029 1825 1060 1864 a
1092 1804 1364 1879 monacho
1390 1814 1555 1871 quam
1585 1794 1768 1851 irasci.
1801 1790 1988 1859 Neque
2017 1800 2152 1841 sane
2193 1796 2348 1838 men-

2427 599 2717 671 Μακάριος
2760 599 2930 658 ἐστιν,
2975 593 3216 660 ἀδελφοὶ,
3265 592 3296 642 ὁ
3328 589 3470 660 ἔχων
3509 587 3884 642 ταπείνωσιν.
3923 583 4045 637 Με-

2430 693 2570 763 γάλη
2595 691 2742 744 ἐστὶν
2763 691 2798 759 ἡ
2825 686 3156 746 ταπείνωσις
3171 699 3183 712 ³
3211 682 3398 745 καλῶς
3425 681 3482 735 δὲ
3509 681 3785 750 ἐσήμανεν
3809 677 3849 729 ὁ
3873 678 4046 741 ἅγιος

2432 788 2663 848 ἐκεῖνος,
2691 783 2786 836 τδν
2813 781 3006 852 ἔχοντα
3037 776 3296 844 ἀληθινὴν
3331 774 3665 828 ταπείνωσιν
3685 784 3697 796 ·
3729 768 3828 823 διὰ.
3872 764 4048 818 τοῦτο

2435 871 2612 940 εἶπεν,
2646 873 2730 926 ὅτι
2766 872 2831 925 Ἡ
2854 869 3185 930 ταπείνωσις
3217 866 3318 919 οὑκ
3331 863 3631 937 ὀργίζεται,
3659 858 3783 912 οὐδὲ
3818 872 4049 928 παρορ-

2433 967 2580 1038 γίζει
2603 966 2760 1020 τινάο
2794 965 2892 1019 καὶ
2918 963 3068 1016 δοκεῖ
3095 961 3172 1026 ὼς
3205 959 3355 1025 ξένον
3387 955 3530 1011 εἶναι
3564 955 3627 1009 τδ
3656 955 3915 1025 πρᾶγμα
3943 967 3959 978 ·
4014 950 4047 1016 ἡ

2434 1057 2766 1119 ταπείνωσις
2797 1055 2910 1125 γὰρ
2951 1055 3019 1123 τῇ
3053 1049 3335 1121 κενοδοξία
3367 1049 3504 1118 μόνῃ
3534 1043 3920 1100 ἐναντιοῦται,
3952 1042 4051 1092 καὶ

2436 1151 2534 1206 ἀπ’
2563 1149 2734 1218 αὐτῆς
2754 1145 2918 1216 δῆθεν
2948 1142 3205 1214 φυλάττει
3226 1140 3320 1192 τὸν
3357 1137 3666 1209 ἄνθρωπον.
3711 1131 4051 1204 Ὀργίζεται

2438 1243 2498 1296 δέ
2529 1259 2616 1306 τις
2659 1240 2754 1294 καὶ
2781 1237 2870 1291 διὰ
2909 1237 3188 1309 χρήματα,
3221 1232 3316 1284 καὶ
3342 1231 3432 1284 διὰ
3464 1229 3756 1301 βρώματα·
3797 1223 3936 1286 πῶς
3957 1218 4051 1274 οὖν

2440 1335 2591 1405 λέγει
2614 1333 2696 1386 ὅτι
2726 1333 2760 1401 ὴ
2779 1330 3108 1389 ταπείνωσις
3130 1324 3231 1378 οὑκ
3255 1319 3535 1393 ὀργίζεται
3555 1316 3677 1370 οὐδὲ
3709 1312 4052 1386 παροργιζε.

2443 1443 2599 1490 τινας
2645 1425 2712 1478 Ἦ
2753 1419 3076 1480 ταπείνωσις
3105 1415 3322 1487 μεγάλη
3349 1411 3516 1473 ἐστὶν,
3547 1409 3623 1472 ὡς
3654 1407 3928 1476 εἴπομεν,
3959 1405 4053 1454 ad!

2444 1517 2645 1588 δυνατή
2674 1517 2824 1569 ἐστιν
2848 1513 2989 1566 ὥστε
3017 1509 3323 1562 ἐπισπεῖσαι
3347 1505 3446 1576 τὴν
3472 1503 3634 1574 χάριν
3660 1502 3760 1553 τοῦ
3796 1497 3951 1552 Θεοῦ
3975 1499 4054 1557 εἰς

2447 1611 2546 1683 τὴν
2582 1609 2783 1680 ψυχήν.
2819 1605 3020 1659 Λοιπὸν
3047 1603 3189 1668 αὑτὴ
3230 1601 3266 1670 ἡ
3295 1600 3457 1670 χάρις
3485 1595 3579 1650 τοῦ
3608 1593 3776 1656 Θεοῦ,
3803 1589 4050 1644 ἑλθοῦσα

2451 1701 2724 1766 σκεπάζει
2748 1699 2850 1772 τὴν
2869 1697 3051 1768 ψυχὴν
3074 1697 3140 1749 ἐκ
3163 1693 3274 1747 τῶν
3301 1691 3476 1746 ἄλλων
3500 1689 3592 1742 δύο
3622 1686 3817 1740 παθῶν
3839 1684 4054 1737 τούτων

2450 1799 2560 1852 τῶν
2592 1797 2833 1868 βαρέων·
2883 1793 2936 1846 τί
2966 1792 3077 1862 γὰρ
3107 1789 3187 1844 ένι
3233 1785 3536 1858 βαρύτερον
3570 1781 3666 1834 τοῦ
3695 1776 4055 1849 ὀργίζεσθαι,

761 1907 894 1962 titus
920 1912 1024 1958 est.
1055 1897 1172 1954 Nisi
1204 1875 1362 1951 enim
1393 1867 1629 1961 quisque
1664 1881 1972 1938 humilitate
2018 1876 2164 1931 illico
2210 1887 2350 1928 rest-

2464 1892 2550 1946 καὶ
2573 1867 2666 1943 τοὺ
2698 1883 3060 1959 παροργίζειν
3079 1882 3174 1934 τὸν
3203 1877 3454 1949 πλησίον,
3483 1874 3558 1938 ὠς
3578 1869 3706 1927 είπέ
3734 1887 3859 1934 τις;
3889 1869 4058 1921 Ξένον

761 1998 960 2068 piscat,
998 1989 1202 2048 sensim
1229 1984 1429 2040 labitur
1461 1981 1516 2034 in
1552 1975 1873 2033 seditionem
1903 1963 2209 2024 daemonis:
2250 1961 2347 2032 qui

765 2058 1019 2140 iurbatbs
1051 2075 1332 2138 continue,
1365 2068 1660 2125 continuas
1689 2063 1743 2117 in
1773 2059 1932 2115 nobis
1961 2067 2182 2127 quoque
2228 2058 2348 2106 tur-

767 2179 1018 2234 hatioues
1050 2167 1265 2241 quaerit.

843 2350 930 2404 Ill.
975 2347 1156 2414 Quare
1192 2339 1374 2396 autem
1424 2335 1506 2390 ais
1541 2330 1903 2388 humilitatem
1953 2338 2129 2393 neque
2177 2319 2350 2374 ullum

774 2452 1098 2513 provocare,
1149 2444 1324 2502 neque
1359 2423 1653 2496 aliquando
1697 2416 2025 2491 provocari?
2065 2414 2176 2484 Ego
2226 2424 2356 2466 vero

773 2501 906 2606 quid
939 2533 1143 2592 dicam,
1177 2501 1394 2578 liberari
1428 2532 1529 2572 nos
1565 2530 1659 2585 per
1694 2510 2051 2566 humilitatem
2080 2521 2110 2558 a
2148 2501 2358 2557 duabus

779 2628 864 2681 his
895 2615 1288 2694 passionihus?
1318 2613 1402 2667 Ab
1427 2609 1576 2664 omni
1611 2606 1780 2660 fateor
1810 2617 1912 2656 nos
1947 2599 2199 2671 passione
2224 2592 2359 2662 eripi

778 2733 873 2788 per
896 2686 1290 2771 humilitatem,
1317 2716 1372 2761 et
1399 2703 1468 2760 ab
1493 2701 1642 2756 omni
1670 2697 1968 2754 tentatioue
1997 2688 2205 2762 protegi
2240 2686 2359 2740 aui-

779 2824 948 2863 mam.
989 2803 1129 2858 Cum
1165 2802 1354 2856 beatus
1396 2793 1668 2850 Antonius
1707 2797 1788 2843 tot
1837 2787 2060 2854 laqueos
2097 2777 2362 2835 tlzeiuonis

785 2900 906 2955 orbi
936 2903 1134 2952 cuncto
1165 2892 1407 2945 iniensos
1437 2889 1704 2940 cerneret,
1736 2878 2040 2945 suspirans,
2074 2870 2364 2925 Dominum

779 2985 1158 3058 interrogavit,
1202 2982 1326 3051 quis
1363 2987 1632 3031 evasurus
1670 2985 1765 3024 eos
1795 2965 2145 3038 potissimum
2178 2958 2368 3012 esset?

780 3084 883 3140 Cui
930 3052 1254 3150 responsum
1292 3082 1414 3126 est:
1479 3086 1500 3119 ¢
1530 3064 1818 3122 llumilitas
1858 3060 1976 3114 sola
2022 3054 2215 3110 evadet
2265 3052 2368 3104 hos

783 3178 1041 3246 laqueos:
1070 3190 1089 3223 ι
1121 3169 1474 3233 additumque
1502 3169 1588 3214 est
1617 3157 1747 3212 illud
1780 3151 2184 3211 admirandum,
2222 3165 2240 3196 ι
2264 3143 2370 3198 Ne-

2455 1981 2776 2038 παντάπασι
2835 1976 3091 2049 μοναχοίς
3141 1971 3202 2024 τὸ
3247 1967 3599 2040 ὀργίζεσθαι·
3653 1963 3834 2024 δντως
3882 1964 3936 2013 εξ
3986 1960 4059 2029 μὴ

2455 2075 2666 2147 ταχέως
2696 2069 2986 2139 σκεπασθῇ
3013 2067 3044 2119 ὁ
3072 2063 3314 2126 τοιοῦτος
3335 2061 3422 2116 διὰ
3460 2055 3882 2116 ταπεινώσεως,
3917 2054 4058 2105 κατὰ

2463 2146 2660 2241 μιαρὸν
2697 2165 2918 2236 ἔρχεται
2950 2162 3032 2224 είς
3071 2158 3412 2212 κατάστασιν
3439 2152 3716 2222 δαίμονος,
3759 2146 4055 2216 ταράσσων.

2461 2262 2558 2316 καὶ
2591 2258 3023 2330 ταρασσόμενος.

2535 2354 2611 2406 I".
2629 2353 2728 2406 Διὰ
2754 2351 2912 2403 τοῦτο
2933 2341 3026 2399 οὖν
3047 2341 3292 2412 λέγειὸτι
3314 2341 3350 2409 ἠ
3374 2335 3701 2395 ταπείνωσις
3717 2332 3826 2384 οὐκ
3841 2328 4061 2398 ὀργίζε-

2464 2465 2576 2510 ται,
2610 2444 2733 2499 οὐδὲ
2770 2433 3101 2511 παροργίζει
3134 2433 3278 2487 τινά.
3311 2431 3376 2484 Τί
3407 2429 3464 2482 δὲ
3491 2427 3659 2495 λέγω,
3688 2425 3778 2477 ὅτι
3817 2423 3936 2476 ἀπὸ
3961 2422 4062 2473 τῶν

2465 2538 2560 2593 δύο
2587 2534 2778 2590 παθῶν
2799 2530 3066 2594 σκεπάζει
3087 2544 3103 2594 ;
3141 2523 3306 2579 Ἀλλὰ
3332 2523 3428 2575 καὶ
3448 2518 3558 2573 ἀπὸ
3583 2515 3792 2580 παντὸς
3817 2515 4056 2572 πάθους·

2466 2629 2577 2685 ἀπὸ
2610 2626 2812 2689 παντὸς
2846 2617 3158 2695 πειρασμοῦ
3193 2613 3460 2680 σκεπάζει
3499 2613 3535 2682 ή
3581 2609 3929 2669 ταπείνωσις
3972 2604 4065 2674 τὴν

2467 2719 2668 2789 ψυχήν.
2695 2717 2824 2769 Ὅτε
2851 2712 3161 2782 ἐθεώρησεν
3185 2709 3214 2762 ὀ
3236 2708 3394 2776 am;
3428 2702 3721 2763 Ἀντώνιος
3750 2699 3945 2759 πάσας
3974 2695 4064 2754 τὰς

2472 2812 2710 2880 παγίδας
2759 2808 2856 2863 τοῦ
2904 2805 3158 2861 διαϐόλου
3209 2798 3570 2872 ήπλωμένας,
3624 2796 3720 2846 καὶ
3773 2789 4064 2852 στενάξας.

2470 2905 2723 2978 ἠρώτησε
2757 2901 2848 2954 τὸν
2894 2898 3029 2951 Θεὸν
3050 2938 3065 2960 ,
3099 2895 3252 2953 ὅστις
3289 2891 3398 2961 ἄρα
3437 2887 3784 2958 παρέρχεται
3824 2881 4036 2940 ταύτας
4057 2921 4068 2935 ,

2473 2977 2526 3052 τί
2557 2996 2835 3066 ἀπεκρίθη
2856 2991 3006 3061 αὑτῷ
3029 2991 3057 3042 ὁ
3087 2986 3256 3049 Θεὸςς
3283 2984 3366 3037 ὅτι
3403 2999 3422 3032 ι
3468 2980 3535 3032 Ἠ
3565 2977 3914 3038 ταπείνωσις
3938 2989 4072 3041 παρ-

2477 3091 2699 3160 έρχεται
2749 3083 2942 3144 αὑτάς.
2983 3100 3001 3132 ι
3042 3078 3152 3131 Καὶ
3196 3076 3349 3130 ποῖον
3373 3070 3501 3126 ἄλλο
3542 3066 3868 3136 θαυμαστὸν
3906 3078 4074 3134 προσ-

2481 3179 2683 3248 έθηκε;
2731 3177 2815 3238 τὸ,
2873 3192 2893 3224 ι
2928 3171 3040 3224 Καὶ
3089 3166 3214 3221 οὔτε
3258 3165 3521 3218 ἅπτονται
3550 3160 3741 3227 αὐτῆς.
3783 3174 3803 3207 ι
3837 3155 4069 3211 Βλέπεις

784 3284 894 3339 que
918 3280 1039 3319 eam
1068 3260 1295 3315 omnino
1323 3252 1640 3322 contingere
1671 3254 1946 3318 poterunt.
1980 3262 1997 3293 ι
2042 3239 2234 3294 Cernis
2263 3238 2371 3290 vim

2475 3237 2727 3336 δύναμιν,
2765 3265 2962 3333 κύριε,
3019 3259 3246 3318 Βλέπεις
3290 3255 3451 3324 χάριν
3500 3249 3736 3320 άρετῆς;
3785 3245 3885 3310 Τῷ
3936 3245 4046 3295 bat:

786 3332 1194 3430 subiectionis?
1237 3350 1430 3406 Cernis
1477 3345 1706 3415 gratiam
1741 3335 2005 3392 virtutis?
2052 3332 2202 3387 Nihil
2246 3346 2374 3401 pro-

788 3421 933 3510 l'ect'o
965 3449 1160 3504 fortius
1191 3441 1521 3498 humilitate.
1560 3435 1696 3489 Nam
1729 3447 1858 3486 vero
1891 3427 2081 3482 humili
2109 3421 2379 3495 quidquid

790 3540 1004 3598 adversi
1052 3532 1365 3602 contigerit,
1406 3528 1552 3582 illico
1605 3525 1659 3576 in
1716 3537 1776 3576 se
1821 3530 1968 3574 t0tus
2012 3513 2378 3575 contrahitur,

792 3634 940 3687 illico
965 3616 1176 3698 judicat
1207 3637 1329 3679 sese
1355 3620 1580 3689 dignum
1634 3629 1698 3668 ea
1731 3610 2058 3666 adversitate
2097 3617 2150 3660 et
2180 3619 2381 3658 terum-

795 3740 886 3790 na,
921 3735 1022 3775 nec
1046 3717 1283 3773 sustinet
1309 3721 1642 3782 quemquam
1673 3717 1958 3764 accusare,
1999 3716 2107 3753 non
2152 3697 2386 3752 sustinet

798 3821 852 3872 in
881 3815 1046 3869 alium
1078 3821 1304 3863 causam
1337 3797 1713 3871 hujuscemodi
1745 3792 1967 3848 inferre.
1999 3792 2066 3843 At
2097 3793 2220 3843 sine
2260 3801 2386 3857 pero

801 3903 1131 3959 turbatione,
1159 3896 1280 3949 sine
1315 3889 1583 3951 molestia,
1615 3899 1742 3940 cum
1786 3879 1938 3936 omni
1992 3875 2389 3946 tranquillitate

801 4011 863 4050 se
890 3993 1087 4046 habet:
1117 3997 1282 4054 atque
1308 3997 1371 4034 ea
1409 3981 1477 4033 de
1515 3991 1678 4032 causa
1701 3987 1878 4041 neque
1904 3969 2182 4030 irascitur,
2213 3978 2390 4032 neque

805 4090 976 4142 ullum
1026 4086 1307 4153 provocat.
1361 4074 1506 4128 Bene
1554 4069 1721 4139 igitur
1758 4082 1823 4119 ac
1869 4061 2126 4134 praclare
2181 4059 2391 4112 locutus

803 4190 891 4235 est
923 4179 1008 4231 vir
1030 4151 1442 4232 sanctissimus,
1478 4179 1590 4235 prae
1620 4159 1874 4216 omnibus
1906 4154 2210 4211 humilitate
2236 4151 2395 4206 nobis

803 4289 946 4344 opus
980 4283 1120 4324 esse.

881 4363 973 4418 IV'.
1016 4360 1132 4415 Duo
1167 4364 1349 4412 autem
1385 4365 1586 4422 genera
1631 4354 1761 4401 sunt
1790 4340 2131 4404 humilitatis,
2179 4346 2240 4390 ut
2270 4337 2398 4390 item

811 4472 1012 4529 genera
1043 4456 1154 4510 duo
1195 4447 1486 4519 superbiae.
1520 4442 1767 4496 Primum
1797 4435 2064 4506 superbia:
2097 4446 2268 4502 genus
2295 4439 2398 4491 est,

813 4566 939 4608 cum
981 4547 1107 4619 quis
1153 4542 1374 4597 fratrem
1422 4550 1585 4592 suum
1619 4530 1938 4593 contemnit,
1980 4537 2216 4592 eumque
2244 4520 2400 4590 quasi

813 4613 1212 4716 385iiullius
1257 4632 1529 4691 aestimat;
1596 4624 1840 4693 seipsum
1885 4633 2018 4672 vero
2059 4613 2273 4670 cunctis
2306 4628 2401 4666 ex-

817 4712 1188 4791 cellentiorem
1237 4727 1422 4780 habet.
1507 4716 1607 4774 Ηιῦ
1636 4716 1846 4778 statim,
1879 4712 1984 4766 nisi
2012 4726 2071 4764 se
2100 4713 2318 4764 revocet
2351 4713 2408 4759 ct

817 4827 1101 4898 respiciat,
1129 4821 1338 4878 sensim
1393 4815 1594 4870 labitur
1635 4813 1689 4865 in
1718 4804 2014 4864 secundam
2061 4800 2406 4871 superbiam;

821 4893 1005 4978 ita-ut
1040 4919 1096 4973 iu
1124 4917 1296 4971 Deum
1337 4911 1504 4966 etiam
1536 4903 1762 4974 incipiat
1794 4898 2147 4961 insolescere,
2183 4904 2237 4948 et
2266 4893 2408 4947 bona

823 5029 988 5084 opera
1017 5011 1122 5066 sibi
1167 5005 1462 5065 ascribére,
1517 5013 1622 5052 non
1655 4997 1784 5050 Deo.
1808 4988 2046 5050 Memini,
2066 4985 2260 5040 fratres
2281 4985 2410 5047 mei,

826 5076 1028 5160 vidisse
1054 5117 1144 5157 me
1175 5095 1471 5167 aliquando
1500 5083 1878 5158 hujuscemodi
1916 5082 2214 5140 hominem,
2239 5076 2331 5146 qui
2357 5077 2410 5128 in

829 5200 971 5254 hanc
1002 5192 1366 5269 miserrimam
1401 5182 1774 5239 conditionem
1807 5175 2106 5230 incidisset.
2174 5168 2243 5222 Et
2265 5167 2417 5223 initio

831 5263 1074 5360 quidem
1100 5285 1148 5340 si
1175 5283 1302 5354 quis
1340 5295 1370 5334 e
1397 5276 1660 5334 fratribus
1719 5273 1940 5325 locutus
1970 5263 2250 5335 quidpiam
2275 5269 2420 5315 esset

834 5384 890 5435 in
943 5351 1765 5433 alteriuscommendationem
1821 5371 1875 5416 et
1924 5357 2180 5416 laudem,
2233 5351 2417 5407 statim

837 5473 990 5527 illum
1024 5467 1339 5540 spernebat,
1355 5474 1411 5521 et
1437 5460 1596 5533 quasi
1625 5454 1978 5526 conspuebat,
1998 5451 2222 5505 dicens:
2261 5444 2422 5511 (Quis

839 5579 926 5626 cst
952 5569 1076 5624 ille?
1133 5563 1255 5619 Non
1291 5570 1376 5616 est
1419 5557 1561 5614 alius
1605 5555 1701 5627 qui
1757 5546 1962 5620 aliquid
2005 5545 2183 5600 valeat
2229 5549 2424 5612 praeter

838 5659 1112 5720 losirnam
1135 5666 1191 5712 et
1214 5655 1311 5727 qui
1341 5668 1466 5709 cum
1506 5666 1574 5708 eo
1605 5655 1753 5704 sunt.
1781 5663 1801 5698 ο
1856 5643 1986 5700 Post
2013 5637 2180 5709 coepit
2208 5645 2262 5693 et
2298 5635 2422 5690 illos

921 5864 941 5899 τ
980 5861 1003 5916 Ι
1031 5858 1160 5918 Cor.
1188 5871 1311 5924 xui,
1338 5856 1386 5929 ι,
1427 5856 1478 5913 5.

2477 3361 2630 3414 οὐδὲν
2702 3354 3054 3427 ἰσχυρότερον
3119 3343 3647 3414 ταπεινοφροσύνης.
3692 3340 3763 3392 Εἰ
3789 3353 3844 3392 τι
3907 3338 3957 3390 δ’
4015 3338 4075 3389 ᾰν

2483 3453 2666 3523 συμϐῇ
2718 3444 2962 3518 λυπηρδν
3006 3444 3086 3515 τῷ
3137 3439 3416 3509 ταπεινῷ,
3473 3437 3676 3495 εὐθέως
3733 3434 3916 3502 χωρεῖ
3962 3429 4074 3483 καθ’

2485 3546 2704 3610 ἑαυτοῦ,
2733 3543 2937 3602 εὐθέως
2984 3537 3307 3607 κατακρίνει
3351 3531 3541 3585 ἑαυτὸν
3570 3530 3651 3581 ὅτι
3694 3528 3854 3580 ἐστὶν
3895 3524 4083 3594 ἄξιοςι

2483 3641 2586 3694 οὐκ
2613 3638 2862 3707 ἀνέχεται
2908 3628 3228 3704 μέμψασθαί
3259 3642 3405 3685 τινα,
3432 3623 3533 3676 οὐκ
3580 3620 3842 3686 ἀνέχεται
3901 3617 4077 3686 βαλεῖν

2487 3733 2672 3786 ἐπάνω
2729 3727 2904 3782 ἄλλων
2948 3725 3049 3792 τὴν
3095 3720 3301 3780 αἰτίαν,
3359 3717 3454 3770 καὶ
3493 3712 3678 3765 λοιπὸν
3734 3710 4076 3780 παρέρχεται

2490 3822 2806 3892 ἀταράχως,
2839 3817 3136 3877 άολξπτως,
3187 3810 3325 3882 μετὰ
3356 3808 3537 3874 πάσης
3563 3802 3963 3862 ἀναπαύσεως.
3992 3799 4079 3850 Διὰ

2490 3913 2650 3968 τοῦτο
2696 3909 2819 3962 οὔτε
2871 3905 3173 3977 ὀργίζεται,
3227 3899 3353 3952 οὔτε
3407 3893 3732 3965 παροργίξει
3785 3890 3939 3942 τινά.
3993 3887 4081 3939 Διά

2493 4006 2652 4060 τοῦτο
2680 4002 2860 4062 καλῶς
2892 3997 3045 4051 εἷπεν
3082 4001 3109 4048 ὁ
3139 3995 3313 4062 ἅγιος,
3345 3991 3425 4042 ὅτι
3465 3989 3576 4056 [Ιρὸ
3611 3986 3839 4038 πάντων
3893 3981 4082 4052 χρῄζοι

2501 4118 2601 4172 μεν
2625 4099 2724 4168 τῆς
2751 4089 3275 4162 ταπεινοφροσύνης.

2573 4347 2646 4396 Δ’.
2690 4340 2796 4394 Δύο
2825 4338 2880 4392 δέ
2904 4339 3009 4391 εἱσι
3034 4331 3413 4393 ταπεινώσεις,
3447 4327 3639 4397 ὥσπερ
3673 4323 3775 4377 καὶ
3806 4323 3907 4376 δύο
3935 4324 4087 4389 ὑπερ-

2503 4434 2753 4508 ηφανίαι.
2800 4429 2864 4484 'll
2897 4427 3088 4500 πρώτη
3133 4423 3480 4496 ὑπερηφανία
3513 4419 3684 4478 ἐστὶν,
3714 4417 3852 4468 ὅταν
3881 4413 4086 4480 ἐξουδε-

2505 4505 2590 4583 νεῐ
2620 4543 2703 4588 τις
2729 4525 2821 4578 τὸν
2845 4520 3096 4590 ἀδελφὺν,
3127 4519 3256 4572 ὅταν
3289 4513 3550 4577 εὔτελίζει
3576 4509 3766 4569 αὐτὸν,
3800 4508 3884 4569 ὡς
3932 4505 4086 4575 μηδὲν

2510 4623 2661 4683 ὄντα,
2696 4619 2793 4670 καὶ
2818 4614 3010 4669 ἑαυτὸν
3037 4611 3373 4683 ὑπερέχοντα
3392 4603 3576 4662 αὑτοῦ.
3629 4603 3691 4654 '0
3722 4601 3980 4662 τοιοῦτος
4004 4598 4087 4648 ἐὰν

2517 4714 2592 4784 μὴ
2619 4711 2829 4781 ταχέως
2855 4707 3003 4778 νήψῃ
3024 4704 3120 4758 καὶ
3152 4700 3451 4770 σπουδάσῃ,
3476 4695 3618 4749 κατὰ
3643 4693 3851 4764 μικρὸν
3878 4692 4085 4761 ἔρχεται

2514 4783 2609 4861 παὶ
2657 4807 2736 4867 εἰς
2783 4802 2884 4873 τὴν
2926 4799 3186 4868 δευτέραν
3220 4789 3598 4863 ὑπερηφανίαν
3620 4805 3636 4818 ·
3691 4788 3784 4839 ἵνα
3821 4786 3921 4837 καὶ
3963 4783 4085 4836 κατὰ

2514 4897 2609 4951 τοῦ
2635 4892 2771 4947 Θεοῦ
2799 4889 3283 4962 ὑπερηφανεύηται
3302 4904 3316 4916 ·
3359 4885 3452 4936 καὶ
3480 4879 3662 4948 ἑαυτῷ
3691 4877 4001 4947 ἐπιγράφει
4034 4874 4084 4923 τᾶ

2520 4986 2919 5057 κατορθώματα
2956 4981 3145 5045 αὑτοῦ,
3177 4980 3270 5032 καὶ
3295 4977 3356 5030 οὗ
3385 4975 3462 5044 τῷ
3498 4972 3637 5042 Θεῷ.
3677 4973 3922 5032 Ὄντως,
3953 4967 4083 5021 see;-

2517 5079 2606 5146 φοί
2659 5095 2783 5148 μου,
2818 5073 2934 5129 οἶδά
2981 5089 3111 5126 ποτε
3169 5069 3395 5124 ἐλθόντα
3434 5066 3557 5118 τινὰ
3605 5064 3688 5124 εἰς
3733 5062 3955 5125 ταύτην
4009 5059 4086 5122 τήν

2519 5168 2758 5238 ἐλεεινὴν
2789 5167 3156 5220 κατάστασινο
3187 5162 3281 5215 καὶ
3309 5158 3462 5229 παρὰ
3492 5155 3592 5227 μὲν
3626 5153 3724 5224 τὴν
3763 5150 3953 5222 ἀρχὴν
3979 5151 4026 5201 εί
4047 5163 4086 5195 τι

2522 5262 2785 5331 ἐλάλησεν
2821 5257 2986 5313 αὑτοῦ
3021 5275 3105 5320 τις
3150 5257 3260 5308 τῶν
3308 5250 3574 5318 ἀδελφῶν,
3621 5246 3942 5300 κατέπτυεν
3983 5243 4085 5293 ἑκά-

2528 5373 2678 5426 στου,
2720 5357 2814 5409 καὶ
2847 5353 3032 5420 ἐλεγε-
3077 5370 3095 5401 r
3137 5349 3232 5411 Τίς
3255 5349 3406 5400 ἐστιν
3447 5344 3683 5402 ἐκεῖνοςς
3735 5338 3861 5391 Οὑκ
3888 5337 4030 5389 ἐστιν
4050 5332 4085 5382 εἰ

2536 5451 2611 5521 μὴ
2641 5449 2916 5519 Ζωσιμᾶς,
2949 5445 3043 5520 καί
3092 5444 3142 5496 οἱ
3177 5443 3296 5494 κατ’
3323 5439 3505 5493 αὐτόν.
3551 5456 3570 5486 ι
3600 5430 3735 5487 Εἶτα
3782 5431 3991 5501 ἦρξα-εδ
4015 5429 4087 5479 καὶ

2532 5544 2752 5607 τούτους
2794 5539 3085 5604 εὐτελίζειν
3131 5539 3223 5592 καὶ
3251 5537 3452 5604 λέγειν·
3497 5530 3722 5591 (Οὐδείς
3762 5530 3916 5579 ἐστιν
3963 5527 4007 5577 εἰ
4033 5521 4087 5590 μή

2532 5637 2818 5707 Μακάριος
2839 5652 2852 5666 ·
2883 5654 2900 5684 ι
2957 5632 3051 5687 καὶ
3095 5632 3212 5700 μετ’
3255 5628 3434 5696 ὀλίγον
3463 5623 3665 5695 ῆρξατο
3710 5621 3933 5688 λέγειν’
3968 5637 3984 5668 ι
4015 5615 4086 5673 Ti;
