4188 6438
194 406 325 471 ἰΰίὸ

1540 415 1916 486 DOCTIUNA
1962 419 2043 480 Ῑῐ.

3264 426 3395 489 Ῑηὶὖ

184 531 299 576 ἐπι
357 521 670 590 Μακάριος;
708 523 918 587 υὺδεὶς,
950 524 999 574 εί
1050 522 1124 594 μὴ
1154 507 1428 590 Βασίλειος
1472 532 1564 580 καὶ
1597 530 1725 600 Γρη-

1839 545 2185 592 contemnere
2206 552 2270 592 ac
2303 537 2500 602 dicere,
2535 541 2805 596 neminem
2836 541 3069 610 alicujus
3096 545 3248 612 pretii
3280 561 3402 603 esse

183 614 385 682 γὸριος.
420 630 438 662 ι
471 607 604 664 Εἶτα
641 611 777 678 μετά
809 610 1002 680 μικρὸν
1044 612 1246 681 ἤρξατο
1279 619 1371 667 καὶ
1405 616 1629 682 τούτους
1657 620 1743 672 εὑ-

178 703 428 767 τὲλίζειν,
465 703 654 768 λέγων’
695 720 714 752 ι
755 701 849 763 Τίς
887 703 1003 755 ἐστι
1044 703 1336 768 Βασίλειος,
1383 709 1475 760 καὶ
1501 709 1584 771 τίς
1629 711 1744 763 ἐστι

180 795 513 867 Γρηγὸριος;
565 793 771 855 Οὐδεὶς,
816 796 862 845 εἰ
917 795 990 864 μὴ
1036 795 1246 858 Παῦλος
1289 799 1381 850 καὶ
1438 801 1660 870 Πέτρος.
1719 823 1738 854 ι

177 890 338 955 Λέγω
353 885 520 954 αὐτῷ,
557 884 782 948 Ὄντως,
813 886 1005 956 άδελιρὲ
1025 927 1040 949 ,
1066 889 1158 941 καὶ
1187 889 1408 953 τούτους
1450 892 1560 962 ἔχει
1590 895 1743 960 ἐξουσ-

175 979 424 1032 δενῶσαι.
479 976 813 1032 Πιστεύσατέ
869 995 979 1047 μοι,
1029 978 1110 1030 ὃτι
1167 982 1285 1049 μετ’
1330 983 1510 1050 ὀλίγον
1552 985 1742 1056 καιρὸν

172 1070 380 1140 ἤρξατο
405 1068 599 1134 λέγειν,
641 1088 659 1121 ι
691 1069 786 1131 Τίς
811 1071 927 1121 ἐστι
956 1069 1161 1140 Πέτρος
1193 1074 1285 1126 καὶ
1309 1076 1395 1137 τίς
1427 1077 1541 1128 ἐστι
1589 1077 1737 1130 Παῦ-

171 1159 291 1220 λος;
320 1156 525 1224 οὐδεὶς,
553 1159 601 1210 εἰ
634 1158 708 1229 μὴ
737 1159 770 1228 ἡ
800 1157 928 1225 ἁγία
954 1159 1144 1230 Τριάς.
1177 1159 1365 1227 Οὕτως
1396 1163 1619 1236 ὕστερον
1647 1169 1741 1222 καὶ

169 1248 292 1302 κατ’
345 1247 508 1302 αὑτοῦ
562 1249 654 1302 τοῦ
713 1249 848 1302 Θεοῦ
901 1249 1360 1325 ὑπερηφανεύθη,
1419 1259 1512 1309 καὶ
1565 1258 1739 1323 οὕτως

169 1339 382 1409 ἐξέστη.
438 1340 536 1392 Διὰ
579 1339 736 1393 τοῦτο
779 1341 1064 1411 ὀφείλομεν
1096 1343 1477 1414 ἀγωνίζεσθαι,
1517 1347 1736 1419 ἀδελφοί

175 1449 302 1501 μου,
336 1433 476 1504 πρὸς
517 1432 617 1503 τὴν
660 1431 883 1503 πρώτην
916 1435 1310 1506 ὑπερηφανίαν,
1337 1438 1423 1491 ἶνα
1473 1439 1550 1509 μὴ
1597 1443 1739 1497 κατὰ

172 1524 368 1594 μικρὸν
398 1523 727 1594 ἐμπέσωμεν
759 1529 854 1578 καὶ
894 1527 974 1590 εἰς
997 1527 1212 1581 τελείαν
1242 1529 1638 1599 ὑπερηφανίαν.

252 1614 330 1668 E'.
367 1615 521 1667 Ἐστι
563 1614 621 1668 δὲ
654 1616 748 1668 καὶ
773 1617 1010 1688 κοσμικὴ
1044 1619 1410 1690 ὑαρηφανία,
1442 1623 1537 1676 καὶ
1573 1640 1736 1693 μονα-

170 1707 321 1773 χική.
371 1704 436 1756 Ἠ
467 1704 704 1775 κοσμικὴ
735 1706 1082 1777 ὑπερηφανία
1105 1709 1273 1774 ἐστὶν,
1300 1710 1429 1763 ὅταν
1450 1728 1536 1775 τις
1563 1713 1736 1784 ὑπερ-

168 1795 498 1863 ηφανεύεται
539 1797 680 1850 κατὰ
709 1796 804 1850 τοῦ
839 1798 1092 1868 ἀδελφοῦ,
1116 1798 1193 1863 ὡς
1239 1799 1657 1874 πλουσιιῖ-’τεροϐν
1695 1803 1730 1876 ἦ

1846 634 2039 694 praeter
2086 626 2406 682 Macarium.
2441 627 2505 683 Et
2532 631 2693 698 paulo
2733 641 2887 698 post:
2934 651 2952 683 ι
2985 634 3137 698 Quis,
3164 637 3257 692 ait.
3300 638 3403 690 Ma‘

1845 717 2067 773 carius?
2117 715 2308 774 Nullus
2328 729 2430 786 est,
2456 735 2563 790 pra!
2575 731 2656 775 ter
2673 721 2926 777 Basilium
2940 733 2995 778 et
3013 723 3359 793 Gregorium.
3381 751 3396 776 ο

1846 809 2020 878 Atque
2056 811 2217 864 etiam
2251 827 2356 866 non
2389 815 2560 868 multo
2585 822 2708 883 post
2743 816 2840 869 bos
2865 830 3078 886 qunque
3112 820 3274 888 coepit
3307 837 3404 887 pa-

1843 901 1972 955 riter
2039 917 2314 970 spernere,
2347 914 2400 958 et
2442 906 2646 958 nullum
2701 907 2864 962 ullius
2910 909 3242 974 existimare,
3301 914 3404 966 nisi

1841 991 2059 1044 Petrum
2089 1002 2144 1045 et
2166 991 2418 1047 Paulum.
2475 993 2576 1048 Cui
2599 1009 2699 1064 ego
2721 997 2944 1063 praedixi
3001 999 3143 1066 quod
3199 1003 3403 1060 evenit,

1841 1080 1958 1136 fore
2005 1093 2064 1138 ut
2122 1085 2221 1139 hos
2263 1099 2480 1155 quoque
2539 1097 2780 1156 tempore
2804 1099 3190 1145 contemneret.
3250 1091 3406 1157 Quod

1837 1187 1971 1229 sane
2016 1174 2217 1230 factum
2247 1186 2327 1230 est
2378 1195 2392 1230 :
2430 1192 2554 1231 nam
2580 1193 2676 1232 eos
2695 1178 2916 1248 sprevit,
2934 1187 2990 1234 et
3039 1182 3174 1237 nihil
3204 1197 3325 1236 esse
3351 1184 3403 1237 in

1837 1266 2012 1334 pretio
2057 1265 2362 1322 habendum
2395 1279 2587 1337 praeter
2613 1268 2930 1326 Trinitatem
2959 1286 3202 1328 asserere
3220 1275 3402 1344 cmpit.

1838 1356 2142 1429 Statimque
2170 1360 2224 1414 in
2265 1359 2432 1414 Deum
2467 1376 2686 1431 quoque
2715 1361 2890 1417 factus
2918 1363 3260 1430 insolentior,
3323 1369 3405 1424 in-i

1835 1449 2050 1502 tumuit.
2079 1447 2242 1504 Nobis
2275 1451 2436 1520 igitur
2463 1451 2775 1507 luctandum
2802 1463 2887 1508 est
2913 1469 3035 1509 curn
3062 1455 3257 1524 prima,
3294 1457 3403 1513 fra-

1835 1548 1968 1604 tres,
2004 1555 2072 1596 ne
2101 1541 2359 1610 paulatim
2394 1542 2449 1596 in
2479 1544 2771 1599 secundam
2797 1545 3043 1600 labamur
3072 1549 3403 1614 superbiam.

1908 1624 1977 1685 ν.
2016 1630 2113 1686 Est
2141 1642 2320 1686 autem
2352 1630 2604 1703 superbia
2626 1635 2988 1700 monachalis,
3021 1649 3073 1692 et
3103 1639 3400 1695 saecularis.

1834 1718 2123 1776 Saecularis
2145 1730 2230 1777 est
2258 1738 2382 1777 cum
2414 1725 2537 1792 quis
2578 1724 2856 1781 insolescit
2886 1727 2938 1780 in
2970 1725 3186 1782 fratrem
3218 1743 3402 1791 suum,

1833 1821 2020 1882 utpote
2051 1813 2248 1876 ditior,
2291 1815 2592 1884 pulchrior,
2625 1816 2709 1871 vel
2743 1819 3024 1882 ornatior,
3061 1820 3142 1872 vel
3173 1821 3404 1874 nobilior

169 1887 246 1948 ὡς
270 1886 669 1956 εὐμορφότερος
696 1887 889 1951 αὐτοῦ,
921 1890 954 1960 ἢ
997 1891 1074 1953 ὡς
1119 1891 1298 1956 καλῶς
1345 1893 1525 1963 φορῶν
1549 1869 1725 1948 ’πλέον

1833 1918 1918 1958 eo.
1944 1901 2082 1959 Cum
2112 1905 2274 1976 igitur
2305 1907 2578 1962 intuemur
2604 1907 2816 1978 aliquos
2843 1910 3130 1979 gloriosos,
3153 1912 3231 1965 vel
3258 1913 3401 1981 quod

168 1978 357 2042 αὑτοῦ,
391 1977 426 2048 ἢ
467 1977 544 2042 ώς
575 1979 950 2048 γενναιότερος
991 1981 1174 2034 αὑτοῦ.
1209 1982 1376 2036 Ὅταν
1403 1980 1497 2037 οὖν
1525 1983 1734 2053 ptem.

173 2088 276 2140 μεν
300 2070 523 2132 ἑαυτοὺς
559 2069 968 2136 κενώοξοῦντας
997 2074 1054 2126 ἐν
1086 2072 1318 2137 τούτοις,
1349 2074 1382 2143 ἢ
1416 2075 1502 2128 ὅτι
1531 2076 1592 2129 τὸ
1635 2093 1732 2146 μο-

167 2163 460 2232 ναστήριον
498 2161 655 2233 ἡμῶν
691 2164 895 2233 μεῖζον,
935 2163 968 2233 ἢ
1012 2163 1406 2236 εὐπορώτερον,
1443 2165 1476 2237 ἢ
1507 2167 1587 2220 ὄτι
1615 2168 1733 2239 ἐχο-

172 2269 275 2322 μεν
304 2253 532 2317 πολλοὺς
560 2254 843 2322 ἀδελφοὺς,
873 2253 1158 2325 ὀφείλομεν
1191 2255 1388 2309 εἰδέναι
1430 2258 1510 2310 ὅτι
1551 2259 1733 2332 ἀκμήν

171 2347 340 2414 ἐσμεν
370 2346 430 2399 ἐν
456 2348 523 2416 τῇ
556 2349 792 2417 κοσμικῇ
823 2347 1189 2417 ὑπερηφανίᾳ.
1223 2347 1378 2402 Ἐστι
1414 2350 1471 2402 δὲ
1511 2351 1599 2404 ὅτε
1639 2353 1733 2405 καὶ

175 2445 257 2503 εἰς
302 2441 506 2508 φυσικά
538 2456 657 2492 τινα
693 2438 960 2506 κενοδοξεῖ
992 2457 1095 2504 τις.
1133 2437 1259 2493 Οἷὸν
1285 2459 1334 2494 τι
1366 2441 1534 2508 λέγω·
1566 2445 1732 2498 Κενο-

167 2532 314 2598 δοξεῖ
344 2549 426 2595 τις
478 2533 560 2586 ὅτι
591 2531 920 2601 καλλίφωνὸς
963 2536 1080 2586 ἐστι
1119 2535 1213 2586 καὶ
1241 2533 1422 2596 καλῶς
1453 2533 1666 2602 ψάλλει,
1696 2536 1730 2606 ἢ

167 2626 253 2678 ὅτι
282 2627 428 2680 ἐστὶν
459 2625 704 2694 ἐπιεικὴς
752 2627 845 2678 καὶ
879 2623 1155 2694 καθαρίως
1212 2628 1494 2698 ὑπηρετεῖ.
1545 2628 1730 2681 Ταῦτα

172 2719 472 2786 σεμνότερα
504 2716 602 2784 μέν
631 2719 736 2768 εἱσι
760 2717 869 2768 τῶν
894 2717 1144 2786 πρώτων·
1174 2720 1322 2789 ὅμως
1358 2723 1451 2773 καὶ
1476 2719 1613 2774 αὑτά
1633 2720 1734 2788 τῆς

169 2809 438 2878 κοσμικῆς
467 2807 864 2877 ὑπερηφανίας.
911 2809 974 2860 'H
1000 2807 1058 2860 δὲ
1086 2810 1356 2879 μοναχικὴ
1388 2811 1733 2882 ὑπερηφανία

166 2900 339 2961 ἐστὶν,
368 2899 457 2952 ὅτε
480 2897 748 2963 κενοδοξεῖ
770 2915 875 2962 τις,
904 2899 979 2962 ὡς
1003 2900 1315 2970 ἀγρυπνῶν,
1339 2901 1414 2965 ὼς
1437 2903 1730 2971 νηστεύων,

165 2993 239 3056 ὼς
274 2989 527 3060 εὐλαϐὴς,
557 2990 632 3053 ὼς
674 2990 966 3054 πολιτείας,
1006 2991 1081 3052 ὡς
1127 2992 1429 3054 σπουδαῖος.
1475 2995 1629 3046 Ἐστι
1675 2994 1731 3046 δὲ

166 3087 258 3139 ὅτε
282 3083 377 3136 καὶ
404 3081 750 3137 ταπεινοῦταί
780 3098 863 3141 τις
886 3081 975 3133 διὰ
1002 3081 1179 3146 δόξαν.
1207 3083 1392 3137 Ταῦτα
1433 3085 1531 3155 τῆς
1571 3103 1733 3155 μονα-

1833 2009 2021 2050 eorum
2056 1999 2442 2053 monasterium
2474 2000 2650 2069 majus
2683 2000 2758 2055 sit
2784 2010 2838 2055 et
2869 2003 3114 2072 dignius,
3145 2007 3223 2058 vel
3259 2009 3402 2075 quot

1836 2086 2202 2145 abundantius
2230 2097 2285 2144 et
2317 2090 2500 2160 plures
2532 2092 2828 2148 monachos
2857 2097 3162 2154 continens,
3199 2099 3405 2150 noveri-

1834 2195 1958 2232 mus
1983 2178 2082 2233 bos
2119 2179 2370 2249 superbia
2400 2180 2649 2236 saeculari
2681 2182 2856 2236 adhuc
2889 2184 3078 2238 teneri.
3113 2186 3245 2240 Cum
3280 2187 3405 2241 item

1834 2272 1970 2326 alius
2003 2271 2146 2326 circa
2193 2283 2401 2328 naturae
2429 2272 2583 2330 dotes
2611 2275 2903 2346 gloriatur,
2937 2277 3015 2328 vel
3044 2278 3185 2344 quod
3217 2281 3405 2334 suavis

1832 2361 1905 2415 sit
1930 2361 2098 2421 vocis,
2121 2359 2266 2429 quod
2302 2363 2466 2430 probe
2496 2363 2704 2432 psallat,
2725 2365 2872 2432 quod
2893 2364 3062 2419 nitide
3087 2372 3138 2419 et
3181 2367 3404 2434 prmcla-

1833 2467 1891 2506 re
1941 2451 2241 2518 ministret;
2275 2451 2648 2522 hujuscemodi
2681 2455 2924 2523 gloriolae
2977 2457 3240 2525 primatus
3278 2469 3407 2514 sunt

1833 2555 1886 2597 et
1929 2543 2183 2598 vanitatis
2226 2543 2527 2599 saecularis.
2577 2545 2879 2600 Monastica
2929 2557 3110 2602 autem
3153 2552 3406 2620 superbia

1832 2643 1945 2698 est,
1990 2651 2112 2689 cum
2157 2635 2580 2705 quis-gloriatur
2618 2643 2678 2689 ut
2709 2635 3074 2705 jejuniorum,
3111 2649 3169 2692 ut
3198 2641 3406 2710 vigilia-

1835 2741 1953 2778 rum
1983 2726 2535 2792 observantissimus,
2568 2735 2626 2781 ut
2657 2728 3003 2795 venerabilis,
3035 2738 3093 2782 ut
3121 2728 3317 2792 civilis,
3350 2741 3408 2784 ut

1833 2817 2154 2880 studiosius,
2199 2828 2406 2873 etcum
2439 2819 2562 2888 quis
2603 2820 2961 2890 adipiscendae
3003 2822 3186 2890 gloriae
3233 2823 3406 2892 gratia

1835 2907 2149 2962 liutniliatur
2189 2929 2202 2964 :
2242 2909 2358 2964 haec
2400 2910 2466 2964 ad
2509 2912 2866 2966 monasticam
2899 2911 3206 2980 superbiam
3238 2914 3402 2981 perti-

1834 3007 1982 3052 nent.
2008 2997 2158 3054 Licet
2180 3007 2359 3054 autem
2381 2998 2450 3070 (si
2472 3000 2694 3054 omnino
2714 2999 3080 3072 gloriandum)
3105 3004 3405 3057 monastice

1835 3092 2014 3160 potius
2031 3107 2196 3161 quam
2221 3093 2494 3147 mnndane
2520 3092 2760 3174 gloriari.
2792 3092 3036 3149 Diximus
3054 3094 3163 3164 jam
3189 3111 3309 3164 quae
3335 3097 3406 3150 sit

167 3175 329 3244 χικῆς
359 3171 735 3244 ὑπερηφανίας
763 3171 933 3224 ἐστίν.
979 3171 1282 3243 Ἐνδέχεται
1313 3175 1444 3244 ἡμῖν
1490 3177 1566 3246 μὴ
1595 3177 1725 3236 ὅλως

1836 3188 2012 3254 prima
2038 3184 2289 3254 superbia
2311 3222 2325 3248 ,
2354 3171 2547 3252 quaeve
2565 3184 2691 3238 item
2717 3184 2980 3246 secunda,
2997 3200 3118 3254 qua:
3140 3189 3403 3240 monasti-

169 3262 703 3334 ὑπερηφανεὺεσθαιο
737 3264 785 3315 εἰ
813 3261 891 3325 δὲ,
919 3261 1020 3316 κᾶν
1061 3264 1140 3326 εἰς
1172 3263 1244 3316 τὰ
1273 3265 1541 3335 μοναχικά
1567 3266 1734 3336 ὑπερ-

165 3354 556 3425 ηφανεύεσθαι,
587 3353 680 3405 καὶ
715 3352 789 3422 μὴ
819 3355 898 3415 εἰς
945 3353 1013 3404 τά
1047 3354 1304 3421 κοσμικά.
1348 3355 1476 3407 Ἰδοὺ
1505 3355 1732 3425 εἴπομεν

1836 3287 1898 3326 ea
1919 3311 1934 3334 ,
1963 3287 2086 3340 qua:
2122 3272 2398 3326 saecularis
2429 3289 2442 3322 :
2491 3269 2760 3339 reliquum
2793 3280 2877 3326 est
2897 3311 2912 3334 ,
2949 3273 3168 3328 totidem
3196 3274 3406 3328 bumili-

1838 3349 2183 3429 tatisgenera
2215 3373 2575 3430 opponatnus.

165 3449 251 3510 τις
274 3450 421 3500 ἐστιν
451 3447 484 3514 ἡ
516 3443 705 3515 πρώτη
743 3443 1110 3514 ὑπερηφανία,
1133 3444 1226 3496 καὶ
1257 3445 1342 3506 τίς
1413 3446 1563 3500 ἐστιν
1588 3447 1623 3515 ὴ
1678 3445 1926 3518 δευτέρα,
1955 3449 2154 3518 ὁμοίως
2210 3449 2452 3517 εἴπωμεν
2489 3448 2572 3511 τίς
2639 3447 2787 3500 ἐστιν
2825 3450 2859 3518 ἡ
2900 3451 3162 3519 κοσμικὴ,
3197 3453 3289 3503 καὶ
3321 3451 3403 3514 τίς

166 3546 282 3595 ἐστι
337 3543 598 3611 μοναχικὴ
649 3539 1012 3610 ὑπερηφανία.
1059 3538 1337 3609 Μάθωμεν
1404 3541 1590 3594 λοιπδν
1653 3544 1802 3597 ποῖαί
1840 3547 1945 3599 εἰσι
1972 3544 2066 3599 καὶ
2087 3540 2256 3598 αίδὺο
2289 3541 2665 3606 ταπεινώσεις.

240 3637 331 3704 ς’.
367 3635 429 3689 'H
474 3634 664 3704 πρώτη
698 3633 1021 3695 ταπείνωσες
1050 3634 1190 3696 ἐστι,
1218 3633 1280 3687 τὸ
1306 3633 1450 3704 ἔχειν
1489 3627 1610 3690 τινᾶ
1645 3636 1735 3690 τὸν

166 3728 397 3798 ἀδελφὸν
435 3725 602 3782 αὑτοῦ
651 3724 1016 3794 συνετώτερον
1059 3725 1275 3790 ἑαυτοῦ,
1308 3729 1401 3780 καὶ
1439 3730 1519 3792 εἰς
1557 3728 1734 3783 πάντα

168 3821 502 3890 ὑπερέχοντα
536 3815 751 3882 ἑαυτοῦ,
786 3816 882 3870 καὶ
927 3817 1136 3880 ἁπλῶς,
1164 3815 1240 3879 ώς
1273 3812 1426 3870 εἶπεν
1460 3819 1667 3882 ἐκεῖνος
1704 3821 1735 3880 6

167 3912 343 3979 ἅγιος,
372 3911 434 3963 τὸ
464 3903 604 3962 εἶναι
633 3909 889 3966 ὑποκάτω
910 3910 1147 3962 πάντων.
1190 3908 1258 3963 Ἡ
1289 3910 1345 3962 δὲ
1368 3910 1596 3981 δευτέρα
1638 3928 1733 3964 τα-

168 3999 424 4062 πείνωσίς
455 4002 594 4063 ἔστι,
623 3998 682 4052 τὸ
704 4000 1031 4068 ἐπιγράφειν
1072 3999 1152 4067 τῷ
1193 3999 1314 4073 Θεῷ
1342 4001 1411 4052 τὰ
1450 4000 1729 4070 κατορθώ-

171 4109 339 4162 ματα.
369 4091 515 4161 Αὖτη
549 4090 698 4143 ἐστὶν
733 4090 767 4159 ἠ
801 4088 984 4142 τελεία
1013 4089 1365 4154 ταπείνωσις,
1397 4090 1506 4143 τῶν
1537 4091 1726 4160 ἁγίων.

166 4180 318 4249 Αὕτη
345 4182 378 4249 ἠ
404 4179 646 4248 φυσικῶν
682 4178 726 4208 ¹⁹
766 4177 1024 4247 γινομένη
1055 4176 1112 4229 ἐν
1139 4179 1203 4247 τῇ
1227 4177 1394 4248 ψυχῇ,
1421 4179 1486 4231 ὲκ
1515 4180 1613 4244 τῆς
1645 4181 1729 4231 ἐν-

1913 3637 1997 3690 Vl.
2057 3637 2232 3692 Prima
2264 3637 2426 3705 igitur
2458 3635 2736 3690 humilitas
2768 3645 2872 3700 est,
2906 3635 2951 3690 si
2993 3633 3213 3690 fratrem
3250 3648 3401 3690 tnunt

1838 3730 2118 3786 existimes
2157 3745 2278 3785 esse
2323 3739 2375 3784 te
2415 3729 2852 3798 prudentiorem,
2895 3737 2950 3784 et
2992 3728 3044 3782 in
3092 3729 3303 3784 cunctis
3355 3741 3408 3783 te

1837 3806 2042 3879 anteire
2074 3844 2086 3878 :
2124 3833 2212 3887 et,
2242 3834 2301 3878 ut
2329 3823 2414 3877 vir
2445 3823 2788 3891 illesanctus
2813 3822 3024 3884 aiebat,
3061 3821 3138 3876 sis
3161 3821 3406 3876 omnium

1839 3911 2260 3980 abjectissimus.
2303 3909 2855 3964 Secunda‘lnnnilitas
2883 3920 2986 3972 est,
3026 3910 3229 3977 quaevis
3259 3919 3405 3963 recta

1836 4021 1999 4076 opera
2048 4003 2160 4059 Deo
2209 4004 2482 4059 ascribere
2530 4021 2543 4056 :
2575 4012 2629 4055 et
2669 4007 2780 4054 haec
2817 3999 3050 4068 perfecta
3090 4008 3401 4053 sanctorum

1839 4096 2152 4156 ltumilttas._
2186 4093 2316 4159 Quae
2363 4093 2579 4162 quidem
2625 4090 2888 4144 naturalis
2943 4090 2994 4140 in
3023 4090 3200 4142 anima
3250 4087 3311 4141 ﬁt
3351 4101 3406 4143 et

1833 4193 2122 4256 generatur
2142 4199 2206 4238 ιι
2233 4183 2574 4238 observantia
2611 4179 2988 4234 mandatorum
3019 4177 3128 4231 Dei.
3162 4175 3230 4232 Ut
3259 4178 3406 4233 enim

165 4272 386 4344 εργείας
409 4271 518 4325 τῶν
544 4269 791 4324 ἐντολῶν.
819 4269 1030 4339 ’Ὥσπερ
1080 4270 1187 4340 γὰρ
1235 4271 1303 4323 τά
1353 4270 1546 4340 δένδρα
1600 4271 1725 4324 ὅταν

1833 4277 2056 4331 arbores
2083 4291 2206 4330 cum
2245 4275 2417 4330 multo
2446 4273 2625 4328 fructu
2654 4282 2864 4327 onusta:
2893 4269 3115 4332 fuerint,
3146 4269 3406 4326 inclinant

166 4360 424 4433 βαστάζει
471 4361 681 4431 καρπὸν
729 4359 916 4420 πολὺν,
948 4358 1110 4421 αὑτὸς
1161 4361 1189 4411 6
1237 4360 1446 4430 καρπὸς
1485 4361 1725 4430 κάμπτει

1833 4384 2016 4423 ramos
2047 4379 2100 4422 et
2135 4385 2231 4424 eos
2268 4369 2591 4438 plerumque
2627 4365 2927 4436 frangunt:
2962 4363 3053 4433 qui
3092 4375 3273 4420 autem
3313 4381 3404 4420 ra-

164 4457 319 4518 κάτω
337 4455 462 4518 τοὺς
487 4451 732 4515 κλάδους,
758 4451 854 4504 καὶ
876 4452 1132 4521 κατασπᾷ
1156 4451 1372 4514 αὐτοὺς.
1401 4452 1428 4502 6
1449 4449 1508 4503 δὲ
1535 4450 1725 4514 κλάδος

1832 4477 1956 4516 mus
2009 4461 2214 4515 nullum
2235 4459 2419 4520 .habet
2465 4458 2740 4520 fructum,
2792 4455 3055 4510 attollitur
3095 4456 3146 4509 in
3197 4459 3401 4517 altum,

159 4549 191 4598 6
222 4544 298 4616 μὴ
325 4543 610 4614 βαστάζων
637 4544 871 4614 καρπὸν,
903 4543 1133 4612 ὑψοῦται
1171 4544 1282 4596 ἄνω
1320 4543 1415 4596 καὶ
1443 4541 1725 4614 ἀνέρχεται

1831 4563 1884 4610 et
1913 4564 2091 4609 rectus
2113 4553 2350 4624 assurgit
2385 4570 2400 4606 :
2457 4552 2502 4606 si
2533 4560 2712 4604 autem
2748 4547 2885 4617 lapis
2916 4548 3252 4619 appendatur
3275 4589 3290 4613 ,
3323 4549 3402 4601 in-

158 4635 343 4706 ὀρθόςο
367 4636 473 4687 εἰσὶ
500 4635 556 4686 δέ
579 4652 698 4699 τινα
718 4635 827 4688 τῶν
853 4635 1103 4702 δένδρων,
1135 4636 1227 4687 καὶ
1251 4635 1336 4703 ἐφ’
1360 4636 1482 4688 ὅσον
1509 4636 1607 4703 μὲν
1635 4636 1725 4703 άν-

1831 4646 2172 4715 clineturque
2210 4659 2280 4700 ne
2319 4654 2498 4699 rectus
2537 4651 2788 4710 assurgat
2816 4681 2832 4704 ,
2866 4641 3011 4698 illico
3041 4656 3195 4711 poma
3223 4639 3399 4708 parit:

160 4729 382 4800 ἐρχεται
407 4727 437 4778 6
469 4725 660 4788 κλάδος
699 4724 881 4778 αὐτῶν
910 4725 1041 4787 ἄνω,
1082 4724 1143 4776 οὑ
1187 4723 1446 4792 βαστάζει
1493 4725 1725 4795 καρπόν·

1831 4736 1909 4790 sic
1941 4735 2119 4790 anima
2159 4743 2343 4789 nostra
2383 4733 2428 4787 si
2458 4732 2791 4796 bumilietur,
2821 4733 3002 4787 statim
3036 4730 3243 4784 fructus
3266 4726 3399 4789 edit,

160 4820 260 4874 ἐὰν
298 4819 357 4872 δὲ
396 4817 534 4888 λάϐῃ
577 4833 661 4878 τις
707 4815 854 4867 λίϐον
893 4818 986 4867 καὶ
1032 4817 1283 4884 κρεμάσῃ
1330 4815 1492 4866 αὑτὸν
1535 4818 1614 4877 εἰς
1639 4815 1725 4869 τὸν

1831 4837 2144 4898 quantoque
2165 4825 2346 4896 plures
2377 4821 2584 4879 fructus
2611 4825 2874 4890 attulerit,
2905 4831 3056 4876 tanto
3089 4820 3259 4888 magis
3299 4817 3402 4872 ltu-

159 4909 375 4972 κλάδον,
403 4911 498 4963 καὶ
517 4906 842 4976 κατασπάσῃ
872 4905 1030 4959 αὑτὸν
1060 4905 1232 4968 κάτω,
1266 4903 1386 4956 τότε
1416 4907 1559 4957 ποιεῖ
1587 4922 1724 4975 καρ-

159 5003 280 5056 πόν-
313 4999 484 5062 οὓτως
517 5001 634 5053 ἐστὶ
657 5001 752 5052 καὶ
789 5000 823 5070 ἡ
843 4998 1008 5068 ψυχή’
1045 4997 1173 5049 ὅταν
1202 4995 1572 5061 ταπεινοῦται,
1603 4997 1724 5051 τότε

155 5094 374 5166 καρπὸν
401 5093 579 5162 φέρει,
617 5093 712 5144 καὶ
746 5082 870 5166 ὃσρν
904 5093 1047 5144 ποιεῖ
1078 5089 1311 5160 καρπὸν,
1342 5087 1596 5142 τοσοῦτον
1625 5108 1724 5145 τα-

156 5159 460 5240 πεινοῦται.
478 5159 596 5237 *Καὶ
614 5183 739 5236 ὅσον
768 5159 876 5253 γάρ
901 5159 1210 5250 ἐγγίζουσιν
1234 5181 1284 5233 οἱ
1314 5179 1457 5248 ἅγιοι
1485 5181 1564 5252 τῷ
1584 5182 1724 5254 Θεῷ,

152 5274 414 5328 τοσοῦτον
449 5271 734 5344 βλέπουσιν
761 5273 986 5336 ἑαυτοὺς
1021 5269 1394 5342 ἁμαρτωλούς.
1426 5271 1726 5344 Μέμνημαι

151 5366 241 5418 ὅτι
270 5364 565 5436 ιλαλοῢμέν
597 5379 724 5418 ποτε
757 5365 888 5436 περὶ
930 5361 1329 5426 ταπεινώσεως,
1366 5365 1474 5426 καί,
1491 5381 1573 5428 τις
1615 5366 1724 5419 τῶν

151 5449 632 5529 λαμπρῶντάζης
669 5456 883 5511 άκοὺων
909 5457 1069 5527 ἡμῶν
1112 5455 1376 5523 λεγόντων
1406 5455 1564 5511 τοῦτο
1585 5500 1600 5524 ,
1637 5461 1720 5514 ὄτι

150 5550 287 5604 ὅσον
313 5549 522 5618 ιγγιζει
570 5567 652 5615 τις
701 5547 781 5619 τῷ
831 5547 970 5619 Θεῷ,
1008 5545 1260 5602 τοσοῦτον
1309 5546 1492 5618 βλέπει
1518 5551 1714 5606 ἑαυτὸν

1832 4921 2089 4974 tniliatur.
2122 4916 2256 4972 Nam
2284 4916 2386 4970 viri
2428 4915 2602 4971 sancti
2633 4923 2847 4986 quanto
2881 4913 2950 4968 ad
2983 4910 3151 4967 Deum
3180 4910 3403 4979 propius

1829 5011 2198 5076 accesserint,
2227 5017 2382 5064 tanto
2419 5023 2480 5063 se
2511 5008 2812 5078 iniquiores
2838 5013 3157 5076 agnoscunt.
3183 5000 3402 5057 Memini

1821 5111 2028 5163 autem,
2051 5114 2176 5155 eum
2204 5098 2552 5169 loqueremur
2581 5096 2872 5169 aliquando
2899 5094 2965 5149 de
2994 5093 3319 5155 humilitate,
3348 5104 3401 5150 et

1836 5189 2057 5260 quidam
2112 5201 2178 5243 ex
2223 5186 2384 5243 Gaza:
2448 5188 2780 5258 principibus
2835 5197 2937 5238 nos
2995 5182 3204 5237 audiret
3256 5183 3401 5238 istud

1835 5283 2012 5350 ipsum
2041 5287 2378 5345 asserentes,
2414 5280 2760 5350 obstupuisse
2797 5289 2921 5330 eum
2955 5281 3119 5345 atque
3147 5274 3354 5331 dixisse
3383 5315 3400 5340 ,

1834 5373 1939 5428 hoc
1959 5369 2236 5442 quomodo
2281 5373 2396 5428 tieri
2437 5377 2661 5444 posset,
2697 5369 2951 5439 ignorare
2995 5383 3151 5436 sese;
3194 5369 3400 5424 discere

1827 5472 2007 5517 autem
2029 5461 2182 5517 velle.
2201 5460 2303 5517 Cui
2326 5477 2427 5533 ego
2445 5459 2695 5530 respondi
2721 5476 2735 5513 :
2764 5476 2784 5509 ι
2811 5455 2928 5522 Dic,
2950 5458 3196 5526 obsecro,
3221 5455 3398 5510 domi-

1822 5568 1909 5618 ne,
1924 5551 2006 5606 vir
2021 5549 2298 5622 primario,
2316 5568 2476 5624 quem
2495 5561 2546 5607 te
2563 5549 2728 5605 babes
2755 5547 2897 5606 inter
2919 5551 3172 5606 concives
3195 5542 3353 5599 tuos?
3373 5561 3393 5594 ι

1438 5709 1672 5770 VARIE
1714 5709 2123 5771 LECTIONES.

231 5825 280 5857 ¹⁶
301 5822 567 5879 Φυσικῶν.
598 5822 905 5897 Legendum
931 5822 1093 5893 forte,
1117 5824 1385 5901 φυσικῶς.

1377 5901 1407 5919 υ
