4188 6438
736 345 867 414 1651

1946 353 2003 409 ὃ.
2062 350 2453 413 DOROTHEI
2524 354 2787 411 ABBAT]
2801 363 2837 407 δ

3932 342 4068 405 1659.

766 464 831 516 Et
880 464 923 515 si
970 464 1101 533 quid
1151 461 1280 517 boni
1333 462 1678 531 postmodum
1725 463 1945 528 fecerit,
1998 476 2146 520 DOVII.
2186 471 2340 536 plane

2446 467 2595 531 αὐτῷ
2623 468 2710 520 ἀεὶ
2739 467 3063 535 εὐχαριστεῖ,
3093 466 3183 516 καὶ⁹
3216 464 3375 517 αὐτὸν
3411 465 3497 517 ἀεὶ
3527 461 3894 534 παρακαλεῖ,
3934 466 4060 526 τρε-

764 554 911 607 unde
942 552 991 605 id
1025 552 1265 618 ﬂuxerit,
1294 569 1393 607 nec
1418 552 1595 607 eﬂ‘erri
1629 563 1823 623 potest,
1861 570 2037 625 neque
2064 558 2195 612 illud
2227 560 2340 612 vir-

765 640 865 691 tuti
902 641 1137 707 propriae
1160 642 1466 705 ascribere,
1504 642 1596 695 sed
1627 640 1737 696 Deo
1767 642 1860 697 dat
1886 644 2149 714 quidquid
2196 656 2343 700 recte

764 736 911 803 agit,
945 743 1110 806 atque
1140 737 1215 791 illi
1245 747 1484 792 tremens
1516 747 1776 808 perpetuo
1802 739 2109 808 supplicat,
2149 756 2341 811 perpe-

768 831 863 877 tuo
886 825 1089 893 gratias
1113 825 1243 893 agit,
1270 840 1338 880 ne
1364 826 1431 879 ab
1454 826 1556 879 hoc
1574 826 1778 880 auxilio
1794 826 2338 898 decidat,appareat-

770 930 878 986 que
931 916 1274 972 imbecillitas
1303 926 1357 972 et
1390 917 1677 973 infirmitas
1728 934 1853 973 sua.
1880 918 2075 988 Sicque
2103 936 2197 990 per
2235 921 2340 975 hu-

771 1006 1056 1060 militatem
1078 1017 1199 1062 orat
1222 1017 1276 1062 et
1302 1023 1396 1078 per
1420 1009 1723 1063 orationem
1756 1011 1815 1064 tit
1845 1009 2083 1075 humilis,
2110 1021 2341 1081 quanto-

769 1114 875 1166 que
898 1101 1101 1155 rectius
1122 1110 1399 1171 Operatur,
1426 1111 1575 1157 tanto
1598 1103 1772 1171 magis
1793 1103 2109 1157 humiliatur
2134 1116 2189 1158 et
2214 1119 2333 1174 pro:

768 1192 883 1246 ticit
910 1194 1092 1248 anima
1122 1209 1216 1263 per
1238 1194 1627 1250 humilitatem.

839 1284 931 1337 12;.
967 1284 1078 1339 Cur
1102 1296 1282 1340 autem
1314 1286 1391 1339 ait
1420 1302 1710 1354 corporeus
1756 1287 1972 1342 labores
2011 1288 2250 1342 animam
2286 1288 2339 1340 in

767 1376 1129 1432 humilitatem
1165 1376 1472 1432 adducere?
1505 1377 1643 1443 Quid
1675 1377 1837 1433 habet
1872 1396 1927 1434 an
1957 1395 2017 1434 se
2046 1394 2341 1449 corporeus

768 1467 925 1523 labor
952 1468 1019 1523 ad
1051 1468 1248 1523 anirnae
1272 1469 1728 1536 dispositionem?
1770 1469 1985 1524 Docebo
2012 1485 2106 1523 vos
2130 1469 2337 1538 paucis.

766 1559 964 1613 Anima
993 1559 1084 1613 ubi
1112 1558 1461 1629 praavaricata
1492 1568 1609 1622 est,
1648 1570 1703 1613 et
1732 1577 1761 1614 a
1796 1570 2064 1629 praecepto
2096 1560 2337 1624 decidit,

769 1648 866 1717 (ut
910 1647 985 1702 ait
1030 1649 1187 1704 divus
1214 1638 1571 1719 Gregorius),
1612 1648 2066 1718 concupiscentia:
2099 1650 2246 1702 omni
2289 1659 2343 1705 et

768 1743 993 1796 arbitrio
1019 1744 1225 1799 erroris
1252 1744 1516 1813 permissa
1546 1752 1628 1797 est
1653 1751 1706 1797 et
1735 1742 1859 1797 (lata
1880 1783 1895 1807 ,
1924 1743 2197 1812 coepitque
2222 1758 2340 1797 om-

767 1832 902 1887 nino
934 1849 1228 1904 corporeos
1258 1850 1437 1889 mores
1477 1834 1703 1904 diligere
1748 1843 1803 1889 et
1841 1834 2133 1904 amplecti;
2176 1834 2249 1887 ita
2288 1846 2345 1890 ut

770 1941 936 1978 unum
962 1940 1085 1978 cum
1126 1941 1353 1994 corpore
1381 1927 1597 1980 inventa
1631 1926 1741 1991 sit,
1780 1938 1833 1981 et
1868 1937 1978 1981 tota
2008 1941 2139 1982 caro
2178 1927 2339 1990 facta,

2444 575 2556 628 μων
2587 559 2661 628 μὴ
2688 560 2895 627 ἐκπέσῃ
2913 556 3013 626 τῆς
3034 554 3285 626 τοιαύτης
3310 554 3580 625 βοηθείας,
3605 555 3708 607 καὶ
3732 550 4059 620 φανερωθῇ

2439 656 2473 722 ὴ
2504 650 2759 707 ἀσθένεια
2778 651 2873 705 καὶ⁵
2903 652 2932 722 ἡ
2956 650 3224 719 ἀδυναμία
3248 648 3435 702 αὐτοῦ.
3465 648 3577 700 Καὶ
3600 647 3797 707 οὕτως
3831 643 3939 696 δια
3961 642 4059 708 τῆς

2440 741 2823 804 ταπεινώσεως
2854 740 3092 811 εὔχεται,
3126 740 3221 794 καὶ
3247 738 3334 792 διὰ
3376 739 3477 809 τῆς
3514 738 3687 808 εὐχῆς
3734 731 4059 789 ταπεινοῦ-

2440 852 2550 897 ται,
2574 835 2669 887 καὶ
2694 830 2805 887 οἷον
2835 835 2921 888 ἀεὶ⁵
2948 833 3220 904 κατορθοῖ,
3244 832 3332 885 ἀεὶ
3367 830 3753 891 ταπεινοῦται,
3787 828 3903 880 καὶ
3929 827 4055 878 ὅσον

2442 926 2811 988 ταπεινοῦται,
2839 926 3110 997 βοηθεῖται
3140 927 3234 979 καὶ
3254 922 3552 994 προκόπτοι
3580 921 3676 975 διὰ
3704 922 3821 991 τῆς
3847 934 4051 973 ταπει-

2447 1017 2805 1090 νοφροσύνης.

2518 1290 2594 1343 ϐ’.
2632 1291 2729 1343 Διά
2751 1289 2803 1341 τί
2837 1286 2929 1343 οὖν
2954 1289 3100 1357 λέγει
3133 1298 3216 1342 οτι
3256 1294 3305 1340 οἱ
3345 1286 3650 1357 σωματικοὶ
3712 1285 3892 1337 κόποι
3950 1283 4043 1349 qi-

2448 1398 2603 1450 ρουσι
2647 1382 2747 1451 τὴν
2780 1380 3320 1453 ταπινοφροσύνηη
3353 1379 3419 1432 Τί
3468 1378 3582 1447 ἔχει
3632 1379 3666 1429 6
3710 1374 4043 1445 (Ithqu

2445 1473 2610 1537 κόπος
2647 1475 2728 1537 είς
2752 1474 2989 1528 διάθεσιν
3014 1473 3225 1543 ψυχῆςς
3270 1472 3409 1540 Ἐγὼ
3434 1470 3578 1538 λέγω
3603 1469 3764 1537 ὑμῖν·
3815 1464 4040 1531 Ἐπειδὴ

2447 1562 2756 1616 ἐκπεσοῦσα
2785 1565 2819 1632 ἡ
2852 1564 2996 1634 ψυχὴ
3033 1563 3141 1617 ἀπὸ
3164 1563 3263 1632 τῆς
3285 1561 3499 1629 ἐντολῆς
3528 1561 3609 1619 είς
3640 1558 3748 1628 τὴν
3773 1554 4041 1624 παραδα-

2441 1668 2546 1715 σιν,
2568 1652 2864 1723 παρεδόθη,
2894 1652 2971 1715 ὡς
3008 1653 3155 1721 λέγει
3199 1653 3229 1704 6
3256 1652 3409 1718 ᾶγιος
3434 1650 3762 1719 Γρηγοριος,
3812 1648 3890 1713 τῇ
3918 1644 4035 1710 φιλο

2439 1743 2625 1815 ηδονίᾳ
2669 1745 2765 1800 καὶ
2801 1748 2867 1816 τῇ
2909 1746 3205 1815 αὐτονομίᾳ
3236 1745 3336 1814 τῆς
3368 1742 3595 1809 πλάνης,
3621 1740 3724 1791 καὶ
3767 1738 4034 1807 ἠγάπησε

2440 1835 2508 1887 τα
2544 1836 2854 1905 σωματικὰ,
2890 1836 2984 1889 καὶ
3014 1835 3216 1907 τρόπον
3235 1833 3356 1887 τινὰ
3386 1833 3462 1895 ὡς
3490 1833 3549 1884 ’ἐν
3568 1848 3622 1883 τι
3654 1828 3867 1899 εὑρέθη
3902 1829 4038 1897 μετα

2439 1926 2535 1979 τοῦ
2576 1924 2846 1997 σώματος,
2899 1929 2993 1981 καὶ
3036 1928 3255 1996 ἐγένετο
3284 1927 3379 1997 ὅλη
3412 1925 3569 1995 σάρξ
3613 1922 3815 1984 καθὼς
3863 1920 4013 1987 λέγει

762 2018 915 2086 juxta
962 2019 1108 2087 quod
1156 2019 1233 2072 ait
1280 2019 1541 2073 Dominus
1585 2038 1599 2071 :
1643 2018 1765 2073 Non
1812 2020 2136 2088 permanebit
2182 2020 2340 2089 Spiri-

2440 2022 2520 2073 Οὺ
2545 2018 2632 2090 μὴ
2663 2020 2989 2087 καταμείνῃ
3015 2020 3082 2073 τὸ
3113 2019 3347 2089 πνεῦμά
3371 2035 3492 2086 μου
3518 2019 3592 2070 ὲν
3625 2017 3758 2082 τοῖς
3804 2015 4033 2081 ἀνθίὼα

766 2117 849 2162 tus
899 2125 1041 2161 meus
1085 2110 1140 2161 in
1181 2109 1477 2163 hominibus
1520 2112 1632 2174 his;
1685 2128 1809 2164 caro
1856 2113 1993 2165 enim
2040 2123 2160 2166 sunt
2193 2126 2240 2167 ⁸.
2275 2112 2341 2167 Et

766 2201 1024 2270 quoniam
1062 2202 1388 2271 compatitur
1428 2204 1698 2274 simulque
1728 2204 1962 2260 aﬂicitur
1990 2208 2171 2261 anima
2200 2208 2339 2262 inle-

765 2294 841 2347 lix
886 2293 953 2348 ab
1004 2293 1089 2349 his
1132 2309 1254 2364 quae
1298 2306 1583 2364 patrantur
1632 2297 1686 2351 in
1734 2311 1961 2367 corpore
1988 2340 2003 2360 ,
2050 2299 2172 2353 ideo
2205 2300 2343 2354 dixit

763 2386 981 2448 senior,
1007 2400 1333 2455 corporeum
1358 2388 1604 2442 laborem
1631 2388 1867 2443 animam
1894 2390 1945 2443 in
1980 2392 2337 2446 humilitatem

760 2476 931 2547 388
953 2476 1228 2532 inducere.
1254 2478 1423 2533 Aliter
1445 2479 1705 2549 disposita
1722 2490 1809 2535 est
1826 2483 1972 2536 enim
1998 2483 2178 2537 anima
2202 2485 2339 2537 bene

762 2570 1036 2635 habentis,
1055 2570 1208 2624 aliter
1231 2572 1569 2639 :egrotantis,
1587 2573 1744 2628 aliter
1763 2572 2114 2629 famescentis
2136 2614 2151 2637 ,
2183 2576 2340 2628 aliter

760 2662 1038 2717 saturati:
1086 2662 1242 2717 aliter
1290 2663 1417 2717 item
1458 2664 1768 2733 disponitur
1811 2667 1996 2721 anima
2048 2668 2340 2724 insidentis

761 2766 926 2821 equo,
951 2752 1107 2808 aliter
1135 2752 1423 2809 insidentis
1450 2756 1629 2819 asino,
1656 2756 1813 2810 aliter
1838 2756 2078 2811 sedentis
2106 2758 2158 2812 in
2188 2759 2339 2813 thro-

760 2854 855 2904 no,
888 2840 1042 2895 aliter
1069 2841 1307 2897 sedentis
1344 2843 1401 2896 in
1441 2852 1586 2898 terra
1609 2887 1624 2907 ,
1653 2846 1808 2899 aliter
1837 2848 2058 2915 optimis
2091 2849 2337 2905 vestibus

760 2930 956 2996 induti,
982 2932 1139 2986 aliter
1160 2933 1416 2989 contritis
1437 2943 1492 2989 et
1522 2937 1801 2991 marcidis.
1831 2937 2010 2991 Labor
2042 2940 2206 3008 igitur
2236 2941 2339 2994 hu-

759 3024 933 3078 miliat
954 3040 1171 3094 corpus,
1198 3026 1590 3096 bumiliatoque
1618 3043 1849 3097 corpore
1884 3030 2204 3085 humiliatur
2243 3047 2339 3102 pa-

759 3117 894 3169 riter
924 3124 979 3169 et
1003 3116 1183 3170 anima
1207 3131 1220 3167 :
1264 3118 1337 3169 ita
1359 3126 1421 3171 ut
1443 3118 1645 3186 optima
1671 3117 1835 3173 fuerit
1862 3120 2094 3174 senioris
2120 3130 2340 3177 senten-

758 3207 834 3261 tia
865 3206 933 3263 de
983 3208 1167 3263 labore
1210 3222 1491 3279 corporeo.
1539 3210 1653 3265 Hac
1702 3211 1771 3265 de
1806 3228 1972 3267 causa
2004 3210 2268 3283 Evagrius
2304 3230 2335 3269 a

760 3298 1102 3369 blasphemia
1137 3311 1502 3370 oppugnatus,
1529 3303 1673 3358 haud
1704 3304 1907 3359 inscius
1944 3304 2334 3376 blasphemiam

762 3408 793 3445 a
832 3366 1085 3462 superbia
1115 3366 1402 3462 pro—venire
1427 3434 1443 3459 ,
1475 3366 1529 3449 et
1566 3396 1852 3452 humiliatu
1881 3366 2111 3467 corpore
2150 3398 2332 3453 humi-
2362 3366 2404 3424 Ο

760 3484 882 3539 liari
912 3484 1113 3552 pariter
1150 3492 1206 3540 et
1246 3486 1516 3553 animam;
1559 3489 1915 3559 quadraginta
1952 3492 2067 3545 dies
2104 3491 2209 3546 sub
2244 3491 2335 3547 dio

761 3577 1063 3648 transegit,
1113 3576 1188 3632 ita
1227 3590 1286 3633 ut
1322 3594 1389 3633 ex
1438 3580 1559 3649 ejus
1597 3595 1826 3650 corpore
1859 3598 2072 3639 vermes
2101 3586 2337 3640 scaturi-

763 3676 925 3730 rent,
986 3675 1046 3720 ut
1093 3666 1148 3721 in
1181 3669 1486 3738 agrestibus
1515 3670 1844 3726 animalibus
1869 3673 2007 3729 solet
2044 3674 2295 3729 accidere
2320 3715 2337 3740 ,

761 3766 817 3811 et
848 3772 957 3826 pra'
996 3757 1182 3813 labore
1213 3773 1315 3827 pus
1353 3770 1646 3815 emoveret.
1683 3761 1873 3831 Neque
1908 3762 1960 3817 id
1988 3764 2059 3818 ob
2081 3764 2336 3833 blasphe-

764 3850 932 3903 miam
959 3848 1163 3904 factum
1192 3889 1208 3915 ,
1248 3849 1345 3905 sed
1367 3852 1438 3905 ob
1466 3850 1847 3909 humilitatem.
1875 3854 2139 3912 Praeclare
2172 3857 2337 3927 igitur

764 3936 967 3992 dictum
999 3949 1086 3994 est
1131 3953 1161 3991 a
1212 3953 1341 3994 sene
1385 3956 1486 3996 nos
1523 3943 1803 4012 corporeis
1833 3944 2111 4000 laboribus
2139 3947 2205 4001 ad
2234 3946 2337 4002 hu-

765 4030 1052 4084 militatem
1102 4028 1316 4085 deduci.
1372 4029 1516 4087 Deus
1570 4034 1733 4104 igitur
1786 4035 1963 4091 bonus
2015 4047 2071 4092 et
2115 4048 2337 4095 sanctus

765 4122 1099 4190 gratiﬁcetur
1124 4121 1283 4177 nobis
1306 4122 1683 4192 hujuscemodi
1721 4126 2082 4184 humilitatem
2109 4167 2125 4194 ,
2153 4146 2276 4200 quae
2305 4146 2337 4185 a

766 4213 1019 4269 maximis
1039 4213 1295 4284 periculis
1316 4217 1593 4271 hominem
1621 4218 1837 4284 liberat,
1863 4221 2009 4276 etab
2040 4221 2337 4279 innumeris

765 4306 1155 4362 mutationibus
1185 4308 1436 4379 protegit.

1316 4612 1661 4669 DOCTRINA
1701 4615 1786 4670 nl.

2370 4704 2417 4760 D

1320 4748 1396 4803 De
1435 4752 1774 4806 conscientia.

835 4864 876 4919 l.
917 4865 1053 4920 Cum
1092 4863 1346 4919 formavit
1371 4864 1512 4920 Deus
1540 4866 1837 4931 hominem,
1870 4867 2099 4925 immisit
2129 4871 2206 4926 illi
2241 4889 2339 4930 ne—

765 4958 880 5014 scio
927 4956 1059 5028 quid
1111 4956 1355 5010 divinum
1400 4956 1468 5021 b,
1522 4966 1757 5012 mentem
1796 4960 2004 5015 scilicet
2043 4964 2335 5031 quamdam

766 5051 1034 5106 illustrem
1058 5060 1114 5105 et
1148 5048 1413 5107 fervidam
1452 5066 1575 5121 qua:
1601 5052 1776 5121 ipsum
1804 5053 2099 5111 instrueret
2134 5060 2337 5114 malum

769 5160 798 5197 a
838 5144 981 5198 bono
1012 5158 1336 5199 secernere:
1375 5158 1549 5212 eaque
1568 5146 1903 5201 conscientia
1939 5158 2184 5211 vocatur,
2216 5167 2337 5219 quae

764 5235 1029 5290 naturalis
1055 5235 1140 5290 lex
1160 5245 1262 5290 est.
1288 5233 1461 5303 Hujus
1479 5236 1652 5307 ﬁgura
1682 5248 1839 5292 erant
1866 5239 2013 5308 putei
2039 5255 2178 5309 quos
2205 5242 2337 5297 οπο-

766 5326 846 5379 dit
882 5322 1140 5389 JacobC,
1189 5335 1248 5379 ut
1293 5334 1476 5393 patres
1534 5328 1711 5381 nostri
1759 5342 2083 5395 asseruere,
2135 5330 2334 5401 Oppleli

767 5416 1112 5485 postmodum
1144 5432 1175 5469 a
1213 5416 1518 5473 Philistaais.
1554 5417 1680 5487 Legi
1718 5421 1842 5474 huic
1873 5421 2209 5477 adhaerentes
2238 5440 2335 5493 pa-

769 5509 1021 5564 triarchae
1047 5519 1099 5563 et
1125 5513 1295 5565 sancti
1327 5527 1518 5566 omnes
1541 5522 1667 5566 ante
1691 5508 1947 5583 scriptam
1981 5516 2149 5585 legem
2178 5558 2191 5579 ,
2225 5515 2335 5571 Deo

846 5753 1026 5812 “Gen.
1096 5771 1171 5825 Vl,
1214 5758 1266 5815 ὅ.
1344 5758 1529 5816 bGen.
1562 5773 1624 5828 ιι,
1651 5761 1739 5816 26.

2443 2128 2576 2177 ποις
2603 2113 2855 2178 τούτοις,
2870 2110 2967 2164 διὰ
2992 2112 3061 2164 τὸ
3093 2107 3245 2165 εἶναι
3270 2110 3490 2174 αὐτοὺς
3511 2108 3777 2177 σάρκας·
3804 2108 3906 2159 καὶ
3925 2099 4029 2159 οἷον

2444 2206 2777 2276 συν-πάσχει,
2813 2207 2909 2260 καὶ
2946 2206 3341 2259 συνδιατίθεται
3387 2206 3421 2275 ὴ
3471 2203 3631 2257 ἀθλία
3675 2201 3838 2273 ψυχὴ
3892 2199 4030 2266 αὕτη

2440 2301 2552 2362 τοῖς
2590 2298 2895 2368 γινομένοις
2924 2296 3029 2350 ὑπὸ
3056 2296 3151 2351 τοῦ
3181 2298 3452 2368 σώματος’
3480 2295 3571 2348 διὰ
3601 2295 3771 2348 τοῦτο
3820 2289 3978 2346 εἶπεν
4008 2292 4033 2340 ὁ

2440 2388 2638 2459 γέρων,
2661 2390 2741 2440 ὅτι
2780 2388 2875 2442 καὶ
2904 2390 2932 2440 6
2961 2388 3272 2457 σωματικὰς
3302 2388 3468 2450 κόπος
3494 2387 3684 2457 ὁδηγεῖ
3716 2387 3804 2448 εἰς
3843 2388 4032 2438 ταπεί-

2441 2494 2626 2531 νωσιν
2655 2478 2829 2541 ἄλλως
2855 2477 2963 2548 γὰρ
2996 2476 3292 2530 διατίθεται
3339 2476 3373 2546 ἡ
3421 2473 3564 2543 ψυχὴ
3608 2472 3709 2526 τοῦ
3747 2473 4031 2541 ὐτιαξνον-

2439 2588 2551 2637 τος,
2587 2572 2682 2623 καὶ
2714 2569 2889 2632 ἄλλως
2936 2568 3032 2622 τοῦ
3066 2567 3497 2639 ἀρῤωστοῦντος,
3557 2566 3656 2619 καὶ
3711 2565 3903 2626 ἄλλως
3942 2563 4030 2616 τοῦ

2442 2662 2754 2725 πεινῶντος,
2809 2662 2905 2714 καὶ
2951 2661 3126 2723 ἄλλως
3178 2658 3273 2712 τοῦ
3332 2658 3762 2728 κεκορεσμένου·
3833 2656 4032 2727 ὁμοίως

2441 2754 2627 2819 πάλιν,
2685 2754 2859 2816 ἄλλως
2915 2752 3214 2807 διατίθεται
3265 2754 3299 2821 ή
3353 2751 3499 2821 ψυχὴ
3560 2750 3657 2802 τοῦ
3709 2750 4031 2819 καθημένου

2442 2848 2613 2918 ἵππῳ,
2650 2847 2746 2899 καὶ
2786 2846 2958 2906 ἄλλως
2987 2846 3081 2898 τοῦ
3103 2844 3413 2914 καθημένου
3436 2844 3516 2903 είς
3536 2842 3757 2913 θρόνον,
3808 2842 3909 2893 καὶ
3940 2840 4033 2893 51-

2440 2940 2548 3003 λως
2599 2940 2694 2993 τοῦ
2747 2938 3060 3008 καθημένου
3116 2935 3311 3006 χαμαὶ,
3358 2934 3530 2996 ἄλλως
3576 2933 3671 2985 τοῦ
3727 2933 4032 3003 φοροῦντος

2439 3032 2583 3085 καλὰ
2624 3030 2838 3101 ἱμάτια,
2872 3031 2967 3084 καὶ
2996 3028 3171 3090 ἄλλως
3196 3026 3290 3080 τοῦ
3325 3025 3617 3095 φοροῦντος
3659 3028 3866 3096 σαπρὰ
3911 3024 4032 3094 {p.6-

2437 3144 2551 3180 τια.
2595 3126 2653 3179 Ὀ
2683 3125 2854 3186 κόπος
2881 3118 2977 3176 οὖν
3013 3123 3261 3175 ταπεινοῖ
3287 3120 3350 3173 τὸ
3379 3119 3558 3188 σῶμω
3591 3117 3693 3170 τοῦ
3734 3118 3798 3171 δὲ
3849 3117 4032 3187 σώμα-

2438 3235 2530 3280 τος
2585 3214 3031 3284 ταπεινουμένου,
3094 3212 3542 3266 συνταπεινοῦται
3597 3212 3698 3263 καὶ
3768 3212 3808 3280 ἡ
3859 3211 4029 3281 ψυχή·

2438 3308 2580 3362 ὥστε
2601 3307 2781 3370 καλῶς
2807 3303 2983 3372 εἶπεν,
3000 3306 3081 3359 ὅτι
3110 3306 3204 3359 καὶ
3232 3306 3261 3358 6
3294 3303 3607 3373 σωματικὸς
3637 3303 3822 3363 κόπος
3847 3303 4034 3373 ὁδηγεῖ

2438 3403 2519 3462 είς
2560 3399 2916 3453 ταπείνωσιν.
2965 3398 3058 3451 Διὸ
3108 3398 3197 3450 ὅτε
3238 3394 3549 3465 ἐπολεμήθη
3598 3394 3891 3464 Εῦάγριος
3931 3394 4029 3447 ὑπὸ

2436 3491 2537 3560 τῆς
2574 3489 2944 3560 βλασφημίας,
2983 3489 3059 3550 ὡς
3091 3487 3231 3557 ἔχων
3273 3485 3494 3554 γνῶσιν,
3535 3484 3633 3538 καὶ
3664 3483 3835 3547 εἰδὼς
3878 3486 3963 3537 ὅτι
3999 3488 4029 3551 ἡ

2439 3583 2759 3654 βλασφημία
2802 3581 2911 3635 ἀπὸ
2952 3580 3335 3651 ὑπερηφανίας
3368 3578 3610 3648 ἔρχεται,
3647 3578 4025 3647 ταπεινουμέ-

2436 3691 2529 3728 νου
2573 3674 2630 3728 δὲ
2680 3673 2776 3726 τοῦ
2836 3672 3087 3742 σώματος
3131 3670 3581 3726 συνταπεινοῦται
3623 3672 3725 3723 καὶ
3766 3672 3804 3740 ή
3857 3670 4028 3739 eun,

2437 3766 2662 3837 ἐποίησε
2683 3764 3095 3836 τεσσαράκοντα
3125 3764 3338 3833 ἡμέρας
3372 3763 3446 3833 μὴ
3478 3760 3736 3815 εἰσελθὼν
3774 3762 3894 3815 ὑπὸ
3925 3762 4031 3813 στέ-

2437 3874 2563 3927 γην,
2602 3858 2744 3911 ὥστε
2790 3857 2853 3910 τὸ
2897 3856 3058 3926 σῶμα
3097 3854 3285 3918 αὐτοῦ,
3320 3853 3504 3916 καθὼς
3533 3853 3687 3920 λέγει
3718 3855 3751 3907 6
3777 3869 4028 3922 συγγρα-

2441 3949 2596 4018 φεὺς,
2624 3949 2872 4003 ἐκϐαλεῖν
2905 3948 3118 4019 κρότον,
3147 3948 3223 4012 ὡς
3249 3948 3318 4002 τὰ
3336 3948 3505 4018 ἄγρια
3536 3945 3677 4011 ζῶαο
3708 3944 3861 3999 ὥστε
3884 3948 3917 3999 6
3942 3946 4030 3997 κό-

2438 4059 2539 4105 πος
2578 4042 2639 4094 οὐ
2683 4041 2773 4095 διὰ
2810 4041 2911 4111 τὴν
2954 4040 3307 4111 βλασφημίαν
3341 4038 3578 4107 ἐγένετο,
3609 4037 3754 4092 ἀλλὰ
3793 4038 3895 4092 διὰ
3930 4038 4029 4105 τὴν

2438 4132 2788 4186 ταπείνωσιν.
2818 4130 3013 4194 Καλῶς
3047 4127 3140 4183 οὖν
3166 4126 3320 4184 εἶπεν
3345 4131 3375 4183 6
3396 4131 3596 4200 γέρων,
3625 4129 3713 4182 ὅτι
3743 4130 3797 4182 οἱ
3836 4146 4027 4198 σωμα-

2438 4223 2583 4276 τικοὶ
2644 4224 2801 4276 κόποι
2852 4222 3137 4294 ὁδηγοῦσιν
3187 4225 3267 4286 είς
3304 4222 3653 4276 ταπείνωσιν.
3706 4222 3769 4272 ‘0
3824 4222 3965 4284 Θεὸς
4002 4223 4028 4273 ὁ

2440 4314 2645 4382 ἀγαθὸς
2674 4315 2957 4384 χαρίσεται
2994 4314 3125 4384 ἡμῖν
3153 4314 3251 4384 τὴν
3287 4310 3637 4373 ταπείῦωσιν.
3670 4312 3760 4364 ὅτι
3794 4313 3895 4365 καὶ
3926 4313 4026 4365 ἀει-ὸ

2442 4407 2655 4461 πολλῶν
2694 4408 2883 4461 κακῶν
2926 4407 3111 4478 ῥύεται
3156 4406 3246 4460 τὸν
3275 4406 3584 4478 ἄνθρωπον,
3626 4408 3727 4458 καί
3757 4406 4025 4469 σκεπάζει

2443 4500 2606 4553 αὑτὸν
2631 4500 2741 4555 ἀπὸ
2769 4501 3022 4570 μεγάλων
3055 4499 3379 4570 πειρασμῶν

2970 4634 3381 4689 ΔΙΔΑΣΚΛΛῘΑ

2920 4766 3061 4833 Περὶ
3095 4766 3524 4835 συνειδήσεως.

2515 4880 2593 4933 A'.
2618 4878 2748 4932 Ὅτε
2786 4879 3043 4949 ⁴ἒποίησεν
3082 4880 3111 4931 6
3144 4879 3276 4940 Θεὸς
3311 4879 3406 4932 τὸν
3430 4878 3749 4950 ἄνθρωπον,
3779 4883 4018 4935 ὲνὲσπειο

2449 4987 2539 5040 ρεν
2559 4970 2710 5041 αὐτῷ
2734 4972 2788 5024 τί
2818 4989 2949 5025 ποτε
2980 4971 3143 5033 θεῖον,
3167 4971 3355 5044 ῶσπερ
3376 4974 3636 5042 λογισμόν
3664 4990 3797 5028 τινα
3832 4976 4016 5046 θερμό-

2444 5078 2602 5132 τερον
2627 5064 2719 5116 καὶ
2746 5064 3005 5131 φωτεινὸν
3034 5064 3329 5135 σπινθῆρος
3353 5065 3509 5133 Λόγον
3532 5065 3833 5133 ὲπέχοντα’

2446 5153 2609 5217 ζοντα
2636 5156 2727 5207 τὸν
2757 5155 2881 5208 νοῦν
2929 5156 3023 5209 καὶ
3070 5155 3384 5209 δεικνύοντα
3417 5156 3568 5226 αὐτῷ
3610 5156 3671 5209 τὺ
3708 5158 3886 5211 καλὸν
3925 5158 4015 5211 ὀπί

2445 5246 2541 5298 τοῦ
2575 5248 2769 5301 κακοῦ.
2795 5248 2966 5301 Τοῦτο
2993 5249 3384 5302 κατακαλεῖται
3424 5248 3757 5318 συνείδησις,
3785 5252 3847 5313 ὃς
3884 5253 4014 5304 ἐστιν

2445 5337 2475 5387 6
2510 5337 2739 5403 φυσικὸς
2772 5339 2955 5406 νόμος.
2997 5333 3165 5401 Οὗτός
3205 5339 3320 5391 ἐστι
3352 5337 3421 5391 τὰ
3459 5337 3672 5407 φρέατα
3715 5338 3756 5391 ἃ
3784 5337 4013 5408 ὤρυττεν

2443 5427 2473 5479 6
2507 5425 2704 5479 Ἰακὼϐ
2734 5467 2751 5491 ,
2798 5427 2989 5499 ῶσπερ
3036 5424 3189 5482 εἷπον
3237 5431 3286 5481 oi
3344 5430 3578 5500 Πάτρες,
3614 5429 3715 5481 καὶ
3749 5430 4010 5499 κατεχών-

2446 5534 2569 5569 νυον
2615 5518 2752 5571 αὐτᾶ
2784 5520 2832 5572 οξ
2870 5519 3192 5592 Φιλιστιεέμ.
3227 5519 3385 5574 Τοῦτ’
3425 5520 3539 5576 ἔστι
3591 5524 3657 5592 τῇ
3717 5522 4005 5590 συνειδήσι’

1820 5774 1839 5799 υ
1873 5762 2007 5820 Gen.
2045 5781 2171 5821 xxvr
2234 5766 2320 5834 l4,
2356 5769 2440 5824 ib.
