4188 6438
209 509 321 574 n53
1527 501 1664 561 θοι·
1703 503 1903 566 mm
1936 507 2051 572 ut.
3281 518 3414 585 1554

205 623 384 683 εῖαντες
416 617 466 671 0i.
497 616 866 689 πατριάρχαι,
899 613 992 667 καὶ
1026 612 1224 675 πάντες
1255 612 1303 664 οἱ
1330 612 1473 679 ἆγιοι
1514 611 1611 678 ποὺ
1643 611 1738 665 τοῦ
1769 621 1814 675 Α
1841 631 1859 669 a

1769 621 1814 675 Δ
1841 617 2135 674 admodum
2178 620 2519 691 placuerunt.
2571 621 2684 678 llac
2719 639 2844 679 vero
2873 624 3190 679 conculcata
3237 637 3290 682 et
3316 631 3423 696 ide-

206 708 424 780 γραπτοῦ
457 709 643 778 νόμον,
686 707 1056 777 εὴρέστησαν
1084 703 1163 774 τῷ
1182 702 1321 774 Θεῷ.
1345 703 1560 772 Ταύτης
1583 720 1739 756 κατα·
1845 709 1860 763 1

1845 709 1995 766 fossa
2033 713 2102 767 ab
2133 714 2445 769 hominibus
2480 716 2926 785 praevaricatione
2964 719 3216 788 praecepti
3244 760 3259 783 ,
3288 735 3426 790 opus

205 798 478 869 χωσθείσης
524 799 613 850 καὶ
651 795 1129 871 καταπατηθείσης
1176 795 1277 848 ὰπὸ
1308 795 1415 848 τῶν
1441 793 1743 866 ἀνθρώπων
1844 803 1859 857 ι

1844 801 1949 857 fuit
1993 801 2110 872 lege
2147 804 2350 873 scripta
2393 812 2447 858 et
2487 805 2800 875 prophetis,
2851 821 2915 860 ac
2940 811 3154 862 tandem
3186 809 3422 862 adventu

204 890 280 944 διὰ
301 891 390 960 τὴν
414 889 710 958 πρόσϐασιν
735 888 1029 959 ἁμαρτίας,
1055 887 1354 958 ἐδεήθημεν
1379 885 1470 938 τοῦ
1499 887 1744 958 γραπτοῦ
1847 885 1858 937 i

1847 885 2022 962 ipsius
2060 893 2272 948 Domini
2303 895 2473 948 nostri
2500 893 2624 949 Jcsu
2655 896 2880 962 Christi,
2921 897 3014 964 qui
3041 897 3185 951 illam
3216 898 3422 953 releva-

205 982 369 1052 νόμου,
399 982 700 1053 ἐδεήθημεν
724 982 832 1035 τῶν
868 982 1039 1049 ἁγίων
1081 978 1399 1050 προφητῶν,
1445 978 1746 1050 ἐδεήθημεν
1847 1002 1859 1038 ι

1847 995 1929 1040 ret
1956 998 2010 1040 et
2035 987 2312 1048 excitaret,
2333 988 2426 1056 qui
2455 988 2593 1040 bane
2618 999 2874 1058 tanquam
2902 988 3194 1042 scintillam
3219 991 3425 1045 exstin-

203 1075 354 1146 αὐτῆς
410 1074 512 1145 τῆς
564 1073 856 1144 ἐπιδημίας
902 1072 996 1126 τοῦ
1060 1073 1328 1126 Δεσπότου
1373 1072 1530 1142 ἡμῶν
1567 1071 1745 1142 Ἰησοῦ
1849 1098 1857 1130 ι

1849 1089 1992 1134 ctam
2059 1082 2346 1134 suscitaret
2404 1096 2498 1149 per
2555 1083 2990 1136 observationem
3046 1083 3426 1136 mandatorum

203 1167 439 1238 Χριστοῦ,
468 1168 547 1229 εἰς
569 1165 628 1220 τὸ
654 1165 996 1234 ἀνακαλύψαι
1020 1166 1115 1218 καὶ
1141 1166 1418 1234 ἀνεγεῖραι
1449 1164 1640 1235 αὐτὴν,
1669 1167 1748 1230 εἰς
1851 1170 1857 1225 i

1851 1169 2046 1240 ipsius.
2096 1173 2154 1224 In
2196 1171 2354 1225 nobis
2399 1173 2563 1241 igitur
2592 1171 2725 1242 ipsis
2755 1181 2840 1225 est
2864 1212 2880 1236 ,
2914 1187 3133 1227 rursum
3159 1173 3246 1226 .vel
3279 1173 3427 1227 illum

205 1255 259 1308 τὸ
297 1256 714 1327 ἀναζωπυρῆσαι
754 1258 959 1308 ἐκεῖνον
1008 1254 1098 1308 τὸν
1143 1255 1562 1325 καταχωσθέντα
1597 1270 1752 1306 σπιν-
1853 1284 1859 1312 ε

1853 1261 2127 1326 defodere,
2160 1262 2238 1316 vel
2261 1263 2569 1332 permittere
2603 1272 2661 1317 ut
2692 1263 2850 1317 nobis
2876 1264 3219 1332 resplendeat
3254 1273 3307 1317 et
3343 1264 3421 1316 lu-

204 1348 328 1419 θῆρα
364 1348 450 1402 διὰ
478 1350 575 1418 τῆς
601 1347 846 1419 φυλακῆς
865 1347 973 1400 τῶν
1003 1347 1170 1415 ἁγίων
1202 1347 1368 1400 αὑτοῦ
1399 1347 1752 1402 ὲντολῶν.Ἐν
1853 1378 1858 1402 ι

1853 1363 2019 1409 eeat:
2069 1356 2161 1410 sed
2204 1355 2277 1408 illi
2312 1354 2554 1418 credere,
2597 1365 2650 1408 et
2700 1355 2856 1409 ﬁdem
2904 1354 3106 1411 habere
3155 1372 3294 1426 opus
3325 1367 3428 1410 est.

202 1443 321 1510 ἡμῖν
349 1437 440 1493 οὖν
471 1442 620 1494 ἐστιν
641 1441 789 1512 ἄρτι,
809 1440 852 1510 Δἢ
881 1440 944 1494 τὺ
965 1440 1285 1510 καταχῶσαι
1322 1440 1481 1493 αὐτὸν
1505 1441 1686 1506 πάλιν,
1717 1440 1750 1512 ῆ
1854 1464 1856 1485 ι

1854 1444 1990 1500 Cum
2036 1447 2200 1516 igitur
2248 1449 2405 1502 nobis
2453 1448 2789 1501 conscientia
2826 1459 3012 1502 nostra
3042 1447 3280 1503 dixerit:
3321 1447 3433 1504 Hoc

204 1530 423 1583 τὸὲάσαι
475 1531 636 1583 αὐτὸν
686 1530 984 1600 ἐλλάμπειν
1033 1533 1128 1583 καὶ
1159 1529 1414 1599 φωτίζειν
1458 1532 1628 1600 ἡμᾶς,
1659 1530 1755 1586 ἐὰν
1856 1554 1858 1590 1

1856 1538 2054 1602 facito,
2100 1547 2154 1592 et
2191 1539 2624 1593 contemnimus:
2669 1553 2997 1608 rursumque
3042 1537 3426 1603 admonuerit,

204 1620 505 1692 πειθώμεθα
566 1623 734 1692 αὐτῷ.
785 1622 955 1676 Ὅταν
1008 1622 1117 1693 γὰρ
1169 1624 1203 1693 ἠ
1251 1623 1554 1694 συνείδησις
1609 1623 1756 1692 λέγει

1858 1630 1910 1683 id
1940 1645 2007 1684 ne
2035 1630 2321 1693 faciamus,
2354 1644 2452 1683 nos
2477 1643 2607 1683 vero
2644 1629 2986 1698 persistimus
3024 1629 3169 1683 illam
3207 1645 3434 1697 pessun—

204 1712 344 1781 ἡμῖν,
377 1715 600 1783 ποιῆσαι
627 1714 744 1767 τόδε
780 1713 881 1779 ἔτι,
915 1714 1008 1768 καὶ
1037 1715 1488 1785 καταφρονῶμεν,
1527 1716 1622 1768 καὶ
1651 1715 1758 1770 πά-

1858 1721 1989 1776 dare
2015 1737 2030 1787 ;
2060 1720 2178 1774 sine
2204 1721 2369 1775 dubie
2399 1730 2527 1774 tunc
2554 1736 2672 1775 eam
2705 1719 3038 1784 defodimus,
3061 1731 3114 1776 ct
3137 1723 3250 1790 jam
3280 1724 3435 1778 nobis

201 1804 279 1857 λιν
297 1803 462 1873 λέγει,
496 1806 590 1858 καὶ
617 1806 678 1858 οὐ
721 1805 986 1876 ποιῶμεν,
1029 1807 1166 1860 ἀλλὰ
1199 1807 1451 1876 μένωμεν
1503 1825 1756 1862 καταπα-

1859 1821 2042 1882 aperte
2084 1827 2192 1880 pra:
2233 1826 2398 1866 onere
2435 1812 2769 1866 incumbenti
2809 1812 2860 1866 ei
2901 1811 3047 1880 loqui
3086 1815 3291 1882 nequit.
3331 1814 3435 1868 Sed

202 1897 410 1961 τοῦντες
465 1899 655 1970 αὐτὴν,
714 1901 900 1954 λοιπὸν
945 1899 1396 1970 καταχωννύομεν
1433 1901 1622 1970 αὐτὴν,
1666 1902 1759 1954 καὶ

1860 1907 2014 1974 quasi
2071 1905 2248 1958 lumen
2302 1919 2396 1973 per
2443 1905 2726 1974 speculum
2775 1907 3162 1969 trauslucens,
3217 1907 3286 1960 ita
3336 1922 3434 1961 nos

202 1989 298 2043 οὐκ
333 1988 413 2042 ἔτι
443 1990 666 2044 δύναται
707 1991 919 2061 τρανῶς
951 1991 1130 2044 λαλεῖν
1175 1993 1307 2062 ἡμῖν
1347 1994 1412 2046 ὲκ
1439 1991 1533 2045 τοῦ
1561 1991 1761 2062 βάρους
1791 1987 1834 2042 Β

1791 1987 1834 2042 Β
1862 1996 1945 2051 bis
1978 1995 2166 2065 incipit
2220 2011 2559 2066 quiscunque
2612 1996 2930 2052 obscuriora
2974 2006 3028 2051 et
3069 1998 3438 2053 teucbrosiora

203 2081 291 2135 τοῦ
316 2083 666 2153 ἐπικειμένου
695 2084 854 2155 αὐτῇ.
895 2083 1031 2136 Ἀλλ’
1071 2083 1261 2155 ὥσπερ
1297 2083 1485 2154 λύχνος
1510 2084 1600 2137 διὰ
1629 2083 1761 2137 σπέ-

1861 2087 2146 2141 ostendere
2178 2105 2192 2140 :
2235 2096 2289 2141 et
2325 2086 2449 2141 inde
2479 2087 2549 2141 ob
2573 2099 2850 2157 peccatum
2873 2127 2888 2152 ,
2923 2097 2983 2142 ut
3035 2088 3086 2142 in
3138 2105 3280 2160 aqua
3322 2105 3435 2145 cm-

205 2172 364 2236 κλων,
402 2172 576 2237 οὓτως
617 2176 846 2245 ἄρχεται
889 2175 1154 2230 δεικνύειν
1195 2176 1325 2246 ἡμῖν
1363 2175 1760 2246 ἀμαυρότερον,

1863 2190 1996 2228 nosa
2036 2185 2089 2228 et
2131 2173 2340 2228 turbida
2368 2214 2382 2238 ,
2435 2190 2594 2229 nemo
2634 2184 2811 2244 potest
2855 2177 2909 2229 in
2945 2191 3008 2229 ea
3043 2180 3245 2231 vultum
3277 2194 3438 2232 suum

201 2259 307 2318 οἷον
345 2267 768 2339 σκοτεινότερον,
825 2269 894 2321 τὰ
943 2268 1268 2338 πράγματα.
1306 2269 1402 2321 καὶ
1431 2266 1575 2320 οὕτω
1621 2265 1763 2320 κατὰ

1862 2267 2234 2338 contemplari.
2271 2267 2537 2337 Talesque
2562 2269 2881 2338 plerumque
2913 2284 3124 2331 sumus,
3149 2271 3278 2325 dum
3311 2288 3435 2339 qua:

203 2358 494 2429 πρόσϐασιν
537 2357 721 2430 ῶσπερ
744 2359 935 2423 ὓδατος
987 2359 1357 2430 τεθολωμένου
1401 2358 1509 2412 ἀπὸ
1554 2358 1762 2411 πολλῶν

1862 2359 2021 2414 nobis
2051 2359 2266 2413 dictarit
2286 2401 2300 2422 ,
2349 2359 2539 2414 audire
2571 2359 2891 2430 negligimus
2917 2400 2931 2423 ,
2982 2370 3037 2413 ut
3066 2361 3438 2415 existimemus

202 2452 464 2522 χωμάτων
504 2452 676 2516 οὐδεὶς
728 2453 953 2508 δύναται
1003 2453 1330 2524 κατανοῆσαι
1369 2452 1432 2505 τὸ
1473 2452 1762 2523 πρόσωπον

1863 2448 2066 2503 nullam
2119 2463 2222 2502 nos
2263 2449 2317 2501 iu
2369 2447 2527 2503 nobis
2574 2448 2775 2502 habere
2816 2451 3224 2504 conscientiam.
3271 2449 3439 2505 Nemo

204 2545 412 2598 ἑαυτοῦ.
441 2544 624 2611 Οὕτως
657 2546 1026 2619 εὑρισκόμεθα
1052 2548 1126 2616 μὴ
1154 2547 1536 2616 αἰσθανόμενοι
1577 2538 1652 2599 ὧν
1676 2543 1762 2597 λέ-

1863 2549 1947 2596 est
1995 2549 2177 2595 autem
2220 2541 2314 2610 qui
2365 2539 2508 2594 illam
2553 2555 2660 2594 non
2703 2540 2899 2596 habeat
2937 2558 2948 2594 :
2988 2535 3070 2596 est
3113 2545 3258 2598 enim
3299 2545 3433 2599 divi-

203 2650 286 2702 γει
302 2636 432 2704 ἡμῖν
457 2637 490 2706 ἡ
518 2637 819 2708 συνείδησις
843 2636 1023 2708 ἡμῶν,
1039 2637 1114 2700 ὠς
1142 2635 1382 2705 νομίζειν
1407 2637 1554 2705 ἡμᾶς
1577 2635 1765 2705 σχεδὸν

1865 2650 1995 2690 num
2035 2635 2218 2690 nescio
2240 2633 2389 2704 quid,
2425 2644 2478 2688 ut
2505 2634 2776 2699 diximus,
2830 2644 2883 2689 et
2938 2651 3218 2706 nunquam
3258 2636 3437 2705 perit;

205 2724 282 2796 μὴ
311 2724 454 2795 ἔχειν
484 2725 674 2797 αὑτήν.
705 2727 892 2790 Οὐδεὶς
923 2727 980 2780 δέ
1021 2728 1171 2778 ἐστιν
1211 2728 1241 2779 ό
1281 2726 1356 2796 μὴ
1394 2725 1535 2795 ἔχων
1572 2727 1760 2796 αὑτήν·

1755 2742 1760 2756 ’
1864 2728 2074 2784 scilicet
2103 2727 2336 2782 ollicium
2373 2737 2620 2783 nostrum
2662 2728 2821 2783 nobis
2859 2743 3075 2796 setnper
3119 2729 3184 2782 ad
3231 2743 3409 2784 meme

203 2816 254 2870 τί
285 2834 409 2871 ποτε
438 2817 547 2888 γὰρ
577 2818 719 2872 θεῖόν
752 2820 903 2872 ἐστιν
927 2818 1116 2888 ὥσπερ
1142 2817 1370 2888 εἴπομεν
1397 2818 1518 2888 ἤδη,
1551 2820 1644 2870 καὶ
1671 2817 1762 2870 οὐ·

1866 2820 2002 2874 riam
2043 2828 2281 2874 revocat.
2341 2817 2450 2873 Nos
2492 2833 2620 2874 vero
2671 2833 2779 2872 non
2854 2819 3194 2873 advertimus
3255 2827 3438 2883 quod,

201 2907 390 2960 δέποτε
442 2907 773 2975 ἀπόλλυται,
839 2908 974 2962 ἀλλὰ
1044 2910 1274 2962 πάντοτε
1356 2908 1765 2978 ὑπομιμνήσκει

1866 2920 1927 2966 ιιι
1957 2911 2067 2966 disi
2093 2953 2109 2976 ,
2167 2919 2454 2979 spernatur
2486 2919 2541 2964 et
2589 2911 2939 2964 conculcetur
2972 2927 3001 2963 a
3052 2911 3232 2965 nobis.
3264 2910 3444 2976 Quare

203 3001 345 3071 ἡμᾶς
383 3002 444 3055 τὸ
487 3001 855 3074 ὀφειλόμενονο
897 3001 1014 3056 ἀλλ’
1045 3003 1200 3072 ἡμεῖς
1229 3003 1330 3055 οὐκ
1369 3001 1765 3072 αἰσθανόμεθα,

1867 3001 2128 3072 propheta
2157 2999 2416 3070 Ephraitn
2451 3002 2688 3054 maxime
2719 3002 2963 3069 deplorat
2997 3012 3050 3055 ct
3085 3003 3334 3071 queritur
3363 3003 3444 3055 di-

199 3095 267 3150 ἐκ
291 3093 382 3147 τοῦ
407 3096 574 3165 ἡμᾶς,
609 3095 684 3158 ὡς
713 3090 886 3162 εἷπον,
915 3097 1277 3167 καταφρονεῖν
1311 3095 1407 3148 καὶ
1431 3097 1768 3147 καταπατεῖν

1869 3107 2039 3148 cens:
2085 3090 2375 3145 Praevaluit
2424 3089 2682 3159 Epitraitn
2728 3093 2781 3144 in
2826 3092 3192 3146 adversarium
3241 3109 3396 3146 suum
3429 3135 3442 3154 ,

199 3183 393 3252 αὐτὴν.
430 3183 531 3237 Διὰ
561 3185 720 3237 τοῦτο
759 3185 788 3236 ό
827 3186 1110 3256 προφήτης
1152 3184 1338 3237 πενθεῖ
1373 3183 1465 3236 τὸν
1507 3181 1766 3252 Ἐφραῒμ,

1869 3195 1920 3238 et
1975 3183 2299 3238 conculcavit
2352 3183 2609 3250 iudicium
2634 3181 2684 3240 ιι.
2725 3184 3110 3238 Adversariutu
3141 3184 3272 3238 dicit
3314 3199 3447 3237 con-

201 3273 300 3328 καὶ
324 3273 493 3341 λέγει·
527 3271 1099 3328 Κατεδυνάστευσεν
1130 3273 1378 3344 Ἐφρατμ
1412 3275 1522 3328 τὸν
1549 3274 1772 3328 ἀντίδι-
1799 3323 1839 3344 Α

1799 3323 1839 3344 η
1873 3277 2176 3332 scientiam.
2211 3275 2351 3330 Hinc
2401 3275 2452 3329 in
2507 3273 2796 3344 Evangelia
2847 3276 3088 3331 dicitur:
3143 3275 3274 3331 Esto
3319 3293 3436 3329 con-

201 3386 318 3424 κον
346 3369 553 3432 αὑτοῦ,
585 3369 685 3422 καὶ
717 3368 1093 3438 κατεπάτησε
1119 3370 1312 3438 κρῖμα.
1362 3369 1657 3422 Ἀντίδικον
1683 3369 1770 3421 λέ.
1799 3367 1840 3383 ’³

1799 3367 1840 3383 "'
1876 3368 2098 3422 sentiens
2140 3367 2446 3422 adversario
2479 3377 2602 3429 tuo,
2651 3367 2778 3420 dum
2825 3385 2878 3422 es
2921 3369 2978 3420 in
3023 3369 3108 3422 via
3147 3385 3264 3421 cunt
3293 3369 3407 3438 ipso
3431 3385 3449 3433 ;

199 3478 294 3531 γει
323 3461 420 3532 τὴν
452 3461 778 3531 συνείδησιν.
812 3461 974 3514 Ὅθεν
1011 3463 1106 3514 καὶ
1131 3464 1189 3515 ὲν
1221 3461 1301 3531 τῷ
1338 3461 1654 3532 Εὐαγγελίφ
1685 3461 1773 3514 λέ-

1880 3459 2152 3529 nequando
2220 3461 2398 3513 tradat
2432 3472 2479 3514 te
2501 3459 2676 3528 jndici
2705 3499 2720 3523 ,
2769 3469 2818 3512 et
2859 3460 3031 3530 jndea:
3073 3461 3368 3525 ministris,
3405 3472 3456 3514 ct

200 3565 317 3621 γει·
349 3549 508 3606 Ἵσθι
536 3551 766 3605 εὐνοῶν
791 3550 872 3617 τῷ
903 3552 1180 3618 ἀντιδίκῳ
1228 3566 1343 3604 σου
1387 3551 1496 3616 ἕως
1531 3544 1572 3622 ᾖ
1597 3551 1669 3604 ἐν
1696 3549 1773 3620 τῇ

1881 3565 1930 3608 ιε
1970 3554 2024 3606 in
2073 3551 2281 3606 vincula
2329 3552 2637 3622 conjiciunt.
2673 3551 2838 3605 Amen
2891 3552 3006 3605 dico
3051 3553 3168 3616 tibi,
3222 3568 3323 3605 non
3361 3568 3456 3606 ex-

201 3642 326 3707 ὀόῴ
365 3644 493 3711 μετ’
536 3642 743 3696 αὑτοῦ·
772 3641 859 3711 μή
907 3640 1054 3695 ποτέ
1088 3655 1163 3694 σε
1192 3640 1437 3710 παραδῷ
1470 3640 1549 3706 τῷ
1577 3638 1771 3709 κριτῇ,

1881 3647 1981 3702 ibis
2003 3646 2144 3711 inde,
2177 3646 2339 3700 donec
2368 3645 2556 3699 reddas
2590 3645 2866 3699 minimum
2886 3645 3236 3714 quadrantem
3265 3656 3311 3697 ο.
3346 3644 3455 3697 Cur

199 3732 308 3788 καὶ
337 3738 371 3788 ό
400 3733 610 3801 κριτὴς
640 3732 762 3797 τοῖς
789 3732 1132 3801 ὑπηρέταις,
1171 3733 1273 3787 καὶ
1303 3732 1548 3797 ,βάλωσί
1586 3750 1660 3788 σε
1687 3735 1776 3798 είς

1881 3747 2060 3794 autem
2081 3745 2237 3792 vocat
2255 3735 2648 3791 conscientiam
2668 3735 3038 3790 adversarium
3056 3737 3080 3786 ἲ
3105 3735 3461 3789 Adversarius

199 3824 324 3894 τὴν
347 3823 652 3894 φυλακήν.
699 3824 877 3892 Ἀμὴν
910 3823 1066 3893 λέγω
1109 3839 1233 3891 σοι,
1280 3826 1353 3879 οὐ
1391 3823 1479 3894 μὴ
1520 3823 1777 3893 ἐξέλθῃς

1882 3831 2078 3886 dicitur
2098 3830 2225 3898 quia
2246 3827 2564 3882 adversatur
2583 3825 2734 3880 omni
2750 3839 2929 3894 pravae
2948 3835 3146 3880 nostra:
3163 3825 3459 3892 voluntati;

197 3916 440 3970 ἐκεῖθεν
471 3916 584 3983 ἕως
614 3910 687 3972 οὗ
719 3914 958 3982 ἀποδῷς
979 3917 1083 3969 τόν
1116 3915 1382 3985 ἔσχατον
1418 3915 1772 3984 κοδράντην.

1882 3929 1938 3974 et
1965 3934 2062 3972 nos
2087 3916 2288 3988 arguit,
2316 3916 2372 3970 in
2403 3931 2512 3986 quo
2531 3915 2710 3971 minus
2739 3915 2950 3985 agimus
2975 3915 3119 3984 quod
3151 3915 3445 3979 debemus;

196 4008 308 4066 Διὰ
331 4007 461 4060 τίδὲ
492 4007 650 4062 καλεῖ
675 4007 775 4078 τὴν
806 4007 1112 4076 συνείδησιν
1141 4006 1408 4062 ἀντίδικον
1433 4024 1448 4072 ;
1485 4008 1779 4075 ’Δντίδικος

1884 4010 2050 4082 389
2073 4018 2129 4064 et
2144 4023 2359 4064 rursum
2376 4022 2500 4062 cum
2519 4007 2731 4078 agimus
2756 4007 2901 4076 quod
2923 4023 3029 4061 non
3046 4006 3329 4067 debemus,
3360 4023 3459 4060 nes

196 4099 446 4169 λέγεται,
477 4099 666 4170 ἐπειδὴ
688 4098 829 4169 αὕτη
848 4099 1152 4153 ἀντίκειται
1183 4099 1414 4153 πάντοτε
1436 4099 1514 4170 τῷ
1539 4101 1665 4170 θελὴ
1673 4119 1777 4171 μα-

1881 4099 2238 4158 aceusatJiac
2247 4101 2314 4154 de
2327 4113 2494 4153 causa
2502 4113 2622 4152 cam
2636 4108 2791 4152 vocat
2803 4098 3177 4152 adversarium
3193 4106 3462 4163 nostrum,

195 4210 258 4247 τι
285 4193 445 4264 ἡμῶν
473 4193 550 4264 τῷ
583 4191 758 4263 κακῷ,
790 4193 884 4246 καὶ
913 4192 1061 4261 λέγει
1098 4195 1246 4264 ἡμᾶς
1278 4197 1358 4258 εἰς
1395 4195 1425 4247 ὃ
1471 4193 1778 4264 ὀφείλοντες

1881 4203 1936 4249 et
1956 4195 2209 4248 admonet
2237 4191 2460 4246 dicens:
2495 4188 2632 4243 Esto
2659 4190 2986 4243 consentiens
3019 4190 3327 4242 adversario
3351 4197 3461 4251 tuo,

194 4285 454 4355 ποιῆσαι,
489 4285 550 4338 οὐ
580 4283 860 4355 ποιοῦμενο
897 4285 991 4338 καὶ
1021 4284 1204 4352 πάλιν,
1233 4288 1313 4350 είς
1357 4287 1387 4340 δ
1422 4286 1498 4358 μὴ
1527 4285 1773 4357 ὀφείλον-

1881 4285 2007 4338 dum
2037 4300 2092 4338 es
2134 4284 2189 4337 in
2227 4283 2311 4337 via
2351 4297 2470 4335 cum
2501 4296 2562 4336 eo
2590 4295 2610 4335 :
2641 4280 2730 4336 via
2775 4279 2793 4350 ί
2819 4287 2878 4334 ιιι
2908 4279 2985 4334 ait
3004 4279 3165 4336 divus
3190 4279 3462 4348 Basilius)

193 4393 299 4439 τις
339 4376 582 4447 ποιῆσαι,
610 4374 892 4446 ποιοῦμενο
934 4377 1030 4430 καὶ
1072 4374 1211 4449 αὕτη
1250 4380 1546 4448 κατηγορεῖ
1594 4377 1774 4449 ἡμῶν.

716 4374 892 4446 ιῦμενο
934 4377 1030 4430 καὶ
1072 4374 1211 4449 αὕτη
1250 4380 1546 4448 κατηγορεῖ
1594 4377 1774 4449 ἡμῶν.
1885 4378 1974 4433 hic
1999 4375 2240 4430 mundus
2269 4384 2370 4429 est.

192 4471 311 4523 Διὰ
337 4467 498 4522 τοῦτο
535 4466 694 4522 καλεῖ
723 4468 895 4539 αὐτὴν
929 4468 1222 4534 ἀντίδικον,
1288 4455 1384 4524 καὶ
1452 4470 1848 4541 παραγγέλλει,
1884 4469 2078 4536 λέγων·
2115 4469 2274 4524 Ἰσθι
2301 4465 2534 4520 εὐνοῶν
2575 4464 2656 4530 τῷ
2697 4464 2985 4532 ἀντιδίκῳ
3013 4480 3152 4530 σου,
3183 4465 3296 4532 ἕως
3326 4460 3367 4537 ᾖ
3398 4467 3468 4520 ἐν

192 4559 281 4629 τῇ
305 4558 427 4626 ὀδῷ
444 4558 572 4628 μετ’
603 4558 813 4615 αὐτοῦ.
858 4557 923 4612 Ἢ
954 4559 1070 4623 ὁδός
1092 4561 1264 4624 ἐστιν,
1295 4561 1372 4625 ὡς
1399 4561 1544 4630 λέγει
1565 4563 1594 4614 ό
1616 4561 1772 4630 ἅγιος
1809 4561 2110 4626 Βασίλειος,
2148 4563 2178 4614 ό
2200 4560 2405 4628 κόσμος
2437 4552 2612 4622 οὗτος.

281 4675 364 4728 B'.
395 4674 797 4746 Σπουδάσωμεν
821 4669 935 4741 οὖν,
961 4675 1199 4746 ἀδελφοὶ,
1219 4676 1507 4744 φυλάττειν
1530 4677 1628 4748 τὴν
1657 4695 1785 4733 συν·
1816 4684 1862 4739 1)

1816 4684 1862 4739 1)
1959 4678 2025 4734 ll.
2059 4668 2385 4732 Studeamus
2425 4674 2587 4744 igitur
2628 4671 2903 4728 custodire
2948 4671 3334 4726 conscientiam
3368 4684 3467 4724 no-

193 4769 424 4838 είδησιν
441 4769 619 4840 ἡμῶν,
650 4771 708 4821 ὲν
728 4770 839 4840 ὅσῳ
865 4769 1032 4840 ἐσμὲν
1064 4772 1120 4823 ἐν
1148 4769 1224 4839 τῷ
1259 4771 1449 4842 κόσμῳ
1475 4770 1672 4842 τούτῳ,
1708 4773 1785 4846 μὴ

1892 4778 2082 4834 stram,
2112 4768 2240 4823 dum
2271 4781 2461 4821 sumus
2499 4766 2553 4819 in
2587 4766 2690 4820 hoc
2724 4764 2947 4827 mundo,
2978 4779 3068 4828 ne,
3092 4763 3138 4818 si
3167 4777 3289 4817 eam
3324 4762 3465 4832 reje—

191 4861 467 4931 ἁφιέντες
496 4861 663 4934 αὐτὴν
688 4861 904 4930 ἐλέγξαι
936 4864 1084 4933 ἡμᾶς
1123 4863 1180 4915 ἓν
1217 4881 1324 4916 τινι
1362 4863 1667 4934 πράγματι,
1709 4865 1785 4937 μὴ

1891 4861 2148 4925 cerimus,
2179 4861 2231 4914 in
2262 4858 2446 4913 multis
2473 4873 2504 4912 a
2536 4856 2765 4912 Domino
2792 4856 3137 4926 postmodum
3175 4855 3466 4926 reprehen-

192 4951 654 5013 καταπατοῦντες
678 4949 847 5021 αὐτὴν
869 4949 947 5014 εῖς
975 4952 1028 5004 τί
1055 4968 1183 5004 ποτε
1210 4950 1347 5015 ὅλως
1375 4952 1475 5006 κᾶν
1503 4953 1788 5025 ἐλάχιστον

1890 4953 2123 5008 damur:
2160 4965 2330 5022 neque
2355 4949 2737 5004 conculcequ
2778 4948 2923 5002 illam
2956 4947 3011 5002 in
3039 4946 3245 5016 aliquo,
3271 4946 3374 5000 etsi
3413 4945 3467 5000 id

192 5039 244 5119 ᾗ
274 5058 290 5073 ·
329 5043 416 5096 ἵνα
443 5043 621 5114 εἰδῆτε
647 5043 729 5096 ὅτι
757 5043 824 5096 ὲκ
849 5041 960 5095 τῶν
991 5042 1204 5114 μικρῶν
1244 5042 1446 5099 τούτων
1489 5044 1585 5099 καὶ
1627 5044 1791 5113 φύσει

1887 5045 2172 5099 minimum
2201 5043 2289 5097 sit.
2329 5040 2398 5096 Ut
2432 5042 2576 5096 enim
2608 5041 2790 5096 videre
2821 5039 2980 5094 facile
3004 5049 3108 5102 est,
3139 5053 3204 5093 ex
3232 5038 3318 5093 bis
3359 5038 3469 5092 mi-

193 5134 478 5202 εὐτελῶν,
499 5133 771 5205 ἐρχόμεθα
789 5137 870 5199 εἰς
904 5134 966 5188 τὺ
997 5138 1355 5206 καταφρονεῖν
1375 5136 1483 5191 τῶν
1515 5136 1786 5208 μεγάλων.

1887 5134 2050 5189 nimis
2078 5142 2134 5188 et
2163 5147 2287 5187 vere
2310 5132 2531 5196 vilibus,
2562 5131 2628 5186 ad
2671 5147 2866 5202 magna
2897 5131 3290 5185 contemnenda
3319 5129 3469 5184 dela-

197 5229 395 5282 ’Ὅταν
427 5229 536 5299 γὰρ
572 5226 803 5300 ἄρξηταί
829 5243 912 5292 τις
940 5227 1141 5296 λέγειν,
1162 5227 1226 5282 Τί
1249 5229 1358 5300 γάρ
1382 5230 1552 5296 ἐστιν,
1576 5229 1671 5286 ἐὰν
1691 5229 1792 5285 λα-

1887 5225 2088 5281 bimur.
2114 5224 2247 5280 Cum
2274 5225 2419 5279 enim
2458 5224 2682 5293 cteperit
2709 5224 2831 5293 quis
2859 5222 3072 5278 dicere:
3104 5221 3242 5288 Quid
3277 5231 3381 5287 est,
3418 5223 3466 5276 si

192 5320 376 5388 λήσω
420 5319 610 5373 τοῦτον
643 5319 735 5372 τὸν
765 5317 960 5388 λόγον;
1003 5320 1069 5373 Τί
1111 5319 1221 5390 γάρ
1266 5322 1435 5388 ἐστιν,
1489 5321 1587 5376 ἐὰν
1631 5323 1797 5392 φάγω.

1888 5314 2172 5369 verbulum
2220 5314 2322 5368 hoc
2363 5315 2579 5368 unicum
2611 5315 2826 5369 locutus
2865 5313 3063 5367 fuero?
3100 5311 3241 5378 Quid
3283 5322 3388 5375 est,
3419 5313 3463 5367 si

191 5409 385 5464 τοῦτο
409 5409 470 5462 τὸ
487 5409 714 5480 μικρόν;
737 5410 804 5463 Τί
825 5411 933 5482 γάρ
956 5411 1123 5478 ἐστιν,
1145 5412 1242 5465 ἐὰν
1269 5412 1524 5484 προσέχω
1545 5412 1681 5484 τῷδε
1709 5415 1788 5486 τῷ

1895 5407 2166 5463 modicum
2195 5407 2300 5462 hoc
2338 5407 2623 5461 comedere
2647 5407 2670 5460 ’ἒ
2698 5405 2857 5470 Quid,
2889 5405 2935 5460 si
2971 5403 3027 5458 in
3065 5419 3178 5460 rem
3211 5404 3352 5460 hanc
3383 5405 3465 5457 in-

194 5499 537 5570 πράγματι;
565 5501 630 5553 ὲκ
651 5497 765 5565 τοῦ,
793 5501 859 5556 Τί
883 5501 1000 5554 ἐστι
1029 5503 1207 5566 τοῦτο,
1225 5502 1320 5555 καὶ
1339 5502 1393 5555 τί
1419 5503 1568 5555 ἐστιν
1588 5503 1784 5570 έκεῖνο,

1893 5499 2155 5555 tendere!
2195 5514 2261 5553 ex
2309 5498 2412 5552 hoe
2439 5546 2451 5564 ,
2489 5496 2619 5568 quid
2657 5497 2731 5560 id,
2771 5495 2903 5566 quid
2946 5495 3076 5549 illud
3100 5535 3118 5561 ,
3167 5496 3468 5553 admittitur

192 5592 494 5662 λαμϐάνει
525 5608 609 5656 τις
641 5590 817 5663 κακὴν
851 5593 947 5645 καὶ
969 5591 1172 5664 πικρὰν
1203 5593 1396 5664 νομὴν,
1433 5593 1526 5646 καὶ
1560 5592 1788 5664 ἄρχεται.

1896 5588 2038 5643 mala
2067 5597 2120 5643 et
2147 5602 2331 5643 amara
2359 5602 2502 5649 esca,
2534 5597 2585 5640 et
2615 5584 2814 5638 sensim
2845 5584 3034 5655 incipit
3066 5584 3188 5652 quis
3215 5583 3469 5654 pedeten-

193 5683 324 5738 καὶ
367 5683 448 5746 είς
477 5683 548 5737 τὰ
591 5683 800 5755 μεγάλα
846 5685 938 5738 καὶ
977 5683 1253 5756 βαρύτερα
1292 5687 1653 5756 καταφρονεῖν
1697 5686 1790 5740 καὶ

1897 5681 1992 5737 tim
2031 5682 2084 5737 in
2133 5679 2335 5753 majora
2368 5689 2421 5737 et
2462 5681 2708 5751 graviora
2740 5677 2987 5747 prolabi;
3026 5685 3079 5734 ct
3107 5677 3185 5733 sic
3215 5677 3480 5746 deinceps.

292 5940 324 5982 ἀ
353 5938 493 5996 Osce
530 5955 583 6006 ι,
615 5954 676 5995 ιι.
758 5952 779 5980 ε
818 5939 1004 5996 Matth.
1036 5956 1064 5992 v
1119 5937 1209 6006 τιὸ,
1261 5936 1351 5992 36.
