4188 6438
202 520 330 588 1657

1553 529 1937 590 DOCTRINA
1988 531 2084 590 IV.

3301 523 3438 590 1658

200 636 334 704 μέγα
365 633 609 704 στρῶμα·
643 633 755 703 ἔχει
785 634 1023 705 τρίχινον
1062 635 1174 690 ἔσθ’
1203 638 1312 703 ὅτε,
1348 639 1442 693 καὶ
1475 640 1620 694 θέλει
1653 641 1749 694 ἀλ-
1781 682 1790 703 Α

1876 650 1914 694 ιι
1946 654 2073 694 cum
2106 653 2199 708 per
2225 651 2439 692 menses
2467 638 2603 692 alios
2629 637 2870 707 quinque
2892 645 3054 707 atque
3082 636 3314 707 amplius
3333 640 3439 694 uti=

199 727 347 791 λάξαι
395 725 550 788 αὐτὸ,
604 726 701 779 καὶ
747 726 933 780 λαϐεῖν
965 728 1114 790 ἄλλο,
1160 730 1195 800 ἢ
1240 731 1378 792 νέον,
1417 732 1451 802 ἧ
1488 732 1760 803 εὔμορφον

197 818 297 872 ἀπὸ
329 817 684 889 περπερείας,
721 819 753 890 ἢ
788 818 894 872 ἀπὸ
918 819 1196 890 άκηδείας.
1227 821 1457 875 Δύναταί
1485 841 1570 888 τις
1596 827 1762 895 ἀρκε-

202 909 390 979 σθῆναι
435 909 515 961 ἑνὶ
561 909 855 979 κεντωνίῳ,
889 910 984 963 καὶ
1018 911 1173 981 ζητεῖ
1209 910 1460 976 λσνάτον,
1494 915 1626 977 ἴσως
1667 918 1762 968 καί

198 1000 504 1067 φιλονεικεῖ,
551 998 648 1051 ἐὰν
683 999 759 1068 μὴ
801 998 960 1071 λάϐῃ.
995 1000 1059 1052 Εἰ
1089 999 1145 1053 δὲ
1183 1000 1279 1054 καὶ
1311 1000 1547 1072 ἄρξηται
1591 1019 1760 1074 προσ-

197 1092 339 1162 ἐχειν
371 1091 466 1144 καὶ
489 1090 570 1162 τῷ
599 1090 814 1160 ἀδελφῷ
836 1091 1022 1154 αὐτοῦ,
1046 1097 1142 1146 κα)⁵
1170 1093 1372 1160 λέγειν,
1405 1094 1508 1148 Διά
1533 1095 1586 1148 τί
1610 1090 1765 1159 051:0;

197 1184 312 1236 τόδε
359 1183 495 1254 ἔχει,
535 1180 689 1251 κάγὼ
719 1183 820 1236 οὐκ
850 1181 992 1253 exta;
1041 1186 1070 1237 ό
1111 1182 1354 1246 τοιοῦτος
1389 1185 1489 1237 οὐκ
1519 1184 1664 1238 ἐστιν
1707 1186 1765 1237 ὲν

198 1277 469 1346 προκοπῇ.
499 1274 668 1329 Πάλιν
701 1275 867 1328 ἁπλοῖ
897 1275 960 1328 τὸ
1000 1276 1214 1346 ίματιον
1256 1275 1423 1330 αὑτοῦ
1461 1275 1494 1346 ἢ
1533 1276 1594 1330 τὸ
1637 1275 1764 1329 σκέ-

199 1383 390 1438 πασμα
421 1368 502 1429 εἰς
528 1368 620 1421 τὸν
648 1369 824 1438 ἥλιον,
867 1369 963 1422 καὶ
997 1367 1190 1438 ἀμελεῖ
1232 1369 1328 1422 τοῦ
1357 1369 1565 1440 ἐπᾶραι
1612 1367 1763 1433 αὐτὸ,

200 1457 291 1510 καὶ
313 1459 423 1529 άφῇ
455 1459 587 1512 αὐτὸ
615 1458 874 1514 κακῦναιο
909 1459 1005 1513 καὶ
1057 1459 1217 1512 τοῦτο
1265 1459 1417 1531 παρά
1466 1459 1768 1529 συνείδησιν

199 1550 366 1601 ἐστιν.
403 1548 639 1619 Ὁμοίως
670 1551 763 1603 καὶ
799 1553 858 1602 ὲν
890 1548 1162 1620 βρώμασιο
1193 1549 1415 1604 δύναταί
1435 1568 1519 1614 τις
1545 1551 1768 1621 ποιῆσαι

197 1639 296 1708 τὴν
333 1640 523 1710 χρείαν
567 1639 733 1694 αὐτοῦ
763 1642 844 1705 εἰς
879 1643 1072 1713 μικρὸν
1104 1642 1335 1713 λάχανον
1379 1643 1412 1714 ἢ
1455 1643 1703 1714 ὄσπριον,
1732 1642 1768 1714 ἢ

199 1734 382 1801 ὀλίγας
408 1734 617 1801 ἐλαίας,
646 1737 743 1790 καὶ
771 1737 872 1790 οὐκ
900 1738 1152 1807 ἀνέχεται
1175 1736 1423 1804 ποιῆσαι,
1454 1736 1589 1791 ἀλλὰ
1620 1736 1774 1806 ζητεῖ

206 1825 333 1878 ἄλλο
389 1825 589 1896 βρῶμα
643 1825 924 1896 ἡδύτερον,
982 1827 1015 1898 ἦ
1075 1827 1550 1897 πολυτελέστερονο
1598 1825 1771 1880 ταῦτα

200 1917 376 1971 πάντα
409 1919 566 1988 παρά
601 1917 906 1989 συνείδησίν
929 1921 1098 1974 ἐστιν.
1132 1919 1195 1972 Oi
1223 1919 1278 1972 δὲ
1305 1918 1550 1988 Πατέρες
1577 1918 1770 1987 λέγου-

203 2025 290 2060 σιν
321 2009 402 2062 ὅτι
432 2009 530 2062 οὐκ
559 2007 764 2077 ὀφείλει
793 2011 822 2062 ό
861 2008 1094 2080 μοναχὸς
1123 2010 1282 2062 ἐάσαι
1311 2007 1438 2061 ποτε
1464 2008 1564 2078 τὴν
1593 2005 1772 2075 συνεί-
1803 1992 1845 2048 Β

199 2102 354 2170 δησιν
410 2102 576 2155 αὑτοῦ
653 2103 1030 2170 καταπονῆσαι
1089 2102 1285 2166 αὐτὸν,
1330 2101 1438 2155 οὐδ’
1489 2100 1771 2172 ὲνιδήποτε

200 2194 502 2264 πράγματι.
561 2194 734 2264 Χρεία
762 2191 856 2248 οὖν
891 2196 1060 2259 ἐστιν,
1089 2194 1325 2262 ἀδελφοὶ,
1377 2195 1568 2264 νήφειν
1624 2192 1773 2262 ἡμᾶς

201 2285 433 2339 πάντοτε
468 2287 563 2340 καὶ
587 2285 876 2355 φυλάττειν
907 2286 1131 2349 ἑαυτοὺς
1159 2285 1267 2339 ἀπὸ
1294 2284 1518 2338 Πάντων
1536 2282 1765 2346 τούτων,

206 2379 294 2432 ἵνα
329 2380 403 2451 μὴ
432 2381 761 2450 ἐμπέσωμεν
797 2381 876 2444 είς
903 2380 993 2433 τὸν
1032 2380 1294 2434 κίνδυνον.
1329 2379 1440 2433 Καὶ
1465 2377 1573 2451 γὰρ
1608 2377 1771 2441 αὐτὸς

200 2472 228 2524 ό
251 2472 452 2540 Κύριος
477 2473 937 2544 προεμαρτύρατο
959 2474 1127 2544 ἡμᾶς,
1151 2471 1332 2536 καθὼς
1347 2471 1603 2543 ἀνωτέρω
1625 2471 1774 2524 εἷπο-

204 2582 326 2633 μεν.
357 2565 417 2618 ’0
436 2565 570 2628 Θεὸς
598 2565 709 2638 δώῃ
737 2567 868 2636 ἡμῖν
891 2564 1110 2620 ἀκούειν
1140 2565 1234 2619 καὶ
1265 2564 1554 2634 φυλάττειν
1573 2562 1770 2627 ταῦτα,

201 2659 289 2711 ἵνα
322 2659 396 2728 μὴ
423 2661 502 2722 εἰς
530 2659 712 2730 κρίσιν
745 2658 1009 2728 γένωνται
1038 2659 1170 2729 ἡμῖν
1199 2657 1250 2710 οἱ
1276 2656 1428 2726 λόγοι
1453 2654 1564 2709 τῶν
1595 2653 1771 2708 Πατέ-

207 2770 315 2822 ρων
345 2752 520 2822 ἡμῶν.

1862 729 1930 783 lis
1963 742 2082 782 esse
2110 737 2315 796 posset,
2341 726 2530 781 crebra
2559 727 2762 780 lotione
2789 740 2908 779 eam
2935 727 3123 781 reddat
3151 727 3434 784 inutilem:

1859 829 2051 874 contra
2080 818 2470 874 conscientiam
2499 821 2558 870 lat
2581 818 2704 873 hoc.
2741 818 2888 873 ldcm
2922 828 3008 872 est
3036 819 3088 873 in
3115 820 3275 884 lecto,
3314 835 3439 875 cum

1862 921 2153 965 contentus
2179 925 2300 965 esse
2329 911 2452 981 quis
2484 914 2659 980 possit
2689 911 2853 966 unico
2885 911 3135 966 cervicali
3159 952 3175 976 ,
3205 921 3441 968 stratum

1863 1002 2260 1073 amplissimum
2294 1002 2544 1070 quaeritat
2576 1019 2590 1067 ;
2625 1002 2828 1058 habens
2859 1004 3097 1067 laneum,
3131 1003 3260 1060 illud
3293 1021 3444 1075 quae-

1863 1095 2302 1158 ritcommutare,
2328 1101 2388 1146 ut
2404 1109 2602 1147 novum
2626 1094 2850 1163 recipiat
2868 1095 2951 1150 vel
2975 1094 3120 1149 aliud
3139 1097 3440 1166 pulchrius,

1864 1195 2046 1240 motus
2082 1183 2340 1254 superbia
2366 1193 2420 1237 et
2443 1186 2698 1240 vanitate.
2741 1182 2923 1240 Potest
2956 1186 3082 1241 item
3115 1187 3276 1242 alicui
3308 1189 3444 1244 satis

1864 1290 1986 1331 esse
2012 1276 2238 1331 culcitra
2269 1289 2401 1338 una,
2430 1283 2485 1328 et
2513 1283 2743 1344 tapetem
2775 1277 3002 1345 quaerit,
3044 1277 3446 1347 altercaturque

1865 1369 2029 1423 etiam
2058 1367 2196 1422 forte
2233 1367 2334 1422 nisi
2378 1366 2666 1434 acceperit.
2701 1367 2760 1422 Si
2798 1367 2922 1436 quis
2950 1383 3166 1438 quoque
3193 1366 3442 1423 animad-

1866 1468 2039 1514 vertat
2067 1458 2288 1514 fratrem
2317 1457 2522 1529 aliquid
2553 1459 2750 1514 habere
2771 1468 2879 1530 quo
2904 1460 3021 1530 ipse
3060 1467 3260 1525 careat,
3299 1459 3446 1514 invi-

1869 1551 2097 1622 deatque
2124 1563 2179 1618 et
2205 1562 2520 1614 murmuret,
2554 1567 2662 1606 no.
2689 1562 2772 1606 est
2802 1553 2887 1606 hic
2913 1553 2966 1606 in
2993 1552 3082 1606 via
3106 1551 3443 1622 proﬁciendi.

1872 1641 2110 1698 Rursum
2149 1643 2393 1698 extendit
2435 1644 2561 1714 quis
2610 1643 2679 1698 ad
2726 1643 2896 1698 solem
2948 1644 3028 1698 vel
3075 1644 3316 1698 tunicam
3361 1643 3447 1698 vel

1871 1737 2245 1806 opertorium,
2274 1744 2328 1790 et
2358 1735 2678 1805 negligentia
2721 1745 2777 1790 et
2824 1736 3034 1790 incuria
3079 1737 3268 1790 ardere
3314 1734 3447 1789 illud

1819 1899 1823 1903 η
1871 1829 2154 1899 permittit,
2186 1843 2287 1884 nec
2314 1827 2488 1884 elevat
2516 1845 2640 1885 eum
2664 1828 2820 1884 debet
2847 1848 2861 1882 :
2893 1827 3075 1884 ethoc
3106 1829 3291 1898 utique
3319 1842 3450 1882 eon-

1872 1929 1955 1976 tra
1982 1920 2369 1976 conscientiam
2396 1932 2498 1977 est.
2537 1922 2678 1977 idem
2706 1933 2790 1976 est
2823 1921 2878 1975 in
2920 1922 3079 1976 cibo:
3113 1919 3294 1976 Potest
3319 1934 3448 1974 cor-

1871 2027 2050 2085 porea:
2079 2013 2386 2068 necessitati
2413 2014 2538 2084 quis
2570 2014 2885 2070 satisfacere
2916 2014 3194 2077 olusculis,
3223 2012 3452 2084 legumi-

1872 2107 2073 2173 nibus,
2109 2107 2192 2161 vel
2239 2107 2468 2163 modicis
2506 2107 2664 2162 olivis
2686 2124 2721 2173 ;.
2745 2123 2846 2163 nec
2892 2107 2962 2163 iis
3001 2115 3290 2163 contentus
3325 2113 3449 2171 est,

1871 2196 1968 2251 sed
2019 2195 2278 2252 lautiores
2319 2207 2373 2250 et
2418 2195 2764 2252 delicatiores
2795 2195 2961 2265 dapes
2990 2193 3298 2266 perquirit:
3335 2192 3452 2248 haec

1871 2288 2056 2344 omnia
2076 2297 2264 2344 contra
2295 2287 2685 2343 conscientiam
2721 2296 2863 2342 sunt.
2895 2287 3242 2341 Admonuere
3267 2295 3448 2339 auten-

1871 2379 2062 2436 crebro
2103 2379 2338 2448 majores
2381 2377 2554 2433 nostri
2591 2393 2697 2432 non
2745 2376 2941 2431 debere
2973 2375 3084 2446 pati
3121 2373 3452 2429 monachum

1872 2469 2171 2525 remorderi
2199 2483 2320 2523 sese
2349 2465 2642 2538 aliquando
2665 2483 2695 2521 a
2730 2466 3066 2521 conscientia
3092 2480 3213 2533 sua,
3241 2480 3312 2520 ne
3343 2479 3452 2520 una

1872 2561 2090 2633 quidem
2123 2576 2183 2616 re
2220 2560 2468 2615 minima.
2505 2557 2656 2629 Opus
2689 2558 2852 2629 igitur
2893 2557 3048 2614 nobis
3090 2565 3194 2621 est,
3231 2556 3452 2622 fratres,

1873 2652 2166 2707 sobrietate
2193 2657 2474 2721 perpetua,
2505 2659 2564 2702 ut
2593 2661 2693 2703 nos
2722 2648 2790 2702 ab
2829 2644 3203 2716 hujuscemodi
3228 2643 3454 2698 omnino

1874 2745 2247 2800 custodiamus
2295 2741 2494 2797 illaasos
2531 2759 2545 2794 :
2598 2754 2666 2794 ne
2703 2738 2999 2809 aliquando
3045 2736 3352 2792 incidamus
3399 2733 3456 2787 in

203 2846 502 2916 periculum
530 2847 674 2916 quod
710 2847 867 2902 nobis
899 2845 1162 2900 Dominus
1195 2843 1561 2898 comminatus
1623 2847 1727 2906 est,
1787 2848 1851 2894 ut
1886 2839 2138 2908 superius
2170 2836 2428 2890 diximus.
2463 2833 2689 2889 Praestet
2737 2831 2890 2886 nobis
2930 2831 3072 2885 Deus
3116 2829 3232 2883 luce
3275 2827 3456 2882 omnia

204 2955 314 2993 non
344 2947 451 2992 tam
483 2940 671 2994 audire
692 2954 856 3008 quam
879 2938 1190 3001 observare,
1215 2952 1283 2991 ne
1306 2934 1515 3006 judicio
1534 2942 1776 2989 extremo
1810 2941 2026 2986 oatrum
2086 2941 2395 2986 nostrorum
2453 2925 2859 2982 exhortationes
2879 2925 3094 2996 optimae
3120 2924 3173 2978 in
3191 2922 3457 2993 judicium

201 3038 258 3082 et
287 3027 790 3084 condemnationem
819 3027 977 3082 nobis
1009 3029 1158 3081 tiant.

727 3141 1139 3194 ΔΙΔΑΣΚΑΛΙΑ
1174 3141 1249 3194 Δ’.

626 3255 768 3322 Περὶ
803 3253 910 3307 τοῦ
944 3253 1109 3310 θείου
1145 3252 1355 3322 φόϐου.

278 3344 355 3400 Δ’.
382 3345 545 3414 Λέγει
568 3347 628 3400 ἐν
658 3348 777 3408 ταῖς
806 3344 1136 3409 Καθολικαῖς
1161 3346 1190 3399 ό
1223 3343 1378 3413 ἅγιος
1431 3345 1684 3414 ιωάννης,
1712 3343 1783 3399 Ἦ

205 3438 405 3492 τελεία
431 3436 630 3508 ἀγάπη
657 3437 776 3501 ἔξω
789 3435 1012 3502 βάλλει
1035 3437 1141 3490 τὸν
1164 3437 1370 3506 φόϐον,
1390 3437 1531 3507 ’Ἄρα
1559 3436 1612 3490 τί
1631 3435 1774 3490 θέλει
1803 3443 1844 3502 c

202 3531 296 3584 διὰ
327 3530 482 3584 τοῦτο
514 3531 754 3601 σημᾶναι
793 3530 926 3600 ἡμῖν
963 3531 992 3582 ὀ
1033 3529 1223 3597 ἀγιοςς
1266 3527 1428 3581 ποίαν
1469 3528 1579 3599 ἄρα
1628 3525 1777 3596 λέγει

2437 3119 2787 3176 DUCTRIRA
2818 3117 2907 3174 IV.

2391 3259 2466 3316 De
2507 3261 2684 3314 divino
2741 3260 2948 3313 timore.

1952 3357 1995 3410 l.
2027 3353 2306 3409 Sententia
2338 3349 2568 3406 Joannis
2614 3359 2697 3405 est
2737 3348 2792 3402 in
2837 3345 3083 3416 epistolis
3129 3345 3244 3401 suis
3270 3387 3284 3411 ,
3316 3355 3461 3416 quod

1877 3447 2108 3518 perfecta
2129 3443 2364 3498 charitas
2393 3439 2540 3510 foras
2565 3437 2715 3508 ejicit
2754 3437 2996 3490 timorem
3023 3435 3066 3488 ί.
3107 3434 3266 3501 Quid,
3301 3433 3463 3488 obse-

1879 3552 2000 3602 cro,
2036 3535 2142 3590 hae
2166 3531 2432 3590 sententia
2463 3527 2814 3584 nobisinnuit
2845 3525 3115 3583 sanctus?
3141 3523 3252 3579 Cur
3283 3524 3466 3578 chari-

204 3624 342 3692 ἡμῖν
369 3621 610 3690 ἀγάπην.
643 3621 736 3673 καὶ
754 3623 905 3674 ποῖον
938 3619 1138 3688 φόϐον;
1183 3619 1242 3672 ’0
1267 3618 1365 3690 μὲν
1397 3618 1691 3691 Προφήτης
1721 3620 1780 3672 ὲν

1880 3637 2067 3690 tatem,
2092 3640 2192 3680 cur
2214 3623 2468 3679 timorem
2496 3618 2606 3674 ait?
2629 3615 2904 3687 Propheta
2929 3615 3104 3684 inquit
3129 3629 3180 3667 tn
3208 3611 3458 3667 Psalmo:

204 3713 288 3784 τῷ
311 3712 508 3784 ψαλμῷ
533 3713 703 3781 λέγει·
743 3711 1046 3780 Φοϐήθητε
1070 3711 1176 3765 τὸν
1199 3711 1442 3779 Κύριον,
1471 3709 1696 3776 πάντες
1725 3713 1780 3763 oi

1884 3716 2085 3772 Timete
2109 3713 2414 3775 Dominum,
2445 3723 2623 3762 omnes
2647 3706 2819 3759 sancti
2844 3703 2957 3772 ejus
2983 3711 3032 3755 δ.
3062 3701 3129 3755 Et
3151 3699 3258 3754 alia
3287 3698 3465 3768 plera-

205 3805 368 3873 ἅγιοι
387 3803 596 3857 αὐτοῦ’
626 3804 721 3856 καὶ
746 3803 882 3858 ἄλλα
915 3803 972 3856 δὲ
1000 3803 1173 3874 μυρία
1195 3799 1424 3855 τοιαῦτα
1453 3801 1780 3872 εὑρίσκομεν

1880 3819 1988 3874 que
2024 3796 2421 3872 hujuscemodi,
2446 3809 2570 3866 qua:
2601 3793 2657 3848 in
2688 3793 2862 3848 sacris
2891 3787 3110 3844 Litteris
3136 3787 3462 3856 reperimus.

205 3897 268 3947 ἐν
308 3897 426 3956 ταῖς
465 3893 648 3962 ἁγίαις
681 3893 943 3964 Γραφαῖς.
991 3894 1054 3946 Ei
1081 3888 1176 3947 05v
1233 3891 1328 3946 καὶ
1359 3893 1409 3944 οἱ
1438 3890 1581 3958 ἅγιοι
1609 3889 1782 3954 οὕτως

1884 3900 1942 3956 Si
1972 3898 2115 3953 enim
2145 3901 2391 3950 amantes
2419 3888 2712 3945 Dominum
2741 3883 2917 3940 sancti
2950 3883 3103 3938 illum
3129 3888 3386 3935 verentur
3411 3889 3468 3934 et

206 3987 540 4056 ἀγαπῶντες
564 3986 656 4051 τὸν
685 3985 909 4055 Κύριον,
940 3985 1229 4056 φοϐοῦνται
1262 3985 1444 4050 αὑτὸν,
1470 3984 1587 4048 πῶς
1614 3985 1780 4053 λέγει,

1882 3993 2097 4053 timent,
2137 3994 2198 4042 ut
2227 3984 2360 4056 quid
2390 3982 2486 4048 ait,
2515 3983 2750 4050 perlecta
2792 3975 3026 4029 charitas
3050 3975 3197 4043 [oras
3219 3970 3364 4034 eiicit
3398 3970 3470 4023 ti-

218 4080 287 4133 Ἠ
309 4078 506 4146 ἀγάπη
524 4077 640 4142 ἔξω
657 4075 878 4142 ,ϐάλλει
901 4079 1007 4131 τὸν
1027 4079 1245 4147 φόϐον-ς
1265 4073 1446 4140 Δεῖξαι
1487 4077 1618 4147 ἡμῖν
1643 4075 1783 4130 θέλει

1885 4080 2128 4137 morem?
2161 4074 2460 4131 Ostendere
2492 4068 2650 4126 nobis
2679 4068 2793 4121 vult
2821 4065 3063 4130 sanctus,
3100 4059 3315 4116 timoris
3347 4073 3470 4115 esse

215 4174 248 4224 ὁ
285 4171 438 4239 ἀγιος
467 4170 550 4223 ὅτι
579 4167 672 4222 δύο
707 4170 814 4222 eici
847 4168 1021 4238 φόόοι,
1054 4163 1135 4233 εἷς
1169 4167 1551 4238 εἰσαγωγικδς,
1584 4167 1680 4221 καὶ
1706 4161 1787 4230 εἷς

208 4262 437 4324 τέλειος·
469 4261 564 4315 καὶ
601 4263 682 4314 ὅτι
709 4262 738 4314 ὁ
770 4260 870 4330 μὲν
903 4254 986 4323 εἷς
1012 4260 1122 4313 τῶν
1154 4259 1471 4330 ἀρχομένων
1518 4258 1685 4320 ἐστὶν,
1711 4255 1789 4320 ὡς

211 4353 288 4406 ἂν
323 4354 464 4406 εἴποι
494 4368 598 4418 τις,
630 4349 724 4404 τοῦ
772 4351 1075 4415 θεοσεϐοῦςο
1119 4354 1148 4406 ό
1178 4351 1236 4405 δὲ
1279 4351 1438 4415 ἄλλος
1465 4350 1577 4403 τῶν
1618 4350 1789 4418 ἁγίων

207 4445 330 4498 τῶν
373 4443 767 4498 τελειωθέντων
807 4441 946 4507 ἐστὶ,
979 4443 1088 4497 τῶν
1119 4443 1440 4512 φθασάντων
1473 4442 1554 4505 είς
1593 4441 1655 4494 τὸ
1693 4441 1789 4512 μέ-

209 4553 348 4607 τρον
379 4535 479 4605 τῆς
510 4534 757 4604 ἀγάπης.
785 4527 912 4588 Οἷόν
938 4551 990 4587 τι
1021 4534 1183 4603 λέγω·
1218 4535 1368 4588 Ποιεῖ
1382 4551 1464 4597 τις
1491 4534 1554 4588 τὸ
1581 4532 1792 4604 θέλημα

209 4626 315 4680 σεοῦ
344 4625 478 4679 Θεοῦ
509 4626 603 4685 ,διὰ
633 4627 726 4679 τὸν
755 4624 917 4695 φόϐον
945 4625 1051 4678 τῶν
1079 4625 1371 4678 κολάσεωνο
1401 4619 1579 4690 οὗτος,
1613 4625 1690 4688 ὡς
1717 4623 1793 4679 el-

212 4733 425 4787 πομεν,
454 4716 639 4786 ἀκμὴν
674 4715 935 4786 ἀρχάριός
963 4717 1133 4782 ἐστιν,
1163 4709 1318 4779 οὗτος
1353 4717 1415 4769 οὺ
1440 4719 1586 4770 ποιεῖ
1610 4717 1792 4788 ἀκμὴν

1886 4174 1997 4229 duo
2033 4184 2270 4242 genera;
2312 4166 2545 4221 alterum
2583 4161 2803 4232 quidem
2837 4156 3197 4228 isagogicum,
3229 4154 3333 4208 hoc
3361 4161 3465 4216 est,

1889 4261 2381 4321 introductorium,
2420 4256 2648 4310 alterum
2692 4265 2822 4307 vero
2869 4247 3194 4319 perfectum.
3245 4244 3312 4299 Et
3353 4242 3469 4313 pri-

1890 4371 2035 4409 mum
2061 4392 2077 4417 ,
2115 4353 2380 4420 inquam,
2415 4359 2603 4402 eorum
2643 4350 2728 4398 est
2757 4381 2771 4404 ,
2802 4340 2898 4412 qui
2939 4353 3112 4408 nuper
3153 4335 3469 4406 religionem

1891 4441 2170 4499 invadunt.
2206 4436 2515 4492 Secundum
2545 4440 2726 4486 autem
2757 4439 3070 4484 sanctorum
3105 4432 3268 4494 atque
3294 4421 3472 4493 perfe-

1892 4545 2126 4599 ctorum,
2162 4531 2254 4603 qui
2287 4530 2400 4601 jam
2431 4527 2497 4582 ad
2531 4522 2815 4580 eharitatis
2861 4528 3064 4575 sancta:
3106 4517 3317 4572 culmen
3343 4529 3474 4584 per-

1891 4637 2105 4686 venere,
2141 4628 2223 4685 ut,
2243 4617 2394 4672 verbi
2425 4613 2597 4684 gratia
2623 4629 2638 4664 :
2680 4609 2832 4665 Facit
2855 4606 2983 4676 quis
3013 4605 3106 4660 Dei
3135 4605 3470 4658 voluntatem

1891 4729 2005 4787 pra:
2029 4714 2224 4767 timore
2262 4708 2559 4779 gehennae:
2593 4703 2682 4757 hie
2707 4741 2724 4766 ,
2761 4708 2822 4755 ttt
2850 4699 3114 4763 diximus,
3159 4695 3339 4750 adhuc
3369 4709 3472 4749 no-

212 4810 290 4862 δι’
320 4807 453 4860 αὐτὸ
488 4807 676 4868 καλὸν,
714 4806 852 4860 ἀλλὰ
888 4807 979 4861 διὰ
1023 4808 1115 4861 τὸν
1163 4808 1326 4878 φόϐον
1374 4809 1486 4862 τῶν
1541 4808 1788 4879 πληγῶν.

1895 4807 2058 4862 vitius
2081 4812 2168 4860 est
2194 4811 2250 4858 et
2280 4798 2580 4869 incipiens,
2620 4795 2667 4850 is
2706 4793 2890 4848 adhuc
2928 4800 3147 4862 propter
3179 4802 3240 4844 se
3265 4787 3470 4879 bonum

220 4897 423 4959 ’Δλλος
453 4897 510 4950 δὲ
539 4897 686 4950 ποιεῖ
724 4895 784 4949 τὸ
813 4896 1027 4967 θέλημα
1054 4897 1148 4950 τοῦ
1183 4896 1342 4962 Θεοῦ,
1380 4899 1610 4968 ἀγαπῶν
1633 4878 1790 4952 αὐτὸν

1895 4914 2004 4954 non
2028 4903 2263 4959 exercet,
2289 4891 2381 4948 sed
2405 4890 2601 4945 timore
2622 4885 2925 4956 plagarum.
2951 4882 3102 4936 Alter
3128 4879 3241 4934 Deo
3262 4878 3316 4934 in
3338 4891 3474 4968 cun-

213 4991 318 5043 στδν
346 4989 502 5051 Θεὸν,
532 4987 763 5056 ἀγαπῶν
813 4989 976 5042 αὐτὸν
1021 4989 1203 5052 ἱδικῶς
1247 4989 1327 5061 τῷ
1365 4967 1678 5062 εὐαρεστεῖν
1718 4989 1790 5062 τῷ

1896 4991 2000 5046 etis
2028 4995 2180 5058 paret
2204 5001 2269 5040 ex
2309 4997 2492 5038 amore
2519 4989 2573 5034 et
2605 4975 2977 5034 benevolentia
3011 4974 3064 5027 in
3092 4970 3260 5027 Deum
3285 5007 3302 5034 ,
3336 4975 3392 5024 et
3415 4967 3471 5022 in

214 5081 369 5150 Θεῷ.
401 5072 570 5141 Οὗτος
598 5073 707 5132 οἶδε
742 5077 795 5130 τί
827 5079 979 5130 ἐστιν
1010 5078 1143 5130 αὐτὸ
1170 5078 1230 5132 τὸ
1259 5059 1441 5146 καλὸν,
1468 5059 1623 5145 οὗτος
1659 5059 1790 5151 ἔγνω

1900 5081 2077 5150 ipsum
2111 5077 2312 5131 bonum
2349 5083 2511 5143 atque
2537 5072 2814 5135 virtutem,
2842 5076 2902 5122 ut
2927 5064 3134 5121 scilicet
3160 5063 3265 5117 hoc
3293 5059 3473 5115 medio

213 5173 276 5223 τί
313 5173 428 5222 ἐστι
460 5168 522 5221 τὸ
552 5163 690 5221 εἶναι
726 5167 866 5238 μετά
893 5166 988 5220 τοῦ
1020 5168 1177 5224 Θεοῦ.
1219 5169 1350 5222 Ἰδοὺ
1397 5163 1552 5234 οὗτός
1584 5174 1731 5226 ἐστιν
1772 5177 1790 5229 ί

1904 5173 2012 5228 Deo
2054 5170 2266 5241 placeat
2297 5177 2348 5223 et
2380 5176 2565 5238 gratus
2608 5165 2698 5220 sit.
2744 5160 2904 5216 Novit
2947 5157 3038 5213 hie
3075 5153 3317 5227 profecto
3341 5151 3473 5222 quid

215 5262 368 5331 ἔχων
395 5259 494 5330 τὴν
513 5257 772 5328 ἀληθινὴν
804 5258 1046 5329 ἀγάπην,
1067 5259 1132 5330 ἢν
1152 5257 1299 5328 λέγει
1327 5261 1356 5313 ό
1383 5261 1536 5330 ἆγιος
1566 5263 1790 5332 τελείαν,

1907 5265 2108 5319 bonum
2136 5302 2152 5327 ,
2204 5260 2334 5332 quid
2371 5259 2544 5312 virtus
2582 5256 2694 5312 sit:
2749 5253 2897 5309 novit
2935 5250 3067 5322 quid
3101 5249 3172 5305 sit
3207 5261 3330 5303 cum
3363 5243 3474 5300 Deo

216 5353 327 5407 καὶ
355 5350 498 5422 αὕτη
526 5352 559 5420 ή
586 5350 774 5421 ἀγάπη
797 5349 954 5420 φέρει
982 5350 1144 5403 αὑτὸν
1178 5352 1257 5413 είς
1283 5351 1374 5404 τὸν
1396 5352 1597 5406 τέλειον
1617 5355 1790 5422 φόϐον.

1908 5371 2047 5411 esse.
2078 5353 2176 5409 Hie
2207 5351 2496 5424 perfectam
2527 5358 2583 5404 et
2614 5362 2820 5412 veram,
2852 5345 2920 5401 de
2942 5358 3049 5414 qua
3079 5336 3476 5409 quuiturApo-

214 5441 480 5495 Φοὸεῖται
515 5440 621 5510 γάρ
649 5441 677 5492 ὁ
700 5438 936 5502 τοιοῦτος
969 5439 1068 5518 καὶ,
1095 5438 1349 5508 φυλάττει
1381 5440 1442 5493 τὸ
1469 5439 1680 5512 θέλημα
1707 5443 1790 5497 τοῐ

1909 5451 2078 5506 stolus
2101 5489 2117 5514 ,
2168 5447 2328 5502 habet
2357 5444 2676 5500 charitatem
2704 5482 2718 5506 ,
2749 5449 2805 5496 et
2842 5439 2957 5509 ipsa
2999 5433 3238 5491 charitas
3263 5447 3384 5487 eum
3418 5429 3476 5484 in

221 5531 396 5596 Θεοῦ,
425 5535 526 5586 οὐκ
561 5532 642 5586 ἔτι
669 5531 757 5585 διὰ
787 5530 886 5595 τὰς
910 5530 1140 5602 πληγὰς,
1167 5531 1268 5585 οὐκ
1293 5531 1374 5584 ἔτι
1405 5531 1493 5586 διὰ
1520 5533 1581 5585 τὸ
1607 5533 1683 5604 μὴ
1711 5551 1790 5587 κο.

1903 5539 2199 5611 perfectum
2225 5538 2474 5593 timorem
2496 5536 2732 5590 adducit.
2756 5531 2933 5587 Timet
2953 5527 3097 5584 enim
3125 5527 3214 5581 hie
3237 5525 3474 5580 divinant

220 5625 520 5694 λασθῆναι·
547 5624 686 5683 ἀλλ’,
704 5623 893 5695 ὥσπερ
913 5624 1158 5694 εἴπομεν,
1179 5623 1690 5694 γευσάμενοςαὺτῆς
1705 5625 1790 5695 τῆς

1903 5630 2237 5686 voluntatem
2279 5637 2336 5682 et
2375 5626 2646 5688 observat,
2682 5639 2791 5678 non
2839 5631 2985 5677 metu
3034 5620 3335 5690 plagarum,
3367 5627 3475 5668 non

224 5716 571 5789 γλυκύτητος
599 5715 694 5770 τοῦ
719 5712 856 5770 εἶναι
885 5716 1023 5786 μετά
1051 5714 1144 5768 τοῦ
1164 5714 1300 5768 Θεοῦ
1318 5732 1332 5745 ·
1356 5715 1599 5785 φοϐεῖται
1626 5715 1702 5788 μὴ
1723 5719 1790 5771 ἐκι

1906 5720 2211 5786 verberum,
2243 5717 2338 5774 sed
2369 5717 2662 5786 degustans
2691 5713 2827 5782 jam,
2853 5725 3015 5780 quam
3051 5709 3207 5763 dulce
3245 5705 3318 5761 sit
3349 5720 3475 5760 eum

223 5809 382 5879 ’πέσῃ
411 5808 598 5879 αὐτῆς,
625 5808 870 5878 φοϐεῖται
897 5807 974 5879 μὴ
1010 5806 1247 5878 στερηθῇ
1263 5806 1455 5879 αὐτῆς.
1476 5803 1642 5874 Οὗτος
1662 5805 1756 5866 οὖν
1781 5816 1790 5865 ι

1910 5811 2020 5869 Deo
2046 5827 2186 5878 esse,
2227 5809 2486 5880 timetque
2523 5820 2592 5862 ne
2628 5819 2693 5860 ea
2730 5803 2970 5872 privetur
3005 5796 3289 5857 dulcedine
3342 5808 3475 5850 neve

313 5983 337 6023 ί
370 5982 571 6042 lJoan.
615 6003 689 6053 tv,
724 5985 808 6041 18.
890 5988 912 6027 ε
940 5985 1087 6043 Psal.
1137 6000 1329 6055 xxxiii,
1356 5985 1462 6058 διο.
