4188 6438
775 331 910 396 16³9

2053 328 2442 388 ΒΟΒΟ”ΪΙΕ[
2508 328 2824 387 ᾸΒΒΛΤΙΒ

3901 326 4050 388 1660

777 441 1001 494 »κε-ιδεμ
1032 436 1188 508 391
1221 434 1270 490 Is
1301 433 1464 505 igitur
1495 433 1765 502 perfectus
1792 434 1953 488 timor
1981 434 2051 489 ab
2077 435 2176 488 hae.-
2207 436 2335 488 rha-

2448 435 2637 497 τέλειος
2675 435 2838 504 φόϐος
2885 435 2914 484 ὁ
2958 451 3024 488 εκ
3060 434 3160 505 τῆς
3203 435 3420 502 ἀγάπης
3456 435 3662 507 ταύτης
3700 437 3919 507 γινὸμε
3937 455 4046 500 ως,

737 559 745 568 --
771 533 926 585 ritate
953 529 1281 584 descendens
1315 527 1642 595 isagogieum
1681 541 1842 595 porro
1873 526 2062 596 abigit.
2099 525 2235 580 llinc
2261 529 2338 580 ..ιι

780 623 1094 693 Apostolus,
1127 619 1270 688 quod
1305 619 1536 688 perfecta
1565 619 1802 674 Charitas
1842 618 1989 674 foras
2031 620 2228 672 emittit
2271 620 2338 671 ti-

770 729 818 764 m
844 725 997 763 ‘rem.
1047 708 1190 763 Fieri
1229 717 1407 763 autem
1436 709 1627 777 nequit
1659 709 1767 761 ullo
1793 717 1954 777 pacto
1982 709 2079 778 (l),
2118 718 2178 762 ut
2215 724 2337 777 per-

771 801 943 854 fectus
975 801 1129 853 aliter
1155 814 1315 868 quam
1347 813 1442 868 per
1470 799 1798 869 isagogicum
1830 799 2230 853 introducatur.

841 887 900 940 ll.
933 887 1068 942 Tres
1099 889 1240 942 enim
1268 896 1396 942 sunt
1423 888 1759 944 conditiones
1788 897 1842 942 et
1871 898 2044 943 status
2074 889 2154 958 (nt
2181 889 2342 943 divus

769 977 1063 1046 Gregorius
1083 977 1201 1045 ait),
1233 975 1432 1046 quibus
1475 975 1585 1031 Deo
1614 980 1751 1045 grati
1781 992 1900 1032 esse
1930 992 2242 1045 possumus.
2283 977 2341 1032 Si

769 1085 915 1120 enm
959 1081 1174 1134 pmnam
1219 1065 1596 1132 formidamus,
1638 1067 1692 1121 in
1724 1067 1904 1122 servili
1933 1077 2080 1121 statu
2130 1083 2338 1122 sumus.

773 1157 829 1206 Si
881 1170 1005 1209 vero
1051 1155 1315 1209 mercedis
1361 1154 1507 1209 lucra
1539 1164 1950 1217 consectantes,
1994 1156 2244 1209 utilitatis
2290 1165 2343 1210 et

772 1246 1040 1297 commodi
1072 1246 1271 1313 proprii
1303 1244 1474 1312 gratia
1513 1244 1693 1298 divina
1722 1243 1973 1297 mandata
2010 1245 2340 1313 peragimus,

768 1339 1120 1412 mercenariis
1147 1338 1532 1392 assimilamur.
1568 1338 1662 1390 Sin
1691 1346 1873 1393 autem
1915 1338 2058 1391 bono
2087 1347 2141 1392 et
2171 1338 2343 1393 hone-

772 1443 858 1486 sto
897 1441 1112 1501 propter
1127 1447 1198 1490 .se
1229 1432 1404 1500 ipsum
1443 1432 1814 1485 adhaereamus
1836 1471 1851 1495 ,
1886 1430 1938 1483 in
1985 1430 2216 1483 ﬁliorum
2251 1445 2344 1498 ge-

773 1540 904 1578 nere
931 1538 1141 1577 smnus.
1173 1522 1342 1576 Filius
1367 1522 1510 1576 enim
1542 1521 1634 1574 ubi
1666 1523 1731 1576 ad
1763 1521 2104 1590 prudentiam
2136 1519 2344 1574 discre-

773 1617 1084 1684 tionemque
1110 1613 1430 1684 pervenerit,
1465 1621 1687 1682 paterna
1720 1621 1841 1666 vota
1870 1612 2205 1680 exsequitur,
2236 1626 2345 1665 non

775 1707 969 1761 timore
1017 1707 1221 1762 scilicet
1266 1705 1585 1774 plagarum,
1619 1721 1726 1759 non
1773 1705 1936 1758 etiam
1988 1703 2251 1757 mercedis
2294 1711 2348 1757 et

2439 526 2543 592 ἔξω
2573 527 2753 597 βαλλει
2814 526 2906 579 τὸν
2939 525 3296 594 εἰσαγωγικδν
3331 525 3511 594 φόϐον.
3567 527 3676 579 Καὶ
3725 527 3817 580 διὰ
3871 527 4047 579 τοῦτο

2437 619 2606 688 λέγει,
2644 621 2725 672 ὅτι
2783 620 2817 688 ή
2852 616 3032 671 τελεία
3065 616 3254 686 ἀγάπη
3304 616 3408 680 ἔξω
3460 615 3642 685 βάλλει
3680 616 3782 668 τὸν
3837 618 4042 684 φόως.

2452 711 2735 764 ’Δδύνατον
2779 710 2838 764 δέ
2867 711 3018 763 ἐστιν
3069 707 3244 762 ὲλθείν
3281 708 3373 762 τὸν
3420 709 3612 762 τέλειον
3649 707 3852 777 φόϐον,
3881 711 3938 761 εἰ
3971 713 4046 778 μὴ

2444 803 2532 857 διὰ
2560 803 2654 857 τοῦ
2687 800 3078 872 εἰσαγωγικοῦ.

2511 892 2586 948 B'.
2619 895 2784 965 Τρεῖς
2827 893 2936 964 γάρ
2990 893 3097 946 εἰσι
3135 889 3423 954 διαθέσεις,
3469 889 3544 952 ὡς
3595 889 3749 957 λέγει
3795 890 3826 942 6
3877 890 4041 956 ἇγιος

2440 986 2759 1057 Γρηγόριος,
2790 985 2859 1038 δι’
2882 980 2958 1038 ὧν
2985 982 3263 1054 δυνάμεθα
3289 982 3649 1053 εὐαρεστῆσαι
3671 981 3757 1051 τῷ
3785 982 3951 1050 Θεῷ.
3973 983 4040 1032 ἸΙ

2451 1077 2561 1148 γὰρ
2618 1076 2941 1146 φοϐούμενοι
2991 1076 3091 1146 τὴν
3148 1073 3394 1136 κόλασιν,
3448 1071 3874 1142 εὐαρεστοῦμεν
3939 1073 4037 1123 καὶ

2443 1167 2613 1236 ἐσμὲν
2637 1169 2697 1221 έν
2730 1170 2796 1238 τῇ
2828 1167 3161 1222 καταστάσει
3182 1162 3277 1218 τοῦ
3306 1165 3512 1218 δούλου·
3539 1165 3571 1233 ἦ
3603 1163 3676 1217 τὰ
3698 1166 3771 1216 ἐκ
3797 1163 3906 1216 τοῦ
3953 1182 4042 1232 μι-

2444 1258 2572 1311 σθοῦ
2611 1259 2774 1330 κέρδη
2799 1257 3103 1322 διώκοντες,
3145 1257 3245 1328 τῆς
3285 1256 3493 1310 ἑαυτῶν
3525 1257 3716 1309 ’ἐνεκεν
3748 1255 4041 1324 ὡφελείας

2443 1349 2762 1419 πληροῦμεν
2785 1350 2854 1403 τὰ
2875 1348 3348 1421 προστεταγμένα,
3374 1347 3468 1400 καὶ
3494 1347 3639 1400 κατά
3661 1347 3836 1400 τοῦτο
3866 1365 4042 1417 προσ-

2443 1443 2698 1510 εοίκαμεν
2755 1443 2870 1502 τοῖς
2929 1438 3184 1509 μισθίοις·
3235 1439 3269 1508 ἦ
3315 1439 3382 1492 δι’
3424 1439 3556 1492 αὐτὸ
3593 1439 3659 1491 τὸ
3699 1437 3905 1498 καλὸν,
3948 1440 4038 1489 καὶ

2443 1530 2611 1600 ἐσμὲν
2652 1531 2712 1583 ἐν
2744 1533 2810 1600 τῇ
2849 1530 3180 1584 καταστάσει
3211 1529 3303 1583 τοῦ
3332 1530 3470 1583 υἱοῦ.
3510 1531 3568 1582 '0
3597 1529 3710 1600 γὰρ
3750 1531 3876 1592 υίὸς
3910 1532 4038 1582 ὅταν

2444 1615 2572 1688 ἔλθῃ
2606 1619 2688 1681 εἰς
2718 1617 3002 1687 φρόνησιν,
3044 1619 3188 1670 ποιεῖ
3214 1618 3276 1670 τὸ
3299 1617 3510 1688 θέλημα
3539 1619 3638 1672 τοῦ
3676 1621 3902 1690 πατρὸς
3941 1621 4036 1670 αὑ-

2444 1707 2561 1773 τοῦ,
2593 1709 2654 1760 οὐ
2686 1707 3017 1779 φοϐούμενος
3047 1709 3134 1762 ἵνα
3173 1711 3246 1781 μὴ
3273 1710 3433 1781 δαρῇ·
3467 1711 3588 1764 οὐδὲ
3622 1711 3714 1764 διὰ
3745 1713 3815 1763 τὸ
3852 1712 4038 1763 λαϐεῖν

775 1798 984 1868 praemii
1017 1793 1330 1868 cupiditate,
1363 1799 1455 1851 sed
1485 1811 1690 1861 amore,
1721 1796 1939 1864 pietate,
1971 1795 2344 1849 observantia-

2449 1798 2638 1869 μισθὸν
2687 1801 2818 1871 παρ’
2850 1799 3040 1868 αὑτοῦ,
3071 1801 3208 1856 ἀλλά
3247 1802 3475 1871 ἀγαπῶν
3515 1803 3702 1866 αὑτὸν,
3737 1804 4038 1870 φυλάττων

773 1907 884 1962 que
929 1907 1053 1963 erga
1094 1901 1321 1962 patrem.
1367 1892 1666 1948 Persuasus
1708 1891 1853 1945 enim
1901 1891 2032 1945 satis
2073 1899 2156 1944 est
2186 1906 2345 1944 suum

774 1983 892 2039 fore
918 1985 1180 2054 quidquit.
1214 1993 1383 2055 patris
1411 1983 1592 2039 fuerit.
1627 1982 1864 2038 Meretur
1895 1982 1983 2036 hic
2019 1982 2210 2036 audire
2239 1997 2347 2036 non

780 2079 921 2148 quod
955 2095 1146 2134 servrs
1191 2081 1301 2146 sit,
1343 2081 1435 2134 sed
1474 2080 1616 2148 quod
1652 2080 1795 2133 filius
1828 2087 1882 2132 et
1929 2079 2101 2132 haeres
2135 2076 2348 2131 Domini

774 2173 946 2226 nostri
974 2171 1102 2228 Jesu
1137 2172 1358 2227 Christi.
1408 2174 1508 2228 Hic
1540 2174 1727 2234 etiam,
1761 2184 1818 2228 ut
1849 2155 1975 2228 ante
2013 2171 2214 2225 dictum
2244 2183 2345 2238 est,

775 2279 884 2319 non
923 2265 1116 2317 metuit
1151 2262 1318 2318 Deum
1363 2265 1558 2318 timore
1603 2264 1897 2333 isagogico,
1944 2265 2039 2319 sed
2083 2274 2252 2331 amat,
2287 2276 2349 2321 ut

777 2356 854 2410 ait
879 2355 1066 2409 beatus
1091 2354 1394 2409 Antonius:
1426 2374 1446 2406 ι
1477 2354 1589 2423 Ego
1617 2371 1882 2425 nusquam
1912 2355 2080 2411 Deum
2109 2357 2292 2412 timeo.
2323 2375 2342 2409 ι

777 2446 846 2503 Ει
879 2449 1138 2505 Dominus
1184 2465 1306 2504 cum
1348 2451 1414 2504 ad
1459 2453 1730 2508 Abraham
1766 2453 1904 2508 dixit
1940 2463 2065 2524 post
2094 2455 2348 2510 immola-

781 2556 978 2596 tionem
1009 2543 1101 2596 filia
1128 2563 1142 2598 :
1174 2542 1330 2596 Nunc
1351 2545 1469 2598 novi
1491 2545 1630 2615 quod
1650 2546 1818 2600 Deum
1848 2557 2050 2601 metuas
2068 2548 2131 2614 h;
2164 2548 2232 2603 de
2257 2548 2350 2603 illo

777 2631 966 2701 utique
995 2632 1186 2688 timore
1214 2635 1370 2702 dixit,
1405 2637 1498 2706 qui
1526 2652 1591 2691 ex
1618 2637 1878 2693 charitate
1906 2641 2170 2709 provenit.
2201 2641 2348 2707 Quo-

779 2722 942 2776 modo
971 2723 1117 2778 enim
1145 2740 1206 2780 se
1248 2725 1441 2781 habeat
1473 2728 1573 2782 hoc
1602 2746 1616 2781 :
1672 2726 1830 2780 Nunc
1871 2731 2133 2799 cognovi?
2178 2729 2351 2785 Tanta

778 2811 999 2879 fecerat,
1031 2830 1246 2870 omnem
1274 2817 1565 2887 reliquerat
1592 2818 1950 2892 substantiam
1986 2835 2163 2883 suam,
2198 2835 2352 2891 pcre-

777 2917 874 2972 gre
901 2900 1176 2972 profectus
1207 2915 1324 2959 erat
1355 2906 1408 2960 in
1441 2919 1640 2961 terram
1686 2909 1918 2962 alienam
1949 2920 2003 2964 et
2043 2911 2109 2964 ad
2137 2922 2350 2980 gentem

777 2993 940 3050 idolis
978 2995 1239 3061 deditam,
1284 2998 1375 3052 ubi
1410 2998 1620 3052 nullum
1660 3008 1778 3053 erat
1813 3000 2026 3070 pietatis
2062 3004 2352 3074 vestigium

2447 1891 2596 1961 αὐτῷ
2641 1892 2824 1956 ἰδικῶς
2863 1893 3036 1963 αὐτὴν
3079 1892 3178 1964 τὴν
3209 1895 3428 1963 ἀγάπην
3460 1896 3552 1948 καὶ
3579 1895 3683 1963 τὴν
3726 1897 3914 1964 τιμὴν
3949 1894 4040 1961 τὴν

2446 1983 2741 2055 πατρικὴν,
2773 1986 2870 2037 καὶ
2904 1987 3267 2054 πεπεισμένος
3305 1988 3453 2039 ἐστὶν
3487 1988 3572 2040 ὅτι
3609 1988 3807 2040 πάντα
3839 1989 3913 2039 τὰ
3940 1987 4039 2038 ὑπ-

2447 2075 2680 2146 άρχοντα
2698 2074 2792 2127 τοῦ
2818 2075 3045 2147 πατρὸς,
3072 2075 3237 2128 αὑτοῦ
3273 2077 3441 2128 ἐστιν.
3478 2077 3536 2129 ὐ
3567 2078 3828 2141 τοιοῦτος
3861 2079 4037 2142 (15:05-

2445 2181 2536 2216 ται
2559 2163 2810 2226 ἀκοῦσαι,
2839 2165 2954 2218 Οὐκ
2981 2164 3062 2218 ἔτι
3090 2159 3142 2217 εἷ
3164 2165 3370 2230 δοῦλος,
3395 2166 3530 2221 ἀλλά
3553 2167 3674 2230 uik
3703 2170 3812 2221 καὶ
3839 2170 4038 2239 κληρο-

2445 2272 2609 2326 νομος
2633 2254 2768 2308 Θεοῦ
2796 2255 2887 2308 διὰ
2914 2254 3174 2325 Χριστοῦ
3207 2259 3236 2310 6
3254 2257 3493 2321 τοιοῦτος
3516 2259 3615 2311 οὐκ
3645 2259 3732 2312 ἔτι
3757 2262 4032 2328 φοϐεῖται.

2447 2345 2522 2409 ὡς
2549 2347 2794 2415 εἴπομεν.
2825 2345 2917 2398 τὸν
2938 2345 3090 2411 Θεὸν,
3122 2347 3242 2400 κατ’
3266 2347 3470 2400 ἐκεῖνον
3499 2347 3661 2419 δῆλον
3693 2350 3784 2402 ὃτι
3812 2351 3913 2403 τὸν
3937 2353 4038 2403 εἱσι

2447 2439 2722 2507 αγωγικὸν
2748 2438 2932 2506 φόϐον·
2960 2438 3095 2492 ἀλλά
3121 2441 3331 2510 ἀγαπᾷ,
3358 2440 3434 2504 ὡς
3465 2440 3618 2509 λέγει
3647 2444 3678 2494 ὁ
3709 2444 3882 2510 ἅγιος
3929 2447 4035 2496 Ἀν-

2445 2529 2637 2589 τώνιος
2667 2529 2806 2571 ¹¹·¹²·
2838 2549 2856 2581 ι
2889 2528 3031 2599 Ἐγὼ
3054 2530 3155 2584 οὐκ
3179 2530 3258 2584 ἔτι
3281 2530 3836 2602 φοϐοῦμαιτὺνθεόν.
3871 2554 3892 2586 ι
3937 2538 4036 2589 Καὶ

2447 2622 2477 2675 ὁ
2519 2620 2722 2692 Κύριος
2760 2621 2938 2690 λέγων
2968 2621 3048 2692 τῷ
3078 2623 3350 2694 Ἁϐραάμ,
3382 2625 3521 2694 μετά
3564 2626 3626 2680 τὸ
3655 2630 4033 2698 προσενέγκαι

2449 2714 2541 2767 τὸν
2585 2714 2698 2767 υἱὸν
2733 2714 2920 2780 αὐτοῦ,
2958 2715 3040 2782 τὸ,
3069 2717 3201 2772 Νῦν
3237 2717 3430 2788 ἔγνων
3458 2718 3547 2771 ὅτι
3593 2719 3763 2788 φοϐῇ
3814 2721 3908 2774 σὺ
3943 2723 4036 2774 τὼ·

2453 2807 2623 2860 Θεῶν
2657 2810 2860 2861 ἐκεῖνον
2892 2808 3146 2879 σημαίνει
3169 2810 3260 2864 τὸν
3285 2810 3491 2864 τέλειον
3524 2811 3694 2881 φόϐον
3723 2813 3826 2866 τὸν
3855 2816 3925 2866 ἐκ
3948 2813 4037 2882 τῆς

2450 2903 2670 2972 ἀγάπης
2704 2901 3072 2972 ἐγγινόμενον.
3105 2901 3230 2964 Πῶς
3258 2901 3367 2972 γὰρ
3391 2897 3535 2972 εἶχεν
3571 2905 3756 2956 εἰπεῖν
3797 2905 3893 2966 τὸ,
3919 2906 4039 2959 Νῦν

2449 2994 2673 3064 Ervum;
2715 2993 2977 3063 Ἦλέησεν
2998 3034 3016 3057 ,
3046 2991 3283 3048 τοσαῦτα
3310 2994 3584 3064 ἐποίησεν,
3617 2995 3920 3065 ὑπήκουσε
3952 2996 4037 3049 τοῦ

779 3095 877 3139 aut
920 3085 1217 3157 religionis.
1247 3087 1448 3145 Passus
1473 3099 1592 3144 erat
1618 3099 1674 3146 et
1703 3089 1842 3146 hanc
1873 3091 2199 3147 horrendam
2235 3103 2348 3149 ten-

2453 3085 2612 3151 Θεοῦ,
2644 3088 2736 3138 καὶ
2759 3086 2942 3156 ἀφῆκε
2968 3085 3037 3138 τὰ
3077 3085 3188 3139 ἴδια
3213 3085 3413 3150 πάντα,
3444 3086 3538 3138 καὶ
3577 3087 3937 3158 παρῴκησεν
3967 3091 4036 3150 εἰς

779 3175 1045 3231 tationem
1075 3176 1143 3232 de
1167 3177 1499 3233 immolando
1525 3179 1658 3244 lilio,
1687 3187 1743 3235 et
1773 3190 1895 3249 post
1921 3183 2037 3238 haec
2064 3184 2245 3239 omnia
2275 3185 2352 3239 illi

777 3265 979 3323 dicitur
1001 3307 1018 3332 ,
1053 3267 1210 3322 Nune
1241 3271 1358 3324 novi
1388 3273 1515 3340 quia
1563 3270 1726 3326 Deum
1762 3274 1946 3327 timeas
1969 3313 1984 3335 ,
2022 3275 2088 3329 ad
2123 3275 2355 3332 innuen-

779 3358 911 3414 dum
942 3359 1150 3414 scilicet
1179 3361 1476 3430 perfectum
1508 3362 1658 3415 illum
1690 3361 1939 3416 timorem
1985 3365 2079 3432 qui
2130 3367 2352 3421 nonnisi

779 3457 1094 3506 sanctorum
1123 3459 1226 3506 est.
1273 3449 1463 3523 Neque
1505 3453 1650 3506 enim
1695 3455 1766 3507 ob
1800 3463 2006 3510 metum
2046 3470 2222 3526 pmnze
2260 3466 2356 3512 aut

779 3543 986 3613 praemii
1012 3543 1306 3612 cupiditate
1335 3546 1436 3600 viri
1467 3546 1662 3613 sancti,
1697 3547 1792 3602 sed
1831 3561 2017 3604 amore
2044 3557 2098 3603 et
2121 3549 2355 3605 benevo-

780 3635 950 3690 lentia
993 3636 1106 3690 sola
1155 3646 1423 3707 pracepta
1465 3638 1558 3695 Dei
1597 3641 1955 3704 custodiunt,
2001 3640 2350 3698 formidantes

780 3727 1060 3798 quidpiam
1094 3727 1269 3783 facere
1296 3739 1492 3799 praeter
1518 3732 1835 3802 ejus,quem
1865 3733 2122 3801 diligunt,
2151 3735 2347 3789 volun-

780 3829 970 3875 tatem.
991 3819 1059 3874 Et
1080 3819 1208 3876 hinc
1228 3823 1323 3887 ait,
1345 3822 1630 3892 perfectum
1655 3825 1968 3878 cliaritatem
1997 3825 2142 3894 foras
2169 3827 2356 3894 ejicere

785 3912 1042 3966 timorem.
1074 3910 1261 3980 Neque
1286 3915 1434 3969 enim
1459 3929 1527 3971 ex
1554 3924 1701 3970 metu
1735 3925 1821 3971 est
1859 3926 1918 3971 ut
1946 3925 2130 3988 agant,
2164 3921 2259 3974 sed
2287 3934 2354 3974 ex

747 4052 750 4054 .
784 4003 1050 4060 cbaritate
1077 4013 1138 4060 ut
1162 4014 1424 4062 metuant.

856 4266 947 4324 Ill.
975 4267 1075 4326 Hic
1095 4279 1180 4327 est
1200 4271 1472 4342 perlectus
1501 4273 1662 4328 timor
1683 4274 1779 4345 qui
1808 4275 1994 4330 haberi
2022 4277 2170 4332 nullo
2193 4277 2355 4332 modo

787 4371 1000 4431 potest,
1030 4363 1134 4419 nisi
1177 4364 1485 4435 isagoglcus
1525 4367 1863 4436 praecesserit
1887 4367 1986 4437 (2).
2032 4369 2124 4423 Ait
2161 4369 2308 4424 enim
2335 4382 2355 4423 :

2453 3179 2554 3248 γῆν
2575 3177 2862 3249 ἀλλοτρίαν
2893 3176 2987 3230 καὶ
3015 3178 3096 3239 είς
3117 3175 3270 3240 ἔθνος
3302 3175 3731 3247 εἰδωλολατρῶν,
3769 3179 3916 3233 ὅπου
3945 3181 4037 3233 οὐκ

2452 3267 2520 3342 ἦν
2547 3269 2672 3323 οὔτε
2704 3271 2850 3339 ἴχνος
2881 3267 3215 3331 θεοσεϐείας
3248 3269 3348 3321 καὶ
3385 3269 3478 3320 ἐπὶ
3517 3269 3731 3334 τούτοις
3752 3271 4034 3342 ὑπήνεγκε

2454 3362 2546 3414 καὶ
2589 3362 2682 3414 τὸν
2727 3359 2968 3415 τοιοῦτον
2997 3358 3228 3428 φοϐερὸν
3256 3361 3558 3429 πειρασμὸν
3587 3361 3688 3430 τῆς
3717 3364 3926 3427 θυσίας
3954 3365 4036 3416 τοῦ

2455 3453 2594 3516 υἱοῦ,
2629 3454 2724 3507 καὶ
2755 3453 2893 3524 μετά
2926 3451 3100 3505 ταῦτα
3127 3451 3313 3520 ἔλεγεν
3337 3453 3503 3524 αὐτῷ,
3531 3454 3660 3508 Νῦν
3707 3457 3917 3524 ἔγνων
3954 3459 4032 3510 o'n

2454 3544 2609 3614 φοϐῇ
2633 3545 2715 3598 σὺ
2736 3543 2844 3596 τὸν
2873 3544 3040 3598 Θεόν·
3061 3543 3221 3612 δῆλον
3248 3545 3331 3598 ὅτι
3363 3545 3453 3598 τὸν
3474 3545 3682 3598 τέλειον
3714 3548 3896 3615 φόϐον
3923 3549 4033 3601 ἕλε-

2455 3655 2520 3706 γε
2549 3637 2642 3690 τὸν
2674 3635 2782 3690 τῶν
2812 3635 3005 3704 ἁγίων.
3033 3636 3148 3689 Οὐκ
3175 3636 3259 3689 ἔτι
3281 3637 3390 3708 γὰρ
3421 3637 3508 3690 διὰ
3537 3637 3706 3702 φόϐον
3732 3639 4028 3703 κολάσεως,

2455 3730 2488 3798 ἢ
2525 3729 2614 3782 διὰ
2651 3729 2710 3781 τὺ
2738 3727 2923 3780 λαϐεῖν
2949 3727 3138 3797 μισθὸν
3168 3727 3381 3782 ποιοῦσι
3404 3728 3466 3782 τὸ
3495 3728 3706 3799 θέλημα
3735 3730 3837 3782 τοῦ
3877 3731 4028 3792 Θεοῦ,

2453 3821 2589 3874 ἀλλά
2619 3820 2962 3888 ἀγαπῶντες,
2995 3818 3176 3883 καθὼς
3204 3819 3465 3884 πολλάκις
3492 3823 3742 3892 εἴπομεν,
3767 3825 4028 3896 9060259.:-

2454 3931 2536 3967 νοι
2566 3911 2792 3982 ποιῆσαί
2826 3929 2880 3964 τι
2912 3910 3063 3982 παρὰ
3087 3911 3149 3964 τὸ
3180 3911 3396 3982 θέλημα
3437 3912 3530 3966 τοῦ
3563 3915 3881 3983 ἀγαπητοῦ.
3926 3918 4030 3970 Καὶ

2453 4005 2542 4059 διὰ
2571 4004 2730 4057 τοῦτο
2756 4004 2927 4072 λέγει,
2971 4005 3033 4059 Ἠ
3050 4003 3252 4073 ἀγάπη
3279 4003 3397 4068 ἔξω
3415 4004 3638 4068 ,βάλλει
3668 4007 3782 4058 τὸν
3819 4009 4025 4074 φόϐον.

2455 4100 2568 4152 Οὐκ
2594 4096 2675 4150 ἔτι
2705 4095 2815 4166 γὰρ
2836 4095 2944 4148 ἀπὸ
2973 4093 3142 4164 φόϐου
3169 4093 3436 4160 ποιοῦσιν,
3458 4095 3574 4149 ἀλλ’
3598 4096 3663 4149 ἑκ
3683 4094 3784 4149 τοῦ
3809 4099 4028 4169 ἀγαπᾷν

2455 4186 2766 4258 φοϐοῦνται.

2523 4281 2596 4333 Γ’.
2632 4271 2801 4341 Οὗτός
2840 4280 2987 4332 ἐστιν
3026 4279 3056 4331 6
3085 4279 3292 4342 τέλειος
3335 4277 3520 4347 φόϐος,
3551 4278 3670 4332 ἀλλ’
3702 4281 3768 4333 οῦ
3801 4281 4027 4336 δυνατὸν

2451 4370 2544 4424 τὸν
2584 4369 2792 4423 τέλειον
2840 4367 3036 4430 ἐλθεῖν,
3080 4367 3158 4432 ὡς
3205 4369 3557 4440 προείπομεν,
3589 4371 3641 4422 εί
3686 4371 3912 4443 equm
3947 4390 4026 4436 τις

789 4451 1008 4508 Initium
1033 4455 1300 4523 sapientiae
1334 4456 1492 4510 timor
1513 4455 1728 4511 Domini
1749 4459 1793 4511 ί.
1821 4457 1883 4512 Et
1909 4474 2127 4514 rursum
2151 4477 2165 4514 :
2193 4459 2348 4514 Prin-

2453 4461 2668 4532 πρῶτον
2714 4460 2808 4513 τὸν
2853 4460 3214 4528 εἰσαγωγικδν
3239 4461 3424 4530 φόϐον.
3471 4461 3639 4528 Λέγει
3663 4463 3809 4534 γάρ’
3855 4465 4023 4534 Ἀρχὴ

787 4549 980 4615 cipiunt
1005 4558 1056 4600 et
1083 4548 1227 4616 ﬁnis,
1264 4549 1423 4600 timor
1458 4559 1534 4602 est
1573 4548 1786 4602 Domini
1811 4549 1859 4603 i.
1894 4549 2225 4620 Principium
2267 4551 2353 4606 di-

789 4637 865 4693 cit
890 4638 1235 4709 isagogicum,
1273 4648 1392 4707 post
1415 4653 1572 4708 quem
1602 4647 1686 4693 est
1716 4638 1986 4704 perlectus
2019 4641 2084 4704 is,
2107 4641 2201 4710 qui
2223 4655 2353 4696 san-

787 4733 893 4790 ctis
921 4734 1100 4790 datur.
1131 4735 1438 4804 lsagogicus
1465 4735 1632 4804 igitur
1660 4734 1824 4789 timor
1851 4736 2022 4790 nostri
2055 4745 2230 4790 status
2247 4744 2350 4790 est.

791 4825 889 4882 Hic
909 4828 1144 4882 animam
1167 4837 1406 4882 nostram
1426 4826 1650 4897 perinde
1677 4841 1741 4882 ac
1764 4836 1950 4902 saneta
1983 4836 2178 4882 natura
2203 4841 2354 4897 qua:-

2447 4551 2688 4620 σοφίας,
2734 4550 2918 4617 φόϐος
2953 4549 3201 4616 Κυρίου⁸
3253 4549 3349 4603 καὶ
3405 4549 3564 4603 πάλιν
3613 4550 3788 4618 λέγει’
3856 4554 4023 4621 Ἀρχὴ

2449 4642 2550 4697 καί
2585 4641 2761 4706 τέλος
2779 4638 2970 4702 ἐστιν,
2997 4643 3031 4692 d
3061 4641 3243 4709 φόϐος
3265 4639 3370 4694 τοῦ
3405 4640 3575 4698 Θεοῦ.
3613 4642 3821 4712 ’Δρχὴν
3885 4644 4022 4711 λέγει

2447 4733 2539 4788 τὸν
2564 4731 2924 4800 είσαγωγικὸν
2949 4730 3140 4799 φόϐον,
3171 4729 3291 4800 μεθ’
3311 4731 3372 4784 ὃν
3398 4732 3544 4784 ἐστιν
3571 4731 3602 4783 6
3622 4733 3834 4798 τέλειος
3865 4737 3896 4789 6
3923 4737 4019 4790 τῶν

2452 4823 2643 4892 ἁγίων.
2682 4823 2742 4876 '0
2780 4817 2874 4876 οὖν
2897 4823 3260 4890 εἰσαγωγικὺς
3291 4820 3474 4890 φόϐος,
3509 4823 3610 4893 τῆς
3637 4828 4018 4891 καταστάσεως

860 4936 1054 4995 llGen.
1101 4954 1236 5003 ιιιι,
1283 4937 1371 4994 12.
1451 4937 1644 4995 iPsal.
1689 4953 1778 5007 ex,
1811 4939 1900 4995 18.
1978 4937 1994 4990 i
2038 4938 2196 4995 Prov.
2229 4956 2267 5005 ι,
2295 4939 2348 5006 7;

2448 4979 2462 5004 ,
2488 4938 2587 5002 lo;
2616 4951 2752 5000 xx",
2791 4934 2846 4989 4.

2055 5051 2293 5108 VARIE
2336 5047 2743 5110 LECTIONES.

862 5167 1125 5259 “493100
1139 5167 1669 5259 digium—.8..Ant22ii
1687 5167 2001 5259 ocqurgigin
2029 5165 2662 5259 apopnthegmqfa‘trum
2679 5161 2837 5259 Iapud
2865 5162 3204 5259 ngleriqm
3227 5165 3372 5259 geel.
3399 5166 3792 5259 agnorum.-
3820 5172 4010 5258 tumul,

789 5255 912 5310 pag.
939 5237 1036 5292 551
1074 5255 1128 5292 n.
1163 5237 1252 5304 32,
1279 5238 1367 5292 ubi
1405 5238 1485 5292 sic
1517 5256 1530 5290 :
1567 5234 1732 5292 Εἶπεν
1768 5238 1797 5290 6
1819 5232 2322 5320 6665.4.'§védiv:o£
2345 5254 2361 5269 ·
2409 5235 2550 5318 Ἐγῲ
2574 5232 2757 5288 οὐκέτι
2795 5232 3063 5303 φοϐοῦμαι
3096 5236 3190 5317 τὸν
3237 5237 3391 5300 Θεὸν,
3428 5237 3545 5320 ἀλλ’
3591 5238 3804 5305 ἀγαπῶ
3844 5232 4008 5320 αὐτόν.

800 5311 866 5382 fil
897 5308 1222 5382 γὰρ-ἀγάπη
1267 5307 1373 5382 ἕξιν
1405 5307 1586 5382 βᾲλλει
1611 5308 1704 5382 τὸν
1745 5306 1930 5382 φόϐον.
1957 5305 2287 5362 Dumtabbas
2322 5310 2582 5362 Antonius
2605 5320 2624 5359 :
2658 5303 2771 5375 Ego
2825 5319 2927 5357 non
2966 5305 3198 5375 antpltus
3266 5305 3430 5360 Deum
3480 5316 3659 5372 timeo,
3713 5312 3811 5363 sed
3865 5311 4008 5382 diligo

792 5376 1246 5444 illum—Charitas
1265 5378 1405 5432 enim
1437 5377 1583 5433 foras
1621 5377 1786 5432 mittit
1809 5377 2078 5432 timorem.

863 5491 942 5561 (1)
975 5490 1145 5545 Caute
1174 5491 1287 5560 lege
1326 5511 1338 5544 :
1377 5505 1502 5544 nam
1559 5490 1736 5544 innuit
1769 5491 1918 5544 nullo
1947 5497 2136 5561 pacto
2163 5489 2352 5561 haberi

795 5559 957 5631 posse
976 5561 1222 5631 timorem
1235 5559 1240 5560 “
1253 5561 1487 5622 lilialem,
1509 5561 1637 5631 quin
1651 5559 1988 5631 pmcesserit
2004 5559 2243 5631 ser_vilis._
2259 5560 2356 5612 0r-

795 5629 1007 5687 dinarie
1033 5630 1252 5700 quidem
1286 5631 1356 5683 ita
1376 5631 1560 5700 evenit
1583 5629 1637 5682 in
1662 5629 2354 5700 peccatorisjustilicatione

799 5709 954 5752 extra
979 5697 1337 5764 sacramenta,
1381 5707 1442 5754 ut
1482 5697 1710 5754 habetur
1736 5716 1852 5767 cap.
1899 5700 1932 5751 ti
1985 5699 2156 5752 concil
2200 5697 2341 5751 'lrid.

803 5773 874 5822 At
904 5769 1166 5841 contingit
1208 5769 1472 5827 interdum
1529 5770 1702 5826 aliter.
1751 5785 1872 5826 cum
1902 5769 2022 5842 quis
2047 5783 2140 5837 per
2165 5783 2350 5824 sacra-

2459 5498 2636 5559 menta
2682 5488 3049 5559 justilicatur,
3087 5490 3222 5543 etin
3273 5489 3554 5544 subitariis
3594 5499 3652 5543 et
3678 5490 4003 5548 miraculosis

2454 5557 2964 5633 ,ᾗιιειίίίειιιὶοιιίιωε.Δ
3013 5557 3142 5614 Vide
3193 5560 3252 5614 S.
3293 5559 3490 5614 Thom.
3545 5570 3687 5628 part.
3727 5577 3789 5626 ιι,
3835 5574 4001 5633 quast.

2461 5629 2580 5692 H5,
2612 5642 2717 5683 art.
2757 5631 2787 5682 7
2816 5638 2872 5684 ει
2909 5629 2994 5682 10.

2493 5698 2606 5777 ’(2)
2657 5698 2825 5755 Caute
2877 5699 3009 5768 lege.
3062 5709 3108 5748 rt
3164 5697 3458 5772 regreditur
3511 5699 3576 5753 ad
3625 5711 3819 5756 notam
3864 5718 4003 5771 supe-

2458 5784 2678 5826 norem.
