  <div class='ocr_page' id='page_1' title='image "/cluster/home/n/w/nwhite01/storage/ocr_20150623/88/nnc1.0046980237/828.png"; bbox 0 0 4188 6438; ppageno 0'>
   <div class='ocr_carea' id='block_1_1' title="bbox 208 520 3416 598">
    <p class='ocr_par' dir='ltr' id='par_1_1' title="bbox 208 520 3416 598">
     <span class='ocr_line' id='line_1_1' title="bbox 208 520 3416 598; baseline 0.003 -12"><span class='ocrx_word' id='word_1_1' title='bbox 208 520 330 592; x_wconf 78' lang='lat'><strong>1661</strong></span> <span class='ocrx_word' id='word_1_2' title='bbox 1553 523 1935 584; x_wconf 76' lang='lat' dir='ltr'><strong>DOCTRINA</strong></span> <span class='ocrx_word' id='word_1_3' title='bbox 1976 527 2073 588; x_wconf 91' lang='lat' dir='ltr'><strong>IV.</strong></span> <span class='ocrx_word' id='word_1_4' title='bbox 3278 532 3416 598; x_wconf 73' lang='lat'><strong>1662</strong></span> 
     </span>
    </p>
   </div>
   <div class='ocr_carea' id='block_1_2' title="bbox 202 633 1783 716">
    <p class='ocr_par' dir='ltr' id='par_1_2' title="bbox 202 633 1783 714">
     <span class='ocr_line' id='line_1_2' title="bbox 202 633 1783 714; baseline -0.003 -19"><span class='ocrx_word' id='word_1_5' title='bbox 202 641 348 714; x_wconf 81' lang='grc' dir='ltr'>ἡμῶν</span> <span class='ocrx_word' id='word_1_6' title='bbox 376 641 539 693; x_wconf 76' lang='grc' dir='ltr'>ἐστιν’</span> <span class='ocrx_word' id='word_1_7' title='bbox 572 633 722 700; x_wconf 71' lang='grc' dir='ltr'>οὗτος</span> <span class='ocrx_word' id='word_1_8' title='bbox 755 637 1010 709; x_wconf 81' lang='grc' dir='ltr'><strong>φυλάττει</strong></span> <span class='ocrx_word' id='word_1_9' title='bbox 1034 639 1132 710; x_wconf 72' lang='grc' dir='ltr'>τὴν</span> <span class='ocrx_word' id='word_1_10' title='bbox 1154 638 1351 710; x_wconf 75' lang='grc' dir='ltr'>ψυχὴν,</span> <span class='ocrx_word' id='word_1_11' title='bbox 1376 636 1564 711; x_wconf 78' lang='grc' dir='ltr'>ὥσπερ</span> <span class='ocrx_word' id='word_1_12' title='bbox 1593 642 1627 711; x_wconf 81' lang='grc' dir='ltr'>ἡ</span> <span class='ocrx_word' id='word_1_13' title='bbox 1651 641 1748 708; x_wconf 63' lang='grc' dir='ltr'><strong>γάρ</strong></span> <span class='ocrx_word' id='word_1_14' title='bbox 1777 690 1783 702; x_wconf 34' lang='grc' dir='ltr'><em>Α</em></span> 
     </span>
    </p>
   </div>
   <div class='ocr_carea' id='block_1_3' title="bbox 1867 633 3418 716">
    <p class='ocr_par' dir='ltr' id='par_1_3' title="bbox 1867 640 3418 716">
     <span class='ocr_line' id='line_1_3' title="bbox 1867 640 3418 716; baseline -0.001 -16"><span class='ocrx_word' id='word_1_15' title='bbox 1867 646 1974 700; x_wconf 86' lang='lat' dir='ltr'><strong>lam</strong></span> <span class='ocrx_word' id='word_1_16' title='bbox 2007 661 2076 700; x_wconf 84' lang='lat' dir='ltr'><strong>an</strong></span> <span class='ocrx_word' id='word_1_17' title='bbox 2113 647 2262 701; x_wconf 88' lang='lat' dir='ltr'><strong>omni</strong></span> <span class='ocrx_word' id='word_1_18' title='bbox 2303 657 2564 716; x_wconf 78' lang='lat' dir='ltr'><strong>pravitate</strong></span> <span class='ocrx_word' id='word_1_19' title='bbox 2601 652 2781 700; x_wconf 92' lang='lat' dir='ltr'><strong>tuetur</strong></span> <span class='ocrx_word' id='word_1_20' title='bbox 2825 653 2878 699; x_wconf 93' lang='lat' dir='ltr'><strong>et</strong></span> <span class='ocrx_word' id='word_1_21' title='bbox 2921 640 3174 714; x_wconf 86' lang='lat' dir='ltr'><strong>protegit.</strong></span> <span class='ocrx_word' id='word_1_22' title='bbox 3211 643 3418 698; x_wconf 78' lang='lat' dir='ltr'><strong>Dicitur</strong></span> 
     </span>
    </p>
   </div>
   <div class='ocr_carea' id='block_1_4' title="bbox 201 729 1783 836">
    <p class='ocr_par' dir='ltr' id='par_1_4' title="bbox 201 729 1746 802">
     <span class='ocr_line' id='line_1_4' title="bbox 201 729 1746 802; baseline 0.001 -17"><span class='ocrx_word' id='word_1_23' title='bbox 201 749 350 794; x_wconf 89' lang='grc' dir='ltr'>νωσις</span> <span class='ocrx_word' id='word_1_24' title='bbox 383 731 430 763; x_wconf 86' lang='grc'>¹⁸</span> <span class='ocrx_word' id='word_1_25' title='bbox 468 729 577 784; x_wconf 78' lang='grc' dir='ltr'>ἀπὸ</span> <span class='ocrx_word' id='word_1_26' title='bbox 616 731 795 800; x_wconf 83' lang='grc' dir='ltr'><strong>πάσης</strong></span> <span class='ocrx_word' id='word_1_27' title='bbox 839 730 1054 792; x_wconf 81' lang='grc' dir='ltr'>κακίας.</span> <span class='ocrx_word' id='word_1_28' title='bbox 1097 729 1255 798; x_wconf 77' lang='grc' dir='ltr'>Λέγει</span> <span class='ocrx_word' id='word_1_29' title='bbox 1299 730 1427 802; x_wconf 83' lang='grc' dir='ltr'>γὰρ,</span> <span class='ocrx_word' id='word_1_30' title='bbox 1463 731 1546 797; x_wconf 84' lang='grc' dir='ltr'><strong>Τῷ</strong></span> <span class='ocrx_word' id='word_1_31' title='bbox 1587 733 1746 800; x_wconf 67' lang='grc' dir='ltr'>φόϐῳ</span> 
     </span>
    </p>
   </div>
   <div class='ocr_carea' id='block_1_5' title="bbox 1867 729 3415 836">
    <p class='ocr_par' dir='ltr' id='par_1_5' title="bbox 1867 734 3415 794">
     <span class='ocr_line' id='line_1_5' title="bbox 1867 734 3415 794; baseline -0.003 -1"><span class='ocrx_word' id='word_1_32' title='bbox 1867 739 2030 794; x_wconf 76' lang='lat' dir='ltr'><strong>:nim:</strong></span> <span class='ocrx_word' id='word_1_33' title='bbox 2070 737 2278 793; x_wconf 80' lang='lat' dir='ltr'><strong>Timore</strong></span> <span class='ocrx_word' id='word_1_34' title='bbox 2316 737 2526 792; x_wconf 80' lang='lat' dir='ltr'><strong><em>Domini</em></strong></span> <span class='ocrx_word' id='word_1_35' title='bbox 2567 736 2794 792; x_wconf 77' lang='lat' dir='ltr'><strong>declinat</strong></span> <span class='ocrx_word' id='word_1_36' title='bbox 2837 735 3002 788; x_wconf 81' lang='lat' dir='ltr'><strong>omnis</strong></span> <span class='ocrx_word' id='word_1_37' title='bbox 3041 751 3072 787; x_wconf 92' lang='lat' dir='ltr'><strong>a</strong></span> <span class='ocrx_word' id='word_1_38' title='bbox 3113 734 3253 787; x_wconf 87' lang='lat' dir='ltr'><strong>malo</strong></span> <span class='ocrx_word' id='word_1_39' title='bbox 3279 734 3327 788; x_wconf 74' lang='grc' dir='ltr'>ιι.</span> <span class='ocrx_word' id='word_1_40' title='bbox 3360 734 3415 788; x_wconf 88' lang='lat' dir='ltr'><strong>Si</strong></span> 
     </span>
    </p>
   </div>
   <div class='ocr_carea' id='block_1_6' title="bbox 201 819 1783 924">
    <p class='ocr_par' dir='ltr' id='par_1_6' title="bbox 201 819 1747 894">
     <span class='ocr_line' id='line_1_6' title="bbox 201 819 1747 894; baseline -0.002 -16"><span class='ocrx_word' id='word_1_41' title='bbox 201 822 415 891; x_wconf 83' lang='grc' dir='ltr'><strong>Κυρίου</strong></span> <span class='ocrx_word' id='word_1_42' title='bbox 435 820 694 875; x_wconf 77' lang='grc' dir='ltr'><strong>ἐκκλίνει</strong></span> <span class='ocrx_word' id='word_1_43' title='bbox 717 820 835 888; x_wconf 82' lang='grc' dir='ltr'>πᾶς</span> <span class='ocrx_word' id='word_1_44' title='bbox 855 821 970 876; x_wconf 80' lang='grc' dir='ltr'>ἀπὸ</span> <span class='ocrx_word' id='word_1_45' title='bbox 1005 821 1216 877; x_wconf 82' lang='grc' dir='ltr'>κακοῦ.</span> <span class='ocrx_word' id='word_1_46' title='bbox 1255 823 1380 876; x_wconf 83' lang='grc' dir='ltr'>Ἐὰν</span> <span class='ocrx_word' id='word_1_47' title='bbox 1407 819 1500 878; x_wconf 84' lang='grc' dir='ltr'><strong>οῦν</strong></span> <span class='ocrx_word' id='word_1_48' title='bbox 1529 822 1747 894; x_wconf 81' lang='grc' dir='ltr'>έκκλίνῃ</span> 
     </span>
    </p>
   </div>
   <div class='ocr_carea' id='block_1_7' title="bbox 1867 819 3419 924">
    <p class='ocr_par' dir='ltr' id='par_1_7' title="bbox 1867 828 3419 902">
     <span class='ocr_line' id='line_1_7' title="bbox 1867 828 3419 902; baseline -0.005 -17"><span class='ocrx_word' id='word_1_49' title='bbox 1867 831 1971 902; x_wconf 71' lang='lat' dir='ltr'><strong>luis</strong></span> <span class='ocrx_word' id='word_1_50' title='bbox 1998 831 2163 901; x_wconf 81' lang='lat' dir='ltr'><strong>igitur</strong></span> <span class='ocrx_word' id='word_1_51' title='bbox 2183 847 2213 885; x_wconf 91' lang='lat' dir='ltr'><strong>a</strong></span> <span class='ocrx_word' id='word_1_52' title='bbox 2237 831 2380 885; x_wconf 91' lang='lat' dir='ltr'><strong>malo</strong></span> <span class='ocrx_word' id='word_1_53' title='bbox 2408 830 2648 884; x_wconf 83' lang='lat' dir='ltr'><strong>declinat</strong></span> <span class='ocrx_word' id='word_1_54' title='bbox 2669 828 2740 883; x_wconf 94' lang='lat' dir='ltr'><strong>ob</strong></span> <span class='ocrx_word' id='word_1_55' title='bbox 2771 835 2974 882; x_wconf 91' lang='lat' dir='ltr'><strong>metum</strong></span> <span class='ocrx_word' id='word_1_56' title='bbox 3005 841 3196 896; x_wconf 65' lang='lat' dir='ltr'><strong>postne,</strong></span> <span class='ocrx_word' id='word_1_57' title='bbox 3227 832 3288 880; x_wconf 82' lang='lat' dir='ltr'><strong>ut</strong></span> <span class='ocrx_word' id='word_1_58' title='bbox 3307 840 3419 879; x_wconf 85' lang='lat' dir='ltr'><strong>ser-</strong></span> 
     </span>
    </p>
   </div>
   <div class='ocr_carea' id='block_1_8' title="bbox 203 913 1783 1020">
    <p class='ocr_par' dir='ltr' id='par_1_8' title="bbox 203 913 1750 986">
     <span class='ocr_line' id='line_1_8' title="bbox 203 913 1750 986; baseline 0.001 -18"><span class='ocrx_word' id='word_1_59' title='bbox 203 916 304 978; x_wconf 79' lang='grc' dir='ltr'>πᾶς</span> <span class='ocrx_word' id='word_1_60' title='bbox 329 915 435 968; x_wconf 81' lang='grc' dir='ltr'>ἀπὸ</span> <span class='ocrx_word' id='word_1_61' title='bbox 479 913 648 967; x_wconf 83' lang='grc' dir='ltr'>κακοῦ</span> <span class='ocrx_word' id='word_1_62' title='bbox 694 913 782 967; x_wconf 79' lang='grc' dir='ltr'>δ’ιά</span> <span class='ocrx_word' id='word_1_63' title='bbox 821 915 913 966; x_wconf 82' lang='grc' dir='ltr'>τὸν</span> <span class='ocrx_word' id='word_1_64' title='bbox 942 914 1106 983; x_wconf 90' lang='grc' dir='ltr'>φόϐον</span> <span class='ocrx_word' id='word_1_65' title='bbox 1151 915 1251 986; x_wconf 85' lang='grc' dir='ltr'><strong>τῆς</strong></span> <span class='ocrx_word' id='word_1_66' title='bbox 1286 915 1579 981; x_wconf 83' lang='grc' dir='ltr'><strong>κολάσεως,</strong></span> <span class='ocrx_word' id='word_1_67' title='bbox 1613 915 1688 979; x_wconf 83' lang='grc' dir='ltr'><strong>ὡς</strong></span> <span class='ocrx_word' id='word_1_68' title='bbox 1720 918 1750 969; x_wconf 84' lang='grc' dir='ltr'>ὁ</span> 
     </span>
    </p>
   </div>
   <div class='ocr_carea' id='block_1_9' title="bbox 1867 913 3418 1020">
    <p class='ocr_par' dir='ltr' id='par_1_9' title="bbox 1867 919 3418 994">
     <span class='ocr_line' id='line_1_9' title="bbox 1867 919 3418 994; baseline -0.008 -14"><span class='ocrx_word' id='word_1_69' title='bbox 1867 941 1950 980; x_wconf 84' lang='lat' dir='ltr'><strong>ms</strong></span> <span class='ocrx_word' id='word_1_70' title='bbox 1979 933 2080 988; x_wconf 87' lang='lat' dir='ltr'><strong>est,</strong></span> <span class='ocrx_word' id='word_1_71' title='bbox 2113 924 2207 994; x_wconf 85' lang='lat' dir='ltr'><strong>qui</strong></span> <span class='ocrx_word' id='word_1_72' title='bbox 2235 923 2512 980; x_wconf 88' lang='lat' dir='ltr'><strong>dominum</strong></span> <span class='ocrx_word' id='word_1_73' title='bbox 2556 931 2790 977; x_wconf 86' lang='lat' dir='ltr'><strong>veretur.</strong></span> <span class='ocrx_word' id='word_1_74' title='bbox 2834 919 3045 974; x_wconf 88' lang='lat' dir='ltr'><strong>Sensim</strong></span> <span class='ocrx_word' id='word_1_75' title='bbox 3077 929 3255 974; x_wconf 85' lang='lat' dir='ltr'><strong>autem</strong></span> <span class='ocrx_word' id='word_1_76' title='bbox 3294 933 3418 972; x_wconf 88' lang='lat' dir='ltr'><strong>cum</strong></span> 
     </span>
    </p>
   </div>
   <div class='ocr_carea' id='block_1_10' title="bbox 198 1007 1783 1084">
    <p class='ocr_par' dir='ltr' id='par_1_10' title="bbox 198 1007 1751 1079">
     <span class='ocr_line' id='line_1_10' title="bbox 198 1007 1751 1079; baseline 0 -18"><span class='ocrx_word' id='word_1_77' title='bbox 198 1007 374 1072; x_wconf 87' lang='grc' dir='ltr'>δοῦλος</span> <span class='ocrx_word' id='word_1_78' title='bbox 397 1007 426 1059; x_wconf 83' lang='grc' dir='ltr'><strong>ὁ</strong></span> <span class='ocrx_word' id='word_1_79' title='bbox 451 1007 784 1077; x_wconf 84' lang='grc' dir='ltr'>φοϐούμενος</span> <span class='ocrx_word' id='word_1_80' title='bbox 810 1007 902 1060; x_wconf 84' lang='grc' dir='ltr'>τὸν</span> <span class='ocrx_word' id='word_1_81' title='bbox 919 1007 1206 1078; x_wconf 82' lang='grc' dir='ltr'><strong>δεσπότην,</strong></span> <span class='ocrx_word' id='word_1_82' title='bbox 1235 1007 1451 1078; x_wconf 73' lang='grc' dir='ltr'>ἔρχεται</span> <span class='ocrx_word' id='word_1_83' title='bbox 1486 1007 1626 1062; x_wconf 84' lang='grc' dir='ltr'>κατὰ</span> <span class='ocrx_word' id='word_1_84' title='bbox 1655 1008 1751 1079; x_wconf 85' lang='grc' dir='ltr'>μέ-</span> 
     </span>
    </p>
   </div>
   <div class='ocr_carea' id='block_1_11' title="bbox 1867 1007 3419 1084">
    <p class='ocr_par' dir='ltr' id='par_1_11' title="bbox 1867 1009 3419 1084">
     <span class='ocr_line' id='line_1_11' title="bbox 1867 1009 3419 1084; baseline -0.006 -14"><span class='ocrx_word' id='word_1_85' title='bbox 1867 1015 2083 1071; x_wconf 86' lang='lat' dir='ltr'><strong>leclinat</strong></span> <span class='ocrx_word' id='word_1_86' title='bbox 2113 1030 2141 1069; x_wconf 87' lang='lat' dir='ltr'><strong>a</strong></span> <span class='ocrx_word' id='word_1_87' title='bbox 2177 1015 2340 1080; x_wconf 89' lang='lat' dir='ltr'><strong>malo,</strong></span> <span class='ocrx_word' id='word_1_88' title='bbox 2367 1029 2432 1069; x_wconf 89' lang='lat' dir='ltr'><strong>eo</strong></span> <span class='ocrx_word' id='word_1_89' title='bbox 2461 1013 2702 1084; x_wconf 83' lang='lat' dir='ltr'><strong>pervenit</strong></span> <span class='ocrx_word' id='word_1_90' title='bbox 2728 1021 2784 1067; x_wconf 95' lang='lat' dir='ltr'><strong>ut</strong></span> <span class='ocrx_word' id='word_1_91' title='bbox 2813 1012 3015 1066; x_wconf 88' lang='lat' dir='ltr'><strong>bonum</strong></span> <span class='ocrx_word' id='word_1_92' title='bbox 3039 1019 3181 1080; x_wconf 83' lang='lat' dir='ltr'><strong>agat.</strong></span> <span class='ocrx_word' id='word_1_93' title='bbox 3205 1010 3264 1063; x_wconf 76' lang='lat' dir='ltr'><strong>Et</strong></span> <span class='ocrx_word' id='word_1_94' title='bbox 3295 1009 3419 1062; x_wconf 81' lang='lat' dir='ltr'><strong>dum</strong></span> 
     </span>
    </p>
   </div>
   <div class='ocr_carea' id='block_1_12' title="bbox 202 1098 1783 1172">
    <p class='ocr_par' dir='ltr' id='par_1_12' title="bbox 202 1098 1750 1171">
     <span class='ocr_line' id='line_1_12' title="bbox 202 1098 1750 1171; baseline 0.003 -21"><span class='ocrx_word' id='word_1_95' title='bbox 202 1115 289 1169; x_wconf 86' lang='grc' dir='ltr'>ρος</span> <span class='ocrx_word' id='word_1_96' title='bbox 317 1098 411 1151; x_wconf 77' lang='grc' dir='ltr'>καὶ</span> <span class='ocrx_word' id='word_1_97' title='bbox 442 1099 520 1160; x_wconf 87' lang='grc' dir='ltr'><strong>είς</strong></span> <span class='ocrx_word' id='word_1_98' title='bbox 553 1098 615 1151; x_wconf 85' lang='grc' dir='ltr'>τὸ</span> <span class='ocrx_word' id='word_1_99' title='bbox 656 1098 880 1168; x_wconf 84' lang='grc' dir='ltr'>ποιῆσαι</span> <span class='ocrx_word' id='word_1_100' title='bbox 911 1099 971 1152; x_wconf 91' lang='lat' dir='ltr'><strong>rb</strong></span> <span class='ocrx_word' id='word_1_101' title='bbox 1001 1098 1226 1168; x_wconf 85' lang='grc' dir='ltr'>ἀγαθὸν,</span> <span class='ocrx_word' id='word_1_102' title='bbox 1257 1101 1351 1153; x_wconf 76' lang='grc' dir='ltr'>καὶ</span> <span class='ocrx_word' id='word_1_103' title='bbox 1381 1101 1522 1154; x_wconf 82' lang='grc' dir='ltr'>κατὰ</span> <span class='ocrx_word' id='word_1_104' title='bbox 1557 1100 1750 1171; x_wconf 82' lang='grc' dir='ltr'>μικρὸν</span> 
     </span>
    </p>
   </div>
   <div class='ocr_carea' id='block_1_13' title="bbox 1867 1098 3423 1172">
    <p class='ocr_par' dir='ltr' id='par_1_13' title="bbox 1867 1099 3423 1172">
     <span class='ocr_line' id='line_1_13' title="bbox 1867 1099 3423 1172; baseline -0.006 -12"><span class='ocrx_word' id='word_1_105' title='bbox 1867 1106 2262 1160; x_wconf 69' lang='lat' dir='ltr'><strong>retributionem</strong></span> <span class='ocrx_word' id='word_1_106' title='bbox 2305 1105 2470 1158; x_wconf 86' lang='lat' dir='ltr'><strong>ullam</strong></span> <span class='ocrx_word' id='word_1_107' title='bbox 2517 1104 2674 1158; x_wconf 65' lang='lat' dir='ltr'><strong>bona:</strong></span> <span class='ocrx_word' id='word_1_108' title='bbox 2711 1099 3040 1172; x_wconf 81' lang='lat' dir='ltr'><strong>operationis</strong></span> <span class='ocrx_word' id='word_1_109' title='bbox 3075 1114 3292 1169; x_wconf 88' lang='lat' dir='ltr'><strong>sperare</strong></span> <span class='ocrx_word' id='word_1_110' title='bbox 3337 1100 3423 1152; x_wconf 92' lang='lat' dir='ltr'><strong>in-</strong></span> 
     </span>
    </p>
   </div>
   <div class='ocr_carea' id='block_1_14' title="bbox 202 1190 1783 1267">
    <p class='ocr_par' dir='ltr' id='par_1_14' title="bbox 202 1191 1753 1263">
     <span class='ocr_line' id='line_1_14' title="bbox 202 1191 1753 1263; baseline 0.002 -21"><span class='ocrx_word' id='word_1_111' title='bbox 202 1191 419 1261; x_wconf 78' lang='grc' dir='ltr'>ἄρχεται</span> <span class='ocrx_word' id='word_1_112' title='bbox 448 1191 543 1243; x_wconf 76' lang='grc' dir='ltr'><strong>καὶ</strong></span> <span class='ocrx_word' id='word_1_113' title='bbox 570 1191 922 1244; x_wconf 82' lang='grc' dir='ltr'>ἀνταπόδοσίν</span> <span class='ocrx_word' id='word_1_114' title='bbox 947 1208 1067 1244; x_wconf 86' lang='grc' dir='ltr'>τινα</span> <span class='ocrx_word' id='word_1_115' title='bbox 1091 1191 1190 1260; x_wconf 83' lang='grc' dir='ltr'>τῆς</span> <span class='ocrx_word' id='word_1_116' title='bbox 1214 1191 1475 1263; x_wconf 77' lang='grc' dir='ltr'><strong>ἐργασίας</strong></span> <span class='ocrx_word' id='word_1_117' title='bbox 1499 1192 1593 1245; x_wconf 89' lang='grc' dir='ltr'><strong>τοῦ</strong></span> <span class='ocrx_word' id='word_1_118' title='bbox 1620 1193 1753 1260; x_wconf 86' lang='grc' dir='ltr'>ἀγα-</span> 
     </span>
    </p>
   </div>
   <div class='ocr_carea' id='block_1_15' title="bbox 1867 1190 3427 1267">
    <p class='ocr_par' dir='ltr' id='par_1_15' title="bbox 1867 1190 3427 1267">
     <span class='ocr_line' id='line_1_15' title="bbox 1867 1190 3427 1267; baseline -0.007 -14"><span class='ocrx_word' id='word_1_119' title='bbox 1867 1198 2021 1267; x_wconf 85' lang='lat' dir='ltr'><strong>:ipit,</strong></span> <span class='ocrx_word' id='word_1_120' title='bbox 2053 1197 2422 1252; x_wconf 89' lang='lat' dir='ltr'><strong>mercenarius</strong></span> <span class='ocrx_word' id='word_1_121' title='bbox 2456 1194 2536 1250; x_wconf 83' lang='lat' dir='ltr'><strong>ﬁt.</strong></span> <span class='ocrx_word' id='word_1_122' title='bbox 2586 1192 2691 1260; x_wconf 85' lang='lat' dir='ltr'><strong>Qui</strong></span> <span class='ocrx_word' id='word_1_123' title='bbox 2738 1193 2904 1262; x_wconf 76' lang='lat' dir='ltr'><strong>igitur</strong></span> <span class='ocrx_word' id='word_1_124' title='bbox 2947 1192 3092 1246; x_wconf 88' lang='lat' dir='ltr'><strong>bono</strong></span> <span class='ocrx_word' id='word_1_125' title='bbox 3126 1190 3329 1251; x_wconf 80' lang='lat' dir='ltr'><strong>instat,</strong></span> <span class='ocrx_word' id='word_1_126' title='bbox 3372 1199 3427 1243; x_wconf 86' lang='lat' dir='ltr'><strong>et</strong></span> 
     </span>
    </p>
   </div>
   <div class='ocr_carea' id='block_1_16' title="bbox 203 1280 1783 1358">
    <p class='ocr_par' dir='ltr' id='par_1_16' title="bbox 203 1280 1756 1356">
     <span class='ocr_line' id='line_1_16' title="bbox 203 1280 1756 1356; baseline 0.003 -22"><span class='ocrx_word' id='word_1_127' title='bbox 203 1282 293 1335; x_wconf 88' lang='grc' dir='ltr'><strong>θοῦ</strong></span> <span class='ocrx_word' id='word_1_128' title='bbox 313 1280 567 1345; x_wconf 73' lang='grc' dir='ltr'>ἐλπίζειν,</span> <span class='ocrx_word' id='word_1_129' title='bbox 593 1281 842 1352; x_wconf 84' lang='grc' dir='ltr'>καθάπερ</span> <span class='ocrx_word' id='word_1_130' title='bbox 865 1284 892 1336; x_wconf 89' lang='grc' dir='ltr'>ὁ</span> <span class='ocrx_word' id='word_1_131' title='bbox 929 1283 1215 1354; x_wconf 86' lang='grc' dir='ltr'>μισθωτός.</span> <span class='ocrx_word' id='word_1_132' title='bbox 1249 1285 1418 1338; x_wconf 83' lang='grc' dir='ltr'><strong>Ὅταν</strong></span> <span class='ocrx_word' id='word_1_133' title='bbox 1441 1280 1534 1339; x_wconf 83' lang='grc' dir='ltr'><strong>οῦν</strong></span> <span class='ocrx_word' id='word_1_134' title='bbox 1558 1285 1756 1356; x_wconf 80' lang='grc' dir='ltr'>ἐμμεί-</span> 
     </span>
    </p>
   </div>
   <div class='ocr_carea' id='block_1_17' title="bbox 1867 1280 3428 1358">
    <p class='ocr_par' dir='ltr' id='par_1_17' title="bbox 1867 1281 3428 1358">
     <span class='ocr_line' id='line_1_17' title="bbox 1867 1281 3428 1358; baseline -0.007 -15"><span class='ocrx_word' id='word_1_135' title='bbox 1867 1289 2058 1343; x_wconf 85' lang='lat' dir='ltr'><strong>malum</strong></span> <span class='ocrx_word' id='word_1_136' title='bbox 2092 1286 2227 1358; x_wconf 80' lang='lat' dir='ltr'><strong>fugit</strong></span> <span class='ocrx_word' id='word_1_137' title='bbox 2253 1288 2322 1342; x_wconf 91' lang='lat' dir='ltr'><strong>ob</strong></span> <span class='ocrx_word' id='word_1_138' title='bbox 2353 1294 2578 1347; x_wconf 87' lang='lat' dir='ltr'><strong>metum,</strong></span> <span class='ocrx_word' id='word_1_139' title='bbox 2615 1287 2701 1340; x_wconf 92' lang='lat' dir='ltr'><strong>hic</strong></span> <span class='ocrx_word' id='word_1_140' title='bbox 2727 1299 2917 1339; x_wconf 83' lang='lat' dir='ltr'><strong>servus</strong></span> <span class='ocrx_word' id='word_1_141' title='bbox 2951 1291 3072 1337; x_wconf 88' lang='lat' dir='ltr'><strong>est:</strong></span> <span class='ocrx_word' id='word_1_142' title='bbox 3104 1291 3160 1336; x_wconf 88' lang='lat' dir='ltr'><strong>et</strong></span> <span class='ocrx_word' id='word_1_143' title='bbox 3184 1281 3275 1352; x_wconf 86' lang='lat' dir='ltr'><strong>qui</strong></span> <span class='ocrx_word' id='word_1_144' title='bbox 3311 1297 3428 1334; x_wconf 90' lang='lat' dir='ltr'><strong>rur-</strong></span> 
     </span>
    </p>
   </div>
   <div class='ocr_carea' id='block_1_18' title="bbox 203 1369 1783 1448">
    <p class='ocr_par' dir='ltr' id='par_1_18' title="bbox 203 1373 1754 1446">
     <span class='ocr_line' id='line_1_18' title="bbox 203 1373 1754 1446; baseline 0.001 -18"><span class='ocrx_word' id='word_1_145' title='bbox 203 1389 268 1444; x_wconf 83' lang='grc' dir='ltr'>νῃ</span> <span class='ocrx_word' id='word_1_146' title='bbox 295 1373 506 1442; x_wconf 80' lang='grc' dir='ltr'>φεύγων</span> <span class='ocrx_word' id='word_1_147' title='bbox 532 1374 594 1427; x_wconf 84' lang='grc' dir='ltr'>τὸ</span> <span class='ocrx_word' id='word_1_148' title='bbox 620 1375 805 1440; x_wconf 82' lang='grc' dir='ltr'>κακὸν,</span> <span class='ocrx_word' id='word_1_149' title='bbox 835 1375 911 1438; x_wconf 84' lang='grc' dir='ltr'><strong>ὡς</strong></span> <span class='ocrx_word' id='word_1_150' title='bbox 945 1374 1192 1446; x_wconf 71' lang='grc' dir='ltr'>εἴπομεν,</span> <span class='ocrx_word' id='word_1_151' title='bbox 1224 1376 1312 1431; x_wconf 76' lang='grc' dir='ltr'><strong>διὰ</strong></span> <span class='ocrx_word' id='word_1_152' title='bbox 1337 1377 1430 1431; x_wconf 89' lang='grc' dir='ltr'>τὸν</span> <span class='ocrx_word' id='word_1_153' title='bbox 1454 1377 1616 1446; x_wconf 91' lang='grc' dir='ltr'>φόϐον</span> <span class='ocrx_word' id='word_1_154' title='bbox 1645 1377 1754 1431; x_wconf 78' lang='grc' dir='ltr'><strong>ὦσο</strong></span> 
     </span>
    </p>
   </div>
   <div class='ocr_carea' id='block_1_19' title="bbox 1867 1369 3429 1448">
    <p class='ocr_par' dir='ltr' id='par_1_19' title="bbox 1867 1369 3429 1448">
     <span class='ocr_line' id='line_1_19' title="bbox 1867 1369 3429 1448; baseline -0.01 -13"><span class='ocrx_word' id='word_1_155' title='bbox 1867 1395 1978 1435; x_wconf 81' lang='lat' dir='ltr'><strong>sum</strong></span> <span class='ocrx_word' id='word_1_156' title='bbox 2009 1378 2080 1433; x_wconf 91' lang='lat' dir='ltr'><strong>ob</strong></span> <span class='ocrx_word' id='word_1_157' title='bbox 2110 1393 2259 1448; x_wconf 90' lang='lat' dir='ltr'><strong>spem</strong></span> <span class='ocrx_word' id='word_1_158' title='bbox 2290 1376 2518 1446; x_wconf 68' lang='lat' dir='ltr'><strong>prtemii,</strong></span> <span class='ocrx_word' id='word_1_159' title='bbox 2551 1375 2638 1429; x_wconf 88' lang='lat' dir='ltr'><strong>hic</strong></span> <span class='ocrx_word' id='word_1_160' title='bbox 2669 1373 3062 1429; x_wconf 85' lang='lat' dir='ltr'><strong>mercenarius.</strong></span> <span class='ocrx_word' id='word_1_161' title='bbox 3093 1372 3195 1438; x_wconf 87' lang='lat' dir='ltr'><strong>Qui</strong></span> <span class='ocrx_word' id='word_1_162' title='bbox 3222 1369 3429 1424; x_wconf 88' lang='lat' dir='ltr'><strong>diutius</strong></span> 
     </span>
    </p>
   </div>
   <div class='ocr_carea' id='block_1_20' title="bbox 203 1460 1783 1540">
    <p class='ocr_par' dir='ltr' id='par_1_20' title="bbox 203 1465 1756 1540">
     <span class='ocr_line' id='line_1_20' title="bbox 203 1465 1756 1540; baseline 0.003 -23"><span class='ocrx_word' id='word_1_163' title='bbox 203 1483 306 1536; x_wconf 83' lang='grc' dir='ltr'><strong>περ</strong></span> <span class='ocrx_word' id='word_1_164' title='bbox 334 1466 425 1519; x_wconf 71' lang='grc' dir='ltr'>καὶ</span> <span class='ocrx_word' id='word_1_165' title='bbox 455 1465 655 1531; x_wconf 83' lang='grc' dir='ltr'>δοῦλος,</span> <span class='ocrx_word' id='word_1_166' title='bbox 682 1467 776 1520; x_wconf 73' lang='grc' dir='ltr'><strong>καὶ</strong></span> <span class='ocrx_word' id='word_1_167' title='bbox 805 1467 966 1519; x_wconf 82' lang='grc' dir='ltr'>πάλιν</span> <span class='ocrx_word' id='word_1_168' title='bbox 997 1466 1165 1521; x_wconf 84' lang='grc' dir='ltr'>ποιῶν</span> <span class='ocrx_word' id='word_1_169' title='bbox 1205 1469 1268 1521; x_wconf 87' lang='grc' dir='ltr'>τὸ</span> <span class='ocrx_word' id='word_1_170' title='bbox 1307 1467 1510 1535; x_wconf 84' lang='grc' dir='ltr'>ἀγαθὸν</span> <span class='ocrx_word' id='word_1_171' title='bbox 1541 1469 1628 1524; x_wconf 74' lang='grc' dir='ltr'><strong>διὰ</strong></span> <span class='ocrx_word' id='word_1_172' title='bbox 1657 1468 1756 1540; x_wconf 80' lang='grc' dir='ltr'>τὴν</span> 
     </span>
    </p>
   </div>
   <div class='ocr_carea' id='block_1_21' title="bbox 1867 1460 3428 1540">
    <p class='ocr_par' dir='ltr' id='par_1_21' title="bbox 1867 1460 3428 1531">
     <span class='ocr_line' id='line_1_21' title="bbox 1867 1460 3428 1531; baseline -0.009 -6"><span class='ocrx_word' id='word_1_173' title='bbox 1867 1472 1913 1525; x_wconf 88' lang='lat' dir='ltr'><strong>in</strong></span> <span class='ocrx_word' id='word_1_174' title='bbox 1942 1471 2086 1526; x_wconf 84' lang='lat' dir='ltr'><strong>bono</strong></span> <span class='ocrx_word' id='word_1_175' title='bbox 2113 1477 2482 1525; x_wconf 84' lang='lat' dir='ltr'><strong>commoratur</strong></span> <span class='ocrx_word' id='word_1_176' title='bbox 2507 1506 2523 1531; x_wconf 95' lang='lat'><strong>,</strong></span> <span class='ocrx_word' id='word_1_177' title='bbox 2561 1480 2686 1521; x_wconf 87' lang='lat' dir='ltr'><strong>cum</strong></span> <span class='ocrx_word' id='word_1_178' title='bbox 2732 1463 2843 1519; x_wconf 91' lang='lat' dir='ltr'><strong>Deo</strong></span> <span class='ocrx_word' id='word_1_179' title='bbox 2891 1471 2973 1518; x_wconf 91' lang='lat' dir='ltr'><strong>est</strong></span> <span class='ocrx_word' id='word_1_180' title='bbox 2997 1505 3011 1527; x_wconf 92' lang='lat'><strong>,</strong></span> <span class='ocrx_word' id='word_1_181' title='bbox 3047 1472 3101 1517; x_wconf 89' lang='lat' dir='ltr'><strong>et</strong></span> <span class='ocrx_word' id='word_1_182' title='bbox 3128 1460 3428 1516; x_wconf 88' lang='lat' dir='ltr'><strong>secundum</strong></span> 
     </span>
    </p>
   </div>
   <div class='ocr_carea' id='block_1_22' title="bbox 203 1553 1783 1632">
    <p class='ocr_par' dir='ltr' id='par_1_22' title="bbox 203 1557 1758 1632">
     <span class='ocr_line' id='line_1_22' title="bbox 203 1557 1758 1632; baseline 0.003 -22"><span class='ocrx_word' id='word_1_183' title='bbox 203 1557 408 1622; x_wconf 82' lang='grc' dir='ltr'><strong>ἐλπίδα,</strong></span> <span class='ocrx_word' id='word_1_184' title='bbox 435 1557 623 1627; x_wconf 83' lang='grc' dir='ltr'>ὥσπερ</span> <span class='ocrx_word' id='word_1_185' title='bbox 647 1559 674 1611; x_wconf 84' lang='grc' dir='ltr'>ὁ</span> <span class='ocrx_word' id='word_1_186' title='bbox 705 1557 992 1626; x_wconf 83' lang='grc' dir='ltr'>μισθωτὸς,</span> <span class='ocrx_word' id='word_1_187' title='bbox 1021 1558 1310 1630; x_wconf 80' lang='grc' dir='ltr'>χερονίζων</span> <span class='ocrx_word' id='word_1_188' title='bbox 1346 1560 1390 1592; x_wconf 65' lang='grc' dir='ltr'>ίδ</span> <span class='ocrx_word' id='word_1_189' title='bbox 1415 1560 1512 1614; x_wconf 78' lang='grc' dir='ltr'><strong>σὺν</strong></span> <span class='ocrx_word' id='word_1_190' title='bbox 1533 1559 1651 1632; x_wconf 79' lang='grc' dir='ltr'><strong>Θεῷ</strong></span> <span class='ocrx_word' id='word_1_191' title='bbox 1677 1561 1758 1625; x_wconf 77' lang='grc' dir='ltr'><strong>εἰς</strong></span> 
     </span>
    </p>
   </div>
   <div class='ocr_carea' id='block_1_23' title="bbox 1867 1553 3432 1632">
    <p class='ocr_par' dir='ltr' id='par_1_23' title="bbox 1867 1553 3432 1632">
     <span class='ocr_line' id='line_1_23' title="bbox 1867 1553 3432 1632; baseline -0.008 -15"><span class='ocrx_word' id='word_1_192' title='bbox 1867 1562 2159 1632; x_wconf 71' lang='lat' dir='ltr'><strong>analogiam</strong></span> <span class='ocrx_word' id='word_1_193' title='bbox 2184 1559 2293 1614; x_wconf 89' lang='lat' dir='ltr'><strong>Deo</strong></span> <span class='ocrx_word' id='word_1_194' title='bbox 2313 1561 2570 1615; x_wconf 70' lang='lat' dir='ltr'><strong>adhaeret.</strong></span> <span class='ocrx_word' id='word_1_195' title='bbox 2600 1556 2856 1627; x_wconf 82' lang='lat' dir='ltr'><strong>Degustat</strong></span> <span class='ocrx_word' id='word_1_196' title='bbox 2879 1555 3038 1626; x_wconf 81' lang='lat'><strong>392</strong></span> <span class='ocrx_word' id='word_1_197' title='bbox 3064 1553 3206 1608; x_wconf 92' lang='lat' dir='ltr'><strong>enim</strong></span> <span class='ocrx_word' id='word_1_198' title='bbox 3236 1562 3288 1605; x_wconf 90' lang='lat' dir='ltr'><strong>et</strong></span> <span class='ocrx_word' id='word_1_199' title='bbox 3307 1567 3432 1621; x_wconf 86' lang='lat' dir='ltr'><strong>per-</strong></span> 
     </span>
    </p>
   </div>
   <div class='ocr_carea' id='block_1_24' title="bbox 202 1649 1760 1722">
    <p class='ocr_par' dir='ltr' id='par_1_24' title="bbox 202 1649 1760 1722">
     <span class='ocr_line' id='line_1_24' title="bbox 202 1649 1760 1722; baseline 0.001 -20"><span class='ocrx_word' id='word_1_200' title='bbox 202 1649 262 1702; x_wconf 89' lang='lat' dir='ltr'><strong>rb</strong></span> <span class='ocrx_word' id='word_1_201' title='bbox 293 1649 513 1718; x_wconf 82' lang='grc' dir='ltr'>ἁγαθδν,</span> <span class='ocrx_word' id='word_1_202' title='bbox 559 1649 654 1703; x_wconf 79' lang='grc' dir='ltr'><strong>καὶ</strong></span> <span class='ocrx_word' id='word_1_203' title='bbox 699 1649 839 1702; x_wconf 83' lang='grc' dir='ltr'><strong>κατὰ</strong></span> <span class='ocrx_word' id='word_1_204' title='bbox 892 1650 1182 1718; x_wconf 82' lang='grc' dir='ltr'>ἀναλογίαν</span> <span class='ocrx_word' id='word_1_205' title='bbox 1234 1653 1633 1722; x_wconf 88' lang='grc' dir='ltr'>συναπτόμενος</span> <span class='ocrx_word' id='word_1_206' title='bbox 1681 1650 1760 1718; x_wconf 83' lang='grc' dir='ltr'><strong>τῷ</strong></span> 
     </span>
    </p>
   </div>
   <div class='ocr_carea' id='block_1_25' title="bbox 203 1741 1756 1814">
    <p class='ocr_par' dir='ltr' id='par_1_25' title="bbox 203 1741 1756 1814">
     <span class='ocr_line' id='line_1_25' title="bbox 203 1741 1756 1814; baseline 0 -20"><span class='ocrx_word' id='word_1_207' title='bbox 203 1741 340 1812; x_wconf 84' lang='grc' dir='ltr'>Θεῷ,</span> <span class='ocrx_word' id='word_1_208' title='bbox 370 1741 588 1810; x_wconf 81' lang='grc' dir='ltr'>γεύεται</span> <span class='ocrx_word' id='word_1_209' title='bbox 616 1741 819 1807; x_wconf 83' lang='grc' dir='ltr'>λοιπὸν,</span> <span class='ocrx_word' id='word_1_210' title='bbox 851 1742 944 1796; x_wconf 81' lang='grc' dir='ltr'>καὶ</span> <span class='ocrx_word' id='word_1_211' title='bbox 979 1743 1057 1805; x_wconf 85' lang='grc' dir='ltr'><strong>είς</strong></span> <span class='ocrx_word' id='word_1_212' title='bbox 1096 1742 1343 1812; x_wconf 74' lang='grc' dir='ltr'>αἴσθησίν</span> <span class='ocrx_word' id='word_1_213' title='bbox 1369 1759 1489 1795; x_wconf 86' lang='grc' dir='ltr'>τινα</span> <span class='ocrx_word' id='word_1_214' title='bbox 1535 1741 1756 1814; x_wconf 73' lang='grc' dir='ltr'>ἔρχεται</span> 
     </span>
    </p>
   </div>
   <div class='ocr_carea' id='block_1_26' title="bbox 204 1828 1760 1904">
    <p class='ocr_par' dir='ltr' id='par_1_26' title="bbox 204 1828 1760 1904">
     <span class='ocr_line' id='line_1_26' title="bbox 204 1828 1760 1904; baseline 0.003 -21"><span class='ocrx_word' id='word_1_215' title='bbox 204 1828 367 1883; x_wconf 78' lang='grc' dir='ltr'>αὑτοῦ</span> <span class='ocrx_word' id='word_1_216' title='bbox 398 1829 490 1882; x_wconf 85' lang='grc' dir='ltr'><strong>τοῦ</strong></span> <span class='ocrx_word' id='word_1_217' title='bbox 515 1830 685 1894; x_wconf 77' lang='grc' dir='ltr'>ὅντως</span> <span class='ocrx_word' id='word_1_218' title='bbox 708 1831 937 1900; x_wconf 77' lang='grc' dir='ltr'><strong>ἀγαθοῦ,</strong></span> <span class='ocrx_word' id='word_1_219' title='bbox 969 1832 1063 1886; x_wconf 76' lang='grc' dir='ltr'><strong>καὶ</strong></span> <span class='ocrx_word' id='word_1_220' title='bbox 1101 1832 1285 1886; x_wconf 83' lang='grc' dir='ltr'>οὐκέτι</span> <span class='ocrx_word' id='word_1_221' title='bbox 1314 1831 1456 1886; x_wconf 80' lang='grc' dir='ltr'>θέλει</span> <span class='ocrx_word' id='word_1_222' title='bbox 1483 1833 1760 1904; x_wconf 87' lang='grc' dir='ltr'>χωρισθῆ-</span> 
     </span>
    </p>
   </div>
   <div class='ocr_carea' id='block_1_27' title="bbox 204 1923 1760 1995">
    <p class='ocr_par' dir='ltr' id='par_1_27' title="bbox 204 1923 1760 1995">
     <span class='ocr_line' id='line_1_27' title="bbox 204 1923 1760 1995; baseline 0.003 -21"><span class='ocrx_word' id='word_1_223' title='bbox 204 1940 293 1975; x_wconf 86' lang='grc' dir='ltr'><strong>ναι</strong></span> <span class='ocrx_word' id='word_1_224' title='bbox 335 1923 428 1975; x_wconf 78' lang='grc' dir='ltr'>ἀπ⁹</span> <span class='ocrx_word' id='word_1_225' title='bbox 459 1923 646 1977; x_wconf 82' lang='grc' dir='ltr'>αὑτοῦ.</span> <span class='ocrx_word' id='word_1_226' title='bbox 673 1923 768 1987; x_wconf 89' lang='grc' dir='ltr'>Τίς</span> <span class='ocrx_word' id='word_1_227' title='bbox 795 1925 904 1994; x_wconf 80' lang='grc' dir='ltr'><strong>γὰρ</strong></span> <span class='ocrx_word' id='word_1_228' title='bbox 932 1925 1094 1977; x_wconf 80' lang='grc' dir='ltr'>αὑτὸν</span> <span class='ocrx_word' id='word_1_229' title='bbox 1130 1923 1212 1976; x_wconf 77' lang='grc' dir='ltr'>ἔτι</span> <span class='ocrx_word' id='word_1_230' title='bbox 1249 1924 1471 1978; x_wconf 89' lang='grc' dir='ltr'>δύναται</span> <span class='ocrx_word' id='word_1_231' title='bbox 1506 1924 1760 1995; x_wconf 77' lang='grc' dir='ltr'><strong>χωρίσαι,</strong></span> 
     </span>
    </p>
   </div>
   <div class='ocr_carea' id='block_1_28' title="bbox 1859 1643 3431 1722">
    <p class='ocr_par' dir='ltr' id='par_1_28' title="bbox 1859 1643 3431 1722">
     <span class='ocr_line' id='line_1_28' title="bbox 1859 1643 3431 1722; baseline -0.01 -12"><span class='ocrx_word' id='word_1_232' title='bbox 1859 1655 2003 1711; x_wconf 85' lang='lat' dir='ltr'><strong>venit</strong></span> <span class='ocrx_word' id='word_1_233' title='bbox 2034 1656 2090 1709; x_wconf 89' lang='lat' dir='ltr'><strong>in</strong></span> <span class='ocrx_word' id='word_1_234' title='bbox 2121 1669 2342 1710; x_wconf 87' lang='lat' dir='ltr'><strong>sensum</strong></span> <span class='ocrx_word' id='word_1_235' title='bbox 2369 1653 2655 1722; x_wconf 88' lang='lat' dir='ltr'><strong>quemdam</strong></span> <span class='ocrx_word' id='word_1_236' title='bbox 2694 1649 2804 1704; x_wconf 85' lang='lat' dir='ltr'><strong>veri</strong></span> <span class='ocrx_word' id='word_1_237' title='bbox 2845 1649 3014 1717; x_wconf 87' lang='lat' dir='ltr'><strong>ipsius</strong></span> <span class='ocrx_word' id='word_1_238' title='bbox 3051 1644 3198 1711; x_wconf 88' lang='lat' dir='ltr'><strong>boni,</strong></span> <span class='ocrx_word' id='word_1_239' title='bbox 3227 1659 3325 1698; x_wconf 89' lang='lat' dir='ltr'><strong>nec</strong></span> <span class='ocrx_word' id='word_1_240' title='bbox 3362 1643 3431 1697; x_wconf 91' lang='lat' dir='ltr'><strong>ah</strong></span> 
     </span>
    </p>
   </div>
   <div class='ocr_carea' id='block_1_29' title="bbox 1859 1739 3431 1813">
    <p class='ocr_par' dir='ltr' id='par_1_29' title="bbox 1859 1739 3431 1813">
     <span class='ocr_line' id='line_1_29' title="bbox 1859 1739 3431 1813; baseline -0.009 -8"><span class='ocrx_word' id='word_1_241' title='bbox 1859 1764 1924 1805; x_wconf 92' lang='lat' dir='ltr'><strong>eo</strong></span> <span class='ocrx_word' id='word_1_242' title='bbox 1951 1749 2133 1804; x_wconf 87' lang='lat' dir='ltr'><strong>divelli</strong></span> <span class='ocrx_word' id='word_1_243' title='bbox 2159 1747 2354 1802; x_wconf 87' lang='lat' dir='ltr'><strong>amodo</strong></span> <span class='ocrx_word' id='word_1_244' title='bbox 2379 1756 2473 1801; x_wconf 90' lang='lat' dir='ltr'><strong>aut</strong></span> <span class='ocrx_word' id='word_1_245' title='bbox 2501 1747 2616 1800; x_wconf 89' lang='lat' dir='ltr'><strong>vult</strong></span> <span class='ocrx_word' id='word_1_246' title='bbox 2644 1752 2737 1799; x_wconf 89' lang='lat' dir='ltr'><strong>aut</strong></span> <span class='ocrx_word' id='word_1_247' title='bbox 2770 1749 2966 1813; x_wconf 87' lang='lat' dir='ltr'><strong>potest.</strong></span> <span class='ocrx_word' id='word_1_248' title='bbox 2997 1739 3128 1806; x_wconf 83' lang='lat' dir='ltr'><strong>Quis</strong></span> <span class='ocrx_word' id='word_1_249' title='bbox 3148 1740 3292 1794; x_wconf 92' lang='lat' dir='ltr'><strong>enim</strong></span> <span class='ocrx_word' id='word_1_250' title='bbox 3317 1739 3431 1807; x_wconf 89' lang='lat' dir='ltr'><strong>jam</strong></span> 
     </span>
    </p>
   </div>
   <div class='ocr_carea' id='block_1_30' title="bbox 1861 1829 3433 1914">
    <p class='ocr_par' dir='ltr' id='par_1_30' title="bbox 1861 1829 3433 1914">
     <span class='ocr_line' id='line_1_30' title="bbox 1861 1829 3433 1914; baseline -0.01 -15"><span class='ocrx_word' id='word_1_251' title='bbox 1861 1844 2040 1914; x_wconf 90' lang='lat' dir='ltr'><strong>ipsum</strong></span> <span class='ocrx_word' id='word_1_252' title='bbox 2071 1849 2266 1913; x_wconf 87' lang='lat' dir='ltr'><strong>potest,</strong></span> <span class='ocrx_word' id='word_1_253' title='bbox 2305 1847 2363 1894; x_wconf 91' lang='lat' dir='ltr'><strong>ut</strong></span> <span class='ocrx_word' id='word_1_254' title='bbox 2389 1839 2464 1894; x_wconf 89' lang='lat' dir='ltr'><strong>ait</strong></span> <span class='ocrx_word' id='word_1_255' title='bbox 2489 1837 2780 1908; x_wconf 83' lang='lat' dir='ltr'><strong>Apostolus</strong></span> <span class='ocrx_word' id='word_1_256' title='bbox 2812 1835 2830 1874; x_wconf 80' lang='grc' dir='ltr'>ι</span> <span class='ocrx_word' id='word_1_257' title='bbox 2862 1851 2912 1901; x_wconf 88' lang='lat' dir='ltr'><strong>a,</strong></span> <span class='ocrx_word' id='word_1_258' title='bbox 2936 1833 3196 1888; x_wconf 89' lang='lat' dir='ltr'><strong>charitate</strong></span> <span class='ocrx_word' id='word_1_259' title='bbox 3231 1829 3433 1886; x_wconf 75' lang='lat' dir='ltr'><strong>ChriSti</strong></span> 
     </span>
    </p>
   </div>
   <div class='ocr_carea' id='block_1_31' title="bbox 1863 1923 3437 2000">
    <p class='ocr_par' dir='ltr' id='par_1_31' title="bbox 1863 1923 3437 2000">
     <span class='ocr_line' id='line_1_31' title="bbox 1863 1923 3437 2000; baseline -0.011 -12"><span class='ocrx_word' id='word_1_260' title='bbox 1863 1931 2158 1990; x_wconf 78' lang='lat' dir='ltr'><strong>divellere?</strong></span> <span class='ocrx_word' id='word_1_261' title='bbox 2203 1939 2438 2000; x_wconf 88' lang='lat' dir='ltr'><strong>tuncque</strong></span> <span class='ocrx_word' id='word_1_262' title='bbox 2478 1928 2531 1982; x_wconf 90' lang='lat' dir='ltr'><strong>in</strong></span> <span class='ocrx_word' id='word_1_263' title='bbox 2568 1925 2861 1998; x_wconf 80' lang='lat' dir='ltr'><strong>perfectam</strong></span> <span class='ocrx_word' id='word_1_264' title='bbox 2908 1923 3002 1978; x_wconf 84' lang='lat' dir='ltr'><strong>ﬁlii</strong></span> <span class='ocrx_word' id='word_1_265' title='bbox 3043 1934 3354 1976; x_wconf 85' lang='lat' dir='ltr'><strong>mensuram</strong></span> <span class='ocrx_word' id='word_1_266' title='bbox 3383 1927 3437 1971; x_wconf 89' lang='lat' dir='ltr'><strong>et</strong></span> 
     </span>
    </p>
   </div>
   <div class='ocr_carea' id='block_1_32' title="bbox 203 2001 1783 2094">
    <p class='ocr_par' dir='ltr' id='par_1_32' title="bbox 203 2009 1761 2086">
     <span class='ocr_line' id='line_1_32' title="bbox 203 2009 1761 2086; baseline 0.001 -20"><span class='ocrx_word' id='word_1_267' title='bbox 203 2014 278 2075; x_wconf 85' lang='grc' dir='ltr'>ὡς</span> <span class='ocrx_word' id='word_1_268' title='bbox 309 2009 459 2068; x_wconf 81' lang='grc' dir='ltr'>εἶπεν</span> <span class='ocrx_word' id='word_1_269' title='bbox 495 2015 526 2067; x_wconf 84' lang='grc' dir='ltr'><strong>ὁ</strong></span> <span class='ocrx_word' id='word_1_270' title='bbox 573 2015 914 2079; x_wconf 82' lang='grc' dir='ltr'>Ἀπόστολος,</span> <span class='ocrx_word' id='word_1_271' title='bbox 948 2016 1054 2068; x_wconf 81' lang='grc' dir='ltr'>ἀπὸ</span> <span class='ocrx_word' id='word_1_272' title='bbox 1094 2014 1194 2085; x_wconf 87' lang='grc' dir='ltr'>τῆς</span> <span class='ocrx_word' id='word_1_273' title='bbox 1235 2015 1455 2086; x_wconf 77' lang='grc' dir='ltr'><strong>ἀγάπης</strong></span> <span class='ocrx_word' id='word_1_274' title='bbox 1485 2015 1581 2069; x_wconf 91' lang='grc' dir='ltr'><strong>τοῦ</strong></span> <span class='ocrx_word' id='word_1_275' title='bbox 1627 2017 1761 2086; x_wconf 79' lang='grc' dir='ltr'><strong>Χρι-</strong></span> 
     </span>
    </p>
   </div>
   <div class='ocr_carea' id='block_1_33' title="bbox 1867 2001 3432 2094">
    <p class='ocr_par' dir='ltr' id='par_1_33' title="bbox 1867 2012 3432 2094">
     <span class='ocr_line' id='line_1_33' title="bbox 1867 2012 3432 2094; baseline -0.012 -14"><span class='ocrx_word' id='word_1_276' title='bbox 1867 2033 2059 2081; x_wconf 86' lang='lat' dir='ltr'><strong>statum</strong></span> <span class='ocrx_word' id='word_1_277' title='bbox 2089 2022 2352 2094; x_wconf 83' lang='lat' dir='ltr'><strong>pervenit,</strong></span> <span class='ocrx_word' id='word_1_278' title='bbox 2379 2028 2434 2075; x_wconf 91' lang='lat' dir='ltr'><strong>et</strong></span> <span class='ocrx_word' id='word_1_279' title='bbox 2463 2019 2637 2089; x_wconf 81' lang='lat' dir='ltr'><strong>diligit</strong></span> <span class='ocrx_word' id='word_1_280' title='bbox 2672 2018 2872 2072; x_wconf 86' lang='lat' dir='ltr'><strong>bonum</strong></span> <span class='ocrx_word' id='word_1_281' title='bbox 2897 2024 3117 2086; x_wconf 84' lang='lat' dir='ltr'><strong>propter</strong></span> <span class='ocrx_word' id='word_1_282' title='bbox 3145 2028 3202 2069; x_wconf 90' lang='lat' dir='ltr'><strong>se</strong></span> <span class='ocrx_word' id='word_1_283' title='bbox 3233 2012 3432 2081; x_wconf 88' lang='lat' dir='ltr'><strong>ipsum,</strong></span> 
     </span>
    </p>
   </div>
   <div class='ocr_carea' id='block_1_34' title="bbox 205 2104 1761 2180">
    <p class='ocr_par' dir='ltr' id='par_1_34' title="bbox 205 2104 1761 2180">
     <span class='ocr_line' id='line_1_34' title="bbox 205 2104 1761 2180; baseline 0.001 -22"><span class='ocrx_word' id='word_1_284' title='bbox 205 2104 362 2170; x_wconf 73' lang='grc' dir='ltr'>στοῦς</span> <span class='ocrx_word' id='word_1_285' title='bbox 393 2105 514 2160; x_wconf 87' lang='grc' dir='ltr'>τότε</span> <span class='ocrx_word' id='word_1_286' title='bbox 544 2105 732 2174; x_wconf 81' lang='grc' dir='ltr'>φθάνει</span> <span class='ocrx_word' id='word_1_287' title='bbox 761 2109 840 2172; x_wconf 84' lang='grc' dir='ltr'><strong>είς</strong></span> <span class='ocrx_word' id='word_1_288' title='bbox 864 2107 927 2160; x_wconf 82' lang='grc' dir='ltr'>τὸ</span> <span class='ocrx_word' id='word_1_289' title='bbox 958 2107 1154 2178; x_wconf 82' lang='grc' dir='ltr'>μέτρον</span> <span class='ocrx_word' id='word_1_290' title='bbox 1173 2107 1266 2161; x_wconf 91' lang='grc' dir='ltr'><strong>τοῦ</strong></span> <span class='ocrx_word' id='word_1_291' title='bbox 1289 2108 1430 2168; x_wconf 85' lang='grc' dir='ltr'>υἱοῦ,</span> <span class='ocrx_word' id='word_1_292' title='bbox 1456 2109 1551 2162; x_wconf 77' lang='grc' dir='ltr'><strong>καὶ</strong></span> <span class='ocrx_word' id='word_1_293' title='bbox 1571 2109 1761 2180; x_wconf 83' lang='grc' dir='ltr'>ἀγαπᾷ</span> 
     </span>
    </p>
   </div>
   <div class='ocr_carea' id='block_1_35' title="bbox 204 2193 1763 2270">
    <p class='ocr_par' dir='ltr' id='par_1_35' title="bbox 204 2193 1763 2270">
     <span class='ocr_line' id='line_1_35' title="bbox 204 2193 1763 2270; baseline 0.004 -22"><span class='ocrx_word' id='word_1_294' title='bbox 204 2193 272 2248; x_wconf 87' lang='grc' dir='ltr'><strong>δι’</strong></span> <span class='ocrx_word' id='word_1_295' title='bbox 304 2194 434 2248; x_wconf 82' lang='grc' dir='ltr'>αὐτὸ</span> <span class='ocrx_word' id='word_1_296' title='bbox 470 2195 654 2263; x_wconf 85' lang='grc' dir='ltr'>καλὸν,</span> <span class='ocrx_word' id='word_1_297' title='bbox 685 2197 780 2250; x_wconf 74' lang='grc' dir='ltr'><strong>καὶ</strong></span> <span class='ocrx_word' id='word_1_298' title='bbox 809 2198 1052 2266; x_wconf 82' lang='grc' dir='ltr'>φοϐεῖται</span> <span class='ocrx_word' id='word_1_299' title='bbox 1087 2198 1271 2270; x_wconf 70' lang='grc' dir='ltr'>ἐπειδὴ</span> <span class='ocrx_word' id='word_1_300' title='bbox 1304 2200 1512 2270; x_wconf 79' lang='grc' dir='ltr'>ἀγαπᾷ.</span> <span class='ocrx_word' id='word_1_301' title='bbox 1543 2199 1651 2254; x_wconf 76' lang='grc' dir='ltr'><strong>Καὶ</strong></span> <span class='ocrx_word' id='word_1_302' title='bbox 1674 2195 1763 2255; x_wconf 73' lang='grc' dir='ltr'><strong>οὗ·</strong></span> 
     </span>
    </p>
   </div>
   <div class='ocr_carea' id='block_1_36' title="bbox 203 2286 1762 2360">
    <p class='ocr_par' dir='ltr' id='par_1_36' title="bbox 203 2286 1762 2360">
     <span class='ocr_line' id='line_1_36' title="bbox 203 2286 1762 2360; baseline 0.005 -22"><span class='ocrx_word' id='word_1_303' title='bbox 203 2286 293 2350; x_wconf 87' lang='grc' dir='ltr'><strong>τός</strong></span> <span class='ocrx_word' id='word_1_304' title='bbox 323 2288 471 2340; x_wconf 77' lang='grc' dir='ltr'>ἐστιν</span> <span class='ocrx_word' id='word_1_305' title='bbox 495 2288 523 2341; x_wconf 83' lang='grc' dir='ltr'><strong>ὁ</strong></span> <span class='ocrx_word' id='word_1_306' title='bbox 549 2287 721 2358; x_wconf 81' lang='grc' dir='ltr'>μέγας</span> <span class='ocrx_word' id='word_1_307' title='bbox 745 2288 841 2342; x_wconf 72' lang='grc' dir='ltr'>καὶ</span> <span class='ocrx_word' id='word_1_308' title='bbox 867 2287 1071 2353; x_wconf 88' lang='grc' dir='ltr'>τέλειος</span> <span class='ocrx_word' id='word_1_309' title='bbox 1095 2290 1277 2360; x_wconf 87' lang='grc' dir='ltr'>φόϐος.</span> <span class='ocrx_word' id='word_1_310' title='bbox 1309 2290 1405 2344; x_wconf 83' lang='grc' dir='ltr'><strong>Διά</strong></span> <span class='ocrx_word' id='word_1_311' title='bbox 1433 2291 1586 2346; x_wconf 85' lang='grc' dir='ltr'>τοῦτο</span> <span class='ocrx_word' id='word_1_312' title='bbox 1614 2293 1706 2346; x_wconf 74' lang='grc' dir='ltr'>καὶ</span> <span class='ocrx_word' id='word_1_313' title='bbox 1733 2295 1762 2346; x_wconf 85' lang='grc' dir='ltr'>ὁ</span> 
     </span>
    </p>
   </div>
   <div class='ocr_carea' id='block_1_37' title="bbox 203 2380 1762 2456">
    <p class='ocr_par' dir='ltr' id='par_1_37' title="bbox 203 2380 1762 2456">
     <span class='ocr_line' id='line_1_37' title="bbox 203 2380 1762 2456; baseline 0.004 -22"><span class='ocrx_word' id='word_1_314' title='bbox 203 2381 493 2452; x_wconf 77' lang='grc' dir='ltr'><strong>Προφήτης</strong></span> <span class='ocrx_word' id='word_1_315' title='bbox 522 2380 788 2436; x_wconf 82' lang='grc' dir='ltr'><strong>διδάσκων</strong></span> <span class='ocrx_word' id='word_1_316' title='bbox 815 2384 962 2452; x_wconf 82' lang='grc' dir='ltr'>ἡμᾶς</span> <span class='ocrx_word' id='word_1_317' title='bbox 994 2385 1091 2454; x_wconf 83' lang='grc' dir='ltr'>τὴν</span> <span class='ocrx_word' id='word_1_318' title='bbox 1127 2383 1410 2456; x_wconf 79' lang='grc' dir='ltr'>διαφορὰν,</span> <span class='ocrx_word' id='word_1_319' title='bbox 1444 2385 1632 2439; x_wconf 88' lang='grc' dir='ltr'>τοῦτον</span> <span class='ocrx_word' id='word_1_320' title='bbox 1671 2386 1762 2440; x_wconf 83' lang='grc' dir='ltr'>τὸν</span> 
     </span>
    </p>
   </div>
   <div class='ocr_carea' id='block_1_38' title="bbox 201 2469 1764 2546">
    <p class='ocr_par' dir='ltr' id='par_1_38' title="bbox 201 2469 1764 2546">
     <span class='ocr_line' id='line_1_38' title="bbox 201 2469 1764 2546; baseline 0.006 -23"><span class='ocrx_word' id='word_1_321' title='bbox 201 2469 365 2540; x_wconf 84' lang='grc' dir='ltr'>φόϐον</span> <span class='ocrx_word' id='word_1_322' title='bbox 396 2471 568 2540; x_wconf 76' lang='grc' dir='ltr'>ἔλεγε·</span> <span class='ocrx_word' id='word_1_323' title='bbox 609 2472 806 2538; x_wconf 84' lang='grc' dir='ltr'><strong>Δεῦτε,</strong></span> <span class='ocrx_word' id='word_1_324' title='bbox 836 2473 1038 2540; x_wconf 81' lang='grc' dir='ltr'>τέκνα,</span> <span class='ocrx_word' id='word_1_325' title='bbox 1071 2473 1367 2529; x_wconf 84' lang='grc' dir='ltr'>ἀκούσατέ</span> <span class='ocrx_word' id='word_1_326' title='bbox 1405 2494 1545 2546; x_wconf 84' lang='grc' dir='ltr'>μου,</span> <span class='ocrx_word' id='word_1_327' title='bbox 1577 2479 1764 2546; x_wconf 70' lang='grc' dir='ltr'>φόϐον</span> 
     </span>
    </p>
   </div>
   <div class='ocr_carea' id='block_1_39' title="bbox 199 2562 1762 2638">
    <p class='ocr_par' dir='ltr' id='par_1_39' title="bbox 199 2562 1762 2638">
     <span class='ocr_line' id='line_1_39' title="bbox 199 2562 1762 2638; baseline 0.003 -21"><span class='ocrx_word' id='word_1_328' title='bbox 199 2564 419 2631; x_wconf 75' lang='grc' dir='ltr'>Κυρίου</span> <span class='ocrx_word' id='word_1_329' title='bbox 446 2562 664 2628; x_wconf 79' lang='grc' dir='ltr'><strong>διδάξω</strong></span> <span class='ocrx_word' id='word_1_330' title='bbox 698 2562 873 2634; x_wconf 84' lang='grc' dir='ltr'>ὑμᾶς.</span> <span class='ocrx_word' id='word_1_331' title='bbox 902 2564 1033 2618; x_wconf 87' lang='grc' dir='ltr'>Θέτε</span> <span class='ocrx_word' id='word_1_332' title='bbox 1060 2565 1151 2620; x_wconf 81' lang='grc' dir='ltr'>τὸν</span> <span class='ocrx_word' id='word_1_333' title='bbox 1183 2565 1307 2620; x_wconf 90' lang='grc' dir='ltr'>νοῦν</span> <span class='ocrx_word' id='word_1_334' title='bbox 1341 2567 1496 2638; x_wconf 84' lang='grc' dir='ltr'>ὑμῶν</span> <span class='ocrx_word' id='word_1_335' title='bbox 1526 2570 1605 2633; x_wconf 84' lang='grc' dir='ltr'><strong>εἰς</strong></span> <span class='ocrx_word' id='word_1_336' title='bbox 1629 2568 1762 2622; x_wconf 86' lang='grc' dir='ltr'><strong>’ἐκα-</strong></span> 
     </span>
    </p>
   </div>
   <div class='ocr_carea' id='block_1_40' title="bbox 203 2653 1764 2729">
    <p class='ocr_par' dir='ltr' id='par_1_40' title="bbox 203 2653 1764 2729">
     <span class='ocr_line' id='line_1_40' title="bbox 203 2653 1764 2729; baseline 0.005 -22"><span class='ocrx_word' id='word_1_337' title='bbox 203 2671 326 2708; x_wconf 88' lang='grc' dir='ltr'>στον</span> <span class='ocrx_word' id='word_1_338' title='bbox 353 2653 504 2726; x_wconf 78' lang='grc' dir='ltr'>ῥῆμα</span> <span class='ocrx_word' id='word_1_339' title='bbox 540 2655 635 2709; x_wconf 90' lang='grc' dir='ltr'><strong>τοῦ</strong></span> <span class='ocrx_word' id='word_1_340' title='bbox 670 2657 976 2727; x_wconf 84' lang='grc' dir='ltr'>Προφήτου·</span> <span class='ocrx_word' id='word_1_341' title='bbox 1018 2656 1134 2721; x_wconf 86' lang='grc' dir='ltr'><strong>πῶς</strong></span> <span class='ocrx_word' id='word_1_342' title='bbox 1165 2659 1369 2729; x_wconf 80' lang='grc' dir='ltr'>ἑκάστη</span> <span class='ocrx_word' id='word_1_343' title='bbox 1412 2659 1556 2726; x_wconf 83' lang='grc' dir='ltr'>λέξις</span> <span class='ocrx_word' id='word_1_344' title='bbox 1600 2660 1764 2715; x_wconf 80' lang='grc' dir='ltr'>αὑτοῦ</span> 
     </span>
    </p>
   </div>
   <div class='ocr_carea' id='block_1_41' title="bbox 197 2747 1766 2822">
    <p class='ocr_par' dir='ltr' id='par_1_41' title="bbox 197 2747 1766 2822">
     <span class='ocr_line' id='line_1_41' title="bbox 197 2747 1766 2822; baseline 0.003 -20"><span class='ocrx_word' id='word_1_345' title='bbox 197 2747 428 2818; x_wconf 84' lang='grc' dir='ltr'>δύναμιν</span> <span class='ocrx_word' id='word_1_346' title='bbox 448 2748 578 2820; x_wconf 64' lang='grc' dir='ltr'>ἔχει.</span> <span class='ocrx_word' id='word_1_347' title='bbox 605 2749 826 2819; x_wconf 84' lang='grc' dir='ltr'>Πρῶτον</span> <span class='ocrx_word' id='word_1_348' title='bbox 854 2749 1020 2818; x_wconf 78' lang='grc' dir='ltr'>λέγει,</span> <span class='ocrx_word' id='word_1_349' title='bbox 1043 2749 1220 2804; x_wconf 79' lang='grc' dir='ltr'>Δεῦτε</span> <span class='ocrx_word' id='word_1_350' title='bbox 1240 2753 1390 2820; x_wconf 78' lang='grc' dir='ltr'>πρός</span> <span class='ocrx_word' id='word_1_351' title='bbox 1411 2769 1507 2822; x_wconf 85' lang='grc' dir='ltr'><strong>με,</strong></span> <span class='ocrx_word' id='word_1_352' title='bbox 1533 2768 1766 2822; x_wconf 83' lang='grc' dir='ltr'>προσκα-</span> 
     </span>
    </p>
   </div>
   <div class='ocr_carea' id='block_1_42' title="bbox 198 2841 1762 2915">
    <p class='ocr_par' dir='ltr' id='par_1_42' title="bbox 198 2841 1762 2915">
     <span class='ocr_line' id='line_1_42' title="bbox 198 2841 1762 2915; baseline 0.004 -21"><span class='ocrx_word' id='word_1_353' title='bbox 198 2841 459 2912; x_wconf 82' lang='grc' dir='ltr'>λούμενος</span> <span class='ocrx_word' id='word_1_354' title='bbox 487 2843 636 2912; x_wconf 51' lang='lat' dir='ltr'><strong>sua;</strong></span> <span class='ocrx_word' id='word_1_355' title='bbox 655 2843 746 2896; x_wconf 77' lang='grc' dir='ltr'><strong>ἐπὶ</strong></span> <span class='ocrx_word' id='word_1_356' title='bbox 773 2843 869 2915; x_wconf 82' lang='grc' dir='ltr'>τὴν</span> <span class='ocrx_word' id='word_1_357' title='bbox 899 2844 1120 2915; x_wconf 85' lang='grc' dir='ltr'>ἀρετήν.</span> <span class='ocrx_word' id='word_1_358' title='bbox 1140 2844 1429 2914; x_wconf 81' lang='grc' dir='ltr'>Προστιθεῖ</span> <span class='ocrx_word' id='word_1_359' title='bbox 1454 2848 1546 2900; x_wconf 81' lang='grc' dir='ltr'>καὶ</span> <span class='ocrx_word' id='word_1_360' title='bbox 1576 2847 1762 2900; x_wconf 86' lang='grc' dir='ltr'>τέκνα·</span> 
     </span>
    </p>
   </div>
   <div class='ocr_carea' id='block_1_43' title="bbox 197 2934 1767 3006">
    <p class='ocr_par' dir='ltr' id='par_1_43' title="bbox 197 2934 1767 3006">
     <span class='ocr_line' id='line_1_43' title="bbox 197 2934 1767 3006; baseline 0.001 -17"><span class='ocrx_word' id='word_1_361' title='bbox 197 2935 366 2989; x_wconf 74' lang='grc' dir='ltr'>τέκνα</span> <span class='ocrx_word' id='word_1_362' title='bbox 404 2934 658 2990; x_wconf 80' lang='grc' dir='ltr'>καλοῦσιν</span> <span class='ocrx_word' id='word_1_363' title='bbox 697 2937 746 2989; x_wconf 78' lang='lat' dir='ltr'><strong>0i</strong></span> <span class='ocrx_word' id='word_1_364' title='bbox 779 2936 923 3004; x_wconf 77' lang='grc' dir='ltr'>ἅγιοι</span> <span class='ocrx_word' id='word_1_365' title='bbox 956 2937 1080 2999; x_wconf 86' lang='grc' dir='ltr'>τοὺς</span> <span class='ocrx_word' id='word_1_366' title='bbox 1135 2937 1222 2990; x_wconf 85' lang='grc' dir='ltr'>διὰ</span> <span class='ocrx_word' id='word_1_367' title='bbox 1271 2937 1365 2990; x_wconf 89' lang='grc' dir='ltr'><strong>τοῦ</strong></span> <span class='ocrx_word' id='word_1_368' title='bbox 1393 2937 1550 3006; x_wconf 85' lang='grc' dir='ltr'>λόγου</span> <span class='ocrx_word' id='word_1_369' title='bbox 1589 2938 1767 2992; x_wconf 85' lang='grc' dir='ltr'>αὐτῶν</span> 
     </span>
    </p>
   </div>
   <div class='ocr_carea' id='block_1_44' title="bbox 200 3027 1766 3102">
    <p class='ocr_par' dir='ltr' id='par_1_44' title="bbox 200 3027 1766 3102">
     <span class='ocr_line' id='line_1_44' title="bbox 200 3027 1766 3102; baseline 0.003 -24"><span class='ocrx_word' id='word_1_370' title='bbox 200 3027 772 3100; x_wconf 79' lang='grc' dir='ltr'>μεταμορφουμένους,</span> <span class='ocrx_word' id='word_1_371' title='bbox 792 3028 900 3081; x_wconf 81' lang='grc' dir='ltr'><strong>ἀπὸ</strong></span> <span class='ocrx_word' id='word_1_372' title='bbox 918 3028 1017 3098; x_wconf 81' lang='grc' dir='ltr'>τῆς</span> <span class='ocrx_word' id='word_1_373' title='bbox 1039 3030 1236 3090; x_wconf 79' lang='grc' dir='ltr'>κακίας</span> <span class='ocrx_word' id='word_1_374' title='bbox 1265 3030 1399 3099; x_wconf 83' lang='grc' dir='ltr'>πρὸς</span> <span class='ocrx_word' id='word_1_375' title='bbox 1419 3031 1517 3101; x_wconf 80' lang='grc' dir='ltr'>τὴν</span> <span class='ocrx_word' id='word_1_376' title='bbox 1546 3030 1766 3102; x_wconf 77' lang='grc' dir='ltr'>ἀρετὴν,</span> 
     </span>
    </p>
   </div>
   <div class='ocr_carea' id='block_1_45' title="bbox 201 3119 1770 3191">
    <p class='ocr_par' dir='ltr' id='par_1_45' title="bbox 201 3119 1770 3191">
     <span class='ocr_line' id='line_1_45' title="bbox 201 3119 1770 3191; baseline 0.003 -19"><span class='ocrx_word' id='word_1_377' title='bbox 201 3120 280 3184; x_wconf 84' lang='grc' dir='ltr'>ὡς</span> <span class='ocrx_word' id='word_1_378' title='bbox 302 3120 498 3189; x_wconf 88' lang='grc' dir='ltr'>λέγειό</span> <span class='ocrx_word' id='word_1_379' title='bbox 523 3119 861 3183; x_wconf 85' lang='grc' dir='ltr'>Ἀπόστολος.</span> <span class='ocrx_word' id='word_1_380' title='bbox 887 3121 1098 3174; x_wconf 83' lang='grc' dir='ltr'><strong>Τεκνία</strong></span> <span class='ocrx_word' id='word_1_381' title='bbox 1121 3120 1226 3187; x_wconf 84' lang='grc' dir='ltr'>οὓς</span> <span class='ocrx_word' id='word_1_382' title='bbox 1250 3121 1436 3174; x_wconf 80' lang='grc' dir='ltr'>πάλιν</span> <span class='ocrx_word' id='word_1_383' title='bbox 1457 3121 1645 3175; x_wconf 81' lang='grc' dir='ltr'><strong>ὠδίνω</strong></span> <span class='ocrx_word' id='word_1_384' title='bbox 1664 3121 1770 3191; x_wconf 86' lang='grc' dir='ltr'><strong>μέ-</strong></span> 
     </span>
    </p>
   </div>
   <div class='ocr_carea' id='block_1_46' title="bbox 200 3207 1772 3285">
    <p class='ocr_par' dir='ltr' id='par_1_46' title="bbox 200 3207 1772 3285">
     <span class='ocr_line' id='line_1_46' title="bbox 200 3207 1772 3285; baseline 0.001 -20"><span class='ocrx_word' id='word_1_385' title='bbox 200 3231 338 3283; x_wconf 79' lang='grc' dir='ltr'>χρις</span> <span class='ocrx_word' id='word_1_386' title='bbox 364 3207 437 3268; x_wconf 81' lang='grc' dir='ltr'>οὗ</span> <span class='ocrx_word' id='word_1_387' title='bbox 473 3211 758 3282; x_wconf 72' lang='grc' dir='ltr'>μορφωθῇ</span> <span class='ocrx_word' id='word_1_388' title='bbox 786 3211 1036 3279; x_wconf 85' lang='grc' dir='ltr'>Χριστὸς</span> <span class='ocrx_word' id='word_1_389' title='bbox 1063 3212 1132 3265; x_wconf 84' lang='grc' dir='ltr'>ὲν</span> <span class='ocrx_word' id='word_1_390' title='bbox 1167 3212 1330 3281; x_wconf 83' lang='grc' dir='ltr'>ὑμῖν.</span> <span class='ocrx_word' id='word_1_391' title='bbox 1362 3209 1496 3266; x_wconf 72' lang='grc' dir='ltr'>Εἶτα</span> <span class='ocrx_word' id='word_1_392' title='bbox 1547 3213 1686 3285; x_wconf 79' lang='grc' dir='ltr'>μετὰ</span> <span class='ocrx_word' id='word_1_393' title='bbox 1710 3213 1772 3266; x_wconf 93' lang='lat' dir='ltr'><strong>rb</strong></span> 
     </span>
    </p>
   </div>
   <div class='ocr_carea' id='block_1_47' title="bbox 201 3304 1838 3396">
    <p class='ocr_par' dir='ltr' id='par_1_47' title="bbox 201 3304 1838 3396">
     <span class='ocr_line' id='line_1_47' title="bbox 201 3304 1838 3396; baseline 0.001 -38"><span class='ocrx_word' id='word_1_394' title='bbox 201 3304 734 3396; x_wconf 82' lang='grc' dir='ltr'>προ[σ]καλέσασθαι</span> <span class='ocrx_word' id='word_1_395' title='bbox 776 3305 922 3375; x_wconf 81' lang='grc' dir='ltr'>ἡμᾶς</span> <span class='ocrx_word' id='word_1_396' title='bbox 959 3305 1054 3357; x_wconf 79' lang='grc' dir='ltr'>καὶ</span> <span class='ocrx_word' id='word_1_397' title='bbox 1090 3305 1496 3376; x_wconf 81' lang='grc' dir='ltr'>προτρέψασθαι</span> <span class='ocrx_word' id='word_1_398' title='bbox 1547 3306 1641 3359; x_wconf 77' lang='grc' dir='ltr'><strong>ἐπὶ</strong></span> <span class='ocrx_word' id='word_1_399' title='bbox 1671 3306 1770 3376; x_wconf 79' lang='grc' dir='ltr'>τὴν</span> <span class='ocrx_word' id='word_1_400' title='bbox 1796 3337 1838 3396; x_wconf 75' lang='lat' dir='ltr'>c</span> 
     </span>
    </p>
   </div>
   <div class='ocr_carea' id='block_1_48' title="bbox 197 3395 1766 3468">
    <p class='ocr_par' dir='ltr' id='par_1_48' title="bbox 197 3395 1766 3468">
     <span class='ocr_line' id='line_1_48' title="bbox 197 3395 1766 3468; baseline 0.001 -17"><span class='ocrx_word' id='word_1_401' title='bbox 197 3395 456 3467; x_wconf 78' lang='grc' dir='ltr'><strong>τοιαύτην</strong></span> <span class='ocrx_word' id='word_1_402' title='bbox 487 3395 926 3468; x_wconf 85' lang='grc' dir='ltr'>μεταμόρφωσιν,</span> <span class='ocrx_word' id='word_1_403' title='bbox 971 3396 1138 3465; x_wconf 84' lang='grc' dir='ltr'>λέγει·</span> <span class='ocrx_word' id='word_1_404' title='bbox 1183 3399 1375 3451; x_wconf 83' lang='grc' dir='ltr'>Φόϐον</span> <span class='ocrx_word' id='word_1_405' title='bbox 1416 3399 1636 3466; x_wconf 66' lang='grc' dir='ltr'>Κιερίου</span> <span class='ocrx_word' id='word_1_406' title='bbox 1678 3398 1766 3452; x_wconf 86' lang='grc' dir='ltr'>δι-</span> 
     </span>
    </p>
   </div>
   <div class='ocr_carea' id='block_1_49' title="bbox 199 3486 1764 3560">
    <p class='ocr_par' dir='ltr' id='par_1_49' title="bbox 199 3486 1764 3560">
     <span class='ocr_line' id='line_1_49' title="bbox 199 3486 1764 3560; baseline 0 -18"><span class='ocrx_word' id='word_1_407' title='bbox 199 3487 366 3553; x_wconf 79' lang='grc' dir='ltr'>δάξω</span> <span class='ocrx_word' id='word_1_408' title='bbox 412 3487 588 3558; x_wconf 79' lang='grc' dir='ltr'>ὑμᾶς.</span> <span class='ocrx_word' id='word_1_409' title='bbox 643 3487 879 3541; x_wconf 83' lang='grc' dir='ltr'>Βλέπετε</span> <span class='ocrx_word' id='word_1_410' title='bbox 925 3486 1024 3558; x_wconf 86' lang='grc' dir='ltr'>τὴν</span> <span class='ocrx_word' id='word_1_411' title='bbox 1086 3487 1400 3560; x_wconf 80' lang='grc' dir='ltr'>παρῤησίαν</span> <span class='ocrx_word' id='word_1_412' title='bbox 1441 3488 1534 3542; x_wconf 87' lang='grc' dir='ltr'><strong>τοῦ</strong></span> <span class='ocrx_word' id='word_1_413' title='bbox 1586 3489 1764 3555; x_wconf 81' lang='grc' dir='ltr'>ἁγίου.</span> 
     </span>
    </p>
   </div>
   <div class='ocr_carea' id='block_1_50' title="bbox 212 3579 1770 3652">
    <p class='ocr_par' dir='ltr' id='par_1_50' title="bbox 212 3579 1770 3652">
     <span class='ocr_line' id='line_1_50' title="bbox 212 3579 1770 3652; baseline -0.001 -18"><span class='ocrx_word' id='word_1_414' title='bbox 212 3580 279 3634; x_wconf 88' lang='grc' dir='ltr'><strong><em>Ἥ</em></strong></span> <span class='ocrx_word' id='word_1_415' title='bbox 286 3583 407 3651; x_wconf 79' lang='grc' dir='ltr'>μείς</span> <span class='ocrx_word' id='word_1_416' title='bbox 432 3582 561 3635; x_wconf 85' lang='grc' dir='ltr'>ὅταν</span> <span class='ocrx_word' id='word_1_417' title='bbox 587 3579 832 3652; x_wconf 80' lang='grc' dir='ltr'>θέλωμεν</span> <span class='ocrx_word' id='word_1_418' title='bbox 864 3581 1037 3633; x_wconf 81' lang='grc' dir='ltr'>εἰπεῖν</span> <span class='ocrx_word' id='word_1_419' title='bbox 1062 3579 1114 3632; x_wconf 90' lang='grc' dir='ltr'><strong>τί</strong></span> <span class='ocrx_word' id='word_1_420' title='bbox 1144 3597 1273 3633; x_wconf 88' lang='grc' dir='ltr'>ποτε</span> <span class='ocrx_word' id='word_1_421' title='bbox 1295 3579 1480 3646; x_wconf 85' lang='grc' dir='ltr'>καλὸν,</span> <span class='ocrx_word' id='word_1_422' title='bbox 1503 3581 1592 3634; x_wconf 81' lang='grc' dir='ltr'>ἀεὶ</span> <span class='ocrx_word' id='word_1_423' title='bbox 1616 3580 1770 3649; x_wconf 86' lang='grc' dir='ltr'>λέγο-</span> 
     </span>
    </p>
   </div>
   <div class='ocr_carea' id='block_1_51' title="bbox 201 3671 1771 3748">
    <p class='ocr_par' dir='ltr' id='par_1_51' title="bbox 201 3671 1771 3748">
     <span class='ocr_line' id='line_1_51' title="bbox 201 3671 1771 3748; baseline -0.003 -22"><span class='ocrx_word' id='word_1_424' title='bbox 201 3688 326 3748; x_wconf 84' lang='grc' dir='ltr'>μεν·</span> <span class='ocrx_word' id='word_1_425' title='bbox 355 3671 546 3726; x_wconf 85' lang='grc' dir='ltr'>Θέλετε</span> <span class='ocrx_word' id='word_1_426' title='bbox 596 3671 967 3742; x_wconf 83' lang='grc' dir='ltr'>διαλεχθῶμεν</span> <span class='ocrx_word' id='word_1_427' title='bbox 1023 3671 1217 3744; x_wconf 82' lang='grc' dir='ltr'>μικρὸν</span> <span class='ocrx_word' id='word_1_428' title='bbox 1265 3671 1361 3725; x_wconf 82' lang='grc' dir='ltr'><strong>καὶ</strong></span> <span class='ocrx_word' id='word_1_429' title='bbox 1405 3673 1771 3742; x_wconf 82' lang='grc' dir='ltr'>γυμνάσωμεν</span> 
     </span>
    </p>
   </div>
   <div class='ocr_carea' id='block_1_52' title="bbox 197 3762 1773 3836">
    <p class='ocr_par' dir='ltr' id='par_1_52' title="bbox 197 3762 1773 3836">
     <span class='ocr_line' id='line_1_52' title="bbox 197 3762 1773 3836; baseline 0 -20"><span class='ocrx_word' id='word_1_430' title='bbox 197 3764 336 3836; x_wconf 76' lang='grc' dir='ltr'>περὶ</span> <span class='ocrx_word' id='word_1_431' title='bbox 366 3763 529 3834; x_wconf 85' lang='grc' dir='ltr'>φόϐου</span> <span class='ocrx_word' id='word_1_432' title='bbox 574 3764 732 3828; x_wconf 86' lang='grc' dir='ltr'>Θεοῦ,</span> <span class='ocrx_word' id='word_1_433' title='bbox 759 3763 792 3834; x_wconf 82' lang='grc' dir='ltr'>ἢ</span> <span class='ocrx_word' id='word_1_434' title='bbox 822 3763 950 3834; x_wconf 78' lang='grc' dir='ltr'>περὶ</span> <span class='ocrx_word' id='word_1_435' title='bbox 980 3763 1149 3834; x_wconf 80' lang='grc' dir='ltr'>ἄλλης</span> <span class='ocrx_word' id='word_1_436' title='bbox 1181 3763 1380 3834; x_wconf 84' lang='grc' dir='ltr'>ἀρετῆς</span> <span class='ocrx_word' id='word_1_437' title='bbox 1407 3780 1422 3829; x_wconf 91' lang='lat'><strong>;</strong></span> <span class='ocrx_word' id='word_1_438' title='bbox 1462 3764 1491 3816; x_wconf 84' lang='grc' dir='ltr'>ὁ</span> <span class='ocrx_word' id='word_1_439' title='bbox 1531 3762 1588 3815; x_wconf 81' lang='grc' dir='ltr'>δὲ</span> <span class='ocrx_word' id='word_1_440' title='bbox 1620 3763 1773 3832; x_wconf 75' lang='grc' dir='ltr'>ἅγιος</span> 
     </span>
    </p>
   </div>
   <div class='ocr_carea' id='block_1_53' title="bbox 199 3853 1772 3926">
    <p class='ocr_par' dir='ltr' id='par_1_53' title="bbox 199 3853 1772 3926">
     <span class='ocr_line' id='line_1_53' title="bbox 199 3853 1772 3926; baseline 0 -18"><span class='ocrx_word' id='word_1_441' title='bbox 199 3856 308 3926; x_wconf 85' lang='grc' dir='ltr'><strong>οὐχ</strong></span> <span class='ocrx_word' id='word_1_442' title='bbox 345 3855 537 3921; x_wconf 76' lang='grc' dir='ltr'>οὕτως,</span> <span class='ocrx_word' id='word_1_443' title='bbox 568 3855 703 3910; x_wconf 85' lang='grc' dir='ltr'><strong>ἀλλά</strong></span> <span class='ocrx_word' id='word_1_444' title='bbox 740 3854 876 3926; x_wconf 83' lang='grc' dir='ltr'>μετὰ</span> <span class='ocrx_word' id='word_1_445' title='bbox 900 3855 1212 3926; x_wconf 77' lang='grc' dir='ltr'>παῤῥησίας</span> <span class='ocrx_word' id='word_1_446' title='bbox 1242 3853 1412 3922; x_wconf 77' lang='grc' dir='ltr'>ἔλεγε·</span> <span class='ocrx_word' id='word_1_447' title='bbox 1437 3854 1642 3918; x_wconf 86' lang='grc' dir='ltr'>Δεῦτε,</span> <span class='ocrx_word' id='word_1_448' title='bbox 1678 3853 1772 3908; x_wconf 84' lang='grc' dir='ltr'><strong>τέ-</strong></span> 
     </span>
    </p>
   </div>
   <div class='ocr_carea' id='block_1_54' title="bbox 201 3945 1771 4017">
    <p class='ocr_par' dir='ltr' id='par_1_54' title="bbox 201 3945 1771 4017">
     <span class='ocr_line' id='line_1_54' title="bbox 201 3945 1771 4017; baseline -0.001 -16"><span class='ocrx_word' id='word_1_449' title='bbox 201 3963 344 4009; x_wconf 81' lang='grc' dir='ltr'>κνα,</span> <span class='ocrx_word' id='word_1_450' title='bbox 375 3945 676 4002; x_wconf 82' lang='grc' dir='ltr'><strong>ἀκούσατέ</strong></span> <span class='ocrx_word' id='word_1_451' title='bbox 697 3964 841 4016; x_wconf 85' lang='grc' dir='ltr'>μου,</span> <span class='ocrx_word' id='word_1_452' title='bbox 874 3947 1063 4017; x_wconf 75' lang='grc' dir='ltr'>φόϐον</span> <span class='ocrx_word' id='word_1_453' title='bbox 1090 3947 1310 4016; x_wconf 80' lang='lat' dir='ltr'><strong>Kvplov</strong></span> <span class='ocrx_word' id='word_1_454' title='bbox 1339 3945 1558 4010; x_wconf 79' lang='grc' dir='ltr'><strong>διδάξω</strong></span> <span class='ocrx_word' id='word_1_455' title='bbox 1593 3945 1771 4016; x_wconf 83' lang='grc' dir='ltr'>ὑμᾶς.</span> 
     </span>
    </p>
   </div>
   <div class='ocr_carea' id='block_1_55' title="bbox 209 4037 1776 4108">
    <p class='ocr_par' dir='ltr' id='par_1_55' title="bbox 209 4037 1776 4108">
     <span class='ocr_line' id='line_1_55' title="bbox 209 4037 1776 4108; baseline -0.002 -14"><span class='ocrx_word' id='word_1_456' title='bbox 209 4040 312 4105; x_wconf 78' lang='grc' dir='ltr'>Τίς</span> <span class='ocrx_word' id='word_1_457' title='bbox 335 4039 506 4092; x_wconf 85' lang='grc' dir='ltr'>ἐστιν</span> <span class='ocrx_word' id='word_1_458' title='bbox 534 4037 846 4106; x_wconf 81' lang='grc' dir='ltr'>ἄνθρωπος</span> <span class='ocrx_word' id='word_1_459' title='bbox 874 4041 908 4092; x_wconf 89' lang='grc' dir='ltr'><strong>ό</strong></span> <span class='ocrx_word' id='word_1_460' title='bbox 935 4038 1128 4093; x_wconf 85' lang='grc' dir='ltr'>θέλων</span> <span class='ocrx_word' id='word_1_461' title='bbox 1151 4037 1322 4105; x_wconf 80' lang='grc' dir='ltr'>ζωὴν,</span> <span class='ocrx_word' id='word_1_462' title='bbox 1359 4037 1603 4108; x_wconf 72' lang='grc' dir='ltr'>ἀγαπῶν</span> <span class='ocrx_word' id='word_1_463' title='bbox 1631 4037 1776 4106; x_wconf 79' lang='grc' dir='ltr'><strong>ἠμέ-</strong></span> 
     </span>
    </p>
   </div>
   <div class='ocr_carea' id='block_1_56' title="bbox 191 4124 1772 4206">
    <p class='ocr_par' dir='ltr' id='par_1_56' title="bbox 191 4124 1772 4206">
     <span class='ocr_line' id='line_1_56' title="bbox 191 4124 1772 4206; baseline -0.001 -24"><span class='ocrx_word' id='word_1_464' title='bbox 191 4147 320 4206; x_wconf 69' lang='grc' dir='ltr'>ρας</span> <span class='ocrx_word' id='word_1_465' title='bbox 361 4127 508 4182; x_wconf 73' lang='grc' dir='ltr'>ἰδεῖν</span> <span class='ocrx_word' id='word_1_466' title='bbox 538 4129 801 4196; x_wconf 76' lang='grc' dir='ltr'>ἀγαθάς;</span> <span class='ocrx_word' id='word_1_467' title='bbox 829 4124 984 4196; x_wconf 72' lang='grc' dir='ltr'>Εἶτα,</span> <span class='ocrx_word' id='word_1_468' title='bbox 1023 4127 1098 4192; x_wconf 85' lang='grc' dir='ltr'>ὧς</span> <span class='ocrx_word' id='word_1_469' title='bbox 1131 4145 1279 4192; x_wconf 87' lang='grc' dir='ltr'>τινος</span> <span class='ocrx_word' id='word_1_470' title='bbox 1320 4127 1772 4200; x_wconf 81' lang='grc' dir='ltr'>ἀποκρινομένου,</span> 
     </span>
    </p>
   </div>
   <div class='ocr_carea' id='block_1_57' title="bbox 201 4216 1777 4289">
    <p class='ocr_par' dir='ltr' id='par_1_57' title="bbox 201 4216 1777 4289">
     <span class='ocr_line' id='line_1_57' title="bbox 201 4216 1777 4289; baseline -0.001 -16"><span class='ocrx_word' id='word_1_471' title='bbox 201 4221 290 4273; x_wconf 81' lang='grc' dir='ltr'>ὅτι</span> <span class='ocrx_word' id='word_1_472' title='bbox 333 4216 471 4287; x_wconf 87' lang='grc' dir='ltr'><strong>Ἐγὼ</strong></span> <span class='ocrx_word' id='word_1_473' title='bbox 499 4216 657 4282; x_wconf 85' lang='grc' dir='ltr'>θέλω,</span> <span class='ocrx_word' id='word_1_474' title='bbox 687 4217 896 4283; x_wconf 83' lang='grc' dir='ltr'>δίδαξόν</span> <span class='ocrx_word' id='word_1_475' title='bbox 931 4235 999 4289; x_wconf 80' lang='grc' dir='ltr'><strong>με</strong></span> <span class='ocrx_word' id='word_1_476' title='bbox 1027 4217 1143 4282; x_wconf 83' lang='grc' dir='ltr'>πῶς</span> <span class='ocrx_word' id='word_1_477' title='bbox 1166 4218 1346 4289; x_wconf 82' lang='grc' dir='ltr'>ζῆσαι,</span> <span class='ocrx_word' id='word_1_478' title='bbox 1364 4217 1458 4270; x_wconf 74' lang='grc' dir='ltr'>καὶ</span> <span class='ocrx_word' id='word_1_479' title='bbox 1491 4217 1615 4271; x_wconf 80' lang='grc' dir='ltr'>ίδεϊν</span> <span class='ocrx_word' id='word_1_480' title='bbox 1640 4219 1777 4287; x_wconf 81' lang='grc' dir='ltr'>ἠμέ-</span> 
     </span>
    </p>
   </div>
   <div class='ocr_carea' id='block_1_58' title="bbox 204 4307 1779 4380">
    <p class='ocr_par' dir='ltr' id='par_1_58' title="bbox 204 4307 1779 4380">
     <span class='ocr_line' id='line_1_58' title="bbox 204 4307 1779 4380; baseline 0.001 -17"><span class='ocrx_word' id='word_1_481' title='bbox 204 4326 314 4380; x_wconf 86' lang='grc' dir='ltr'>ρας</span> <span class='ocrx_word' id='word_1_482' title='bbox 344 4309 572 4377; x_wconf 85' lang='grc' dir='ltr'>ἀγαθάς,</span> <span class='ocrx_word' id='word_1_483' title='bbox 604 4309 844 4363; x_wconf 83' lang='grc' dir='ltr'>διδάσκει</span> <span class='ocrx_word' id='word_1_484' title='bbox 869 4311 963 4363; x_wconf 78' lang='grc' dir='ltr'><strong>καὶ</strong></span> <span class='ocrx_word' id='word_1_485' title='bbox 981 4310 1148 4379; x_wconf 81' lang='grc' dir='ltr'>λέγει·</span> <span class='ocrx_word' id='word_1_486' title='bbox 1171 4309 1419 4364; x_wconf 84' lang='grc' dir='ltr'>Παῦσον</span> <span class='ocrx_word' id='word_1_487' title='bbox 1439 4307 1556 4376; x_wconf 82' lang='grc' dir='ltr'>τὴν</span> <span class='ocrx_word' id='word_1_488' title='bbox 1587 4307 1779 4380; x_wconf 79' lang='grc' dir='ltr'><strong>τλῶσο</strong></span> 
     </span>
    </p>
   </div>
   <div class='ocr_carea' id='block_1_59' title="bbox 1863 2104 3435 2188">
    <p class='ocr_par' dir='ltr' id='par_1_59' title="bbox 1863 2104 3435 2188">
     <span class='ocr_line' id='line_1_59' title="bbox 1863 2104 3435 2188; baseline -0.011 -15"><span class='ocrx_word' id='word_1_489' title='bbox 1863 2120 2122 2188; x_wconf 88' lang='lat' dir='ltr'><strong>timelqne</strong></span> <span class='ocrx_word' id='word_1_490' title='bbox 2149 2132 2272 2172; x_wconf 92' lang='lat' dir='ltr'><strong>cum</strong></span> <span class='ocrx_word' id='word_1_491' title='bbox 2296 2115 2488 2186; x_wconf 79' lang='lat' dir='ltr'><strong>diligit.</strong></span> <span class='ocrx_word' id='word_1_492' title='bbox 2516 2113 2690 2184; x_wconf 86' lang='lat' dir='ltr'><strong>Atque</strong></span> <span class='ocrx_word' id='word_1_493' title='bbox 2720 2111 2808 2166; x_wconf 91' lang='lat' dir='ltr'><strong>hic</strong></span> <span class='ocrx_word' id='word_1_494' title='bbox 2832 2124 3063 2180; x_wconf 84' lang='lat' dir='ltr'><strong>magnus</strong></span> <span class='ocrx_word' id='word_1_495' title='bbox 3084 2116 3137 2162; x_wconf 93' lang='lat' dir='ltr'><strong>et</strong></span> <span class='ocrx_word' id='word_1_496' title='bbox 3165 2104 3435 2176; x_wconf 83' lang='lat' dir='ltr'><strong>perfectus</strong></span> 
     </span>
    </p>
   </div>
   <div class='ocr_carea' id='block_1_60' title="bbox 1861 2199 3437 2278">
    <p class='ocr_par' dir='ltr' id='par_1_60' title="bbox 1861 2199 3437 2278">
     <span class='ocr_line' id='line_1_60' title="bbox 1861 2199 3437 2278; baseline -0.011 -9"><span class='ocrx_word' id='word_1_497' title='bbox 1861 2225 1944 2269; x_wconf 90' lang='lat' dir='ltr'><strong>est</strong></span> <span class='ocrx_word' id='word_1_498' title='bbox 1974 2213 2156 2268; x_wconf 86' lang='lat' dir='ltr'><strong>timor.</strong></span> <span class='ocrx_word' id='word_1_499' title='bbox 2181 2209 2258 2264; x_wconf 81' lang='lat' dir='ltr'><strong>Ex</strong></span> <span class='ocrx_word' id='word_1_500' title='bbox 2288 2209 2390 2263; x_wconf 91' lang='lat' dir='ltr'><strong>hoc</strong></span> <span class='ocrx_word' id='word_1_501' title='bbox 2417 2207 2676 2278; x_wconf 79' lang='lat' dir='ltr'><strong>propheta</strong></span> <span class='ocrx_word' id='word_1_502' title='bbox 2703 2221 2802 2259; x_wconf 90' lang='lat' dir='ltr'><strong>nos</strong></span> <span class='ocrx_word' id='word_1_503' title='bbox 2827 2205 3015 2259; x_wconf 88' lang='lat' dir='ltr'><strong>edocet</strong></span> <span class='ocrx_word' id='word_1_504' title='bbox 3045 2199 3188 2272; x_wconf 85' lang='lat' dir='ltr'><strong>quod</strong></span> <span class='ocrx_word' id='word_1_505' title='bbox 3215 2199 3437 2254; x_wconf 89' lang='lat' dir='ltr'><strong>timores</strong></span> 
     </span>
    </p>
   </div>
   <div class='ocr_carea' id='block_1_61' title="bbox 1863 2287 3440 2362">
    <p class='ocr_par' dir='ltr' id='par_1_61' title="bbox 1863 2287 3440 2362">
     <span class='ocr_line' id='line_1_61' title="bbox 1863 2287 3440 2362; baseline -0.011 -2"><span class='ocrx_word' id='word_1_506' title='bbox 1863 2307 1950 2362; x_wconf 90' lang='lat' dir='ltr'><strong>isti</strong></span> <span class='ocrx_word' id='word_1_507' title='bbox 1977 2305 2116 2358; x_wconf 91' lang='lat' dir='ltr'><strong>inter</strong></span> <span class='ocrx_word' id='word_1_508' title='bbox 2151 2317 2208 2358; x_wconf 88' lang='lat' dir='ltr'><strong>se</strong></span> <span class='ocrx_word' id='word_1_509' title='bbox 2238 2298 2508 2362; x_wconf 69' lang='lat' dir='ltr'><strong>dilferant,</strong></span> <span class='ocrx_word' id='word_1_510' title='bbox 2534 2312 2657 2353; x_wconf 87' lang='lat' dir='ltr'><strong>cum</strong></span> <span class='ocrx_word' id='word_1_511' title='bbox 2691 2296 2766 2350; x_wconf 91' lang='lat' dir='ltr'><strong>ait</strong></span> <span class='ocrx_word' id='word_1_512' title='bbox 2807 2313 2819 2348; x_wconf 92' lang='lat'>:</span> <span class='ocrx_word' id='word_1_513' title='bbox 2862 2292 3063 2360; x_wconf 83' lang='lat' dir='ltr'><strong>Venite,</strong></span> <span class='ocrx_word' id='word_1_514' title='bbox 3095 2291 3228 2361; x_wconf 81' lang='lat' dir='ltr'><strong>ﬁlii,</strong></span> <span class='ocrx_word' id='word_1_515' title='bbox 3262 2287 3440 2342; x_wconf 81' lang='lat' dir='ltr'><strong>audite</strong></span> 
     </span>
    </p>
   </div>
   <div class='ocr_carea' id='block_1_62' title="bbox 1862 2378 3437 2460">
    <p class='ocr_par' dir='ltr' id='par_1_62' title="bbox 1862 2378 3437 2460">
     <span class='ocr_line' id='line_1_62' title="bbox 1862 2378 3437 2460; baseline -0.011 -12"><span class='ocrx_word' id='word_1_516' title='bbox 1862 2413 1978 2460; x_wconf 87' lang='lat' dir='ltr'><strong>me,</strong></span> <span class='ocrx_word' id='word_1_517' title='bbox 2021 2395 2256 2448; x_wconf 84' lang='lat' dir='ltr'><strong>timorem</strong></span> <span class='ocrx_word' id='word_1_518' title='bbox 2288 2391 2501 2445; x_wconf 81' lang='lat' dir='ltr'><strong>Domini</strong></span> <span class='ocrx_word' id='word_1_519' title='bbox 2541 2387 2731 2442; x_wconf 78' lang='lat' dir='ltr'><strong>docebo</strong></span> <span class='ocrx_word' id='word_1_520' title='bbox 2766 2402 2853 2439; x_wconf 75' lang='lat' dir='ltr'><strong>vos</strong></span> <span class='ocrx_word' id='word_1_521' title='bbox 2888 2396 2949 2439; x_wconf 80' lang='grc' dir='ltr'>ω.</span> <span class='ocrx_word' id='word_1_522' title='bbox 3003 2381 3277 2438; x_wconf 82' lang='lat' dir='ltr'><strong>Advertite</strong></span> <span class='ocrx_word' id='word_1_523' title='bbox 3317 2378 3437 2432; x_wconf 86' lang='lat' dir='ltr'><strong>ani-</strong></span> 
     </span>
    </p>
   </div>
   <div class='ocr_carea' id='block_1_63' title="bbox 1864 2471 3438 2552">
    <p class='ocr_par' dir='ltr' id='par_1_63' title="bbox 1864 2471 3438 2552">
     <span class='ocr_line' id='line_1_63' title="bbox 1864 2471 3438 2552; baseline -0.011 -11"><span class='ocrx_word' id='word_1_524' title='bbox 1864 2502 2009 2542; x_wconf 90' lang='lat' dir='ltr'><strong>mum</strong></span> <span class='ocrx_word' id='word_1_525' title='bbox 2055 2485 2123 2539; x_wconf 88' lang='lat' dir='ltr'><strong>ad</strong></span> <span class='ocrx_word' id='word_1_526' title='bbox 2165 2484 2375 2552; x_wconf 74' lang='lat' dir='ltr'><strong>singula</strong></span> <span class='ocrx_word' id='word_1_527' title='bbox 2415 2480 2690 2551; x_wconf 69' lang='lat' dir='ltr'><strong>prophetae</strong></span> <span class='ocrx_word' id='word_1_528' title='bbox 2721 2478 2921 2533; x_wconf 86' lang='lat' dir='ltr'><strong>verba:</strong></span> <span class='ocrx_word' id='word_1_529' title='bbox 2974 2471 3438 2547; x_wconf 88' lang='lat' dir='ltr'><strong>quemadmodum</strong></span> 
     </span>
    </p>
   </div>
   <div class='ocr_carea' id='block_1_64' title="bbox 1865 2561 3440 2649">
    <p class='ocr_par' dir='ltr' id='par_1_64' title="bbox 1865 2561 3440 2649">
     <span class='ocr_line' id='line_1_64' title="bbox 1865 2561 3440 2649; baseline -0.011 -15"><span class='ocrx_word' id='word_1_530' title='bbox 1865 2591 2205 2649; x_wconf 67' lang='lat' dir='ltr'><strong>unaquaeque</strong></span> <span class='ocrx_word' id='word_1_531' title='bbox 2223 2573 2390 2630; x_wconf 89' lang='lat' dir='ltr'><strong>dictio</strong></span> <span class='ocrx_word' id='word_1_532' title='bbox 2417 2585 2686 2629; x_wconf 86' lang='lat' dir='ltr'><strong>summam</strong></span> <span class='ocrx_word' id='word_1_533' title='bbox 2716 2569 2824 2624; x_wconf 89' lang='lat' dir='ltr'><strong>vim</strong></span> <span class='ocrx_word' id='word_1_534' title='bbox 2857 2568 3074 2632; x_wconf 88' lang='lat' dir='ltr'><strong>habeat,</strong></span> <span class='ocrx_word' id='word_1_535' title='bbox 3104 2561 3440 2632; x_wconf 87' lang='lat' dir='ltr'><strong>contempla-</strong></span> 
     </span>
    </p>
   </div>
   <div class='ocr_carea' id='block_1_65' title="bbox 1864 2655 3443 2738">
    <p class='ocr_par' dir='ltr' id='par_1_65' title="bbox 1864 2655 3443 2738">
     <span class='ocr_line' id='line_1_65' title="bbox 1864 2655 3443 2738; baseline -0.012 -11"><span class='ocrx_word' id='word_1_536' title='bbox 1864 2674 2016 2733; x_wconf 87' lang='lat' dir='ltr'><strong>mini.</strong></span> <span class='ocrx_word' id='word_1_537' title='bbox 2067 2669 2308 2724; x_wconf 85' lang='lat' dir='ltr'><strong>Primum</strong></span> <span class='ocrx_word' id='word_1_538' title='bbox 2335 2667 2494 2738; x_wconf 78' lang='lat' dir='ltr'><strong>igitur</strong></span> <span class='ocrx_word' id='word_1_539' title='bbox 2533 2664 2731 2734; x_wconf 89' lang='lat' dir='ltr'><strong>inquit,</strong></span> <span class='ocrx_word' id='word_1_540' title='bbox 2784 2663 2985 2725; x_wconf 82' lang='lat' dir='ltr'><strong>Venite,</strong></span> <span class='ocrx_word' id='word_1_541' title='bbox 3022 2658 3146 2729; x_wconf 74' lang='lat' dir='ltr'><strong>ﬁlii.</strong></span> <span class='ocrx_word' id='word_1_542' title='bbox 3183 2655 3443 2711; x_wconf 82' lang='lat' dir='ltr'><strong>Hortatur</strong></span> 
     </span>
    </p>
   </div>
   <div class='ocr_carea' id='block_1_66' title="bbox 1865 2746 3439 2821">
    <p class='ocr_par' dir='ltr' id='par_1_66' title="bbox 1865 2746 3439 2821">
     <span class='ocr_line' id='line_1_66' title="bbox 1865 2746 3439 2821; baseline -0.014 -2"><span class='ocrx_word' id='word_1_543' title='bbox 1865 2779 1966 2819; x_wconf 89' lang='lat' dir='ltr'><strong>nos</strong></span> <span class='ocrx_word' id='word_1_544' title='bbox 2001 2761 2067 2817; x_wconf 86' lang='lat' dir='ltr'><strong>ad</strong></span> <span class='ocrx_word' id='word_1_545' title='bbox 2097 2761 2371 2820; x_wconf 87' lang='lat' dir='ltr'><strong>virtutem,</strong></span> <span class='ocrx_word' id='word_1_546' title='bbox 2399 2771 2520 2811; x_wconf 91' lang='lat' dir='ltr'><strong>cum</strong></span> <span class='ocrx_word' id='word_1_547' title='bbox 2551 2753 2644 2808; x_wconf 84' lang='lat' dir='ltr'><strong>lilii</strong></span> <span class='ocrx_word' id='word_1_548' title='bbox 2673 2769 2867 2808; x_wconf 88' lang='lat' dir='ltr'><strong>nomen</strong></span> <span class='ocrx_word' id='word_1_549' title='bbox 2896 2751 3108 2821; x_wconf 75' lang='lat' dir='ltr'><strong>adjicit-</strong></span> <span class='ocrx_word' id='word_1_550' title='bbox 3135 2748 3274 2803; x_wconf 85' lang='lat' dir='ltr'><strong>lilios</strong></span> <span class='ocrx_word' id='word_1_551' title='bbox 3294 2746 3439 2801; x_wconf 90' lang='lat' dir='ltr'><strong>cnim</strong></span> 
     </span>
    </p>
   </div>
   <div class='ocr_carea' id='block_1_67' title="bbox 1866 2835 3442 2926">
    <p class='ocr_par' dir='ltr' id='par_1_67' title="bbox 1866 2835 3442 2926">
     <span class='ocr_line' id='line_1_67' title="bbox 1866 2835 3442 2926; baseline -0.015 -14"><span class='ocrx_word' id='word_1_552' title='bbox 1866 2857 2202 2926; x_wconf 85' lang='lat' dir='ltr'><strong>appellavere</strong></span> <span class='ocrx_word' id='word_1_553' title='bbox 2243 2851 2345 2906; x_wconf 81' lang='lat' dir='ltr'><strong>viri</strong></span> <span class='ocrx_word' id='word_1_554' title='bbox 2393 2849 2565 2905; x_wconf 89' lang='lat' dir='ltr'><strong>sancti</strong></span> <span class='ocrx_word' id='word_1_555' title='bbox 2610 2861 2905 2904; x_wconf 89' lang='lat' dir='ltr'><strong>conversos</strong></span> <span class='ocrx_word' id='word_1_556' title='bbox 2937 2845 3002 2899; x_wconf 77' lang='lat' dir='ltr'><strong>ab</strong></span> <span class='ocrx_word' id='word_1_557' title='bbox 3047 2841 3331 2911; x_wconf 89' lang='lat' dir='ltr'><strong>iniquitate</strong></span> <span class='ocrx_word' id='word_1_558' title='bbox 3373 2835 3442 2890; x_wconf 87' lang='lat' dir='ltr'><strong>ad</strong></span> 
     </span>
    </p>
   </div>
   <div class='ocr_carea' id='block_1_68' title="bbox 1864 2932 3442 3018">
    <p class='ocr_par' dir='ltr' id='par_1_68' title="bbox 1864 2932 3442 3018">
     <span class='ocr_line' id='line_1_68' title="bbox 1864 2932 3442 3018; baseline -0.013 -16"><span class='ocrx_word' id='word_1_559' title='bbox 1864 2948 2132 3018; x_wconf 82' lang='lat' dir='ltr'><strong>justitiam</strong></span> <span class='ocrx_word' id='word_1_560' title='bbox 2163 2953 2216 2998; x_wconf 91' lang='lat' dir='ltr'><strong>et</strong></span> <span class='ocrx_word' id='word_1_561' title='bbox 2245 2944 2522 3004; x_wconf 90' lang='lat' dir='ltr'><strong>virtutem,</strong></span> <span class='ocrx_word' id='word_1_562' title='bbox 2553 2948 2612 2995; x_wconf 90' lang='lat' dir='ltr'><strong>ut</strong></span> <span class='ocrx_word' id='word_1_563' title='bbox 2641 2939 2718 2994; x_wconf 88' lang='lat' dir='ltr'><strong>ait</strong></span> <span class='ocrx_word' id='word_1_564' title='bbox 2750 2937 3040 3006; x_wconf 84' lang='lat' dir='ltr'><strong>Apostolus</strong></span> <span class='ocrx_word' id='word_1_565' title='bbox 3079 2952 3092 2988; x_wconf 92' lang='lat'><strong>:</strong></span> <span class='ocrx_word' id='word_1_566' title='bbox 3130 2932 3284 2997; x_wconf 85' lang='lat' dir='ltr'><strong>Filii,</strong></span> <span class='ocrx_word' id='word_1_567' title='bbox 3313 2945 3442 2997; x_wconf 72' lang='lat' dir='ltr'><strong>quos</strong></span> 
     </span>
    </p>
   </div>
   <div class='ocr_carea' id='block_1_69' title="bbox 1869 3027 3440 3108">
    <p class='ocr_par' dir='ltr' id='par_1_69' title="bbox 1869 3027 3440 3108">
     <span class='ocr_line' id='line_1_69' title="bbox 1869 3027 3440 3108; baseline -0.012 -13"><span class='ocrx_word' id='word_1_568' title='bbox 1869 3043 2059 3095; x_wconf 87' lang='lat' dir='ltr'><strong>iterum</strong></span> <span class='ocrx_word' id='word_1_569' title='bbox 2085 3037 2345 3108; x_wconf 83' lang='lat' dir='ltr'><strong>pa‘rturio,</strong></span> <span class='ocrx_word' id='word_1_570' title='bbox 2379 3035 2539 3088; x_wconf 87' lang='lat' dir='ltr'><strong>donec</strong></span> <span class='ocrx_word' id='word_1_571' title='bbox 2569 3031 2811 3088; x_wconf 82' lang='lat' dir='ltr'><strong>Christus</strong></span> <span class='ocrx_word' id='word_1_572' title='bbox 2847 3031 3106 3099; x_wconf 80' lang='lat' dir='ltr'><strong>formetur</strong></span> <span class='ocrx_word' id='word_1_573' title='bbox 3137 3028 3192 3080; x_wconf 89' lang='lat' dir='ltr'><strong>in</strong></span> <span class='ocrx_word' id='word_1_574' title='bbox 3221 3027 3361 3079; x_wconf 79' lang='lat' dir='ltr'><strong>vobis</strong></span> <span class='ocrx_word' id='word_1_575' title='bbox 3390 3029 3440 3073; x_wconf 76' lang='grc'><strong>³³.</strong></span> 
     </span>
    </p>
   </div>
   <div class='ocr_carea' id='block_1_70' title="bbox 1869 3119 3444 3189">
    <p class='ocr_par' dir='ltr' id='par_1_70' title="bbox 1869 3119 3444 3189">
     <span class='ocr_line' id='line_1_70' title="bbox 1869 3119 3444 3189; baseline -0.008 -2"><span class='ocrx_word' id='word_1_576' title='bbox 1869 3132 2071 3188; x_wconf 87' lang='lat' dir='ltr'><strong>Deinde</strong></span> <span class='ocrx_word' id='word_1_577' title='bbox 2107 3144 2233 3186; x_wconf 89' lang='lat' dir='ltr'><strong>cum</strong></span> <span class='ocrx_word' id='word_1_578' title='bbox 2274 3143 2376 3183; x_wconf 87' lang='lat' dir='ltr'><strong>nos</strong></span> <span class='ocrx_word' id='word_1_579' title='bbox 2418 3127 2734 3181; x_wconf 80' lang='lat' dir='ltr'><strong>exhortatus</strong></span> <span class='ocrx_word' id='word_1_580' title='bbox 2779 3131 2924 3178; x_wconf 91' lang='lat' dir='ltr'><strong>esset</strong></span> <span class='ocrx_word' id='word_1_581' title='bbox 2958 3122 3025 3176; x_wconf 87' lang='lat' dir='ltr'><strong>ad</strong></span> <span class='ocrx_word' id='word_1_582' title='bbox 3068 3119 3444 3189; x_wconf 84' lang='lat' dir='ltr'><strong>hujuscemodi</strong></span> 
     </span>
    </p>
   </div>
   <div class='ocr_carea' id='block_1_71' title="bbox 1870 3212 3443 3282">
    <p class='ocr_par' dir='ltr' id='par_1_71' title="bbox 1870 3212 3443 3282">
     <span class='ocr_line' id='line_1_71' title="bbox 1870 3212 3443 3282; baseline -0.01 -1"><span class='ocrx_word' id='word_1_583' title='bbox 1870 3223 2279 3281; x_wconf 88' lang='lat' dir='ltr'><strong>conversionem</strong></span> <span class='ocrx_word' id='word_1_584' title='bbox 2307 3227 2361 3274; x_wconf 89' lang='lat' dir='ltr'><strong>et</strong></span> <span class='ocrx_word' id='word_1_585' title='bbox 2383 3216 2848 3279; x_wconf 80' lang='lat' dir='ltr'><strong>reformationem,</strong></span> <span class='ocrx_word' id='word_1_586' title='bbox 2885 3213 3187 3282; x_wconf 75' lang='lat' dir='ltr'><strong>subiunxit,</strong></span> <span class='ocrx_word' id='word_1_587' title='bbox 3214 3212 3402 3267; x_wconf 89' lang='lat' dir='ltr'><strong>dicens</strong></span> <span class='ocrx_word' id='word_1_588' title='bbox 3426 3229 3443 3266; x_wconf 92' lang='lat'><strong>:</strong></span> 
     </span>
    </p>
   </div>
   <div class='ocr_carea' id='block_1_72' title="bbox 1874 3303 3447 3374">
    <p class='ocr_par' dir='ltr' id='par_1_72' title="bbox 1874 3303 3447 3374">
     <span class='ocr_line' id='line_1_72' title="bbox 1874 3303 3447 3374; baseline -0.008 -3"><span class='ocrx_word' id='word_1_589' title='bbox 1874 3316 2134 3371; x_wconf 86' lang='lat' dir='ltr'><strong>Timorem</strong></span> <span class='ocrx_word' id='word_1_590' title='bbox 2171 3311 2377 3366; x_wconf 84' lang='lat' dir='ltr'><strong>Domini</strong></span> <span class='ocrx_word' id='word_1_591' title='bbox 2417 3308 2608 3364; x_wconf 87' lang='lat' dir='ltr'><strong>docebo</strong></span> <span class='ocrx_word' id='word_1_592' title='bbox 2646 3324 2754 3362; x_wconf 77' lang='lat' dir='ltr'><strong>vos.</strong></span> <span class='ocrx_word' id='word_1_593' title='bbox 2794 3303 3251 3374; x_wconf 89' lang='lat' dir='ltr'><strong>Contemplamini</strong></span> <span class='ocrx_word' id='word_1_594' title='bbox 3298 3318 3447 3359; x_wconf 88' lang='lat' dir='ltr'><strong>nunc</strong></span> 
     </span>
    </p>
   </div>
   <div class='ocr_carea' id='block_1_73' title="bbox 1866 3395 3448 3481">
    <p class='ocr_par' dir='ltr' id='par_1_73' title="bbox 1866 3395 3448 3481">
     <span class='ocr_line' id='line_1_73' title="bbox 1866 3395 3448 3481; baseline -0.009 -18"><span class='ocrx_word' id='word_1_595' title='bbox 1866 3409 2144 3481; x_wconf 73' lang='lat' dir='ltr'><strong>prophetae</strong></span> <span class='ocrx_word' id='word_1_596' title='bbox 2181 3403 2455 3459; x_wconf 78' lang='lat' dir='ltr'><strong>ﬁduciam.</strong></span> <span class='ocrx_word' id='word_1_597' title='bbox 2507 3397 2615 3456; x_wconf 83' lang='lat' dir='ltr'><strong>Nos</strong></span> <span class='ocrx_word' id='word_1_598' title='bbox 2662 3415 2787 3454; x_wconf 91' lang='lat' dir='ltr'><strong>cum</strong></span> <span class='ocrx_word' id='word_1_599' title='bbox 2836 3398 3088 3453; x_wconf 88' lang='lat' dir='ltr'><strong>volumus</strong></span> <span class='ocrx_word' id='word_1_600' title='bbox 3131 3395 3200 3452; x_wconf 91' lang='lat' dir='ltr'><strong>de</strong></span> <span class='ocrx_word' id='word_1_601' title='bbox 3249 3397 3448 3450; x_wconf 87' lang='lat' dir='ltr'><strong>virtute</strong></span> 
     </span>
    </p>
   </div>
   <div class='ocr_carea' id='block_1_74' title="bbox 1870 3485 3447 3570">
    <p class='ocr_par' dir='ltr' id='par_1_74' title="bbox 1870 3485 3447 3570">
     <span class='ocr_line' id='line_1_74' title="bbox 1870 3485 3447 3570; baseline -0.009 -17"><span class='ocrx_word' id='word_1_602' title='bbox 1870 3499 2050 3570; x_wconf 87' lang='lat' dir='ltr'><strong>aliqua</strong></span> <span class='ocrx_word' id='word_1_603' title='bbox 2097 3496 2238 3565; x_wconf 87' lang='lat' dir='ltr'><strong>apud</strong></span> <span class='ocrx_word' id='word_1_604' title='bbox 2286 3509 2385 3548; x_wconf 90' lang='lat' dir='ltr'><strong>vos</strong></span> <span class='ocrx_word' id='word_1_605' title='bbox 2424 3491 2584 3546; x_wconf 87' lang='lat' dir='ltr'><strong>verba</strong></span> <span class='ocrx_word' id='word_1_606' title='bbox 2621 3487 2839 3555; x_wconf 79' lang='lat' dir='ltr'><strong>facere,</strong></span> <span class='ocrx_word' id='word_1_607' title='bbox 2886 3503 3101 3557; x_wconf 88' lang='lat' dir='ltr'><strong>semper</strong></span> <span class='ocrx_word' id='word_1_608' title='bbox 3144 3486 3216 3542; x_wconf 90' lang='lat' dir='ltr'><strong>ita</strong></span> <span class='ocrx_word' id='word_1_609' title='bbox 3264 3485 3447 3569; x_wconf 80' lang='lat' dir='ltr'><strong>dicere</strong></span> 
     </span>
    </p>
   </div>
   <div class='ocr_carea' id='block_1_75' title="bbox 1871 3557 3445 3651">
    <p class='ocr_par' dir='ltr' id='par_1_75' title="bbox 1871 3557 3445 3651">
     <span class='ocr_line' id='line_1_75' title="bbox 1871 3557 3445 3651; baseline -0.01 -4"><span class='ocrx_word' id='word_1_610' title='bbox 1871 3557 2250 3647; x_wconf 70' lang='lat' dir='ltr'><strong>consuevimus</strong></span> <span class='ocrx_word' id='word_1_611' title='bbox 2270 3603 2283 3639; x_wconf 90' lang='lat'><strong>:</strong></span> <span class='ocrx_word' id='word_1_612' title='bbox 2302 3583 2383 3638; x_wconf 84' lang='lat' dir='ltr'><strong>An</strong></span> <span class='ocrx_word' id='word_1_613' title='bbox 2414 3583 2569 3638; x_wconf 88' lang='lat' dir='ltr'><strong>vobis</strong></span> <span class='ocrx_word' id='word_1_614' title='bbox 2591 3589 2805 3651; x_wconf 85' lang='lat' dir='ltr'><strong>gratum</strong></span> <span class='ocrx_word' id='word_1_615' title='bbox 2833 3587 2918 3634; x_wconf 90' lang='lat' dir='ltr'><strong>est</strong></span> <span class='ocrx_word' id='word_1_616' title='bbox 2945 3587 3006 3633; x_wconf 87' lang='lat' dir='ltr'><strong>ut</strong></span> <span class='ocrx_word' id='word_1_617' title='bbox 3027 3577 3230 3647; x_wconf 88' lang='lat' dir='ltr'><strong>aliquid</strong></span> <span class='ocrx_word' id='word_1_618' title='bbox 3257 3576 3325 3630; x_wconf 90' lang='lat' dir='ltr'><strong>de</strong></span> <span class='ocrx_word' id='word_1_619' title='bbox 3349 3557 3445 3631; x_wconf 81' lang='lat' dir='ltr'><strong>Dei</strong></span> 
     </span>
    </p>
   </div>
   <div class='ocr_carea' id='block_1_76' title="bbox 1872 3667 3444 3746">
    <p class='ocr_par' dir='ltr' id='par_1_76' title="bbox 1872 3667 3444 3746">
     <span class='ocr_line' id='line_1_76' title="bbox 1872 3667 3444 3746; baseline -0.01 -11"><span class='ocrx_word' id='word_1_620' title='bbox 1872 3683 2085 3742; x_wconf 84' lang='lat' dir='ltr'><strong>timore,</strong></span> <span class='ocrx_word' id='word_1_621' title='bbox 2116 3678 2200 3732; x_wconf 89' lang='lat' dir='ltr'><strong>vel</strong></span> <span class='ocrx_word' id='word_1_622' title='bbox 2231 3678 2298 3732; x_wconf 86' lang='lat' dir='ltr'><strong>de</strong></span> <span class='ocrx_word' id='word_1_623' title='bbox 2325 3675 2518 3746; x_wconf 89' lang='lat' dir='ltr'><strong>quavis</strong></span> <span class='ocrx_word' id='word_1_624' title='bbox 2546 3673 2650 3727; x_wconf 88' lang='lat' dir='ltr'><strong>alia</strong></span> <span class='ocrx_word' id='word_1_625' title='bbox 2694 3672 2896 3726; x_wconf 88' lang='lat' dir='ltr'><strong>virtute</strong></span> <span class='ocrx_word' id='word_1_626' title='bbox 2937 3670 3080 3724; x_wconf 90' lang='lat' dir='ltr'><strong>inter</strong></span> <span class='ocrx_word' id='word_1_627' title='bbox 3109 3683 3212 3722; x_wconf 89' lang='lat' dir='ltr'><strong>nos</strong></span> <span class='ocrx_word' id='word_1_628' title='bbox 3254 3667 3444 3737; x_wconf 89' lang='lat' dir='ltr'><strong>dispu-</strong></span> 
     </span>
    </p>
   </div>
   <div class='ocr_carea' id='block_1_77' title="bbox 1872 3759 3444 3840">
    <p class='ocr_par' dir='ltr' id='par_1_77' title="bbox 1872 3759 3444 3840">
     <span class='ocr_line' id='line_1_77' title="bbox 1872 3759 3444 3840; baseline -0.01 -12"><span class='ocrx_word' id='word_1_629' title='bbox 1872 3771 2084 3828; x_wconf 82' lang='lat' dir='ltr'><strong>temus?</strong></span> <span class='ocrx_word' id='word_1_630' title='bbox 2103 3769 2371 3840; x_wconf 88' lang='lat' dir='ltr'><strong>Propheta</strong></span> <span class='ocrx_word' id='word_1_631' title='bbox 2397 3779 2577 3821; x_wconf 88' lang='lat' dir='ltr'><strong>autem</strong></span> <span class='ocrx_word' id='word_1_632' title='bbox 2595 3780 2703 3819; x_wconf 91' lang='lat' dir='ltr'><strong>non</strong></span> <span class='ocrx_word' id='word_1_633' title='bbox 2725 3764 2824 3827; x_wconf 89' lang='lat' dir='ltr'><strong>sic,</strong></span> <span class='ocrx_word' id='word_1_634' title='bbox 2852 3761 2944 3818; x_wconf 89' lang='lat' dir='ltr'><strong>sed</strong></span> <span class='ocrx_word' id='word_1_635' title='bbox 2969 3776 3090 3816; x_wconf 88' lang='lat' dir='ltr'><strong>cum</strong></span> <span class='ocrx_word' id='word_1_636' title='bbox 3120 3759 3314 3814; x_wconf 83' lang='lat' dir='ltr'><strong>ﬁducia</strong></span> <span class='ocrx_word' id='word_1_637' title='bbox 3335 3759 3444 3813; x_wconf 90' lang='lat' dir='ltr'><strong>ait:</strong></span> 
     </span>
    </p>
   </div>
   <div class='ocr_carea' id='block_1_78' title="bbox 1880 3851 3446 3932">
    <p class='ocr_par' dir='ltr' id='par_1_78' title="bbox 1880 3851 3446 3932">
     <span class='ocr_line' id='line_1_78' title="bbox 1880 3851 3446 3932; baseline -0.012 -11"><span class='ocrx_word' id='word_1_638' title='bbox 1880 3865 2080 3928; x_wconf 85' lang='lat' dir='ltr'><strong>Venite,</strong></span> <span class='ocrx_word' id='word_1_639' title='bbox 2111 3861 2232 3932; x_wconf 77' lang='lat' dir='ltr'><strong>ﬁlii,</strong></span> <span class='ocrx_word' id='word_1_640' title='bbox 2254 3859 2430 3914; x_wconf 85' lang='lat' dir='ltr'><strong>audite</strong></span> <span class='ocrx_word' id='word_1_641' title='bbox 2462 3874 2563 3919; x_wconf 90' lang='lat' dir='ltr'><strong>me,</strong></span> <span class='ocrx_word' id='word_1_642' title='bbox 2593 3857 2830 3910; x_wconf 88' lang='lat' dir='ltr'><strong>timorem</strong></span> <span class='ocrx_word' id='word_1_643' title='bbox 2860 3852 3071 3906; x_wconf 85' lang='lat' dir='ltr'><strong>Domini</strong></span> <span class='ocrx_word' id='word_1_644' title='bbox 3103 3851 3295 3904; x_wconf 86' lang='lat' dir='ltr'><strong>docebo</strong></span> <span class='ocrx_word' id='word_1_645' title='bbox 3321 3864 3446 3904; x_wconf 74' lang='lat' dir='ltr'><strong>vos:</strong></span> 
     </span>
    </p>
   </div>
   <div class='ocr_carea' id='block_1_79' title="bbox 1875 3941 3447 4022">
    <p class='ocr_par' dir='ltr' id='par_1_79' title="bbox 1875 3941 3447 4022">
     <span class='ocr_line' id='line_1_79' title="bbox 1875 3941 3447 4022; baseline -0.01 -12"><span class='ocrx_word' id='word_1_646' title='bbox 1875 3955 2005 4022; x_wconf 65' lang='lat' dir='ltr'><strong>Qui;</strong></span> <span class='ocrx_word' id='word_1_647' title='bbox 2033 3962 2111 4008; x_wconf 75' lang='lat' dir='ltr'><strong>est</strong></span> <span class='ocrx_word' id='word_1_648' title='bbox 2137 3952 2290 4005; x_wconf 80' lang='lat' dir='ltr'><strong>homo</strong></span> <span class='ocrx_word' id='word_1_649' title='bbox 2315 3951 2406 4020; x_wconf 85' lang='lat' dir='ltr'><strong>qui</strong></span> <span class='ocrx_word' id='word_1_650' title='bbox 2442 3948 2552 4002; x_wconf 78' lang='lat' dir='ltr'><strong>uult</strong></span> <span class='ocrx_word' id='word_1_651' title='bbox 2582 3948 2767 4009; x_wconf 79' lang='lat' dir='ltr'><strong>vitam,</strong></span> <span class='ocrx_word' id='word_1_652' title='bbox 2800 3943 2976 4014; x_wconf 86' lang='lat' dir='ltr'><strong>diligit</strong></span> <span class='ocrx_word' id='word_1_653' title='bbox 3004 3942 3116 3998; x_wconf 76' lang='lat' dir='ltr'><strong>dies</strong></span> <span class='ocrx_word' id='word_1_654' title='bbox 3149 3943 3318 3996; x_wconf 80' lang='lat' dir='ltr'><strong>videre</strong></span> <span class='ocrx_word' id='word_1_655' title='bbox 3355 3941 3447 3994; x_wconf 91' lang='lat' dir='ltr'><strong>b0-</strong></span> 
     </span>
    </p>
   </div>
   <div class='ocr_carea' id='block_1_80' title="bbox 1875 4031 3449 4110">
    <p class='ocr_par' dir='ltr' id='par_1_80' title="bbox 1875 4031 3449 4110">
     <span class='ocr_line' id='line_1_80' title="bbox 1875 4031 3449 4110; baseline -0.011 -9"><span class='ocrx_word' id='word_1_656' title='bbox 1875 4064 1967 4101; x_wconf 76' lang='lat' dir='ltr'><strong>nos</strong></span> <span class='ocrx_word' id='word_1_657' title='bbox 1987 4044 2050 4098; x_wconf 72' lang='grc' dir='ltr'><strong>οἳ</strong></span> <span class='ocrx_word' id='word_1_658' title='bbox 2095 4043 2223 4098; x_wconf 88' lang='lat' dir='ltr'><strong>Post</strong></span> <span class='ocrx_word' id='word_1_659' title='bbox 2250 4044 2363 4096; x_wconf 71' lang='lat' dir='ltr'><strong>haec</strong></span> <span class='ocrx_word' id='word_1_660' title='bbox 2391 4051 2647 4110; x_wconf 88' lang='lat' dir='ltr'><strong>tanquam</strong></span> <span class='ocrx_word' id='word_1_661' title='bbox 2682 4037 2865 4107; x_wconf 89' lang='lat' dir='ltr'><strong>aliquo</strong></span> <span class='ocrx_word' id='word_1_662' title='bbox 2893 4033 3228 4090; x_wconf 86' lang='lat' dir='ltr'><strong>acclamante</strong></span> <span class='ocrx_word' id='word_1_663' title='bbox 3250 4047 3308 4087; x_wconf 80' lang='lat' dir='ltr'><strong>se</strong></span> <span class='ocrx_word' id='word_1_664' title='bbox 3336 4031 3449 4086; x_wconf 88' lang='lat' dir='ltr'><strong>vel-</strong></span> 
     </span>
    </p>
   </div>
   <div class='ocr_carea' id='block_1_81' title="bbox 1874 4126 3449 4208">
    <p class='ocr_par' dir='ltr' id='par_1_81' title="bbox 1874 4126 3449 4208">
     <span class='ocr_line' id='line_1_81' title="bbox 1874 4126 3449 4208; baseline -0.01 -12"><span class='ocrx_word' id='word_1_665' title='bbox 1874 4141 1943 4208; x_wconf 88' lang='lat' dir='ltr'><strong>le,</strong></span> <span class='ocrx_word' id='word_1_666' title='bbox 1977 4148 2033 4195; x_wconf 89' lang='lat' dir='ltr'><strong>et</strong></span> <span class='ocrx_word' id='word_1_667' title='bbox 2073 4135 2435 4206; x_wconf 87' lang='lat' dir='ltr'><strong>respondente</strong></span> <span class='ocrx_word' id='word_1_668' title='bbox 2465 4152 2480 4188; x_wconf 93' lang='lat'><strong>:</strong></span> <span class='ocrx_word' id='word_1_669' title='bbox 2522 4132 2662 4187; x_wconf 89' lang='lat' dir='ltr'><strong>Doce</strong></span> <span class='ocrx_word' id='word_1_670' title='bbox 2691 4146 2779 4185; x_wconf 92' lang='lat' dir='ltr'><strong>me</strong></span> <span class='ocrx_word' id='word_1_671' title='bbox 2819 4144 2929 4200; x_wconf 83' lang='lat' dir='ltr'><strong>quo</strong></span> <span class='ocrx_word' id='word_1_672' title='bbox 2965 4136 3122 4198; x_wconf 88' lang='lat' dir='ltr'><strong>pacto</strong></span> <span class='ocrx_word' id='word_1_673' title='bbox 3149 4126 3349 4188; x_wconf 88' lang='lat' dir='ltr'><strong>vivam,</strong></span> <span class='ocrx_word' id='word_1_674' title='bbox 3393 4133 3449 4180; x_wconf 86' lang='lat' dir='ltr'><strong>et</strong></span> 
     </span>
    </p>
   </div>
   <div class='ocr_carea' id='block_1_82' title="bbox 1874 4217 3448 4291">
    <p class='ocr_par' dir='ltr' id='par_1_82' title="bbox 1874 4217 3448 4291">
     <span class='ocr_line' id='line_1_82' title="bbox 1874 4217 3448 4291; baseline -0.011 -5"><span class='ocrx_word' id='word_1_675' title='bbox 1874 4231 2088 4286; x_wconf 87' lang='lat' dir='ltr'><strong>videam</strong></span> <span class='ocrx_word' id='word_1_676' title='bbox 2124 4228 2241 4283; x_wconf 90' lang='lat' dir='ltr'><strong>dies</strong></span> <span class='ocrx_word' id='word_1_677' title='bbox 2261 4227 2470 4291; x_wconf 85' lang='lat' dir='ltr'><strong>bonos,</strong></span> <span class='ocrx_word' id='word_1_678' title='bbox 2500 4223 2660 4279; x_wconf 87' lang='lat' dir='ltr'><strong>docet</strong></span> <span class='ocrx_word' id='word_1_679' title='bbox 2688 4230 2744 4277; x_wconf 92' lang='lat' dir='ltr'><strong>et</strong></span> <span class='ocrx_word' id='word_1_680' title='bbox 2768 4220 2845 4274; x_wconf 82' lang='lat' dir='ltr'><strong>ait</strong></span> <span class='ocrx_word' id='word_1_681' title='bbox 2881 4237 2896 4273; x_wconf 90' lang='lat'><strong>:</strong></span> <span class='ocrx_word' id='word_1_682' title='bbox 2939 4217 3167 4273; x_wconf 84' lang='lat' dir='ltr'><strong>Prohibe</strong></span> <span class='ocrx_word' id='word_1_683' title='bbox 3211 4217 3448 4286; x_wconf 78' lang='lat' dir='ltr'><strong>linguam</strong></span> 
     </span>
    </p>
   </div>
   <div class='ocr_carea' id='block_1_83' title="bbox 1878 4307 3448 4385">
    <p class='ocr_par' dir='ltr' id='par_1_83' title="bbox 1878 4307 3448 4385">
     <span class='ocr_line' id='line_1_83' title="bbox 1878 4307 3448 4385; baseline -0.01 -7"><span class='ocrx_word' id='word_1_684' title='bbox 1878 4334 2025 4378; x_wconf 87' lang='lat' dir='ltr'><strong>tuam</strong></span> <span class='ocrx_word' id='word_1_685' title='bbox 2058 4337 2091 4374; x_wconf 92' lang='lat' dir='ltr'><strong>a</strong></span> <span class='ocrx_word' id='word_1_686' title='bbox 2120 4319 2258 4374; x_wconf 89' lang='lat' dir='ltr'><strong>malo</strong></span> <span class='ocrx_word' id='word_1_687' title='bbox 2289 4329 2316 4369; x_wconf 70' lang='grc' dir='ltr'>ι)</span> <span class='ocrx_word' id='word_1_688' title='bbox 2337 4357 2353 4385; x_wconf 95' lang='grc'>,</span> <span class='ocrx_word' id='word_1_689' title='bbox 2394 4317 2501 4373; x_wconf 88' lang='lat' dir='ltr'><strong>hoc</strong></span> <span class='ocrx_word' id='word_1_690' title='bbox 2535 4325 2639 4381; x_wconf 88' lang='lat' dir='ltr'><strong>cst,</strong></span> <span class='ocrx_word' id='word_1_691' title='bbox 2669 4313 2818 4369; x_wconf 88' lang='lat' dir='ltr'><strong>nulla</strong></span> <span class='ocrx_word' id='word_1_692' title='bbox 2863 4311 2920 4366; x_wconf 92' lang='lat' dir='ltr'><strong>in</strong></span> <span class='ocrx_word' id='word_1_693' title='bbox 2966 4327 3024 4366; x_wconf 85' lang='lat' dir='ltr'><strong>re</strong></span> <span class='ocrx_word' id='word_1_694' title='bbox 3060 4307 3448 4365; x_wconf 88' lang='lat' dir='ltr'><strong>conscientiam</strong></span> 
     </span>
    </p>
   </div>
   <div class='ocr_carea' id='block_1_84' title="bbox 203 4400 1783 4487">
    <p class='ocr_par' dir='ltr' id='par_1_84' title="bbox 203 4401 1777 4474">
     <span class='ocr_line' id='line_1_84' title="bbox 203 4401 1777 4474; baseline -0.003 -13"><span class='ocrx_word' id='word_1_695' title='bbox 203 4403 337 4461; x_wconf 78' lang='grc' dir='ltr'><strong>σάν</strong></span> <span class='ocrx_word' id='word_1_696' title='bbox 355 4421 471 4458; x_wconf 87' lang='grc' dir='ltr'><strong>σου</strong></span> <span class='ocrx_word' id='word_1_697' title='bbox 506 4404 626 4459; x_wconf 81' lang='grc' dir='ltr'>ἀπὸ</span> <span class='ocrx_word' id='word_1_698' title='bbox 651 4403 858 4468; x_wconf 78' lang='grc' dir='ltr'>κακοῦ,</span> <span class='ocrx_word' id='word_1_699' title='bbox 881 4405 979 4460; x_wconf 78' lang='grc' dir='ltr'><strong>καὶ</strong></span> <span class='ocrx_word' id='word_1_700' title='bbox 1007 4405 1179 4474; x_wconf 84' lang='grc' dir='ltr'>χείλη</span> <span class='ocrx_word' id='word_1_701' title='bbox 1203 4422 1319 4459; x_wconf 89' lang='grc' dir='ltr'><strong>σου</strong></span> <span class='ocrx_word' id='word_1_702' title='bbox 1344 4403 1451 4458; x_wconf 82' lang='grc' dir='ltr'><strong>τοῦ</strong></span> <span class='ocrx_word' id='word_1_703' title='bbox 1478 4402 1563 4474; x_wconf 79' lang='grc' dir='ltr'>μὴ</span> <span class='ocrx_word' id='word_1_704' title='bbox 1586 4401 1777 4471; x_wconf 81' lang='grc' dir='ltr'>λαλῆ-</span> 
     </span>
    </p>
   </div>
   <div class='ocr_carea' id='block_1_85' title="bbox 1867 4400 3445 4487">
    <p class='ocr_par' dir='ltr' id='par_1_85' title="bbox 1877 4400 3445 4487">
     <span class='ocr_line' id='line_1_85' title="bbox 1877 4400 3445 4487; baseline -0.011 -17"><span class='ocrx_word' id='word_1_705' title='bbox 1877 4413 2113 4487; x_wconf 78' lang='lat' dir='ltr'><strong>proximi</strong></span> <span class='ocrx_word' id='word_1_706' title='bbox 2154 4412 2336 4477; x_wconf 55' lang='lat' dir='ltr'><strong>laedas,</strong></span> <span class='ocrx_word' id='word_1_707' title='bbox 2363 4425 2470 4465; x_wconf 89' lang='lat' dir='ltr'><strong>non</strong></span> <span class='ocrx_word' id='word_1_708' title='bbox 2513 4405 2881 4477; x_wconf 87' lang='lat' dir='ltr'><strong>obloquendo,</strong></span> <span class='ocrx_word' id='word_1_709' title='bbox 2927 4418 3038 4459; x_wconf 89' lang='lat' dir='ltr'><strong>non</strong></span> <span class='ocrx_word' id='word_1_710' title='bbox 3074 4400 3445 4473; x_wconf 88' lang='lat' dir='ltr'><strong>provocando.</strong></span> 
     </span>
    </p>
   </div>
   <div class='ocr_carea' id='block_1_86' title="bbox 201 4488 1783 4568">
    <p class='ocr_par' dir='ltr' id='par_1_86' title="bbox 201 4493 1777 4565">
     <span class='ocr_line' id='line_1_86' title="bbox 201 4493 1777 4565; baseline -0.001 -17"><span class='ocrx_word' id='word_1_711' title='bbox 201 4511 320 4548; x_wconf 85' lang='grc' dir='ltr'>σαι</span> <span class='ocrx_word' id='word_1_712' title='bbox 353 4493 554 4549; x_wconf 89' lang='grc' dir='ltr'>δόλον.</span> <span class='ocrx_word' id='word_1_713' title='bbox 591 4494 724 4549; x_wconf 80' lang='grc' dir='ltr'>Ἰδοὺ</span> <span class='ocrx_word' id='word_1_714' title='bbox 749 4495 886 4559; x_wconf 84' lang='grc' dir='ltr'>τέως</span> <span class='ocrx_word' id='word_1_715' title='bbox 912 4494 1011 4565; x_wconf 76' lang='grc' dir='ltr'>τὴν</span> <span class='ocrx_word' id='word_1_716' title='bbox 1042 4495 1325 4565; x_wconf 74' lang='grc' dir='ltr'>ἐνέργειαν</span> <span class='ocrx_word' id='word_1_717' title='bbox 1349 4494 1648 4549; x_wconf 80' lang='grc' dir='ltr'>ἀποκόπτει</span> <span class='ocrx_word' id='word_1_718' title='bbox 1681 4493 1777 4548; x_wconf 86' lang='grc' dir='ltr'><strong>τοῦ</strong></span> 
     </span>
    </p>
   </div>
   <div class='ocr_carea' id='block_1_87' title="bbox 1867 4488 3449 4568">
    <p class='ocr_par' dir='ltr' id='par_1_87' title="bbox 1879 4488 3449 4568">
     <span class='ocr_line' id='line_1_87' title="bbox 1879 4488 3449 4568; baseline -0.011 -8"><span class='ocrx_word' id='word_1_719' title='bbox 1879 4504 2048 4560; x_wconf 88' lang='lat' dir='ltr'><strong>Labia</strong></span> <span class='ocrx_word' id='word_1_720' title='bbox 2085 4511 2262 4557; x_wconf 89' lang='lat' dir='ltr'><strong>autem</strong></span> <span class='ocrx_word' id='word_1_721' title='bbox 2304 4515 2367 4553; x_wconf 83' lang='lat' dir='ltr'><strong>ne</strong></span> <span class='ocrx_word' id='word_1_722' title='bbox 2391 4499 2674 4568; x_wconf 86' lang='lat' dir='ltr'><strong>loquantur</strong></span> <span class='ocrx_word' id='word_1_723' title='bbox 2693 4495 2895 4559; x_wconf 85' lang='lat' dir='ltr'><strong>dolum,</strong></span> <span class='ocrx_word' id='word_1_724' title='bbox 2927 4492 2983 4548; x_wconf 91' lang='lat' dir='ltr'><strong>id</strong></span> <span class='ocrx_word' id='word_1_725' title='bbox 3019 4500 3142 4557; x_wconf 89' lang='lat' dir='ltr'><strong>est,</strong></span> <span class='ocrx_word' id='word_1_726' title='bbox 3177 4489 3312 4543; x_wconf 88' lang='lat' dir='ltr'><strong>nihil</strong></span> <span class='ocrx_word' id='word_1_727' title='bbox 3338 4488 3449 4543; x_wconf 85' lang='lat' dir='ltr'><strong>doli</strong></span> 
     </span>
    </p>
   </div>
   <div class='ocr_carea' id='block_1_88' title="bbox 201 4579 1783 4660">
    <p class='ocr_par' dir='ltr' id='par_1_88' title="bbox 201 4581 1781 4654">
     <span class='ocr_line' id='line_1_88' title="bbox 201 4581 1781 4654; baseline -0.003 -14"><span class='ocrx_word' id='word_1_728' title='bbox 201 4583 384 4640; x_wconf 78' lang='grc' dir='ltr'>κακοῦ</span> <span class='ocrx_word' id='word_1_729' title='bbox 435 4583 524 4638; x_wconf 85' lang='grc' dir='ltr'><strong>διά</strong></span> <span class='ocrx_word' id='word_1_730' title='bbox 557 4582 653 4637; x_wconf 91' lang='grc' dir='ltr'><strong>τοῦ</strong></span> <span class='ocrx_word' id='word_1_731' title='bbox 710 4583 877 4654; x_wconf 88' lang='grc' dir='ltr'>φόϐου</span> <span class='ocrx_word' id='word_1_732' title='bbox 933 4581 1027 4637; x_wconf 88' lang='grc' dir='ltr'><strong>τοῦ</strong></span> <span class='ocrx_word' id='word_1_733' title='bbox 1075 4583 1232 4636; x_wconf 87' lang='grc' dir='ltr'>Θεοῦ·</span> <span class='ocrx_word' id='word_1_734' title='bbox 1282 4584 1362 4649; x_wconf 86' lang='lat' dir='ltr'><strong>rb,</strong></span> <span class='ocrx_word' id='word_1_735' title='bbox 1395 4582 1630 4638; x_wconf 85' lang='grc' dir='ltr'>Παῦσαι</span> <span class='ocrx_word' id='word_1_736' title='bbox 1668 4581 1781 4651; x_wconf 79' lang='grc' dir='ltr'>τὴν</span> 
     </span>
    </p>
   </div>
   <div class='ocr_carea' id='block_1_89' title="bbox 1867 4579 3450 4660">
    <p class='ocr_par' dir='ltr' id='par_1_89' title="bbox 1880 4579 3450 4660">
     <span class='ocr_line' id='line_1_89' title="bbox 1880 4579 3450 4660; baseline -0.014 -6"><span class='ocrx_word' id='word_1_737' title='bbox 1880 4594 2157 4653; x_wconf 89' lang='lat' dir='ltr'><strong>mediteris</strong></span> <span class='ocrx_word' id='word_1_738' title='bbox 2179 4601 2273 4646; x_wconf 89' lang='lat' dir='ltr'><strong>aut</strong></span> <span class='ocrx_word' id='word_1_739' title='bbox 2298 4601 2481 4645; x_wconf 88' lang='lat' dir='ltr'><strong>struas</strong></span> <span class='ocrx_word' id='word_1_740' title='bbox 2499 4589 2554 4644; x_wconf 90' lang='lat' dir='ltr'><strong>in</strong></span> <span class='ocrx_word' id='word_1_741' title='bbox 2582 4587 2910 4660; x_wconf 78' lang='lat' dir='ltr'><strong>proximum.</strong></span> <span class='ocrx_word' id='word_1_742' title='bbox 2933 4583 3074 4639; x_wconf 86' lang='lat' dir='ltr'><strong>Hinc</strong></span> <span class='ocrx_word' id='word_1_743' title='bbox 3099 4582 3201 4636; x_wconf 87' lang='lat' dir='ltr'><strong>ait:</strong></span> <span class='ocrx_word' id='word_1_744' title='bbox 3224 4579 3450 4634; x_wconf 80' lang='lat' dir='ltr'><strong>Prohibe</strong></span> 
     </span>
    </p>
   </div>
   <div class='ocr_carea' id='block_1_90' title="bbox 200 4670 1783 4758">
    <p class='ocr_par' dir='ltr' id='par_1_90' title="bbox 200 4674 1783 4747">
     <span class='ocr_line' id='line_1_90' title="bbox 200 4674 1783 4747; baseline -0.001 -15"><span class='ocrx_word' id='word_1_745' title='bbox 200 4675 502 4745; x_wconf 76' lang='grc' dir='ltr'>γλῶσσάν</span> <span class='ocrx_word' id='word_1_746' title='bbox 543 4689 660 4730; x_wconf 88' lang='grc' dir='ltr'>σου</span> <span class='ocrx_word' id='word_1_747' title='bbox 686 4676 804 4731; x_wconf 83' lang='grc' dir='ltr'>ἀπὸ</span> <span class='ocrx_word' id='word_1_748' title='bbox 829 4674 1042 4740; x_wconf 83' lang='grc' dir='ltr'>κακοῦ,</span> <span class='ocrx_word' id='word_1_749' title='bbox 1073 4677 1210 4740; x_wconf 68' lang='grc' dir='ltr'>ἐστὶ,</span> <span class='ocrx_word' id='word_1_750' title='bbox 1242 4675 1303 4729; x_wconf 88' lang='lat' dir='ltr'><strong>rb</strong></span> <span class='ocrx_word' id='word_1_751' title='bbox 1335 4677 1410 4747; x_wconf 78' lang='grc' dir='ltr'>μὴ</span> <span class='ocrx_word' id='word_1_752' title='bbox 1460 4676 1662 4746; x_wconf 81' lang='grc' dir='ltr'>πλῆξαι</span> <span class='ocrx_word' id='word_1_753' title='bbox 1695 4675 1783 4730; x_wconf 84' lang='grc' dir='ltr'>διά</span> 
     </span>
    </p>
   </div>
   <div class='ocr_carea' id='block_1_91' title="bbox 1867 4670 3450 4758">
    <p class='ocr_par' dir='ltr' id='par_1_91' title="bbox 1882 4671 3450 4758">
     <span class='ocr_line' id='line_1_91' title="bbox 1882 4671 3450 4758; baseline -0.013 -16"><span class='ocrx_word' id='word_1_754' title='bbox 1882 4689 2120 4758; x_wconf 81' lang='lat' dir='ltr'><strong>linguam</strong></span> <span class='ocrx_word' id='word_1_755' title='bbox 2150 4693 2293 4738; x_wconf 86' lang='lat' dir='ltr'><strong>tuam</strong></span> <span class='ocrx_word' id='word_1_756' title='bbox 2330 4699 2364 4736; x_wconf 81' lang='grc' dir='ltr'><strong>α</strong></span> <span class='ocrx_word' id='word_1_757' title='bbox 2395 4679 2580 4745; x_wconf 86' lang='lat' dir='ltr'><strong>malo;</strong></span> <span class='ocrx_word' id='word_1_758' title='bbox 2619 4687 2674 4734; x_wconf 90' lang='lat' dir='ltr'><strong>et</strong></span> <span class='ocrx_word' id='word_1_759' title='bbox 2718 4685 2843 4748; x_wconf 85' lang='lat' dir='ltr'><strong>post</strong></span> <span class='ocrx_word' id='word_1_760' title='bbox 2883 4674 3067 4730; x_wconf 84' lang='lat' dir='ltr'><strong>subdit</strong></span> <span class='ocrx_word' id='word_1_761' title='bbox 3102 4690 3118 4728; x_wconf 87' lang='lat'><strong>:</strong></span> <span class='ocrx_word' id='word_1_762' title='bbox 3150 4671 3371 4725; x_wconf 87' lang='lat' dir='ltr'><strong>Declina</strong></span> <span class='ocrx_word' id='word_1_763' title='bbox 3419 4689 3450 4723; x_wconf 80' lang='grc' dir='ltr'><strong><em>η</em></strong></span> 
     </span>
    </p>
   </div>
   <div class='ocr_carea' id='block_1_92' title="bbox 199 4761 1783 4842">
    <p class='ocr_par' dir='ltr' id='par_1_92' title="bbox 199 4766 1778 4842">
     <span class='ocr_line' id='line_1_92' title="bbox 199 4766 1778 4842; baseline -0.003 -18"><span class='ocrx_word' id='word_1_764' title='bbox 199 4787 358 4834; x_wconf 88' lang='grc' dir='ltr'>τινος</span> <span class='ocrx_word' id='word_1_765' title='bbox 388 4770 487 4842; x_wconf 82' lang='grc' dir='ltr'><strong>τὴν</strong></span> <span class='ocrx_word' id='word_1_766' title='bbox 516 4767 818 4839; x_wconf 86' lang='grc' dir='ltr'>συνείδησιν</span> <span class='ocrx_word' id='word_1_767' title='bbox 852 4767 948 4822; x_wconf 88' lang='grc' dir='ltr'><strong>τοῦ</strong></span> <span class='ocrx_word' id='word_1_768' title='bbox 983 4767 1231 4839; x_wconf 84' lang='grc' dir='ltr'>πλησίον,</span> <span class='ocrx_word' id='word_1_769' title='bbox 1269 4768 1332 4820; x_wconf 87' lang='lat' dir='ltr'><strong>rb</strong></span> <span class='ocrx_word' id='word_1_770' title='bbox 1365 4771 1440 4839; x_wconf 74' lang='grc' dir='ltr'>μὴ</span> <span class='ocrx_word' id='word_1_771' title='bbox 1468 4766 1778 4842; x_wconf 82' lang='grc' dir='ltr'>καταλαλῆ-</span> 
     </span>
    </p>
   </div>
   <div class='ocr_carea' id='block_1_93' title="bbox 1867 4761 3447 4842">
    <p class='ocr_par' dir='ltr' id='par_1_93' title="bbox 1876 4761 3447 4842">
     <span class='ocr_line' id='line_1_93' title="bbox 1876 4761 3447 4842; baseline -0.013 -10"><span class='ocrx_word' id='word_1_772' title='bbox 1876 4777 2016 4832; x_wconf 86' lang='lat' dir='ltr'><strong>malo</strong></span> <span class='ocrx_word' id='word_1_773' title='bbox 2040 4785 2088 4830; x_wconf 79' lang='grc' dir='ltr'>(ι.</span> <span class='ocrx_word' id='word_1_774' title='bbox 2115 4775 2358 4831; x_wconf 67' lang='lat' dir='ltr'><strong>Prrmum</strong></span> <span class='ocrx_word' id='word_1_775' title='bbox 2389 4767 2735 4842; x_wconf 87' lang='lat' dir='ltr'><strong>particularia</strong></span> <span class='ocrx_word' id='word_1_776' title='bbox 2759 4765 3006 4837; x_wconf 70' lang='lat' dir='ltr'><strong>quaedam</strong></span> <span class='ocrx_word' id='word_1_777' title='bbox 3032 4763 3227 4818; x_wconf 84' lang='lat' dir='ltr'><strong>delicta</strong></span> <span class='ocrx_word' id='word_1_778' title='bbox 3258 4761 3447 4829; x_wconf 81' lang='lat' dir='ltr'><strong>tangit.</strong></span> 
     </span>
    </p>
   </div>
   <div class='ocr_carea' id='block_1_94' title="bbox 202 4841 1783 4941">
    <p class='ocr_par' dir='ltr' id='par_1_94' title="bbox 202 4841 1782 4932">
     <span class='ocr_line' id='line_1_94' title="bbox 202 4841 1782 4932; baseline 0.002 -19"><span class='ocrx_word' id='word_1_779' title='bbox 202 4877 331 4923; x_wconf 80' lang='grc' dir='ltr'>σαι,</span> <span class='ocrx_word' id='word_1_780' title='bbox 367 4841 540 4932; x_wconf 79' lang='grc' dir='ltr'>τὸμὴ</span> <span class='ocrx_word' id='word_1_781' title='bbox 563 4859 884 4931; x_wconf 79' lang='grc' dir='ltr'>παροξῦναι·</span> <span class='ocrx_word' id='word_1_782' title='bbox 917 4860 979 4913; x_wconf 85' lang='lat' dir='ltr'><strong>rb</strong></span> <span class='ocrx_word' id='word_1_783' title='bbox 1004 4859 1084 4923; x_wconf 82' lang='grc' dir='ltr'><strong>δὲ,</strong></span> <span class='ocrx_word' id='word_1_784' title='bbox 1115 4860 1192 4915; x_wconf 84' lang='grc' dir='ltr'><strong>Τὰ</strong></span> <span class='ocrx_word' id='word_1_785' title='bbox 1222 4861 1395 4930; x_wconf 85' lang='grc' dir='ltr'>χείλη</span> <span class='ocrx_word' id='word_1_786' title='bbox 1418 4873 1536 4914; x_wconf 82' lang='grc' dir='ltr'><strong>σου</strong></span> <span class='ocrx_word' id='word_1_787' title='bbox 1559 4859 1644 4930; x_wconf 76' lang='grc' dir='ltr'>μὴ</span> <span class='ocrx_word' id='word_1_788' title='bbox 1666 4841 1782 4916; x_wconf 52' lang='grc' dir='ltr'>’λα-</span> 
     </span>
    </p>
   </div>
   <div class='ocr_carea' id='block_1_95' title="bbox 1867 4841 3452 4941">
    <p class='ocr_par' dir='ltr' id='par_1_95' title="bbox 1875 4841 3452 4941">
     <span class='ocr_line' id='line_1_95' title="bbox 1875 4841 3452 4941; baseline -0.014 -16"><span class='ocrx_word' id='word_1_789' title='bbox 1875 4869 2057 4941; x_wconf 86' lang='lat' dir='ltr'><strong>qualia</strong></span> <span class='ocrx_word' id='word_1_790' title='bbox 2094 4841 2497 4936; x_wconf 84' lang='lat' dir='ltr'><strong>procacitatem,</strong></span> <span class='ocrx_word' id='word_1_791' title='bbox 2530 4858 2960 4915; x_wconf 76' lang='lat' dir='ltr'><strong>maledicentiam</strong></span> <span class='ocrx_word' id='word_1_792' title='bbox 3022 4863 3078 4910; x_wconf 87' lang='lat' dir='ltr'><strong>et</strong></span> <span class='ocrx_word' id='word_1_793' title='bbox 3109 4854 3333 4909; x_wconf 88' lang='lat' dir='ltr'><strong>dolum:</strong></span> <span class='ocrx_word' id='word_1_794' title='bbox 3365 4867 3452 4904; x_wconf 82' lang='lat' dir='ltr'><strong>sc-</strong></span> 
     </span>
    </p>
   </div>
   <div class='ocr_carea' id='block_1_96' title="bbox 200 4941 1783 5028">
    <p class='ocr_par' dir='ltr' id='par_1_96' title="bbox 200 4950 1779 5024">
     <span class='ocr_line' id='line_1_96' title="bbox 200 4950 1779 5024; baseline -0.001 -18"><span class='ocrx_word' id='word_1_795' title='bbox 200 4952 408 5019; x_wconf 75' lang='grc' dir='ltr'>λῆσαι</span> <span class='ocrx_word' id='word_1_796' title='bbox 434 4951 639 5017; x_wconf 89' lang='grc' dir='ltr'>δόλον,</span> <span class='ocrx_word' id='word_1_797' title='bbox 666 4950 803 5017; x_wconf 71' lang='grc' dir='ltr'>ἐστὶ,</span> <span class='ocrx_word' id='word_1_798' title='bbox 833 4953 892 5005; x_wconf 85' lang='lat' dir='ltr'><strong>rb</strong></span> <span class='ocrx_word' id='word_1_799' title='bbox 921 4951 995 5024; x_wconf 85' lang='grc' dir='ltr'>μὴ</span> <span class='ocrx_word' id='word_1_800' title='bbox 1019 4951 1389 5007; x_wconf 88' lang='grc' dir='ltr'>δολιεύσασθαι</span> <span class='ocrx_word' id='word_1_801' title='bbox 1413 4953 1506 5007; x_wconf 87' lang='grc' dir='ltr'>τὸν</span> <span class='ocrx_word' id='word_1_802' title='bbox 1534 4953 1779 5024; x_wconf 76' lang='grc' dir='ltr'>πλησίονσ</span> 
     </span>
    </p>
   </div>
   <div class='ocr_carea' id='block_1_97' title="bbox 1867 4941 3452 5028">
    <p class='ocr_par' dir='ltr' id='par_1_97' title="bbox 1877 4941 3452 5028">
     <span class='ocr_line' id='line_1_97' title="bbox 1877 4941 3452 5028; baseline -0.015 -11"><span class='ocrx_word' id='word_1_803' title='bbox 1877 4962 2061 5017; x_wconf 83' lang='lat' dir='ltr'><strong>eundo</strong></span> <span class='ocrx_word' id='word_1_804' title='bbox 2097 4959 2166 5013; x_wconf 88' lang='lat' dir='ltr'><strong>de</strong></span> <span class='ocrx_word' id='word_1_805' title='bbox 2190 4957 2384 5028; x_wconf 64' lang='lat' dir='ltr'><strong>quavis</strong></span> <span class='ocrx_word' id='word_1_806' title='bbox 2413 4952 2616 5009; x_wconf 87' lang='lat' dir='ltr'><strong>malitia</strong></span> <span class='ocrx_word' id='word_1_807' title='bbox 2645 4959 2698 5007; x_wconf 89' lang='lat' dir='ltr'><strong>et</strong></span> <span class='ocrx_word' id='word_1_808' title='bbox 2729 4949 3014 5020; x_wconf 86' lang='lat' dir='ltr'><strong>iniquitate</strong></span> <span class='ocrx_word' id='word_1_809' title='bbox 3043 4944 3326 5014; x_wconf 67' lang='lat' dir='ltr'><strong>complere</strong></span> <span class='ocrx_word' id='word_1_810' title='bbox 3372 4941 3452 4994; x_wconf 76' lang='grc' dir='ltr'>ιο-</span> 
     </span>
    </p>
   </div>
   <div class='ocr_carea' id='block_1_98' title="bbox 207 5031 1783 5114">
    <p class='ocr_par' dir='ltr' id='par_1_98' title="bbox 207 5037 1783 5114">
     <span class='ocr_line' id='line_1_98' title="bbox 207 5037 1783 5114; baseline -0.001 -17"><span class='ocrx_word' id='word_1_811' title='bbox 207 5037 344 5097; x_wconf 76' lang='grc' dir='ltr'>εἷτα</span> <span class='ocrx_word' id='word_1_812' title='bbox 378 5043 592 5111; x_wconf 77' lang='grc' dir='ltr'>ἐπάγει·</span> <span class='ocrx_word' id='word_1_813' title='bbox 637 5043 956 5097; x_wconf 82' lang='grc' dir='ltr'>Ἕκκλινον</span> <span class='ocrx_word' id='word_1_814' title='bbox 993 5042 1112 5097; x_wconf 81' lang='grc' dir='ltr'>ἀπὸ</span> <span class='ocrx_word' id='word_1_815' title='bbox 1145 5043 1354 5098; x_wconf 81' lang='grc' dir='ltr'>κακοῦ.</span> <span class='ocrx_word' id='word_1_816' title='bbox 1391 5039 1527 5096; x_wconf 81' lang='grc' dir='ltr'>Εἶπε</span> <span class='ocrx_word' id='word_1_817' title='bbox 1568 5041 1783 5114; x_wconf 86' lang='grc' dir='ltr'>πρῶτον</span> 
     </span>
    </p>
   </div>
   <div class='ocr_carea' id='block_1_99' title="bbox 1867 5031 3450 5114">
    <p class='ocr_par' dir='ltr' id='par_1_99' title="bbox 1879 5031 3450 5108">
     <span class='ocr_line' id='line_1_99' title="bbox 1879 5031 3450 5108; baseline -0.016 -6"><span class='ocrx_word' id='word_1_818' title='bbox 1879 5054 2040 5103; x_wconf 87' lang='lat' dir='ltr'><strong>cutus</strong></span> <span class='ocrx_word' id='word_1_819' title='bbox 2064 5052 2143 5099; x_wconf 89' lang='lat' dir='ltr'><strong>est</strong></span> <span class='ocrx_word' id='word_1_820' title='bbox 2169 5080 2185 5104; x_wconf 90' lang='lat'><strong>,</strong></span> <span class='ocrx_word' id='word_1_821' title='bbox 2217 5056 2292 5108; x_wconf 69' lang='lat' dir='ltr'><strong>ac</strong></span> <span class='ocrx_word' id='word_1_822' title='bbox 2331 5041 2376 5096; x_wconf 89' lang='lat' dir='ltr'><strong>si</strong></span> <span class='ocrx_word' id='word_1_823' title='bbox 2423 5040 2568 5094; x_wconf 87' lang='lat' dir='ltr'><strong>dicat</strong></span> <span class='ocrx_word' id='word_1_824' title='bbox 2605 5046 2793 5106; x_wconf 88' lang='lat' dir='ltr'><strong>aperte</strong></span> <span class='ocrx_word' id='word_1_825' title='bbox 2824 5051 2839 5088; x_wconf 88' lang='lat'><strong>:</strong></span> <span class='ocrx_word' id='word_1_826' title='bbox 2895 5031 3044 5088; x_wconf 61' lang='lat' dir='ltr'><strong>Fuere</strong></span> <span class='ocrx_word' id='word_1_827' title='bbox 3075 5043 3236 5085; x_wconf 91' lang='lat' dir='ltr'><strong>omne</strong></span> <span class='ocrx_word' id='word_1_828' title='bbox 3277 5040 3450 5097; x_wconf 84' lang='lat' dir='ltr'><strong>genus</strong></span> 
     </span>
    </p>
   </div>
   <div class='ocr_carea' id='block_1_100' title="bbox 209 5116 1783 5206">
    <p class='ocr_par' dir='ltr' id='par_1_100' title="bbox 209 5132 1779 5206">
     <span class='ocr_line' id='line_1_100' title="bbox 209 5132 1779 5206; baseline 0 -20"><span class='ocrx_word' id='word_1_829' title='bbox 209 5133 456 5205; x_wconf 80' lang='grc' dir='ltr'>μερικάς</span> <span class='ocrx_word' id='word_1_830' title='bbox 477 5150 628 5196; x_wconf 71' lang='grc' dir='ltr'>τινας</span> <span class='ocrx_word' id='word_1_831' title='bbox 652 5133 945 5205; x_wconf 82' lang='grc' dir='ltr'>ἁμαρτίας,</span> <span class='ocrx_word' id='word_1_832' title='bbox 978 5134 1077 5206; x_wconf 81' lang='grc' dir='ltr'><strong>τὴν</strong></span> <span class='ocrx_word' id='word_1_833' title='bbox 1102 5132 1454 5197; x_wconf 83' lang='grc' dir='ltr'>καταλαλιάν,</span> <span class='ocrx_word' id='word_1_834' title='bbox 1482 5132 1580 5205; x_wconf 80' lang='grc' dir='ltr'><strong>τὴν</strong></span> <span class='ocrx_word' id='word_1_835' title='bbox 1608 5133 1779 5187; x_wconf 84' lang='grc' dir='ltr'>δολιό-</span> 
     </span>
    </p>
   </div>
   <div class='ocr_carea' id='block_1_101' title="bbox 1867 5116 3448 5206">
    <p class='ocr_par' dir='ltr' id='par_1_101' title="bbox 1883 5116 3448 5201">
     <span class='ocr_line' id='line_1_101' title="bbox 1883 5116 3448 5201; baseline -0.014 -11"><span class='ocrx_word' id='word_1_836' title='bbox 1883 5135 2033 5201; x_wconf 89' lang='lat' dir='ltr'><strong>mali,</strong></span> <span class='ocrx_word' id='word_1_837' title='bbox 2064 5131 2274 5188; x_wconf 88' lang='lat' dir='ltr'><strong>declina</strong></span> <span class='ocrx_word' id='word_1_838' title='bbox 2306 5131 2375 5184; x_wconf 86' lang='lat' dir='ltr'><strong>ab</strong></span> <span class='ocrx_word' id='word_1_839' title='bbox 2405 5128 2551 5183; x_wconf 87' lang='lat' dir='ltr'><strong>omni</strong></span> <span class='ocrx_word' id='word_1_840' title='bbox 2593 5141 2653 5182; x_wconf 88' lang='lat' dir='ltr'><strong>re</strong></span> <span class='ocrx_word' id='word_1_841' title='bbox 2688 5140 2808 5196; x_wconf 63' lang='lat' dir='ltr'><strong>quae</strong></span> <span class='ocrx_word' id='word_1_842' title='bbox 2835 5131 3112 5194; x_wconf 89' lang='lat' dir='ltr'><strong>peccatum</strong></span> <span class='ocrx_word' id='word_1_843' title='bbox 3152 5128 3248 5173; x_wconf 88' lang='lat' dir='ltr'><strong>aut</strong></span> <span class='ocrx_word' id='word_1_844' title='bbox 3271 5116 3448 5171; x_wconf 86' lang='lat' dir='ltr'><strong>labem</strong></span> 
     </span>
    </p>
   </div>
   <div class='ocr_carea' id='block_1_102' title="bbox 203 5208 1783 5296">
    <p class='ocr_par' dir='ltr' id='par_1_102' title="bbox 203 5223 1782 5296">
     <span class='ocr_line' id='line_1_102' title="bbox 203 5223 1782 5296; baseline 0.003 -20"><span class='ocrx_word' id='word_1_845' title='bbox 203 5240 380 5294; x_wconf 83' lang='grc' dir='ltr'>τητα,</span> <span class='ocrx_word' id='word_1_846' title='bbox 421 5223 517 5277; x_wconf 77' lang='grc' dir='ltr'><strong>καὶ</strong></span> <span class='ocrx_word' id='word_1_847' title='bbox 553 5224 727 5288; x_wconf 79' lang='grc' dir='ltr'>οὕτως</span> <span class='ocrx_word' id='word_1_848' title='bbox 755 5225 999 5295; x_wconf 76' lang='grc' dir='ltr'>ἐπήγαγε</span> <span class='ocrx_word' id='word_1_849' title='bbox 1042 5225 1401 5294; x_wconf 86' lang='grc' dir='ltr'>περιεκτικῶς</span> <span class='ocrx_word' id='word_1_850' title='bbox 1445 5225 1576 5296; x_wconf 82' lang='grc' dir='ltr'>περὶ</span> <span class='ocrx_word' id='word_1_851' title='bbox 1604 5224 1782 5295; x_wconf 78' lang='grc' dir='ltr'>πάσης</span> 
     </span>
    </p>
   </div>
   <div class='ocr_carea' id='block_1_103' title="bbox 1867 5208 3450 5296">
    <p class='ocr_par' dir='ltr' id='par_1_103' title="bbox 1885 5208 3450 5295">
     <span class='ocr_line' id='line_1_103' title="bbox 1885 5208 3450 5295; baseline -0.015 -12"><span class='ocrx_word' id='word_1_852' title='bbox 1885 5227 2051 5283; x_wconf 89' lang='lat' dir='ltr'><strong>ullam</strong></span> <span class='ocrx_word' id='word_1_853' title='bbox 2085 5237 2193 5294; x_wconf 64' lang='lat' dir='ltr'><strong>prae</strong></span> <span class='ocrx_word' id='word_1_854' title='bbox 2217 5235 2276 5278; x_wconf 91' lang='lat' dir='ltr'><strong>se</strong></span> <span class='ocrx_word' id='word_1_855' title='bbox 2309 5220 2464 5277; x_wconf 80' lang='lat' dir='ltr'><strong>ferat.</strong></span> <span class='ocrx_word' id='word_1_856' title='bbox 2491 5217 2678 5289; x_wconf 83' lang='lat' dir='ltr'><strong>Neque</strong></span> <span class='ocrx_word' id='word_1_857' title='bbox 2705 5231 2830 5272; x_wconf 88' lang='lat' dir='ltr'><strong>cum</strong></span> <span class='ocrx_word' id='word_1_858' title='bbox 2858 5216 2960 5270; x_wconf 91' lang='lat' dir='ltr'><strong>hoc</strong></span> <span class='ocrx_word' id='word_1_859' title='bbox 2995 5213 3240 5295; x_wconf 78' lang='lat' dir='ltr'><strong>dixisset.</strong></span> <span class='ocrx_word' id='word_1_860' title='bbox 3271 5208 3450 5265; x_wconf 86' lang='lat' dir='ltr'><strong>conti-</strong></span> 
     </span>
    </p>
   </div>
   <div class='ocr_carea' id='block_1_104' title="bbox 204 5290 1783 5388">
    <p class='ocr_par' dir='ltr' id='par_1_104' title="bbox 204 5290 1783 5388">
     <span class='ocr_line' id='line_1_104' title="bbox 204 5290 1783 5388; baseline 0.001 -19"><span class='ocrx_word' id='word_1_861' title='bbox 204 5290 319 5386; x_wconf 60' lang='grc' dir='ltr'><strong>τῆς</strong></span> <span class='ocrx_word' id='word_1_862' title='bbox 343 5315 563 5382; x_wconf 80' lang='grc' dir='ltr'>κακίας,</span> <span class='ocrx_word' id='word_1_863' title='bbox 591 5317 673 5383; x_wconf 89' lang='lat' dir='ltr'><strong>rb,</strong></span> <span class='ocrx_word' id='word_1_864' title='bbox 707 5290 1038 5373; x_wconf 66' lang='grc' dir='ltr'>Ἕκιιλινον</span> <span class='ocrx_word' id='word_1_865' title='bbox 1063 5290 1182 5374; x_wconf 59' lang='grc' dir='ltr'><strong>ἀέτδ</strong></span> <span class='ocrx_word' id='word_1_866' title='bbox 1215 5317 1426 5372; x_wconf 82' lang='grc' dir='ltr'>κακοῦ·</span> <span class='ocrx_word' id='word_1_867' title='bbox 1452 5290 1585 5383; x_wconf 72' lang='grc' dir='ltr'>οἷόν,</span> <span class='ocrx_word' id='word_1_868' title='bbox 1614 5290 1783 5388; x_wconf 77' lang='grc' dir='ltr'>φεῦγε</span> 
     </span>
    </p>
   </div>
   <div class='ocr_carea' id='block_1_105' title="bbox 1867 5290 3450 5388">
    <p class='ocr_par' dir='ltr' id='par_1_105' title="bbox 1886 5290 3450 5382">
     <span class='ocr_line' id='line_1_105' title="bbox 1886 5290 3450 5382; baseline -0.013 -8"><span class='ocrx_word' id='word_1_869' title='bbox 1886 5319 2034 5382; x_wconf 86' lang='lat' dir='ltr'><strong>cuit;</strong></span> <span class='ocrx_word' id='word_1_870' title='bbox 2064 5290 2156 5372; x_wconf 75' lang='lat' dir='ltr'><strong>sed</strong></span> <span class='ocrx_word' id='word_1_871' title='bbox 2189 5313 2412 5382; x_wconf 85' lang='lat' dir='ltr'><strong>addidit,</strong></span> <span class='ocrx_word' id='word_1_872' title='bbox 2449 5321 2500 5366; x_wconf 87' lang='lat' dir='ltr'><strong>et</strong></span> <span class='ocrx_word' id='word_1_873' title='bbox 2526 5310 2612 5380; x_wconf 76' lang='lat' dir='ltr'><strong>[ac</strong></span> <span class='ocrx_word' id='word_1_874' title='bbox 2647 5309 2838 5364; x_wconf 87' lang='lat' dir='ltr'><strong>bonum</strong></span> <span class='ocrx_word' id='word_1_875' title='bbox 2862 5322 2882 5361; x_wconf 88' lang='lat'><strong>.-</strong></span> <span class='ocrx_word' id='word_1_876' title='bbox 2904 5290 3015 5360; x_wconf 17' lang='lat' dir='ltr'><strong>hoc.</strong></span> <span class='ocrx_word' id='word_1_877' title='bbox 3043 5311 3150 5366; x_wconf 89' lang='lat' dir='ltr'><strong>est,</strong></span> <span class='ocrx_word' id='word_1_878' title='bbox 3179 5316 3286 5356; x_wconf 92' lang='lat' dir='ltr'><strong>non</strong></span> <span class='ocrx_word' id='word_1_879' title='bbox 3314 5299 3450 5354; x_wconf 87' lang='lat' dir='ltr'><strong>satis</strong></span> 
     </span>
    </p>
   </div>
   <div class='ocr_carea' id='block_1_106' title="bbox 204 5396 1783 5482">
    <p class='ocr_par' dir='ltr' id='par_1_106' title="bbox 204 5406 1783 5482">
     <span class='ocr_line' id='line_1_106' title="bbox 204 5406 1783 5482; baseline 0.002 -22"><span class='ocrx_word' id='word_1_880' title='bbox 204 5406 412 5470; x_wconf 84' lang='grc' dir='ltr'>ἅπλῶς</span> <span class='ocrx_word' id='word_1_881' title='bbox 437 5409 546 5461; x_wconf 84' lang='grc' dir='ltr'><strong>πᾶν</strong></span> <span class='ocrx_word' id='word_1_882' title='bbox 573 5409 762 5476; x_wconf 80' lang='grc' dir='ltr'>κακὸν,</span> <span class='ocrx_word' id='word_1_883' title='bbox 792 5410 1039 5465; x_wconf 76' lang='grc' dir='ltr'>ἐκκλινον</span> <span class='ocrx_word' id='word_1_884' title='bbox 1085 5409 1194 5463; x_wconf 80' lang='grc' dir='ltr'>ἀπὸ</span> <span class='ocrx_word' id='word_1_885' title='bbox 1231 5411 1430 5474; x_wconf 84' lang='grc' dir='ltr'>παντὸς</span> <span class='ocrx_word' id='word_1_886' title='bbox 1459 5410 1783 5482; x_wconf 82' lang='grc' dir='ltr'>πράγματος</span> 
     </span>
    </p>
   </div>
   <div class='ocr_carea' id='block_1_107' title="bbox 1867 5396 3451 5482">
    <p class='ocr_par' dir='ltr' id='par_1_107' title="bbox 1887 5396 3451 5480">
     <span class='ocr_line' id='line_1_107' title="bbox 1887 5396 3451 5480; baseline -0.014 -13"><span class='ocrx_word' id='word_1_887' title='bbox 1887 5411 2076 5480; x_wconf 86' lang='lat' dir='ltr'><strong>utique</strong></span> <span class='ocrx_word' id='word_1_888' title='bbox 2099 5423 2213 5461; x_wconf 62' lang='lat' dir='ltr'><strong>nan</strong></span> <span class='ocrx_word' id='word_1_889' title='bbox 2243 5404 2583 5469; x_wconf 80' lang='lat' dir='ltr'><strong>malefacere,</strong></span> <span class='ocrx_word' id='word_1_890' title='bbox 2613 5402 2720 5457; x_wconf 89' lang='lat' dir='ltr'><strong>nisi</strong></span> <span class='ocrx_word' id='word_1_891' title='bbox 2753 5410 2806 5456; x_wconf 90' lang='lat' dir='ltr'><strong>et</strong></span> <span class='ocrx_word' id='word_1_892' title='bbox 2833 5399 2968 5454; x_wconf 85' lang='lat' dir='ltr'><strong>bene</strong></span> <span class='ocrx_word' id='word_1_893' title='bbox 2997 5396 3164 5452; x_wconf 76' lang='lat' dir='ltr'><strong>facias</strong></span> <span class='ocrx_word' id='word_1_894' title='bbox 3189 5413 3204 5461; x_wconf 90' lang='lat'><strong>;</strong></span> <span class='ocrx_word' id='word_1_895' title='bbox 3231 5407 3338 5447; x_wconf 91' lang='lat' dir='ltr'><strong>non</strong></span> <span class='ocrx_word' id='word_1_896' title='bbox 3367 5407 3451 5446; x_wconf 88' lang='lat' dir='ltr'><strong>sa-</strong></span> 
     </span>
    </p>
   </div>
   <div class='ocr_carea' id='block_1_108' title="bbox 206 5484 1783 5573">
    <p class='ocr_par' dir='ltr' id='par_1_108' title="bbox 206 5498 1783 5573">
     <span class='ocr_line' id='line_1_108' title="bbox 206 5498 1783 5573; baseline 0.003 -22"><span class='ocrx_word' id='word_1_897' title='bbox 206 5498 483 5571; x_wconf 82' lang='grc' dir='ltr'>φὲροντος</span> <span class='ocrx_word' id='word_1_898' title='bbox 533 5501 826 5573; x_wconf 85' lang='grc' dir='ltr'>ἁμαρτίαν.</span> <span class='ocrx_word' id='word_1_899' title='bbox 874 5503 988 5556; x_wconf 83' lang='grc' dir='ltr'><strong>Οὐκ</strong></span> <span class='ocrx_word' id='word_1_900' title='bbox 1021 5498 1140 5556; x_wconf 87' lang='grc' dir='ltr'>εἷπε</span> <span class='ocrx_word' id='word_1_901' title='bbox 1190 5502 1348 5556; x_wconf 88' lang='grc' dir='ltr'>τοῦτο</span> <span class='ocrx_word' id='word_1_902' title='bbox 1394 5501 1554 5556; x_wconf 81' lang='grc' dir='ltr'>πάλιν</span> <span class='ocrx_word' id='word_1_903' title='bbox 1605 5503 1783 5573; x_wconf 87' lang='grc' dir='ltr'>μόνον,</span> 
     </span>
    </p>
   </div>
   <div class='ocr_carea' id='block_1_109' title="bbox 1867 5484 3449 5573">
    <p class='ocr_par' dir='ltr' id='par_1_109' title="bbox 1889 5484 3449 5563">
     <span class='ocr_line' id='line_1_109' title="bbox 1889 5484 3449 5563; baseline -0.014 -6"><span class='ocrx_word' id='word_1_904' title='bbox 1889 5502 1963 5556; x_wconf 87' lang='lat' dir='ltr'><strong>tis</strong></span> <span class='ocrx_word' id='word_1_905' title='bbox 1989 5499 2198 5554; x_wconf 90' lang='lat' dir='ltr'><strong>nullum</strong></span> <span class='ocrx_word' id='word_1_906' title='bbox 2230 5496 2442 5563; x_wconf 71' lang='lat' dir='ltr'><strong>laedere,</strong></span> <span class='ocrx_word' id='word_1_907' title='bbox 2471 5493 2575 5549; x_wconf 88' lang='lat' dir='ltr'><strong>nisi</strong></span> <span class='ocrx_word' id='word_1_908' title='bbox 2609 5500 2665 5548; x_wconf 91' lang='lat' dir='ltr'><strong>et</strong></span> <span class='ocrx_word' id='word_1_909' title='bbox 2700 5489 2932 5560; x_wconf 86' lang='lat' dir='ltr'><strong>alicujus</strong></span> <span class='ocrx_word' id='word_1_910' title='bbox 2964 5484 3310 5549; x_wconf 87' lang='lat' dir='ltr'><strong>miserearis;</strong></span> <span class='ocrx_word' id='word_1_911' title='bbox 3337 5495 3449 5536; x_wconf 81' lang='lat' dir='ltr'><strong>non</strong></span> 
     </span>
    </p>
   </div>
   <div class='ocr_carea' id='block_1_110' title="bbox 214 5595 1783 5736">
    <p class='ocr_par' dir='ltr' id='par_1_110' title="bbox 214 5608 1783 5736">
     <span class='ocr_line' id='line_1_110' title="bbox 284 5608 1783 5691; baseline -0.003 -20"><span class='ocrx_word' id='word_1_912' title='bbox 284 5610 323 5691; x_wconf 48' lang='grc' dir='ltr'><strong>,ι</strong></span> <span class='ocrx_word' id='word_1_913' title='bbox 349 5608 519 5690; x_wconf 64' lang='grc' dir='ltr'><strong>¹Ριον.</strong></span> <span class='ocrx_word' id='word_1_914' title='bbox 540 5629 631 5680; x_wconf 81' lang='lat' dir='ltr'><strong>xv,</strong></span> <span class='ocrx_word' id='word_1_915' title='bbox 666 5613 752 5668; x_wconf 74' lang='lat'><strong>27.</strong></span> <span class='ocrx_word' id='word_1_916' title='bbox 837 5614 853 5654; x_wconf 89' lang='grc' dir='ltr'>ι</span> <span class='ocrx_word' id='word_1_917' title='bbox 882 5614 1038 5672; x_wconf 83' lang='lat' dir='ltr'><strong>Rom.</strong></span> <span class='ocrx_word' id='word_1_918' title='bbox 1071 5632 1190 5683; x_wconf 86' lang='lat' dir='ltr'><strong>vm,</strong></span> <span class='ocrx_word' id='word_1_919' title='bbox 1218 5615 1307 5672; x_wconf 84' lang='grc'><strong>55.</strong></span> <span class='ocrx_word' id='word_1_920' title='bbox 1384 5626 1424 5654; x_wconf 80' lang='grc' dir='ltr'>ω</span> <span class='ocrx_word' id='word_1_921' title='bbox 1457 5613 1601 5670; x_wconf 87' lang='lat' dir='ltr'><strong>Psal.</strong></span> <span class='ocrx_word' id='word_1_922' title='bbox 1627 5629 1783 5670; x_wconf 63' lang='lat' dir='ltr'><strong>xxx“;</strong></span> 
     </span>
     <span class='ocr_line' id='line_1_111' title="bbox 214 5679 538 5736; baseline -0.006 0"><span class='ocrx_word' id='word_1_923' title='bbox 214 5689 249 5729; x_wconf 70' lang='grc' dir='ltr'>εἰ</span> <span class='ocrx_word' id='word_1_924' title='bbox 282 5680 423 5736; x_wconf 84' lang='lat' dir='ltr'><strong>tbtd.</strong></span> <span class='ocrx_word' id='word_1_925' title='bbox 453 5679 538 5736; x_wconf 82' lang='lat' dir='ltr'><strong>l5.</strong></span> 
     </span>
    </p>
   </div>
   <div class='ocr_carea' id='block_1_111' title="bbox 1867 5595 3446 5736">
    <p class='ocr_par' dir='ltr' id='par_1_111' title="bbox 1867 5595 3446 5672">
     <span class='ocr_line' id='line_1_112' title="bbox 1867 5595 3446 5672; baseline -0.009 -5"><span class='ocrx_word' id='word_1_926' title='bbox 1867 5611 1911 5667; x_wconf 71' lang='grc' dir='ltr'>Ξ.</span> <span class='ocrx_word' id='word_1_927' title='bbox 1984 5621 2014 5650; x_wconf 68' lang='grc' dir='ltr'><strong>υ</strong></span> <span class='ocrx_word' id='word_1_928' title='bbox 2045 5608 2220 5665; x_wconf 83' lang='lat' dir='ltr'><strong>Galat.</strong></span> <span class='ocrx_word' id='word_1_929' title='bbox 2252 5624 2326 5672; x_wconf 90' lang='lat' dir='ltr'><strong>tv,</strong></span> <span class='ocrx_word' id='word_1_930' title='bbox 2363 5607 2448 5664; x_wconf 76' lang='lat' dir='ltr'><strong>i9.</strong></span> <span class='ocrx_word' id='word_1_931' title='bbox 2528 5613 2553 5640; x_wconf 80' lang='grc' dir='ltr'><strong>υ</strong></span> <span class='ocrx_word' id='word_1_932' title='bbox 2578 5604 2722 5661; x_wconf 85' lang='lat' dir='ltr'><strong>Psal.</strong></span> <span class='ocrx_word' id='word_1_933' title='bbox 2751 5617 2945 5661; x_wconf 79' lang='lat' dir='ltr'><strong>xxxnt.</strong></span> <span class='ocrx_word' id='word_1_934' title='bbox 2977 5603 3062 5656; x_wconf 78' lang='grc'><strong>15.</strong></span> <span class='ocrx_word' id='word_1_935' title='bbox 3140 5609 3168 5649; x_wconf 86' lang='lat' dir='ltr'><strong>P</strong></span> <span class='ocrx_word' id='word_1_936' title='bbox 3191 5596 3323 5662; x_wconf 84' lang='lat' dir='ltr'><strong>ibid.</strong></span> <span class='ocrx_word' id='word_1_937' title='bbox 3358 5595 3446 5652; x_wconf 70' lang='grc' dir='ltr'>Μ.</span> 
     </span>
    </p>
   </div>
   <div class='ocr_carea' id='block_1_112' title="bbox 1488 5768 2164 5828">
    <p class='ocr_par' dir='ltr' id='par_1_112' title="bbox 1488 5768 2164 5828">
     <span class='ocr_line' id='line_1_113' title="bbox 1488 5768 2164 5828; baseline 0.009 -8"><span class='ocrx_word' id='word_1_938' title='bbox 1488 5768 1577 5822; x_wconf 83' lang='lat' dir='ltr'><strong>VA</strong></span> <span class='ocrx_word' id='word_1_939' title='bbox 1586 5768 1724 5825; x_wconf 72' lang='lat' dir='ltr'><strong>RLE</strong></span> <span class='ocrx_word' id='word_1_940' title='bbox 1759 5768 2164 5828; x_wconf 82' lang='lat' dir='ltr'><strong>LECTIONES.</strong></span> 
     </span>
    </p>
   </div>
   <div class='ocr_carea' id='block_1_113' title="bbox 219 5885 2702 6030">
    <p class='ocr_par' dir='ltr' id='par_1_113' title="bbox 219 5885 2702 6030">
     <span class='ocr_line' id='line_1_114' title="bbox 219 5885 2702 6030; baseline -0.016 -75"><span class='ocrx_word' id='word_1_941' title='bbox 219 5892 350 6030; x_wconf 51' lang='lat' dir='ltr'><strong>Cm:</strong></span> <span class='ocrx_word' id='word_1_942' title='bbox 376 5894 671 5954; x_wconf 75' lang='lat' dir='ltr'><strong>Cotelet&#39;ius</strong></span> <span class='ocrx_word' id='word_1_943' title='bbox 719 5893 862 5950; x_wconf 70' lang='lat' dir='ltr'><strong>Eccl.</strong></span> <span class='ocrx_word' id='word_1_944' title='bbox 893 5891 965 5949; x_wconf 83' lang='lat' dir='ltr'><strong>Gr</strong></span> <span class='ocrx_word' id='word_1_945' title='bbox 1019 5891 1254 5947; x_wconf 75' lang='lat' dir='ltr'><strong>Monum.</strong></span> <span class='ocrx_word' id='word_1_946' title='bbox 1303 5901 1433 5946; x_wconf 87' lang='lat' dir='ltr'><strong>tom.</strong></span> <span class='ocrx_word' id='word_1_947' title='bbox 1460 5885 1524 5956; x_wconf 91' lang='lat' dir='ltr'><strong>ll,</strong></span> <span class='ocrx_word' id='word_1_948' title='bbox 1576 5904 1689 5962; x_wconf 67' lang='lat' dir='ltr'><strong>pag.</strong></span> <span class='ocrx_word' id='word_1_949' title='bbox 1727 5890 1851 5957; x_wconf 62' lang='lat'><strong>554,</strong></span> <span class='ocrx_word' id='word_1_950' title='bbox 1885 5906 1916 5948; x_wconf 62' lang='grc' dir='ltr'><strong>ε</strong></span> <span class='ocrx_word' id='word_1_951' title='bbox 1958 5891 2237 5964; x_wconf 62' lang='lat' dir='ltr'><strong>legendum</strong></span> <span class='ocrx_word' id='word_1_952' title='bbox 2275 5899 2428 5964; x_wconf 65' lang='lat' dir='ltr'><strong>pum</strong></span> <span class='ocrx_word' id='word_1_953' title='bbox 2489 5889 2702 5958; x_wconf 41' lang='grc' dir='ltr'><strong>γνῶσις,</strong></span> 
     </span>
    </p>
   </div>
   <div class='ocr_carea' id='block_1_114' title="bbox 2826 5882 3442 5956">
    <p class='ocr_par' dir='ltr' id='par_1_114' title="bbox 2826 5882 3442 5956">
     <span class='ocr_line' id='line_1_115' title="bbox 2826 5882 3442 5956; baseline -0.015 -16"><span class='ocrx_word' id='word_1_954' title='bbox 2826 5887 2864 5918; x_wconf 77' lang='grc'><strong>¹³</strong></span> <span class='ocrx_word' id='word_1_955' title='bbox 2889 5883 3204 5956; x_wconf 72' lang='grc' dir='ltr'>Χερονίζων.</span> <span class='ocrx_word' id='word_1_956' title='bbox 3268 5882 3442 5950; x_wconf 65' lang='grc' dir='ltr'>χρονί-</span> 
     </span>
    </p>
   </div>
  </div>
