4118 6542
174 559 292 625 1665

1493 559 1870 622 DOCTRINA
1925 560 2022 621 IV.

3241 561 3380 632 1666

161 677 247 728 τοῦ
277 673 400 728 Θεοῦ
453 676 543 746 ἀφ’
575 674 750 746 ἡμῶν,
781 677 843 728 ἐκ
868 676 961 728 τοῦ
999 675 1171 728 ποιεῖν
1199 674 1346 745 ἡμᾶς
1383 672 1452 727 τὰ
1487 672 1699 726 ἐναντία

1808 686 1972 738 mur;
2010 684 2132 726 cum
2153 670 2360 726 scilicet
2406 674 2754 731 immemores
2807 676 3001 733 mortis
3038 682 3092 732 et
3119 680 3380 746 gehennae

155 767 356 830 roti'uv,
390 787 449 820 εγ
490 766 582 820 τ’υῦ
619 768 694 838 μὴ
725 767 868 838 ἔχειν
896 767 1118 837 μνήμην
1151 765 1404 829 θανάτου,
1441 764 1576 836 μηδὲ
1612 781 1704 816 κο-

148 859 360 926 λάσεων,
393 864 455 912 ἐκ.
483 860 578 914 τοῦ
620 861 696 930 μὴ
740 860 1030 932 προσέχειν
1089 862 1322 922 ἑαυτοῖς,
1369 861 1434 912 ἐκ
1490 857 1582 912 τοῦ
1629 858 1704 929 μὴ

113 939 354 1022 ’ἐρευνξιν
397 951 510 1014 πιῖς
545 952 911 1022 παρήλθομεν,
946 950 1080 1005 ἀλλὰ
1108 949 1417 1022 ἀδιαφόρως
1446 951 1567 1022 ζῇν,
1595 950 1704 1002 ’καὶ

135 1043 270 1111 μετὰ
294 1042 597 1113 ἀδιαφόρων
623 1041 1078 1114 άναστΡέφεσΟαγ
1111 1043 1176 1094 ἐκ
1206 1041 1300 1093 τοῦ
1327 1039 1714 1112 παρῤησιάζετ

128 1134 276 1187 σθαι’
315 1133 476 1187 τοῦτο
509 1137 655 1188 ἐστιν
703 1137 885 1205 χεῖρον
915 1134 1150 1198 πάντων,
1181 1131 1339 1187 τοῦτό
1367 1135 1514 1187 ἐστιν
1546 1136 1578 1203 ἡ
1610 1149 1703 1185 τε-

121 1227 244 1281 λεία
279 1226 550 1295 ἀπώλεια.
579 1229 646 1281 Τί
678 1228 787 1298 γάρ
807 1226 979 1292 οὕτως
1008 1225 1259 1280 ἐκδιώκει
1282 1227 1374 1280 τὸν
1407 1224 1571 1295 φόϐον
1605 1224 1698 1278 τοῦ

117 1319 284 1383 Θεοῦ,
317 1319 428 1372 ἀπὸ
457 1321 556 1390 τῆς
586 1321 786 1391 ψυχῆς,
840 1320 916 1384 ώς
944 1322 978 1392 ὴ
1007 1319 1325 1390 παρῤησία;
1395 1317 1566 1371 Τοῦτο
1609 1317 1700 1371 ὅτε

114 1411 390 1482 ἠρωτήθη
407 1413 436 1464 ὁ
452 1411 627 1475 acea;
643 1412 886 1481 Ἀγάθων
913 1412 1044 1483 περὶ
1061 1411 1164 1482 τῆς
1179 1410 1512 1483 παρρησίας,
1525 1405 1697 1476 εἶπεν,

105 1504 196 1556 ὅτι
234 1505 384 1556 έοικε
418 1503 658 1557 καύσωνι
696 1505 935 1576 μεγάλῳ,
960 1505 1109 1568 ὅστις
1137 1505 1264 1559 ὅταν
1291 1503 1536 1575 γένηται,
1563 1503 1700 1556 πάν-

101 1613 205 1660 τες
231 1596 530 1665 φεύγουσιν
554 1599 662 1652 άπὸ
686 1598 978 1668 προσώπου
1006 1597 1193 1662 αὑτοῦ,
1224 1598 1448 1651 καὶτῶν
1468 1596 1699 1669 δένδρων

99 1687 165 1740 δὲ
203 1687 301 1741 τὸν
346 1688 561 1761 καρπὸν
592 1688 928 1761 διαφθείρει·
963 1691 1211 1753 Βλέπεις,
1250 1689 1428 1762 κύριε,
1458 1689 1690 1759 δύναμιν

102 1781 366 1848 πάθουςς
401 1782 617 1852 βλέπεις
651 1783 849 1853 ὁργήν;
876 1782 989 1834 Καὶ
1019 1781 1181 1834 πάλιν
1215 1781 1532 1852 ἐρωτηθεὶς,
1567 1781 1696 1845 Na‘t,

102 1875 294 1938 οὕτως
324 1874 535 1944 χαλεπή
554 1875 700 1928 ἐστιν
719 1875 753 1942 ἡ
778 1874 1093 1947 παρρησίας
1120 1873 1287 1943 λέγει’
1319 1875 1433 1927 Οὐκ
1461 1873 1575 1926 ἐστι
1599 1875 1698 1928 πά-

101 1966 207 2030 θος
257 1965 642 2036 χαλεπώτερον
691 1966 789 2032 τῆς
821 1965 1154 2037 παρρησίας.
1218 1965 1545 2035 Γεννήτειρα
1586 1964 1694 2034 γάρ

1803 772 2064 831 perpetuo
2093 776 2303 827 sumus,
2325 775 2448 816 cum
2487 779 2760 836 nusquam
2790 777 3102 823 scrutamur
3124 770 3242 825 vias
3272 787 3376 826 no-

1800 861 2112 919 stras,eum
2170 853 2374 908 nullam
2415 854 2483 910 de
2520 858 2677 912 nobis
2719 871 2909 912 curam
2962 859 3226 930 gerimus,
3254 875 3380 916 cum

1801 943 1922 998 sine
1954 946 2168 999 ratione
2206 947 2462 1012 vivimus,
2496 963 2621 1003 cum
2652 951 3102 1007 consuetudinem
3127 967 3254 1007 cum
3298 953 3382 1007 his

1801 1038 2066 1094 habemus
2104 1041 2304 1110 quibus
2344 1041 2562 1098 inimica
2602 1045 2740 1100 ratio
2793 1051 2898 1109 est,
2924 1060 3050 1100 eum
3089 1047 3159 1102 de
3217 1046 3381 1102 nobis

1802 1130 2092 1184 admodum
2115 1135 2530 1200 praesumimus;
2553 1149 2662 1204 quo
2685 1150 2817 1192 sane
2833 1136 2971 1191 nihil
2999 1145 3084 1190 est
3109 1139 3374 1192 deterius:

1801 1220 1854 1275 in
1889 1220 1995 1274 hoc
2014 1221 2156 1276 enim
2186 1231 2462 1281 extremus
2493 1235 2578 1280 est
2604 1226 2872 1283 interitus.
2897 1228 3038 1294 Quid
3063 1230 3208 1283 enim
3239 1243 3376 1285 aueo

1799 1311 1868 1366 ab
1897 1311 2080 1366 anima
2126 1315 2346 1385 depellit
2380 1317 2633 1373 timorem
2671 1317 2787 1384 Dei,
2828 1330 2888 1374 ut
2925 1322 3008 1376 sui
3028 1321 3200 1392 ipsius
3225 1337 3375 1392 prae—

1798 1403 2076 1471 sumptio?
2110 1405 2253 1461 Hinc
2289 1419 2508 1478 rogatus
2539 1410 2711 1467 abbas
2743 1413 2992 1482 Agathon
3017 1415 3085 1469 de
3109 1429 3377 1484 praesum-

1798 1491 1981 1561 ptione
1999 1495 2254 1564 quidnam
2270 1499 2587 1562 esset,illam
2610 1516 2828 1556 summo
2841 1504 2999 1558 aestui
3021 1506 3376 1574 comparavit,

1797 1585 1890 1654 qui
1916 1601 2041 1640 eum
2093 1587 2536 1654 excandesceret,
2560 1593 2744 1660 procul
2769 1610 2959 1650 omnes
2987 1597 3246 1664 abigeret,
3280 1596 3376 1666 qui

1797 1675 2049 1731 arborum
2066 1693 2227 1747 poma
2251 1681 2486 1736 vitiaret.
2509 1681 2701 1738 Cernis
2729 1683 2952 1740 affectus
2983 1688 3146 1756 hujus
3170 1699 3374 1756 quanta

1796 1774 1866 1829 sit
1897 1775 2001 1839 vis,
2040 1787 2276 1846 quantus
2309 1778 2542 1850 impetus
2566 1780 2589 1833 ?
2612 1779 2857 1851 Cumque
2894 1797 3112 1838 rursum
3157 1799 3377 1854 rogare-

1796 1874 1886 1921 tur
1907 1881 1975 1920 an
2001 1867 2179 1937 gravis
2203 1879 2367 1936 esset,
2383 1881 2436 1925 et
2463 1871 2696 1927 diﬂicilis
2721 1876 3074 1942 praesumptio
3102 1915 3116 1936 ,
3151 1891 3376 1946 respou-

1795 1956 1877 2013 dit
1906 1959 2113 2013 nullum
2141 1974 2259 2015 esse
2286 1962 2544 2016 vitiorum
2587 1965 2806 2032 gravius
2826 2007 2841 2032 ,
2873 1975 3060 2036 utpote
3088 1982 3210 2037 quae
3237 1983 3375 2022 cuu-

101 2059 233 2109 ἐστι
265 2057 488 2109 πάντων
518 2055 626 2110 τῶν
655 2055 863 2123 παθῶν,
904 2054 1089 2126 ἐπειδὴ
1133 2053 1273 2126 αὕτη
1316 2053 1563 2108 ἐκδιώκει
1601 2053 1693 2107 τὸν

1797 2058 2004 2103 ctorum
2055 2049 2308 2107 vitiorum
2357 2061 2530 2108 mater
2590 2063 2645 2108 et
2699 2055 2951 2126 genitrix.
2981 2066 3148 2112 esset.
3199 2057 3376 2125 Quam

105 2149 286 2217 φόϐον
315 2147 412 2201 τοῦ
434 2147 568 2200 Θεοῦ
592 2147 698 2200 ἀπὸ
730 2147 830 2217 τῆς
856 2145 1051 2218 ψυχῆς.
1075 2147 1139 2200 Εἰ
1166 2148 1274 2217 γάρ
1300 2145 1376 2217 τῷ
1401 2145 1551 2217 φόϐῳ
1585 2146 1697 2198 Κυ-

112 2240 238 2309 ρίου
263 2240 505 2293 ἐκκλίνει
541 2241 646 2302 πᾶς
678 2238 784 2292 άπὺ
818 2237 1011 2302 κακοῦ,
1040 2237 1258 2301 πάντως
1290 2238 1420 2291 ὅπου
1453 2237 1554 2290 οὐκ
1581 2236 1695 2289 ἐστι

110 2332 288 2401 φόϐος
320 2331 479 2394 Θεοῦ,
508 2333 626 2385 ἐκεῖ
668 2331 900 2385 ἕκαστον
931 2330 1126 2392 πάθος.
1169 2329 1228 2382 '0
1283 2328 1414 2392 Θεὸς
1463 2329 1695 2400 ρύσηται

109 2425 219 2486 τὰς
247 2424 427 2494 ψυχὰς
471 2421 622 2494 ἡμῶν
651 2422 758 2477 ἀπὸ
783 2419 877 2476 τοῦ
909 2421 1155 2492 ὀλεθρίου
1181 2419 1386 2484 πάθους
1431 2420 1528 2491 τῆς
1557 2420 1695 2491 παῤ·

111 2517 340 2586 ρησίας.

195 2703 287 2769 ς’.
327 2701 482 2754 Ἔστι
513 2701 570 2754 δὲ
617 2701 712 2754 καὶ
745 2699 1078 2773 πολύτροπος
1116 2702 1149 2773 ὴ
1190 2702 1492 2774 παρρησία.
1545 2702 1694 2773 Παῤ-

119 2793 445 2864 ρησιάςεταί
479 2812 560 2856 τις
597 2795 688 2847 καὶ
722 2794 810 2847 διά
849 2795 1032 2864 λόγου,
1058 2795 1154 2849 καὶ
1181 2794 1247 2847 δι’
1279 2796 1444 2865 ἁφῆς,
1486 2795 1581 2848 καὶ
1608 2794 1695 2849 διά

122 2885 455 2956 βλέμματος.
495 2888 753 2958 Ἔρχεταί
781 2905 866 2951 τις
904 2887 1012 2941 ἀπὸ
1044 2889 1350 2958 παρρησίας
1388 2887 1486 2940 καὶ
1523 2889 1602 2951 είς
1633 2887 1696 2940 τὸ

121 2979 468 3049 ἀργολογεῖν,
497 2981 591 3033 xa‘t
617 2981 694 3042 είς
716 2979 776 3031 τὸ
799 2979 982 3034 λαλεῖν
1011 2980 1078 3033 τά
1109 2981 1368 3051 κοσμικά,
1397 2980 1492 3034 καὶ
1525 2983 1605 3043 είς
1633 2982 1695 3034 τὸ

126 3075 302 3125 ποιεῖν
327 3072 534 3140 γελοῖα,
564 3073 659 3126 καὶ
692 3075 861 3126 κινεῖν
887 3072 1128 3139 γέλωτας
1155 3073 1444 3143 άσέμνους·
1475 3075 1692 3146 παρρη-

129 3163 224 3216 σία
248 3165 360 3217 ἐστὶ
393 3165 486 3217 καὶ
522 3165 583 3218 τὸ
615 3165 856 3234 ἅψασθαί
881 3182 1030 3228 τινος
1072 3165 1193 3235 δίχα
1224 3166 1488 3236 ἀνάγκηςο
1515 3169 1575 3218 τὸ
1601 3168 1694 3220 ἐκ·

128 3261 302 3312 τεῖναι
326 3262 481 3330 χεῖρα
507 3262 650 3314 κατά
671 3277 818 3323 τινος
842 3259 1126 3329 γελῶντος,
1155 3260 1217 3313 τὸ
1248 3260 1458 3330 ώΘῆσαί
1483 3278 1628 3324 τινα,
1658 3260 1692 3331 ἢ

130 3351 373 3421 ἁρπάσαι
406 3369 461 3405 τι
504 3354 631 3424 παρ’
670 3351 860 3417 αὑτοῦ,
890 3353 951 3406 τὸ
973 3353 1261 3423 προσέχειν
1306 3353 1412 3407 τινὶ
1442 3352 1690 3418 ἀναιδῶς.
1721 3392 1764 3451 c

129 3442 314 3497 Ταῦτα
342 3449 518 3498 πάντα
547 3446 612 3498 ἐκ
637 3445 730 3498 τοῦ
759 3446 834 3515 μὴ
858 3440 1000 3498 εἶναι
1037 3444 1199 3513 φόϐον
1225 3445 1360 3498 Θεοῦ
1395 3445 1454 3499 ἐν
1493 3449 1558 3517 τῇ
1589 3446 1694 3516 ψυ-

131 3539 228 3607 χῇι
280 3537 492 3607 ἔρχεται
539 3536 595 3591 δέ
637 3539 702 3591 ἐκ
729 3537 937 3591 τούτων
967 3539 1111 3592 κατὰ
1154 3537 1352 3609 μικρόν
1377 3555 1462 3602 τις
1494 3539 1588 3592 καὶ
1615 3540 1697 3604 είς

131 3629 339 3682 τελείαν
391 3631 814 3702 καταφρόνησιν.
870 3631 968 3685 Διὰ
1010 3631 1168 3684 τοῦτο
1213 3631 1301 3685 ὅτε
1348 3632 1636 3703 παρεδίδου
1667 3633 1698 3686 ὁ

131 3721 266 3786 Θεὸς
321 3722 418 3785 τάς
471 3723 690 3798 ἐντολὰς
750 3724 844 3778 τοῦ
896 3724 1082 3794 νόμου,
1145 3723 1327 3793 ἔλεγεν
1356 3740 1370 3754 ·
1408 3725 1698 3791 Εὐλαϐεἶς

131 3814 347 3869 ποιεῖτε
393 3815 534 3882 τοὺς
587 3816 757 3882 υἱοὺς
792 3816 1058 3884 Ἰσραήλ.
1087 3815 1221 3887 Λίχα
1262 3816 1371 3887 γάρ
1409 3815 1698 3880 εὐλαϐείας

127 3907 256 3961 οὐδὲ
277 3908 435 3962 αὐτὸν
462 3909 552 3962 τὸν
583 3909 713 3962 θεὸν
753 3911 890 3980 τιμᾷ
936 3926 1042 3974 τις,
1085 3911 1208 3964 οὐδὲ
1249 3909 1502 3982 προσέχει
1551 3909 1696 3978 ἅπαξ

126 4003 415 4074 οίᾳδήποτε
462 4002 671 4074 ἐντολῇ.
718 4002 818 4056 ma
865 4003 1025 4057 τοῦτο
1058 4003 1211 4057 οὐδὲν
1246 4003 1545 4076 δεινότερον
1598 4006 1698 4076 τῆς

127 4092 461 4163 παρρησίας·
500 4091 589 4146 διὰ
620 4092 777 4145 τοῦτο
803 4093 1124 4164 γεννήτειρά
1165 4093 1283 4146 ἐστι
1330 4093 1550 4147 πάντων
1588 4093 1696 4147 τῶν

129 4188 323 4242 παθῶν
342 4204 355 4218 ·
407 4189 593 4260 ἐπειδὴ
619 4189 868 4244 ἐκϐάλλει
891 4189 991 4260 τὴν
1019 4188 1325 4243 εὐλάϐειανο
1356 4189 1544 4259 ἐπειδὴ
1571 4189 1697 4243 διώ-

123 4298 218 4335 κει
260 4282 352 4334 τὸν
380 4280 544 4350 φόϐον
580 4279 674 4334 τοῦ
697 4281 853 4335 Θεοῦ·
891 4281 1079 4351 ἐπειδὴ
1104 4283 1269 4352 γεννᾷ
1295 4281 1393 4353 τὴν
1422 4281 1696 4352 καταφρόο

121 4390 306 4443 νησιν,
343 4374 409 4426 ἐκ
436 4372 530 4426 τοῦ
561 4372 704 4444 ἔχειν
739 4373 888 4444 ἡμᾶς
922 4372 1235 4447 παρρησίαν
1262 4374 1402 4443 μετὰ
1431 4373 1693 4443 ἀλλήλων,

120 4465 224 4518 καὶ
247 4463 629 4518 άναιδεύεσθαι
657 4465 792 4534 πρὸς
829 4463 1114 4536 ἀλλήλους’
1154 4466 1250 4520 καὶ
1285 4466 1494 4520 λαλεῖτε
1533 4467 1698 4538 ἀλλή-

111 4555 237 4617 λοις
266 4553 474 4618 κακῶς,
498 4558 594 4608 καὶ
624 4554 890 4627 πλήσσετε
916 4555 1203 4628 ἀλλήλους.
1241 4557 1351 4610 Kal
1376 4559 1470 4612 ἐὰν
1498 4558 1584 4632 ἴδῃ
1612 4576 1697 4623 τις

111 4637 180 4710 ἐξ
210 4644 371 4716 ὑμῶν
405 4645 457 4700 τί
493 4663 623 4700 ποτε
667 4647 742 4719 μὴ
790 4647 1062 4714 ὠφελοῦν,
1104 4649 1423 4720 ἀπέρχεται,
1470 4649 1698 4721 φλυαρεῖ

1797 2139 1937 2196 bene
1988 2151 2042 2197 et
2061 2144 2334 2213 sapienter
2379 2146 2524 2201 illam
2578 2147 2715 2202 dixit
2747 2149 2938 2202 vitium
2989 2150 3232 2204 omnium
3280 2167 3374 2221 ge-

1797 2233 2067 2301 nitricem,
2100 2251 2222 2306 quae
2246 2237 2494 2293 timorem
2530 2237 2746 2295 Domini
2778 2242 2848 2296 ab
2875 2243 3059 2297 anima
3113 2243 3372 2313 pelleret!

1798 2324 1855 2380 Si
1876 2328 2021 2381 enim
2068 2328 2264 2385 timore
2317 2328 2532 2387 Domini
2570 2334 2806 2389 declinat
2830 2338 2953 2405 quis
2979 2351 3011 2389 a
3059 2337 3242 2403 malo;
3279 2336 3374 2390 ubi

1795 2419 1961 2492 igitur
1980 2423 2027 2477 is
2060 2437 2169 2478 non
2220 2422 2408 2491 fuerit,
2455 2441 2618 2480 onme
2667 2439 2728 2482 ut
2781 2427 2913 2482 insit
2957 2429 3170 2491 vitium,
3213 2443 3376 2484 omne

1795 2515 1996 2567 malum
2028 2529 2254 2570 necesse
2277 2525 2382 2572 est.
2403 2516 2606 2589 Eripiat
2627 2535 2727 2575 nos
2763 2518 3029 2576 Dominus
3053 2521 3124 2576 ab
3151 2521 3254 2576 hac
3278 2523 3376 2578 de-

1796 2604 2032 2660 testabili
2055 2610 2494 2679 praesumptionis
2522 2622 2692 2680 peste.

1870 2695 1958 2750 Vl.
1988 2696 2243 2755 Pluribus
2270 2709 2450 2756 autem
2483 2704 2662 2759 modis
2708 2719 3038 2776 praesumere
3070 2711 3197 2779 quis
3231 2712 3372 2768 dici-

1797 2800 1902 2855 tur,
1937 2808 2188 2849 sermone
2211 2795 2437 2860 scilicet,
2473 2805 2620 2853 tactu
2648 2809 2703 2854 et
2727 2799 2868 2856 visu.
2898 2800 3186 2858 Praesumit
3220 2807 3374 2877 quis-

1794 2885 1920 2955 quis
1947 2901 2088 2940 vaua
2125 2895 2177 2941 et
2205 2888 2378 2943 otiosa
2411 2889 2670 2960 loquitur.
2706 2892 2996 2950 Praesumit
3030 2900 3122 2968 qui
3167 2914 3230 2953 ea
3252 2915 3378 2971 quae

1796 2977 1980 3032 saeculi
2006 2986 2156 3044 sunt,
2187 2988 2430 3046 enarrat,
2462 2982 2554 3050 qui
2587 2982 2813 3038 ridenda
2849 2984 3002 3049 facit,
3033 2988 3128 3057 qui
3149 2999 3375 3046 caeteros
3419 3031 3421 3046 τ

1795 3084 1827 3123 a
1853 3069 2122 3138 gravitate
2153 3081 2348 3127 avocat
2370 3073 2666 3129 cachinno.
2698 3062 3169 3148 Praesumptioest
3209 3083 3374 3137 etiam

1795 3175 1918 3213 cum
1980 3163 2104 3230 quis
2157 3161 2361 3233 absque
2424 3166 2749 3221 necessitate
2807 3169 2981 3223 ullum
3039 3173 3369 3242 contigerit,

1793 3252 2161 3310 extenderitve
2209 3271 2432 3311 manum
2480 3256 2535 3312 in
2584 3258 2752 3313 alium
2810 3260 3101 3329 ridentem,
3145 3264 3376 3336 impule-

1795 3345 1867 3399 rit
1896 3347 2153 3416 aliquem,
2181 3348 2260 3402 vel
2301 3348 2558 3403 violenter
2596 3350 2875 3420 quidpiam
2904 3352 2974 3406 ab
3012 3367 3079 3408 eo
3111 3358 3372 3425 rapuerit,

1796 3447 1891 3493 aut
1925 3438 2265 3510 impudenter
2286 3441 2476 3496 oculos
2505 3442 2560 3496 in
2597 3444 2907 3512 quempiam
2937 3445 3204 3515 iujecerit.
3246 3446 3373 3504 Haec

1795 3533 1981 3587 omnia
2015 3534 2369 3602 prazsumptio
2402 3532 2557 3589 facit.
2584 3533 2711 3590 llaec
2734 3536 2920 3591 omnia
2961 3539 3216 3606 patimur,
3245 3554 3374 3596 eum

1795 3625 1979 3681 divino
2003 3626 2196 3681 timore
2223 3634 2379 3681 vacat
2416 3626 2619 3681 anima.
2673 3627 2902 3682 Labitur
2925 3639 3107 3684 autem
3161 3648 3229 3687 ex
3286 3634 3375 3691 his

1796 3718 1999 3774 sensim
2027 3718 2150 3788 quis
2173 3719 2228 3773 in
2269 3717 2562 3788 perfectum
2593 3729 2989 3789 contemptum.
3020 3720 3201 3788 Quare
3245 3739 3374 3781 cum
3427 3769 3433 3793 ς

1796 3814 1931 3885 legis
1952 3823 2216 3884 praicepta
2237 3814 2391 3870 daret
2423 3814 2584 3880 Deus,
2617 3815 2756 3870 dixit
2784 3831 2799 3869 :
2855 3813 3186 3888 Venerumini
3230 3820 3404 3890 ﬁlios.

1798 3905 1988 3962 Israel.
2018 3905 2238 3977 Absque
2282 3907 2424 3961 enim
2475 3917 2666 3962 mutua
2704 3910 3004 3964 reverentia
3040 3893 3373 3968 'colit‘nemo

1795 3998 1988 4062 Deum,
2030 4013 2207 4068 neque
2245 3999 2338 4052 uni
2379 4000 2540 4054 etiam
2584 3999 2684 4056 soli
2726 4013 2790 4054 ac
2821 3989 3075 4054 minimo'
3103 3991 3392 4072 praecepto"

1794 4091 1958 4164 394
1995 4102 2173 4162 potest
2217 4093 2514 4147 adhaerere.
2556 4090 2701 4146 Nihil
2748 4093 2912 4162 igitur
2948 4095 3373 4164 praesumptione

1795 4187 2163 4257 gravius,quae
2191 4185 2450 4239 vitiorum
2490 4185 2735 4239 omnium
2776 4194 2831 4240 et
2858 4171 3033 4240 mater
3070 4195 3154 4241 est
3187 4195 3242 4241 et
3279 4203 3371 4258 ge-

1795 4278 1984 4334 nitrix.
2016 4277 2140 4333 llaec
2173 4278 2324 4333 enim
2360 4276 2714 4333 reverentiam
2741 4289 2985 4338 mutuam
3013 4295 3042 4333 a
3075 4280 3234 4335 nobis
3273 4282 3373 4336 ab-

1794 4371 1964 4440 ducit,
2015 4371 2132 4427 haac
2177 4371 2425 4426 timorem
2475 4368 2572 4425 Dei
2604 4371 2803 4441 abigit,
2849 4371 2965 4427 haec
3003 4382 3372 4444 contemptum

1798 4463 1958 4534 parit.
2004 4462 2088 4516 Ex
2139 4462 2557 4532 praesumptione
2597 4475 2836 4532 namque
2886 4462 2944 4518 lit
2984 4463 3366 4534 impudenter,

1796 4565 1857 4609 ut
1877 4569 1972 4609 vos
1987 4555 2127 4608 inter
2149 4569 2246 4609 vos
2261 4553 2579 4631 plerumque
2591 4554 2787 4622 agatis,
2802 4554 2940 4608 male
2959 4552 3369 4624 colloquamiui,

1794 4648 1997 4704 mutuis
2025 4645 2544 4702 diverberatiouibus
2592 4645 2932 4702 laseivitatis.
2987 4645 3126 4704 Hinc
3180 4657 3265 4703 est
3314 4659 3373 4702 ut

109 4738 294 4806 αὐτῷ,
337 4740 432 4793 καὶ
461 4739 646 4810 βάλλει
669 4743 748 4804 είς
769 4740 869 4812 τὴν
893 4741 1119 4810 καρδίαν
1146 4741 1307 4797 ἄλλου
1337 4741 1567 4811 ἀδελφοῦ
1600 4743 1697 4796 αὑ·

1800 4757 1923 4798 cum
1953 4740 2147 4795 viderit
2173 4739 2298 4810 quis
2324 4747 2560 4794 vestrum
2595 4737 2798 4808 aliquid
2827 4738 3019 4794 inutile
3047 4749 3103 4795 et
3146 4754 3370 4809 vanum,

105 4829 237 4884 τδῦυ
276 4831 377 4884 καὶ
421 4831 483 4884 οὐ
513 4832 675 4902 μόνον
713 4832 796 4886 ὅτι
832 4831 994 4896 αὐτὸς
1038 4831 1359 4903 βλάπτεται,
1397 4833 1536 4887 ἀλλὰ
1564 4833 1695 4905 βλά-
1727 4903 1738 4912 _

103 4941 244 4978 πτει
272 4926 371 4979 καὶ
396 4923 490 4978 τὸν
512 4924 739 4996 ἀδελφὸν
768 4924 957 4987 αὑτοῦ,
992 4924 1201 4996 βάλλων
1223 4929 1304 4990 είς
1329 4944 1430 4998 την
1464 4927 1696 5000 καρδίαν

98 5017 284 5074 αὐτοῦ
322 5018 402 5072 ίὺν
435 5018 687 5091 πονηρόν.
714 5017 826 5072 Καὶ
849 5017 1106 5084 πολλάκις
1133 5015 1247 5090 εἶχε
1273 5020 1364 5073 τὸν
1384 5019 1509 5074 νοῦν
1529 5020 1695 5076 αὐτοῦ

95 5113 192 5174 είς
220 5111 562 5182 προσευχὴν,
593 5110 628 5182 ἢ
656 5111 736 5174 είς
761 5110 888 5165 ἄλλο
919 5109 1082 5165 καλὸν
1114 5115 1366 5184 πρᾶγμα,
1405 5112 1500 5167 καὶ⁵
1524 5113 1696 5184 άπέρ-

91 5220 274 5275 χεται
311 5205 543 5268 ἐκεῖνος,
579 5203 811 5275 παρέχει
839 5202 988 5275 αὐτῷ
1015 5203 1095 5268 είς
1121 5221 1174 5258 τι
1194 5205 1573 5277 άδολεσχῆσαι,
1600 5208 1698 5262 καὶ

88 5298 164 5352 οὐ
197 5297 382 5368 μόνον
407 5294 688 5366 ἐμποδίζει
710 5298 777 5366 τῇ
810 5294 1048 5368 ὠφελείᾳ
1078 5296 1266 5363 αὑτοῦ,
1296 5297 1432 5353 ἀλλά
1455 5298 1550 5353 καὶ
1577 5314 1701 5352 πει-

90 5392 339 5463 ρασμὸν
362 5392 520 5462 φέρει
549 5391 716 5462 αὐτῷ.
746 5392 858 5446 Καὶ
876 5391 1026 5444 οὐδὲν
1044 5389 1203 5443 τοῦτο
1233 5389 1550 5460 βαρύτερον,
1577 5390 1698 5444 οὐδὲ

83 5483 518 5555 ὀλεθριώτερον
549 5483 644 5538 τοῦ
672 5499 797 5537 τινα
836 5483 911 5554 μὴ
949 5483 1108 5553 μόνον
1158 5483 1372 5548 ἑαυτὸν,
1421 5482 1558 5537 ἀλλὰ
1602 5484 1700 5538 καὶ

84 5577 194 5630 τὸν
228 5576 477 5648 πλησίον
506 5575 783 5647 βλάπτειν.

1797 4834 1981 4891 statim
2029 4833 2206 4900 abeat,
2239 4840 2295 4888 et
2342 4831 2471 4886 illud
2513 4831 2730 4902 garrula
2754 4831 2937 4902 lingua
2971 4833 3371 4904 ubiquedisse-

1799 4927 1988 4990 minet,
2016 4934 2072 4980 et
2095 4924 2319 4980 alterius
2366 4924 2550 4980 fratris
2601 4925 2769 4980 menti
2823 4939 2888 4980 ac
2907 4925 3091 4980 animo
3136 4925 3369 4997 ingerat,

1800 5034 1901 5075 nec
1934 5027 2220 5082 contentus
2264 5015 2367 5072 sibi
2403 5015 2505 5087 ipsi
2555 5016 2809 5072 nocuisse
2849 5015 2954 5072 nisi
2987 5016 3042 5071 in
3083 5031 3374 5076 commune

1797 5113 2057 5167 damnum
2113 5119 2163 5165 et
2190 5108 2407 5164 fratrem
2461 5109 2658 5174 trahat,
2709 5124 3045 5180 parvamque
3074 5110 3372 5182 aeruginem

1799 5206 1947 5261 illius
1975 5203 2126 5260 cordi
2153 5204 2427 5258 immittat.
2457 5200 2613 5258 Alius
2635 5201 2789 5267 alteri
2812 5201 2950 5259 forte
2975 5204 3103 5258 dum
3122 5205 3374 5262 oratione

1800 5307 1974 5364 vacat,
2004 5297 2089 5354 vel
2123 5297 2270 5351 aliud
2325 5295 2458 5364 quid
2518 5295 2648 5350 boni
2694 5303 2973 5366 operatur,
3001 5299 3373 5367 supervenerit

1799 5393 1964 5448 frater
1987 5390 2141 5446 futile
2171 5389 2372 5460 aliquid
2407 5388 2658 5456 aﬂ‘erens,
2679 5391 2748 5443 de
2774 5405 2908 5460 quo.
2948 5389 3185 5446 inaniter
3229 5393 3371 5448 inter

1799 5501 1857 5541 se
1881 5484 2264 5554 colloquantur
2282 5499 2302 5548 ;
2320 5497 2422 5537 nec
2446 5482 2620 5537 solum
2646 5481 2716 5535 ab
2733 5481 3051 5536 ea.utilitate
3074 5481 3224 5537 illum
3251 5483 3371 5538 abs-

1797 5575 1987 5642 trahit,
2042 5574 2139 5630 sed
2176 5571 2422 5628 etiamin
2458 5570 2808 5626 tentationcm
2865 5585 3209 5627 communem
3255 5582 3371 5628 tra-

85 5669 184 5724 hit
216 5687 234 5725 :
275 5683 397 5740 qua
425 5671 630 5726 malitia
665 5670 812 5725 nulla
843 5668 1056 5725 rravior
1081 5677 1164 5725 est
1191 5677 1286 5724 aut
1314 5669 1686 5740 perniciosior,
1730 5682 1792 5729 ut
1852 5669 2058 5728 scilicet
2119 5681 2228 5722 non
2248 5665 2343 5720 tibi
2385 5652 2604 5729 solum,
2629 5662 2726 5718 sed
2782 5672 2838 5717 et
2885 5664 3134 5734 proximo
3174 5677 3371 5718 nocere

89 5781 374 5822 3008138.

130 5775 409 5912 patefiat
432 5856 592 5910 τοῦτο
623 5855 784 5910 καλόν
823 5857 990 5917 ἐστιν,
1024 5855 1110 5908 ἵνα
1143 5853 1354 5925 ἔχωμεν
1384 5853 1690 5924 εὐλάϐειαν,

91 5949 373 6017 assmu-
404 5949 491 6003 ἵνα
520 5947 812 6019 φοϐώμεθα
857 5947 958 6016 τὴν
985 5944 1188 6017 βλάϐην
1225 5945 1437 6002 ἐαυτῶν
1479 5946 1573 6001 καὶ
1600 5947 1694 6001 άλ-

92 6040 216 6099 Mil:
249 6060 326 6110 κν,
356 6043 443 6099 ῖνα
475 6041 722 6117 τιμῶμεν
749 6039 1034 6111 ἀλλήλους,
1065 6039 1157 6095 καὶ
1185 6038 1270 6095 ἴνα
1307 6037 1694 6110 σπουδάζωμεν

1869 5852 1982 5909 νη.
2019 5849 2175 5906 Absit
2203 5856 2383 5902 autem
2405 5863 2434 5901 a
2459 5847 2633 5912 nobis,
2655 5845 2875 5910 fratres,
2903 5856 2961 5900 ut
2982 5847 3083 5901 hoc
3120 5863 3364 5916 agamus.

1804 5945 2091 6001 Servemus
2116 5950 2360 5996 mutuam
2402 5938 2781 6001 reverentiam,
2807 5937 3096 5992 timeamus
3122 5951 3369 5992 commu-

1799 6039 1892 6097 nia
1939 6036 2132 6094 damna
2154 6073 2168 6102 ,
2222 6031 2451 6090 invicem
2492 6029 2649 6091 nobis
2681 6028 3007 6089 deferamus.
3041 6029 3368 6086 Studeamus
