4118 6542
784 381 912 445 1667

1959 387 2018 443 S.
2041 385 2436 446 'DDROPIIEI
2453 380 2476 452 Ξ
2496 389 2809 449 ΛΒΒᾹΤΙΒ

3872 398 4008 461 Ῑῦῧδ

776 505 844 543 ne
865 489 1147 550 uictemus,
1180 503 1247 542 ne
1271 502 1525 556 vagentur
1574 488 1768 549 oculis,
1801 503 1867 543 ne
1907 491 2089 543 vultus
2123 500 2306 544 nostro

2441 492 2574 562 μηδὲ
2604 495 2904 555 ἀνανεύειν.
2938 496 3068 566 μηδὲ
3099 499 3178 560 είς
3207 499 3275 552 τὰ
3305 499 3570 569 πρόσωπα
3589 502 3865 573 ἀλλήλων.
3901 506 4012 558 Καὶ

772 580 962 631 crebro
986 579 1426 648 contemplemur.
1460 578 1592 632 Nam
1652 580 1782 633 illud
1815 595 2033 650 quoque
2075 597 2338 650 praesum-

772 670 969 736 ptionis
995 679 1075 723 est
1101 685 1292 739 genus.
1317 680 1375 723 ut
1425 670 1690 739 majorum
1741 670 1840 726 fuit
1881 675 2162 728 sententia.
2196 673 2336 728 Prm-

773 772 914 815 terea
931 763 973 815 si
1009 761 1226 816 fratrem
1254 761 1556 832 conspicias
1573 777 1852 832 perperam
1869 764 1996 833 quid
2027 763 2334 830 facientem,

772 867 838 907 ne
866 853 1012 906 illum
1043 868 1286 922 spernas,
1315 869 1381 908 ne
1410 869 1700 923 conspuas,
1727 870 1794 910 ne
1823 865 2000 910 taceas
2032 870 2098 911 ac
2155 857 2336 926 perire

771 946 1088 1012 permittas;
1121 960 1292 1014 neque
1318 947 1480 1000 etiam
1535 946 1610 1000 illi
1657 946 1947 1003 maledicas
1994 959 2088 1003 aut
2135 949 2334 1019 ubique

768 1035 1031 1093 diffauies.
1083 1035 1174 1088 sed
1227 1051 1349 1090 cum
1391 1038 1756 1092 misericordia
1787 1047 1842 1093 et
1873 1039 2068 1094 timore
2104 1039 2198 1095 Dei
2256 1040 2331 1095 illi

768 1129 940 1182 revela
964 1130 1054 1195 qui
1077 1129 1249 1195 possit
1275 1142 1399 1182 eum
1422 1128 1645 1198 erigere.
1673 1128 1780 1184 Aut
1797 1139 1852 1183 tu
1889 1141 1940 1184 te
1964 1131 2076 1200 ipse
2112 1129 2331 1186 fratrem

767 1226 1028 1292 eompella
1043 1241 1164 1278 cuin
1185 1223 1547 1277 benevolentia
1569 1233 1623 1278 et
1647 1226 2078 1290 mansuetudine,
2103 1225 2288 1280 dicens
2312 1241 2327 1277 :

770 1315 838 1366 lla
870 1297 1098 1376 veniam,
1139 1315 1386 1373 obsecro,
1421 1316 1493 1367 tui
1548 1313 1734 1375 frater,
1775 1315 1930 1376 video
1956 1316 2097 1384 quod
2123 1316 2223 1369 hoc
2252 1314 2329 1368 rei

764 1407 878 1456 siue
910 1405 1076 1458 dubio
1109 1420 1213 1458 non
1240 1404 1375 1458 bene
1408 1420 1555 1472 agas.
1588 1403 1741 1469 Quod
1765 1405 1807 1459 si
1847 1415 1896 1458 te
1929 1421 2034 1459 non
2067 1405 2322 1468 audierit,

762 1498 915 1547 alteri
951 1496 1101 1549 dicas
1134 1495 1184 1547 iu
1219 1509 1329 1562 quo
1375 1494 1572 1548 videris
1601 1509 1725 1548 eum
1761 1494 1920 1548 tidem
1959 1495 2183 1558 habere,
2236 1495 2321 1549 vel

761 1589 920 1640 etiant
953 1586 1239 1657 prieposito
1265 1597 1357 1640 aut
1413 1586 1590 1640 abbati
1625 1602 1722 1656 pro
1757 1587 1963 1656 peccati
2001 1587 2326 1656 magnitudi-

761 1694 858 1740 ne;
898 1693 959 1731 ac
1016 1677 1208 1731 deinde
1247 1693 1471 1732 securus
1523 1688 1640 1732 esto
1675 1686 1770 1731 :ut
1820 1687 2001 1730 autem
2053 1678 2315 1744 diximus,

757 1784 944 1826 taveat
967 1772 1144 1842 quivis
1174 1773 1277 1826 hoc
1308 1783 1431 1842 agat
1457 1771 1560 1824 alia
1599 1770 1890 1824 intentione
1923 1780 2084 1838 atque
2115 1771 2318 1835 animo,

754 1883 913 1934 quam
956 1865 1136 1921 fratris
1161 1866 1352 1933 agendi
1381 1884 1396 1918 :
1425 1880 1531 1918 nott
1556 1879 1643 1933 per
1678 1864 2069 1933 garrulitatem,
2091 1880 2197 1918 non
2226 1879 2320 1932 per

753 1958 1052 2020 infamiam,
1084 1973 1191 2010 non
1227 1972 1320 2025 per
1355 1967 1722 2024 contemptum
1759 1955 1950 2024 ipsius,
1988 1969 2093 2008 non
2150 1964 2207 2008 ut
2265 1954 2319 2008 in

751 2049 1050 2113 exemplum
1081 2049 1310 2103 aliorum
1348 2049 1548 2109 trahat,
1576 2062 1680 2100 non
1713 2055 1770 2099 ttt
1798 2047 2004 2114 judicet
2029 2061 2176 2109 eum,
2213 2061 2318 2100 non

751 2153 1048 2207 praetexens
1082 2139 1426 2194 simulatione
1470 2138 1881 2193 correctionem.
1903 2135 2058 2202 Quod
2088 2139 2132 2191 si
2159 2137 2316 2190 habet

750 2231 802 2282 iu
831 2245 888 2284 sc
916 2231 1196 2299 quidpiam
1239 2229 1430 2283 horum
1473 2243 1594 2296 qua:
1640 2226 2008 2296 praediximus,
2033 2237 2090 2282 ut
2110 2227 2318 2284 scilicet

746 2320 954 2374 delator
986 2319 1166 2375 fratris
1201 2322 1268 2374 sit
1297 2321 1436 2388 apud
1481 2319 1727 2373 abbatem
1793 2321 2017 2375 nocendi
2060 2320 2311 2384 consilio,

748 2427 854 2464 non
902 2412 1080 2466 studio
1127 2411 1468 2481 corrigendi,
1514 2421 1790 2480 peccatum
1850 2423 1932 2466 est
1977 2424 2029 2467 et
2061 2413 2307 2468 infantia.

748 2502 1085 2560 Scrutabitur
1118 2506 1295 2574 primo
1334 2519 1428 2557 cur
1480 2519 1637 2558 suum
1675 2505 2115 2576 diligentissime;
2150 2517 2204 2560 et
2240 2508 2309 2585 _si

744 2596 1035 2650 simultatis
1075 2596 1331 2650 instinctu
1374 2604 1464 2647 aut
1487 2595 1611 2649 odio
1636 2596 1738 2650 hoc
1762 2611 1822 2651 se
1849 2595 2026 2652 facere
2058 2599 2308 2662 senserit,

741 2687 1034 2741 abstinebit
1062 2701 1239 2755 neque
1277 2687 1444 2742 dicet.
1485 2687 1539 2741 Si
1578 2698 1756 2742 autem
1794 2703 1918 2742 cum
1953 2687 2162 2743 viscera
2211 2704 2308 2744 sua

741 2776 1022 2845 diligenter
1059 2776 1285 2830 riutatus
1329 2776 1525 2838 fuerit,
1579 2792 1698 2832 Sese
1763 2778 2078 2847 cognoverit
2130 2793 2309 2833 corre-

743 2868 934 2922 rtionis
951 2876 1002 2921 et
1025 2867 1310 2920 charitatis
1335 2867 1507 2936 gratia
1537 2865 1588 2921 id
1621 2867 1818 2928 facere,
1844 2867 2089 2935 impediti
2119 2879 2303 2924 autem

742 2979 772 3014 a
793 2959 1114 3030 cogitatione
1147 2959 1464 3027 scrupulosa
1503 2957 1759 3025 quadam,
1782 2958 1964 3012 abbati
2024 2959 2304 3014 humiliter

740 3061 794 3104 et
839 3065 998 3104 suum
1048 3057 1099 3102 et
1135 3049 1363 3118 proximi
1417 3058 1694 3118 peccatum
1761 3048 1981 3118 pandat,
2047 3049 2304 3119 dicatque

738 3140 1079 3197 conscientia:
1118 3139 1424 3196 testimonio
1472 3139 1524 3195 id
1539 3130 1735 3194 'facere
1773 3145 1832 3193 ut
1864 3139 2136 3209 corrigat;
2180 3155 2302 3194 ver-

741 3233 911 3284 berari
943 3240 1117 3284 tamen
1180 3245 1238 3285 se
1259 3245 1288 3284 a
1319 3231 1475 3284 turba
1505 3229 1735 3299 quadam
1783 3229 2199 3299 cognationum,
2233 3230 2306 3284 ita

738 3335 794 3378 tit
834 3326 1061 3392 ignoret,
1090 3335 1157 3374 an
1196 3322 1480 3375 adversum
1518 3321 1737 3374 fratrem
1769 3321 2046 3390 quidpiam
2085 3321 2300 3383 habeat,

736 3431 802 3469 an
837 3416 948 3467 lucc
977 3412 1245 3466 calumnia
1269 3413 1390 3468 sita
1412 3428 1517 3481 qua
1546 3411 1870 3481 impediatur
1893 3414 2040 3481 loqui
2062 3423 2116 3467 et
2135 3413 2306 3465 corri-

735 3521 876 3576 gere.
933 3504 1031 3559 Cui
1089 3504 1428 3572 postmodum
1467 3503 1820 3572 respondeat
1880 3505 2068 3564 abbas,
2115 3505 2306 3557 debeat

736 3610 902 3649 necne
959 3595 1088 3649 illud
1118 3595 1312 3648 dicere.
1366 3591 1450 3646 Fit
1495 3602 1672 3646 autem
1729 3593 1830 3646 hoc
1881 3603 1934 3645 et
1977 3594 2302 3662 aliquando,

640 3731 661 3753 ,
735 3704 829 3740 nec
872 3698 1087 3756 propter
1133 3684 1478 3740 commodum
1505 3695 1597 3739 aut
1635 3685 1893 3738 damnum
1955 3685 2158 3749 fratris,
2204 3703 2302 3741 nec

734 3791 957 3848 propter
1011 3779 1350 3832 inimicitiam
1394 3777 1554 3831 ullam
1580 3792 1604 3828 ':
1634 3777 1725 3832 sed
1754 3791 1821 3830 ex
1876 3777 2107 3846 quadam
2165 3779 2303 3833 male

734 3874 986 3942 loquendi
1022 3873 1429 3927 consuetudine.
1468 3873 1530 3926 lit
1569 3874 1710 3941 quis,
1740 3887 1856 3934 oro,
1888 3871 2048 3942 hujus
2075 3874 2301 3943 garruli—

733 3968 859 4018 tatis
885 3981 1019 4019 usus
1043 3965 1064 4016 ’ἓ
1092 3980 1231 4032 szepe
1269 3965 1413 4017 enim
1447 3964 1505 4017 tit
1550 3975 1606 4017 ut
1651 3966 1906 4020 resciscat
1955 3964 2298 4036 postmodum

733 4060 897 4110 frater
923 4058 1025 4111 sibi
1079 4056 1379 4110 detractum
1428 4071 1585 4118 esse,
1627 4067 1679 4111 et
1721 4058 2066 4126 perturbetur
2131 4061 2300 4113 mole-

731 4151 939 4219 stiaque
968 4166 1073 4203 non
1106 4150 1311 4203 modica
1339 4142 1603 4203 afﬁciatur
1644 4167 1656 4201 :
1690 4159 1743 4203 et
1778 4151 1879 4204 hoc
1903 4150 2130 4203 alterum
2153 4166 2291 4219 gno-

731 4257 835 4306 que
869 4241 1126 4293 damnum
1173 4239 1412 4293 accedat.
1464 4239 1617 4306 Quod
1653 4239 1697 4295 si
1727 4239 2042 4310 (ut-pratfati
2087 4242 2297 4304 sumus)

734 4330 782 4382 id
817 4330 904 4382 fiat
933 4332 1001 4382 ob
1033 4331 1316 4384 utilitatem
1357 4341 1408 4384 et
1438 4330 1782 4385 commodum
1828 4329 2031 4394 fratris,
2067 4349 2172 4387 non
2204 4348 2299 4403 pa-

733 4423 862 4474 titur
896 4420 1034 4482 Deus
1070 4422 1216 4476 illum
1249 4421 1548 4492 perturbari
1589 4430 1684 4475 aut
1725 4423 2004 4486 fluctuare,
2042 4441 2148 4481 non
2202 4440 2298 4479 an-

728 4515 985 4582 gustiam,
1023 4529 1128 4567 non
1163 4518 1423 4569 damnum‘
1448 4516 1723 4571 accedere.

797 4605 928 4660 \‘lll.
956 4607 1154 4660 Curate.
1198 4609 1360 4676 igitur
1393 4619 1446 4663 et
1477 4610 1713 4676 linguam
1749 4609 2024 4672 cohibere,
2079 4627 2145 4665 ne
2172 4613 2296 4683 quis

721 4697 965 4764 prmium
996 4697 1131 4749 mala
1191 4698 1458 4765 loquatur,
1491 4713 1588 4752 nec
1636 4699 1806 4753 ullum
1856 4701 2017 4754 verbo
2058 4712 2295 4755 autum-

718 4791 832 4849 bl‘tl,
865 4786 1024 4858 395
1057 4796 1148 4842 aut
1201 4804 1275 4851 re,
1309 4799 1402 4843 aut
1444 4789 1638 4859 quovis
1707 4792 1931 4844 omnino
1987 4790 2092 4844 alio
2133 4793 2293 4847 modo

713 4882 890 4933 feriat.
926 4878 1110 4949 Neque
1166 4881 1287 4936 sitls
1314 4885 1621 4949 prurientes
1670 4883 1895 4940 auribus
1925 4903 1937 4938 :
1971 4900 2035 4939 ne
2065 4885 2289 4950 scilicet,

712 4983 834 5022 eum
859 4970 982 5039 quis
1015 4971 1247 5025 audierit
1275 4971 1552 5041 quidpiam
1587 4974 1654 5028 de
1683 4989 1742 5027 se
1767 4975 2134 5039 maledictum,
2162 4991 2291 5046 pru-

714 5064 817 5117 ritu
858 5064 1001 5118 illico
1047 5068 1381 5134 percutiatur
1423 5083 1434 5118 :
1490 5077 1542 5121 et
1605 5068 1718 5138 ipse
1753 5083 1973 5137 qttoque
2028 5071 2107 5122 vel
2153 5068 2289 5123 male

709 5161 1027 5229 respondeat
1090 5160 1171 5213 vel
1216 5159 1561 5230 perturbetur
1614 5163 1681 5216 ab
1704 5179 1786 5218 eo.
1820 5160 1936 5216 Non
1958 5165 2102 5218 enim
2159 5163 2286 5219 talia

706 5265 1078 5309 concertantes
1129 5253 1344 5309 athletae
1374 5269 1537 5324 agere
1564 5267 1987 5319 consueverunt,
2025 5273 2132 5311 non
2189 5256 2283 5325 qui

705 5358 804 5413 pro
833 5345 1002 5399 salute
1026 5345 1312 5401 desutlaut.
1353 5346 1631 5402 Possidete
1667 5348 1915 5403 timorem
1944 5348 2058 5412 Dei,
2087 5359 2140 5403 et
2165 5365 2284 5402 mu-

704 5445 793 5486 tua
833 5433 1131 5488 reverentia
1172 5449 1268 5489 vos
1311 5435 1600 5503 praevenite
1630 5454 1641 5488 :
1670 5437 1820 5492 vobis
1866 5435 2010 5490 obvii
2067 5449 2276 5491 csmte:

700 5523 957 5580 inclinate
986 5527 1157 5596 capita
1194 5539 1370 5584 vestra
1403 5546 1416 5582 ε
1454 5529 1816 5584 humiliamini
1868 5531 1920 5583 in
1986 5541 2278 5599 conspectu

699 5619 897 5671 summi
933 5616 1022 5672 Dei
1052 5628 1104 5672 et
1136 5619 1185 5670 iu
1213 5631 1510 5691 conspectu
1547 5618 1777 5674 fratrum
1821 5639 1832 5674 τ
1873 5621 2126 5690 subjicite
2152 5637 2278 5692 pro-

697 5709 868 5780 priam
901 5712 1252 5767 voluntatem.
1282 5714 1514 5778 Bonum,
1547 5714 1943 5783 iuquam,opus
1967 5716 2275 5784 aggreditur

695 5804 789 5875 qui
819 5804 921 5860 hoc
948 5803 1094 5871 facit,
1121 5808 1210 5879 qui
1240 5809 1539 5867 advenienti
1582 5807 1732 5864 fratri
1768 5809 1930 5876 cedit,
1968 5810 2058 5878 qui
2096 5809 2269 5865 hono-

2437 583 2594 636 τοῦτο
2619 585 2744 654 γὰρ,
2761 587 2834 649 ὡς
2862 582 2982 640 εἷπέ
3001 605 3082 650 τις
3106 589 3215 651 τῶν
3241 592 3530 660 γερόντων,
3553 591 3689 658 εἶδός
3717 595 3839 648 ἔστι
3865 601 4012 666 τταρ-

2437 673 2654 741 ρησίας.
2715 675 2820 743 Κμὶ
2869 676 2963 727 ἐὰν
3015 676 3194 746 συμϐῇ
3223 693 3346 730 τινα
3381 679 3597 748 βλέπειν
3643 681 3735 734 τὸν
3768 682 4011 751 ἀδελῳὸν

2435 762 2607 815 αὑτοῦ
2661 764 3055 834 ἁμαρτάνοντα,
3118 785 3256 837 μητε
3303 772 3620 844 καταπτύσῃ
3663 773 3861 838 αὐτοῦ,
3915 779 4012 828 καὶ

2435 855 2700 924 σιωπήσει
2733 856 2825 908 καὶ
2851 857 3050 927 ἀφήσει
3083 859 3245 912 αὑτὸν
3289 861 3600 926 ἀπολέσθαι,
3647 865 3793 934 μήτε
3839 865 4010 920 πάλιν

2432 943 2727 1015 λοιδορήσει
2785 946 2967 1007 αὐτὸν.
3017 951 3153 1018 μήτε
3213 951 3572 1022 καταλαλήσει
3613 954 3810 1020 αὑτοῦ,
3867 955 4010 1010 am

2434 1034 2570 1104 μετά
2607 1036 2946 1105 συμπαθείας
2983 1040 3076 1092 καὶ
3100 1040 3265 1107 φόϐου
3295 1041 3427 1096 Θεοῦ
3458 1044 3587 1115 εἴπῃ
3613 1044 3690 1114 τῷ
3709 1047 4008 1116 δυναμένῳ

2429 1120 2823 1190 διορθώσασθαι
2880 1125 3064 1190 αὐτὸν,
3099 1128 3133 1198 ἦ
3183 1131 3342 1194 αὐτὸς
3395 1131 3614 1204 λαλήσει
3657 1133 3816 1205 αὐτῷ
3863 1138 4008 1204 μετὰ

2430 1212 2651 1283 ἀγάπης
2678 1214 2771 1268 καὶ
2799 1216 3178 1282 ταπεινώσεως
3207 1220 3396 1290 λέγων·
3435 1223 3824 1295 Συγχὼρησον,
3854 1228 4007 1280 ἀδελ-

2429 1301 2495 1370 φέ
2523 1319 2646 1372 μου,
2685 1305 2788 1366 ὄτι,
2819 1305 2895 1368 ὡς
2923 1306 3264 1378 ἀσύστροφος
3283 1310 3484 1381 βλέπω,
3519 1314 3598 1367 ὅτι
3624 1316 3772 1386 τάχα
3800 1317 3864 1369 οὺ
3901 1335 4002 1371 atu-
4047 1357 4054 1371 .

2426 1392 2535 1454 λῶς
2565 1395 2825 1466 ποιοῦμεν
2853 1397 2969 1450 τόδε
3004 1399 3066 1452 τὸ
3095 1404 3344 1472 πρᾶγμα.
3375 1405 3484 1458 Καὶ
3510 1405 3603 1458 ἐὰν
3636 1407 3713 1477 μὴ
3756 1408 4000 1481 ἀκούσῃ,

2427 1486 2550 1538 είπὲ
2594 1486 2756 1557 ἄλλῳ,
2800 1491 2876 1550 εἰς
2924 1489 2981 1541 ὃν
3015 1490 3226 1559 βλέπων
3258 1495 3339 1548 ὅτι
3375 1495 3485 1564 ἔχει
3523 1497 3933 1570 πληροφορίαν,
3967 1503 3998 1571 ἢ

2425 1577 2545 1630 εἰπὲ
2568 1577 2646 1646 τῷ
2672 1579 2938 1652 ἐπιστάτῃ
2968 1580 3156 1647 αὑτοῦ,
3187 1585 3220 1654 ἦ
3252 1584 3329 1654 τῷ
3357 1586 3498 1656 ἀϐϐᾷ
3537 1590 3674 1660 πρὸς
3714 1590 3821 1659 τὴν
3843 1591 4001 1644 δύνα-

2425 1685 2518 1736 μιν
2553 1667 2646 1721 τοῦ
2683 1670 3014 1740 σφάλματος,
3043 1675 3138 1727 καὶ
3179 1676 3503 1746 ἀμερίμνειο
3553 1682 3690 1745 ἀλλ’,
3732 1683 3818 1746 ὡς
3848 1685 3997 1737 εἴπο-

2426 1773 2546 1825 μεν,
2579 1758 2766 1828 σκοπῷ
2803 1760 2898 1813 τοῦ
2928 1761 3283 1835 διορθωθῆναι
3319 1769 3410 1821 τὸν
3453 1767 3682 1839 αδελφδν
3713 1774 3892 1829 αὑτοῦ
3926 1778 3998 1830 εί-

2429 1863 2524 1920 πῃ,
2558 1849 2653 1902 καὶ
2693 1851 2767 1920 μὴ
2804 1852 2942 1905 κατά
2975 1855 3263 1925 φλυαρίαν,
3297 1858 3372 1928 μὴ
3403 1861 3745 1926 καταλαλῶν,
3785 1867 3867 1937 μὴ
3910 1867 3996 1932 εξ-

2424 1941 2656 1994 ουδενῶν
2686 1945 2870 2009 αὐτὸν,
2903 1946 2977 2016 μὴ
2999 1946 3168 2001 θέλων
3192 1951 3371 2016 αὐτὸν,
3399 1954 3581 2023 φησιν,
3607 1955 3995 2027 παραδειγμα-

2423 2034 2592 2098 τίσαι,
2649 2035 2722 2106 μὴ
2771 2037 3116 2108 κατακρίνων
3164 2041 3343 2106 αὐτὸν,
3392 2046 3465 2116 μὴ
3518 2047 3994 2118 σχηματιζόμενος

2421 2123 2580 2195 δῆθεν
2610 2126 2893 2196 διόρθωσιν
2914 2146 2927 2160 ο
2965 2130 3166 2183 ἔσωθεν
3191 2132 3245 2184 δὲ
3273 2133 3411 2203 ἔχων
3450 2137 3640 2190 τίποτε
3673 2139 3894 2192 τούτων
3924 2135 3991 2192 ὧν

2421 2210 2592 2268 εἷπον·
2644 2218 2810 2282 ὅντως
2849 2221 2957 2290 γὰρ
2985 2222 3134 2292 αὑτῷ
3157 2222 3233 2293 τῷ
3264 2225 3406 2296 ἀϐϐᾷ
3442 2227 3604 2281 αὑτοῦ
3629 2245 3646 2258 °
3704 2228 3810 2282 ὲάν
3863 2231 3988 2301 λέγῃ

2418 2324 2522 2371 τις,
2551 2321 2646 2360 και
2688 2309 2761 2378 μὴ
2801 2308 2932 2380 λέγῃ
2973 2311 3060 2364 διὰ
3103 2314 3200 2382 τὴν
3239 2314 3520 2385 διόρθωσιν
3546 2321 3641 2371 τοῦ
3671 2319 3991 2392 adﬁciome

2417 2397 2504 2450 ὂιά
2563 2399 2696 2451 ἰδίαν
2754 2400 2976 2469 βλάϐην,
3028 2403 3299 2474 ἁμαρτίας
3343 2407 3476 2458 ἐστί’
3521 2410 3839 2466 καταλαλιά
3889 2416 3990 2482 γὰρ

2417 2493 2584 2544 ἐστιν.
2622 2489 2780 2543 ’Λλλά
2813 2489 3127 2562 ψηλαᾳήσει
3152 2494 3249 2563 τὴν
3283 2495 3505 2564 καρδίαν
3545 2498 3768 2562 ἑαυτοῦ,
3806 2504 3858 2554 εἰ
3898 2503 3987 2571 ἔχῃ

2416 2578 2629 2646 κίνησίν
2658 2597 2778 2632 τινα
2806 2580 3050 2650 ἐμπαθῆ,
3077 2584 3171 2635 καὶ
3209 2583 3282 2655 μὴ
3312 2586 3460 2655 εἴπῃ.
3497 2584 3621 2638 ἐὰν
3655 2587 3714 2640 δὲ
3732 2591 3836 2642 καὶ
3871 2591 3986 2660 βλέ-

2415 2685 2505 2719 πει
2535 2670 2727 2722 ἑαυτὸν
2753 2671 2889 2739 μετὰ
2919 2672 3229 2742 ἀκριϐείας,
3262 2677 3342 2728 ὅτι
3385 2676 3472 2730 διὰ
3498 2677 3595 2748 τὴν
3629 2681 3986 2749 συμπάθειαν

2414 2761 2508 2813 καὶ
2545 2759 2813 2828 ὠφέλειαν
2852 2759 2995 2814 θέλει
3048 2764 3242 2826 εἰπεῖν,
3283 2765 3428 2834 ὀχλεῖ
3458 2766 3514 2819 δὲ
3541 2771 3636 2821 καὶ
3671 2771 3701 2822 ό
3725 2768 3986 2840 λογισμός

2411 2869 2495 2915 τις
2534 2852 2734 2905 ἔσωθεν
2777 2853 3050 2927 ἐμπαθὴς,
3080 2856 3392 2923 ἀναγγεῖλαι
3424 2858 3501 2915 τῷ
3537 2860 3684 2930 ἀϐϐᾷ
3716 2863 3866 2930 μετά
3899 2880 3984 2916 τα-

2412 2943 2740 3007 πεινώσεως,
2767 2945 2859 2998 καὶ
2902 2946 2971 3002 ’τὸ
2999 2947 3126 3000 ἴδιον
3161 2951 3256 3001 καὶ
3289 2949 3350 3001 τὸ
3381 2948 3472 3001 τοῦ
3507 2951 3740 3022 πλησίον
3773 2954 3984 3022 λέγων,

2410 3035 2490 3086 ὅτι
2526 3034 2588 3086 Ἦ
2612 3036 2708 3104 μὲν
2734 3037 3038 3106 συνείδησίς
3056 3056 3157 3108 μου
3177 3042 3442 3110 μαρτυρεῖ
3463 3058 3562 3110 μου
3589 3042 3673 3094 ὅτι
3699 3043 3792 3098 διὰ
3821 3046 3985 3116 ὀρθω-

2411 3144 2495 3180 σιν
2525 3128 2665 3180 θέλω
2695 3131 2890 3194 εἰπεῖν,
2914 3131 3028 3183 ἀλλ’
3059 3131 3381 3201 αἰσθάνομαι
3404 3133 3485 3184 ὅτι
3508 3132 3714 3186 ἔσωθέν
3740 3134 3833 3198 τίς
3855 3153 3983 3188 ποτε

2409 3221 2664 3290 λογισμὸς
2695 3221 3054 3290 μεμιγμένος.
3100 3222 3224 3275 Εἴτε
3257 3223 3444 3294 ἐπειδὴ
3473 3225 3629 3293 ἔσχον
3657 3225 3795 3279 ποτε
3844 3227 3983 3282 κατά

2405 3311 2498 3365 τοῦ
2529 3311 2780 3380 ἀδελφοῦ,
2813 3313 2912 3366 οὐκ
2941 3309 3075 3367 οἶδα·
3107 3317 3214 3367 εἴτε
3246 3316 3574 3386 συκοφαντία
3599 3318 3722 3370 ἐστὶ
3745 3317 3982 3373 θέλουσα

2405 3403 2692 3472 ἐμποδίσαι
2748 3421 2837 3473 μοι
2883 3407 3055 3457 εἰπεῖν
3103 3407 3198 3462 καὶ
3240 3407 3492 3475 γενέσθαι
3533 3409 3855 3478 διόρθωσιν,
3883 3412 3980 3465 οὐκ

2405 3489 2539 3545 οἶδα.
2574 3493 2682 3544 Καὶ
2718 3493 2904 3545 λοιπὸν
2933 3495 2960 3546 ὁ
2992 3494 3164 3557 ἀϐϐἀς
3200 3496 3347 3562 λέγει
3373 3497 3539 3566 αὐτῷ,
3571 3501 3618 3550 εί
3640 3499 3857 3566 ὀφείλει
3901 3505 3977 3554 εί-

2406 3587 2546 3647 πεῖν,
2589 3585 2621 3654 ἢ
2667 3585 2740 3654 μὴ
2772 3588 2963 3640 εἰπεῖν.
3005 3588 3160 3640 Ἐστι
3203 3588 3258 3640 δὲ
3284 3590 3371 3641 ὅτε
3411 3588 3558 3656 λέγει
3598 3607 3684 3654 τις
3728 3591 3864 3645 οὔτε
3894 3593 3984 3646 διὰ

2404 3676 2669 3744 ὠφέλειαν
2695 3675 2788 3727 τοῦ
2810 3676 3037 3744 ἀδελφοῦ
3074 3677 3259 3742 αὑτοῦ,
3290 3679 3411 3731 οὔτε
3448 3679 3535 3731 διὰ
3569 3679 3708 3732 tam
3740 3681 3975 3751 βλάϐην,

2404 3769 2524 3822 οὔτε
2557 3770 2698 3822 κατὰ
2735 3771 3098 3839 μνησικακίαν
3127 3771 3269 3832 τινὰ,
3309 3770 3421 3824 ἀλλ’
3448 3771 3619 3835 οὕτως
3662 3774 3862 3837 ἁπλῶς
3903 3775 3980 3827 διο

2403 3864 2723 3932 ηγοῠμενος,
2747 3867 2822 3928 ὡς
2853 3867 2960 3920 ἀπὸ
2989 3867 3332 3938 ἀργολογίας.
3362 3869 3473 3922 Καὶ
3499 3869 3584 3932 τίς
3608 3870 3640 3938 ἡ
3673 3870 3844 3938 χρεία
3879 3872 3978 3940 τῆς

2404 3956 2666 4028 φλυαρίας
2705 3960 2937 4032 ταύτης
2973 3961 3236 4026 Πολλάκις
3258 3963 3314 4015 δὲ
3335 3963 3426 4016 καὶ
3457 3962 3719 4034 μανθάνει
3746 3965 3776 4017 ό
3815 3964 3978 4018 ἀδελ-

2403 4051 2501 4119 φὸς
2527 4053 2607 4104 ὅτι
2632 4049 2750 4106 εἷπε
2777 4056 2903 4124 περὶ
2923 4055 3109 4122 αὑτοῦ,
3132 4057 3225 4108 καὶ
3248 4057 3737 4126 καταταράσσεται,
3756 4062 3863 4112 καὶ
3890 4059 3976 4124 τί-

2401 4161 2548 4196 νεται
2580 4146 2643 4198 ἐκ
2679 4147 2868 4199 τούτου
2903 4147 3102 4216 θλίψις,
3130 4133 3335 4215 γίνεται
3369 4149 3463 4201 καὶ
3499 4147 3630 4217 ἄλλη
3671 4150 3976 4222 προσθήκη

2402 4236 2628 4307 βλάϐης.
2654 4240 2821 4293 Ὅταν
2840 4240 2948 4311 γὰρ
2976 4240 3122 4307 λέγει
3145 4257 3236 4303 τις
3261 4241 3329 4294 δι’
3357 4239 3524 4309 αὐτὴν
3548 4240 3644 4310 τὴν
3667 4241 3974 4309 ὠφέλειαν,

2397 4330 2472 4390 ὡς
2497 4333 2741 4400 εἴπομεν,
2773 4334 2868 4385 καὶ
2894 4332 3081 4401 μόνην,
3107 4333 3166 4384 οὐ
3197 4335 3468 4402 συγχωρεῖ
3497 4334 3525 4384 ό
3545 4332 3677 4394 Θεὸς
3706 4314 3978 4400 γενέσθαι

2398 4426 2662 4495 ταραχήψ
2708 4425 2806 4477 οὐκ
2857 4426 2967 4496 ἀφῇ
3003 4425 3478 4496 παρακολουθῆσαι
3519 4423 3717 4494 θλίψιν,
3749 4429 3783 4498 ἢ
3840 4432 3978 4500 su-

2329 4535 2372 4590 ι)
2401 4515 2521 4585 ϐην.

2472 4607 2552 4661 Η’.
2611 4607 2950 4662 Σπουδάσατε
3004 4609 3082 4672 δὲ,
3116 4609 3190 4672 ὡς
3217 4609 3462 4680 εἴπομεν,
3511 4613 3602 4664 καὶ
3636 4617 3837 4684 τηρεῖν
3872 4619 3976 4685 τῆ*

2396 4697 2646 4766 γλῶσσαν
2676 4699 2848 4769 ὑμῶν,
2878 4699 2962 4751 ἵνα
2997 4699 3071 4769 μὴ
3102 4700 3250 4752 λαλεῖ
3270 4717 3353 4763 τις
3377 4700 3559 4762 κακῶς
3590 4701 3666 4771 τῷ
3704 4703 3970 4772 πλησίον.

2399 4793 2534 4861 μήτε
2567 4791 2794 4862 πλήσσει
2827 4791 3030 4860 τινὰ,ἧ
3073 4790 3236 4862 λόγῳ,
3273 4793 3305 4862 ἦ
3349 4792 3573 4862 ἔργῳ,ῆ
3614 4795 3893 4865 σχήματι,
3936 4798 3968 4864 ἦ

2391 4885 2682 4956 οίῳδήποτε
2731 4885 2936 4955 τῴπῳ·
2994 4887 3128 4958 μηδὲ
3183 4885 3368 4939 ἔσεσθε
3416 4884 3708 4939 εὕκνιστοιο
3752 4889 3848 4943 ἵνα
3891 4893 3967 4960 μὴ

2389 4973 2516 5026 ὅταν
2547 4971 2769 5024 ἀκούσει
2803 4986 2885 5034 τις
2920 4971 3071 5040 ὑμῶν
3100 4973 3250 5042 παρὰ
3279 4971 3372 5025 τοῦ
3401 4971 3626 5043 ἀδελφοῦ
3655 4977 3836 5031 αὐτοῦ
3869 4979 3968 5048 ῥῆ-

2393 5081 2490 5132 μα.
2518 5063 2718 5126 εὐθέως
2747 5062 3007 5125 κνίζεται,
3037 5063 3070 5131 ἦ
3092 5065 3185 5116 καὶ
3205 5065 3548 5135 ἀποκρίνεται
3567 5067 3723 5136 αὐτῷ
3746 5070 3962 5135 κακῶς,

2387 5156 2419 5225 ἢ
2467 5155 2614 5224 μένει
2653 5155 2964 5222 θλιϐόμενος
2998 5155 3117 5207 κατ’
3143 5155 3328 5208 αὐτοῦ.
3365 5157 3477 5210 Οὐκ
3508 5160 3613 5210 είσὶ
3653 5158 3836 5212 ταῦτα
3872 5162 3960 5214 θε-

2385 5247 2581 5302 λόντων
2609 5250 2869 5319 σωθῆναι,
2892 5249 2989 5300 οὐκ
3004 5249 3110 5301 εἰσὶ
3137 5249 3304 5302 ταῦτα
3335 5251 3772 5319 ἀγωνιζομένων.
3800 5253 3959 5325 Κτή-

2385 5342 2549 5396 σασθε
2585 5343 2676 5396 τὸν
2705 5340 2867 5410 φόϐον
2895 5339 2988 5394 τοῦ
3015 5340 3173 5404 Θεοῦ,
3193 5330 3327 5397 ἀλλὰ
3354 5345 3491 5414 μετά
3518 5342 3835 5413 εὐλαϐείας,
3866 5349 3956 5401 ἵνα

2381 5436 2653 5489 ἀπαντᾶτε
2683 5433 2950 5503 ἀλλήλοις,
2979 5433 3204 5498 ἕκαστος
3231 5435 3423 5490 κλίνων
3450 5435 3548 5505 τὴν
3579 5438 3828 5510 κεφαλὴν
3857 5441 3956 5492 αῦ-

2377 5526 2470 5579 τοῦ
2511 5527 2822 5598 ἔμπροσθεν
2859 5524 2954 5580 τοῦ
2993 5525 3222 5596 ἀδελφοῦ
3254 5527 3439 5591 αὐτοῦ,
3468 5526 3652 5592 καθὼς
3691 5533 3952 5602 εἴπομεν,

2377 5621 2603 5682 ἕκαστος
2650 5618 3071 5689 ταπεινούμενος
3107 5622 3334 5676 ἐνώπιον
3373 5620 3467 5673 τοῦ
3510 5621 3672 5686 Θεοῦ,
3711 5627 3805 5678 καὶ
3860 5626 3951 5677 ὲν-

2375 5712 2542 5767 dimov
2563 5712 2654 5766 τοῦ
2679 5713 2906 5782 ἀδελφοῦ
2929 5715 3115 5778 αὑτοῦ,
3133 5717 3223 5769 καὶ
3239 5716 3455 5768 κόπτων
3481 5717 3635 5788 αὐτῷ
3658 5718 3719 5770 τὸ
3738 5717 3948 5785 θέλημα

2373 5805 2556 5861 αὐτοῦ.
2593 5809 2798 5868 Ὄντως
2849 5807 3030 5878 καλὸν,
3075 5809 3169 5862 ἐάν
3228 5823 3309 5870 τις
3365 5810 3495 5877 ποιῇ
3551 5812 3808 5876 πρᾶγμα,
3853 5825 3944 5862 και
