  <div class='ocr_page' id='page_1' title='image "/cluster/home/n/w/nwhite01/storage/ocr_20150623/88/nnc1.0046980237/832.png"; bbox 0 0 4118 6542; ppageno 0'>
   <div class='ocr_carea' id='block_1_1' title="bbox 196 558 296 620">
    <p class='ocr_par' dir='ltr' id='par_1_1' title="bbox 196 558 296 620">
     <span class='ocr_line' id='line_1_1' title="bbox 196 558 296 620; baseline 0.02 -2"><span class='ocrx_word' id='word_1_1' title='bbox 196 558 296 620; x_wconf 62' lang='lat' dir='ltr'><strong><em>MS</em></strong></span> 
     </span>
    </p>
   </div>
   <div class='ocr_carea' id='block_1_2' title="bbox 1480 552 2008 616">
    <p class='ocr_par' dir='ltr' id='par_1_2' title="bbox 1480 552 2008 616">
     <span class='ocr_line' id='line_1_2' title="bbox 1480 552 2008 616; baseline 0.002 -4"><span class='ocrx_word' id='word_1_2' title='bbox 1480 552 1852 616; x_wconf 74' lang='lat' dir='ltr'><strong>DOCTRINA</strong></span> <span class='ocrx_word' id='word_1_3' title='bbox 1919 555 2008 614; x_wconf 73' lang='grc' dir='ltr'><strong>Ν.</strong></span> 
     </span>
    </p>
   </div>
   <div class='ocr_carea' id='block_1_3' title="bbox 3223 554 3358 623">
    <p class='ocr_par' dir='ltr' id='par_1_3' title="bbox 3223 554 3358 623">
     <span class='ocr_line' id='line_1_3' title="bbox 3223 554 3358 623; baseline 0.022 -5"><span class='ocrx_word' id='word_1_4' title='bbox 3223 554 3358 623; x_wconf 82' lang='grc'><strong>1670</strong></span> 
     </span>
    </p>
   </div>
   <div class='ocr_carea' id='block_1_4' title="bbox 187 659 1714 737">
    <p class='ocr_par' dir='ltr' id='par_1_4' title="bbox 187 659 1698 736">
     <span class='ocr_line' id='line_1_4' title="bbox 187 659 1698 736; baseline -0.005 -15"><span class='ocrx_word' id='word_1_5' title='bbox 187 663 521 736; x_wconf 72' lang='grc' dir='ltr'><strong>παραχωρήσει</strong></span> <span class='ocrx_word' id='word_1_6' title='bbox 546 661 622 732; x_wconf 82' lang='grc' dir='ltr'>τῷ</span> <span class='ocrx_word' id='word_1_7' title='bbox 651 659 866 731; x_wconf 74' lang='grc' dir='ltr'>ἀδελφῷ</span> <span class='ocrx_word' id='word_1_8' title='bbox 891 660 1078 724; x_wconf 84' lang='grc' dir='ltr'>αὑτοῦ,</span> <span class='ocrx_word' id='word_1_9' title='bbox 1118 659 1213 713; x_wconf 76' lang='grc' dir='ltr'><strong>καὶ</strong></span> <span class='ocrx_word' id='word_1_10' title='bbox 1241 661 1566 731; x_wconf 75' lang='grc' dir='ltr'><strong>προτιμήσει</strong></span> <span class='ocrx_word' id='word_1_11' title='bbox 1597 662 1698 714; x_wconf 83' lang='grc' dir='ltr'>αὑ-</span> 
     </span>
    </p>
   </div>
   <div class='ocr_carea' id='block_1_5' title="bbox 1808 659 3356 737">
    <p class='ocr_par' dir='ltr' id='par_1_5' title="bbox 1808 661 3356 737">
     <span class='ocr_line' id='line_1_5' title="bbox 1808 661 3356 737; baseline 0.005 -21"><span class='ocrx_word' id='word_1_12' title='bbox 1808 677 1860 718; x_wconf 90' lang='lat' dir='ltr'><strong>re</strong></span> <span class='ocrx_word' id='word_1_13' title='bbox 1882 661 2142 732; x_wconf 61' lang='lat' dir='ltr'><strong>praevenit</strong></span> <span class='ocrx_word' id='word_1_14' title='bbox 2175 680 2189 716; x_wconf 91' lang='lat'>:</span> <span class='ocrx_word' id='word_1_15' title='bbox 2222 664 2576 733; x_wconf 76' lang='lat' dir='ltr'><strong>consequitur</strong></span> <span class='ocrx_word' id='word_1_16' title='bbox 2613 662 2735 734; x_wconf 87' lang='lat' dir='ltr'><strong>plus</strong></span> <span class='ocrx_word' id='word_1_17' title='bbox 2765 663 3035 720; x_wconf 85' lang='lat' dir='ltr'><strong>commodi</strong></span> <span class='ocrx_word' id='word_1_18' title='bbox 3072 668 3165 737; x_wconf 88' lang='lat' dir='ltr'><strong>qui</strong></span> <span class='ocrx_word' id='word_1_19' title='bbox 3192 671 3356 737; x_wconf 84' lang='lat' dir='ltr'><strong>cedit,</strong></span> 
     </span>
    </p>
   </div>
   <div class='ocr_carea' id='block_1_6' title="bbox 187 750 1697 824">
    <p class='ocr_par' dir='ltr' id='par_1_6' title="bbox 187 750 1697 824">
     <span class='ocr_line' id='line_1_6' title="bbox 187 750 1697 824; baseline -0.004 -12"><span class='ocrx_word' id='word_1_20' title='bbox 187 761 272 812; x_wconf 83' lang='grc' dir='ltr'>τόν·</span> <span class='ocrx_word' id='word_1_21' title='bbox 292 755 560 823; x_wconf 71' lang='grc' dir='ltr'><strong>ὠφελεῖται</strong></span> <span class='ocrx_word' id='word_1_22' title='bbox 583 753 744 817; x_wconf 76' lang='grc' dir='ltr'>αὐτὸς</span> <span class='ocrx_word' id='word_1_23' title='bbox 777 756 808 807; x_wconf 98' lang='lat'><strong>6</strong></span> <span class='ocrx_word' id='word_1_24' title='bbox 835 754 1242 824; x_wconf 78' lang='grc' dir='ltr'><strong>παραχωρήσας</strong></span> <span class='ocrx_word' id='word_1_25' title='bbox 1275 750 1438 805; x_wconf 82' lang='grc' dir='ltr'>πλέον</span> <span class='ocrx_word' id='word_1_26' title='bbox 1467 752 1697 806; x_wconf 83' lang='grc' dir='ltr'>ἐκείνου.</span> 
     </span>
    </p>
   </div>
   <div class='ocr_carea' id='block_1_7' title="bbox 193 843 1697 918">
    <p class='ocr_par' dir='ltr' id='par_1_7' title="bbox 193 843 1697 918">
     <span class='ocr_line' id='line_1_7' title="bbox 193 843 1697 918; baseline -0.002 -16"><span class='ocrx_word' id='word_1_27' title='bbox 193 849 304 918; x_wconf 82' lang='grc' dir='ltr'><strong>Ἐγὼ</strong></span> <span class='ocrx_word' id='word_1_28' title='bbox 346 849 440 902; x_wconf 71' lang='grc' dir='ltr'><strong>οὐκ</strong></span> <span class='ocrx_word' id='word_1_29' title='bbox 496 843 614 900; x_wconf 80' lang='grc' dir='ltr'>οῖδα</span> <span class='ocrx_word' id='word_1_30' title='bbox 670 847 904 917; x_wconf 74' lang='grc' dir='ltr'>ἐμαυτὸν</span> <span class='ocrx_word' id='word_1_31' title='bbox 956 844 1262 915; x_wconf 85' lang='grc' dir='ltr'>ποιήσαντά</span> <span class='ocrx_word' id='word_1_32' title='bbox 1294 860 1426 897; x_wconf 87' lang='grc' dir='ltr'>ποτε</span> <span class='ocrx_word' id='word_1_33' title='bbox 1471 844 1697 912; x_wconf 85' lang='grc' dir='ltr'>ἀγαθόν.</span> 
     </span>
    </p>
   </div>
   <div class='ocr_carea' id='block_1_8' title="bbox 192 931 1700 1008">
    <p class='ocr_par' dir='ltr' id='par_1_8' title="bbox 192 931 1700 1008">
     <span class='ocr_line' id='line_1_8' title="bbox 192 931 1700 1008; baseline -0.004 -14"><span class='ocrx_word' id='word_1_34' title='bbox 192 941 318 994; x_wconf 84' lang='grc' dir='ltr'>Ἀλλὰ</span> <span class='ocrx_word' id='word_1_35' title='bbox 341 943 386 994; x_wconf 82' lang='grc' dir='ltr'><strong>εί</strong></span> <span class='ocrx_word' id='word_1_36' title='bbox 411 939 547 1003; x_wconf 82' lang='grc' dir='ltr'>ὅλως</span> <span class='ocrx_word' id='word_1_37' title='bbox 579 936 928 1008; x_wconf 81' lang='grc' dir='ltr'>ἐσκεπάσθην</span> <span class='ocrx_word' id='word_1_38' title='bbox 957 938 1022 990; x_wconf 76' lang='grc' dir='ltr'>ἐκ</span> <span class='ocrx_word' id='word_1_39' title='bbox 1049 935 1259 1000; x_wconf 80' lang='grc' dir='ltr'>τούτου,</span> <span class='ocrx_word' id='word_1_40' title='bbox 1286 931 1401 989; x_wconf 75' lang='grc' dir='ltr'>οἶδα</span> <span class='ocrx_word' id='word_1_41' title='bbox 1428 937 1510 989; x_wconf 85' lang='grc' dir='ltr'>ὅτι</span> <span class='ocrx_word' id='word_1_42' title='bbox 1541 937 1700 989; x_wconf 79' lang='grc' dir='ltr'>ἐσκε-</span> 
     </span>
    </p>
   </div>
   <div class='ocr_carea' id='block_1_9' title="bbox 180 1027 1699 1104">
    <p class='ocr_par' dir='ltr' id='par_1_9' title="bbox 180 1027 1699 1104">
     <span class='ocr_line' id='line_1_9' title="bbox 180 1027 1699 1104; baseline -0.005 -17"><span class='ocrx_word' id='word_1_43' title='bbox 180 1034 371 1104; x_wconf 85' lang='grc' dir='ltr'>πάσθην,</span> <span class='ocrx_word' id='word_1_44' title='bbox 400 1033 483 1086; x_wconf 86' lang='grc' dir='ltr'>ὅτι</span> <span class='ocrx_word' id='word_1_45' title='bbox 511 1030 765 1085; x_wconf 83' lang='grc' dir='ltr'>οὐδέποτε</span> <span class='ocrx_word' id='word_1_46' title='bbox 807 1028 1104 1101; x_wconf 73' lang='grc' dir='ltr'>προέκρινα</span> <span class='ocrx_word' id='word_1_47' title='bbox 1144 1028 1380 1098; x_wconf 72' lang='grc' dir='ltr'>ἐμαυτὸν</span> <span class='ocrx_word' id='word_1_48' title='bbox 1411 1027 1506 1081; x_wconf 83' lang='grc' dir='ltr'><strong>τοῦ</strong></span> <span class='ocrx_word' id='word_1_49' title='bbox 1541 1028 1699 1081; x_wconf 87' lang='grc' dir='ltr'>ἀδελ-</span> 
     </span>
    </p>
   </div>
   <div class='ocr_carea' id='block_1_10' title="bbox 177 1119 1701 1198">
    <p class='ocr_par' dir='ltr' id='par_1_10' title="bbox 177 1119 1701 1198">
     <span class='ocr_line' id='line_1_10' title="bbox 177 1119 1701 1198; baseline -0.007 -15"><span class='ocrx_word' id='word_1_50' title='bbox 177 1128 281 1198; x_wconf 71' lang='grc' dir='ltr'>φοῦ,</span> <span class='ocrx_word' id='word_1_51' title='bbox 313 1126 414 1182; x_wconf 79' lang='grc' dir='ltr'>ἀλλ’</span> <span class='ocrx_word' id='word_1_52' title='bbox 449 1126 537 1180; x_wconf 77' lang='grc' dir='ltr'>ἀεὶ</span> <span class='ocrx_word' id='word_1_53' title='bbox 591 1123 683 1178; x_wconf 91' lang='grc' dir='ltr'><strong>τὸν</strong></span> <span class='ocrx_word' id='word_1_54' title='bbox 738 1120 967 1192; x_wconf 78' lang='grc' dir='ltr'>ἀδελφόν</span> <span class='ocrx_word' id='word_1_55' title='bbox 1014 1137 1116 1192; x_wconf 92' lang='grc' dir='ltr'><strong>μου</strong></span> <span class='ocrx_word' id='word_1_56' title='bbox 1157 1119 1347 1175; x_wconf 79' lang='grc' dir='ltr'>ἔϐαλον</span> <span class='ocrx_word' id='word_1_57' title='bbox 1390 1119 1701 1190; x_wconf 77' lang='grc' dir='ltr'>ἔμπροσθέν</span> 
     </span>
    </p>
   </div>
   <div class='ocr_carea' id='block_1_11' title="bbox 212 1239 280 1274">
    <p class='ocr_par' dir='ltr' id='par_1_11' title="bbox 212 1239 280 1274">
     <span class='ocr_line' id='line_1_11' title="bbox 212 1239 280 1274; baseline 0 -1"><span class='ocrx_word' id='word_1_58' title='bbox 212 1239 280 1274; x_wconf 91' lang='grc' dir='ltr'>ου.</span> 
     </span>
    </p>
   </div>
   <div class='ocr_carea' id='block_1_12' title="bbox 176 1240 1697 1378">
    <p class='ocr_par' dir='ltr' id='par_1_12' title="bbox 176 1240 1697 1378">
     <span class='ocr_line' id='line_1_12' title="bbox 176 1240 1697 1378; baseline -0.004 -14"><span class='ocrx_word' id='word_1_59' title='bbox 176 1240 296 1364; x_wconf 46' lang='grc' dir='ltr'><strong>μοέί.</strong></span> <span class='ocrx_word' id='word_1_60' title='bbox 329 1310 460 1363; x_wconf 60' lang='lat' dir='ltr'><strong>flore</strong></span> <span class='ocrx_word' id='word_1_61' title='bbox 485 1308 634 1372; x_wconf 72' lang='grc' dir='ltr'>ὄντος</span> <span class='ocrx_word' id='word_1_62' title='bbox 667 1325 766 1378; x_wconf 79' lang='grc' dir='ltr'><strong>μου</strong></span> <span class='ocrx_word' id='word_1_63' title='bbox 801 1307 881 1360; x_wconf 72' lang='grc' dir='ltr'>ἔτι</span> <span class='ocrx_word' id='word_1_64' title='bbox 916 1308 974 1362; x_wconf 76' lang='grc' dir='ltr'>ὲν</span> <span class='ocrx_word' id='word_1_65' title='bbox 1011 1308 1126 1370; x_wconf 87' lang='grc' dir='ltr'><strong>τοίς</strong></span> <span class='ocrx_word' id='word_1_66' title='bbox 1154 1304 1250 1360; x_wconf 80' lang='grc' dir='ltr'><strong>τοῦ</strong></span> <span class='ocrx_word' id='word_1_67' title='bbox 1283 1306 1429 1360; x_wconf 65' lang='lat' dir='ltr'><strong>esse</strong></span> <span class='ocrx_word' id='word_1_68' title='bbox 1454 1305 1697 1378; x_wconf 88' lang='grc' dir='ltr'>Σερίδου,</span> 
     </span>
    </p>
   </div>
   <div class='ocr_carea' id='block_1_13' title="bbox 167 1398 1701 1473">
    <p class='ocr_par' dir='ltr' id='par_1_13' title="bbox 167 1398 1701 1473">
     <span class='ocr_line' id='line_1_13' title="bbox 167 1398 1701 1473; baseline -0.002 -18"><span class='ocrx_word' id='word_1_69' title='bbox 167 1404 428 1473; x_wconf 76' lang='grc' dir='ltr'><strong>ἠσθένησεν</strong></span> <span class='ocrx_word' id='word_1_70' title='bbox 459 1403 488 1454; x_wconf 92' lang='lat'><strong>6</strong></span> <span class='ocrx_word' id='word_1_71' title='bbox 514 1401 792 1472; x_wconf 82' lang='grc' dir='ltr'><strong>ὑπηρέτης</strong></span> <span class='ocrx_word' id='word_1_72' title='bbox 818 1399 913 1453; x_wconf 76' lang='grc' dir='ltr'>τοῦ</span> <span class='ocrx_word' id='word_1_73' title='bbox 938 1401 1193 1470; x_wconf 76' lang='grc' dir='ltr'>γέροντος</span> <span class='ocrx_word' id='word_1_74' title='bbox 1215 1399 1310 1452; x_wconf 81' lang='grc' dir='ltr'><strong>τοῦ</strong></span> <span class='ocrx_word' id='word_1_75' title='bbox 1340 1399 1486 1453; x_wconf 75' lang='grc' dir='ltr'>ἀδεᾶ</span> <span class='ocrx_word' id='word_1_76' title='bbox 1524 1398 1701 1452; x_wconf 86' lang='grc' dir='ltr'>Ἰωάν-</span> 
     </span>
    </p>
   </div>
   <div class='ocr_carea' id='block_1_14' title="bbox 167 1490 1700 1561">
    <p class='ocr_par' dir='ltr' id='par_1_14' title="bbox 167 1490 1700 1561">
     <span class='ocr_line' id='line_1_14' title="bbox 167 1490 1700 1561; baseline -0.003 -13"><span class='ocrx_word' id='word_1_77' title='bbox 167 1513 247 1550; x_wconf 87' lang='grc' dir='ltr'><strong>νου</strong></span> <span class='ocrx_word' id='word_1_78' title='bbox 267 1495 346 1548; x_wconf 84' lang='grc' dir='ltr'><strong>τοῦ</strong></span> <span class='ocrx_word' id='word_1_79' title='bbox 372 1493 512 1548; x_wconf 86' lang='grc' dir='ltr'>κατά</span> <span class='ocrx_word' id='word_1_80' title='bbox 538 1493 629 1546; x_wconf 88' lang='grc' dir='ltr'><strong>τὸν</strong></span> <span class='ocrx_word' id='word_1_81' title='bbox 647 1492 823 1547; x_wconf 73' lang='grc' dir='ltr'>ἀϐϐἄν</span> <span class='ocrx_word' id='word_1_82' title='bbox 852 1490 1276 1561; x_wconf 80' lang='grc' dir='ltr'>Βαρσανούφιον,</span> <span class='ocrx_word' id='word_1_83' title='bbox 1311 1492 1406 1545; x_wconf 78' lang='grc' dir='ltr'><strong>καὶ</strong></span> <span class='ocrx_word' id='word_1_84' title='bbox 1433 1490 1700 1561; x_wconf 78' lang='grc' dir='ltr'>ἐπέτρεψέ</span> 
     </span>
    </p>
   </div>
   <div class='ocr_carea' id='block_1_15' title="bbox 167 1582 1698 1658">
    <p class='ocr_par' dir='ltr' id='par_1_15' title="bbox 167 1582 1698 1658">
     <span class='ocr_line' id='line_1_15' title="bbox 167 1582 1698 1658; baseline -0.003 -17"><span class='ocrx_word' id='word_1_85' title='bbox 167 1606 248 1658; x_wconf 89' lang='grc' dir='ltr'><strong>μοι</strong></span> <span class='ocrx_word' id='word_1_86' title='bbox 287 1589 311 1640; x_wconf 89' lang='grc' dir='ltr'>ὁ</span> <span class='ocrx_word' id='word_1_87' title='bbox 351 1585 524 1650; x_wconf 80' lang='grc' dir='ltr'>ἁὸϐἄς</span> <span class='ocrx_word' id='word_1_88' title='bbox 573 1585 916 1654; x_wconf 80' lang='grc' dir='ltr'>ὑπηρετῆσαι</span> <span class='ocrx_word' id='word_1_89' title='bbox 966 1585 1058 1640; x_wconf 90' lang='grc' dir='ltr'><strong>τὸν</strong></span> <span class='ocrx_word' id='word_1_90' title='bbox 1103 1585 1357 1654; x_wconf 85' lang='grc' dir='ltr'>γέροντα.</span> <span class='ocrx_word' id='word_1_91' title='bbox 1406 1583 1594 1647; x_wconf 82' lang='grc' dir='ltr'><strong>Οὕτως</strong></span> <span class='ocrx_word' id='word_1_92' title='bbox 1639 1582 1698 1636; x_wconf 80' lang='grc' dir='ltr'>δὲ</span> 
     </span>
    </p>
   </div>
   <div class='ocr_carea' id='block_1_16' title="bbox 162 1675 1697 1749">
    <p class='ocr_par' dir='ltr' id='par_1_16' title="bbox 162 1675 1697 1749">
     <span class='ocr_line' id='line_1_16' title="bbox 162 1675 1697 1749; baseline -0.001 -19"><span class='ocrx_word' id='word_1_93' title='bbox 162 1677 460 1749; x_wconf 70' lang='grc' dir='ltr'>ἠσπαζόμην</span> <span class='ocrx_word' id='word_1_94' title='bbox 509 1677 609 1747; x_wconf 87' lang='grc' dir='ltr'>τὴν</span> <span class='ocrx_word' id='word_1_95' title='bbox 657 1676 826 1747; x_wconf 85' lang='grc' dir='ltr'>θύραν</span> <span class='ocrx_word' id='word_1_96' title='bbox 872 1675 966 1730; x_wconf 82' lang='grc' dir='ltr'>τοῦ</span> <span class='ocrx_word' id='word_1_97' title='bbox 1012 1676 1223 1730; x_wconf 85' lang='grc' dir='ltr'>κελλίου</span> <span class='ocrx_word' id='word_1_98' title='bbox 1270 1675 1435 1730; x_wconf 76' lang='grc' dir='ltr'>αὑτοῦ</span> <span class='ocrx_word' id='word_1_99' title='bbox 1476 1675 1697 1742; x_wconf 76' lang='grc' dir='ltr'>ἔξωθεν,</span> 
     </span>
    </p>
   </div>
   <div class='ocr_carea' id='block_1_17' title="bbox 163 1765 1700 1838">
    <p class='ocr_par' dir='ltr' id='par_1_17' title="bbox 163 1765 1700 1838">
     <span class='ocr_line' id='line_1_17' title="bbox 163 1765 1700 1838; baseline -0.002 -18"><span class='ocrx_word' id='word_1_100' title='bbox 163 1768 330 1838; x_wconf 81' lang='grc' dir='ltr'>ὥσπερ</span> <span class='ocrx_word' id='word_1_101' title='bbox 359 1768 653 1838; x_wconf 72' lang='grc' dir='ltr'>προσκυνεί</span> <span class='ocrx_word' id='word_1_102' title='bbox 694 1782 776 1829; x_wconf 89' lang='grc' dir='ltr'><strong>τις</strong></span> <span class='ocrx_word' id='word_1_103' title='bbox 807 1765 897 1818; x_wconf 84' lang='grc' dir='ltr'><strong>τὸν</strong></span> <span class='ocrx_word' id='word_1_104' title='bbox 923 1766 1104 1838; x_wconf 87' lang='grc' dir='ltr'>τίμιον</span> <span class='ocrx_word' id='word_1_105' title='bbox 1140 1767 1392 1836; x_wconf 81' lang='grc' dir='ltr'>σταυρόν.</span> <span class='ocrx_word' id='word_1_106' title='bbox 1444 1765 1604 1836; x_wconf 85' lang='grc' dir='ltr'>Πόσῳ</span> <span class='ocrx_word' id='word_1_107' title='bbox 1633 1781 1700 1832; x_wconf 87' lang='grc' dir='ltr'><strong>γε</strong></span> 
     </span>
    </p>
   </div>
   <div class='ocr_carea' id='block_1_18' title="bbox 164 1858 1700 1932">
    <p class='ocr_par' dir='ltr' id='par_1_18' title="bbox 164 1858 1700 1932">
     <span class='ocr_line' id='line_1_18' title="bbox 164 1858 1700 1932; baseline -0.003 -17"><span class='ocrx_word' id='word_1_108' title='bbox 164 1861 341 1932; x_wconf 83' lang='grc' dir='ltr'>μᾶλλον</span> <span class='ocrx_word' id='word_1_109' title='bbox 380 1860 442 1913; x_wconf 90' lang='grc' dir='ltr'><strong>τὸ</strong></span> <span class='ocrx_word' id='word_1_110' title='bbox 483 1858 830 1929; x_wconf 80' lang='grc' dir='ltr'>ὑπηρετῆσαι</span> <span class='ocrx_word' id='word_1_111' title='bbox 875 1858 1055 1928; x_wconf 67' lang='grc' dir='ltr'>αὐτῷ,</span> <span class='ocrx_word' id='word_1_112' title='bbox 1102 1858 1188 1922; x_wconf 88' lang='grc' dir='ltr'><strong>τίς</strong></span> <span class='ocrx_word' id='word_1_113' title='bbox 1228 1859 1339 1929; x_wconf 86' lang='grc' dir='ltr'><strong>γάρ</strong></span> <span class='ocrx_word' id='word_1_114' title='bbox 1378 1859 1479 1912; x_wconf 84' lang='grc' dir='ltr'>οὑκ</span> <span class='ocrx_word' id='word_1_115' title='bbox 1519 1858 1700 1912; x_wconf 76' lang='grc' dir='ltr'>ἔθελεν</span> 
     </span>
    </p>
   </div>
   <div class='ocr_carea' id='block_1_19' title="bbox 161 1948 1698 2022">
    <p class='ocr_par' dir='ltr' id='par_1_19' title="bbox 161 1948 1698 2022">
     <span class='ocr_line' id='line_1_19' title="bbox 161 1948 1698 2022; baseline -0.005 -14"><span class='ocrx_word' id='word_1_116' title='bbox 161 1952 429 2022; x_wconf 78' lang='grc' dir='ltr'>ἀξιωθῆναι</span> <span class='ocrx_word' id='word_1_117' title='bbox 451 1950 692 2005; x_wconf 81' lang='grc' dir='ltr'>τοιούτου</span> <span class='ocrx_word' id='word_1_118' title='bbox 719 1951 909 2020; x_wconf 73' lang='grc' dir='ltr'>ἁγίους</span> <span class='ocrx_word' id='word_1_119' title='bbox 941 1948 1070 2021; x_wconf 82' lang='grc' dir='ltr'><strong>Εἶχε</strong></span> <span class='ocrx_word' id='word_1_120' title='bbox 1094 1949 1153 2003; x_wconf 73' lang='grc' dir='ltr'>δὲ</span> <span class='ocrx_word' id='word_1_121' title='bbox 1171 1951 1266 2004; x_wconf 83' lang='grc' dir='ltr'><strong>καὶ</strong></span> <span class='ocrx_word' id='word_1_122' title='bbox 1293 1950 1451 2018; x_wconf 86' lang='grc' dir='ltr'>λόγον</span> <span class='ocrx_word' id='word_1_123' title='bbox 1483 1949 1584 2004; x_wconf 91' lang='grc' dir='ltr'><strong>θαυ</strong></span> <span class='ocrx_word' id='word_1_124' title='bbox 1593 1949 1698 2020; x_wconf 85' lang='grc' dir='ltr'>μά-</span> 
     </span>
    </p>
   </div>
   <div class='ocr_carea' id='block_1_20' title="bbox 160 2041 1705 2116">
    <p class='ocr_par' dir='ltr' id='par_1_20' title="bbox 160 2041 1705 2116">
     <span class='ocr_line' id='line_1_20' title="bbox 160 2041 1705 2116; baseline -0.006 -14"><span class='ocrx_word' id='word_1_125' title='bbox 160 2067 282 2115; x_wconf 87' lang='grc' dir='ltr'>σιον,</span> <span class='ocrx_word' id='word_1_126' title='bbox 309 2050 395 2103; x_wconf 76' lang='grc' dir='ltr'>καὶ</span> <span class='ocrx_word' id='word_1_127' title='bbox 425 2047 789 2103; x_wconf 79' lang='grc' dir='ltr'>καθ”έκαστον</span> <span class='ocrx_word' id='word_1_128' title='bbox 818 2045 906 2100; x_wconf 73' lang='grc' dir='ltr'>ἀεὶ</span> <span class='ocrx_word' id='word_1_129' title='bbox 937 2043 1074 2116; x_wconf 83' lang='grc' dir='ltr'>μετὰ</span> <span class='ocrx_word' id='word_1_130' title='bbox 1087 2041 1188 2115; x_wconf 83' lang='grc' dir='ltr'>[τὸ]</span> <span class='ocrx_word' id='word_1_131' title='bbox 1203 2043 1484 2114; x_wconf 85' lang='grc' dir='ltr'>πληρῶσαί</span> <span class='ocrx_word' id='word_1_132' title='bbox 1511 2061 1577 2114; x_wconf 91' lang='grc' dir='ltr'><strong>με</strong></span> <span class='ocrx_word' id='word_1_133' title='bbox 1605 2041 1705 2112; x_wconf 79' lang='grc' dir='ltr'><strong>τὴν</strong></span> 
     </span>
    </p>
   </div>
   <div class='ocr_carea' id='block_1_21' title="bbox 168 2133 1703 2214">
    <p class='ocr_par' dir='ltr' id='par_1_21' title="bbox 168 2133 1703 2214">
     <span class='ocr_line' id='line_1_21' title="bbox 168 2133 1703 2214; baseline -0.006 -19"><span class='ocrx_word' id='word_1_134' title='bbox 168 2142 454 2214; x_wconf 81' lang='grc' dir='ltr'>ὑπηρεσίαν</span> <span class='ocrx_word' id='word_1_135' title='bbox 488 2139 676 2204; x_wconf 83' lang='grc' dir='ltr'>αὑτοῦ,</span> <span class='ocrx_word' id='word_1_136' title='bbox 704 2137 925 2192; x_wconf 76' lang='grc' dir='ltr'>ἔϐαλλον</span> <span class='ocrx_word' id='word_1_137' title='bbox 947 2136 1098 2206; x_wconf 86' lang='grc' dir='ltr'>αὑτῷ</span> <span class='ocrx_word' id='word_1_138' title='bbox 1128 2135 1413 2207; x_wconf 86' lang='grc' dir='ltr'>μετάνοιαν</span> <span class='ocrx_word' id='word_1_139' title='bbox 1439 2135 1528 2189; x_wconf 79' lang='grc' dir='ltr'>ἵνα</span> <span class='ocrx_word' id='word_1_140' title='bbox 1554 2133 1703 2188; x_wconf 78' lang='grc' dir='ltr'>λάϐω</span> 
     </span>
    </p>
   </div>
   <div class='ocr_carea' id='block_1_22' title="bbox 157 2223 1703 2305">
    <p class='ocr_par' dir='ltr' id='par_1_22' title="bbox 157 2223 1703 2305">
     <span class='ocr_line' id='line_1_22' title="bbox 157 2223 1703 2305; baseline -0.005 -19"><span class='ocrx_word' id='word_1_141' title='bbox 157 2232 442 2305; x_wconf 80' lang='grc' dir='ltr'>παράθεσιν</span> <span class='ocrx_word' id='word_1_142' title='bbox 493 2231 624 2300; x_wconf 80' lang='grc' dir='ltr'>παρ’</span> <span class='ocrx_word' id='word_1_143' title='bbox 668 2227 834 2282; x_wconf 82' lang='grc' dir='ltr'>αὑτοῦ</span> <span class='ocrx_word' id='word_1_144' title='bbox 863 2227 960 2280; x_wconf 77' lang='grc' dir='ltr'><strong>καὶ</strong></span> <span class='ocrx_word' id='word_1_145' title='bbox 991 2227 1352 2299; x_wconf 87' lang='grc' dir='ltr'>ἀναχωρήσω,</span> <span class='ocrx_word' id='word_1_146' title='bbox 1390 2224 1488 2278; x_wconf 81' lang='grc' dir='ltr'><strong>καὶ</strong></span> <span class='ocrx_word' id='word_1_147' title='bbox 1524 2223 1703 2279; x_wconf 72' lang='grc' dir='ltr'>ἐλάλει</span> 
     </span>
    </p>
   </div>
   <div class='ocr_carea' id='block_1_23' title="bbox 157 2316 1703 2395">
    <p class='ocr_par' dir='ltr' id='par_1_23' title="bbox 157 2316 1703 2395">
     <span class='ocr_line' id='line_1_23' title="bbox 157 2316 1703 2395; baseline -0.007 -16"><span class='ocrx_word' id='word_1_148' title='bbox 157 2343 243 2395; x_wconf 89' lang='grc' dir='ltr'><strong>μοι</strong></span> <span class='ocrx_word' id='word_1_149' title='bbox 261 2324 488 2387; x_wconf 81' lang='grc' dir='ltr'>πάντως.</span> <span class='ocrx_word' id='word_1_150' title='bbox 515 2318 645 2392; x_wconf 75' lang='grc' dir='ltr'><strong>Εἶχε</strong></span> <span class='ocrx_word' id='word_1_151' title='bbox 677 2319 783 2392; x_wconf 86' lang='grc' dir='ltr'><strong>γὰρ</strong></span> <span class='ocrx_word' id='word_1_152' title='bbox 808 2319 838 2372; x_wconf 91' lang='lat'><strong>6</strong></span> <span class='ocrx_word' id='word_1_153' title='bbox 862 2317 1038 2391; x_wconf 86' lang='grc' dir='ltr'>γέρων</span> <span class='ocrx_word' id='word_1_154' title='bbox 1063 2318 1308 2387; x_wconf 86' lang='grc' dir='ltr'>τέσσαρα</span> <span class='ocrx_word' id='word_1_155' title='bbox 1339 2316 1581 2387; x_wconf 80' lang='grc' dir='ltr'>ῥήματα,</span> <span class='ocrx_word' id='word_1_156' title='bbox 1611 2317 1703 2369; x_wconf 79' lang='grc' dir='ltr'><strong>καὶ</strong></span> 
     </span>
    </p>
   </div>
   <div class='ocr_carea' id='block_1_24' title="bbox 151 2408 1699 2482">
    <p class='ocr_par' dir='ltr' id='par_1_24' title="bbox 151 2408 1699 2482">
     <span class='ocr_line' id='line_1_24' title="bbox 151 2408 1699 2482; baseline -0.007 -10"><span class='ocrx_word' id='word_1_157' title='bbox 151 2419 223 2481; x_wconf 81' lang='grc' dir='ltr'>ὡς</span> <span class='ocrx_word' id='word_1_158' title='bbox 267 2412 412 2472; x_wconf 78' lang='grc' dir='ltr'>εἷπον</span> <span class='ocrx_word' id='word_1_159' title='bbox 445 2434 459 2448; x_wconf 75' lang='grc' dir='ltr'><strong><em>ο</em></strong></span> <span class='ocrx_word' id='word_1_160' title='bbox 517 2414 638 2468; x_wconf 78' lang='grc' dir='ltr'>καθ’</span> <span class='ocrx_word' id='word_1_161' title='bbox 671 2411 909 2482; x_wconf 81' lang='grc' dir='ltr'>ἑσπέραν</span> <span class='ocrx_word' id='word_1_162' title='bbox 927 2449 944 2475; x_wconf 94' lang='grc'><strong>,</strong></span> <span class='ocrx_word' id='word_1_163' title='bbox 988 2409 1063 2472; x_wconf 83' lang='grc' dir='ltr'>ὡς</span> <span class='ocrx_word' id='word_1_164' title='bbox 1107 2408 1339 2480; x_wconf 72' lang='grc' dir='ltr'>ἧμελλον</span> <span class='ocrx_word' id='word_1_165' title='bbox 1374 2410 1699 2479; x_wconf 86' lang='grc' dir='ltr'>ἀναχωρεῖν,</span> 
     </span>
    </p>
   </div>
   <div class='ocr_carea' id='block_1_25' title="bbox 153 2499 1703 2579">
    <p class='ocr_par' dir='ltr' id='par_1_25' title="bbox 153 2499 1703 2579">
     <span class='ocr_line' id='line_1_25' title="bbox 153 2499 1703 2579; baseline -0.006 -18"><span class='ocrx_word' id='word_1_166' title='bbox 153 2510 296 2579; x_wconf 78' lang='grc' dir='ltr'>ἐλεγέ</span> <span class='ocrx_word' id='word_1_167' title='bbox 322 2525 408 2579; x_wconf 89' lang='grc' dir='ltr'><strong>μοι</strong></span> <span class='ocrx_word' id='word_1_168' title='bbox 432 2507 650 2568; x_wconf 88' lang='grc' dir='ltr'>πάντως</span> <span class='ocrx_word' id='word_1_169' title='bbox 682 2503 740 2558; x_wconf 81' lang='grc' dir='ltr'>ἓν</span> <span class='ocrx_word' id='word_1_170' title='bbox 771 2507 834 2557; x_wconf 78' lang='grc' dir='ltr'>ἐκ</span> <span class='ocrx_word' id='word_1_171' title='bbox 849 2502 957 2556; x_wconf 83' lang='grc' dir='ltr'><strong>τῶν</strong></span> <span class='ocrx_word' id='word_1_172' title='bbox 971 2501 1275 2571; x_wconf 79' lang='grc' dir='ltr'>τεσσάρων,</span> <span class='ocrx_word' id='word_1_173' title='bbox 1292 2500 1388 2554; x_wconf 76' lang='grc' dir='ltr'><strong>καὶ</strong></span> <span class='ocrx_word' id='word_1_174' title='bbox 1409 2499 1594 2569; x_wconf 73' lang='grc' dir='ltr'>ἔλεγεν</span> <span class='ocrx_word' id='word_1_175' title='bbox 1609 2500 1703 2553; x_wconf 83' lang='grc' dir='ltr'>οὑ-</span> 
     </span>
    </p>
   </div>
   <div class='ocr_carea' id='block_1_26' title="bbox 150 2585 1703 2667">
    <p class='ocr_par' dir='ltr' id='par_1_26' title="bbox 150 2585 1703 2667">
     <span class='ocr_line' id='line_1_26' title="bbox 150 2585 1703 2667; baseline -0.006 -15"><span class='ocrx_word' id='word_1_176' title='bbox 150 2615 279 2662; x_wconf 85' lang='grc' dir='ltr'><strong>τως·</strong></span> <span class='ocrx_word' id='word_1_177' title='bbox 315 2617 332 2648; x_wconf 72' lang='lat' dir='ltr'><strong>c</strong></span> <span class='ocrx_word' id='word_1_178' title='bbox 351 2597 516 2667; x_wconf 76' lang='grc' dir='ltr'>Φησίν</span> <span class='ocrx_word' id='word_1_179' title='bbox 554 2593 731 2658; x_wconf 72' lang='grc' dir='ltr'>ἅπαξ·</span> <span class='ocrx_word' id='word_1_180' title='bbox 761 2613 781 2646; x_wconf 69' lang='grc' dir='ltr'><strong>ι</strong></span> <span class='ocrx_word' id='word_1_181' title='bbox 810 2591 996 2661; x_wconf 67' lang='grc' dir='ltr'>,οὕτως</span> <span class='ocrx_word' id='word_1_182' title='bbox 1024 2590 1132 2662; x_wconf 84' lang='grc' dir='ltr'><strong>γάρ</strong></span> <span class='ocrx_word' id='word_1_183' title='bbox 1161 2585 1229 2661; x_wconf 84' lang='grc' dir='ltr'>ἦν</span> <span class='ocrx_word' id='word_1_184' title='bbox 1263 2591 1296 2662; x_wconf 77' lang='grc' dir='ltr'>ἡ</span> <span class='ocrx_word' id='word_1_185' title='bbox 1327 2590 1578 2660; x_wconf 86' lang='grc' dir='ltr'>συνήθεια</span> <span class='ocrx_word' id='word_1_186' title='bbox 1609 2589 1703 2644; x_wconf 79' lang='grc' dir='ltr'>τοῦ</span> 
     </span>
    </p>
   </div>
   <div class='ocr_carea' id='block_1_27' title="bbox 149 2681 1703 2762">
    <p class='ocr_par' dir='ltr' id='par_1_27' title="bbox 149 2681 1703 2762">
     <span class='ocr_line' id='line_1_27' title="bbox 149 2681 1703 2762; baseline -0.006 -18"><span class='ocrx_word' id='word_1_187' title='bbox 149 2692 388 2762; x_wconf 88' lang='grc' dir='ltr'>γέροντος</span> <span class='ocrx_word' id='word_1_188' title='bbox 427 2691 484 2742; x_wconf 83' lang='grc' dir='ltr'>ὲν</span> <span class='ocrx_word' id='word_1_189' title='bbox 512 2687 726 2757; x_wconf 78' lang='grc' dir='ltr'><strong>ἑκάστῳ</strong></span> <span class='ocrx_word' id='word_1_190' title='bbox 769 2686 971 2756; x_wconf 76' lang='grc' dir='ltr'>ῥήματι</span> <span class='ocrx_word' id='word_1_191' title='bbox 1015 2683 1189 2752; x_wconf 90' lang='grc' dir='ltr'>λέγειν</span> <span class='ocrx_word' id='word_1_192' title='bbox 1213 2698 1228 2712; x_wconf 69' lang='grc' dir='ltr'><strong>ο</strong></span> <span class='ocrx_word' id='word_1_193' title='bbox 1280 2700 1300 2734; x_wconf 72' lang='grc' dir='ltr'><strong><em>ο</em></strong></span> <span class='ocrx_word' id='word_1_194' title='bbox 1327 2683 1496 2753; x_wconf 78' lang='grc' dir='ltr'>Φησὶν</span> <span class='ocrx_word' id='word_1_195' title='bbox 1535 2681 1703 2747; x_wconf 74' lang='grc' dir='ltr'>ἅπαξ,</span> 
     </span>
    </p>
   </div>
   <div class='ocr_carea' id='block_1_28' title="bbox 147 2771 1708 2852">
    <p class='ocr_par' dir='ltr' id='par_1_28' title="bbox 147 2771 1708 2852">
     <span class='ocr_line' id='line_1_28' title="bbox 147 2771 1708 2852; baseline -0.006 -15"><span class='ocrx_word' id='word_1_196' title='bbox 147 2783 355 2852; x_wconf 78' lang='grc' dir='ltr'>ἀδελφὲ,</span> <span class='ocrx_word' id='word_1_197' title='bbox 383 2784 412 2834; x_wconf 90' lang='lat'><strong>6</strong></span> <span class='ocrx_word' id='word_1_198' title='bbox 431 2780 562 2844; x_wconf 85' lang='grc' dir='ltr'><strong>Θεὸς</strong></span> <span class='ocrx_word' id='word_1_199' title='bbox 591 2777 846 2848; x_wconf 83' lang='grc' dir='ltr'>φυλάξειε</span> <span class='ocrx_word' id='word_1_200' title='bbox 873 2776 973 2847; x_wconf 77' lang='grc' dir='ltr'>τὴν</span> <span class='ocrx_word' id='word_1_201' title='bbox 1001 2776 1276 2845; x_wconf 74' lang='grc' dir='ltr'>ἀγάπην.»</span> <span class='ocrx_word' id='word_1_202' title='bbox 1310 2771 1479 2829; x_wconf 78' lang='grc' dir='ltr'>Εἶπον</span> <span class='ocrx_word' id='word_1_203' title='bbox 1507 2774 1557 2826; x_wconf 92' lang='grc' dir='ltr'><strong>οί</strong></span> <span class='ocrx_word' id='word_1_204' title='bbox 1594 2774 1708 2828; x_wconf 83' lang='grc' dir='ltr'>Πά-</span> 
     </span>
    </p>
   </div>
   <div class='ocr_carea' id='block_1_29' title="bbox 144 2864 1707 2946">
    <p class='ocr_par' dir='ltr' id='par_1_29' title="bbox 144 2864 1707 2946">
     <span class='ocr_line' id='line_1_29' title="bbox 144 2864 1707 2946; baseline -0.007 -18"><span class='ocrx_word' id='word_1_205' title='bbox 144 2892 289 2946; x_wconf 87' lang='grc' dir='ltr'>τρες,</span> <span class='ocrx_word' id='word_1_206' title='bbox 317 2874 388 2927; x_wconf 90' lang='grc' dir='ltr'>Τὸ</span> <span class='ocrx_word' id='word_1_207' title='bbox 416 2871 647 2942; x_wconf 79' lang='grc' dir='ltr'>φυλάξαι</span> <span class='ocrx_word' id='word_1_208' title='bbox 673 2871 774 2940; x_wconf 83' lang='grc' dir='ltr'>τὴν</span> <span class='ocrx_word' id='word_1_209' title='bbox 804 2867 1106 2936; x_wconf 78' lang='grc' dir='ltr'>συνείδησιν</span> <span class='ocrx_word' id='word_1_210' title='bbox 1133 2864 1226 2919; x_wconf 82' lang='grc' dir='ltr'><strong>τοῦ</strong></span> <span class='ocrx_word' id='word_1_211' title='bbox 1267 2865 1494 2936; x_wconf 85' lang='grc' dir='ltr'>πλησίου</span> <span class='ocrx_word' id='word_1_212' title='bbox 1530 2866 1707 2918; x_wconf 82' lang='grc' dir='ltr'>τίκτει</span> 
     </span>
    </p>
   </div>
   <div class='ocr_carea' id='block_1_30' title="bbox 143 2952 1707 3032">
    <p class='ocr_par' dir='ltr' id='par_1_30' title="bbox 143 2952 1707 3032">
     <span class='ocr_line' id='line_1_30' title="bbox 143 2952 1707 3032; baseline -0.003 -19"><span class='ocrx_word' id='word_1_213' title='bbox 143 2961 241 3032; x_wconf 82' lang='grc' dir='ltr'>τὴν</span> <span class='ocrx_word' id='word_1_214' title='bbox 267 2957 786 3028; x_wconf 79' lang='grc' dir='ltr'>ταπεινοφροσύνην.</span> <span class='ocrx_word' id='word_1_215' title='bbox 836 2955 1005 3010; x_wconf 86' lang='grc' dir='ltr'>Πάλιν</span> <span class='ocrx_word' id='word_1_216' title='bbox 1037 2957 1104 3025; x_wconf 82' lang='grc' dir='ltr'>τῇ</span> <span class='ocrx_word' id='word_1_217' title='bbox 1133 2952 1268 3027; x_wconf 74' lang='grc' dir='ltr'>ἄλλῃ</span> <span class='ocrx_word' id='word_1_218' title='bbox 1315 2953 1524 3026; x_wconf 73' lang='grc' dir='ltr'>ἑσπέρᾳ</span> <span class='ocrx_word' id='word_1_219' title='bbox 1556 2954 1707 3022; x_wconf 75' lang='grc' dir='ltr'>ἐλεγὲ</span> 
     </span>
    </p>
   </div>
   <div class='ocr_carea' id='block_1_31' title="bbox 146 3044 1708 3118">
    <p class='ocr_par' dir='ltr' id='par_1_31' title="bbox 146 3044 1708 3118">
     <span class='ocr_line' id='line_1_31' title="bbox 146 3044 1708 3118; baseline -0.001 -19"><span class='ocrx_word' id='word_1_220' title='bbox 146 3066 274 3118; x_wconf 74' lang='grc' dir='ltr'>μοι·</span> <span class='ocrx_word' id='word_1_221' title='bbox 323 3067 342 3100; x_wconf 79' lang='grc' dir='ltr'><strong>ι</strong></span> <span class='ocrx_word' id='word_1_222' title='bbox 373 3048 543 3118; x_wconf 78' lang='grc' dir='ltr'>Φησὶν</span> <span class='ocrx_word' id='word_1_223' title='bbox 584 3046 752 3109; x_wconf 73' lang='grc' dir='ltr'>ἅπαξ,</span> <span class='ocrx_word' id='word_1_224' title='bbox 797 3045 1016 3115; x_wconf 79' lang='grc' dir='ltr'>ἀδελφὲ,</span> <span class='ocrx_word' id='word_1_225' title='bbox 1060 3045 1089 3096; x_wconf 89' lang='grc' dir='ltr'>ὁ</span> <span class='ocrx_word' id='word_1_226' title='bbox 1130 3044 1264 3108; x_wconf 76' lang='grc' dir='ltr'>Θεὸς</span> <span class='ocrx_word' id='word_1_227' title='bbox 1309 3045 1567 3113; x_wconf 81' lang='grc' dir='ltr'>φυλάξειε</span> <span class='ocrx_word' id='word_1_228' title='bbox 1609 3045 1708 3114; x_wconf 86' lang='grc' dir='ltr'>τὴν</span> 
     </span>
    </p>
   </div>
   <div class='ocr_carea' id='block_1_32' title="bbox 139 3136 1709 3210">
    <p class='ocr_par' dir='ltr' id='par_1_32' title="bbox 139 3136 1709 3210">
     <span class='ocr_line' id='line_1_32' title="bbox 139 3136 1709 3210; baseline -0.004 -14"><span class='ocrx_word' id='word_1_229' title='bbox 139 3141 380 3210; x_wconf 80' lang='grc' dir='ltr'>ἀγάπην.</span> <span class='ocrx_word' id='word_1_230' title='bbox 432 3158 452 3191; x_wconf 70' lang='grc' dir='ltr'><strong>ι</strong></span> <span class='ocrx_word' id='word_1_231' title='bbox 505 3137 671 3193; x_wconf 86' lang='grc' dir='ltr'>Εἶπον</span> <span class='ocrx_word' id='word_1_232' title='bbox 720 3139 767 3191; x_wconf 74' lang='lat' dir='ltr'><strong>of</strong></span> <span class='ocrx_word' id='word_1_233' title='bbox 813 3138 1056 3208; x_wconf 74' lang='grc' dir='ltr'>Πάτρεςο</span> <span class='ocrx_word' id='word_1_234' title='bbox 1105 3137 1372 3190; x_wconf 78' lang='grc' dir='ltr'>Οὐδέποτε</span> <span class='ocrx_word' id='word_1_235' title='bbox 1419 3136 1610 3190; x_wconf 74' lang='grc' dir='ltr'>ἔϐαλον</span> <span class='ocrx_word' id='word_1_236' title='bbox 1647 3137 1709 3190; x_wconf 87' lang='grc' dir='ltr'><strong>τὸ</strong></span> 
     </span>
    </p>
   </div>
   <div class='ocr_carea' id='block_1_33' title="bbox 139 3228 1709 3302">
    <p class='ocr_par' dir='ltr' id='par_1_33' title="bbox 139 3228 1709 3302">
     <span class='ocr_line' id='line_1_33' title="bbox 139 3228 1709 3302; baseline -0.003 -17"><span class='ocrx_word' id='word_1_237' title='bbox 139 3232 353 3302; x_wconf 80' lang='grc' dir='ltr'>θέλημά</span> <span class='ocrx_word' id='word_1_238' title='bbox 401 3248 500 3300; x_wconf 87' lang='grc' dir='ltr'><strong>μου</strong></span> <span class='ocrx_word' id='word_1_239' title='bbox 551 3229 862 3301; x_wconf 82' lang='grc' dir='ltr'>ἔμπροσθεν</span> <span class='ocrx_word' id='word_1_240' title='bbox 907 3229 1004 3282; x_wconf 84' lang='grc' dir='ltr'>τοῦ</span> <span class='ocrx_word' id='word_1_241' title='bbox 1036 3228 1268 3298; x_wconf 81' lang='grc' dir='ltr'>ἀδελφοῦ</span> <span class='ocrx_word' id='word_1_242' title='bbox 1324 3245 1449 3298; x_wconf 89' lang='grc' dir='ltr'>μου.</span> <span class='ocrx_word' id='word_1_243' title='bbox 1486 3228 1709 3281; x_wconf 82' lang='grc' dir='ltr'>Ἀλλοτε</span> 
     </span>
    </p>
   </div>
   <div class='ocr_carea' id='block_1_34' title="bbox 138 3317 1709 3392">
    <p class='ocr_par' dir='ltr' id='par_1_34' title="bbox 138 3317 1709 3392">
     <span class='ocr_line' id='line_1_34' title="bbox 138 3317 1709 3392; baseline -0.001 -17"><span class='ocrx_word' id='word_1_244' title='bbox 138 3323 303 3377; x_wconf 80' lang='grc' dir='ltr'>πάλιν</span> <span class='ocrx_word' id='word_1_245' title='bbox 330 3322 483 3390; x_wconf 74' lang='grc' dir='ltr'>ἔλεγε</span> <span class='ocrx_word' id='word_1_246' title='bbox 505 3339 518 3350; x_wconf 95' lang='grc'><strong>·</strong></span> <span class='ocrx_word' id='word_1_247' title='bbox 553 3339 573 3373; x_wconf 73' lang='grc' dir='ltr'><strong>ι</strong></span> <span class='ocrx_word' id='word_1_248' title='bbox 597 3321 766 3392; x_wconf 74' lang='grc' dir='ltr'>Φησὶν</span> <span class='ocrx_word' id='word_1_249' title='bbox 798 3317 967 3384; x_wconf 77' lang='grc' dir='ltr'>ἅπαξ,</span> <span class='ocrx_word' id='word_1_250' title='bbox 995 3320 1209 3390; x_wconf 78' lang='grc' dir='ltr'>ἀδελφὲ,</span> <span class='ocrx_word' id='word_1_251' title='bbox 1240 3321 1270 3373; x_wconf 84' lang='lat'><strong>6</strong></span> <span class='ocrx_word' id='word_1_252' title='bbox 1303 3321 1435 3385; x_wconf 85' lang='grc' dir='ltr'>Θεὸς</span> <span class='ocrx_word' id='word_1_253' title='bbox 1457 3321 1709 3391; x_wconf 82' lang='grc' dir='ltr'>φυλάξειε</span> 
     </span>
    </p>
   </div>
   <div class='ocr_carea' id='block_1_35' title="bbox 133 3408 1712 3484">
    <p class='ocr_par' dir='ltr' id='par_1_35' title="bbox 133 3408 1712 3484">
     <span class='ocr_line' id='line_1_35' title="bbox 133 3408 1712 3484; baseline -0.001 -17"><span class='ocrx_word' id='word_1_254' title='bbox 133 3424 242 3484; x_wconf 74' lang='grc' dir='ltr'><strong>την</strong></span> <span class='ocrx_word' id='word_1_255' title='bbox 268 3415 510 3484; x_wconf 84' lang='grc' dir='ltr'>ἀγάπην.</span> <span class='ocrx_word' id='word_1_256' title='bbox 545 3431 565 3464; x_wconf 71' lang='grc' dir='ltr'><strong>ι</strong></span> <span class='ocrx_word' id='word_1_257' title='bbox 613 3408 783 3466; x_wconf 84' lang='grc' dir='ltr'>Εἶπον</span> <span class='ocrx_word' id='word_1_258' title='bbox 811 3413 859 3466; x_wconf 78' lang='lat' dir='ltr'><strong>ei</strong></span> <span class='ocrx_word' id='word_1_259' title='bbox 883 3412 1095 3483; x_wconf 87' lang='grc' dir='ltr'>Πάτρες</span> <span class='ocrx_word' id='word_1_260' title='bbox 1114 3428 1128 3442; x_wconf 83' lang='lat'><strong><em>°</em></strong></span> <span class='ocrx_word' id='word_1_261' title='bbox 1170 3431 1188 3465; x_wconf 80' lang='grc' dir='ltr'><strong>ι</strong></span> <span class='ocrx_word' id='word_1_262' title='bbox 1213 3412 1386 3481; x_wconf 80' lang='grc' dir='ltr'>Φεῦγε</span> <span class='ocrx_word' id='word_1_263' title='bbox 1412 3412 1482 3466; x_wconf 88' lang='grc' dir='ltr'><strong>τά</strong></span> <span class='ocrx_word' id='word_1_264' title='bbox 1507 3413 1712 3484; x_wconf 85' lang='grc' dir='ltr'>ἀνθρώ-</span> 
     </span>
    </p>
   </div>
   <div class='ocr_carea' id='block_1_36' title="bbox 137 3503 1708 3576">
    <p class='ocr_par' dir='ltr' id='par_1_36' title="bbox 137 3503 1708 3576">
     <span class='ocr_line' id='line_1_36' title="bbox 137 3503 1708 3576; baseline 0.001 -18"><span class='ocrx_word' id='word_1_265' title='bbox 137 3521 276 3560; x_wconf 76' lang='grc' dir='ltr'>πινα</span> <span class='ocrx_word' id='word_1_266' title='bbox 299 3507 392 3559; x_wconf 72' lang='grc' dir='ltr'><strong>καὶ</strong></span> <span class='ocrx_word' id='word_1_267' title='bbox 413 3504 580 3576; x_wconf 69' lang='grc' dir='ltr'><strong>σώζῃ.</strong></span> <span class='ocrx_word' id='word_1_268' title='bbox 611 3522 630 3555; x_wconf 73' lang='grc' dir='ltr'><strong>ι</strong></span> <span class='ocrx_word' id='word_1_269' title='bbox 656 3503 824 3557; x_wconf 87' lang='grc' dir='ltr'>Πάλιν</span> <span class='ocrx_word' id='word_1_270' title='bbox 849 3503 1002 3573; x_wconf 71' lang='grc' dir='ltr'>ἔλεγε</span> <span class='ocrx_word' id='word_1_271' title='bbox 1024 3521 1038 3536; x_wconf 88' lang='grc'><strong>·</strong></span> <span class='ocrx_word' id='word_1_272' title='bbox 1075 3523 1094 3556; x_wconf 80' lang='grc' dir='ltr'><strong>ι</strong></span> <span class='ocrx_word' id='word_1_273' title='bbox 1115 3504 1284 3576; x_wconf 79' lang='grc' dir='ltr'>Φησὶν</span> <span class='ocrx_word' id='word_1_274' title='bbox 1304 3506 1473 3571; x_wconf 77' lang='grc' dir='ltr'>ἅπαξ,</span> <span class='ocrx_word' id='word_1_275' title='bbox 1493 3506 1708 3575; x_wconf 82' lang='grc' dir='ltr'>ἀδελφὲ,</span> 
     </span>
    </p>
   </div>
   <div class='ocr_carea' id='block_1_37' title="bbox 133 3592 1712 3668">
    <p class='ocr_par' dir='ltr' id='par_1_37' title="bbox 133 3592 1712 3668">
     <span class='ocr_line' id='line_1_37' title="bbox 133 3592 1712 3668; baseline -0.001 -17"><span class='ocrx_word' id='word_1_276' title='bbox 133 3596 314 3659; x_wconf 81' lang='grc' dir='ltr'>ὁθεὸς</span> <span class='ocrx_word' id='word_1_277' title='bbox 333 3595 588 3666; x_wconf 80' lang='grc' dir='ltr'>φυλάξειε</span> <span class='ocrx_word' id='word_1_278' title='bbox 612 3595 707 3666; x_wconf 82' lang='grc' dir='ltr'>τὴν</span> <span class='ocrx_word' id='word_1_279' title='bbox 730 3595 970 3664; x_wconf 84' lang='grc' dir='ltr'>ἀγάπην.</span> <span class='ocrx_word' id='word_1_280' title='bbox 986 3615 1004 3647; x_wconf 74' lang='grc' dir='ltr'><strong>ι</strong></span> <span class='ocrx_word' id='word_1_281' title='bbox 1027 3592 1196 3650; x_wconf 83' lang='grc' dir='ltr'>Εἶπον</span> <span class='ocrx_word' id='word_1_282' title='bbox 1218 3599 1266 3650; x_wconf 79' lang='grc' dir='ltr'>οἱ</span> <span class='ocrx_word' id='word_1_283' title='bbox 1285 3597 1516 3668; x_wconf 84' lang='grc' dir='ltr'>Πάτρες·</span> <span class='ocrx_word' id='word_1_284' title='bbox 1547 3616 1566 3650; x_wconf 79' lang='grc' dir='ltr'><strong>ι</strong></span> <span class='ocrx_word' id='word_1_285' title='bbox 1591 3597 1712 3650; x_wconf 76' lang='grc' dir='ltr'><strong>Ἀλ-</strong></span> 
     </span>
    </p>
   </div>
   <div class='ocr_carea' id='block_1_38' title="bbox 132 3686 1712 3761">
    <p class='ocr_par' dir='ltr' id='par_1_38' title="bbox 132 3686 1712 3761">
     <span class='ocr_line' id='line_1_38' title="bbox 132 3686 1712 3761; baseline 0.001 -19"><span class='ocrx_word' id='word_1_286' title='bbox 132 3689 319 3759; x_wconf 71' lang='grc' dir='ltr'>λήλων</span> <span class='ocrx_word' id='word_1_287' title='bbox 343 3688 413 3742; x_wconf 81' lang='grc' dir='ltr'><strong>τά</strong></span> <span class='ocrx_word' id='word_1_288' title='bbox 436 3688 577 3759; x_wconf 81' lang='grc' dir='ltr'>βάρη</span> <span class='ocrx_word' id='word_1_289' title='bbox 605 3687 927 3757; x_wconf 75' lang='grc' dir='ltr'>βαστάζετε,</span> <span class='ocrx_word' id='word_1_290' title='bbox 955 3689 1052 3742; x_wconf 77' lang='grc' dir='ltr'><strong>καὶ</strong></span> <span class='ocrx_word' id='word_1_291' title='bbox 1080 3686 1254 3754; x_wconf 84' lang='grc' dir='ltr'>οὑτως</span> <span class='ocrx_word' id='word_1_292' title='bbox 1279 3689 1712 3761; x_wconf 82' lang='grc' dir='ltr'>ἀναπληρώσατε</span> 
     </span>
    </p>
   </div>
   <div class='ocr_carea' id='block_1_39' title="bbox 129 3777 1714 3853">
    <p class='ocr_par' dir='ltr' id='par_1_39' title="bbox 129 3777 1714 3853">
     <span class='ocr_line' id='line_1_39' title="bbox 129 3777 1714 3853; baseline 0.001 -18"><span class='ocrx_word' id='word_1_293' title='bbox 129 3783 233 3835; x_wconf 81' lang='grc' dir='ltr'><strong>τὸν</strong></span> <span class='ocrx_word' id='word_1_294' title='bbox 261 3783 426 3852; x_wconf 87' lang='grc' dir='ltr'>νόμον</span> <span class='ocrx_word' id='word_1_295' title='bbox 449 3781 543 3834; x_wconf 82' lang='grc' dir='ltr'>τοῦ</span> <span class='ocrx_word' id='word_1_296' title='bbox 571 3780 828 3852; x_wconf 84' lang='grc' dir='ltr'>Χριστοῦ.</span> <span class='ocrx_word' id='word_1_297' title='bbox 857 3800 877 3834; x_wconf 73' lang='grc' dir='ltr'><strong>ι</strong></span> <span class='ocrx_word' id='word_1_298' title='bbox 911 3781 1134 3842; x_wconf 84' lang='grc' dir='ltr'>Πάντως</span> <span class='ocrx_word' id='word_1_299' title='bbox 1162 3777 1305 3853; x_wconf 75' lang='grc' dir='ltr'>εἶχεν</span> <span class='ocrx_word' id='word_1_300' title='bbox 1329 3783 1359 3835; x_wconf 95' lang='lat'><strong>6</strong></span> <span class='ocrx_word' id='word_1_301' title='bbox 1376 3783 1555 3853; x_wconf 86' lang='grc' dir='ltr'>γέρων</span> <span class='ocrx_word' id='word_1_302' title='bbox 1585 3784 1714 3852; x_wconf 87' lang='grc' dir='ltr'>μίαν</span> 
     </span>
    </p>
   </div>
   <div class='ocr_carea' id='block_1_40' title="bbox 129 3872 1711 3944">
    <p class='ocr_par' dir='ltr' id='par_1_40' title="bbox 129 3872 1711 3944">
     <span class='ocr_line' id='line_1_40' title="bbox 129 3872 1711 3944; baseline 0 -18"><span class='ocrx_word' id='word_1_303' title='bbox 129 3873 524 3944; x_wconf 68' lang='grc' dir='ltr'>παραγγελίαν</span> <span class='ocrx_word' id='word_1_304' title='bbox 569 3872 756 3926; x_wconf 81' lang='grc' dir='ltr'>δοῦναί</span> <span class='ocrx_word' id='word_1_305' title='bbox 806 3889 898 3944; x_wconf 89' lang='grc' dir='ltr'><strong>μοι</strong></span> <span class='ocrx_word' id='word_1_306' title='bbox 947 3876 1011 3926; x_wconf 84' lang='grc' dir='ltr'>ὲκ</span> <span class='ocrx_word' id='word_1_307' title='bbox 1037 3872 1148 3926; x_wconf 85' lang='grc' dir='ltr'>τῶν</span> <span class='ocrx_word' id='word_1_308' title='bbox 1179 3873 1460 3944; x_wconf 87' lang='grc' dir='ltr'>τεσσάρων</span> <span class='ocrx_word' id='word_1_309' title='bbox 1486 3873 1711 3940; x_wconf 87' lang='grc' dir='ltr'>τούτων,</span> 
     </span>
    </p>
   </div>
   <div class='ocr_carea' id='block_1_41' title="bbox 131 3964 1715 4038">
    <p class='ocr_par' dir='ltr' id='par_1_41' title="bbox 131 3964 1715 4038">
     <span class='ocr_line' id='line_1_41' title="bbox 131 3964 1715 4038; baseline 0.001 -20"><span class='ocrx_word' id='word_1_310' title='bbox 131 3966 220 4029; x_wconf 83' lang='grc' dir='ltr'><strong>ὡς</strong></span> <span class='ocrx_word' id='word_1_311' title='bbox 259 3965 570 4038; x_wconf 86' lang='grc' dir='ltr'>ἀνεχώρουν</span> <span class='ocrx_word' id='word_1_312' title='bbox 610 3966 732 4019; x_wconf 78' lang='grc' dir='ltr'>καθ’</span> <span class='ocrx_word' id='word_1_313' title='bbox 761 3965 1023 4036; x_wconf 83' lang='grc' dir='ltr'>ἑσπέραν,</span> <span class='ocrx_word' id='word_1_314' title='bbox 1057 3965 1135 4028; x_wconf 85' lang='grc' dir='ltr'>ὥς</span> <span class='ocrx_word' id='word_1_315' title='bbox 1158 3964 1241 4028; x_wconf 87' lang='grc' dir='ltr'><strong>τίς</strong></span> <span class='ocrx_word' id='word_1_316' title='bbox 1281 3981 1414 4019; x_wconf 89' lang='grc' dir='ltr'>ποτε</span> <span class='ocrx_word' id='word_1_317' title='bbox 1459 3967 1715 4036; x_wconf 84' lang='grc' dir='ltr'>παρέχων</span> 
     </span>
    </p>
   </div>
   <div class='ocr_carea' id='block_1_42' title="bbox 124 4052 1716 4129">
    <p class='ocr_par' dir='ltr' id='par_1_42' title="bbox 124 4052 1716 4129">
     <span class='ocr_line' id='line_1_42' title="bbox 124 4052 1716 4129; baseline -0.001 -17"><span class='ocrx_word' id='word_1_318' title='bbox 124 4059 250 4112; x_wconf 81' lang='grc' dir='ltr'>τινὶ</span> <span class='ocrx_word' id='word_1_319' title='bbox 278 4059 491 4126; x_wconf 78' lang='grc' dir='ltr'>ἐφόδια.</span> <span class='ocrx_word' id='word_1_320' title='bbox 523 4059 632 4112; x_wconf 79' lang='grc' dir='ltr'><strong>Καὶ</strong></span> <span class='ocrx_word' id='word_1_321' title='bbox 663 4056 835 4121; x_wconf 84' lang='grc' dir='ltr'>οὑτως</span> <span class='ocrx_word' id='word_1_322' title='bbox 861 4052 1007 4128; x_wconf 75' lang='grc' dir='ltr'>εἶχον</span> <span class='ocrx_word' id='word_1_323' title='bbox 1036 4056 1175 4110; x_wconf 84' lang='grc' dir='ltr'>αὑτὰ</span> <span class='ocrx_word' id='word_1_324' title='bbox 1204 4057 1284 4120; x_wconf 88' lang='grc' dir='ltr'><strong>είς</strong></span> <span class='ocrx_word' id='word_1_325' title='bbox 1314 4056 1562 4129; x_wconf 80' lang='grc' dir='ltr'>φυλακὴν</span> <span class='ocrx_word' id='word_1_326' title='bbox 1589 4057 1716 4127; x_wconf 85' lang='grc' dir='ltr'>ὅλης</span> 
     </span>
    </p>
   </div>
   <div class='ocr_carea' id='block_1_43' title="bbox 123 4149 1717 4223">
    <p class='ocr_par' dir='ltr' id='par_1_43' title="bbox 123 4149 1717 4223">
     <span class='ocr_line' id='line_1_43' title="bbox 123 4149 1717 4223; baseline -0.001 -18"><span class='ocrx_word' id='word_1_327' title='bbox 123 4150 242 4221; x_wconf 76' lang='grc' dir='ltr'>τῆς</span> <span class='ocrx_word' id='word_1_328' title='bbox 269 4150 419 4220; x_wconf 78' lang='grc' dir='ltr'>ζωῆς</span> <span class='ocrx_word' id='word_1_329' title='bbox 447 4167 548 4219; x_wconf 85' lang='grc' dir='ltr'><strong>μου</strong></span> <span class='ocrx_word' id='word_1_330' title='bbox 568 4168 581 4181; x_wconf 76' lang='grc'><em>’</em></span> <span class='ocrx_word' id='word_1_331' title='bbox 621 4150 716 4204; x_wconf 76' lang='grc' dir='ltr'><strong>καὶ</strong></span> <span class='ocrx_word' id='word_1_332' title='bbox 755 4150 902 4220; x_wconf 83' lang='grc' dir='ltr'>ὅμως</span> <span class='ocrx_word' id='word_1_333' title='bbox 931 4150 1129 4218; x_wconf 84' lang='grc' dir='ltr'>καίπερ</span> <span class='ocrx_word' id='word_1_334' title='bbox 1159 4149 1414 4220; x_wconf 81' lang='grc' dir='ltr'>τοιαύτην</span> <span class='ocrx_word' id='word_1_335' title='bbox 1443 4151 1717 4223; x_wconf 77' lang='grc' dir='ltr'>πληροφο-</span> 
     </span>
    </p>
   </div>
   <div class='ocr_carea' id='block_1_44' title="bbox 125 4241 1717 4316">
    <p class='ocr_par' dir='ltr' id='par_1_44' title="bbox 125 4241 1717 4316">
     <span class='ocr_line' id='line_1_44' title="bbox 125 4241 1717 4316; baseline 0.001 -20"><span class='ocrx_word' id='word_1_336' title='bbox 125 4243 269 4314; x_wconf 78' lang='grc' dir='ltr'>ρίαν</span> <span class='ocrx_word' id='word_1_337' title='bbox 298 4242 441 4312; x_wconf 80' lang='grc' dir='ltr'>ἔχων</span> <span class='ocrx_word' id='word_1_338' title='bbox 472 4245 551 4306; x_wconf 89' lang='grc' dir='ltr'><strong>εἰς</strong></span> <span class='ocrx_word' id='word_1_339' title='bbox 585 4243 676 4296; x_wconf 89' lang='grc' dir='ltr'><strong>τὸν</strong></span> <span class='ocrx_word' id='word_1_340' title='bbox 705 4242 879 4311; x_wconf 74' lang='grc' dir='ltr'>ἅγιον,</span> <span class='ocrx_word' id='word_1_341' title='bbox 911 4244 1008 4295; x_wconf 80' lang='grc' dir='ltr'><strong>καὶ</strong></span> <span class='ocrx_word' id='word_1_342' title='bbox 1037 4241 1182 4297; x_wconf 81' lang='grc' dir='ltr'>οὓτω</span> <span class='ocrx_word' id='word_1_343' title='bbox 1219 4243 1561 4314; x_wconf 81' lang='grc' dir='ltr'>διακείμενος</span> <span class='ocrx_word' id='word_1_344' title='bbox 1588 4246 1717 4316; x_wconf 76' lang='grc' dir='ltr'>περὶ</span> 
     </span>
    </p>
   </div>
   <div class='ocr_carea' id='block_1_45' title="bbox 122 4333 1718 4407">
    <p class='ocr_par' dir='ltr' id='par_1_45' title="bbox 122 4333 1718 4407">
     <span class='ocr_line' id='line_1_45' title="bbox 122 4333 1718 4407; baseline 0.001 -19"><span class='ocrx_word' id='word_1_345' title='bbox 122 4333 239 4406; x_wconf 77' lang='grc' dir='ltr'>τὴν</span> <span class='ocrx_word' id='word_1_346' title='bbox 273 4335 586 4405; x_wconf 83' lang='grc' dir='ltr'>ὑπηρεσίαν</span> <span class='ocrx_word' id='word_1_347' title='bbox 627 4334 792 4388; x_wconf 85' lang='grc' dir='ltr'>αὑτοῦ</span> <span class='ocrx_word' id='word_1_348' title='bbox 816 4351 831 4366; x_wconf 76' lang='grc'><em>’</em></span> <span class='ocrx_word' id='word_1_349' title='bbox 885 4335 972 4389; x_wconf 84' lang='grc' dir='ltr'>ἵνα</span> <span class='ocrx_word' id='word_1_350' title='bbox 1020 4335 1296 4407; x_wconf 80' lang='grc' dir='ltr'>αἴσθωμαι</span> <span class='ocrx_word' id='word_1_351' title='bbox 1331 4337 1490 4406; x_wconf 88' lang='grc' dir='ltr'>μόνον</span> <span class='ocrx_word' id='word_1_352' title='bbox 1522 4337 1603 4389; x_wconf 87' lang='grc' dir='ltr'>ὃτι</span> <span class='ocrx_word' id='word_1_353' title='bbox 1635 4337 1718 4400; x_wconf 92' lang='grc' dir='ltr'><strong>τίς</strong></span> 
     </span>
    </p>
   </div>
   <div class='ocr_carea' id='block_1_46' title="bbox 123 4425 1717 4498">
    <p class='ocr_par' dir='ltr' id='par_1_46' title="bbox 123 4425 1717 4498">
     <span class='ocr_line' id='line_1_46' title="bbox 123 4425 1717 4498; baseline 0 -18"><span class='ocrx_word' id='word_1_354' title='bbox 123 4442 278 4480; x_wconf 74' lang='grc' dir='ltr'>ποτε</span> <span class='ocrx_word' id='word_1_355' title='bbox 326 4426 439 4480; x_wconf 84' lang='grc' dir='ltr'>τῶν</span> <span class='ocrx_word' id='word_1_356' title='bbox 468 4425 712 4495; x_wconf 80' lang='grc' dir='ltr'>ἀδελφῶν</span> <span class='ocrx_word' id='word_1_357' title='bbox 765 4425 1010 4480; x_wconf 80' lang='grc' dir='ltr'>ὲθλίϐετο</span> <span class='ocrx_word' id='word_1_358' title='bbox 1060 4427 1238 4498; x_wconf 80' lang='grc' dir='ltr'>ζητῶν</span> <span class='ocrx_word' id='word_1_359' title='bbox 1283 4427 1369 4480; x_wconf 77' lang='grc' dir='ltr'><strong>ἵνα</strong></span> <span class='ocrx_word' id='word_1_360' title='bbox 1415 4428 1574 4492; x_wconf 89' lang='grc' dir='ltr'>αὑτὸς</span> <span class='ocrx_word' id='word_1_361' title='bbox 1617 4428 1717 4481; x_wconf 84' lang='grc' dir='ltr'>ὑπ-</span> 
     </span>
    </p>
   </div>
   <div class='ocr_carea' id='block_1_47' title="bbox 118 4512 1718 4591">
    <p class='ocr_par' dir='ltr' id='par_1_47' title="bbox 118 4512 1718 4591">
     <span class='ocr_line' id='line_1_47' title="bbox 118 4512 1718 4591; baseline 0 -19"><span class='ocrx_word' id='word_1_362' title='bbox 118 4533 400 4591; x_wconf 80' lang='grc' dir='ltr'>ηρετησῃ</span> <span class='ocrx_word' id='word_1_363' title='bbox 443 4516 611 4589; x_wconf 83' lang='grc' dir='ltr'>αὐτῷ.</span> <span class='ocrx_word' id='word_1_364' title='bbox 657 4515 920 4586; x_wconf 77' lang='grc' dir='ltr'>Ἀπῆλθον</span> <span class='ocrx_word' id='word_1_365' title='bbox 969 4512 1060 4571; x_wconf 83' lang='grc' dir='ltr'>οὖν</span> <span class='ocrx_word' id='word_1_366' title='bbox 1086 4519 1222 4589; x_wconf 88' lang='grc' dir='ltr'>πρὸς</span> <span class='ocrx_word' id='word_1_367' title='bbox 1265 4519 1358 4572; x_wconf 87' lang='grc' dir='ltr'><strong>τὸν</strong></span> <span class='ocrx_word' id='word_1_368' title='bbox 1395 4518 1588 4584; x_wconf 76' lang='grc' dir='ltr'>ἀόϐἇν,</span> <span class='ocrx_word' id='word_1_369' title='bbox 1622 4520 1718 4572; x_wconf 73' lang='grc' dir='ltr'><strong>καὶ</strong></span> 
     </span>
    </p>
   </div>
   <div class='ocr_carea' id='block_1_48' title="bbox 97 4598 1719 4684">
    <p class='ocr_par' dir='ltr' id='par_1_48' title="bbox 97 4598 1719 4684">
     <span class='ocr_line' id='line_1_48' title="bbox 97 4598 1719 4684; baseline 0 -19"><span class='ocrx_word' id='word_1_370' title='bbox 97 4598 504 4681; x_wconf 79' lang='grc' dir='ltr'>’παρεκάλεσα</span> <span class='ocrx_word' id='word_1_371' title='bbox 573 4609 733 4663; x_wconf 86' lang='grc' dir='ltr'>αὐτόν</span> <span class='ocrx_word' id='word_1_372' title='bbox 796 4609 970 4678; x_wconf 79' lang='grc' dir='ltr'>λέγων</span> <span class='ocrx_word' id='word_1_373' title='bbox 990 4647 1008 4672; x_wconf 88' lang='grc'><strong>,</strong></span> <span class='ocrx_word' id='word_1_374' title='bbox 1073 4610 1154 4663; x_wconf 83' lang='grc' dir='ltr'>ὅτι</span> <span class='ocrx_word' id='word_1_375' title='bbox 1198 4611 1344 4682; x_wconf 59' lang='lat' dir='ltr'><strong>&quot;res:</strong></span> <span class='ocrx_word' id='word_1_376' title='bbox 1393 4611 1472 4683; x_wconf 84' lang='grc' dir='ltr'>τῷ</span> <span class='ocrx_word' id='word_1_377' title='bbox 1508 4613 1719 4684; x_wconf 78' lang='grc' dir='ltr'>ἀδελφῷ</span> 
     </span>
    </p>
   </div>
   <div class='ocr_carea' id='block_1_49' title="bbox 117 4701 1722 4775">
    <p class='ocr_par' dir='ltr' id='par_1_49' title="bbox 117 4701 1722 4775">
     <span class='ocr_line' id='line_1_49' title="bbox 117 4701 1722 4775; baseline 0.001 -19"><span class='ocrx_word' id='word_1_378' title='bbox 117 4702 363 4773; x_wconf 72' lang='grc' dir='ltr'>μᾶλλον</span> <span class='ocrx_word' id='word_1_379' title='bbox 383 4702 578 4772; x_wconf 84' lang='grc' dir='ltr'>πρέπει</span> <span class='ocrx_word' id='word_1_380' title='bbox 600 4701 757 4755; x_wconf 81' lang='grc' dir='ltr'>τοῦτο</span> <span class='ocrx_word' id='word_1_381' title='bbox 781 4703 875 4755; x_wconf 79' lang='grc' dir='ltr'><strong>ἐὰν</strong></span> <span class='ocrx_word' id='word_1_382' title='bbox 895 4705 1144 4774; x_wconf 84' lang='grc' dir='ltr'>συνορᾷς,</span> <span class='ocrx_word' id='word_1_383' title='bbox 1170 4703 1346 4775; x_wconf 84' lang='grc' dir='ltr'>κύριε.</span> <span class='ocrx_word' id='word_1_384' title='bbox 1379 4705 1491 4758; x_wconf 78' lang='grc' dir='ltr'><strong>Καὶ</strong></span> <span class='ocrx_word' id='word_1_385' title='bbox 1514 4704 1574 4757; x_wconf 91' lang='grc' dir='ltr'><strong>οὑ</strong></span> <span class='ocrx_word' id='word_1_386' title='bbox 1600 4722 1722 4758; x_wconf 85' lang='grc' dir='ltr'>συν-</span> 
     </span>
    </p>
   </div>
   <div class='ocr_carea' id='block_1_50' title="bbox 110 4793 1720 4868">
    <p class='ocr_par' dir='ltr' id='par_1_50' title="bbox 110 4793 1720 4868">
     <span class='ocr_line' id='line_1_50' title="bbox 110 4793 1720 4868; baseline -0.002 -16"><span class='ocrx_word' id='word_1_387' title='bbox 110 4796 400 4868; x_wconf 73' lang='grc' dir='ltr'>εχώρησέ</span> <span class='ocrx_word' id='word_1_388' title='bbox 431 4813 519 4866; x_wconf 88' lang='grc' dir='ltr'><strong>μοι</strong></span> <span class='ocrx_word' id='word_1_389' title='bbox 545 4794 669 4848; x_wconf 80' lang='grc' dir='ltr'>οὕτε</span> <span class='ocrx_word' id='word_1_390' title='bbox 695 4797 722 4848; x_wconf 91' lang='lat'><strong>6</strong></span> <span class='ocrx_word' id='word_1_391' title='bbox 755 4793 950 4858; x_wconf 78' lang='grc' dir='ltr'>ἀϐϐᾶς,</span> <span class='ocrx_word' id='word_1_392' title='bbox 975 4793 1098 4847; x_wconf 82' lang='grc' dir='ltr'>οὔτε</span> <span class='ocrx_word' id='word_1_393' title='bbox 1121 4794 1283 4858; x_wconf 84' lang='grc' dir='ltr'>αὑτὸς</span> <span class='ocrx_word' id='word_1_394' title='bbox 1300 4796 1330 4846; x_wconf 91' lang='lat'><strong>6</strong></span> <span class='ocrx_word' id='word_1_395' title='bbox 1346 4795 1543 4866; x_wconf 85' lang='grc' dir='ltr'>γέρων.</span> <span class='ocrx_word' id='word_1_396' title='bbox 1573 4796 1720 4866; x_wconf 78' lang='grc' dir='ltr'>Πλὴν</span> 
     </span>
    </p>
   </div>
   <div class='ocr_carea' id='block_1_51' title="bbox 111 4887 1722 4962">
    <p class='ocr_par' dir='ltr' id='par_1_51' title="bbox 111 4887 1722 4962">
     <span class='ocr_line' id='line_1_51' title="bbox 111 4887 1722 4962; baseline -0.002 -16"><span class='ocrx_word' id='word_1_397' title='bbox 111 4891 284 4954; x_wconf 65' lang='grc' dir='ltr'>τέως</span> <span class='ocrx_word' id='word_1_398' title='bbox 317 4889 436 4959; x_wconf 76' lang='grc' dir='ltr'><strong>ἐγὼ</strong></span> <span class='ocrx_word' id='word_1_399' title='bbox 467 4889 760 4961; x_wconf 83' lang='grc' dir='ltr'>ἐπλήρωσα</span> <span class='ocrx_word' id='word_1_400' title='bbox 805 4887 905 4958; x_wconf 75' lang='grc' dir='ltr'>τὴν</span> <span class='ocrx_word' id='word_1_401' title='bbox 945 4887 1172 4957; x_wconf 78' lang='grc' dir='ltr'>δύναμιν</span> <span class='ocrx_word' id='word_1_402' title='bbox 1204 4904 1306 4957; x_wconf 92' lang='grc' dir='ltr'><strong>μου</strong></span> <span class='ocrx_word' id='word_1_403' title='bbox 1339 4889 1420 4950; x_wconf 86' lang='grc' dir='ltr'>εἰς</span> <span class='ocrx_word' id='word_1_404' title='bbox 1445 4887 1505 4941; x_wconf 89' lang='grc' dir='ltr'><strong>τὸ</strong></span> <span class='ocrx_word' id='word_1_405' title='bbox 1537 4906 1722 4962; x_wconf 83' lang='grc' dir='ltr'>προτι-</span> 
     </span>
    </p>
   </div>
   <div class='ocr_carea' id='block_1_52' title="bbox 112 4977 1723 5053">
    <p class='ocr_par' dir='ltr' id='par_1_52' title="bbox 112 4977 1723 5053">
     <span class='ocr_line' id='line_1_52' title="bbox 112 4977 1723 5053; baseline 0.001 -20"><span class='ocrx_word' id='word_1_406' title='bbox 112 4981 396 5053; x_wconf 81' lang='grc' dir='ltr'>μηθῆναι</span> <span class='ocrx_word' id='word_1_407' title='bbox 425 4980 516 5032; x_wconf 89' lang='grc' dir='ltr'><strong>τὸν</strong></span> <span class='ocrx_word' id='word_1_408' title='bbox 559 4979 805 5047; x_wconf 76' lang='grc' dir='ltr'>ἀδελφόν.</span> <span class='ocrx_word' id='word_1_409' title='bbox 853 4977 962 5030; x_wconf 74' lang='grc' dir='ltr'><strong>Καὶ</strong></span> <span class='ocrx_word' id='word_1_410' title='bbox 1009 4979 1092 5030; x_wconf 85' lang='grc' dir='ltr'>ὅτι</span> <span class='ocrx_word' id='word_1_411' title='bbox 1141 4977 1372 5047; x_wconf 76' lang='grc' dir='ltr'>ἐποίησα</span> <span class='ocrx_word' id='word_1_412' title='bbox 1406 4981 1525 5034; x_wconf 76' lang='grc' dir='ltr'>ἐκεῖ</span> <span class='ocrx_word' id='word_1_413' title='bbox 1569 4983 1723 5035; x_wconf 78' lang='grc' dir='ltr'>ἐννέα</span> 
     </span>
    </p>
   </div>
   <div class='ocr_carea' id='block_1_53' title="bbox 107 5067 1722 5143">
    <p class='ocr_par' dir='ltr' id='par_1_53' title="bbox 107 5067 1722 5143">
     <span class='ocr_line' id='line_1_53' title="bbox 107 5067 1722 5143; baseline -0.001 -16"><span class='ocrx_word' id='word_1_414' title='bbox 107 5077 258 5143; x_wconf 72' lang='grc' dir='ltr'>ἔτη,</span> <span class='ocrx_word' id='word_1_415' title='bbox 311 5073 422 5125; x_wconf 83' lang='grc' dir='ltr'>οὑκ</span> <span class='ocrx_word' id='word_1_416' title='bbox 467 5067 584 5124; x_wconf 81' lang='grc' dir='ltr'>οἶδα</span> <span class='ocrx_word' id='word_1_417' title='bbox 633 5070 873 5140; x_wconf 81' lang='grc' dir='ltr'>λαλήσας</span> <span class='ocrx_word' id='word_1_418' title='bbox 906 5073 1014 5122; x_wconf 75' lang='grc' dir='ltr'>τινὶ</span> <span class='ocrx_word' id='word_1_419' title='bbox 1053 5071 1203 5140; x_wconf 75' lang='grc' dir='ltr'>ῥῆμα</span> <span class='ocrx_word' id='word_1_420' title='bbox 1257 5071 1496 5142; x_wconf 76' lang='grc' dir='ltr'>σαπρόνο</span> <span class='ocrx_word' id='word_1_421' title='bbox 1545 5073 1722 5126; x_wconf 81' lang='grc' dir='ltr'>καίτοι</span> 
     </span>
    </p>
   </div>
   <div class='ocr_carea' id='block_1_54' title="bbox 106 5158 1556 5234">
    <p class='ocr_par' dir='ltr' id='par_1_54' title="bbox 106 5158 1556 5234">
     <span class='ocr_line' id='line_1_54' title="bbox 106 5158 1556 5234; baseline -0.002 -17"><span class='ocrx_word' id='word_1_422' title='bbox 106 5167 283 5234; x_wconf 76' lang='grc' dir='ltr'>ἔχων</span> <span class='ocrx_word' id='word_1_423' title='bbox 314 5163 614 5226; x_wconf 80' lang='grc' dir='ltr'>διακονίαν,</span> <span class='ocrx_word' id='word_1_424' title='bbox 646 5163 736 5214; x_wconf 77' lang='grc' dir='ltr'>ἵνα</span> <span class='ocrx_word' id='word_1_425' title='bbox 769 5162 844 5232; x_wconf 86' lang='grc' dir='ltr'>μή</span> <span class='ocrx_word' id='word_1_426' title='bbox 881 5179 965 5224; x_wconf 82' lang='grc' dir='ltr'><strong>τις</strong></span> <span class='ocrx_word' id='word_1_427' title='bbox 995 5162 1121 5232; x_wconf 75' lang='grc' dir='ltr'>εἴπῃ</span> <span class='ocrx_word' id='word_1_428' title='bbox 1149 5161 1231 5215; x_wconf 85' lang='grc' dir='ltr'>ὅτι</span> <span class='ocrx_word' id='word_1_429' title='bbox 1264 5161 1363 5215; x_wconf 85' lang='grc' dir='ltr'><strong>οὑκ</strong></span> <span class='ocrx_word' id='word_1_430' title='bbox 1397 5158 1556 5230; x_wconf 81' lang='grc' dir='ltr'>εἶχον.</span> 
     </span>
    </p>
   </div>
   <div class='ocr_carea' id='block_1_55' title="bbox 197 5421 1726 5498">
    <p class='ocr_par' dir='ltr' id='par_1_55' title="bbox 197 5421 1726 5498">
     <span class='ocr_line' id='line_1_55' title="bbox 197 5421 1726 5498; baseline -0.003 -14"><span class='ocrx_word' id='word_1_431' title='bbox 197 5432 266 5484; x_wconf 86' lang='lat' dir='ltr'><strong>l&#39;.</strong></span> <span class='ocrx_word' id='word_1_432' title='bbox 319 5430 440 5483; x_wconf 78' lang='grc' dir='ltr'><strong>Καὶ</strong></span> <span class='ocrx_word' id='word_1_433' title='bbox 469 5428 817 5492; x_wconf 80' lang='grc' dir='ltr'>πιστεύσατε,</span> <span class='ocrx_word' id='word_1_434' title='bbox 850 5421 967 5480; x_wconf 81' lang='grc' dir='ltr'>οἶδα</span> <span class='ocrx_word' id='word_1_435' title='bbox 996 5426 1078 5478; x_wconf 86' lang='grc' dir='ltr'>ὃτι</span> <span class='ocrx_word' id='word_1_436' title='bbox 1106 5427 1360 5497; x_wconf 77' lang='grc' dir='ltr'>ἐποίησεν</span> <span class='ocrx_word' id='word_1_437' title='bbox 1391 5421 1471 5490; x_wconf 77' lang='grc' dir='ltr'>εἷς</span> <span class='ocrx_word' id='word_1_438' title='bbox 1498 5427 1726 5498; x_wconf 86' lang='grc' dir='ltr'>ἀδελφὸς</span> 
     </span>
    </p>
   </div>
   <div class='ocr_carea' id='block_1_56' title="bbox 100 5517 1726 5590">
    <p class='ocr_par' dir='ltr' id='par_1_56' title="bbox 100 5517 1726 5590">
     <span class='ocr_line' id='line_1_56' title="bbox 100 5517 1726 5590; baseline -0.001 -14"><span class='ocrx_word' id='word_1_439' title='bbox 100 5523 248 5580; x_wconf 79' lang='grc' dir='ltr'><strong>ἀπὸ</strong></span> <span class='ocrx_word' id='word_1_440' title='bbox 283 5521 393 5574; x_wconf 82' lang='grc' dir='ltr'>τοῦ</span> <span class='ocrx_word' id='word_1_441' title='bbox 423 5519 769 5588; x_wconf 84' lang='grc' dir='ltr'>νοσοκομείου</span> <span class='ocrx_word' id='word_1_442' title='bbox 814 5517 920 5582; x_wconf 79' lang='grc' dir='ltr'>ἓως</span> <span class='ocrx_word' id='word_1_443' title='bbox 948 5519 1046 5588; x_wconf 80' lang='grc' dir='ltr'>τῆς</span> <span class='ocrx_word' id='word_1_444' title='bbox 1085 5517 1380 5588; x_wconf 75' lang='grc' dir='ltr'>ἐκκλησίας</span> <span class='ocrx_word' id='word_1_445' title='bbox 1410 5521 1726 5590; x_wconf 84' lang='grc' dir='ltr'>περιπατῶν</span> 
     </span>
    </p>
   </div>
   <div class='ocr_carea' id='block_1_57' title="bbox 95 5607 1726 5684">
    <p class='ocr_par' dir='ltr' id='par_1_57' title="bbox 95 5607 1726 5684">
     <span class='ocr_line' id='line_1_57' title="bbox 95 5607 1726 5684; baseline -0.004 -13"><span class='ocrx_word' id='word_1_446' title='bbox 95 5617 329 5672; x_wconf 78' lang='grc' dir='ltr'>ὀπίσω</span> <span class='ocrx_word' id='word_1_447' title='bbox 372 5630 474 5684; x_wconf 86' lang='grc' dir='ltr'><strong>μου</strong></span> <span class='ocrx_word' id='word_1_448' title='bbox 503 5611 738 5682; x_wconf 75' lang='grc' dir='ltr'>ὑϐρίζων</span> <span class='ocrx_word' id='word_1_449' title='bbox 767 5626 833 5680; x_wconf 90' lang='grc' dir='ltr'><strong>με</strong></span> <span class='ocrx_word' id='word_1_450' title='bbox 855 5627 868 5640; x_wconf 82' lang='grc'><em>’</em></span> <span class='ocrx_word' id='word_1_451' title='bbox 923 5607 1080 5677; x_wconf 87' lang='grc' dir='ltr'>κάγὼ</span> <span class='ocrx_word' id='word_1_452' title='bbox 1111 5608 1422 5680; x_wconf 78' lang='grc' dir='ltr'>ἔμπροσθεν</span> <span class='ocrx_word' id='word_1_453' title='bbox 1448 5611 1612 5665; x_wconf 84' lang='grc' dir='ltr'>αὑτοῦ</span> <span class='ocrx_word' id='word_1_454' title='bbox 1652 5612 1726 5683; x_wconf 76' lang='grc' dir='ltr'>μὴ</span> 
     </span>
    </p>
   </div>
   <div class='ocr_carea' id='block_1_58' title="bbox 97 5698 1727 5778">
    <p class='ocr_par' dir='ltr' id='par_1_58' title="bbox 97 5698 1727 5778">
     <span class='ocr_line' id='line_1_58' title="bbox 97 5698 1727 5778; baseline -0.002 -18"><span class='ocrx_word' id='word_1_455' title='bbox 97 5705 532 5778; x_wconf 76' lang='grc' dir='ltr'>φθεγγόμενος</span> <span class='ocrx_word' id='word_1_456' title='bbox 563 5701 713 5771; x_wconf 84' lang='grc' dir='ltr'>αὑτῷ</span> <span class='ocrx_word' id='word_1_457' title='bbox 739 5700 858 5753; x_wconf 84' lang='grc' dir='ltr'>οὑδὲ</span> <span class='ocrx_word' id='word_1_458' title='bbox 883 5698 941 5752; x_wconf 78' lang='grc' dir='ltr'>ἓν</span> <span class='ocrx_word' id='word_1_459' title='bbox 976 5699 1128 5771; x_wconf 77' lang='grc' dir='ltr'>ῥῆμα</span> <span class='ocrx_word' id='word_1_460' title='bbox 1147 5717 1160 5730; x_wconf 94' lang='grc'><strong>·</strong></span> <span class='ocrx_word' id='word_1_461' title='bbox 1190 5701 1324 5754; x_wconf 81' lang='grc' dir='ltr'>ἀλλὰ</span> <span class='ocrx_word' id='word_1_462' title='bbox 1355 5702 1450 5755; x_wconf 72' lang='grc' dir='ltr'><strong>καὶ</strong></span> <span class='ocrx_word' id='word_1_463' title='bbox 1479 5703 1568 5756; x_wconf 85' lang='grc' dir='ltr'>ὅτε</span> <span class='ocrx_word' id='word_1_464' title='bbox 1595 5701 1727 5772; x_wconf 76' lang='grc' dir='ltr'>ἐμα-</span> 
     </span>
    </p>
   </div>
   <div class='ocr_carea' id='block_1_59' title="bbox 93 5787 1729 5865">
    <p class='ocr_par' dir='ltr' id='par_1_59' title="bbox 93 5787 1729 5865">
     <span class='ocr_line' id='line_1_59' title="bbox 93 5787 1729 5865; baseline -0.004 -12"><span class='ocrx_word' id='word_1_465' title='bbox 93 5800 227 5853; x_wconf 75' lang='grc' dir='ltr'><strong>θεν</strong></span> <span class='ocrx_word' id='word_1_466' title='bbox 261 5800 300 5850; x_wconf 85' lang='grc' dir='ltr'>ὁ</span> <span class='ocrx_word' id='word_1_467' title='bbox 333 5794 536 5859; x_wconf 77' lang='grc' dir='ltr'>ἀϐδᾶς,</span> <span class='ocrx_word' id='word_1_468' title='bbox 564 5793 664 5846; x_wconf 84' lang='grc' dir='ltr'>οὑκ</span> <span class='ocrx_word' id='word_1_469' title='bbox 689 5787 808 5845; x_wconf 75' lang='grc' dir='ltr'>οἶδα</span> <span class='ocrx_word' id='word_1_470' title='bbox 837 5790 980 5854; x_wconf 90' lang='grc' dir='ltr'>τίνος</span> <span class='ocrx_word' id='word_1_471' title='bbox 1010 5791 1256 5855; x_wconf 75' lang='grc' dir='ltr'>εἰπόντος</span> <span class='ocrx_word' id='word_1_472' title='bbox 1284 5790 1452 5862; x_wconf 85' lang='grc' dir='ltr'>αὑτῷ,</span> <span class='ocrx_word' id='word_1_473' title='bbox 1486 5794 1580 5847; x_wconf 81' lang='grc' dir='ltr'><strong>καὶ</strong></span> <span class='ocrx_word' id='word_1_474' title='bbox 1604 5794 1729 5865; x_wconf 74' lang='grc' dir='ltr'>ἠθέ-</span> 
     </span>
    </p>
   </div>
   <div class='ocr_carea' id='block_1_60' title="bbox 91 5883 1730 5963">
    <p class='ocr_par' dir='ltr' id='par_1_60' title="bbox 91 5883 1730 5963">
     <span class='ocr_line' id='line_1_60' title="bbox 91 5883 1730 5963; baseline -0.004 -16"><span class='ocrx_word' id='word_1_475' title='bbox 91 5896 316 5963; x_wconf 83' lang='grc' dir='ltr'>λησεν</span> <span class='ocrx_word' id='word_1_476' title='bbox 371 5889 695 5958; x_wconf 69' lang='grc' dir='ltr'>ἐπιτιμῆσαι</span> <span class='ocrx_word' id='word_1_477' title='bbox 739 5883 909 5956; x_wconf 81' lang='grc' dir='ltr'>αὑτῷ,</span> <span class='ocrx_word' id='word_1_478' title='bbox 965 5884 1076 5954; x_wconf 84' lang='grc' dir='ltr'><strong>ἐγὼ</strong></span> <span class='ocrx_word' id='word_1_479' title='bbox 1121 5883 1309 5955; x_wconf 78' lang='grc' dir='ltr'>ἔμεινα</span> <span class='ocrx_word' id='word_1_480' title='bbox 1359 5887 1575 5956; x_wconf 83' lang='grc' dir='ltr'>κρατῶν</span> <span class='ocrx_word' id='word_1_481' title='bbox 1603 5890 1730 5953; x_wconf 83' lang='grc' dir='ltr'>τοὺς</span> 
     </span>
    </p>
   </div>
   <div class='ocr_carea' id='block_1_61' title="bbox 87 5975 1727 6050">
    <p class='ocr_par' dir='ltr' id='par_1_61' title="bbox 87 5975 1727 6050">
     <span class='ocr_line' id='line_1_61' title="bbox 87 5975 1727 6050; baseline -0.009 -9"><span class='ocrx_word' id='word_1_482' title='bbox 87 5984 321 6046; x_wconf 67' lang='grc' dir='ltr'>’πόδας</span> <span class='ocrx_word' id='word_1_483' title='bbox 354 5979 544 6046; x_wconf 75' lang='grc' dir='ltr'>αὑτοῦ,</span> <span class='ocrx_word' id='word_1_484' title='bbox 562 5978 762 6047; x_wconf 87' lang='grc' dir='ltr'>λέγων·</span> <span class='ocrx_word' id='word_1_485' title='bbox 795 5976 910 6049; x_wconf 81' lang='grc' dir='ltr'><strong>Μὴ,</strong></span> <span class='ocrx_word' id='word_1_486' title='bbox 939 5975 1027 6032; x_wconf 80' lang='grc' dir='ltr'><strong>διά</strong></span> <span class='ocrx_word' id='word_1_487' title='bbox 1055 5976 1147 6033; x_wconf 88' lang='grc' dir='ltr'><strong>τὸν</strong></span> <span class='ocrx_word' id='word_1_488' title='bbox 1172 5977 1394 6048; x_wconf 77' lang='grc' dir='ltr'>Κύριον,</span> <span class='ocrx_word' id='word_1_489' title='bbox 1422 5977 1533 6047; x_wconf 80' lang='grc' dir='ltr'><strong>ἐγὼ</strong></span> <span class='ocrx_word' id='word_1_490' title='bbox 1563 5979 1727 6050; x_wconf 69' lang='grc' dir='ltr'>ἐσφά-</span> 
     </span>
    </p>
   </div>
   <div class='ocr_carea' id='block_1_62' title="bbox 1735 3373 1780 3431">
    <p class='ocr_par' dir='ltr' id='par_1_62' title="bbox 1735 3373 1780 3431">
     <span class='ocr_line' id='line_1_62' title="bbox 1735 3373 1780 3431; baseline 0 0"><span class='ocrx_word' id='word_1_491' title='bbox 1735 3373 1780 3431; x_wconf 86' lang='lat' dir='ltr'><strong>C</strong></span> 
     </span>
    </p>
   </div>
   <div class='ocr_carea' id='block_1_63' title="bbox 1801 750 3361 831">
    <p class='ocr_par' dir='ltr' id='par_1_63' title="bbox 1801 750 3361 831">
     <span class='ocr_line' id='line_1_63' title="bbox 1801 750 3361 831; baseline 0.003 -23"><span class='ocrx_word' id='word_1_492' title='bbox 1801 766 1869 808; x_wconf 86' lang='lat' dir='ltr'><strong>eo</strong></span> <span class='ocrx_word' id='word_1_493' title='bbox 1895 752 1983 806; x_wconf 92' lang='lat' dir='ltr'><strong>cui</strong></span> <span class='ocrx_word' id='word_1_494' title='bbox 2011 752 2244 806; x_wconf 89' lang='lat' dir='ltr'><strong>ceditur.</strong></span> <span class='ocrx_word' id='word_1_495' title='bbox 2281 750 2391 822; x_wconf 85' lang='lat' dir='ltr'><strong>Ego</strong></span> <span class='ocrx_word' id='word_1_496' title='bbox 2421 768 2508 808; x_wconf 92' lang='lat' dir='ltr'><strong>me</strong></span> <span class='ocrx_word' id='word_1_497' title='bbox 2551 754 2730 823; x_wconf 89' lang='lat' dir='ltr'><strong>ipsum</strong></span> <span class='ocrx_word' id='word_1_498' title='bbox 2755 756 2878 810; x_wconf 87' lang='lat' dir='ltr'><strong>novi</strong></span> <span class='ocrx_word' id='word_1_499' title='bbox 2907 755 2985 810; x_wconf 89' lang='lat' dir='ltr'><strong>nil</strong></span> <span class='ocrx_word' id='word_1_500' title='bbox 3015 755 3142 811; x_wconf 86' lang='lat' dir='ltr'><strong>boni</strong></span> <span class='ocrx_word' id='word_1_501' title='bbox 3181 771 3361 831; x_wconf 74' lang='lat' dir='ltr'><strong>agere,</strong></span> 
     </span>
    </p>
   </div>
   <div class='ocr_carea' id='block_1_64' title="bbox 1801 840 3361 915">
    <p class='ocr_par' dir='ltr' id='par_1_64' title="bbox 1801 840 3361 915">
     <span class='ocr_line' id='line_1_64' title="bbox 1801 840 3361 915; baseline 0.004 -18"><span class='ocrx_word' id='word_1_502' title='bbox 1801 843 1896 897; x_wconf 89' lang='lat' dir='ltr'><strong>sed</strong></span> <span class='ocrx_word' id='word_1_503' title='bbox 1929 842 2072 912; x_wconf 90' lang='lat' dir='ltr'><strong>quod</strong></span> <span class='ocrx_word' id='word_1_504' title='bbox 2099 840 2262 912; x_wconf 80' lang='lat' dir='ltr'><strong>hujus</strong></span> <span class='ocrx_word' id='word_1_505' title='bbox 2287 843 2399 896; x_wconf 90' lang='lat' dir='ltr'><strong>vitii</strong></span> <span class='ocrx_word' id='word_1_506' title='bbox 2431 844 2656 899; x_wconf 86' lang='lat' dir='ltr'><strong>omnino</strong></span> <span class='ocrx_word' id='word_1_507' title='bbox 2681 857 2875 914; x_wconf 78' lang='lat' dir='ltr'><strong>expers</strong></span> <span class='ocrx_word' id='word_1_508' title='bbox 2899 845 3002 901; x_wconf 91' lang='lat' dir='ltr'><strong>sim</strong></span> <span class='ocrx_word' id='word_1_509' title='bbox 3041 853 3097 900; x_wconf 84' lang='lat' dir='ltr'><strong>et</strong></span> <span class='ocrx_word' id='word_1_510' title='bbox 3133 861 3361 915; x_wconf 88' lang='lat' dir='ltr'><strong>vacuus,</strong></span> 
     </span>
    </p>
   </div>
   <div class='ocr_carea' id='block_1_65' title="bbox 1801 930 3365 1008">
    <p class='ocr_par' dir='ltr' id='par_1_65' title="bbox 1801 930 3365 1008">
     <span class='ocr_line' id='line_1_65' title="bbox 1801 930 3365 1008; baseline 0.005 -22"><span class='ocrx_word' id='word_1_511' title='bbox 1801 932 1905 986; x_wconf 87' lang='lat' dir='ltr'><strong>hoc</strong></span> <span class='ocrx_word' id='word_1_512' title='bbox 1951 932 2136 1002; x_wconf 91' lang='lat' dir='ltr'><strong>utique</strong></span> <span class='ocrx_word' id='word_1_513' title='bbox 2173 931 2324 986; x_wconf 85' lang='lat' dir='ltr'><strong>novi.</strong></span> <span class='ocrx_word' id='word_1_514' title='bbox 2362 930 2548 1005; x_wconf 84' lang='lat' dir='ltr'><strong>Neque</strong></span> <span class='ocrx_word' id='word_1_515' title='bbox 2594 935 2741 991; x_wconf 90' lang='lat' dir='ltr'><strong>enim</strong></span> <span class='ocrx_word' id='word_1_516' title='bbox 2796 950 2885 992; x_wconf 89' lang='lat' dir='ltr'><strong>me</strong></span> <span class='ocrx_word' id='word_1_517' title='bbox 2912 937 3202 1008; x_wconf 84' lang='lat' dir='ltr'><strong>aliquando</strong></span> <span class='ocrx_word' id='word_1_518' title='bbox 3258 937 3365 994; x_wconf 84' lang='lat' dir='ltr'><strong>fra-</strong></span> 
     </span>
    </p>
   </div>
   <div class='ocr_carea' id='block_1_66' title="bbox 1800 1025 3480 1102">
    <p class='ocr_par' dir='ltr' id='par_1_66' title="bbox 1800 1025 3480 1102">
     <span class='ocr_line' id='line_1_66' title="bbox 1800 1025 3480 1102; baseline 0.005 -24"><span class='ocrx_word' id='word_1_519' title='bbox 1800 1037 1943 1078; x_wconf 91' lang='lat' dir='ltr'><strong>trum</strong></span> <span class='ocrx_word' id='word_1_520' title='bbox 1973 1025 2224 1094; x_wconf 85' lang='lat' dir='ltr'><strong>cuiquam</strong></span> <span class='ocrx_word' id='word_1_521' title='bbox 2254 1026 2558 1094; x_wconf 85' lang='lat' dir='ltr'><strong>anteposui,</strong></span> <span class='ocrx_word' id='word_1_522' title='bbox 2587 1027 2682 1084; x_wconf 86' lang='lat' dir='ltr'><strong>sed</strong></span> <span class='ocrx_word' id='word_1_523' title='bbox 2720 1027 2967 1098; x_wconf 88' lang='lat' dir='ltr'><strong>quemvis</strong></span> <span class='ocrx_word' id='word_1_524' title='bbox 2988 1030 3118 1102; x_wconf 80' lang='lat' dir='ltr'><strong>mihi</strong></span> <span class='ocrx_word' id='word_1_525' title='bbox 3149 1043 3364 1100; x_wconf 81' lang='lat' dir='ltr'><strong>semper</strong></span> <span class='ocrx_word' id='word_1_526' title='bbox 3465 1054 3480 1074; x_wconf 59' lang='grc' dir='ltr'><strong><em>η</em></strong></span> 
     </span>
    </p>
   </div>
   <div class='ocr_carea' id='block_1_67' title="bbox 1795 1109 2566 1181">
    <p class='ocr_par' dir='ltr' id='par_1_67' title="bbox 1795 1109 2566 1181">
     <span class='ocr_line' id='line_1_67' title="bbox 1795 1109 2566 1181; baseline 0.006 -17"><span class='ocrx_word' id='word_1_527' title='bbox 1795 1109 2034 1180; x_wconf 81' lang='lat' dir='ltr'><strong>judicavi</strong></span> <span class='ocrx_word' id='word_1_528' title='bbox 2072 1120 2329 1181; x_wconf 65' lang='lat' dir='ltr'><strong>prastare</strong></span> <span class='ocrx_word' id='word_1_529' title='bbox 2350 1111 2566 1169; x_wconf 82' lang='lat' dir='ltr'><strong>debere.</strong></span> 
     </span>
    </p>
   </div>
   <div class='ocr_carea' id='block_1_68' title="bbox 1869 1289 3361 1366">
    <p class='ocr_par' dir='ltr' id='par_1_68' title="bbox 1869 1289 3361 1366">
     <span class='ocr_line' id='line_1_68' title="bbox 1869 1289 3361 1366; baseline 0.007 -22"><span class='ocrx_word' id='word_1_530' title='bbox 1869 1289 2106 1346; x_wconf 79' lang='lat' dir='ltr'><strong>lX.Cum</strong></span> <span class='ocrx_word' id='word_1_531' title='bbox 2131 1307 2306 1348; x_wconf 87' lang='lat' dir='ltr'><strong>essem</strong></span> <span class='ocrx_word' id='word_1_532' title='bbox 2325 1294 2616 1364; x_wconf 80' lang='lat' dir='ltr'><strong>aliquando</strong></span> <span class='ocrx_word' id='word_1_533' title='bbox 2645 1295 2785 1366; x_wconf 89' lang='lat' dir='ltr'><strong>apud</strong></span> <span class='ocrx_word' id='word_1_534' title='bbox 2819 1297 3064 1354; x_wconf 84' lang='lat' dir='ltr'><strong>abbatem</strong></span> <span class='ocrx_word' id='word_1_535' title='bbox 3092 1297 3361 1366; x_wconf 89' lang='lat' dir='ltr'><strong>Seridum,</strong></span> 
     </span>
    </p>
   </div>
   <div class='ocr_carea' id='block_1_69' title="bbox 1799 1384 3366 1462">
    <p class='ocr_par' dir='ltr' id='par_1_69' title="bbox 1799 1384 3366 1462">
     <span class='ocr_line' id='line_1_69' title="bbox 1799 1384 3366 1462; baseline 0.006 -26"><span class='ocrx_word' id='word_1_536' title='bbox 1799 1391 2059 1454; x_wconf 70' lang='lat' dir='ltr'><strong>aegrotare</strong></span> <span class='ocrx_word' id='word_1_537' title='bbox 2084 1384 2307 1454; x_wconf 80' lang='lat' dir='ltr'><strong>contigit</strong></span> <span class='ocrx_word' id='word_1_538' title='bbox 2337 1387 2644 1442; x_wconf 90' lang='lat' dir='ltr'><strong>ministrum</strong></span> <span class='ocrx_word' id='word_1_539' title='bbox 2672 1387 2885 1443; x_wconf 86' lang='lat' dir='ltr'><strong>abbatis</strong></span> <span class='ocrx_word' id='word_1_540' title='bbox 2919 1388 3146 1448; x_wconf 78' lang='lat' dir='ltr'><strong>Joannis</strong></span> <span class='ocrx_word' id='word_1_541' title='bbox 3187 1409 3202 1446; x_wconf 90' lang='lat'><strong>:</strong></span> <span class='ocrx_word' id='word_1_542' title='bbox 3227 1406 3366 1462; x_wconf 89' lang='lat' dir='ltr'><strong>qua-</strong></span> 
     </span>
    </p>
   </div>
   <div class='ocr_carea' id='block_1_70' title="bbox 1800 1474 3368 1550">
    <p class='ocr_par' dir='ltr' id='par_1_70' title="bbox 1800 1474 3368 1550">
     <span class='ocr_line' id='line_1_70' title="bbox 1800 1474 3368 1550; baseline 0.004 -22"><span class='ocrx_word' id='word_1_543' title='bbox 1800 1489 1860 1528; x_wconf 88' lang='lat' dir='ltr'><strong>re</strong></span> <span class='ocrx_word' id='word_1_544' title='bbox 1898 1474 2030 1528; x_wconf 87' lang='lat' dir='ltr'><strong>mihi</strong></span> <span class='ocrx_word' id='word_1_545' title='bbox 2060 1476 2344 1544; x_wconf 83' lang='lat' dir='ltr'><strong>imperavit</strong></span> <span class='ocrx_word' id='word_1_546' title='bbox 2371 1476 2536 1533; x_wconf 85' lang='lat' dir='ltr'><strong>abbas</strong></span> <span class='ocrx_word' id='word_1_547' title='bbox 2567 1478 2766 1534; x_wconf 82' lang='lat' dir='ltr'><strong>seniori</strong></span> <span class='ocrx_word' id='word_1_548' title='bbox 2792 1488 2850 1534; x_wconf 95' lang='lat' dir='ltr'><strong>ut</strong></span> <span class='ocrx_word' id='word_1_549' title='bbox 2875 1480 3219 1536; x_wconf 80' lang='lat' dir='ltr'><strong>deservirem.</strong></span> <span class='ocrx_word' id='word_1_550' title='bbox 3256 1481 3368 1550; x_wconf 83' lang='lat' dir='ltr'><strong>Ego</strong></span> 
     </span>
    </p>
   </div>
   <div class='ocr_carea' id='block_1_71' title="bbox 1800 1567 3366 1642">
    <p class='ocr_par' dir='ltr' id='par_1_71' title="bbox 1800 1567 3366 1642">
     <span class='ocr_line' id='line_1_71' title="bbox 1800 1567 3366 1642; baseline 0.004 -22"><span class='ocrx_word' id='word_1_551' title='bbox 1800 1581 1930 1622; x_wconf 89' lang='lat' dir='ltr'><strong>vero</strong></span> <span class='ocrx_word' id='word_1_552' title='bbox 1953 1568 2106 1623; x_wconf 90' lang='lat' dir='ltr'><strong>oneri</strong></span> <span class='ocrx_word' id='word_1_553' title='bbox 2137 1567 2382 1632; x_wconf 90' lang='lat' dir='ltr'><strong>subiens,</strong></span> <span class='ocrx_word' id='word_1_554' title='bbox 2414 1570 2491 1624; x_wconf 89' lang='lat' dir='ltr'><strong>sic</strong></span> <span class='ocrx_word' id='word_1_555' title='bbox 2518 1570 2724 1626; x_wconf 72' lang='lat' dir='ltr'><strong>cellulae</strong></span> <span class='ocrx_word' id='word_1_556' title='bbox 2762 1572 2935 1642; x_wconf 87' lang='lat' dir='ltr'><strong>ipsius</strong></span> <span class='ocrx_word' id='word_1_557' title='bbox 2955 1573 3151 1628; x_wconf 89' lang='lat' dir='ltr'><strong>ostium</strong></span> <span class='ocrx_word' id='word_1_558' title='bbox 3179 1575 3366 1630; x_wconf 88' lang='lat' dir='ltr'><strong>obser-</strong></span> 
     </span>
    </p>
   </div>
   <div class='ocr_carea' id='block_1_72' title="bbox 1799 1659 3370 1735">
    <p class='ocr_par' dir='ltr' id='par_1_72' title="bbox 1799 1659 3370 1735">
     <span class='ocr_line' id='line_1_72' title="bbox 1799 1659 3370 1735; baseline 0.004 -22"><span class='ocrx_word' id='word_1_559' title='bbox 1799 1659 2012 1722; x_wconf 81' lang='lat' dir='ltr'><strong>vabam,</strong></span> <span class='ocrx_word' id='word_1_560' title='bbox 2056 1668 2114 1714; x_wconf 91' lang='lat' dir='ltr'><strong>ut</strong></span> <span class='ocrx_word' id='word_1_561' title='bbox 2164 1659 2256 1730; x_wconf 77' lang='lat' dir='ltr'><strong>qui</strong></span> <span class='ocrx_word' id='word_1_562' title='bbox 2296 1662 2586 1731; x_wconf 84' lang='lat' dir='ltr'><strong>pretiosam</strong></span> <span class='ocrx_word' id='word_1_563' title='bbox 2625 1677 2839 1718; x_wconf 88' lang='lat' dir='ltr'><strong>crucem</strong></span> <span class='ocrx_word' id='word_1_564' title='bbox 2886 1664 3116 1720; x_wconf 90' lang='lat' dir='ltr'><strong>adorat:</strong></span> <span class='ocrx_word' id='word_1_565' title='bbox 3164 1676 3370 1735; x_wconf 87' lang='lat' dir='ltr'><strong>quanto</strong></span> 
     </span>
    </p>
   </div>
   <div class='ocr_carea' id='block_1_73' title="bbox 1801 1750 3368 1821">
    <p class='ocr_par' dir='ltr' id='par_1_73' title="bbox 1801 1750 3368 1821">
     <span class='ocr_line' id='line_1_73' title="bbox 1801 1750 3368 1821; baseline 0.005 -17"><span class='ocrx_word' id='word_1_566' title='bbox 1801 1750 1965 1820; x_wconf 82' lang='lat' dir='ltr'><strong>igitur</strong></span> <span class='ocrx_word' id='word_1_567' title='bbox 1989 1751 2162 1820; x_wconf 82' lang='lat' dir='ltr'><strong>magis</strong></span> <span class='ocrx_word' id='word_1_568' title='bbox 2196 1765 2319 1806; x_wconf 92' lang='lat' dir='ltr'><strong>cum</strong></span> <span class='ocrx_word' id='word_1_569' title='bbox 2352 1751 2430 1806; x_wconf 87' lang='lat' dir='ltr'><strong>illi</strong></span> <span class='ocrx_word' id='word_1_570' title='bbox 2458 1753 2867 1808; x_wconf 84' lang='lat' dir='ltr'><strong>ininistrarem?</strong></span> <span class='ocrx_word' id='word_1_571' title='bbox 2898 1755 3032 1821; x_wconf 87' lang='lat' dir='ltr'><strong>Quis</strong></span> <span class='ocrx_word' id='word_1_572' title='bbox 3069 1756 3215 1811; x_wconf 90' lang='lat' dir='ltr'><strong>enim</strong></span> <span class='ocrx_word' id='word_1_573' title='bbox 3257 1770 3368 1812; x_wconf 89' lang='lat' dir='ltr'><strong>non</strong></span> 
     </span>
    </p>
   </div>
   <div class='ocr_carea' id='block_1_74' title="bbox 1800 1846 3367 1914">
    <p class='ocr_par' dir='ltr' id='par_1_74' title="bbox 1800 1846 3367 1914">
     <span class='ocr_line' id='line_1_74' title="bbox 1800 1846 3367 1914; baseline 0.004 -15"><span class='ocrx_word' id='word_1_574' title='bbox 1800 1853 2007 1914; x_wconf 86' lang='lat' dir='ltr'><strong>optaret</strong></span> <span class='ocrx_word' id='word_1_575' title='bbox 2037 1855 2144 1899; x_wconf 89' lang='lat' dir='ltr'><strong>tam</strong></span> <span class='ocrx_word' id='word_1_576' title='bbox 2175 1855 2364 1901; x_wconf 90' lang='lat' dir='ltr'><strong>sancto</strong></span> <span class='ocrx_word' id='word_1_577' title='bbox 2411 1846 2621 1900; x_wconf 89' lang='lat' dir='ltr'><strong>homini</strong></span> <span class='ocrx_word' id='word_1_578' title='bbox 2663 1847 2974 1905; x_wconf 84' lang='lat' dir='ltr'><strong>deservire?</strong></span> <span class='ocrx_word' id='word_1_579' title='bbox 2999 1852 3129 1905; x_wconf 89' lang='lat' dir='ltr'><strong>Erat</strong></span> <span class='ocrx_word' id='word_1_580' title='bbox 3183 1861 3367 1906; x_wconf 88' lang='lat' dir='ltr'><strong>autem</strong></span> 
     </span>
    </p>
   </div>
   <div class='ocr_carea' id='block_1_75' title="bbox 1801 1937 3370 2015">
    <p class='ocr_par' dir='ltr' id='par_1_75' title="bbox 1801 1937 3370 2015">
     <span class='ocr_line' id='line_1_75' title="bbox 1801 1937 3370 2015; baseline 0.004 -22"><span class='ocrx_word' id='word_1_581' title='bbox 1801 1937 1954 1993; x_wconf 88' lang='lat' dir='ltr'><strong>suavi</strong></span> <span class='ocrx_word' id='word_1_582' title='bbox 1975 1948 2030 1992; x_wconf 86' lang='lat' dir='ltr'><strong>et</strong></span> <span class='ocrx_word' id='word_1_583' title='bbox 2053 1937 2372 1994; x_wconf 89' lang='lat' dir='ltr'><strong>admirando</strong></span> <span class='ocrx_word' id='word_1_584' title='bbox 2393 1939 2630 2010; x_wconf 91' lang='lat' dir='ltr'><strong>eloquio.</strong></span> <span class='ocrx_word' id='word_1_585' title='bbox 2651 1939 2829 2007; x_wconf 86' lang='lat' dir='ltr'><strong>Quare</strong></span> <span class='ocrx_word' id='word_1_586' title='bbox 2855 1956 2957 2012; x_wconf 89' lang='lat' dir='ltr'><strong>ego</strong></span> <span class='ocrx_word' id='word_1_587' title='bbox 2977 1942 3218 2012; x_wconf 84' lang='lat' dir='ltr'><strong>quotidie</strong></span> <span class='ocrx_word' id='word_1_588' title='bbox 3246 1952 3370 2015; x_wconf 89' lang='lat' dir='ltr'><strong>post</strong></span> 
     </span>
    </p>
   </div>
   <div class='ocr_carea' id='block_1_76' title="bbox 1735 2022 3364 2105">
    <p class='ocr_par' dir='ltr' id='par_1_76' title="bbox 1735 2022 3364 2105">
     <span class='ocr_line' id='line_1_76' title="bbox 1735 2022 3364 2105; baseline 0.008 -24"><span class='ocrx_word' id='word_1_589' title='bbox 1735 2022 1778 2081; x_wconf 83' lang='grc' dir='ltr'><strong>Β</strong></span> <span class='ocrx_word' id='word_1_590' title='bbox 1804 2030 2071 2099; x_wconf 88' lang='lat' dir='ltr'><strong>expletum</strong></span> <span class='ocrx_word' id='word_1_591' title='bbox 2119 2031 2477 2086; x_wconf 88' lang='lat' dir='ltr'><strong>ministerium</strong></span> <span class='ocrx_word' id='word_1_592' title='bbox 2528 2033 2786 2089; x_wconf 88' lang='lat' dir='ltr'><strong>inclinato</strong></span> <span class='ocrx_word' id='word_1_593' title='bbox 2831 2049 3062 2105; x_wconf 89' lang='lat' dir='ltr'><strong>corpore</strong></span> <span class='ocrx_word' id='word_1_594' title='bbox 3086 2035 3164 2091; x_wconf 90' lang='lat' dir='ltr'><strong>illi</strong></span> <span class='ocrx_word' id='word_1_595' title='bbox 3209 2052 3364 2094; x_wconf 86' lang='lat' dir='ltr'><strong>reve-</strong></span> 
     </span>
    </p>
   </div>
   <div class='ocr_carea' id='block_1_77' title="bbox 1803 2122 3370 2198">
    <p class='ocr_par' dir='ltr' id='par_1_77' title="bbox 1803 2122 3370 2198">
     <span class='ocr_line' id='line_1_77' title="bbox 1803 2122 3370 2198; baseline 0.006 -23"><span class='ocrx_word' id='word_1_596' title='bbox 1803 2122 2031 2175; x_wconf 87' lang='lat' dir='ltr'><strong>rentiam</strong></span> <span class='ocrx_word' id='word_1_597' title='bbox 2052 2122 2395 2185; x_wconf 85' lang='lat' dir='ltr'><strong>exliibebam.</strong></span> <span class='ocrx_word' id='word_1_598' title='bbox 2421 2133 2482 2178; x_wconf 86' lang='lat' dir='ltr'><strong>ut</strong></span> <span class='ocrx_word' id='word_1_599' title='bbox 2511 2123 2636 2179; x_wconf 90' lang='lat' dir='ltr'><strong>data</strong></span> <span class='ocrx_word' id='word_1_600' title='bbox 2675 2125 2830 2181; x_wconf 90' lang='lat' dir='ltr'><strong>venia</strong></span> <span class='ocrx_word' id='word_1_601' title='bbox 2860 2139 2914 2182; x_wconf 89' lang='lat' dir='ltr'><strong>et</strong></span> <span class='ocrx_word' id='word_1_602' title='bbox 2933 2136 3150 2198; x_wconf 88' lang='lat' dir='ltr'><strong>accepta</strong></span> <span class='ocrx_word' id='word_1_603' title='bbox 3202 2130 3370 2186; x_wconf 85' lang='lat' dir='ltr'><strong>bene-</strong></span> 
     </span>
    </p>
   </div>
   <div class='ocr_carea' id='block_1_78' title="bbox 1801 2213 3370 2292">
    <p class='ocr_par' dir='ltr' id='par_1_78' title="bbox 1801 2213 3370 2292">
     <span class='ocr_line' id='line_1_78' title="bbox 1801 2213 3370 2292; baseline 0.006 -25"><span class='ocrx_word' id='word_1_604' title='bbox 1801 2213 2040 2267; x_wconf 87' lang='lat' dir='ltr'><strong>dictione</strong></span> <span class='ocrx_word' id='word_1_605' title='bbox 2083 2213 2436 2269; x_wconf 89' lang='lat' dir='ltr'><strong>discederem.</strong></span> <span class='ocrx_word' id='word_1_606' title='bbox 2481 2215 2548 2270; x_wconf 86' lang='lat' dir='ltr'><strong>Et</strong></span> <span class='ocrx_word' id='word_1_607' title='bbox 2590 2231 2805 2287; x_wconf 84' lang='lat' dir='ltr'><strong>semper</strong></span> <span class='ocrx_word' id='word_1_608' title='bbox 2853 2218 2945 2274; x_wconf 89' lang='lat' dir='ltr'><strong>ille</strong></span> <span class='ocrx_word' id='word_1_609' title='bbox 2985 2219 3118 2274; x_wconf 89' lang='lat' dir='ltr'><strong>mihi</strong></span> <span class='ocrx_word' id='word_1_610' title='bbox 3162 2219 3370 2292; x_wconf 89' lang='lat' dir='ltr'><strong>aliquid</strong></span> 
     </span>
    </p>
   </div>
   <div class='ocr_carea' id='block_1_79' title="bbox 1802 2306 3373 2381">
    <p class='ocr_par' dir='ltr' id='par_1_79' title="bbox 1802 2306 3373 2381">
     <span class='ocr_line' id='line_1_79' title="bbox 1802 2306 3373 2381; baseline 0.006 -22"><span class='ocrx_word' id='word_1_611' title='bbox 1802 2306 1946 2375; x_wconf 91' lang='lat' dir='ltr'><strong>quod</strong></span> <span class='ocrx_word' id='word_1_612' title='bbox 2002 2308 2292 2361; x_wconf 86' lang='lat' dir='ltr'><strong>instrueret</strong></span> <span class='ocrx_word' id='word_1_613' title='bbox 2343 2306 2759 2378; x_wconf 66' lang='lat' dir='ltr'><strong>aedificaretque,</strong></span> <span class='ocrx_word' id='word_1_614' title='bbox 2800 2310 3138 2381; x_wconf 85' lang='lat' dir='ltr'><strong>loquebatur.</strong></span> <span class='ocrx_word' id='word_1_615' title='bbox 3173 2311 3373 2370; x_wconf 81' lang='lat' dir='ltr'><strong>Habuit</strong></span> 
     </span>
    </p>
   </div>
   <div class='ocr_carea' id='block_1_80' title="bbox 1803 2401 3371 2478">
    <p class='ocr_par' dir='ltr' id='par_1_80' title="bbox 1803 2401 3371 2478">
     <span class='ocr_line' id='line_1_80' title="bbox 1803 2401 3371 2478; baseline 0.009 -27"><span class='ocrx_word' id='word_1_616' title='bbox 1803 2405 1982 2452; x_wconf 83' lang='lat' dir='ltr'><strong>autem</strong></span> <span class='ocrx_word' id='word_1_617' title='bbox 2007 2412 2170 2453; x_wconf 82' lang='lat' dir='ltr'><strong>senex</strong></span> <span class='ocrx_word' id='word_1_618' title='bbox 2201 2407 2434 2468; x_wconf 89' lang='lat' dir='ltr'><strong>quatuor</strong></span> <span class='ocrx_word' id='word_1_619' title='bbox 2455 2401 2614 2456; x_wconf 84' lang='lat' dir='ltr'><strong>verba</strong></span> <span class='ocrx_word' id='word_1_620' title='bbox 2639 2401 2694 2455; x_wconf 91' lang='lat' dir='ltr'><strong>in</strong></span> <span class='ocrx_word' id='word_1_621' title='bbox 2719 2417 2813 2457; x_wconf 86' lang='lat' dir='ltr'><strong>ore</strong></span> <span class='ocrx_word' id='word_1_622' title='bbox 2838 2413 3119 2470; x_wconf 88' lang='lat' dir='ltr'><strong>consueta,</strong></span> <span class='ocrx_word' id='word_1_623' title='bbox 3137 2423 3371 2478; x_wconf 90' lang='lat' dir='ltr'><strong>quorum</strong></span> 
     </span>
    </p>
   </div>
   <div class='ocr_carea' id='block_1_81' title="bbox 1804 2492 3374 2569">
    <p class='ocr_par' dir='ltr' id='par_1_81' title="bbox 1804 2492 3374 2569">
     <span class='ocr_line' id='line_1_81' title="bbox 1804 2492 3374 2569; baseline 0.01 -26"><span class='ocrx_word' id='word_1_624' title='bbox 1804 2505 1972 2544; x_wconf 90' lang='lat' dir='ltr'><strong>unum</strong></span> <span class='ocrx_word' id='word_1_625' title='bbox 2002 2504 2288 2546; x_wconf 88' lang='lat' dir='ltr'><strong>recessuro</strong></span> <span class='ocrx_word' id='word_1_626' title='bbox 2326 2492 2458 2546; x_wconf 92' lang='lat' dir='ltr'><strong>mihi</strong></span> <span class='ocrx_word' id='word_1_627' title='bbox 2487 2493 2553 2547; x_wconf 88' lang='lat' dir='ltr'><strong>ad</strong></span> <span class='ocrx_word' id='word_1_628' title='bbox 2595 2509 2878 2564; x_wconf 80' lang='lat' dir='ltr'><strong>vesperam</strong></span> <span class='ocrx_word' id='word_1_629' title='bbox 2901 2511 3117 2569; x_wconf 87' lang='lat' dir='ltr'><strong>semper</strong></span> <span class='ocrx_word' id='word_1_630' title='bbox 3135 2515 3374 2558; x_wconf 87' lang='lat' dir='ltr'><strong>comme-</strong></span> 
     </span>
    </p>
   </div>
   <div class='ocr_carea' id='block_1_82' title="bbox 1807 2581 3374 2647">
    <p class='ocr_par' dir='ltr' id='par_1_82' title="bbox 1807 2581 3374 2647">
     <span class='ocr_line' id='line_1_82' title="bbox 1807 2581 3374 2647; baseline 0.009 -13"><span class='ocrx_word' id='word_1_631' title='bbox 1807 2584 2071 2636; x_wconf 88' lang='lat' dir='ltr'><strong>morabat.</strong></span> <span class='ocrx_word' id='word_1_632' title='bbox 2101 2581 2216 2638; x_wconf 84' lang='lat' dir='ltr'><strong>Mos</strong></span> <span class='ocrx_word' id='word_1_633' title='bbox 2247 2592 2428 2638; x_wconf 89' lang='lat' dir='ltr'><strong>autem</strong></span> <span class='ocrx_word' id='word_1_634' title='bbox 2464 2586 2664 2639; x_wconf 86' lang='lat' dir='ltr'><strong>seniori</strong></span> <span class='ocrx_word' id='word_1_635' title='bbox 2701 2595 2817 2640; x_wconf 89' lang='lat' dir='ltr'><strong>erat</strong></span> <span class='ocrx_word' id='word_1_636' title='bbox 2841 2595 2968 2644; x_wconf 88' lang='lat' dir='ltr'><strong>ante</strong></span> <span class='ocrx_word' id='word_1_637' title='bbox 3003 2605 3218 2646; x_wconf 91' lang='lat' dir='ltr'><strong>omnem</strong></span> <span class='ocrx_word' id='word_1_638' title='bbox 3246 2607 3374 2647; x_wconf 87' lang='lat' dir='ltr'><strong>nar-</strong></span> 
     </span>
    </p>
   </div>
   <div class='ocr_carea' id='block_1_83' title="bbox 1807 2674 3373 2749">
    <p class='ocr_par' dir='ltr' id='par_1_83' title="bbox 1807 2674 3373 2749">
     <span class='ocr_line' id='line_1_83' title="bbox 1807 2674 3373 2749; baseline 0.007 -22"><span class='ocrx_word' id='word_1_639' title='bbox 1807 2674 2070 2728; x_wconf 84' lang='lat' dir='ltr'><strong>rationem</strong></span> <span class='ocrx_word' id='word_1_640' title='bbox 2107 2688 2261 2728; x_wconf 88' lang='lat' dir='ltr'><strong>suam</strong></span> <span class='ocrx_word' id='word_1_641' title='bbox 2287 2674 2391 2728; x_wconf 87' lang='lat' dir='ltr'><strong>hoe</strong></span> <span class='ocrx_word' id='word_1_642' title='bbox 2411 2689 2760 2746; x_wconf 77' lang='lat' dir='ltr'><strong>praeponere:</strong></span> <span class='ocrx_word' id='word_1_643' title='bbox 2795 2695 2813 2728; x_wconf 82' lang='grc' dir='ltr'><strong>ι</strong></span> <span class='ocrx_word' id='word_1_644' title='bbox 2838 2675 3152 2745; x_wconf 88' lang='lat' dir='ltr'><strong>Conservet,</strong></span> <span class='ocrx_word' id='word_1_645' title='bbox 3188 2682 3373 2749; x_wconf 86' lang='lat' dir='ltr'><strong>frater.</strong></span> 
     </span>
    </p>
   </div>
   <div class='ocr_carea' id='block_1_84' title="bbox 1810 2765 3378 2844">
    <p class='ocr_par' dir='ltr' id='par_1_84' title="bbox 1810 2765 3378 2844">
     <span class='ocr_line' id='line_1_84' title="bbox 1810 2765 3378 2844; baseline 0.006 -24"><span class='ocrx_word' id='word_1_646' title='bbox 1810 2765 1952 2822; x_wconf 90' lang='lat' dir='ltr'><strong>Deus</strong></span> <span class='ocrx_word' id='word_1_647' title='bbox 1970 2767 2289 2821; x_wconf 88' lang='lat' dir='ltr'><strong>charitatem</strong></span> <span class='ocrx_word' id='word_1_648' title='bbox 2307 2778 2572 2821; x_wconf 90' lang='lat' dir='ltr'><strong>mutuam.</strong></span> <span class='ocrx_word' id='word_1_649' title='bbox 2614 2786 2632 2817; x_wconf 77' lang='grc' dir='ltr'><strong>ι</strong></span> <span class='ocrx_word' id='word_1_650' title='bbox 2668 2765 2825 2834; x_wconf 85' lang='lat' dir='ltr'><strong>Quod</strong></span> <span class='ocrx_word' id='word_1_651' title='bbox 2856 2785 2980 2824; x_wconf 92' lang='lat' dir='ltr'><strong>cum</strong></span> <span class='ocrx_word' id='word_1_652' title='bbox 3013 2771 3117 2827; x_wconf 90' lang='lat' dir='ltr'><strong>hoc</strong></span> <span class='ocrx_word' id='word_1_653' title='bbox 3157 2772 3378 2844; x_wconf 74' lang='lat' dir='ltr'><strong>duoque</strong></span> 
     </span>
    </p>
   </div>
   <div class='ocr_carea' id='block_1_85' title="bbox 1807 2860 3378 2930">
    <p class='ocr_par' dir='ltr' id='par_1_85' title="bbox 1807 2860 3378 2930">
     <span class='ocr_line' id='line_1_85' title="bbox 1807 2860 3378 2930; baseline 0.004 -16"><span class='ocrx_word' id='word_1_654' title='bbox 1807 2872 2047 2930; x_wconf 89' lang='lat' dir='ltr'><strong>tempore</strong></span> <span class='ocrx_word' id='word_1_655' title='bbox 2069 2860 2202 2914; x_wconf 88' lang='lat' dir='ltr'><strong>mihi</strong></span> <span class='ocrx_word' id='word_1_656' title='bbox 2231 2860 2479 2926; x_wconf 77' lang='lat' dir='ltr'><strong>dixisset,</strong></span> <span class='ocrx_word' id='word_1_657' title='bbox 2515 2860 2756 2915; x_wconf 84' lang='lat' dir='ltr'><strong>arbitrati</strong></span> <span class='ocrx_word' id='word_1_658' title='bbox 2809 2871 2937 2917; x_wconf 74' lang='lat' dir='ltr'><strong>sunt</strong></span> <span class='ocrx_word' id='word_1_659' title='bbox 2969 2860 3156 2919; x_wconf 81' lang='lat' dir='ltr'><strong>Patres</strong></span> <span class='ocrx_word' id='word_1_660' title='bbox 3197 2874 3378 2920; x_wconf 86' lang='lat' dir='ltr'><strong>custo-</strong></span> 
     </span>
    </p>
   </div>
   <div class='ocr_carea' id='block_1_86' title="bbox 1805 2951 3374 3026">
    <p class='ocr_par' dir='ltr' id='par_1_86' title="bbox 1805 2951 3374 3026">
     <span class='ocr_line' id='line_1_86' title="bbox 1805 2951 3374 3026; baseline 0.004 -20"><span class='ocrx_word' id='word_1_661' title='bbox 1805 2951 1950 3006; x_wconf 90' lang='lat' dir='ltr'><strong>diam</strong></span> <span class='ocrx_word' id='word_1_662' title='bbox 1986 2952 2215 3021; x_wconf 71' lang='lat' dir='ltr'><strong>pr0priae</strong></span> <span class='ocrx_word' id='word_1_663' title='bbox 2261 2951 2611 3007; x_wconf 67' lang='lat' dir='ltr'><strong>conscientiae</strong></span> <span class='ocrx_word' id='word_1_664' title='bbox 2647 2967 2775 3023; x_wconf 87' lang='lat' dir='ltr'><strong>erga</strong></span> <span class='ocrx_word' id='word_1_665' title='bbox 2821 2955 3130 3023; x_wconf 64' lang='lat' dir='ltr'><strong>proximum</strong></span> <span class='ocrx_word' id='word_1_666' title='bbox 3175 2971 3374 3026; x_wconf 90' lang='lat' dir='ltr'><strong>parare</strong></span> 
     </span>
    </p>
   </div>
   <div class='ocr_carea' id='block_1_87' title="bbox 1809 3040 3373 3116">
    <p class='ocr_par' dir='ltr' id='par_1_87' title="bbox 1809 3040 3373 3116">
     <span class='ocr_line' id='line_1_87' title="bbox 1809 3040 3373 3116; baseline 0.006 -23"><span class='ocrx_word' id='word_1_667' title='bbox 1809 3041 2191 3096; x_wconf 87' lang='lat' dir='ltr'><strong>humilitatem.</strong></span> <span class='ocrx_word' id='word_1_668' title='bbox 2219 3040 2276 3096; x_wconf 86' lang='lat' dir='ltr'><strong>In</strong></span> <span class='ocrx_word' id='word_1_669' title='bbox 2309 3043 2544 3098; x_wconf 89' lang='lat' dir='ltr'><strong>secunda</strong></span> <span class='ocrx_word' id='word_1_670' title='bbox 2568 3059 2784 3114; x_wconf 91' lang='lat' dir='ltr'><strong>quoque</strong></span> <span class='ocrx_word' id='word_1_671' title='bbox 2805 3060 3028 3116; x_wconf 88' lang='lat' dir='ltr'><strong>vespera</strong></span> <span class='ocrx_word' id='word_1_672' title='bbox 3044 3046 3178 3101; x_wconf 73' lang='lat' dir='ltr'><strong>dixﬂ</strong></span> <span class='ocrx_word' id='word_1_673' title='bbox 3206 3049 3336 3102; x_wconf 91' lang='lat' dir='ltr'><strong>mihi</strong></span> <span class='ocrx_word' id='word_1_674' title='bbox 3359 3065 3373 3104; x_wconf 91' lang='lat'><strong>:</strong></span> 
     </span>
    </p>
   </div>
   <div class='ocr_carea' id='block_1_88' title="bbox 1816 3134 3376 3201">
    <p class='ocr_par' dir='ltr' id='par_1_88' title="bbox 1816 3134 3376 3201">
     <span class='ocr_line' id='line_1_88' title="bbox 1816 3134 3376 3201; baseline 0.006 -17"><span class='ocrx_word' id='word_1_675' title='bbox 1816 3155 1833 3184; x_wconf 78' lang='grc' dir='ltr'><strong>ι</strong></span> <span class='ocrx_word' id='word_1_676' title='bbox 1865 3135 2181 3199; x_wconf 82' lang='lat' dir='ltr'><strong>Conservet,</strong></span> <span class='ocrx_word' id='word_1_677' title='bbox 2214 3134 2398 3201; x_wconf 78' lang='lat' dir='ltr'><strong>frater,</strong></span> <span class='ocrx_word' id='word_1_678' title='bbox 2425 3134 2567 3190; x_wconf 87' lang='lat' dir='ltr'><strong>Deus</strong></span> <span class='ocrx_word' id='word_1_679' title='bbox 2591 3145 2834 3191; x_wconf 91' lang='lat' dir='ltr'><strong>mutuam</strong></span> <span class='ocrx_word' id='word_1_680' title='bbox 2868 3138 3242 3194; x_wconf 72' lang='lat' dir='ltr'><strong>ebaritatenm</strong></span> <span class='ocrx_word' id='word_1_681' title='bbox 3271 3141 3376 3194; x_wconf 87' lang='lat' dir='ltr'><strong>Ar-</strong></span> 
     </span>
    </p>
   </div>
   <div class='ocr_carea' id='block_1_89' title="bbox 1808 3225 3378 3299">
    <p class='ocr_par' dir='ltr' id='par_1_89' title="bbox 1808 3225 3378 3299">
     <span class='ocr_line' id='line_1_89' title="bbox 1808 3225 3378 3299; baseline 0.005 -20"><span class='ocrx_word' id='word_1_682' title='bbox 1808 3225 1991 3280; x_wconf 88' lang='lat' dir='ltr'><strong>bitrati</strong></span> <span class='ocrx_word' id='word_1_683' title='bbox 2030 3233 2157 3280; x_wconf 89' lang='lat' dir='ltr'><strong>sunt</strong></span> <span class='ocrx_word' id='word_1_684' title='bbox 2187 3226 2376 3282; x_wconf 85' lang='lat' dir='ltr'><strong>Patres</strong></span> <span class='ocrx_word' id='word_1_685' title='bbox 2409 3228 2766 3298; x_wconf 32' lang='lat' dir='ltr'><strong>voluntatem,</strong></span> <span class='ocrx_word' id='word_1_686' title='bbox 2788 3230 3062 3299; x_wconf 88' lang='lat' dir='ltr'><strong>propriam</strong></span> <span class='ocrx_word' id='word_1_687' title='bbox 3122 3229 3378 3288; x_wconf 69' lang='lat' dir='ltr'><strong>fraternae</strong></span> 
     </span>
    </p>
   </div>
   <div class='ocr_carea' id='block_1_90' title="bbox 1810 3318 3378 3392">
    <p class='ocr_par' dir='ltr' id='par_1_90' title="bbox 1810 3318 3378 3392">
     <span class='ocr_line' id='line_1_90' title="bbox 1810 3318 3378 3392; baseline 0.006 -20"><span class='ocrx_word' id='word_1_688' title='bbox 1810 3330 2088 3388; x_wconf 69' lang='lat' dir='ltr'><strong>nunquam</strong></span> <span class='ocrx_word' id='word_1_689' title='bbox 2117 3319 2570 3388; x_wconf 89' lang='lat' dir='ltr'><strong>anteponendam.</strong></span> <span class='ocrx_word' id='word_1_690' title='bbox 2591 3318 2777 3376; x_wconf 90' lang='lat' dir='ltr'><strong>Tertia</strong></span> <span class='ocrx_word' id='word_1_691' title='bbox 2803 3336 3026 3392; x_wconf 88' lang='lat' dir='ltr'><strong>vespera</strong></span> <span class='ocrx_word' id='word_1_692' title='bbox 3063 3324 3140 3378; x_wconf 86' lang='lat' dir='ltr'><strong>ait</strong></span> <span class='ocrx_word' id='word_1_693' title='bbox 3166 3343 3178 3380; x_wconf 93' lang='lat'><strong>:</strong></span> <span class='ocrx_word' id='word_1_694' title='bbox 3202 3325 3378 3381; x_wconf 73' lang='lat' dir='ltr'><strong>«Con-</strong></span> 
     </span>
    </p>
   </div>
   <div class='ocr_carea' id='block_1_91' title="bbox 1810 3410 3381 3476">
    <p class='ocr_par' dir='ltr' id='par_1_91' title="bbox 1810 3410 3381 3476">
     <span class='ocr_line' id='line_1_91' title="bbox 1810 3410 3381 3476; baseline 0.007 -12"><span class='ocrx_word' id='word_1_695' title='bbox 1810 3420 2008 3472; x_wconf 89' lang='lat' dir='ltr'><strong>servet.</strong></span> <span class='ocrx_word' id='word_1_696' title='bbox 2041 3411 2229 3474; x_wconf 88' lang='lat' dir='ltr'><strong>frater,</strong></span> <span class='ocrx_word' id='word_1_697' title='bbox 2257 3410 2398 3467; x_wconf 88' lang='lat' dir='ltr'><strong>Deus</strong></span> <span class='ocrx_word' id='word_1_698' title='bbox 2426 3423 2667 3467; x_wconf 89' lang='lat' dir='ltr'><strong>mutuam</strong></span> <span class='ocrx_word' id='word_1_699' title='bbox 2692 3413 3033 3471; x_wconf 85' lang='lat' dir='ltr'><strong>cliaritalem.</strong></span> <span class='ocrx_word' id='word_1_700' title='bbox 3064 3437 3084 3470; x_wconf 72' lang='grc' dir='ltr'><strong>ι</strong></span> <span class='ocrx_word' id='word_1_701' title='bbox 3118 3417 3381 3476; x_wconf 82' lang='lat' dir='ltr'><strong>Dixerunt</strong></span> 
     </span>
    </p>
   </div>
   <div class='ocr_carea' id='block_1_92' title="bbox 1809 3499 3380 3578">
    <p class='ocr_par' dir='ltr' id='par_1_92' title="bbox 1809 3499 3380 3578">
     <span class='ocr_line' id='line_1_92' title="bbox 1809 3499 3380 3578; baseline 0.01 -24"><span class='ocrx_word' id='word_1_702' title='bbox 1809 3499 1998 3556; x_wconf 87' lang='lat' dir='ltr'><strong>Patres</strong></span> <span class='ocrx_word' id='word_1_703' title='bbox 2033 3519 2049 3557; x_wconf 89' lang='lat'><strong>:</strong></span> <span class='ocrx_word' id='word_1_704' title='bbox 2095 3522 2114 3554; x_wconf 82' lang='grc' dir='ltr'><strong>ι</strong></span> <span class='ocrx_word' id='word_1_705' title='bbox 2139 3501 2286 3573; x_wconf 85' lang='lat' dir='ltr'><strong>Fuge</strong></span> <span class='ocrx_word' id='word_1_706' title='bbox 2315 3503 2551 3558; x_wconf 87' lang='lat' dir='ltr'><strong>humana</strong></span> <span class='ocrx_word' id='word_1_707' title='bbox 2577 3505 2710 3570; x_wconf 67' lang='lat' dir='ltr'><strong>haec,</strong></span> <span class='ocrx_word' id='word_1_708' title='bbox 2738 3516 2792 3561; x_wconf 88' lang='lat' dir='ltr'><strong>et</strong></span> <span class='ocrx_word' id='word_1_709' title='bbox 2810 3508 3151 3565; x_wconf 65' lang='lat' dir='ltr'><strong>salvaberis.»</strong></span> <span class='ocrx_word' id='word_1_710' title='bbox 3176 3511 3380 3578; x_wconf 90' lang='lat' dir='ltr'><strong>Quarto</strong></span> 
     </span>
    </p>
   </div>
   <div class='ocr_carea' id='block_1_93' title="bbox 1810 3591 3382 3662">
    <p class='ocr_par' dir='ltr' id='par_1_93' title="bbox 1810 3591 3382 3662">
     <span class='ocr_line' id='line_1_93' title="bbox 1810 3591 3382 3662; baseline 0.01 -18"><span class='ocrx_word' id='word_1_711' title='bbox 1810 3591 1897 3646; x_wconf 90' lang='lat' dir='ltr'><strong>die</strong></span> <span class='ocrx_word' id='word_1_712' title='bbox 1923 3593 2099 3647; x_wconf 83' lang='lat' dir='ltr'><strong>dixit:</strong></span> <span class='ocrx_word' id='word_1_713' title='bbox 2140 3611 2159 3644; x_wconf 80' lang='grc' dir='ltr'><strong>ι</strong></span> <span class='ocrx_word' id='word_1_714' title='bbox 2192 3593 2508 3660; x_wconf 84' lang='lat' dir='ltr'><strong>Conservet,</strong></span> <span class='ocrx_word' id='word_1_715' title='bbox 2544 3593 2732 3662; x_wconf 80' lang='lat' dir='ltr'><strong>frater,</strong></span> <span class='ocrx_word' id='word_1_716' title='bbox 2761 3595 2906 3653; x_wconf 91' lang='lat' dir='ltr'><strong>Deus</strong></span> <span class='ocrx_word' id='word_1_717' title='bbox 2926 3610 3169 3656; x_wconf 87' lang='lat' dir='ltr'><strong>mutuam</strong></span> <span class='ocrx_word' id='word_1_718' title='bbox 3201 3603 3382 3658; x_wconf 87' lang='lat' dir='ltr'><strong>chari-</strong></span> 
     </span>
    </p>
   </div>
   <div class='ocr_carea' id='block_1_94' title="bbox 1816 3685 3383 3750">
    <p class='ocr_par' dir='ltr' id='par_1_94' title="bbox 1816 3685 3383 3750">
     <span class='ocr_line' id='line_1_94' title="bbox 1816 3685 3383 3750; baseline 0.008 -12"><span class='ocrx_word' id='word_1_719' title='bbox 1816 3693 2000 3740; x_wconf 92' lang='lat' dir='ltr'><strong>tatem.</strong></span> <span class='ocrx_word' id='word_1_720' title='bbox 2035 3703 2052 3736; x_wconf 76' lang='grc' dir='ltr'><strong>ι</strong></span> <span class='ocrx_word' id='word_1_721' title='bbox 2117 3685 2377 3740; x_wconf 85' lang='lat' dir='ltr'><strong>Dixerunt</strong></span> <span class='ocrx_word' id='word_1_722' title='bbox 2432 3685 2664 3743; x_wconf 86' lang='lat' dir='ltr'><strong>Patres:</strong></span> <span class='ocrx_word' id='word_1_723' title='bbox 2696 3689 2977 3745; x_wconf 72' lang='lat' dir='ltr'><strong>«Invicem</strong></span> <span class='ocrx_word' id='word_1_724' title='bbox 3045 3692 3092 3747; x_wconf 87' lang='lat' dir='ltr'><strong>si</strong></span> <span class='ocrx_word' id='word_1_725' title='bbox 3142 3692 3383 3750; x_wconf 84' lang='lat' dir='ltr'><strong>feramus</strong></span> 
     </span>
    </p>
   </div>
   <div class='ocr_carea' id='block_1_95' title="bbox 1813 3778 3385 3852">
    <p class='ocr_par' dir='ltr' id='par_1_95' title="bbox 1813 3778 3385 3852">
     <span class='ocr_line' id='line_1_95' title="bbox 1813 3778 3385 3852; baseline 0.01 -24"><span class='ocrx_word' id='word_1_726' title='bbox 1813 3790 1979 3830; x_wconf 86' lang='lat' dir='ltr'><strong>onera</strong></span> <span class='ocrx_word' id='word_1_727' title='bbox 2015 3787 2217 3842; x_wconf 88' lang='lat' dir='ltr'><strong>nostra,</strong></span> <span class='ocrx_word' id='word_1_728' title='bbox 2249 3779 2323 3832; x_wconf 91' lang='lat' dir='ltr'><strong>ita</strong></span> <span class='ocrx_word' id='word_1_729' title='bbox 2351 3778 2552 3832; x_wconf 84' lang='lat' dir='ltr'><strong>Christi</strong></span> <span class='ocrx_word' id='word_1_730' title='bbox 2584 3780 2754 3850; x_wconf 83' lang='lat' dir='ltr'><strong>legem</strong></span> <span class='ocrx_word' id='word_1_731' title='bbox 2800 3782 3187 3852; x_wconf 89' lang='lat' dir='ltr'><strong>completuros.</strong></span> <span class='ocrx_word' id='word_1_732' title='bbox 3227 3805 3245 3837; x_wconf 72' lang='grc' dir='ltr'><strong>ι</strong></span> <span class='ocrx_word' id='word_1_733' title='bbox 3291 3786 3385 3844; x_wconf 87' lang='lat' dir='ltr'><strong>Sic</strong></span> 
     </span>
    </p>
   </div>
   <div class='ocr_carea' id='block_1_96' title="bbox 1813 3874 3385 3950">
    <p class='ocr_par' dir='ltr' id='par_1_96' title="bbox 1813 3874 3385 3950">
     <span class='ocr_line' id='line_1_96' title="bbox 1813 3874 3385 3950; baseline 0.01 -28"><span class='ocrx_word' id='word_1_734' title='bbox 1813 3883 2030 3936; x_wconf 88' lang='lat' dir='ltr'><strong>semper</strong></span> <span class='ocrx_word' id='word_1_735' title='bbox 2053 3879 2410 3924; x_wconf 90' lang='lat' dir='ltr'><strong>consueverat</strong></span> <span class='ocrx_word' id='word_1_736' title='bbox 2462 3886 2626 3927; x_wconf 74' lang='lat' dir='ltr'><strong>senex</strong></span> <span class='ocrx_word' id='word_1_737' title='bbox 2685 3888 2752 3928; x_wconf 83' lang='lat' dir='ltr'><strong>ex</strong></span> <span class='ocrx_word' id='word_1_738' title='bbox 2785 3874 2868 3930; x_wconf 90' lang='lat' dir='ltr'><strong>his</strong></span> <span class='ocrx_word' id='word_1_739' title='bbox 2893 3891 3056 3931; x_wconf 89' lang='lat' dir='ltr'><strong>unam</strong></span> <span class='ocrx_word' id='word_1_740' title='bbox 3081 3879 3212 3935; x_wconf 88' lang='lat' dir='ltr'><strong>mihi</strong></span> <span class='ocrx_word' id='word_1_741' title='bbox 3249 3897 3385 3950; x_wconf 89' lang='lat' dir='ltr'><strong>quo-</strong></span> 
     </span>
    </p>
   </div>
   <div class='ocr_carea' id='block_1_97' title="bbox 1813 3962 3382 4044">
    <p class='ocr_par' dir='ltr' id='par_1_97' title="bbox 1813 3962 3382 4044">
     <span class='ocr_line' id='line_1_97' title="bbox 1813 3962 3382 4044; baseline 0.011 -31"><span class='ocrx_word' id='word_1_742' title='bbox 1813 3974 2028 4030; x_wconf 83' lang='lat' dir='ltr'><strong>cunque</strong></span> <span class='ocrx_word' id='word_1_743' title='bbox 2099 3962 2188 4016; x_wconf 92' lang='lat' dir='ltr'><strong>die</strong></span> <span class='ocrx_word' id='word_1_744' title='bbox 2239 3963 2561 4018; x_wconf 87' lang='lat' dir='ltr'><strong>sententiam</strong></span> <span class='ocrx_word' id='word_1_745' title='bbox 2615 3981 3062 4038; x_wconf 85' lang='lat' dir='ltr'><strong>commemorare,</strong></span> <span class='ocrx_word' id='word_1_746' title='bbox 3124 3983 3382 4044; x_wconf 86' lang='lat' dir='ltr'><strong>tanquam</strong></span> 
     </span>
    </p>
   </div>
   <div class='ocr_carea' id='block_1_98' title="bbox 1815 4052 3384 4125">
    <p class='ocr_par' dir='ltr' id='par_1_98' title="bbox 1815 4052 3384 4125">
     <span class='ocr_line' id='line_1_98' title="bbox 1815 4052 3384 4125; baseline 0.011 -20"><span class='ocrx_word' id='word_1_747' title='bbox 1815 4052 2016 4122; x_wconf 89' lang='lat' dir='ltr'><strong>aliquid</strong></span> <span class='ocrx_word' id='word_1_748' title='bbox 2050 4053 2230 4109; x_wconf 89' lang='lat' dir='ltr'><strong>viatici</strong></span> <span class='ocrx_word' id='word_1_749' title='bbox 2262 4065 2546 4124; x_wconf 76' lang='lat' dir='ltr'><strong>praestans.</strong></span> <span class='ocrx_word' id='word_1_750' title='bbox 2585 4055 2732 4123; x_wconf 89' lang='lat' dir='ltr'><strong>Quas</strong></span> <span class='ocrx_word' id='word_1_751' title='bbox 2761 4074 2949 4116; x_wconf 89' lang='lat' dir='ltr'><strong>omnes</strong></span> <span class='ocrx_word' id='word_1_752' title='bbox 2997 4062 3051 4117; x_wconf 88' lang='lat' dir='ltr'><strong>in</strong></span> <span class='ocrx_word' id='word_1_753' title='bbox 3082 4065 3204 4125; x_wconf 70' lang='lat' dir='ltr'><strong>vitae</strong></span> <span class='ocrx_word' id='word_1_754' title='bbox 3250 4083 3384 4123; x_wconf 69' lang='lat' dir='ltr'><strong>meae</strong></span> 
     </span>
    </p>
   </div>
   <div class='ocr_carea' id='block_1_99' title="bbox 1815 4146 3385 4228">
    <p class='ocr_par' dir='ltr' id='par_1_99' title="bbox 1815 4146 3385 4228">
     <span class='ocr_line' id='line_1_99' title="bbox 1815 4146 3385 4228; baseline 0.009 -28"><span class='ocrx_word' id='word_1_755' title='bbox 1815 4146 2118 4200; x_wconf 87' lang='lat' dir='ltr'><strong>custodiam</strong></span> <span class='ocrx_word' id='word_1_756' title='bbox 2159 4149 2371 4201; x_wconf 87' lang='lat' dir='ltr'><strong>servavi</strong></span> <span class='ocrx_word' id='word_1_757' title='bbox 2401 4163 2615 4217; x_wconf 86' lang='lat' dir='ltr'><strong>semper</strong></span> <span class='ocrx_word' id='word_1_758' title='bbox 2642 4158 2695 4203; x_wconf 90' lang='lat' dir='ltr'><strong>et</strong></span> <span class='ocrx_word' id='word_1_759' title='bbox 2725 4152 2870 4207; x_wconf 91' lang='lat' dir='ltr'><strong>tenui</strong></span> <span class='ocrx_word' id='word_1_760' title='bbox 2901 4171 2913 4206; x_wconf 92' lang='lat'><strong>:</strong></span> <span class='ocrx_word' id='word_1_761' title='bbox 2955 4162 3101 4210; x_wconf 89' lang='lat' dir='ltr'><strong>tanta</strong></span> <span class='ocrx_word' id='word_1_762' title='bbox 3130 4156 3233 4212; x_wconf 87' lang='lat' dir='ltr'><strong>fide</strong></span> <span class='ocrx_word' id='word_1_763' title='bbox 3257 4173 3385 4228; x_wconf 85' lang='lat' dir='ltr'><strong>erga</strong></span> 
     </span>
    </p>
   </div>
   <div class='ocr_carea' id='block_1_100' title="bbox 1817 4237 3382 4309">
    <p class='ocr_par' dir='ltr' id='par_1_100' title="bbox 1817 4237 3382 4309">
     <span class='ocr_line' id='line_1_100' title="bbox 1817 4237 3382 4309; baseline 0.012 -20"><span class='ocrx_word' id='word_1_764' title='bbox 1817 4237 2220 4292; x_wconf 87' lang='lat' dir='ltr'><strong>sanctissimum</strong></span> <span class='ocrx_word' id='word_1_765' title='bbox 2277 4237 2489 4294; x_wconf 87' lang='lat' dir='ltr'><strong>Patrem</strong></span> <span class='ocrx_word' id='word_1_766' title='bbox 2536 4239 2634 4303; x_wconf 90' lang='lat' dir='ltr'><strong>fui,</strong></span> <span class='ocrx_word' id='word_1_767' title='bbox 2686 4243 2812 4297; x_wconf 91' lang='lat' dir='ltr'><strong>dum</strong></span> <span class='ocrx_word' id='word_1_768' title='bbox 2875 4244 2949 4298; x_wconf 89' lang='lat' dir='ltr'><strong>illi</strong></span> <span class='ocrx_word' id='word_1_769' title='bbox 2997 4247 3382 4309; x_wconf 76' lang='lat' dir='ltr'><strong>ministrarent.</strong></span> 
     </span>
    </p>
   </div>
   <div class='ocr_carea' id='block_1_101' title="bbox 1815 4329 3387 4401">
    <p class='ocr_par' dir='ltr' id='par_1_101' title="bbox 1815 4329 3387 4401">
     <span class='ocr_line' id='line_1_101' title="bbox 1815 4329 3387 4401; baseline 0.009 -15"><span class='ocrx_word' id='word_1_770' title='bbox 1815 4329 1951 4386; x_wconf 90' lang='lat' dir='ltr'><strong>Cum</strong></span> <span class='ocrx_word' id='word_1_771' title='bbox 1990 4340 2166 4385; x_wconf 90' lang='lat' dir='ltr'><strong>autem</strong></span> <span class='ocrx_word' id='word_1_772' title='bbox 2227 4332 2392 4386; x_wconf 86' lang='lat' dir='ltr'><strong>semel</strong></span> <span class='ocrx_word' id='word_1_773' title='bbox 2449 4343 2657 4389; x_wconf 89' lang='lat' dir='ltr'><strong>tantum</strong></span> <span class='ocrx_word' id='word_1_774' title='bbox 2713 4335 3101 4395; x_wconf 84' lang='lat' dir='ltr'><strong>intellexissem</strong></span> <span class='ocrx_word' id='word_1_775' title='bbox 3157 4359 3387 4401; x_wconf 89' lang='lat' dir='ltr'><strong>unume</strong></span> 
     </span>
    </p>
   </div>
   <div class='ocr_carea' id='block_1_102' title="bbox 1817 4421 3390 4505">
    <p class='ocr_par' dir='ltr' id='par_1_102' title="bbox 1817 4421 3390 4505">
     <span class='ocr_line' id='line_1_102' title="bbox 1817 4421 3390 4505; baseline 0.01 -30"><span class='ocrx_word' id='word_1_776' title='bbox 1817 4421 2074 4477; x_wconf 82' lang='lat' dir='ltr'><strong>fratribus</strong></span> <span class='ocrx_word' id='word_1_777' title='bbox 2099 4423 2378 4489; x_wconf 79' lang='lat' dir='ltr'><strong>afﬂictum,</strong></span> <span class='ocrx_word' id='word_1_778' title='bbox 2407 4429 2500 4495; x_wconf 93' lang='lat' dir='ltr'><strong>qui</strong></span> <span class='ocrx_word' id='word_1_779' title='bbox 2528 4427 2577 4482; x_wconf 91' lang='lat' dir='ltr'><strong>id</strong></span> <span class='ocrx_word' id='word_1_780' title='bbox 2610 4428 2972 4485; x_wconf 85' lang='lat' dir='ltr'><strong>ministerium</strong></span> <span class='ocrx_word' id='word_1_781' title='bbox 3012 4433 3142 4486; x_wconf 87' lang='lat' dir='ltr'><strong>mihi</strong></span> <span class='ocrx_word' id='word_1_782' title='bbox 3165 4447 3390 4505; x_wconf 84' lang='lat' dir='ltr'><strong>exopta-</strong></span> 
     </span>
    </p>
   </div>
   <div class='ocr_carea' id='block_1_103' title="bbox 1817 4514 3390 4583">
    <p class='ocr_par' dir='ltr' id='par_1_103' title="bbox 1817 4514 3390 4583">
     <span class='ocr_line' id='line_1_103' title="bbox 1817 4514 3390 4583; baseline 0.01 -15"><span class='ocrx_word' id='word_1_783' title='bbox 1817 4524 1901 4569; x_wconf 90' lang='lat' dir='ltr'><strong>ret</strong></span> <span class='ocrx_word' id='word_1_784' title='bbox 1921 4514 2149 4583; x_wconf 89' lang='lat' dir='ltr'><strong>eripere,</strong></span> <span class='ocrx_word' id='word_1_785' title='bbox 2174 4516 2422 4571; x_wconf 86' lang='lat' dir='ltr'><strong>abbatem</strong></span> <span class='ocrx_word' id='word_1_786' title='bbox 2451 4517 2562 4571; x_wconf 83' lang='lat' dir='ltr'><strong>adii</strong></span> <span class='ocrx_word' id='word_1_787' title='bbox 2593 4522 2797 4582; x_wconf 87' lang='lat' dir='ltr'><strong>statim,</strong></span> <span class='ocrx_word' id='word_1_788' title='bbox 2816 4530 2870 4575; x_wconf 91' lang='lat' dir='ltr'><strong>et</strong></span> <span class='ocrx_word' id='word_1_789' title='bbox 2899 4523 3074 4578; x_wconf 85' lang='lat' dir='ltr'><strong>accito</strong></span> <span class='ocrx_word' id='word_1_790' title='bbox 3106 4523 3275 4582; x_wconf 84' lang='lat' dir='ltr'><strong>fratre</strong></span> <span class='ocrx_word' id='word_1_791' title='bbox 3307 4545 3390 4583; x_wconf 91' lang='lat' dir='ltr'><strong>ro-</strong></span> 
     </span>
    </p>
   </div>
   <div class='ocr_carea' id='block_1_104' title="bbox 1818 4605 3386 4689">
    <p class='ocr_par' dir='ltr' id='par_1_104' title="bbox 1818 4605 3386 4689">
     <span class='ocr_line' id='line_1_104' title="bbox 1818 4605 3386 4689; baseline 0.01 -31"><span class='ocrx_word' id='word_1_792' title='bbox 1818 4605 1935 4676; x_wconf 78' lang='lat' dir='ltr'><strong>gavi</strong></span> <span class='ocrx_word' id='word_1_793' title='bbox 1969 4605 2204 4670; x_wconf 89' lang='lat' dir='ltr'><strong>Patrem.</strong></span> <span class='ocrx_word' id='word_1_794' title='bbox 2237 4608 2356 4678; x_wconf 87' lang='lat' dir='ltr'><strong>ejus</strong></span> <span class='ocrx_word' id='word_1_795' title='bbox 2385 4611 2567 4664; x_wconf 89' lang='lat' dir='ltr'><strong>animo</strong></span> <span class='ocrx_word' id='word_1_796' title='bbox 2616 4620 2674 4664; x_wconf 94' lang='lat' dir='ltr'><strong>ut</strong></span> <span class='ocrx_word' id='word_1_797' title='bbox 2735 4627 2941 4667; x_wconf 90' lang='lat' dir='ltr'><strong>morem</strong></span> <span class='ocrx_word' id='word_1_798' title='bbox 2977 4626 3205 4686; x_wconf 85' lang='lat' dir='ltr'><strong>gereret,</strong></span> <span class='ocrx_word' id='word_1_799' title='bbox 3243 4622 3386 4689; x_wconf 83' lang='lat' dir='ltr'><strong>quod</strong></span> 
     </span>
    </p>
   </div>
   <div class='ocr_carea' id='block_1_105' title="bbox 1747 4699 3389 4781">
    <p class='ocr_par' dir='ltr' id='par_1_105' title="bbox 1747 4699 3389 4781">
     <span class='ocr_line' id='line_1_105' title="bbox 1747 4699 3389 4781; baseline 0.009 -29"><span class='ocrx_word' id='word_1_800' title='bbox 1747 4713 1798 4772; x_wconf 79' lang='grc' dir='ltr'><strong>ι)</strong></span> <span class='ocrx_word' id='word_1_801' title='bbox 1825 4700 1876 4753; x_wconf 93' lang='lat' dir='ltr'><strong>id</strong></span> <span class='ocrx_word' id='word_1_802' title='bbox 1906 4699 2266 4754; x_wconf 89' lang='lat' dir='ltr'><strong>ministerium</strong></span> <span class='ocrx_word' id='word_1_803' title='bbox 2298 4709 2352 4755; x_wconf 89' lang='lat' dir='ltr'><strong>et</strong></span> <span class='ocrx_word' id='word_1_804' title='bbox 2369 4716 2567 4755; x_wconf 87' lang='lat' dir='ltr'><strong>munus</strong></span> <span class='ocrx_word' id='word_1_805' title='bbox 2599 4701 2769 4757; x_wconf 90' lang='lat' dir='ltr'><strong>multo</strong></span> <span class='ocrx_word' id='word_1_806' title='bbox 2793 4720 2881 4760; x_wconf 89' lang='lat' dir='ltr'><strong>me</strong></span> <span class='ocrx_word' id='word_1_807' title='bbox 2924 4707 3117 4763; x_wconf 90' lang='lat' dir='ltr'><strong>melius</strong></span> <span class='ocrx_word' id='word_1_808' title='bbox 3164 4714 3389 4781; x_wconf 87' lang='lat' dir='ltr'><strong>exsequi</strong></span> 
     </span>
    </p>
   </div>
   <div class='ocr_carea' id='block_1_106' title="bbox 1820 4787 3392 4872">
    <p class='ocr_par' dir='ltr' id='par_1_106' title="bbox 1820 4787 3392 4872">
     <span class='ocr_line' id='line_1_106' title="bbox 1820 4787 3392 4872; baseline 0.01 -28"><span class='ocrx_word' id='word_1_809' title='bbox 1820 4799 1874 4844; x_wconf 89' lang='lat' dir='ltr'><strong>et</strong></span> <span class='ocrx_word' id='word_1_810' title='bbox 1919 4789 2075 4844; x_wconf 89' lang='lat' dir='ltr'><strong>vellet</strong></span> <span class='ocrx_word' id='word_1_811' title='bbox 2137 4798 2192 4844; x_wconf 90' lang='lat' dir='ltr'><strong>et</strong></span> <span class='ocrx_word' id='word_1_812' title='bbox 2251 4801 2452 4859; x_wconf 91' lang='lat' dir='ltr'><strong>posset.</strong></span> <span class='ocrx_word' id='word_1_813' title='bbox 2481 4787 2712 4862; x_wconf 82' lang='lat' dir='ltr'><strong>Negavit</strong></span> <span class='ocrx_word' id='word_1_814' title='bbox 2754 4793 2934 4860; x_wconf 79' lang='lat' dir='ltr'><strong>Pater,</strong></span> <span class='ocrx_word' id='word_1_815' title='bbox 2964 4805 3017 4851; x_wconf 88' lang='lat' dir='ltr'><strong>et</strong></span> <span class='ocrx_word' id='word_1_816' title='bbox 3056 4813 3231 4870; x_wconf 90' lang='lat' dir='ltr'><strong>neque</strong></span> <span class='ocrx_word' id='word_1_817' title='bbox 3275 4801 3392 4872; x_wconf 87' lang='lat' dir='ltr'><strong>ipse</strong></span> 
     </span>
    </p>
   </div>
   <div class='ocr_carea' id='block_1_107' title="bbox 1821 4879 3390 4960">
    <p class='ocr_par' dir='ltr' id='par_1_107' title="bbox 1821 4879 3390 4960">
     <span class='ocr_line' id='line_1_107' title="bbox 1821 4879 3390 4960; baseline 0.008 -26"><span class='ocrx_word' id='word_1_818' title='bbox 1821 4894 1996 4948; x_wconf 88' lang='lat' dir='ltr'><strong>neque</strong></span> <span class='ocrx_word' id='word_1_819' title='bbox 2021 4895 2185 4935; x_wconf 79' lang='lat' dir='ltr'><strong>senex</strong></span> <span class='ocrx_word' id='word_1_820' title='bbox 2203 4879 2304 4936; x_wconf 92' lang='lat' dir='ltr'><strong>hoc</strong></span> <span class='ocrx_word' id='word_1_821' title='bbox 2334 4886 2694 4950; x_wconf 86' lang='lat' dir='ltr'><strong>permiserunt</strong></span> <span class='ocrx_word' id='word_1_822' title='bbox 2725 4904 2738 4939; x_wconf 85' lang='lat'><strong>:</strong></span> <span class='ocrx_word' id='word_1_823' title='bbox 2775 4900 2876 4956; x_wconf 90' lang='lat' dir='ltr'><strong>ego</strong></span> <span class='ocrx_word' id='word_1_824' title='bbox 2897 4898 3097 4953; x_wconf 87' lang='lat' dir='ltr'><strong>tamen,</strong></span> <span class='ocrx_word' id='word_1_825' title='bbox 3123 4901 3390 4960; x_wconf 87' lang='lat' dir='ltr'><strong>quantum</strong></span> 
     </span>
    </p>
   </div>
   <div class='ocr_carea' id='block_1_108' title="bbox 1823 4970 3390 5044">
    <p class='ocr_par' dir='ltr' id='par_1_108' title="bbox 1823 4970 3390 5044">
     <span class='ocr_line' id='line_1_108' title="bbox 1823 4970 3390 5044; baseline 0.009 -18"><span class='ocrx_word' id='word_1_826' title='bbox 1823 4972 1878 5026; x_wconf 92' lang='lat' dir='ltr'><strong>in</strong></span> <span class='ocrx_word' id='word_1_827' title='bbox 1902 4987 1989 5026; x_wconf 92' lang='lat' dir='ltr'><strong>me</strong></span> <span class='ocrx_word' id='word_1_828' title='bbox 2012 4970 2134 5035; x_wconf 84' lang='lat' dir='ltr'><strong>fuit,</strong></span> <span class='ocrx_word' id='word_1_829' title='bbox 2164 4971 2384 5027; x_wconf 79' lang='lat' dir='ltr'><strong>fratrem</strong></span> <span class='ocrx_word' id='word_1_830' title='bbox 2417 4974 2551 5028; x_wconf 90' lang='lat' dir='ltr'><strong>mihi</strong></span> <span class='ocrx_word' id='word_1_831' title='bbox 2590 4977 2823 5044; x_wconf 65' lang='lat' dir='ltr'><strong>praetuli.</strong></span> <span class='ocrx_word' id='word_1_832' title='bbox 2853 4977 2988 5032; x_wconf 84' lang='lat' dir='ltr'><strong>Cum</strong></span> <span class='ocrx_word' id='word_1_833' title='bbox 3019 4982 3181 5035; x_wconf 90' lang='lat' dir='ltr'><strong>etiam</strong></span> <span class='ocrx_word' id='word_1_834' title='bbox 3215 4997 3390 5040; x_wconf 89' lang='lat' dir='ltr'><strong>annos</strong></span> 
     </span>
    </p>
   </div>
   <div class='ocr_carea' id='block_1_109' title="bbox 1821 5065 3390 5143">
    <p class='ocr_par' dir='ltr' id='par_1_109' title="bbox 1821 5065 3390 5143">
     <span class='ocr_line' id='line_1_109' title="bbox 1821 5065 3390 5143; baseline 0.01 -25"><span class='ocrx_word' id='word_1_835' title='bbox 1821 5078 2015 5118; x_wconf 88' lang='lat' dir='ltr'><strong>novem</strong></span> <span class='ocrx_word' id='word_1_836' title='bbox 2036 5065 2092 5117; x_wconf 90' lang='lat' dir='ltr'><strong>in</strong></span> <span class='ocrx_word' id='word_1_837' title='bbox 2125 5079 2191 5120; x_wconf 90' lang='lat' dir='ltr'><strong>eo</strong></span> <span class='ocrx_word' id='word_1_838' title='bbox 2229 5066 2528 5121; x_wconf 89' lang='lat' dir='ltr'><strong>ministerio</strong></span> <span class='ocrx_word' id='word_1_839' title='bbox 2561 5067 2811 5134; x_wconf 87' lang='lat' dir='ltr'><strong>fuissem,</strong></span> <span class='ocrx_word' id='word_1_840' title='bbox 2845 5087 3122 5143; x_wconf 88' lang='lat' dir='ltr'><strong>nunquam</strong></span> <span class='ocrx_word' id='word_1_841' title='bbox 3177 5077 3232 5130; x_wconf 93' lang='lat' dir='ltr'><strong>in</strong></span> <span class='ocrx_word' id='word_1_842' title='bbox 3279 5075 3390 5133; x_wconf 88' lang='lat' dir='ltr'><strong>fra-</strong></span> 
     </span>
    </p>
   </div>
   <div class='ocr_carea' id='block_1_110' title="bbox 1823 5156 3388 5238">
    <p class='ocr_par' dir='ltr' id='par_1_110' title="bbox 1823 5156 3388 5238">
     <span class='ocr_line' id='line_1_110' title="bbox 1823 5156 3388 5238; baseline 0.01 -28"><span class='ocrx_word' id='word_1_843' title='bbox 1823 5165 1956 5210; x_wconf 90' lang='lat' dir='ltr'><strong>trem</strong></span> <span class='ocrx_word' id='word_1_844' title='bbox 1986 5156 2136 5210; x_wconf 89' lang='lat' dir='ltr'><strong>illum</strong></span> <span class='ocrx_word' id='word_1_845' title='bbox 2165 5159 2354 5227; x_wconf 79' lang='lat' dir='ltr'><strong>exspui</strong></span> <span class='ocrx_word' id='word_1_846' title='bbox 2394 5159 2616 5212; x_wconf 83' lang='lat' dir='ltr'><strong>verbum</strong></span> <span class='ocrx_word' id='word_1_847' title='bbox 2656 5160 2739 5215; x_wconf 86' lang='lat' dir='ltr'><strong>vel</strong></span> <span class='ocrx_word' id='word_1_848' title='bbox 2765 5170 2918 5233; x_wconf 87' lang='lat' dir='ltr'><strong>turpe</strong></span> <span class='ocrx_word' id='word_1_849' title='bbox 2966 5165 3048 5220; x_wconf 86' lang='lat' dir='ltr'><strong>vel</strong></span> <span class='ocrx_word' id='word_1_850' title='bbox 3079 5167 3388 5238; x_wconf 79' lang='lat' dir='ltr'><strong>molestum,</strong></span> 
     </span>
    </p>
   </div>
   <div class='ocr_carea' id='block_1_111' title="bbox 1824 5249 3390 5326">
    <p class='ocr_par' dir='ltr' id='par_1_111' title="bbox 1824 5249 3390 5326">
     <span class='ocr_line' id='line_1_111' title="bbox 1824 5249 3390 5326; baseline 0.008 -22"><span class='ocrx_word' id='word_1_851' title='bbox 1824 5249 1986 5304; x_wconf 90' lang='lat' dir='ltr'><strong>etiam</strong></span> <span class='ocrx_word' id='word_1_852' title='bbox 2010 5263 2131 5302; x_wconf 92' lang='lat' dir='ltr'><strong>eum</strong></span> <span class='ocrx_word' id='word_1_853' title='bbox 2164 5249 2687 5306; x_wconf 86' lang='lat' dir='ltr'><strong>administrationem</strong></span> <span class='ocrx_word' id='word_1_854' title='bbox 2721 5252 2956 5323; x_wconf 86' lang='lat' dir='ltr'><strong>aliquam</strong></span> <span class='ocrx_word' id='word_1_855' title='bbox 2989 5256 3268 5326; x_wconf 90' lang='lat' dir='ltr'><strong>haberem,</strong></span> <span class='ocrx_word' id='word_1_856' title='bbox 3295 5275 3390 5316; x_wconf 88' lang='lat' dir='ltr'><strong>ne-</strong></span> 
     </span>
    </p>
   </div>
   <div class='ocr_carea' id='block_1_112' title="bbox 1826 5340 2676 5410">
    <p class='ocr_par' dir='ltr' id='par_1_112' title="bbox 1826 5340 2676 5410">
     <span class='ocr_line' id='line_1_112' title="bbox 1826 5340 2676 5410; baseline 0.005 -16"><span class='ocrx_word' id='word_1_857' title='bbox 1826 5355 1934 5394; x_wconf 90' lang='lat' dir='ltr'><strong>oue</strong></span> <span class='ocrx_word' id='word_1_858' title='bbox 1965 5340 2210 5410; x_wconf 88' lang='lat' dir='ltr'><strong>privatus</strong></span> <span class='ocrx_word' id='word_1_859' title='bbox 2235 5355 2408 5395; x_wconf 89' lang='lat' dir='ltr'><strong>essem</strong></span> <span class='ocrx_word' id='word_1_860' title='bbox 2433 5343 2676 5399; x_wconf 90' lang='lat' dir='ltr'><strong>omnino.</strong></span> 
     </span>
    </p>
   </div>
   <div class='ocr_carea' id='block_1_113' title="bbox 1895 5430 3394 5499">
    <p class='ocr_par' dir='ltr' id='par_1_113' title="bbox 1895 5430 3394 5499">
     <span class='ocr_line' id='line_1_113' title="bbox 1895 5430 3394 5499; baseline 0.01 -14"><span class='ocrx_word' id='word_1_861' title='bbox 1895 5430 1962 5485; x_wconf 75' lang='grc' dir='ltr'><strong>Χ.</strong></span> <span class='ocrx_word' id='word_1_862' title='bbox 2000 5431 2132 5496; x_wconf 61' lang='lat' dir='ltr'><strong>Quae</strong></span> <span class='ocrx_word' id='word_1_863' title='bbox 2168 5432 2341 5486; x_wconf 89' lang='lat' dir='ltr'><strong>dicam</strong></span> <span class='ocrx_word' id='word_1_864' title='bbox 2387 5433 2610 5488; x_wconf 89' lang='lat' dir='ltr'><strong>credite.</strong></span> <span class='ocrx_word' id='word_1_865' title='bbox 2643 5434 2726 5489; x_wconf 86' lang='lat' dir='ltr'><strong>Ab</strong></span> <span class='ocrx_word' id='word_1_866' title='bbox 2779 5435 3074 5492; x_wconf 86' lang='lat' dir='ltr'><strong>inlirmaria</strong></span> <span class='ocrx_word' id='word_1_867' title='bbox 3110 5441 3178 5496; x_wconf 89' lang='lat' dir='ltr'><strong>ad</strong></span> <span class='ocrx_word' id='word_1_868' title='bbox 3219 5445 3394 5499; x_wconf 85' lang='lat' dir='ltr'><strong>eccle-</strong></span> 
     </span>
    </p>
   </div>
   <div class='ocr_carea' id='block_1_114' title="bbox 1826 5522 3392 5594">
    <p class='ocr_par' dir='ltr' id='par_1_114' title="bbox 1826 5522 3392 5594">
     <span class='ocr_line' id='line_1_114' title="bbox 1826 5522 3392 5594; baseline 0.008 -17"><span class='ocrx_word' id='word_1_869' title='bbox 1826 5522 1958 5578; x_wconf 90' lang='lat' dir='ltr'><strong>siam</strong></span> <span class='ocrx_word' id='word_1_870' title='bbox 1988 5524 2304 5594; x_wconf 88' lang='lat' dir='ltr'><strong>plerumque</strong></span> <span class='ocrx_word' id='word_1_871' title='bbox 2355 5538 2442 5579; x_wconf 92' lang='lat' dir='ltr'><strong>me</strong></span> <span class='ocrx_word' id='word_1_872' title='bbox 2492 5522 2657 5580; x_wconf 90' lang='lat' dir='ltr'><strong>frater</strong></span> <span class='ocrx_word' id='word_1_873' title='bbox 2725 5526 3021 5586; x_wconf 81' lang='lat' dir='ltr'><strong>insectatus</strong></span> <span class='ocrx_word' id='word_1_874' title='bbox 3069 5541 3155 5587; x_wconf 88' lang='lat' dir='ltr'><strong>est</strong></span> <span class='ocrx_word' id='word_1_875' title='bbox 3204 5535 3392 5590; x_wconf 89' lang='lat' dir='ltr'><strong>multis</strong></span> 
     </span>
    </p>
   </div>
   <div class='ocr_carea' id='block_1_115' title="bbox 1826 5614 3391 5691">
    <p class='ocr_par' dir='ltr' id='par_1_115' title="bbox 1826 5614 3391 5691">
     <span class='ocr_line' id='line_1_115' title="bbox 1826 5614 3391 5691; baseline 0.007 -22"><span class='ocrx_word' id='word_1_876' title='bbox 1826 5614 2088 5669; x_wconf 79' lang='lat' dir='ltr'><strong>conviciis</strong></span> <span class='ocrx_word' id='word_1_877' title='bbox 2121 5622 2176 5669; x_wconf 89' lang='lat' dir='ltr'><strong>et</strong></span> <span class='ocrx_word' id='word_1_878' title='bbox 2207 5615 2592 5681; x_wconf 90' lang='lat' dir='ltr'><strong>contumeliis;</strong></span> <span class='ocrx_word' id='word_1_879' title='bbox 2622 5617 2710 5671; x_wconf 92' lang='lat' dir='ltr'><strong>cui</strong></span> <span class='ocrx_word' id='word_1_880' title='bbox 2733 5633 2832 5688; x_wconf 87' lang='lat' dir='ltr'><strong>ego</strong></span> <span class='ocrx_word' id='word_1_881' title='bbox 2858 5635 3137 5691; x_wconf 88' lang='lat' dir='ltr'><strong>nunquam</strong></span> <span class='ocrx_word' id='word_1_882' title='bbox 3163 5639 3230 5678; x_wconf 89' lang='lat' dir='ltr'><strong>ne</strong></span> <span class='ocrx_word' id='word_1_883' title='bbox 3266 5639 3391 5679; x_wconf 89' lang='lat' dir='ltr'><strong>ver-</strong></span> 
     </span>
    </p>
   </div>
   <div class='ocr_carea' id='block_1_116' title="bbox 1827 5706 3394 5784">
    <p class='ocr_par' dir='ltr' id='par_1_116' title="bbox 1827 5706 3394 5784">
     <span class='ocr_line' id='line_1_116' title="bbox 1827 5706 3394 5784; baseline 0.006 -23"><span class='ocrx_word' id='word_1_884' title='bbox 1827 5706 1953 5761; x_wconf 89' lang='lat' dir='ltr'><strong>bum</strong></span> <span class='ocrx_word' id='word_1_885' title='bbox 1985 5707 2262 5776; x_wconf 88' lang='lat' dir='ltr'><strong>quodlibet</strong></span> <span class='ocrx_word' id='word_1_886' title='bbox 2289 5721 2458 5761; x_wconf 91' lang='lat' dir='ltr'><strong>unum</strong></span> <span class='ocrx_word' id='word_1_887' title='bbox 2495 5717 2686 5763; x_wconf 89' lang='lat' dir='ltr'><strong>contra</strong></span> <span class='ocrx_word' id='word_1_888' title='bbox 2721 5713 2996 5780; x_wconf 84' lang='lat' dir='ltr'><strong>respondi.</strong></span> <span class='ocrx_word' id='word_1_889' title='bbox 3033 5711 3172 5778; x_wconf 90' lang='lat' dir='ltr'><strong>Quin</strong></span> <span class='ocrx_word' id='word_1_890' title='bbox 3199 5716 3394 5784; x_wconf 85' lang='lat' dir='ltr'><strong>potius</strong></span> 
     </span>
    </p>
   </div>
   <div class='ocr_carea' id='block_1_117' title="bbox 1829 5797 3388 5871">
    <p class='ocr_par' dir='ltr' id='par_1_117' title="bbox 1829 5797 3388 5871">
     <span class='ocr_line' id='line_1_117' title="bbox 1829 5797 3388 5871; baseline 0.003 -17"><span class='ocrx_word' id='word_1_891' title='bbox 1829 5808 2039 5854; x_wconf 90' lang='lat' dir='ltr'><strong>etcum</strong></span> <span class='ocrx_word' id='word_1_892' title='bbox 2084 5797 2138 5852; x_wconf 90' lang='lat' dir='ltr'><strong>id</strong></span> <span class='ocrx_word' id='word_1_893' title='bbox 2191 5798 2442 5853; x_wconf 89' lang='lat' dir='ltr'><strong>rescisset</strong></span> <span class='ocrx_word' id='word_1_894' title='bbox 2481 5799 2668 5863; x_wconf 85' lang='lat' dir='ltr'><strong>abbas,</strong></span> <span class='ocrx_word' id='word_1_895' title='bbox 2701 5801 2887 5856; x_wconf 88' lang='lat' dir='ltr'><strong>nescio</strong></span> <span class='ocrx_word' id='word_1_896' title='bbox 2938 5815 3046 5871; x_wconf 88' lang='lat' dir='ltr'><strong>quo</strong></span> <span class='ocrx_word' id='word_1_897' title='bbox 3103 5802 3388 5867; x_wconf 76' lang='lat' dir='ltr'><strong>referente,</strong></span> 
     </span>
    </p>
   </div>
   <div class='ocr_carea' id='block_1_118' title="bbox 1799 5889 3395 5964">
    <p class='ocr_par' dir='ltr' id='par_1_118' title="bbox 1799 5889 3395 5964">
     <span class='ocr_line' id='line_1_118' title="bbox 1799 5889 3395 5964; baseline 0.001 -17"><span class='ocrx_word' id='word_1_898' title='bbox 1799 5925 1802 5928; x_wconf 83' lang='lat'><strong><em>~</em></strong></span> <span class='ocrx_word' id='word_1_899' title='bbox 1832 5890 2270 5960; x_wconf 79' lang='lat' dir='ltr'><strong>decrevisselque</strong></span> <span class='ocrx_word' id='word_1_900' title='bbox 2298 5890 2448 5944; x_wconf 92' lang='lat' dir='ltr'><strong>illum</strong></span> <span class='ocrx_word' id='word_1_901' title='bbox 2475 5889 2784 5961; x_wconf 86' lang='lat' dir='ltr'><strong>objurgare,</strong></span> <span class='ocrx_word' id='word_1_902' title='bbox 2823 5891 3028 5961; x_wconf 83' lang='lat' dir='ltr'><strong>pi-oeidi</strong></span> <span class='ocrx_word' id='word_1_903' title='bbox 3057 5907 3159 5963; x_wconf 90' lang='lat' dir='ltr'><strong>ego</strong></span> <span class='ocrx_word' id='word_1_904' title='bbox 3196 5894 3261 5949; x_wconf 89' lang='lat' dir='ltr'><strong>ad</strong></span> <span class='ocrx_word' id='word_1_905' title='bbox 3295 5909 3395 5964; x_wconf 86' lang='lat' dir='ltr'><strong>pe-</strong></span> 
     </span>
    </p>
   </div>
   <div class='ocr_carea' id='block_1_119' title="bbox 1830 5981 3394 6055">
    <p class='ocr_par' dir='ltr' id='par_1_119' title="bbox 1830 5981 3394 6055">
     <span class='ocr_line' id='line_1_119' title="bbox 1830 5981 3394 6055; baseline 0.001 -14"><span class='ocrx_word' id='word_1_906' title='bbox 1830 5986 1926 6041; x_wconf 88' lang='lat' dir='ltr'><strong>des</strong></span> <span class='ocrx_word' id='word_1_907' title='bbox 1987 5982 2160 6040; x_wconf 84' lang='lat' dir='ltr'><strong>Patris</strong></span> <span class='ocrx_word' id='word_1_908' title='bbox 2197 5981 2360 6055; x_wconf 75' lang='lat'><strong>396</strong></span> <span class='ocrx_word' id='word_1_909' title='bbox 2409 5983 2703 6042; x_wconf 87' lang='lat' dir='ltr'><strong>obsecrans</strong></span> <span class='ocrx_word' id='word_1_910' title='bbox 2744 5999 2838 6055; x_wconf 90' lang='lat' dir='ltr'><strong>per</strong></span> <span class='ocrx_word' id='word_1_911' title='bbox 2879 5982 3065 6042; x_wconf 81' lang='lat' dir='ltr'><strong>Jesum</strong></span> <span class='ocrx_word' id='word_1_912' title='bbox 3117 5987 3394 6045; x_wconf 79' lang='lat' dir='ltr'><strong>Christum</strong></span> 
     </span>
    </p>
   </div>
  </div>
