4118 6542
174 533 306 598 1673

1517 531 1904 594 DOCTRINA
1941 536 2021 600 IV
2026 583 2041 598 .

3287 557 3427 624 1674

164 649 370 717 ὃγδοον,
412 646 508 703 καὶ
547 647 648 719 τὴν
677 647 814 702 ίδίαν
845 648 1182 702 κατάστασιν
1222 643 1457 716 φυλάξαι
1499 645 1714 716 ἀϐλαϐῆ

1843 656 1956 701 tum
1989 649 2298 706 indemnem
2324 655 2622 724 custodire,
2653 661 2800 728 quod
2842 670 2928 717 est
2970 673 3230 734 quartum
3259 670 3427 726 dimi-

162 739 298 808 ὅπερ
327 738 446 793 ἐστὶ
491 737 554 793 τὸ
578 739 750 810 ἥμισυ
781 738 1043 809 τέταρτον
1087 737 1295 807 ὄγδοον.
1347 737 1411 791 EI
1454 737 1512 790 δὲ
1554 755 1738 810 παρα-

159 827 461 901 κολουθήσῃ
511 830 729 901 ἀνάγκη
775 829 870 883 τοῦ
925 829 1310 900 παρασυρῆναι
1360 829 1455 882 καὶ
1497 827 1736 894 ἐξελθεῖν

157 919 253 989 τῆς
273 919 494 990 ἐντολῆς
515 921 610 974 καὶ
631 919 918 990 βλαϐῆναι,
936 920 972 992 ἢ
999 920 1200 991 βλάψαι
1225 919 1316 974 διὰ
1335 919 1397 972 τὸ
1419 919 1520 990 τὴν
1543 920 1735 992 χρείαν

156 1010 512 1082 πληρωθῆναι
548 1011 648 1082 τῆς
682 1011 983 1076 διακονίας,
1029 1011 1132 1065 οὐκ
1169 1011 1283 1067 ἔστι
1316 1012 1484 1066 καλὸν
1537 1014 1626 1067 ἵνα
1671 1012 1735 1066 τδ

153 1103 325 1168 ἥμισυ
354 1102 616 1172 τὲταρτον
660 1103 846 1172 ὄγδοον
875 1103 1120 1176 ἀπολέσῃ
1143 1121 1252 1168 τις.
1291 1103 1378 1156 ἵνα
1426 1105 1638 1176 φυλάξῃ
1669 1103 1734 1159 τδ

149 1191 357 1256 ὃγδοον.
395 1191 549 1245 Ἐπεὶ
579 1194 674 1246 ἐὰν
705 1194 885 1248 οἴδατε
903 1195 986 1248 ὅτι
1006 1193 1165 1250 τοῦτο
1192 1196 1341 1248 ποιεῖ
1370 1212 1476 1260 τις,
1499 1196 1560 1249 οὺ
1590 1198 1734 1250 ποιεῖ

149 1282 354 1348 γνῶσιν
379 1282 479 1354 τὴν
514 1283 651 1338 ἰδίαν
677 1285 953 1338 διακονίαν
994 1287 1023 1338 ὀ
1055 1284 1316 1350 τοιοῦτος.
1376 1287 1448 1339 Ἢ
1494 1287 1606 1358 γάρ
1641 1285 1731 1340 διά

149 1373 478 1439 κενοδοξίαν,
522 1376 557 1446 ἦ
593 1376 682 1431 διὰ
710 1376 1236 1449 ἅνθρωπαρὲσκειαν
1283 1378 1535 1447 ἐπιμένει
1579 1377 1731 1448 φιλο-

147 1465 370 1530 νεικῶν,
391 1467 490 1522 καλ⁸
513 1468 760 1533 κολάζων
783 1469 881 1522 καὶ
915 1469 1108 1523 ἑαυτὸν
1126 1469 1222 1523 καὶ
1249 1469 1342 1524 τὸν
1369 1471 1618 1555 πλησίον,
1653 1471 1730 1536 ὼς

148 1560 240 1615 ἵνα
270 1560 410 1630 μετά
439 1561 614 1617 ταῦτα
663 1562 872 1633 ἀκούσῃ
911 1563 994 1616 ὅτι
1021 1561 1200 1626 οὐδεὶς
1236 1563 1476 1635 ⁴ἠδυνήθη
1507 1565 1726 1634 νικῆσαι

143 1650 331 1704 αὐτόν.
369 1650 572 1705 Βαϐαίι
606 1651 820 1723 μεγάλη
860 1651 1199 1722 ἀνδραγαθία
1227 1668 1242 1682 ⁸
1277 1653 1380 1707 οὐκ
1408 1653 1559 1708 ἔστιν
1587 1654 1723 1727 αὕτη

142 1742 307 1813 νίκη,
357 1743 616 1814 ἀδελφοὶ,
663 1744 802 1815 αῦτη
849 1745 1020 1815 ζημία
1069 1748 1240 1814 ἐστὶν,
1287 1746 1431 1816 αὕτη
1481 1747 1726 1802 ἀπώλειά

142 1833 312 1886 ἐστιν.
351 1834 484 1886 Ἰδοὺ
511 1833 623 1903 ἐγὼ
647 1835 792 1903 λέγω
821 1836 971 1907 ὑμῖν,
1004 1837 1086 1891 ὅτι
1113 1836 1226 1905 ἐγὼ
1252 1829 1350 1892 ἐὰν
1376 1838 1575 1909 πέμψω
1603 1839 1725 1893 τινὰ

139 1923 204 1987 te
231 1923 386 1993 ὑμῶν
417 1927 498 1990 είς
519 1926 843 1998 οίανδήποτε
869 1928 1080 2000 χρείαν,
1110 1929 1204 1982 καὶ
1221 1929 1307 2001 ίδη
1327 1929 1570 2000 ταραχὴν
1593 1933 1726 1984 ἀνα-

139 2014 482 2074 κύπτουσαν.
513 2017 546 2088 ἦ
574 2018 895 2089 οἱανδήποτε
923 2018 1092 2089 ἀλλην
1129 2018 1354 2088 βλάϐην,
1388 2019 1547 2090 κὸψει
1568 2036 1580 2049 ·
1629 2021 1725 2074 καὶ

141 2104 414 2174 μηδέποτε
465 2108 698 2177 βλάψετε
747 2109 1063 2180 ἑαυτοὺς,ἢ
1114 2110 1211 2163 καὶ
1237 2109 1496 2180 ἀλλήλους
1519 2127 1535 2141 ο
1585 2111 1724 2166 ἀλλά

136 2195 354 2268 ἀπέλθῃ
387 2198 484 2251 καὶ
517 2200 550 2270 ή
580 2199 762 2269 χρεία,
802 2199 878 2271 μὴ
913 2199 1162 2271 γένηται,
1203 2201 1301 2255 καὶ
1329 2203 1491 2272 μόνον
1519 2200 1597 2273 μὴ
1624 2219 1722 2257 τα-

137 2285 372 2352 ράσσετε
415 2287 701 2358 ἀλλήλους.
764 2290 938 2356 Ἐπεὶ,
987 2291 1066 2355 ὡς
1103 2287 1280 2358 εἷπον,
1324 2293 1386 2346 τδ
1422 2293 1598 2364 ἥμισυ
1632 2295 1722 2348 τὲ-

132 2394 340 2448 ταρτον
389 2380 578 2448 ὃγδοον
620 2382 879 2436 ἀπόλλετε
916 2399 932 2414 ·
984 2382 1100 2438 ἐστι
1142 2384 1200 2438 δὲ
1234 2385 1396 2439 τοῦτο
1432 2386 1719 2458 προφανὴς

129 2469 352 2538 ἀλογία.
384 2472 570 2527 Ταῦτα
598 2472 656 2526 δὲ
678 2473 822 2543 λέγω
848 2474 1000 2544 ὑμῖν,
1029 2475 1129 2546 οὐχ
1164 2475 1252 2529 τνα
1283 2475 1487 2540 εὐθέως
1525 2495 1718 2548 μικρο-

127 2561 380 2632 ψυχῆτε,
427 2565 522 2618 καὶ
567 2565 798 2620 κόπτετε
843 2569 915 2620 τὰ
954 2567 1288 2638 πράγματα,
1335 2567 1370 2639 ἦ
1428 2569 1514 2623 ἵνα
1559 2570 1714 2624 ἀδια-

127 2658 357 2726 φορεῖτε
403 2657 499 2711 καὶ
531 2657 753 2730 ῥίπτετε
784 2658 968 2730 ἀφαρῇ
991 2659 1036 2692 ³³
1061 2658 1160 2721 τὰς
1201 2659 1355 2724 ὕλας,
1405 2660 1501 2714 καὶ
1540 2678 1713 2716 καταο

128 2747 358 2800 πατεῐτε
391 2748 493 2818 τὴν
525 2747 832 2818 συνείδησιν
859 2748 1034 2820 ὑμῶν,
1067 2748 1316 2814 θέλοντες
1347 2751 1712 2823 ἀμεριμνεῐνο

125 2837 258 2890 οὐδὲ
279 2837 442 2893 πάλιν
471 2840 558 2893 ἵνα
587 2841 950 2911 παρακούετε,
967 2842 1064 2896 καὶ
1091 2843 1240 2912 λέγει
1269 2843 1500 2908 ἕκαστος
1524 2844 1712 2916 ὑμῶν’

127 2930 208 2982 Οὐ
241 2929 480 3000 δύναμαι
511 2931 626 2984 τόδε
659 2931 905 3002 ποιῆσαι,
951 2931 1265 3003 βλάπτομαι
1289 2949 1305 2963 ⁸
1351 2933 1452 2988 οὐκ
1497 2935 1715 3008 ἀπαντᾷ

128 3039 226 3091 με.
281 3023 435 3076 Ἐπεὶ
462 3023 540 3093 τῷ
571 3023 716 3093 λόγῳ
747 3025 942 3096 τούτῳ,
986 3025 1243 3078 οὐδέποτε
1273 3027 1476 3079 ποιεῖτε
1498 3027 1712 3100 οἱανδή-

125 3127 267 3164 ποτε
294 3112 592 3174 διακονίαν,
635 3112 758 3166 οὐδὲ
796 3113 1025 3167 δύνασθε
1061 3131 1193 3167 ποτε
1234 3112 1519 3184 πληρῶσαι
1559 3117 1713 3170 two-

124 3200 228 3272 λὴν
276 3202 433 3258 Θεοῦ.
498 3203 639 3258 Ἀλλ’
670 3205 757 3258 ἴνα
794 3205 1069 3276 παρέχετε
1119 3206 1306 3259 πᾶσαν
1345 3205 1447 3274 τὴν
1475 3205 1710 3276 δύναμιν

1836 738 1985 834 dium
2019 743 2218 797 octavi.
2255 742 2314 798 Si
2337 758 2468 800 vero
2483 746 2765 804 incumbat
2796 756 3096 814 necessitas
3143 766 3428 834 transgre-

1835 827 2019 922 diendi
2062 839 2118 886 et
2160 847 2192 887 a
2232 844 2512 904 praecepto
2541 838 2871 905 divertcndi,
2917 827 3424 922 damnumquevvel

1835 918 2086 988 accipere
2106 923 2189 977 vel
2209 923 2412 979 inferre
2435 937 2678 997 cogatur,
2703 938 2766 985 ut
2791 934 3131 1004 compleatur
3159 918 3296 1000 usus
3319 945 3424 1001 ad-

1835 1009 2273 1082 ministrationis,
2298 1029 2407 1070 non
2425 1025 2510 1073 est
2530 1033 2745 1090 aequum
2769 1033 2828 1079 ut
2845 1025 2970 1096 quis
2989 1041 3244 1098 quartum
3257 1036 3424 1092 dimi-

1832 1099 1992 1156 dium
2015 1108 2192 1161 octavi
2227 1109 2420 1178 perdat
2461 1125 2575 1181 quo
2614 1127 2902 1174 conservet
2935 1128 3212 1180 octavum.
3239 1126 3423 1194 Quare

1831 1206 1975 1284 cum
2000 1193 2236 1284 aliquem
2283 1202 2654 1271 cognoveritis
2685 1206 2831 1263 istud
2868 1210 3049 1281 ipsum
3098 1193 3415 1284 facientem,

1834 1281 1978 1338 haud
2002 1283 2249 1342 dubitate
2275 1288 2422 1346 hunc
2443 1292 2501 1346 in
2535 1296 2847 1364 cognitione
2868 1314 2996 1357 vera
3026 1317 3138 1360 non
3173 1281 3417 1365 admini;

1831 1382 2008 1430 strare
2036 1393 2052 1431 :
2085 1378 2170 1432 vel
2199 1380 2347 1436 enim
2403 1397 2498 1453 per
2552 1386 2909 1447 ambitionem
2965 1402 3064 1450 aut
3105 1395 3413 1458 humanum

1830 1465 2175 1560 obsequium
2205 1473 2382 1542 pergit
2422 1477 2779 1545 contendere,
2837 1485 3080 1554 seipsum
3122 1497 3178 1544 et
3229 1495 3420 1560 proxi-

1831 1572 1982 1612 mnm
2011 1558 2177 1632 397
2211 1564 2418 1632 pariter
2446 1565 2650 1624 laedens
2682 1579 2780 1625 :ut
2803 1573 3013 1630 scilicet
3039 1558 3331 1646 postea—ab
3350 1601 3419 1640 eo

1833 1646 2029 1704 audias
2087 1651 2332 1720 potuisse
2380 1669 2504 1711 sese
2555 1673 2586 1712 a
2632 1661 2852 1718 nemine
2897 1669 3168 1735 superari.
3221 1671 3412 1743 Paparl

1825 1747 2029 1806 quanta
2092 1751 2178 1798 est
2236 1744 2498 1803 fortitudo
2552 1750 2658 1806 ista
2689 1753 2702 1806 l
2733 1752 2852 1809 Non
2877 1764 2964 1813 est
3010 1759 3125 1814 bzec
3164 1762 3414 1832 victoria,

1827 1829 2042 1898 fratres,
2070 1847 2180 1890 non
2238 1835 2451 1892 lucrum
2486 1857 2501 1893 :
2531 1841 2746 1910 jactura
2809 1855 2894 1901 est
2949 1860 3116 1919 atque
3159 1829 3412 1922 perditio.

1825 1919 1904 1976 En
1933 1933 2120 1993 repeto
2148 1926 2328 1993 vobis,
2361 1928 2408 1983 si
2461 1933 2683 2000 quando
2741 1936 3034 2006 contigerit
3083 1919 3253 1998 ullum
3316 1961 3412 2002 ve-

1829 2025 2005 2068 snum
2035 2015 2178 2071 mitti
2207 2033 2238 2071 a
2268 2032 2356 2072 me
2385 2018 2443 2074 in
2501 2020 2721 2092 aliquod
2767 2025 3158 2098 ministerium,
3191 2035 3415 2091 viderit-

1822 2117 1931 2172 que
1982 2104 2270 2162 imminere
2332 2109 2420 2164 vel
2471 2112 2935 2180 perturbationem
2985 2119 3070 2174 vel
3123 2123 3408 2190 damnum,

1821 2203 2067 2262 amputet
2109 2197 2263 2264 illud,
2326 2200 2569 2270 abjiciat,
2610 2214 2880 2272 amovcat,
2928 2222 3029 2264 nec
3064 2211 3220 2268 vobis
3276 2214 3410 2285 ipsis

1820 2285 2054 2342 invicem
2087 2291 2354 2347 noceatis.
2400 2292 2506 2348 Sed
2547 2304 2736 2364 pereat
2777 2298 2960 2366 potius
3012 2301 3406 2373 ministerium,

1819 2391 1920 2432 nec
1956 2377 2072 2443 ﬂat,
2099 2381 2400 2438 dummodo
2429 2385 2573 2440 inter
2597 2401 2696 2443 vos
2733 2391 2842 2444 no'n
2865 2391 3000 2447 [lant
3023 2393 3214 2452 turbis.
3247 2397 3398 2465 Quo-

1817 2469 1988 2536 niam,
2018 2481 2077 2527 ut
2121 2489 2267 2544 saepe
2320 2475 2457 2541 dixi,
2488 2487 2746 2547 quartum
2775 2481 3063 2539 dimidium
3114 2488 3294 2544 octavi
3332 2491 3408 2547 ita

1815 2559 2042 2626 perditis
2066 2576 2082 2615 :
2108 2571 2271 2632 atque
2290 2562 2407 2618 haec
2431 2564 2722 2623 manifesta
2754 2569 2972 2639 jactura
3003 2581 3108 2629 est.
3131 2574 3405 2636 Dicuntur

1813 2655 1996 2703 autem
2019 2649 2135 2705 haec
2161 2665 2193 2706 a
2222 2667 2443 2715 memon
2473 2661 2534 2708 ut
2551 2655 2736 2710 statim
2758 2659 2968 2714 cedatis
2988 2661 3310 2728 animo,nou
3341 2676 3404 2724 ut

1815 2738 2257 2808 indiscreti’sitis,
2282 2757 2390 2800 non
2409 2754 2524 2800 uta
2548 2745 2700 2802 vobis
2718 2749 2902 2804 statim
2927 2765 3015 2806 res
3047 2766 3406 2827 quascunque

1815 2831 2138 2902 projiciatis,
2159 2836 2602 2907 conculcetisque
2618 2837 3014 2895 conscientiam
3043 2853 3404 2912 vestramne-

1814 2922 1990 2980 Ientes
2019 2938 2116 2980 eas
2143 2935 2338 2996 sponte
2360 2927 2630 2998 negligere
2645 2937 2700 2982 et
2729 2929 2864 2984 nihil
2881 2945 3095 2988 curare.
3130 2931 3320 3006 Neque
3344 2949 3404 2995 ut

1811 3014 1974 3068 ctiam
2019 3013 2351 3080 obaudiatis,
2382 3017 2637 3088 dicatque
2674 3019 2908 3089 quisque
2945 3029 3188 3077 vestrum
3230 3023 3396 3082 :Non

1811 3119 1955 3174 queo
1973 3121 2086 3161 rem
2121 3108 2262 3164 hanc
2290 3108 2504 3179 facere;
2538 3111 2720 3182 gravis
2742 3110 2878 3167 mibi
2907 3121 3013 3178 est,
3037 3124 3094 3170 et
3115 3117 3259 3172 male
3288 3117 3404 3175 alli-

1810 3197 1927 3252 cior
1950 3200 2021 3255 ab
2045 3216 2141 3268 ea;
2167 3218 2275 3257 non
2295 3204 2515 3273 expedit
2536 3205 2695 3260 mihi.
2712 3204 3102 3278 Huiuscemodi
3125 3209 3272 3267 enim
3293 3221 3402 3270 ter-

124 3294 290 3364 ὑμῶν
340 3296 422 3358 είς
475 3295 537 3348 τὸ
577 3295 802 3364 ποιῆσαι
846 3295 1086 3367 ἑκάστην
1134 3295 1273 3366 μετά
1320 3295 1544 3366 ἀγάπης
1591 3297 1706 3352 δια·

1820 3289 2201 3358 giversatione,
2230 3294 2413 3350 nullus
2446 3311 2686 3366 unquam
2718 3297 3084 3355 ministerium
3124 3302 3294 3358 ullum
3323 3303 3402 3362 l‘a-

123 3386 320 3440 κονίάν
349 3387 525 3457 ὑμῶν,
583 3388 721 3457 μετά
753 3387 1251 3458 ταπεινοφροσύνης
1299 3387 1712 3458 ύποκλινόμενοι

123 3478 408 3550 ἀλλήλοις,
447 3479 739 3549 τιμῶντες,
777 3478 1244 3555 παρακαλοῦντες.
1280 3479 1448 3533 Οὐδὲν
1475 3479 1712 3533 δυνατώ·

121 3589 294 3644 τερον
325 3575 424 3643 τῆς
449 3570 953 3643 ταπεινοφροσύνης
972 3587 986 3601 ·
1025 3573 1075 3624 εἰ
1105 3572 1288 3642 μέντοι
1314 3571 1416 3642 ῆδη
1439 3572 1483 3604 ⁸⁸
1504 3587 1588 3634 τις
1619 3572 1713 3626 τὸν

121 3663 362 3734 πλησίον
395 3664 532 3735 πρὸς
567 3663 668 3734 τὴν
707 3661 856 3735 ὥραν
887 3660 1226 3732 θλιϐόμενον,
1261 3661 1296 3731 ἢ
1342 3661 1568 3726 ἑαυτὸν,
1621 3664 1712 3716 κόο

117 3755 291 3824 φατε,
323 3756 766 3825 παραχωρήσατε
814 3753 1087 3823 ἀλλήλοις,
1138 3751 1216 3823 μὴ
1257 3752 1578 3823 ὲπιμείνητε
1606 3752 1712 3816 ἕως

117 3835 185 3895 οῦ
219 3844 321 3896 καὶ
352 3841 524 3912 βλάϐη
564 3841 1059 3914 παρακολουθήσει.
1101 3842 1371 3912 Κρεϊσσον
1398 3841 1509 3912 γάρ
1539 3844 1708 3906 ἐστιν,

123 3932 246 3985 ἰδοὺ
303 3931 566 4004 μυριάκις
611 3929 786 3994 εἷπον,
835 3932 909 4000 μὴ
957 3930 1210 3999 γενέσθαι
1252 3948 1351 4000 την
1384 3932 1595 4002 χρείαν,
1633 3933 1710 3996 ὼς

119 4024 324 4077 θέλετε
343 4040 358 4056 ο
395 4023 512 4077 ἀλλ’
540 4023 616 4086 ὡς
649 4022 880 4076 ἀπαντῶ
913 4024 1049 4092 πρὸς
1077 4023 1176 4092 τὴν
1204 4024 1473 4094 ἀνάγκην,
1506 4025 1600 4077 καὶ
1633 4026 1708 4098 μὴ

115 4116 213 4168 διὰ
245 4114 594 4185 μονοτομίαν,
639 4114 674 4184 ή
703 4113 791 4166 διὰ
823 4115 1121 4183 δικαίωμα,
1156 4114 1260 4168 κάν
1299 4117 1447 4168 ἐστιν
1479 4115 1712 4185 εὐλογο-

117 4206 302 4274 φανὲς
346 4205 577 4277 ταράξαι
617 4206 783 4274 ὑμᾶς,
822 4205 856 4274 ἢ
899 4205 1083 4274 ολίψαι
1132 4205 1415 4276 ἀλλήλους,
1450 4207 1544 4260 καὶ
1570 4208 1710 4261 ἀπο-

115 4296 291 4350 λέσαι
313 4296 374 4350 τὺ
403 4296 576 4367 ἥμισυ
603 4295 868 4366 τέταρτον
895 4297 1102 4363 ὃγδοον.
1147 4297 1322 4367 Πολλὴ
1362 4299 1468 4368 γάρ
1499 4298 1645 4352 ἐστιν
1674 4300 1710 4369 ἠ

113 4387 370 4457 διαφορά
393 4387 494 4456 τῆς
525 4387 750 4458 ζημίας.
785 4388 1077 4458 Συμϐαίνει
1103 4388 1159 4441 δὲ
1189 4390 1273 4442 ὅτι
1305 4389 1585 4455 πολλάκις,
1619 4392 1712 4445 καὶ

113 4478 266 4533 αὐτὸ
309 4478 371 4532 τὸ
400 4478 584 4546 ὄγδοον
617 4479 837 4532 ἀπόλλει
883 4496 1002 4543 τις,
1043 4482 1134 4535 καὶ
1179 4481 1332 4536 οὐδὲν
1365 4482 1502 4547 ὅλως
1543 4487 1709 4541 ποιεῖ.

113 4570 373 4624 Τοιαῦτα
409 4571 519 4640 γάρ
547 4571 654 4624 εἱσι
698 4570 767 4623 τὰ
817 4570 928 4623 τῶν
977 4571 1319 4640 φιλονεικιῶν
1349 4590 1364 4606 ο
1415 4573 1584 4646 αὐτὴν
1612 4577 1711 4647 τὴν

1813 3391 1981 3448 ceret,
2002 3400 2176 3454 neque
2203 3397 2531 3457 praeceptum
2554 3388 2650 3444 Dei
2672 3390 2904 3459 possetis
2933 3391 3252 3464 adimplere.
3286 3394 3395 3453 Sed

1814 3481 1875 3527 ut
1905 3474 2209 3532 adhibentis
2253 3492 2473 3533 onmem
2529 3479 2888 3551 diligentiam.
2921 3490 2984 3538 ut
3029 3496 3218 3542 mutua
3261 3499 3388 3543 cum

1815 3564 2086 3620 cbaritate
2109 3565 2204 3622 ﬂat
2243 3583 2272 3621 a
2296 3569 2452 3624 vobis
2494 3585 2658 3625 omne
2713 3572 3083 3629 ministerium
3128 3585 3395 3646 vestrum,

1813 3652 2043 3722 subjecti
2070 3655 2193 3710 sitis
2227 3656 2460 3710 invicem
2498 3670 2624 3711 cum
2673 3657 2986 3714 humilitate
3036 3659 3392 3728 honorantes,

1811 3743 2186 3801 exhortantes.
2224 3745 2370 3800 Nihil
2403 3749 2548 3801 enim
2591 3757 2676 3803 est
2720 3749 3027 3806 humilitate
3085 3752 3385 3822 potentius.

1811 3833 1994 3900 Quare
2015 3836 2060 3891 si
2082 3838 2208 3906 quis
2237 3847 2477 3892 vestrum
2517 3837 2714 3893 viderit
2743 3840 2813 3894 ad
2842 3839 3032 3895 horam
3081 3844 3392 3911 proximum

1810 3925 1894 3980 vel
1921 3940 1980 3981 se
2011 3926 2186 3996 ipsum
2221 3927 2504 3991 alllictum,
2551 3929 2732 4000 lugete
2756 3937 2812 3985 et
2835 3945 2950 4000 prae
2989 3930 3162 3988 nimio
3205 3933 3396 3993 dolore

1814 4019 2076 4088 plangite,
2117 4021 2290 4074 cedite
2310 4021 2463 4076 vobis
2499 4021 2754 4085 invicem,
2787 4033 2838 4077 et
2883 4023 3052 4078 nolite
3077 4034 3398 4094 exspectare

1814 4119 1876 4164 ut
1929 4111 2136 4180 aliquid
2189 4111 2374 4165 damni
2425 4113 2809 4180 subsequatur.
2867 4112 3059 4168 Melius
3107 4115 3255 4169 enim
3311 4125 3398 4172 est

1813 4202 1980 4274 (quod
2021 4203 2174 4257 vobis
2238 4204 2436 4258 millies
2492 4206 2698 4274 repeto)
2729 4220 2837 4260 non
2880 4205 2998 4260 lleri
3047 4206 3196 4276 quod
3257 4223 3396 4279 Opus

1814 4302 1955 4358 erat,
1988 4294 2095 4349 etsi
2162 4295 2464 4349 necessitas
2516 4307 2754 4364 urgeret,
2783 4310 2961 4366 neque
3011 4311 3110 4367 per
3165 4313 3394 4354 concor-

1811 4384 1958 4439 diam
1982 4383 2063 4438 vel
2088 4383 2359 4454 justitiam
2391 4383 2531 4450 lleri,
2580 4383 2794 4439 etiamsi
2841 4384 2979 4441 bene
3009 4385 3214 4442 factum
3244 4389 3398 4444 vide-

1813 4484 1984 4540 retur,
2019 4489 2184 4546 quam
2223 4476 2434 4530 turbari
2457 4489 2556 4530 vos
2591 4483 2646 4530 et
2674 4483 2865 4530 mutuo
2896 4475 3060 4548 amigi
3086 4486 3141 4532 et
3164 4477 3396 4549 perdere

1814 4574 2071 4636 quartum
2118 4565 2407 4621 dimidium
2442 4567 2640 4622 octavi.
2684 4567 2877 4637 Magna
2923 4577 3009 4622 est
3038 4569 3184 4622 enim
3213 4567 3401 4627 damni

113 4662 309 4732 ἀρχὴν
340 4632 516 4714 πάντα
547 4661 614 4714 τὰ
637 4661 773 4731 ἔργα
799 4661 836 4715 ἀ
854 4632 1134 4733 ποιοῦμεν,
1161 4662 1249 4717 διά
1273 4663 1335 4718 τὸ
1360 4632 1710 4736 ὠφεληθῆναι

1820 4632 2141 4736 diﬂ'erentia.
2182 4657 2395 4713 Accidit
2443 4658 2590 4712 enim
2636 4632 2956 4728 plerumque
3007 4666 3068 4712 ut
3109 4667 3166 4713 et
3218 4658 3399 4729 ipsum

112 4752 180 4816 ἐξ
219 4749 428 4812 αὐτῶν,
462 4750 745 4820 ποιοῦμενο
781 4751 934 4823 [ποία
963 4751 1020 4804 δὲ
1043 4752 1303 4820 ὠφέλεια,
1346 4755 1446 4808 δάν
1492 4756 1568 4826 μὴ
1613 4773 1710 4810 τα-

112 4862 188 4896 πε
203 4842 471 4912 ινούμεοα
503 4843 751 4912 ἀλλήλοις
771 4846 820 4912 ς]
851 4842 984 4896 ἀλλά
1012 4841 1074 4894 τὸ
1104 4843 1347 4898 ἐναντίον
1384 4847 1481 4898 καὶ
1504 4848 1710 4916 ταράσ-

115 4949 306 5002 σομεν
336 4932 431 4984 καὶ
463 4931 713 5001 θλίϐομεν
754 4931 1040 4998 ἀλλήλους.
1089 4932 1201 4988 Καὶ
1231 4933 1408 4988 οἴδατε
1448 4936 1534 4998 τίς
1560 4936 1712 5006 λέγει

111 5025 180 5076 εν
209 5019 299 5088 τῷ
331 5019 687 5086 Γεροντικῷ,
731 5021 811 5074 ὅτι
843 5022 907 5074 ὲκ
933 5019 1028 5075 τοῦ
1074 5022 1306 5092 πλησίου
1350 5025 1500 5077 ἐστὶν
1527 5026 1563 5094 ή
1595 5025 1710 5096 ζωὴ

112 5115 223 5166 καὶ
255 5114 289 5165 ὁ
315 5111 561 5174 θάνατος·
582 5112 670 5166 ἵνα
703 5113 962 5182 μελετᾶτε
992 5113 1166 5168 ταῦτα
1189 5115 1277 5168 ἀεὶ
1302 5114 1428 5170 καθ’
1456 5117 1708 5182 ἑαυτοὺς,

109 5203 380 5270 ἀδελφοὶ,
418 5201 504 5254 ἴνα
527 5203 843 5273 γυμνάζητε
870 5205 998 5267 τοὺς
1041 5203 1234 5272 λόγους
1265 5205 1375 5258 τῶν
1406 5206 1577 5273 άγίων
1621 5224 1715 5276 γε-

115 5293 361 5363 ρόντων,
386 5292 472 5345 ἵνα
496 5291 832 5364 σπουδάζητε
858 5293 997 5363 μετά
1019 5294 1240 5366 ἀγάπης
1267 5296 1361 5349 καὶ
1387 5295 1554 5363 φόϐου
1575 5297 1713 5350 Θεοῦ

1815 4734 2306 4805 οειενυιιιέιιιὶιιειι
2364 4748 2586 4820 aliquis,
2623 4747 2872 4818 nihilque
2922 4748 3148 4803 omnino
3200 4746 3399 4816 faciat;

1817 4840 1896 4909 (at
1927 4853 2052 4908 quas
2083 4838 2310 4905 utilitas,
2337 4837 2444 4893 nisi
2487 4837 2719 4894 invicem
2761 4835 3187 4900 humiliemur?)
3217 4847 3275 4894 at
3300 4853 3402 4909 po-

1819 4928 1926 4982 tius
1961 4927 2111 4998 quod
2139 4927 2475 4983 contrarium
2501 4935 2604 4991 est,
2634 4925 2825 4981 turbas
2854 4928 2996 4980 inter
3032 4939 3134 4981 nos
3179 4935 3238 4982 et
3272 4941 3393 4982 mo-

1818 5017 2006 5074 lestias
2033 5017 2382 5073 suscitemus.
2411 5017 2494 5070 An
2525 5016 2701 5083 vobis,
2734 5031 2855 5083 oro,
2879 5015 3082 5072 excidit
3110 5015 3202 5072 illa
3230 5031 3298 5073 ex
3326 5017 3393 5072 li-

1820 5110 1920 5166 bro
1964 5091 2245 5164 scniorum
2290 5107 2582 5170 sententia,
2613 5122 2738 5178 qua:
2775 5105 3009 5161 afﬁrmat
3032 5120 3103 5162 ex
3147 5107 3399 5175 proximo

1819 5203 1988 5257 vitam
2013 5207 2069 5256 et
2100 5209 2332 5256 mortem
2366 5199 2692 5269 provenire}
2721 5199 2849 5254 Htec
2877 5199 3073 5254 crebro
3105 5198 3251 5252 inter
3277 5211 3400 5262 vos,

1823 5291 2040 5358 fratres,
2076 5290 2435 5357 meditemini,
2474 5299 2727 5346 exercete
2763 5302 3050 5345 sermones
3080 5295 3136 5343 et
3178 5286 3402 5342 institu-

111 5386 324 5455 ζητεῖν
366 5383 466 5455 τὴν
506 5384 776 5452 ὠφέλειαν
824 5385 1036 5440 ἑαυτῶν
1077 5388 1174 5440 καὶ
1217 5386 1480 5458 ἀλλήλων.
1528 5388 1715 5454 Οὕτως

1822 5385 2002 5440 tiones
2031 5381 2278 5449 Patrum,
2304 5381 2520 5438 studete
2549 5395 2676 5437 cum
2705 5379 2974 5435 cbaritate
2997 5385 3053 5434 et
3073 5377 3270 5433 timore
3303 5375 3398 5431 Dei

106 5474 367 5529 δύνασθε
413 5475 478 5529 ἐκ
522 5475 740 5530 πάντων
783 5476 892 5530 τῶν
936 5475 1344 5547 συμϐαινόντων
1390 5478 1718 5547 ὠφελεῖσθαι

1823 5483 2075 5531 mutuam
2115 5475 2403 5530 utilitatem
2432 5487 2698 5544 querere.
2739 5469 2815 5526 Ita
2853 5484 2923 5525 ex
2961 5468 3221 5525 omnibus
3249 5481 3400 5537 que-

106 5568 219 5622 καὶ
257 5567 594 5634 προκόπτειν
624 5565 714 5620 διὰ
739 5567 839 5636 τῆς
871 5567 1123 5637 βοηθείας
1149 5567 1245 5622 τοῦ
1275 5568 1433 5623 Θεοῦ.
1477 5569 1649 5635 Αὐτὸς
1686 5572 1718 5625 δ

1824 5580 2042 5636 cunque
2069 5566 2227 5621 vobis
2259 5563 2580 5630 acciderint,
2617 5561 2866 5634 poteritis
2895 5561 3112 5617 lucrum
3170 5555 3398 5622 referre,

103 5657 264 5723 Θεὸς
315 5656 493 5728 ήμῶν,
543 5657 620 5721 ὡς
667 5657 1072 5729 φιλάνθρωπος,
1123 5661 1406 5731 χαρίσεται
1453 5661 1586 5731 ἡμῖν
1625 5663 1718 5718 τὸν

1826 5671 1988 5727 atque
2017 5657 2280 5727 prolicere
2328 5656 2632 5728 opitulante
2679 5653 2935 5708 Domino.
2963 5651 3084 5724 Ipse
3126 5649 3404 5706 humanus

1431 5771 1515 5831 VA
1525 5774 1662 5830 ΒΙᾹΞ
1696 5770 2106 5833 LECTIONES.

193 5928 246 5957 w
284 5923 526 5991 *Αφαρεί.
561 5921 917 5978 Frstt'umtter.
998 5925 1042 5956 ¹⁶
1075 5924 1210 5996 Ἰδῃο

393 6020 672 6079 ιἈτιιοι..
723 6019 839 6080 (in.
897 6019 1310 6081 LXXXVIII.
3008 6014 3080 6077 53
