4118 6542
206 555 321 621 1677

1552 553 1932 614 DOCTRINA
1954 555 2015 616 V.

3282 563 3422 634 1678

204 671 325 741 μεθα
347 668 549 740 γνῶναι
591 666 652 721 τὺ
688 666 897 738 θέλημα
942 665 1040 720 τοῦ
1085 663 1243 730 Θεοῦ,
1273 667 1307 738 ἢ
1341 665 1476 731 ὅλως
1507 666 1737 737 ζητῆσαι

1842 681 2146 737 pereamus.
2166 666 2451 733 Quommto
2471 671 2614 722 enim
2639 666 2731 722 Del
2754 671 3079 725 voluntatem
3104 675 3185 726 vel
3217 690 3420 746 cogno-

200 757 329 828 αὐτῷ
354 755 699 819 πιστεύοντες
737 756 950 818 ἑαυτοῖς
972 794 988 821 ,
1027 754 1123 810 καὶ
1157 754 1489 825 κρατοῦντες
1524 756 1584 808 τὸ
1614 755 1743 808 ἰδιον

200 848 386 917 θέλημα
404 864 421 911 ς

258 939 323 993 B’.
360 938 458 991 Διὰ
486 936 649 992 τοῦτο
680 940 710 992 0
747 937 921 1002 ἀϐϐἄς
954 938 1162 1011 ποιμὴν
1205 939 1409 1009 ἔλεγεν,
1441 940 1524 992 ὅτι
1554 938 1616 990 10
1649 938 1743 991 θέ-

196 1032 326 1101 λημα
366 1029 546 1099 τεῖχός
578 1016 696 1083 ἐστι
740 1028 972 1099 χαλκοῦν
1019 1030 1289 1101 ἁναμέσον
1333 1029 1619 1100 ἀνθρώπου
1652 1032 1744 1083 καὶ

195 1120 277 1175 τοῦ
297 1119 448 1175 Θεοῦ.
492 1120 729 1174 Βλέπετε
766 1120 995 1190 δύναμιν
1025 1120 1204 1191 λόγου.
1248 1121 1357 1176 Καὶ
1383 1120 1543 1175 πάλιν
1575 1136 1743 1191 προσ-

194 1210 359 1280 έθηκε,
406 1210 581 1279 λέγων
610 1227 626 1243 ·
684 1229 703 1264 ι
739 1212 922 1282 Πέτρα
964 1214 1112 1269 ἐστὶν
1152 1211 1522 1284 άντιδέρουσα.
1568 1212 1744 1265 Οἰονεὶ

192 1301 565 1371 ἔναντιουμένη
616 1300 716 1355 καὶ
762 1302 1158 1373 άντικρούουσα
1206 1302 1285 1373 τῷ
1333 1302 1598 1374 θελήματι
1646 1302 1742 1355 τοῦ

190 1391 333 1448 Θεοῦ.
371 1392 497 1446 Ἐὰν
524 1388 619 1446 οὖν
643 1392 945 1465 καταλείπῃ
977 1393 1107 1466 αὐτὸ
1135 1394 1441 1465 ἅνθρωπος,
1471 1393 1619 1461 λέγει
1647 1392 1743 1445 καὶ

189 1481 358 1546 αὐτὸς,
406 1482 503 1534 Ἐν
531 1479 613 1546 τῷ
654 1478 776 1544 Θεῷ
808 1499 933 1550 μου
967 1481 1380 1551 ὑπερϐήσομαι
1422 1481 1636 1549 τεῖχος.
1678 1481 1743 1533 '0

191 1571 320 1636 Θεός
334 1588 474 1639 μου,
502 1569 741 1639 ἄμωμος
765 1571 805 1638 ἡ
839 1570 980 1635 ὁδὸς
1004 1571 1210 1625 αὑτοῦ.
1237 1572 1384 1625 Πάνυ
1412 1571 1742 1641 θαυμαστῶς

186 1657 317 1714 εἷπε.
375 1659 510 1712 Τότε
538 1659 648 1730 γὰρ
697 1660 884 1729 βλέπει
932 1677 1016 1722 τις
1055 1658 1156 1731 τὴν
1190 1660 1308 1714 όδὸν
1347 1661 1441 1714 τοῦ
1488 1660 1624 1714 Θεοῦ
1664 1660 1740 1731 μὴ

184 1752 400 1822 ἔχουσαν
441 1750 651 1821 μῶμον,
697 1751 826 1804 ὅταν
858 1750 1159 1822 καταλείψῃ
1204 1752 1265 1806 10
1307 1752 1437 1805 ῐδιον
1483 1752 1699 1823 θέλημα
1722 1771 1733 1781 ·

182 1848 300 1899 ὅταν
328 1845 385 1898 δὲ
412 1844 671 1915 συμπαθῆ
690 1844 791 1915 ,τῷ
818 1845 931 1915 ἰδίῳ
959 1844 1245 1915 θελήματι,
1276 1846 1336 1899 οὐ
1368 1845 1555 1915 βλέπει
1583 1845 1735 1915 ἄμω-

187 1951 279 2003 μον
303 1933 400 2003 τὴν
424 1932 545 1987 ὁδὸν
569 1933 664 1986 106
704 1932 860 1987 Θεοῦ.
906 1933 1043 1987 Ἀλλ’
1069 1934 1174 1988 είτι
1205 1935 1250 1989 δ’
1280 1934 1347 1988 ἂν
1372 1933 1580 2006 ἀκούσῃ
1612 1936 1737 2007 περὶ

181 1993 490 2090 άσφαλείας,
524 2019 725 2084 εὐθέως
770 2021 1066 2091 μέμφεται,
1110 2021 1435 2085 καταπτύει,
1473 1993 1739 2093 0150100-
1771 1993 1811 2047 Β

179 2128 351 2180 φεται,
376 2111 707 2181 άντικρούει.
756 2111 881 2174 Πῶς
915 2112 1024 2182 γὰρ
1056 2112 1170 2181 ἔχει
1198 2111 1485 2181 ἀνέχεσθαί
1510 2129 1671 2179 τινος,
1704 2113 1736 2183 ἢ

179 2202 458 2274 πεισθῆναι
498 2203 788 2273 οἱᾳδήποτε
835 2203 1157 2274 συμϐουλίᾳ,
1193 2206 1229 2257 ό
1257 2204 1474 2273 κρατῶν
1514 2205 1574 2258 τὸ
1611 2204 1738 2257 ίδιον

178 2291 415 2362 θέλημα;
461 2290 594 2346 Εἶτα
645 2293 796 2362 λέγει
833 2294 863 2347 0
899 2293 1080 2364 γέρων
1120 2293 1214 2348 καὶ
1243 2294 1372 2366 περὶ
1400 2294 1492 2348 τοῦ
1519 2292 1736 2348 δικαιώ-

178 2398 377 2451 ματοςο
440 2401 459 2434 ι
507 2381 633 2435 Ἐὰν
659 2383 717 2436 δὲ
748 2382 842 2436 καὶ
882 2382 944 2436 τὸ
979 2381 1253 2452 δικαίωμα
1298 2382 1612 2453 συνεργήσῃ
1660 2381 1737 2451 τῷ

175 2473 452 2545 θελήματι,
475 2472 576 2527 οὐκ
599 2473 941 2543 εὐσυστροφῇ
968 2472 1270 2545 ἄνθρωπος.
1305 2492 1322 2525 ι
1350 2471 1552 2525 Βαϐαίί
1579 2471 1737 2524 ποίαν

171 2562 483 2617 ἀκολουθίαν
516 2562 729 2633 ἔχουσιν
756 2563 806 2617 οί
842 2561 989 2631 λόγοι
1017 2565 1126 2615 τῶν
1171 2560 1463 2632 Πατέρωνί
1499 2561 1737 2625 Θάνατος

174 2656 353 2717 ἰδικῶς
385 2655 500 2708 ἐστι
532 2655 594 2708 τὸ
626 2652 913 2726 εὑρεθῆναι
939 2652 1213 2722 δικαίωμα
1255 2652 1395 2722 μετὰ
1437 2650 1532 2705 106
1575 2651 1735 2723 θελή-

173 2764 355 2817 ματος,
408 2746 584 2817 μέγας
616 2744 878 2810 κίνδυνος,
926 2744 1099 2815 μέγας
1124 2743 1311 2813 φόϐος.
1364 2745 1497 2797 Τότε
1544 2744 1734 2797 πίπτει

166 2838 382 2899 τελείως
402 2840 431 2891 0
452 2836 651 2900 άθλιος.
682 2836 777 2898 Τίς
798 2835 906 2906 γὰρ
934 2835 1112 2889 πείθει
1136 2834 1228 2888 τὸν
1250 2835 1489 2889 τοιοῦτον
1515 2833 1737 2888 πιστεῦ-

170 2946 279 2993 σαι,
318 2929 399 2982 ὅτι
429 2924 568 2982 εἶδεν
610 2927 895 2997 ἄνθρωπος
942 2926 1106 2979 πλέον
1152 2925 1315 2980 αὐτοῦ
1348 2925 1409 2979 τὸ
1456 2926 1735 2997 συμφέρον

164 3018 335 3089 αὐτῷ,
381 3020 504 3073 τότε
548 3019 768 3083 τελείως
820 3018 1099 3072 ἐκδίδωσιν
1132 3019 1325 3071 ἑαυτὸν
1372 3017 1733 3087 ἀκολουθῆσαι

164 3111 243 3180 τῷ
268 3110 379 3181 ἰδίῳ
410 3111 699 3180 θελήματι,
735 3110 828 3163 καὶ
852 3108 930 3179 τῷ
966 3109 1079 3179 ἰδίῳ
1108 3106 1379 3179 λογισμῷ·
1408 3108 1503 3163 καὶ
1527 3108 1730 3173 λοιπὸν,

160 3202 240 3264 ὡς
273 3202 414 3254 θέλει
445 3202 474 3254 0
506 3201 721 3273 ὲχθρδς,
753 3200 1094 3271 πτωματίξει
1119 3200 1298 3254 αὐτόν.
1334 3198 1434 3253 Διὰ
1457 3198 1615 3252 τοῦτο
1646 3198 1731 3252 λέ-

162 3308 273 3359 γει,
302 3290 571 3359 «Πονηρὸς
603 3291 911 3353 κακοποιεί,
936 3289 1064 3343 ὃταν
1097 3287 1358 3358 συμμίξει
1387 3288 1680 3359 δικαίωμα.
1704 3306 1723 3340 ι
1759 3324 1801 3382 C

159 3384 328 3435 Μισεί
346 3383 401 3435 δὲ
420 3386 435 3401 ‘
452 3377 597 3451 εἶχον
615 3379 933 3448 ἀσφαλείας.
952 3379 1133 3448 Λέγει,
1156 3378 1343 3449 ἐπειδὴ
1366 3379 1426 3432 οὐ
1452 3380 1612 3450 μόνον
1633 3380 1732 3449 τὴν

160 3473 463 3542 ἀσφάλειαν
517 3472 667 3542 μισεῖ
711 3471 739 3522 0
787 3470 1043 3539 πονηρὸς,
1091 3469 1227 3523 ἀλλὰ
1257 3469 1376 3523 οὐδὲ
1403 3470 1502 3540 τὴν
1549 3470 1732 3541 φωνὴν

155 3563 335 3631 αὐτῆς
362 3561 582 3615 δύναται
607 3560 838 3613 ἀκοῦσαι
857 3577 870 3591 ·
902 3560 1040 3612 ἀλλὰ
1064 3560 1159 3612 καὶ
1186 3558 1345 3613 αὑτὸν
1366 3559 1457 3612 τὸν
1483 3555 1615 3629 ἦχον
1634 3563 1733 3631 τῆς

156 3652 463 3722 ἀσφαλείας
495 3655 663 3722 μισεῖ,
706 3652 851 3704 τοῦτ’
880 3652 1030 3704 ἔστιν
1072 3650 1204 3704 αὐτὸ
1247 3650 1309 3703 τὸ
1353 3648 1635 3706 λαλεῖσθαι
1679 3668 1733 3705 τι

155 3744 293 3814 περὶ
317 3743 615 3812 ἀσφαλείας
634 3759 647 3772 °
674 3738 784 3796 οἷόν
810 3760 863 3796 τι
895 3742 1056 3810 λέγω·
1094 3741 1206 3811 Πρὸ
1238 3738 1333 3794 τοῦ
1364 3741 1655 3812 ἐνεργῆσαί
1678 3760 1732 3796 τι

149 3837 251 3889 10v
285 3834 641 3907 ἐπερωτῶντα
661 3834 788 3906 περὶ
815 3833 1110 3902 ὠφελείας,
1147 3832 1253 3903 πρὸ
1285 3832 1379 3886 τοῦ
1407 3832 1609 3900 γνῶναι
1639 3833 1731 3887 τὸν

151 3926 378 3998 ἐχθρὸν,
398 3928 447 3979 εἰ
473 3925 729 3994 φυλάττει
758 3926 787 3977 ὃ
807 3924 1016 3987 ἀκούει,
1047 3924 1080 3993 ἦ
1105 3922 1166 3975 οὐ
1187 3922 1444 3990 φυλάττει
1468 3922 1497 3975 δ
1520 3921 1728 3987 ἀκούει,

156 4017 313 4080 μισεῖ
348 4017 477 4069 σὺτδ
519 4015 656 4079 ὅλως
687 4015 748 4068 τὸ
774 4012 1116 4087 ἐπερωτῆσαι
1143 4030 1263 4077 τινα
1300 4013 1392 4065 καὶ
1421 4011 1650 4066 ἀκοῦσαί
1678 4030 1731 4067 τι

144 4107 269 4160 τῶν
298 4108 706 4177 συμφερόντων,
736 4105 906 4176 αὐτὴν
932 4097 1031 4174 τὴν
1065 4102 1266 4173 φωνὴν,
1295 4103 1456 4157 αὐτὸν
1487 4104 1577 4157 τὸν
1600 4099 1731 4174 ἦχον

144 4195 270 4250 τῶν
302 4196 563 4248 τοιούτων
609 4194 783 4261 λόγων
831 4195 977 4263 μισεῖ
1014 4194 1109 4246 καὶ
1149 4192 1593 4264 ἀποστρέφεται.
1622 4194 1731 4245 Καὶ

144 4282 305 4350 λέγω
355 4283 444 4336 διὰ
487 4282 576 4347 τίς
620 4278 777 4334 Οἶδεν
809 4282 890 4334 ὅτι
936 4281 1073 4344 τέως
1121 4283 1320 4334 νοεῖται
1357 4282 1390 4351 ἡ
1426 4283 1730 4353 κακουργία

142 4372 351 4437 αὐτοῦ,
379 4373 465 4425 διὰ
486 4370 649 4425 αὐτοῦ
676 4371 955 4442 ἐπερωτᾷν
982 4372 1077 4424 καὶ
1101 4371 1401 4441 γυμνάζειν
1424 4370 1578 4439 λόγον
1603 4374 1730 4443 περί⁵

138 4464 447 4533 ὠφελείας,
475 4463 571 4517 καὶ
597 4464 748 4516 οὐδὲν
772 4462 943 4525 οὕτως
975 4466 1124 4532 μισεῖ
1152 4463 1245 4516 καὶ
1269 4461 1533 4530 φοϐεῖται,
1562 4461 1637 4526 ὡς
1668 4462 1729 4516 τὸ

137 4555 503 4626 γνωσθῆναι·
551 4554 736 4625 ἐπειδὴ
770 4554 870 4607 οὐκ
912 4553 990 4605 ἔτι
1040 4553 1283 4623 εὑρίσκει
1323 4551 1726 4618 ἐπιϐουλεῦσαι,

133 4646 227 4708 ὠς
284 4643 450 4697 θέλει.
504 4643 629 4697 Ἐὰν
676 4644 783 4714 γὰρ
828 4642 1181 4711 άσφαλίξεται
1229 4645 1262 4714 ἡ
1310 4642 1457 4713 ψυχὴ
1498 4642 1587 4696 διὰ
1634 4641 1727 4696 τοῦ

1834 4649 1883 4695 et
1919 4639 2253 4707 interrogant
2302 4654 2318 4691 :

132 4739 477 4806 ἀναγγεῖλαι
510 4737 718 4799 πάντα,
763 4736 859 4789 καὶ
891 4735 1120 4790 ἀκοῦσαι
1154 4736 1306 4806 παρά
1335 4752 1479 4797 τινος
1507 4735 1724 4801 εἰδότος,

133 4829 334 4882 Τὒῦτο
362 4827 605 4895 ποίησον,
626 4825 783 4878 τοῦτο
813 4823 888 4895 μὴ
916 4826 1179 4894 ποιήσεις,
1198 4822 1355 4877 τοῦτο
1376 4823 1538 4887 καλός
1558 4826 1727 4889 ἐστιν,

1847 767 2001 810 scere
2026 753 2110 807 vel
2142 767 2387 825 quaerere
2408 767 2724 823 possumus,
2761 770 2884 810 cum
2913 757 3071 814 nobis
3096 759 3229 828 ipsis
3245 764 3419 817 credi-

1847 858 1992 908 mus,
2014 858 2137 898 cum
2157 844 2435 914 proprium
2463 846 2756 915 appetitum
2787 847 2842 901 in
2866 850 3078 905 cunctis
3097 853 3420 922 sequimur?

1917 932 1982 987 ll.
2025 931 2204 998 Quare
2224 934 2395 989 abbas
2421 944 2608 1003 pastor
2638 936 2895 1005 praeclare
2924 938 3116 995 solitus
3164 950 3283 996 erat
3334 940 3420 995 di-

1843 1037 1965 1079 cere
1992 1040 2005 1076 :
2032 1021 2296 1079 Parietem
2331 1038 2452 1078 esse
2478 1039 2686 1080 aeneum
2720 1027 3051 1083 voluntatem
3081 1031 3221 1086 inter
3248 1030 3416 1087 Deum

1842 1125 1898 1168 et
1956 1114 2223 1171 homines.
2288 1116 2565 1171 Advertite
2609 1120 2852 1174 animum
2905 1121 2973 1174 ad
3025 1136 3087 1175 ea
3113 1138 3233 1191 quae
3255 1122 3413 1179 dixit.

1842 1204 2052 1275 Adjecit
2112 1222 2375 1260 rursum:
2438 1224 2457 1257 ι
2503 1204 2661 1261 Petra
2717 1218 2802 1263 est
2847 1211 3240 1279 repercutiens,
3267 1221 3416 1268 etex

1842 1296 2088 1365 opposito
2151 1296 2501 1353 reverberans
2556 1298 2792 1353 divinam
2865 1301 3221 1357 voluntatem.
3281 1300 3413 1356 Eam

1844 1386 2009 1457 igitur
2033 1389 2077 1442 si
2114 1388 2392 1458 reliquerit
2420 1388 2603 1453 homo,
2638 1391 2822 1444 statim
2859 1391 2933 1445 ait
2967 1409 2981 1447 :
3018 1391 3085 1446 In
3132 1391 3236 1447 Deo
3297 1409 3409 1447 meo

1843 1478 2202 1546 transgrediar
2237 1494 2445 1531 murum
2483 1493 2503 1533 :
2556 1478 2696 1532 Deus
2724 1495 2885 1547 nteus,
2942 1482 3286 1537 immaculata
3327 1485 3411 1537 via

1840 1568 1955 1637 ejus
1993 1578 2040 1620 ν.
2070 1588 2090 1621 ι
2133 1568 2305 1634 Quam
2340 1569 2594 1637 praeclare
2629 1570 2804 1624 dixit!
2859 1579 2988 1627 tunc
3036 1574 3181 1628 enim
3212 1574 3413 1628 intelli-

1840 1662 1920 1733 git
1972 1663 2112 1717 viam
2165 1662 2330 1734 399
2355 1661 2445 1717 Dei
2495 1663 2695 1717 nullam
2720 1662 2918 1719 habere
2946 1665 3235 1730 maculam,
3285 1681 3410 1720 cmn

1840 1755 2118 1825 reliquerit
2165 1754 2434 1822 propriam
2485 1755 2863 1810 voluntatem:
2921 1756 3005 1811 sin
3072 1766 3251 1813 autem
3284 1773 3415 1826 pro-

1840 1846 1971 1916 prize
1996 1846 2295 1900 voluntatis
2326 1845 2607 1900 affectibus
2650 1847 2940 1912 consentit,
2995 1864 3103 1903 non
3161 1849 3412 1919 intelligit

1837 1937 1980 1991 viam
2037 1934 2133 1990 Dei
2186 1935 2612 1990 immaculatam.
2652 1934 2757 1989 Sed
2798 1936 2844 1990 si
2893 1936 3112 2005 quando
3143 1937 3411 1992 audiverit

1838 2033 2031 2079 cautos
2081 2038 2204 2079 esse
2264 2038 2363 2077 nos
2416 2031 2685 2092 oportere.
2743 2024 2968 2079 cautelae
2998 2039 3194 2080 nomen
3223 2027 3407 2081 statim

1838 2120 2055 2168 recusat
2112 2123 2167 2167 et
2225 2113 2453 2182 respuit,
2514 2112 2720 2181 repellit
2763 2119 2817 2167 et
2850 2114 3131 2169 avertitur.
3168 2114 3288 2180 Quo
3316 2131 3412 2186 pa.

1836 2209 1926 2257 cto
1951 2202 2095 2256 enim
2128 2200 2397 2257 sustinere
2423 2201 2730 2270 quempiam
2762 2202 2935 2270 possit
2960 2201 3044 2257 vel
3071 2202 3233 2258 ullius
3278 2219 3410 2259 con—

1837 2292 1961 2347 silio
1990 2291 2324 2361 persuaderi,
2344 2292 2435 2360 qui
2468 2292 2742 2361 propriam
2767 2292 3014 2355 sequitur
3033 2292 3411 2348 voluntatem?

1837 2382 2099 2452 Deinceps
2121 2390 2175 2437 et
2227 2382 2294 2435 de
2319 2381 2530 2450 justitia
2568 2382 2644 2435 ait
2674 2397 2878 2438 senex:
2914 2402 2933 2435 ι
2965 2380 3022 2437 Si
3079 2394 3260 2440 autem
3317 2386 3408 2456 ju-

1836 2473 1984 2529 stitia
2012 2472 2275 2529 voluntati
2309 2480 2654 2541 cooperetur,
2708 2486 2817 2527 non
2878 2473 3016 2529 bene
3070 2478 3407 2532 convertitur

1835 2565 2020 2619 homo.
2063 2582 2082 2615 ι
2136 2565 2320 2632 Papae!
2374 2578 2534 2630 quam
2585 2564 3025 2633 consequentiam
3052 2564 3252 2622 habent
3280 2583 3407 2623 san-

1835 2664 2043 2711 ctorum
2102 2655 2294 2710 dicta!
2367 2654 2662 2719 lutei-ilus,
2712 2654 2979 2724 inquam,
3046 2666 3131 2712 est.
3196 2659 3403 2729 justitia

1834 2749 2112 2804 voluntate
2167 2747 2472 2814 commista,
2534 2762 2808 2804 summum
2875 2748 3406 2819 periculum.maxi-

1835 2854 1959 2894 mus
1991 2853 2179 2911 pavor.
2222 2836 2377 2893 Tunc
2414 2839 2640 2893 omnino
2696 2838 3053 2908 periclitatur,
3110 2840 3217 2897 imo
3268 2845 3408 2913 perit

1834 2931 2043 2988 infelix.
2094 2930 2229 2998 Quis
2285 2930 2431 2986 enim
2492 2930 2671 2986 valeat
2698 2930 2825 2986 huic
2845 2932 3172 3001 persuadere
3203 2942 3263 2989 ut
3283 2950 3403 2991 ere-

1833 3023 1945 3089 dat,
1991 3024 2086 3094 qui
2130 3038 2228 3092 per
2287 3038 2347 3077 se
2396 3021 2583 3078 videns
2631 3021 2761 3091 quid
2784 3031 3019 3091 praestet,
3060 3023 3191 3093 quid
3230 3027 3405 3096 magis

1835 3113 1966 3167 utile
1989 3113 2081 3179 sit,
2137 3113 2374 3167 maxime
2417 3120 2597 3166 tamen
2645 3111 2933 3168 adducitur
2959 3123 3016 3168 ut
3038 3115 3269 3184 propriae
3289 3117 3405 3184 opi-

1833 3201 1984 3255 nioni
2033 3199 2328 3255 inhaereat?
2381 3200 2527 3255 Bene
2556 3199 2719 3270 igitur
2747 3209 2807 3254 ut
2836 3209 2987 3270 optat
3034 3201 3286 3259 inimicus
3335 3204 3403 3259 il-

1835 3288 1947 3342 lum
2007 3287 2335 3357 supplantat,
2377 3295 2431 3342 et
2483 3286 2591 3341 labi
2646 3296 2701 3342 et
2751 3286 2944 3342 cadere
2969 3276 3118 3342 facit.
3149 3289 3276 3344 Ideo
3303 3292 3400 3353 ait.

1841 3398 1860 3432 ι
1907 3378 2062 3435 Tunc
2093 3379 2234 3433 male
2259 3379 2681 3449 agitmalignus,
2721 3392 2843 3434 cum
2900 3377 3166 3448 justitiam
3230 3383 3404 3437 admi-

1832 3480 1963 3527 srct.
2004 3489 2023 3523 ι
2074 3470 2199 3525 Odit
2245 3479 2423 3526 autem
2468 3470 2693 3526 cautelae
2750 3486 2943 3525 nomen
3002 3473 3259 3539 maxime,
3306 3489 3401 3529 ne-

1832 3577 1938 3632 que
1990 3561 2104 3616 odit
2155 3562 2356 3625 solum,
2416 3560 2510 3616 sed
2541 3575 2640 3616 nec
2666 3561 2834 3630 ipsius
2870 3561 3021 3616 verbi
3059 3577 3255 3617 sonum
3289 3566 3403 3633 pati

1831 3662 2026 3725 potest.
2085 3652 2208 3709 Odit
2254 3651 2516 3722 quidquid
2554 3652 2621 3706 de
2672 3666 2734 3705 ea
2789 3651 3001 3707 locutus
3040 3654 3165 3722 quis
3216 3652 3399 3719 fuerit,

1833 3756 1892 3800 ut
1945 3743 2092 3798 verbi
2122 3743 2331 3812 gratia:
2388 3742 2691 3811 Antequam
2718 3741 3015 3811 quidquam
3041 3743 3165 3813 quis
3206 3758 3402 3813 opere-

1832 3843 1939 3897 tur,
1996 3838 2381 3901 percunctatur
2416 3830 2483 3885 de
2530 3832 2651 3899 ejus
2677 3830 2754 3884 rei
2786 3845 2947 3900 quam
2977 3832 3191 3901 aggredi
3229 3833 3395 3902 cupit,

1832 3916 2105 3971 utilitate:
2155 3925 2447 3985 antequam
2491 3916 2752 3988 intelligat
2815 3916 3010 3983 hostis,
3067 3919 3310 3975 advertat
3332 3935 3400 3976 ne

1830 4008 2073 4061 animum
2119 4007 2184 4062 ad
2214 4022 2279 4062 ea
2314 4023 2435 4077 quae
2477 4008 2753 4073 dicuntur,
2815 4023 3017 4074 necne,
3058 4009 3174 4064 odit
3218 4018 3397 4067 tamen

1830 4097 2055 4150 omnino
2090 4096 2259 4164 ipsam
2290 4097 2793 4166 interrOgationem,
2847 4098 2961 4152 odit
3021 4098 3394 4169 attentionem,

1829 4186 1942 4241 odit
1984 4186 2245 4257 quidquid
2300 4187 2430 4241 utile
2477 4196 2730 4241 narratur
2766 4196 2820 4242 et
2845 4187 3078 4252 dicitur;
3105 4190 3284 4247 ethoc
3314 4200 3395 4248 es‘

1828 4278 1971 4348 quod
1995 4278 2106 4332 ait:
2143 4277 2325 4333 odisse
2356 4293 2479 4332 eum
2508 4286 2561 4331 et
2588 4293 2784 4332 nomen
2810 4287 2864 4333 et
2901 4294 3092 4334 sonum
3150 4283 3392 4347 cautele,

1827 4375 1883 4422 et
1931 4367 2002 4421 ab
2043 4366 2160 4437 ipso
2211 4366 2435 4420 omnino
2472 4366 2663 4420 averti.
2698 4364 2859 4420 Novit
2889 4366 3034 4421 enim
3063 4376 3314 4423 versutus
3342 4377 3397 4423 ct

1829 4459 2058 4513 callidus
2088 4472 2184 4513 eos
2216 4457 2328 4527 jam
2363 4456 2659 4525 intelligere
2696 4457 2781 4511 vel
2813 4456 3079 4525 suspicari
3131 4457 3391 4517 malitiam

1830 4564 2007 4611 suam,
2049 4562 2114 4601 ex
2166 4560 2232 4601 eo
2260 4544 2404 4616 quod
2436 4545 2503 4600 de
2548 4545 2778 4599 utilitate
2816 4559 3121 4600 sermonem
3164 4545 3397 4599 miscent

2375 4651 2473 4691 nec
2516 4636 2813 4706 quidquam
2860 4636 2997 4691 adeo
3052 4634 3395 4690 abominatur

1831 4739 1885 4784 et
1930 4729 2098 4799 fugit,
2153 4741 2317 4797 quam
2365 4726 2527 4796 pandi
2572 4734 2627 4779 et
2668 4725 2864 4795 aperiri
2911 4725 3171 4780 malitiam
3214 4739 3391 4791 suam,

1834 4822 1963 4876 nihil
2030 4817 2370 4888 postmodum
2410 4816 2725 4871 inventurus
2782 4830 2892 4889 quo
2929 4816 3154 4871 insidias
3184 4825 3395 4872 struere

1834 4909 2025 4980 possit,
2100 4906 2483 4974 hominemque
2546 4912 2907 4983 prosternere.
2980 4903 3039 4958 Si
3095 4904 3241 4958 enim
3289 4903 3393 4959 sibi

1834 4999 1935 5067 ipsi
1963 5005 2117 5052 cavet
2171 4989 2407 5066 anima,‘
2429 5008 2587 5063 exeo
2618 4986 2766 5067 quod
2806 4992 2987 5063 omnia
3032 4993 3241 5047 occulta
3295 5006 3394 5047 sua

1805 5067 2176 5153 ’maniﬁstat,
2226 5083 2391 5153 exeo
2442 5074 2585 5153 qu'od
2630 5072 2814 5138 obedit
2871 5083 3024 5137 alteri
3080 5082 3395 5150 sapientiori

1833 5176 2020 5247 qui'se
2052 5168 2302 5240 instruat,
2344 5170 2446 5227 ho'e
2479 5156 2537 5245 ut
2570 5171 2753 5238 faciat,
2791 5172 2919 5226 illud
2944 5179 3005 5224 ut
3060 5169 3250 5239 fugiat,
3292 5164 3396 5223 hoc

1833 5246 2033 5323 bonum
2087 5246 2235 5334 esse,
2287 5265 2417 5319 illud
2442 5264 2569 5318 item
2610 5263 2833 5326 malum,
2874 5262 2979 5316 hoc
3001 5259 3289 5329 justitiam,
3326 5259 3393 5311 il-

1832 5338 1925 5412 lud
1960 5356 2258 5426 appetitum
2288 5372 2301 5408 :
2343 5353 2494 5408 audit
2526 5368 2632 5407 non
2662 5365 2783 5406 esse
2806 5351 2932 5406 item
2976 5360 3188 5418 tempus
3232 5349 3396 5417 hujus

1831 5449 1908 5504 rei
1932 5462 2096 5509 nunc,
2145 5447 2281 5501 alias
2329 5459 2449 5500 esse
2501 5453 2713 5513 tempus
2745 5458 2759 5494 :
2793 5458 2891 5497 nec
2916 5442 3121 5496 invenit
3145 5440 3395 5495 diabolus

1832 5551 1961 5597 tunc
1992 5539 2263 5611 quomodo
2292 5547 2505 5602 noceat,
2557 5535 2829 5606 quomodo
2888 5534 3213 5602 supplantet,
3270 5546 3394 5585 cum

1831 5650 1894 5689 ex
1954 5633 2103 5687 omni
2164 5638 2315 5702 parte
2350 5630 2696 5700 gubernetur,
2725 5640 2846 5679 cum
2872 5626 3109 5694 undique
3136 5631 3285 5677 tutus
3327 5622 3397 5675 sit

1840 5734 1893 5779 et
1957 5732 2171 5779 cautus.
2225 5720 2291 5774 Et
2348 5728 2477 5776 tunc
2527 5718 2579 5775 id
2618 5716 2851 5772 maxime
2877 5713 2935 5770 lit
2984 5712 3129 5784 quod
3151 5712 3395 5767 dicitur:

129 4918 316 4972 τοῦτο
342 4919 443 4969 οὐκ
469 4915 584 4969 ἐστι
631 4914 816 4977 καλὸν,
861 4912 1021 4966 τοῦτο
1065 4913 1342 4984 δικαίωμα
1388 4915 1528 4975 ἔστι.
1574 4911 1729 4966 τοῦτο

130 5007 376 5077 θέλημά
390 5008 525 5072 ὲστι,
542 5005 702 5058 πάλιν
715 5003 923 5069 ἀκούει,
942 5005 1055 5057 Οὐκ
1077 5003 1191 5056 ἔστι
1215 5003 1401 5075 καιρὸς
1423 4994 1727 5056 τούτου”τοῦ
1770 5066 1779 5073 ,

128 5101 486 5170 πράγματος
512 5114 525 5127 ο
550 5097 736 5150 ἄλλοτε
763 5096 949 5150 ἀκούει
970 5111 985 5125 °
1009 5098 1167 5166 Ἀρτι
1204 5097 1392 5167 καιρός
1420 5097 1566 5159 ἐστιν
1586 5112 1600 5127 ·
1631 5096 1728 5165 οὺχ

125 5208 161 5243 ε
173 5188 405 5259 ὑρίσκει
423 5189 450 5240 0
470 5185 709 5248 διάϐολος
726 5185 816 5238 διὰ
827 5185 981 5247 ποίας
996 5186 1175 5249 αἰτίας
1195 5184 1391 5255 βλάψαι
1406 5177 1728 5251 αὑτὸν,ὀὺδὲ

125 5279 275 5342 πῶς
302 5279 458 5349 ῥίψαι
477 5277 656 5341 αὐτὸν,
687 5277 872 5346 ἐπειδὴ
897 5276 1146 5341 πάντοτε,
1168 5275 1243 5339 ὡς
1267 5272 1439 5339 εἷπον,
1460 5276 1728 5347 κυϐερνᾶ-

120 5388 266 5433 ται,
289 5370 390 5422 καὶ
420 5367 751 5438 πανταχόθεν
780 5367 1128 5437 ὴσφάλισται,
1158 5367 1478 5436 καὶγίνεται
1501 5368 1559 5419 ὲν
1580 5365 1728 5436 αὐτῷ

125 5458 427 5527 σωτηρία,
462 5456 813 5524 ’Υπὰρχεται
833 5456 903 5508 ἐν
921 5454 1125 5523 πολλῇ
1161 5456 1321 5519 ,βουλ
1333 5455 1387 5524 ᾖ.
1415 5457 1471 5507 ὐ
1497 5457 1729 5525 πονηρὸς

118 5548 199 5601 δὲ
216 5546 289 5599 οὐ
322 5545 658 5609 θέλειτοῦτο,
682 5546 817 5599 ἀλλὰ
838 5548 1007 5616 μισεῖ.
1028 5546 1181 5599 Θέλει
1208 5545 1317 5616 γὰρ
1337 5547 1725 5615 κακοποιῆσαι,

120 5635 249 5687 καὶ
288 5634 494 5705 μᾶλλον
533 5635 759 5697 ἐκείνοις
794 5636 1005 5705 χαίρει,
1029 5630 1110 5699 οἷς
1159 5636 1235 5706 μὴ
1262 5636 1495 5704 ὑπάρχει
1524 5633 1725 5706 κυϐέρ-

116 5740 338 5795 νησις.
364 5724 562 5792 Διὰτί;
593 5726 779 5796 ἐπειδὴ
806 5727 1128 5781 πίπτουσιν
1158 5725 1357 5794 ὥσπερ
1387 5725 1609 5795 φύλλα.

222 5907 261 5940 ν
309 5897 455 5954 Psal.
491 5914 623 5960 xvn,
661 5899 750 5964 ὅθ,
780 5899 867 5951 51.
