4118 6542
199 548 330 617 1685

1547 551 1926 617 DOCTRINA
1955 553 2056 615 VI.

3286 557 3421 624 1686

189 661 336 730 ἅγιος
361 661 565 728 ἐκεῖνος
595 654 748 718 εἶπεν
808 663 1072 734 Ἁγάθων,
1108 666 1198 720 ὅτε
1228 666 1509 738 ἠρωτήθη,
1538 667 1650 721 Καὶ
1678 669 1741 720 σὺ
1772 718 1774 725 ,

1876 676 2065 722 anctus
2099 666 2344 738 Agathon
2368 668 2543 726 cﬂ'ecit
2565 688 2580 738 ;
2606 671 2722 743 qui,
2748 672 3111 745 interrogatus
3137 687 3205 728 an
3234 674 3426 734 formi-

188 750 576 824 φοὸῇ,ηάτερ;
616 753 972 825 ἀπεκρίνατο,
1021 758 1104 810 ὅτι
1141 775 1161 808 ι
1198 757 1348 821 Τέως
1380 756 1492 826 ἐγὼ
1521 758 1620 827 τὴν
1656 757 1747 810 δύ-

187 843 351 912 ναμίν
384 860 486 913 μου
531 844 784 916 laminae,
814 847 918 900 οὐκ
949 842 1067 901 οἴδα
1096 847 1152 901 δὲ
1191 851 1241 901 εί
1272 848 1436 919 ἤρεσε
1475 848 1537 901 τὸ
1587 848 1747 919 ἔργον

189 950 288 1002 μου
319 933 398 1003 τῷ
428 934 566 1005 Θεῷ.
606 936 769 990 ’Δλλο
794 938 902 1009 γάρ
932 939 1048 992 ἐστι
1076 938 1137 991 τὸ
1157 941 1331 1010 κρῖμα
1351 938 1446 992 τοῦ
1469 938 1624 1005 Θεοῦ,
1654 938 1749 991 καὶ

187 1022 313 1074 ἄλλο
339 1022 402 1075 τὺ
429 1025 538 1078 τῶν
570 1024 893 1095 ἀνθρώπων.
945 1046 964 1080 t
1011 1029 1069 1082 '0
1115 1029 1247 1093 Θεὸς
1295 1029 1559 1083 σκεπάσει
1602 1030 1749 1097 ἡμᾶς

189 1111 433 1166 κινδύνου
460 1114 556 1168 τοῦ
579 1116 686 1169 ἀπὸ
712 1116 808 1171 τοῦ
837 1118 1194 1188 στοιχούντων
1216 1120 1447 1182 ἑαυτοῖς,
1474 1119 1566 1172 καὶ
1592 1117 1753 1182 ἀξιῶ-

190 1216 273 1254 σει
319 1202 592 1272 κρατῆσαι
632 1206 733 1276 τῆν
784 1205 904 1261 όδδν
950 1208 1061 1262 τῶν
1124 1209 1380 1282 πατέρων
1432 1209 1593 1280 ἡμῶν
1624 1191 1753 1262 ’τῶν

192 1288 676 1361 εὐαρεστησάντων
703 1292 781 1365 τῷ
808 1294 1031 1366 ὀνόματι
1062 1296 1249 1352 αὑτοῦ.

708 1407 1043 1463 ΔΙΔΔΣΚΔΛ
1051 1408 1121 1463 ΙΔ
1157 1411 1249 1476 ς’.

471 1512 615 1580 Περί
652 1513 761 1569 τοῦ
797 1513 886 1583 μὴ
923 1516 1153 1584 κρίνειν
1191 1518 1478 1584 πλησίον.

264 1598 342 1654 Αν.
399 1598 463 1654 El
514 1600 976 1671 ὲμνημονεῦομεν,
1007 1602 1245 1672 ἀδελφοὶ,
1270 1604 1379 1659 τῶν
1428 1605 1599 1674 λόγων
1652 1606 1758 1659 τῶν

194 1689 366 1757 ἁγίων
409 1690 713 1760 γερόντων,
761 1693 810 1746 εί
860 1693 1206 1765 ἐμελετῶμεν
1259 1696 1455 1760 αὐτοὺς
1495 1697 1756 1761 πάντοτε,

195 1779 474 1850 δυσχερῶς
501 1781 721 1852 είχομεν
748 1782 972 1853 ἀμελεῖν
994 1786 1220 1842 ἑαυτῶν.
1255 1787 1319 1841 Ei
1346 1788 1477 1859 γὰρ,
1506 1789 1581 1852 ὡς
1606 1784 1761 1842 εἷπον

197 1870 418 1932 ἐκεῖνοι,
474 1869 551 1941 μὴ
600 1873 1033 1944 καταφρονῶμεν
1073 1876 1184 1929 τῶν
1250 1877 1496 1949 μικρῶν,
1538 1878 1633 1932 καὶ
1676 1878 1764 1931 δοο

1852 755 2321 829 θατθιητεεροιιάὶι
2361 776 2376 813 :
2418 757 2736 827 «Laboravi,
2768 762 3011 834 inquam,
3038 779 3139 834 pro
3168 763 3427 823 facultate

1853 861 1972 900 mea
2001 863 2015 899 :
2051 861 2188 916 opus
2210 859 2387 905 autem
2424 865 2607 906 meum
2646 861 2931 921 gratumne
2974 853 3139 911 fuerit
3164 854 3296 922 Deo,
3324 856 3430 913 hoc

1854 948 1962 987 non
1991 934 2114 989 novi
2141 952 2155 989 :
2189 936 2332 991 aliud
2350 946 2433 993 est
2453 939 2601 993 enim
2627 940 2720 998 Dei
2739 939 3028 1010 judicium,
3067 951 3122 998 et
3147 944 3296 999 aliud
3326 945 3431 998 ho-

1855 1022 2082 1078 minum.
2118 1043 2137 1076 ι
2168 1024 2308 1079 Deus
2346 1043 2445 1082 nos
2470 1030 2667 1098 eripiat
2692 1030 2763 1085 ab
2807 1031 2913 1086 hoc
2963 1032 3206 1101 periculo
3264 1029 3428 1088 insti-

1858 1112 2043 1167 tuendi
2073 1130 2174 1171 nos
2196 1116 2365 1184 ipsos,
2397 1118 2697 1188 dignosque
2725 1118 2890 1175 faciat
2940 1127 3001 1174 ut
3059 1134 3356 1189 sequamur
3377 1129 3433 1174 et

1857 1212 2138 1262 timeamus
2205 1207 2351 1263 viam
2419 1221 2634 1277 patrum
2688 1218 3029 1277 nostrorum,
3077 1209 3174 1281 qui
3221 1210 3431 1265 nomini

1858 1299 1979 1368 ejus
2006 1298 2348 1368 placuerunt.

2421 1406 2772 1463 DOCTRINA
2811 1408 2894 1465 VI.

2249 1512 2333 1567 Ne
2383 1515 2684 1584 proximum
2725 1514 3045 1584 judicemus.

1932 1605 1975 1658 ι.
2000 1602 2057 1658 Si
2084 1602 2511 1666 meminerimus,
2529 1604 2744 1665 fratres,
2765 1603 2909 1658 dicta
2926 1612 3232 1659 sanctorum
3249 1602 3434 1673 senio-

1864 1711 2005 1759 rum,
2034 1695 2081 1750 si
2110 1695 2435 1749 meditemur
2455 1709 2518 1750 ea
2547 1709 2959 1764 usquequaque,
2994 1708 3103 1749 non
3133 1693 3289 1748 facile
3333 1708 3434 1748 nos

1866 1787 2016 1854 ipsos
2038 1786 2396 1854 negligemus.
2421 1783 2478 1838 Si
2522 1785 2691 1849 enim,
2747 1793 2810 1838 ut
2861 1782 2941 1839 illi
2984 1783 3262 1849 dixerunt,
3326 1798 3432 1836 non

1868 1891 2188 1945 spernamus
2227 1888 2415 1944 parva,
2448 1882 2504 1928 ct
2546 1888 2668 1943 qum
2720 1874 2879 1929 nobis
2926 1873 3128 1928 nullius
3172 1871 3434 1927 momenti

200 1958 443 2015 κούντων
493 1963 627 2032 ἡμῖν
672 1958 812 2016 εῖναι
854 1965 1208 2036 μηδαμινῶν,
1258 1969 1359 2021 οὐκ
1402 1969 1622 2039 εἴχομεν
1664 1972 1764 2039 ἑμ-

1876 1966 2138 2031 videntur,
2165 1980 2273 2020 non
2303 1965 2598 2036 poterimus
2622 1963 2858 2019 incidere
2887 1963 2942 2022 in
2991 1977 3186 2031 magna
3226 1971 3280 2016 et
3313 1976 3436 2030 gra-

198 2051 430 2106 πίπτειν
457 2054 537 2116 είς
564 2054 632 2108 τὰ
679 2056 890 2124 μεγάλα
932 2058 1026 2112 καὶ
1066 2058 1256 2130 βαρέα.
1312 2061 1423 2115 Ἀεὶ
1456 2062 1602 2130 λέγω
1631 2063 1761 2132 ὑμῖν

1876 2060 1968 2113 via.
2005 2058 2284 2114 Admoneo
2307 2071 2406 2111 vos
2452 2071 2665 2124 semper
2713 2071 2779 2109 ex
2831 2056 2917 2108 his
2971 2053 3250 2113 minimis;
3310 2066 3458 2136 cum.

196 2142 284 2195 ὅτι
310 2143 374 2195 ἐκ
396 2142 599 2197 τούτων
621 2145 729 2198 τῶν
741 2145 972 2214 λεπτῶν,
997 2149 1063 2201 ὲκ
1088 2148 1183 2203 τοῦ
1208 2149 1407 2218 λέγειν,
1426 2152 1492 2205 Τί
1515 2154 1623 2223 γάρ
1646 2155 1762 2207 ἐστι

1876 2151 2088 2212 icilicet,
2137 2149 2394 2212 dicimus,
2437 2147 2565 2217 quid
2615 2147 2749 2210 hoc,
2789 2145 2921 2215 quid
2960 2145 3092 2199 illud
3128 2142 3249 2198 est!
3317 2134 3436 2196 ﬁeri

195 2232 388 2296 τοῦτος
430 2234 481 2287 τί
510 2234 662 2288 ἔστιν
706 2237 922 2303 ὲκείνο;
958 2239 1165 2306 γίνεται
1208 2240 1354 2314 κακὴ
1398 2242 1653 2313 συνήθεια
1696 2246 1762 2313 τῇ

202 2320 372 2390 ψυχῇ,
425 2323 519 2375 καὶ
569 2324 795 2395 ἄρχεται
852 2328 935 2391 εἰς
987 2326 1059 2381 τὰ
1110 2330 1323 2399 μεγάλα
1382 2336 1762 2401 καταφρονεῖν.

205 2406 371 2473 Οἶδας
418 2415 572 2466 ποῖον
605 2414 745 2485 βαρὺ
799 2416 1102 2487 ἁμάρτημά
1150 2421 1268 2473 ἐστι
1314 2420 1376 2474 τὺ
1427 2422 1632 2492 κρίνειν
1674 2422 1767 2478 τὸν

203 2500 467 2567 πλησίον;
493 2502 547 2555 τί
574 2502 684 2573 γὰρ
716 2504 909 2559 τούτου
967 2507 1299 2579 βαρύτερονς
1342 2510 1397 2564 τί
1440 2512 1548 2585 γὰρ
1594 2512 1766 2578 οὕτως

207 2593 358 2677 μισεῖ
379 2594 407 2645 ό
433 2592 568 2657 Θεὸς
597 2596 690 2648 καὶ
713 2597 1331 2668 ἀποστρέφεται,καθὼς
1347 2604 1440 2657 καὶ
1469 2606 1518 2657 οί
1553 2605 1770 2677 Πάτρες

201 2676 380 2745 εἷπον,
416 2683 499 2737 ὅτι
531 2685 681 2740 οὑδὺν
698 2689 877 2757 χεῖρον
905 2686 1002 2742 τοῦ
1034 2692 1356 2761 κρῖναιςκαὶ
1369 2696 1518 2764 ὅμως
1529 2694 1637 2748 ἀπὸ
1650 2676 1772 2749 τού-

200 2790 335 2835 των,
351 2776 533 2844 φησὶν,
555 2776 663 2830 τῶν
681 2778 1017 2849 φαινομένων
1028 2782 1278 2849 εὐτελῶν,
1290 2782 1507 2855 ἔρχεταί
1522 2802 1608 2849 τις
1619 2788 1699 2851 είς
1712 2787 1774 2840 τὸ

202 2863 448 2916 τοιοῦτον
483 2866 625 2934 μέγα
655 2868 841 2924 κακόν.
889 2871 982 2925 Ἐκ
1015 2873 1110 2926 τοῦ
1143 2874 1253 2946 γὰρ
1295 2875 1549 2941 δέξασθαι
1573 2878 1775 2949 μικρὰν

202 2952 463 3007 ὑπόνοιαν
480 2955 620 3008 κατὰ
635 2956 727 3009 τοῦ
746 2957 991 3028 πλησίον,
1004 2963 1068 3014 ὲκ
1096 2962 1189 3015 τοῦ
1206 2964 1406 3033 λέγειν,
1422 2967 1489 3019 Τί
1506 2969 1613 3037 γάρ
1630 2970 1777 3022 ἐστιν

203 3042 308 3095 ἐὰν
336 3044 474 3096 εἴπω
505 3044 659 3112 κάγὼ
690 3045 876 3100 τοῦτον
914 3049 1004 3104 τὸν
1045 3051 1140 3104 ἕνα
1180 3052 1365 3120 λόγονς
1404 3054 1459 3107 τί
1500 3057 1649 3109 ἐστιν
1682 3056 1779 3110 ἐὰν

204 3132 306 3185 ῐδω
335 3133 388 3185 τί
420 3134 570 3188 λαλεῖ
596 3130 749 3199 οὗτος
789 3138 1048 3207 ἀδελφὸς,
1075 3141 1108 3210 ἢ
1143 3143 1350 3208 ἐκεῖνος
1381 3146 1411 3197 ό
1440 3145 1591 3210 ξένος
1620 3146 1781 3218 ποιῆ-

205 3238 340 3287 σαι;
396 3223 660 3294 Ἀρχεται
703 3228 732 3279 ό
778 3228 901 3291 νοῦς
946 3231 1165 3297 ἀφιέναι
1210 3233 1309 3297 τάς
1360 3235 1630 3306 ἁμαρτίας
1676 3237 1776 3298 τάς

1867 2243 2067 2295 malam
2101 2239 2156 2292 in
2180 2238 2361 2292 anima
2385 2247 2573 2291 nostra
2602 2234 3074 2297 consuetudinem,
3101 2241 3156 2287 et
3166 2232 3278 2303 jam
3303 2231 3441 2286 inci-

1864 2346 1993 2402 pere
2016 2344 2115 2384 nos
2146 2329 2201 2382 in
2224 2327 2430 2397 majora
2466 2326 2767 2395 spernendo
2786 2325 3019 2394 prolabi.
3047 2324 3242 2379 Cernis
3272 2337 3438 2392 quam

1867 2435 2035 2493 grave
2079 2426 2363 2487 peccatum
2411 2416 2483 2471 sit
2522 2416 2830 2484 proximum
2868 2413 3149 2485 judicare?
3177 2412 3306 2483 quid
3335 2412 3441 2467 hoc

1867 2511 2084 2582 gravius
2100 2523 2219 2564 esse
2235 2506 2442 2577 potest?
2456 2504 2601 2560 Nihil
2626 2506 2770 2561 enim
2790 2506 2926 2560 adeo
2945 2513 3259 2560 exsecratur
3273 2502 3436 2565 Deus,

1869 2604 2052 2658 oditet
2073 2601 2441 2665 abominetur,
2471 2614 2539 2653 ex
2560 2597 2824 2654 sententia
2852 2596 3107 2662 Patrum;
3130 2597 3255 2667 quia
3282 2604 3442 2650 teme-

1870 2695 2018 2751 rario
2037 2693 2244 2764 judicio
2271 2690 2407 2746 nihil
2434 2698 2520 2747 est
2545 2688 2813 2745 deterius.
2832 2688 2899 2744 Et
2914 2698 3091 2743 tamen
3112 2702 3177 2743 ex
3207 2687 3293 2741 his
3322 2701 3441 2755 qute

1870 2801 2036 2859 parva
2053 2786 2306 2841 videntur
2320 2783 2590 2854 iudicatu,
2608 2783 2662 2836 in
2680 2781 2902 2852 aliquod
2921 2780 3219 2835 maximum
3241 2778 3441 2833 malum

1874 2879 2198 2943 incidimus;
2242 2890 2310 2932 ex
2349 2874 2577 2929 minima
2627 2872 2773 2929 enim
2819 2872 3130 2944 suspicione
3181 2871 3446 2925 adversus

1875 2969 2206 3039 proximum.
2248 2979 2314 3021 ex
2351 2966 2455 3020 hoc
2483 2965 2632 3019 dicto
2666 2982 2682 3019 :
2725 2982 2745 3015 ι
2790 2961 2932 3029 Quid
2968 2969 3083 3024 est,
3127 2961 3174 3017 si
3214 2961 3446 3015 observo

1877 3059 2024 3113 hunc
2046 3057 2268 3112 fratrem
2300 3056 2429 3125 quid
2459 3054 2746 3125 loquatur?
2763 3052 2905 3120 Quid
2934 3062 3039 3115 est,
3057 3051 3103 3106 si
3124 3065 3226 3121 ego
3255 3050 3449 3119 hujus-

1877 3150 2086 3206 cemodi
2115 3162 2418 3204 sermonem
2453 3147 2683 3217 loquor?
2709 3144 2846 3212 Quid
2864 3154 2947 3200 est
2967 3145 3011 3201 si
3038 3144 3252 3199 curiose
3275 3141 3446 3209 inspi-

1879 3243 1966 3299 cio
1987 3240 2114 3311 quid
2139 3240 2227 3295 hic
2243 3238 2427 3304 frater,
2444 3238 2576 3307 quid
2603 3238 2692 3292 hic
2708 3237 2907 3305 hospes
2929 3234 3087 3305 agat?
3108 3233 3320 3301 oltaque
3333 3228 3455 3300 jam

207 3312 368 3402 ίδίας,
403 3316 499 3367 καὶ
522 3315 829 3386 ἀδολεσχεῖν
853 3321 933 3382 είς
956 3320 1026 3375 τὰ
1050 3322 1143 3376 τοῦ
1169 3325 1415 3395 πλησίον.
1449 3328 1557 3381 Καὶ
1587 3328 1771 3384 λοιπὸν

1876 3332 2059 3402 incipit
2080 3345 2234 3385 mens
2256 3330 2472 3400 propria
2492 3335 2711 3399 peccata
2733 3325 3020 3396 negligere,
3041 3337 3163 3393 qua-
3180 3328 3307 3378 sunt
3324 3334 3449 3389 pro-

204 3400 277 3453 ικ
308 3402 496 3454 τούτου
529 3403 738 3471 γίνεται
762 3407 823 3461 τὸ
854 3411 1224 3482 κατακρίνειν,
1254 3413 1315 3468 τὸ
1338 3417 1685 3484 καταλαλεῖν,
1713 3418 1775 3473 τὸ

204 3487 505 3554 ἑξουδενείν
525 3509 539 3523 ·
563 3496 627 3547 ἐκ
647 3497 837 3551 τούτου
865 3502 960 3553 καὶ
991 3502 1071 3564 είς
1094 3503 1234 3557 αὐτὰ
1263 3504 1300 3559 ἃ
1328 3509 1646 3578 κατακρίνει
1666 3527 1772 3573 τις,

204 3580 495 3648 ἐμπίπτει.
542 3582 637 3637 Ἐκ
678 3585 772 3639 τοῦ
821 3586 928 3659 γὰρ
959 3590 1035 3661 μὴ
1066 3595 1338 3664 μεριμνᾷν
1371 3594 1441 3648 τὰ
1473 3596 1578 3650 ίδια
1607 3602 1774 3667 κακὰ,

207 3671 360 3764 μηθὲν
379 3672 603 3739 κλαίειν,
629 3675 707 3739 ὡς
736 3674 888 3731 εἷπον
913 3682 963 3733 οἱ
988 3684 1251 3752 Πατέρες,
1281 3684 1373 3741 τὸν
1408 3687 1538 3742 ἴδιον
1564 3692 1776 3764 νεκρὸν,

204 3760 275 3813 οὐ
304 3760 523 3816 δύναται
564 3765 643 3830 είς
687 3784 740 3821 τι
786 3770 979 3824 ἑαυτὸν
1002 3774 1421 3844 διορθώσασθαι,
1460 3779 1598 3833 ἀλλὰ
1645 3760 1781 3838 πάν-

204 3868 338 3904 τοτε
367 3853 457 3906 τὸν
499 3854 725 3927 πλησίον
767 3859 914 3933 ἔργῳ
946 3863 1245 3934 λαμϐάνει·
1292 3869 1388 3922 καὶ
1427 3871 1579 3925 οὐδὲν
1606 3871 1780 3937 οὕτως

208 3945 541 4013 παροργίζει
580 3948 671 4002 τὸν
711 3950 863 4019 Θεὸν,
910 3957 1005 4008 καὶ
1037 3957 1191 4011 οὐδὲν
1232 3958 1406 4024 οὔτως
1449 3965 1650 4032 γυμνοί
1690 3965 1781 4018 τὸν

209 4034 524 4107 ἄνθρωπον,
571 4039 667 4092 καὶ
703 4040 860 4112 φέρει
893 4044 975 4106 είς
1003 4046 1363 4118 ἀκατάληψιν,
1405 4050 1481 4115 ὡς
1521 4052 1579 4104 τὸ
1615 4070 1782 4108 κατα-

208 4124 413 4193 λαλεῖν,
445 4128 481 4198 ἢ
515 4130 882 4201 κατακρίνειν,
912 4134 945 4204 ἢ
977 4132 1272 4200 ἑξουδενεῖν
1295 4139 1388 4194 τὸν
1416 4140 1661 4212 πλησίον.

288 4297 365 4353 B'.
406 4298 569 4353 Ἀλλο
612 4303 721 4374 γάρ
751 4304 869 4357 ἔστι
914 4307 975 4360 τὸ
1020 4311 1412 4381 καταλαλῆσαι,
1446 4316 1541 4369 καὶ
1568 4316 1697 4371 ἄλλο
1722 4318 1782 4373 τὸ

212 4394 561 4459 κατακρῖναι,
576 4395 671 4447 καὶ
694 4395 822 4449 ἄλλο
850 4397 911 4451 τὸ
931 4399 1304 4465 ἐξουδενῶσαι.
1323 4404 1395 4458 Τὸ
1412 4407 1782 4480 καταλαλῖμιαί

211 4482 360 4569 ἐστι,
387 4482 449 4535 τὸ
475 4483 648 4535 εἰπεῖν
671 4485 814 4541 κατά
833 4503 996 4556 τινος,
1013 4490 1094 4544 ὅτι
1110 4492 1405 4560 Ἐψεύσατο
1432 4495 1686 4569 όόείνα,ἦ
1703 4499 1785 4552 ὅτι

1875 3422 2006 3475 ximi
2064 3421 2364 3476 attendere.
2416 3417 2549 3473 Post
2609 3416 2754 3487 quod
2805 3415 3054 3484 sequitur
3105 3414 3452 3481 obloquium,

1874 3510 2279 3571 condemnatio.
2336 3516 2706 3575 contemptus,
2741 3505 3055 3574 sensimque
3106 3504 3160 3558 in
3215 3518 3279 3557 ea
3334 3501 3454 3571 ipso

1875 3599 2083 3665 incidit,
2112 3612 2233 3667 qua:
2260 3596 2314 3651 in
2330 3596 2502 3650 altero
2528 3595 2753 3650 damnat
2785 3602 2839 3647 et
2880 3591 3110 3661 iudicat.
3170 3587 3457 3659 Negligerc

1874 3689 2020 3745 enim
2048 3686 2265 3758 propria
2299 3685 2462 3748 mala,
2490 3698 2686 3752 neque,
2719 3689 2779 3735 ut
2810 3681 2998 3736 Patres
3028 3678 3303 3739 dixerunt,
3357 3690 3454 3729 ca-

1876 3779 2044 3834 daver
2071 3790 2232 3830 suum
2257 3772 2489 3838 deflere;
2518 3772 2622 3825 hoc
2676 3769 2770 3840 qui
2817 3767 3030 3829 fecerit,
3069 3779 3351 3834 nunquam
3393 3777 3456 3816 sc

1879 3868 2057 3935 ipsum
2093 3864 2310 3932 eriget:
2365 3874 2579 3929 semper
2624 3858 2767 3913 enim
2806 3858 2860 3911 in
2914 3855 3147 3926 proximi
3197 3851 3455 3923 operibus

1879 3953 2193 4009 mordendis
2217 3949 2637 4021 judicandisqae
2662 3945 3044 4016 occupabitur.
3096 3943 3276 4008 Quare
3318 3939 3457 3995 nihil

1889 4043 2029 4098 adeo
2061 4046 2322 4110 provocat
2349 4037 2542 4101 Deum,
2575 4035 2713 4090 nihil
2742 4033 2877 4089 adeo
2927 4034 3207 4088 hominem
3257 4030 3460 4098 spoliat

1878 4141 1933 4189 et
1961 4132 2065 4187 fert
2092 4130 2148 4185 in
2183 4128 2521 4198 ambiguum,
2574 4136 2634 4181 ut
2680 4122 2925 4194 obloqui,
2963 4131 3025 4178 ut
3072 4120 3456 4184 condemnare,

1882 4229 1944 4276 ut
1963 4233 2226 4289 spernere
2250 4216 2559 4287 proximum

1952 4309 2018 4365 ll.
2058 4310 2217 4364 Aliud
2256 4314 2559 4362 autemest
2584 4303 2829 4373 obloqui,
2869 4302 3016 4358 aliud
3070 4299 3456 4369 condemnare,

1883 4383 2033 4457 aliud
2065 4399 2411 4455 contendere.
2438 4394 2673 4465 Obloqui
2702 4392 2924 4463 quidem
2952 4400 3057 4455 est,
3111 4388 3323 4459 aliquid
3354 4388 3462 4443 .di-

1882 4505 2007 4548 cere
2037 4489 2296 4544 adversus
2338 4485 2687 4557 quempiam;
2720 4492 2780 4537 ut
2801 4481 2947 4552 quod
2986 4480 3269 4544 mentitus,
3315 4475 3463 4547 quod

212 4568 544 4649 ὼργίσθη,ἧ
577 4570 661 4623 ὅτι
698 4572 1044 4645 ἐπόρνευσεν,
1077 4580 1112 4651 ἡ
1145 4596 1197 4633 τι
1227 4584 1484 4639 τοιοῦτον.
1516 4586 1655 4657 Ἤδη
1676 4568 1774 4658 γὰρ

1888 4583 2080 4646 iratus,
2112 4578 2257 4649 quod
2286 4576 2591 4632 fornicatus
2647 4574 2738 4640 sit,
2765 4572 2848 4628 vel
2879 4571 3158 4641 quidpiam
3188 4569 3333 4624 aliud
3356 4568 3465 4622 hu-

211 4659 585 4728 κατελάλησεν
612 4660 800 4728 αὐτοῦ,
824 4666 1009 4733 οἱονεὶ,
1037 4650 1264 4742 ἐλάλησε
1296 4676 1419 4728 κατ’
1467 4650 1655 4730 αὐτοῦ.

1886 4671 2209 4744 juscemodi.
2238 4670 2377 4725 Ecce
2398 4674 2679 4738 peccatum
2704 4664 2825 4735 ejus
2852 4661 3094 4733 prodidit
3144 4670 3199 4716 et
3228 4658 3466 4749 disposi-

212 4750 410 4815 παθῶς
426 4751 485 4805 τὸ
501 4754 803 4826 ἁμάρτημα
827 4757 1013 4814 αὑτοῦ.
1039 4760 1112 4814 Τὸ
1130 4762 1188 4815 δὲ
1215 4768 1559 4835 κατακρίναι,
1582 4769 1698 4822 ἐστὶ
1725 4770 1788 4823 τὸ

207 4844 413 4905 εἰπεῖν,
428 4843 510 4895 ὅτι
521 4844 579 4896 '0
591 4845 738 4899 δεῖνα
749 4847 986 4919 ψεύστης
999 4850 1166 4914 ἐστὶν,
1181 4851 1395 4926 ὀργίλος
1410 4856 1579 4923 ἐστὶν,
1592 4858 1788 4929 πόρνος

208 4930 390 4986 ἐστίν.
444 4933 572 4987 Ἰδοὺ
601 4936 708 5003 γὰρ
741 4937 1057 5009 κατέκρινεν
1086 4942 1255 5013 αὐτὴν
1289 4946 1389 5015 τὴν
1414 4946 1653 5001 διάθεσιν
1684 4948 1786 5019 τῆς

209 5021 402 5092 ψυχῆς
428 5023 617 5088 αὑτοῦ,
674 5029 768 5081 καὶ
812 5029 1129 5101 ἀπεφήνατο
1164 5034 1306 5088 κατά
1349 5036 1473 5090 ὅλου
1523 5038 1620 5091 τοῦ
1672 5038 1788 5107 βίου

208 5112 411 5175 αὐτοῦ,
441 5113 615 5182 λέγων
645 5115 728 5169 ὅτι
756 5117 962 5172 τοῖόσδε
988 5121 1129 5184 ἐστὶ,
1152 5123 1249 5177 καὶ
1280 5115 1600 5198 κατέκρινεν
1626 5129 1791 5183 αὐτὸν

204 5199 300 5264 ὡς
323 5201 585 5257 τοιοῦτον.
615 5206 725 5259 Καὶ
752 5206 869 5261 ἐστι
893 5208 1033 5281 βαρὺ
1059 5214 1311 5284 πρᾶγμα.
1344 5217 1509 5271 ’Άλλο
1536 5220 1647 5289 γάρ
1674 5222 1789 5274 ἐστι

206 5292 285 5344 τὸ
311 5292 505 5357 εἰπεῖν,
551 5295 830 5367 Ὠργίσθη,
862 5301 958 5354 καὶ
984 5301 1135 5368 ἄλλο,
1163 5305 1223 5358 τὸ
1252 5307 1428 5360 είπεῖν
1467 5308 1549 5363 ὃτι
1576 5310 1791 5380 ὀργίλος

205 5382 365 5451 ἐστὶ,
395 5385 490 5435 καὶ
521 5384 921 5458 ἀποφήνασθαι,
968 5389 1045 5454 ὡς
1088 5388 1265 5460 εἶπον,
1305 5397 1426 5451 κατ’
1456 5399 1629 5469 αὐτῆς
1659 5402 1791 5472 ὅλης

210 5473 325 5545 τῆς
353 5473 497 5544 ζωῆς
528 5475 716 5533 αὐτοῦ.
760 5479 871 5532 Καὶ
897 5481 1149 5537 τοσοῦτόν
1197 5487 1313 5541 ἐστι
1344 5488 1483 5561 βαρὺ
1514 5490 1587 5557 ,τὸ
1619 5508 1791 5545 κατα-

208 5566 409 5630 κρῖναι
465 5564 607 5637 ὑπὲρ
661 5568 899 5640 ἑκάστην
952 5572 1245 5644 ἁμαρτίαν,
1296 5577 1437 5633 ὥστε
1486 5581 1649 5635 αὐτὸν
1700 5585 1791 5637 τὸν

206 5654 460 5725 Χριστὸν
487 5655 696 5726 λέγειν·
756 5659 1093 5733 Ὑποκριτὰ,
1137 5666 1359 5724 ἔκϐαλε
1395 5670 1629 5740 πρῶτον
1676 5675 1794 5744 τὴν

310 5854 492 5916 bLuc.
530 5875 603 5925 νι,
638 5862 725 5918 42.

1893 4764 2095 4819 tionem
2124 4759 2295 4815 animi
2321 4759 2428 4814 sui.
2460 4754 2839 4811 Condemnare
2872 4761 3054 4806 autem
3119 4758 3222 4816 est,
3283 4748 3467 4804 dicere

1892 4852 2038 4924 quod
2066 4852 2191 4921 quis
2220 4850 2446 4905 mendax
2471 4848 2563 4911 sit,
2588 4843 2909 4908 iracundus,
2940 4843 3176 4898 adulter.
3211 4840 3291 4896 En
3314 4841 3468 4896 dam-

1894 4943 2040 4999 navit
2066 4939 2480 5010 dispositionem
2506 4936 2678 5006 ipsam
2711 4935 2908 4989 animae
2961 4948 3093 4997 sum,
3146 4942 3202 4989 et
3246 4946 3467 4988 omnem

1893 5033 2207 5115 ejuqvitam
2237 5029 2467 5101 aperuit,
2498 5028 2686 5083 dicens
2708 5027 2854 5097 quod
2879 5026 3001 5081 talis
3035 5033 3154 5091 est,
3188 5037 3315 5078 nam
3340 5036 3469 5076 eum

1896 5126 1974 5181 uti
2000 5124 2161 5179 talem
2191 5120 2491 5177 damnavit.
2520 5116 2678 5184 Quod
2731 5132 2862 5172 sane
2914 5114 3294 5187 gravissimum
3343 5126 3473 5180 pec-

1894 5190 2075 5270 catum
2103 5221 2207 5268 est.
2237 5210 2398 5264 Aliud
2423 5217 2510 5262 est
2542 5207 2724 5263 dicere
2754 5205 2899 5277 quod
2926 5206 3099 5260 iratus
3125 5204 3222 5266 sit,
3248 5210 3302 5257 et
3325 5200 3475 5255 aliud

1895 5305 2041 5377 quod
2062 5303 2382 5368 iracundus;
2410 5300 2539 5371 quia
2560 5300 2767 5356 scilicet
2789 5299 2913 5364 hoc,
2949 5306 3009 5351 ut
3035 5296 3167 5361 dixi,
3192 5305 3360 5350 totam
3385 5292 3475 5363 ip-

1896 5396 2011 5451 sius
2038 5394 2204 5448 vitam
2228 5391 2418 5460 aperit.
2447 5391 2621 5459 Atque
2644 5388 2777 5443 adeo
2807 5400 2972 5457 grave
2986 5393 3071 5439 est
3088 5383 3155 5439 de
3175 5382 3323 5437 omni
3349 5394 3474 5450 pec-

1895 5485 2296 5557 catojudicare,
2314 5491 2373 5537 ut
2390 5482 2637 5538 Christus
2659 5480 2853 5535 dixerit
2872 5478 2926 5532 in
2948 5475 3234 5545 Evangelia
3258 5491 3272 5527 :
3297 5472 3474 5542 Hypo-

1899 5581 2054 5648 crila,
2075 5578 2200 5648 ejice
2220 5576 2455 5646 primunt
2477 5574 2676 5630 trabem
2689 5588 2753 5628 ea:
2773 5571 2923 5627 oculo
2956 5580 3065 5635 tuo,
3089 5578 3138 5623 et
3162 5565 3322 5639 503
3351 5571 3474 5617 tunc

1898 5674 2075 5744 ejicies
2150 5673 2402 5742 festucam
2466 5671 2528 5726 de
2583 5668 2769 5740 fratris
2831 5665 2981 5722 oculo
3032 5664 3080 5717 δ.
3128 5654 3474 5729 Comparavil
