4118 6542
176 547 320 618 1689

1517 569 1901 632 ΒΟΟΤΒΙΝΑ
1930 574 2030 636 VI.

3297 587 3440 657 1690

167 666 272 767 τὸς.
303 665 484 737 μόνος.
506 670 738 767 Δ’ᾍλλωις
777 674 890 767 γάρ
938 678 1115 750 κρίνει
1150 683 1179 736 6
1216 681 1350 747 Θεδς
1379 683 1450 738 τά
1482 684 1580 738 τοῦ
1631 688 1754 738 ἐπι-

1859 689 2156 760 principes,
2189 693 2348 750 aliter
2379 697 2652 766 praelatos,
2679 695 2835 754 aliter
2859 697 3130 767 subditos,
3162 698 3318 758 aliter
3349 718 3443 759 se-

170 756 404 822 σκόπου,
436 762 529 814 καὶ
553 763 727 828 άλλως
749 765 821 820 τά
842 767 939 821 τοῦ
967 769 1251 841 ἄρχοντος,
1279 773 1456 838 ἄλλως
1483 774 1659 846 κρίνει
1684 775 1754 829 τά

173 846 270 899 τοῦ
309 849 639 922 ἡγουμένου,
673 857 772 911 καί⁸
812 858 990 925 ἄλλως
1026 863 1097 916 τά
1129 865 1224 917 τοῦ
1267 866 1537 937 μαθητοῦ,
1582 867 1757 932 ἄλλως

179 939 250 992 τά
281 942 376 995 τοῦ
414 944 692 1015 γέροντος,
722 951 818 1004 καὶ
847 952 1023 1017 ἄλλως
1045 955 1114 1008 τά
1137 955 1232 1010 τοῦ
1264 959 1554 1030 νεωτέρου,
1584 959 1758 1022 άλλως

177 1031 251 1083 τά
278 1033 374 1088 τοῦ
412 1037 787 1106 ἀσθενοῦντος,
827 1043 923 1098 καὶ
951 1046 1126 1110 ἄλλως
1159 1049 1229 1103 τὰ
1260 1049 1354 1103 τοῦ
1397 1051 1753 1118 ὑγιαίνοντος.

171 1123 287 1178 Καὶ
329 1126 412 1191 τίς
464 1128 688 1186 δύναται
734 1135 904 1189 ταῦτα
938 1138 1008 1192 τά
1044 1140 1293 1211 κρίματα
1328 1142 1550 1205 εἰδέναι,
1596 1143 1645 1195 εί
1680 1141 1756 1214 μὴ

173 1216 341 1280 αὐτὸς
404 1220 567 1290 μόνος
594 1225 623 1278 6
653 1228 891 1297 ποιήσας
943 1230 1011 1284 τά
1070 1233 1268 1295 πάντα,
1318 1235 1346 1287 6
1385 1235 1482 1288 καὶ
1543 1235 1756 1298 πλάσας

177 1308 380 1373 πάντα,
431 1312 526 1366 καὶ
573 1315 858 1384 γινώσκων
897 1321 1117 1389 πάντα;
1156 1323 1460 1395 Μέμνημαι
1515 1323 1753 1389 ἀκούσας

177 1395 266 1449 ὅτι
305 1400 436 1453 ποτὲ
475 1401 693 1470 ἐγένετο
743 1409 979 1479 πρᾶγμα
1021 1411 1269 1466 τοιοῦτον
1293 1427 1308 1444 ο
1339 1414 1522 1467 πλοῖον
1553 1414 1753 1484 ἀνδρα-

179 1487 360 1541 πόδων
407 1492 746 1562 παραϐαλεῖν
789 1498 870 1561 είς
900 1500 1055 1553 πόλιν
1092 1503 1235 1558 τινά.
1262 1497 1371 1558 Ἦν
1390 1504 1448 1558 δὲ
1482 1505 1540 1558 ὲν
1570 1505 1754 1577 ἐκείνῃ

167 1578 236 1647 τῇ
261 1579 413 1632 πόλει
437 1580 538 1650 μία
563 1585 832 1654 παρθένος
858 1589 990 1657 ἁγία
1007 1591 1149 1644 πάνυ
1166 1593 1514 1663 προσέχουσα
1535 1596 1702 1665 ἑαυτῇ
1735 1609 1750 1623 ⁸

167 1667 312 1755 αῦτη
347 1670 599 1738 μαθοῦσα
626 1676 708 1729 ὅτι
737 1679 1017 1749 παρέϐαλε
1038 1682 1100 1735 τὸ
1128 1683 1315 1737 πλοῖον
1332 1685 1530 1752 ἐκεῖνο,
1555 1685 1749 1755 ίχάρη.

184 1753 485 1828 Ἐπεούμει
513 1778 624 1834 γαρ
666 1767 937 1838 ἀγοράσαι
974 1771 1142 1842 ἑαυτῇ
1170 1771 1229 1826 ἓν
1261 1774 1519 1845 κοράσιον
1547 1753 1746 1845 μικρὸν

167 1850 337 1905 πάνυ.
388 1854 703 1923 Ἐλογίσατο
729 1859 860 1930 γάρ,
889 1861 970 1915 ὅτι
1007 1863 1289 1932 Λαμϐάνω
1318 1867 1414 1919 καὶ
1448 1865 1753 1936 ἀνατρέφο-

1860 778 2066 846 niores,
2102 783 2258 840 aliter
2284 785 2554 854 juniores,
2599 788 2759 843 aliter
2806 799 3061 859 aegrotos,
3104 788 3264 844 aliter
3303 793 3443 850 bene

1861 873 2158 932 habentes:
2205 888 2257 932 et
2291 878 2415 946 quis
2462 887 2541 935 tot
2579 890 2746 949 queat
2777 880 2984 950 judicia
3029 880 3210 937 facere
3247 893 3444 953 praeter

1857 979 1982 1018 eum
2012 966 2106 1035 qui
2150 967 2333 1023 omnia
2377 969 2658 1036 condidit,
2689 970 2873 1025 omnia
2920 969 3217 1036 (armavit,
3259 970 3443 1024 omnia

1858 1055 2058 1109 novit?
2097 1055 2358 1114 Memoria
2389 1069 2571 1115 autem
2614 1069 2770 1116 teneo
2810 1060 3017 1116 factum
3061 1061 3443 1131 hujuscemodi

1856 1145 2182 1215 quandoque
2228 1162 2314 1201 me
2355 1149 2620 1204 audisse:
2679 1163 2870 1204 navem
2905 1149 3115 1204 scilicet
3156 1164 3440 1205 servorum

1857 1236 1924 1290 ad
1967 1251 2131 1306 quam
2183 1239 2367 1294 nescio
2417 1240 2608 1294 urbem
2651 1239 3022 1309 applicuisse,
3057 1240 3111 1294 in
3159 1254 3266 1310 qua
3309 1255 3443 1296 sane

1857 1327 1988 1381 urbe
2021 1337 2167 1383 esset
2196 1329 2346 1400 virgo
2380 1330 2746 1394 sanctissima,
2780 1329 2972 1385 salutis
3005 1344 3119 1384 suae
3145 1330 3438 1384 admodum

1844 1417 2018 1490 404
2048 1419 2276 1490 diligens
2303 1430 2358 1476 et
2385 1421 2654 1476 studiosa.
2677 1421 2792 1476 Hoc
2815 1435 2941 1476 cum
2973 1421 3293 1490 accepisset,
3320 1421 3444 1476 beta

1854 1499 1995 1566 racta
2029 1521 2141 1566 cst:
2173 1513 2395 1583 optabat
2426 1513 2572 1569 enim
2605 1513 2706 1568 sibi
2746 1513 3059 1569 ancillulam
3089 1527 3155 1566 ex
3185 1513 3273 1566 his
3298 1527 3443 1566 mer-

1854 1601 1966 1655 cari
1996 1618 2160 1672 quam
2193 1619 2293 1658 suo
2323 1605 2587 1660 arbitratu
2627 1605 2795 1659 aleret
2840 1616 2894 1659 et
2943 1603 3214 1659 enutriret
3254 1603 3309 1657 in
3344 1601 3441 1658 Dei

1855 1691 2024 1756 cultu,
2061 1706 2163 1747 nec
2193 1692 2301 1746 ulla
2338 1693 2456 1748 labe
2494 1693 2772 1749 saecularis
2813 1692 3036 1746 malitiae
3076 1693 3277 1746 sineret
3305 1706 3442 1746 con-

1857 1784 2132 1838 taminari.
2161 1783 2432 1838 Accersiri
2460 1799 2590 1856 ergo
2624 1785 2780 1854 jubet
2809 1785 2964 1838 navis
2993 1785 3436 1854 gubernatorem,

1853 1889 2014 1942 quem
2053 1873 2232 1929 statim
2272 1874 2535 1944 comperit
2573 1886 2754 1930 tenere
2779 1889 2944 1944 penes
2971 1890 3030 1930 se
3067 1874 3272 1944 puellas
3303 1874 3440 1928 duas

174 1956 276 2035 μαι
312 1943 506 2035 αύτὴν,
545 1945 622 2010 ὡς
677 1947 837 2014 θέλω,
873 1951 961 2005 ἵνα
1001 1953 1170 2024 μηδὲν
1223 1949 1365 2008 οἶδεν
1415 1958 1513 2026 τῆς
1551 1954 1750 2017 κακίας

1858 1965 1975 2035 ejus
2000 1967 2174 2019 artatis
2207 1979 2370 2034 quam
2400 1943 2644 2033 optabat.
2683 1943 2894 2032 Quibus
2922 1965 3055 2020 visis
3076 1943 3160 2018 ex
3194 1965 3279 2018 his
3306 1963 3441 2017 alte-

169 2031 270 2086 τοῦ
296 2033 500 2104 κόσμου
527 2037 739 2101 τούτου,
774 2041 868 2095 καὶ
909 2043 1175 2114 πέμψασα
1206 2045 1626 2116 μεταστέλλεται
1657 2047 1749 2100 τὸν
1781 2017 1827 2073 Β

173 2124 485 2198 ναύκληρον
531 2129 627 2184 τοῦ
679 2131 864 2186 πλοίου
911 2136 1144 2203 ἐκείνου,
1195 2138 1291 2191 καὶ
1321 2138 1752 2208 εύρίσκειαύτὸν

169 2216 368 2288 ἔχοντα
399 2220 492 2275 δύο
521 2225 750 2294 κοράσια
789 2228 932 2281 πάνυ
965 2230 1162 2300 μικρά,
1203 2225 1291 2284 οἷα
1346 2231 1528 2294 ίδικῶς
1558 2231 1754 2283 ἐπεούο

171 2313 321 2382 μειή
354 2313 643 2384 παρθένος,
692 2320 786 2372 καὶ
837 2321 1040 2386 εὐθέως
1101 2322 1242 2393 μετά
1280 2326 1456 2396 χαρᾶς
1523 2324 1754 2395 παρέχει
1795 2357 1798 2360 ~

167 2403 274 2473 τὴν
295 2405 481 2478 τιμὴν,
515 2409 610 2461 καὶ
636 2409 908 2481 λαμϐάνει
959 2413 1020 2466 τὸ
1053 2414 1112 2467 ἓν
1142 2417 1401 2486 κοράσιον
1441 2415 1578 2487 πρὸς
1609 2417 1743 2468 ἐαυ-

169 2495 298 2564 τὴν.
344 2497 432 2560 Ὠς
481 2495 576 2553 οὖν
632 2502 898 2574 κατῆλθεν
928 2505 956 2556 6
989 2505 1321 2577 ναύκληρος,
1373 2505 1496 2560 ὅθεν
1536 2509 1569 2577 ἡ
1621 2508 1755 2576 ἁγία

170 2585 358 2658 ἐκείνη
386 2589 546 2658 μόνον
573 2596 946 2666 περιεπάτησε
985 2597 1204 2670 μικρὸν,
1237 2598 1330 2650 καὶ
1359 2600 1580 2668 ἀπαντᾷ
1603 2598 1754 2669 αὐτῷ

174 2674 278 2744 μία
329 2678 599 2751 θυμελικὴ
662 2684 1102 2756 παντάχρηστος,
1170 2686 1266 2739 καὶ
1321 2685 1506 2756 βλέπει
1533 2689 1595 2741 τὸ
1627 2688 1756 2743 ἄλλο

171 2768 434 2837 κοράσιον
469 2773 589 2841 μετ’
632 2773 818 2838 αὐτοῦ,
860 2776 954 2828 καλ⁵
995 2775 1311 2846 ἐπεθύμησε
1359 2776 1543 2831 λαϐεῖν
1601 2778 1753 2844 αὐτὸ,

170 2860 272 2912 καὶ
306 2861 575 2930 λαμϐάνει
604 2880 620 2894 ο
670 2869 955 2936 συμφωνεῖ
993 2867 1088 2920 καὶ
1121 2867 1356 2938 παρέχει
1421 2870 1523 2938 τὴν
1568 2871 1754 2941 τιμὴν,

173 2950 274 3003 καὶ
301 2952 639 3024 ἀπέρχουσα.
675 2955 819 3009 Αὐτὸ
847 2955 1079 3026 βλέπετε
1117 2959 1421 3029 μυστήριον
1443 2959 1606 3023 Θεοῦ,
1639 2959 1759 3030 βλέ-

173 3059 311 3098 πετε
336 3047 532 3116 κρῖμα.
563 3048 660 3108 Τίς
686 3049 911 3103 δύναται
946 3049 1131 3103 δοῦναι
1166 3052 1296 3121 περὶ
1330 3052 1524 3104 τούτου
1564 3049 1756 3118 λόγον;

169 3136 460 3206 Λαμϐάνει
492 3134 586 3192 οῦν
621 3141 655 3211 ἡ
681 3140 814 3209 ἁγία
845 3141 1122 3213 παρθένος
1150 3143 1250 3214 τὴν
1278 3143 1487 3214 μικράν
1512 3142 1755 3212 ἐκείνην,

170 3230 273 3282 καλ⁵
295 3231 592 3302 ἀνατρέφει
618 3233 790 3303 αὐτὴν
820 3234 900 3297 είς
917 3234 1007 3287 τὸν
1027 3233 1193 3303 φόϐον
1212 3233 1308 3286 τοῦ
1329 3234 1486 3298 Θεοῦ,
1512 3232 1758 3285 τυποῦσα

1855 2074 1971 2112 ram
2001 2057 2101 2110 sibi
2140 2057 2268 2111 dato
2298 2059 2469 2126 pretio
2500 2058 2725 2128 accepit.
2771 2056 2872 2112 Ubi
2902 2071 3032 2112 vero
3061 2056 3196 2111 abiit
3233 2069 3442 2110 merca-

1855 2161 1939 2205 tor
1972 2151 2112 2204 haud
2147 2150 2303 2218 longe
2329 2149 2606 2220 digressus
2638 2165 2669 2204 a
2701 2149 2907 2222 virgine
2948 2150 3060 2213 illa,
3091 2148 3304 2202 obviam
3339 2147 3440 2200 h2-

1855 2243 1973 2298 buit
1998 2243 2268 2297 scenicam
2291 2254 2344 2297 et
2370 2242 2725 2312 prostibulam
2745 2243 3060 2313 quamdam,
3086 2240 3170 2295 cui
3197 2239 3438 2309 poscenti

1855 2337 2090 2407 puellam
2134 2337 2359 2390 alteram
2393 2336 2567 2404 pretio
2593 2336 2756 2390 dedit.
2775 2333 3253 2404 Contemplamini,
3278 2332 3439 2387 obsc-

1855 2443 1971 2490 cro,
2013 2425 2330 2498 mysterium
2362 2423 2479 2491 Dei,
2509 2422 2952 2493 contemplamini
2979 2423 3270 2494 judicium.
3304 2420 3438 2486 Quis

1857 2527 2032 2588 potest
2064 2517 2130 2570 de
2164 2516 2265 2569 hac
2297 2531 2353 2568 re
2382 2529 2572 2570 sanam
2611 2513 2806 2568 alierre
2852 2515 3117 2568 rationem
3146 2511 3168 2565 ?
3202 2510 3442 2579 Suscipit

1857 2606 2013 2674 virgo
2047 2602 2391 2657 sanctissima
2439 2599 2671 2670 puellam
2705 2600 2961 2670 primam,
2992 2612 3224 2667 eamque
3270 2597 3327 2650 in
3370 2597 3437 2648 ti-

1859 2712 2010 2753 more
2029 2693 2244 2749 Domini
2275 2692 2466 2755 nutrit,
2482 2691 2734 2755 instituit,
2764 2690 3018 2744 informat
3043 2691 3095 2742 in
3115 2704 3275 2743 omne
3298 2701 3436 2756 opus

1859 2789 2098 2851 bonum;
2131 2787 2290 2840 docet
2319 2798 2534 2838 omnem
2566 2783 2924 2836 monasticam
2945 2779 3440 2839 conversationem.

1858 2879 2096 2935 ostendit
2124 2877 2446 2932 suavitatem
2482 2875 2796 2941 angelorum
2825 2882 2878 2928 et
2908 2875 3289 2926 InandatOtum
3323 2869 3440 2924 Dei.

1861 2970 2098 3036 Suscipit
2124 2976 2177 3022 et
2211 2967 2427 3022 scenica
2454 2965 2644 3019 eodem
2684 2964 2857 3034 pretio
2887 2961 3208 3026 secundam,
3241 2969 3293 3014 et
3323 2976 3442 3014 eatn

1861 3059 2119 3128 (breviter
2143 3055 2342 3125 dicam)
2373 3053 2659 3108 diabolieis
2685 3051 2942 3121 operibus
2965 3048 3191 3104 omnino
3221 3047 3442 3101 addicit.

1859 3150 2002 3216 Quid
2033 3149 2174 3202 enim
2212 3146 2360 3202 aliud
2395 3146 2591 3201 habeat
2623 3143 2763 3198 furia
2810 3143 2901 3196 illa
2948 3140 3094 3211 quod
3124 3155 3243 3194 eam
3289 3138 3448 3191 doce-

1862 3250 1962 3305 ret,
1995 3255 2160 3309 quam
2206 3238 2403 3292 animae
2440 3253 2553 3292 sua:
2588 3236 2868 3289 interitum
2903 3243 2956 3288 et
3003 3230 3266 3285 ruinam?
3305 3228 3445 3295 Quid

173 3321 350 3392 αὐτὴν
374 3323 457 3384 είς
485 3323 595 3376 πᾶν
625 3323 790 3394 ἔργον
817 3322 1045 3392 ἀγαθὸν,
1083 3323 1416 3378 διδάσκουσα
1450 3323 1622 3394 αὐτὴν
1651 3324 1758 3377 πᾶ-

1863 3342 2045 3386 autem
2073 3332 2316 3385 dicemus
2336 3329 2402 3383 de
2431 3326 2679 3383 horribili
2705 3325 2912 3395 judicio
2941 3322 3077 3376 hoc?
3109 3321 3293 3374 Ambae
3319 3334 3446 3388 par-

174 3429 280 3466 σαν
314 3411 414 3484 τὴν
461 3413 762 3484 μοναχικὴν
807 3416 1170 3483 κατάστασιν,
1203 3417 1298 3470 καὶ
1344 3417 1526 3470 πᾶσαν
1571 3415 1757 3479 ἁπλῶς

1865 3439 1942 3479 van
1961 3431 2137 3486 crant,
2167 3421 2342 3476 ambas
2377 3417 2695 3474 venundata:
2719 3456 2735 3482 ,
2766 3415 2940 3470 ιιιιὼσε
2967 3414 3169 3489 ignarae
3191 3427 3299 3482 quo
3321 3427 3449 3481 pro-

169 3504 277 3574 τὴν
296 3504 526 3558 εὐωδίαν
546 3506 655 3560 τῶν
686 3506 861 3575 ἁγίων
903 3507 1138 3561 ἐντολῶν
1177 3508 1274 3562 τοῦ
1307 3508 1468 3564 Θεοῦ.
1502 3506 1758 3563 Λαϐοῦσα

1865 3517 2258 3577 lieiscerentur,
2290 3511 2384 3581 qui
2421 3526 2544 3565 sese
2580 3517 2866 3562 manerent
2891 3506 3070 3562 exitus
3103 3523 3116 3558 :
3153 3515 3207 3559 et
3234 3518 3362 3559 ecce
3393 3503 3449 3556 in

171 3595 328 3666 καὶή
359 3595 629 3669 θυμελικὴ
649 3597 747 3668 τὴν
775 3597 969 3652 ἀθλίαν
1001 3599 1244 3668 ἐκείνην,
1291 3598 1626 3653 ἀπετέλεσεν
1658 3601 1758 3652 αὖ·

169 3687 277 3758 τὴν
318 3688 602 3759 ἐργαλεῖον
665 3689 760 3744 τοῦ
820 3691 1089 3746 διαϐόλου.
1148 3693 1215 3746 Τί
1245 3693 1355 3763 γὰρ
1395 3692 1522 3748 ἄλλο
1551 3689 1694 3763 εἶχεν
1726 3694 1759 3765 ὴ

168 3779 315 3852 ὀργὴ
337 3781 521 3851 ἐκείνη
553 3781 763 3846 διδάξαι
807 3783 968 3853 αὐτῇ,
1007 3784 1057 3836 εἰ
1095 3784 1170 3855 μὴ
1200 3784 1300 3856 τὴν
1347 3782 1626 3838 ἀπώλειαν
1660 3785 1760 3855 τῆς

168 3870 354 3939 ψυχῆς
387 3871 598 3940 αύτῆς;
631 3871 698 3924 Τί
727 3869 821 3926 οὖν
846 3873 1124 3943 δυνάμεθα
1156 3875 1332 3927 εἰπεῖν
1366 3876 1498 3944 περὶ
1536 3874 1632 3927 τοῦ
1665 3893 1760 3943 φο·

171 3961 340 4030 ϐεροῦ
370 3964 641 4035 κρίματος
669 3964 901 4031 τούτους
933 3967 988 4018 αἱ
1019 3964 1114 4018 δύο
1151 3966 1349 4036 μικραὶ
1384 3961 1546 4036 ἦσαν,
1584 3967 1637 4019 αί
1667 3965 1760 4018 δύο

169 4055 498 4126 ἐπράθησαν
523 4057 663 4126 μήτε
691 4056 886 4120 εἰδυῖαι
915 4057 1022 4110 ποῦ
1047 4057 1407 4127 ἀπέρχονται,
1443 4056 1537 4109 καὶ
1560 4054 1757 4126 εὑρέθη

171 4149 210 4218 ἡ
248 4147 348 4218 μία
387 4149 468 4211 είς
495 4147 595 4211 τάς
630 4151 820 4219 χεῖρας
840 4147 934 4200 τοῦ
966 4146 1125 4210 Θεοῦ,
1155 4148 1251 4201 καὶ
1281 4149 1316 4217 ἡ
1343 4146 1476 4218 ἄλλη
1499 4147 1758 4200 ἐνέπεσεν

167 4241 257 4301 εἰς
283 4239 380 4300 τάς
399 4243 590 4308 χεῖρας
623 4239 718 4292 τοῦ
745 4238 1016 4293 διαϐόλου.
1054 4240 1198 4310 ’Λρα
1233 4234 1326 4308 οὖν
1357 4239 1583 4292 δυνατόν
1608 4240 1758 4292 ἐστιν

166 4332 352 4385 εἰπεῖν
381 4331 464 4384 ὃτι
509 4331 733 4384 ἀπαιτεῖ
769 4331 942 4402 αὐτὴν
979 4333 1007 4384 6
1051 4330 1207 4396 Θεὸς,
1265 4330 1492 4383 ἀπαιτεῖ
1538 4329 1632 4383 καὶ
1659 4330 1759 4400 τὴν

165 4422 379 4492 ἇλλην;
409 4422 526 4486 πῶς
550 4424 825 4492 sumpsi;
858 4420 967 4492 ἄρα
995 4422 1092 4475 ἐὰν
1127 4423 1184 4474 αι
1213 4420 1307 4474 δύο
1331 4421 1647 4491 ἐμπέσωσιν
1679 4422 1760 4485 είς

165 4516 458 4586 πορνείαν,
518 4513 552 4584 ἢ
596 4515 678 4577 εἰς
739 4514 870 4568 ἄλλο
917 4514 1297 4584 παράπτωμα,
1337 4511 1564 4566 δύνατόν
1613 4514 1760 4566 ἐστιν

164 4609 350 4660 εἰπεῖν
377 4609 461 4662 ὅτι
493 4605 556 4657 τὸ
588 4605 724 4660 αὐτὸ
754 4607 929 4677 κρῖμα
947 4603 1162 4674 ἔχουσιν
1179 4605 1236 4656 αἱ
1261 4604 1376 4667 δύο,
1406 4602 1510 4657 κᾶν
1543 4605 1604 4658 τὸ
1626 4607 1759 4660 αὐτὸ

1808 3612 1817 3624 '
1863 3618 2061 3657 manus
2089 3599 2186 3655 Dei
2233 3599 2422 3662 altera,
2469 3597 2634 3651 altera
2668 3597 2722 3649 in
2771 3582 2964 3649 manus
3003 3592 3202 3648 diaboli
3238 3591 3448 3646 incidit.

1861 3691 2137 3759 Numquid
2187 3688 2351 3758 igitur
2377 3687 2559 3740 dicere
2601 3699 2893 3754 possumus
2939 3681 3080 3736 idem
3127 3678 3357 3734 consilio
3397 3685 3452 3732 et

1859 3779 2213 3848 dispositione
2240 3775 2332 3830 Dei
2368 3773 2618 3830 factum?
2651 3773 2826 3838 llaud,
2854 3773 3095 3841 inquam,
3130 3771 3274 3833 licet,
3306 3768 3452 3822 haud

1862 3871 1945 3926 fas
1972 3881 2058 3925 est
2086 3869 2161 3922 ita
2191 3866 2462 3938 judicare.
2499 3862 2557 3918 Si
2590 3864 2738 3917 enim
2780 3861 2953 3915 ambae
2985 3861 3041 3914 in
3081 3859 3129 3914 id
3154 3859 3334 3928 ipsum
3367 3856 3450 3910 vi-

1863 3964 1996 4017 tium
2020 3961 2365 4024 incidissent,
2391 3956 2579 4011 liceret
2606 3954 2793 4022 utique
2817 3951 3001 4006 dicere
3024 3949 3165 4004 idem
3183 3947 3452 4018 judicium

1859 4052 2126 4107 ambabus
2155 4049 2426 4104 evenisse.
2455 4046 2526 4099 At
2551 4045 2666 4098 haec
2691 4039 3098 4097 didicit‘omuia
3122 4040 3190 4094 de
3219 4038 3450 4109 judicio,

1861 4149 1928 4202 de
1965 4160 2130 4214 regno
2159 4142 2272 4208 Dei,
2310 4141 2400 4195 die
2443 4154 2507 4193 ac
2536 4147 2694 4192 nocte
2733 4137 2874 4190 inter
2907 4134 3074 4188 verba
3110 4132 3202 4186 Dei
3237 4140 3452 4187 versata

1859 4250 1964 4298 est.
1991 4239 2187 4293 Misera
2215 4243 2397 4288 autem
2427 4231 2521 4286 illa
2553 4243 2834 4298 nunquam
2863 4228 3017 4288 vidit.
3046 4241 3325 4293 nunquam
3354 4241 3454 4279 au-

1861 4333 1998 4388 divit
2032 4328 2162 4400 quid
2200 4327 2404 4381 bonum
2444 4331 2629 4386 esset;
2665 4329 2723 4374 at
2748 4328 2942 4374 contra
2985 4317 3166 4386 potius
3207 4316 3261 4370 in
3292 4331 3454 4369 omne

1864 4425 2066 4480 malum
2091 4427 2176 4473 est
2199 4417 2412 4479 cdocta,
2465 4413 2532 4468 ad
2566 4411 2753 4467 omnia
2789 4409 2992 4480 turpia,
3027 4409 3286 4471 obscena,
3331 4405 3452 4461 dia-

1863 4516 2061 4577 bolica,
2093 4511 2382 4565 instructa.
2413 4504 2480 4559 Et
2500 4502 2778 4574 quomodo
2799 4509 2977 4572 potest
3003 4500 3172 4568 repeti
3195 4499 3264 4552 ab
3289 4498 3453 4552 utris-

1862 4623 1970 4680 que
1995 4606 2183 4662 eadetn
2217 4595 2534 4670 diligentia?

166 4704 404 4774 σφάλμα
456 4704 638 4776 συμϐῇ
689 4701 1064 4773 ἀμφοτέραις;
1103 4701 1228 4763 Πῶς
1272 4701 1567 4771 ἐνδέχεται,
1599 4704 1738 4778 αῦτη
1779 4707 1954 4779 ἔμαθε
2002 4702 2074 4757 τὰ
2122 4698 2251 4768 περὶ
2285 4696 2386 4766 τῆς
2422 4687 2904 4763 κρίσεως,.εμαθε
2941 4686 3011 4740 τά
3045 4685 3176 4756 περὶ
3219 4686 3321 4755 τῆς
3354 4685 3454 4753 βα·-

169 4799 387 4860 σιλείας
435 4800 530 4850 τοῦ
559 4795 720 4861 θεοῦ,
754 4797 970 4867 ἡμέρας
1014 4795 1109 4849 καὶ
1144 4798 1341 4860 νυκτὸς
1412 4800 1491 4864 εἰς
1535 4803 1604 4855 τά
1634 4802 1792 4874 λόγια
1829 4807 1926 4860 τοῦ
1987 4800 2126 4856 Θεοῦ
2150 4814 2166 4830 ·
2207 4795 2392 4865 ἐκείνη
2415 4793 2450 4864 ἡ
2478 4791 2645 4846 ἀθλία
2688 4787 2950 4841 οὐδέποτε
2981 4782 3144 4845 οἶδεν,
3177 4785 3210 4856 ἢ
3245 4784 3450 4866 ἢκουσέ

162 4913 227 4949 τι
255 4892 479 4962 ἀγαθὸν,
504 4892 643 4947 ἀλλὰ
667 4892 728 4946 τὸ
750 4891 1016 4954 ἐναντίον,
1041 4891 1217 4945 πάντα
1239 4894 1311 4947 τά
1367 4896 1590 4967 αἰσχρὰ,
1643 4901 1823 4956 πάντα
1859 4918 1931 4955 τα
1960 4892 2267 4958 διαϐολικά,
2309 4891 2404 4945 καὶ
2443 4887 2562 4950 πῶς
2593 4885 2832 4957 ἐγχωρεῖ
2865 4881 3242 4951 ἀπαιτηθῆνάι
3274 4882 3454 4950 ἀμφο-

162 4991 344 5062 τέρας
377 4990 478 5060 τὴν
503 4988 676 5058 αὐτὴν
697 4986 987 5056 ἀκρίϐειαν
1015 5003 1030 5052 ;

249 5058 328 5138 ΕΩ
363 5058 574 5135 Ούήκοῦν
644 5079 802 5133 οὐδὲν
841 5079 1064 5132 δύναται
1093 5080 1382 5152 ἄνθρωπος
1415 5084 1616 5140 εἰδέναι
1645 5088 1755 5140 τῶν

1933 5079 1997 5134 ν.
2050 5079 2245 5132 Annon
2293 5072 2456 5143 igitur
2501 5065 2650 5138 quod
2694 5064 2806 5120 dixi
2840 5062 3046 5118 dudum
3103 5058 3450 5116 verissimum

165 5160 465 5245 κριμάτων
484 5171 580 5224 τοῦ
613 5169 771 5237 Θεοῦ,
797 5169 935 5224 ἀλλά
959 5171 1123 5236 αὐτὸς
1163 5173 1321 5241 μόνος
1348 5175 1496 5229 ἐστὶν
1530 5180 1557 5231 6
1588 5196 1758 5233 κατα-

165 5263 476 5334 λαμϐάνων
522 5262 723 5324 πάντα,
777 5262 875 5315 καὶ
926 5261 1227 5331 δυνάμενος
1279 5264 1349 5318 τά
1378 5265 1498 5318 καθ’
1523 5267 1759 5322 ἕκαστον

167 5361 383 5429 κρῖναι,
409 5355 591 5419 καθὼς
621 5355 783 5426 μόνος
816 5354 1133 5429 ἐπίσταταιἶ
1183 5356 1426 5429 Ἀληθῶς
1449 5360 1758 5430 συμϐαῖνει,

164 5456 263 5508 ὅτι
294 5453 436 5504 ποιεῖ
459 5449 688 5519 ἀδελφὸς
723 5449 1028 5520 πράγματά
1055 5468 1178 5504 τινα
1221 5453 1279 5504 ὲν
1310 5452 1574 5522 ἁπλότητι
1597 5471 1610 5483 ·
1647 5454 1761 5524 ἔχει

169 5545 237 5597 δὲ
263 5541 322 5595 ἓν
364 5543 598 5613 πρᾶγμα
631 5541 661 5594 ὃ
707 5557 762 5594 τι
804 5541 1030 5612 ἀρέσκει
1065 5541 1146 5612 τῷ
1183 5542 1304 5612 Θεῷ
1343 5544 1484 5614 ὑπὲρ
1509 5545 1637 5615 ὃλην
1664 5545 1762 5617 τὴν

173 5634 330 5704 ζωήν
375 5649 493 5693 σου,
539 5632 635 5684 καὶ
685 5633 749 5684 σὺ
790 5631 1014 5695 καθέξει
1060 5633 1408 5703 κατακρίνων
1438 5635 1625 5697 αὐτὸν,
1669 5638 1766 5688 καλ⁸

178 5721 435 5784 κολάζων
489 5720 584 5792 τὴν
634 5719 813 5791 ψυχήν
858 5737 984 5783 σους
1023 5721 1088 5775 Et
1126 5721 1182 5774 δὲ
1225 5722 1319 5774 καὶ
1372 5723 1554 5794 συμϐῇ
1603 5723 1767 5776 αὑτὸν

1861 5182 1966 5235 est.
1997 5184 2107 5226 non
2144 5179 2307 5238 posse
2352 5161 2630 5218 hominem
2666 5158 2838 5212 ullum
2868 5153 3137 5226 judicium
3166 5151 3259 5206 Dei
3285 5165 3456 5220 agno~

1863 5278 2037 5327 scere,
2068 5260 2163 5315 sed
2197 5255 2374 5312 solum
2418 5265 2542 5307 esse
2573 5248 2743 5306 Deum
2774 5247 2869 5318 qui
2896 5247 3043 5302 circa
3085 5243 3301 5312 singula
3332 5256 3429 5296 sus

1864 5354 2007 5425 cepit
2029 5350 2319 5423 judicium,
2354 5351 2414 5398 ut
2447 5342 2627 5398 solum
2658 5338 2754 5410 qui
2795 5337 2981 5393 omnia
3023 5332 3283 5390 noverit?
3313 5330 3460 5387 Con-

1868 5423 2028 5516 tingit
2060 5443 2381 5512 plerumque
2407 5435 2644 5504 aliquem
2664 5446 2734 5486 ex
2763 5427 3031 5484 fratribus
3060 5427 3114 5480 in
3152 5423 3338 5516 multis
3367 5438 3455 5477 er-

1867 5515 1989 5589 rare
2019 5528 2360 5599 simpliciter,
2405 5539 2519 5578 rem
2559 5530 2740 5578 autem
2786 5520 3023 5588 aliquam
3068 5521 3122 5571 in
3155 5531 3215 5572 se
3252 5515 3457 5569 habere

1867 5641 1975 5696 qua
2004 5626 2113 5678 Deo
2143 5618 2372 5674 miriﬁce
2398 5629 2561 5684 super
2591 5625 2806 5667 omnem
2839 5611 3004 5662 vitam
3037 5616 3182 5661 tuam
3209 5606 3454 5674 placeat;

1869 5727 1924 5770 ct
1947 5727 2002 5771 tu
2028 5714 2222 5770 sedens
2245 5718 2300 5764 et
2326 5707 2536 5762 otiosus
2573 5705 2726 5758 illum
2764 5701 2999 5771 judicas,
3023 5710 3187 5767 atque
3213 5697 3454 5750 animam

177 5814 629 5884 ἀσυστραφῆυαι,
685 5813 851 5866 πόθεν
915 5807 1064 5875 οἶδας
1116 5812 1259 5866 πόσα
1307 5814 1637 5882 ἠγωνίσατο,
1675 5817 1758 5866 καλ

1862 5817 2014 5863 tuam
2043 5805 2235 5859 hedis?
2263 5800 2392 5856 Esto
2419 5795 2675 5854 ceciderit
2702 5810 2716 5846 :
2754 5803 2810 5848 tu
2857 5793 2986 5864 quid
3035 5791 3146 5846 scis
3175 5787 3454 5860 quonmdo

189 5906 338 5961 τόσα
361 5905 554 5969 ἔσταξε
586 5905 642 5958 τὸ
667 5898 806 5973 αἷμα
828 5903 995 5957 αὐτοῦ
1025 5903 1154 5975 πρὶν
1176 5904 1483 5974 ἐνεργήσει,
1515 5905 1607 5957 καὶ
1639 5921 1762 5974 σχε-

178 5999 278 6054 δον
332 5997 642 6068 εὑρίσκεται
697 5994 756 6048 τὸ
798 5993 1020 6066 σφάλμα
1078 5992 1267 6058 αὐτοῦ,
1324 5995 1398 6058 di;
1451 5994 1762 6066 δικαιοσύνη

1867 5895 2280 5959 concertaveril,
2311 5890 2588 5962 quomodo
2617 5886 2870 5942 cti'uderit
2897 5885 3220 5952 sanguinem
3266 5897 3450 5946 suum,

1865 6000 2159 6062 antequam
2203 5985 2461 6052 caderet;
2515 5987 2684 6051 tugt
2729 5993 2864 6049 pene
2912 5975 3222 6032 inveniatur
3256 5974 3448 6028 vitium
