4118 6542
740 401 874 467 1691

1934 397 1994 454 S.
2033 392 2420 454 DOROTl-lEl
2451 391 2776 452 ABBATIS

3845 376 3972 450 1692

729 515 848 580 ejus
873 525 1131 580 tanquam
1169 507 1378 578 justitia
1406 513 1711 576 reputatum
1742 504 1882 573 apud
1909 503 2122 558 Deum?
2153 501 2298 554 Vidit

2420 502 2548 572 ταρὰ
2569 499 2647 570 τῷ
2669 498 2827 568 Θεῷ;
2870 495 3068 551 Βλέπει
3096 495 3206 566 γὰρ
3234 495 3264 548 ό
3283 494 3416 559 Bob;
3460 495 3553 549 τὸν
3586 494 3771 550 κόπον
3795 497 3969 562 αὐτοῦ,

729 603 872 657 forte
910 603 1054 656 Deus
1083 601 1320 654 laborem
1359 599 1478 668 ejus
1515 605 1569 651 et
1598 595 1941 650 aﬂlictionem
1969 609 2133 664 quam
2176 609 2301 663 pas-

731 709 826 747 sus
864 701 946 746 est
978 705 1100 745 cum
1142 698 1462 750 tentaretur,
1501 687 1871 754 misertusque
1916 693 2002 738 est
2045 684 2211 744 illius.
2247 691 2303 737 ει

731 783 952 849 ignovit.
971 781 1215 850 Cumque
1243 781 1392 834 illum
1422 779 1676 832 misertus
1695 777 1834 830 Deus
1854 777 1948 838 sit,
1977 785 2032 828 tu
2056 775 2302 842 judicare

729 873 951 936 audeas,
980 881 1143 939 atque
1171 873 1409 925 animam
1441 879 1589 922 tuam
1621 867 1882 938 perdere?
1909 865 2049 932 Quid
2076 875 2152 931 tu,
2181 880 2299 930 oro,

729 963 839 1016 seis
867 971 1002 1031 quot
1028 961 1224 1015 fuderit
1253 961 1520 1029 lacrymas
1539 974 1634 1027 pro
1659 957 1858 1012 delicto
1885 955 2304 1025 hujuscemodi?

729 1051 883 1106 Nosti
910 1052 1126 1121 quidem
1155 1050 1436 1114 delictum,
1465 1065 1574 1102 non
1602 1049 1745 1102 nosti
1774 1048 2168 1117 paenitentiam.
2197 1045 2304 1100 Sed

728 1152 849 1198 esto
882 1141 1021 1212 quod
1053 1141 1325 1210 iudicares
1369 1148 1622 1204 tantum;
1672 1139 1776 1193 hoc
1816 1152 1924 1191 non
1972 1145 2262 1192 contentus
2286 1175 2302 1199 ,

729 1234 892 1287 etiam
919 1231 1241 1286 contemnis.
1271 1230 1430 1283 Aliud
1468 1239 1552 1284 est
1587 1229 1753 1293 enim,
1785 1238 1843 1282 ut
1874 1227 2008 1290 dixi,
2037 1227 2303 1296 judicare,

731 1335 894 1391 atque
928 1322 1072 1376 aliud
1111 1331 1476 1376 contemnere.
1514 1320 1867 1386 Contemptus
1909 1319 1968 1371 tit
2009 1325 2131 1386 post
2161 1316 2307 1385 judi-

729 1414 874 1468 cium
900 1430 916 1476 ;
947 1421 1007 1467 ut
1041 1413 1086 1468 si
1127 1409 1450 1466 convicieris
1490 1409 1760 1478 proximo,
1806 1408 1932 1462 ludo
1962 1407 2111 1460 illum
2146 1415 2308 1476 atque

729 1505 856 1556 odio
896 1503 1094 1556 habeas
1126 1519 1141 1556 :
1177 1499 1322 1569 quod
1357 1514 1488 1554 sane
1531 1499 1687 1568 pejus
1730 1508 1814 1554 est
1857 1505 1913 1552 et
1949 1498 2308 1567 perniciosius

727 1594 955 1664 judicio.

804 1769 896 1825 Vl.
945 1769 1046 1837 Qui
1077 1779 1267 1841 optant
1308 1771 1471 1841 igitur
1512 1770 1750 1834 salvari,
1793 1783 2072 1838 nunquam
2101 1768 2306 1824 curiosi

2403 591 2496 644 καὶ
2526 591 2628 660 τὴν
2661 589 2844 658 θλίψιν
2869 588 2937 658 ήν
2959 586 3138 656 ἔσχεν,
3162 587 3238 650 ὠς
3283 581 3460 650 εἶπον,
3485 586 3592 655 πρὸ
3617 585 3720 639 τοῦ
3760 587 3972 655 ἐνεργῆ-

2403 699 2512 744 σαι,
2536 681 2680 734 ἐλεεῖ
2705 679 2870 734 αὐτόν
2893 694 2908 706 ·
2937 677 3034 730 καὶ
3066 677 3131 730 σὺ
3151 675 3440 741 γινιὶισκεις
3467 677 3623 739 αὐτὸ,
3649 677 3758 729 καὶ
3778 678 3808 729 ὁ
3838 678 3928 745 μὲν
3950 680 3974 728 ὁ

2401 775 2532 838 Θεὸς
2555 775 2698 828 ἐλεεῖ
2724 773 2910 836 αὑτὸν,
2940 773 3005 826 σὺ
3027 771 3085 824 δὲ
3113 768 3466 840 κατακρίνεις
3488 769 3672 831 αὑτὸν,
3706 767 3812 820 καὶ
3835 767 3976 821 ἀπόλι

2401 865 2515 928 λεις
2541 866 2609 935 τὴ
2633 864 2817 934 ψυχήν
2849 880 2944 916 σου
2966 879 2981 927 ;
3008 861 3179 913 Πόθεν
3201 861 3261 914 δὲ
3283 855 3454 922 οἶδας,
3480 860 3575 912 καὶ
3598 859 3755 912 πόσα
3782 858 3972 928 δάκρυα

2402 955 2618 1024 ἐξέχεεν
2650 953 2884 1006 ἐνώπιον
2909 950 3006 1004 τοῦ
3044 947 3184 1003 Θεοῦ
3231 950 3362 1020 περὶ
3400 947 3630 1013 τούτους
3660 947 3773 1000 καὶ
3807 947 3870 999 σὺ

2410 1047 2510 1116 μὲν
2561 1044 2838 1115 ἁμαρτίαν
2886 1039 3057 1106 οἶδας,
3104 1041 3203 1111 τὴν
3249 1041 3308 1094 δὲ
3335 1040 3629 1110 μετάνοιαν
3657 1039 3778 1091 οὐκ
3821 1033 3970 1100 οῐδας.

2412 1137 2566 1190 Ἔσθ’
2595 1136 2685 1189 ὅτε
2712 1135 2876 1206 μόνον
2898 1136 2981 1188 δτι
3001 1133 3065 1186 οὐ
3096 1132 3517 1202 κατακρίνομεν,
3554 1129 3699 1184 ἀλλά
3724 1131 3827 1183 καὶ
3846 1129 3972 1194 ἔξου-

2404 1227 2684 1296 δενοῦμεν.
2710 1225 2879 1300 ’Δλλο
2905 1227 3016 1297 γάρ
3047 1227 3218 1287 ἔστιν,
3254 1223 3332 1286 ὡς
3352 1217 3525 1285 εἷπον,
3549 1221 3969 1289 ὡκατακρῖναι.

2405 1319 2500 1372 καὶ
2532 1318 2661 1372 ἄλλο
2709 1317 3067 1384 ἑξουδινῶσαι
3090 1331 3106 1349 ⁶
3132 1317 3168 1384 ἡ
3200 1313 3550 1378 ὲξουδένωσίς
3595 1312 3784 1377 ἐστιν,
3821 1313 3898 1364 ὅτι
3920 1312 3970 1364 οὐ

2409 1411 2570 1481 μόνον
2589 1410 2912 1482 κατακρίνει
2931 1426 3039 1473 τις,
3061 1409 3199 1464 ἀλλὰ
3223 1409 3322 1462 καὶ
3342 1405 3610 1473 ιεουδενεῖ
3631 1420 3646 1433 ·
3679 1404 3855 1456 οἱονεὶ
3877 1402 3973 1471 βδε-

2405 1501 2662 1554 λύσσεται
2705 1501 2800 1554 τὸν
2843 1500 3096 1571 πλησίον,
3141 1499 3444 1569 σικαίνεται
3473 1495 3657 1559 αὐτὸν,
3687 1495 3777 1556 ὡς
3805 1493 3972 1561 ἀηδίαν

2405 1594 2547 1655 τινα.
2576 1594 2673 1647 καὶ
2699 1595 2815 1647 ἔστι
2842 1592 3004 1646 τοῦτο
3029 1594 3211 1663 χεῖρον
3232 1590 3329 1646 τοῦ
3361 1591 3722 1659 κατακρῖναι,
3760 1587 3854 1641 καὶ
3874 1587 3972 1640 οὗε-

2407 1684 2706 1754 θριὼτερον
2730 1685 2896 1738 πάνυ.

2482 1774 2573 1840 ς’.
2595 1776 2658 1827 Οί
2680 1775 2738 1826 δὲ
2758 1774 3007 1836 θέλοντες
3033 1772 3299 1840 σωθῆναι,
3322 1770 3445 1824 οὐδὲ
3463 1769 3835 1840 προσέχουσιν
3849 1768 3974 1820 ἑλιτ-

733 1873 861 1916 sunt
897 1863 1042 1917 circa
1073 1863 1297 1917 minima
1344 1864 1718 1933 proximorum
1764 1860 1960 1914 delicta
1985 1898 2002 1923 ,
2039 1860 2132 1914 sed
2160 1861 2306 1916 circa

2420 1863 2626 1933 ιὼματι
2673 1862 2768 1916 τοῦ
2817 1862 3070 1932 πλησίον,
3122 1861 3262 1916 ἀλλὰ
3287 1863 3402 1923 τοῖς
3429 1860 3580 1921 ἰδίοις
3611 1859 3875 1919 πάντοτε,
3899 1859 3975 1908 καὶ

733 1969 830 2007 sua
874 1968 1090 2024 semper
1122 1963 1496 2024 occupantur,
1539 1961 1702 2020 atque
1738 1967 1800 2006 ea
1830 1951 2149 2020 praecidunt.
2189 1951 2308 2016 Quo

733 2043 991 2112 praeclare
1018 2044 1126 2113 egit
1157 2044 1266 2106 ille,
1305 2044 1397 2111 qui
1428 2058 1551 2097 eum
1601 2043 1818 2096 fratrem
1855 2057 2013 2096 suum
2051 2056 2310 2110 peccasse

735 2134 964 2198 audiret,
992 2135 1273 2202 suspirans
1306 2135 1471 2188 dixit:
1509 2152 1528 2184 ‹
1559 2134 1654 2188 llei
1682 2133 1814 2186 mihi
1848 2133 1976 2201 quia
2007 2133 2096 2187 ille
2126 2133 2306 2197 hodie,

734 2239 858 2277 cras
892 2226 1031 2293 ego!
1067 2242 1086 2276 ι
1124 2224 1316 2278 Cernis
1343 2225 1680 2278 cautionem!
1714 2223 1905 2276 Cernis
1938 2223 1990 2275 in
2019 2239 2085 2278 eo
2112 2224 2310 2277 anima!

736 2315 1258 2383 promptitudineml
1305 2313 1478 2379 Quam
1523 2313 1630 2367 cito
1677 2313 1920 2376 invenit,
1967 2328 2033 2366 ne
2085 2311 2307 2368 fratrem

737 2419 896 2457 suum
921 2403 1187 2472 jutlicaret
1210 2403 1233 2456 ?
1256 2402 1416 2474 ωδ
1449 2402 1503 2456 Id
1535 2405 1679 2457 enim
1718 2403 1940 2456 verbum
1973 2401 2117 2472 quod
2147 2402 2307 2465 dixit,

736 2509 832 2562 ego
857 2510 995 2554 cras,
1025 2492 1127 2562 ipsi
1160 2493 1408 2546 timoreut
1441 2492 1590 2547 dedit
1621 2502 1673 2546 et
1701 2493 2107 2564 cogitationem,
2139 2502 2196 2547 ut
2221 2509 2310 2549 ca-

738 2595 888 2640 vcrrt
919 2586 989 2640 ab
1027 2586 1111 2640 his
1141 2585 1194 2639 in
1226 2585 1422 2654 quibus
1457 2600 1516 2640 se
1549 2593 1897 2654 peccaturum
1928 2584 2265 2653 praedixisset
2291 2601 2308 2650 ;

739 2692 806 2730 ac
845 2676 924 2731 sic
971 2675 1201 2746 proximi
1245 2674 1507 2744 judicium
1549 2675 1756 2744 cffugit.
1807 2673 1993 2744 Neque
2029 2675 2133 2730 hoc
2177 2676 2312 2732 satis

741 2767 864 2830 fuit,
895 2767 987 2821 sed
1013 2776 1066 2821 ει
1097 2768 1334 2836 seipsum
1372 2752 1699 2830 hutniliavit,
1732 2775 1787 2821 et
1811 2766 2068 2828 subdidit,
2090 2767 2311 2824 dicens:

741 2855 864 2923 Agit
895 2854 982 2909 hic
1009 2855 1380 2923 paenitentiam
1416 2872 1431 2920 ;
1462 2870 1563 2922 ego
1589 2863 1768 2908 autem
1806 2855 2173 2923 paenitentiam
2197 2856 2316 2909 nul-

742 2945 850 2998 lam
891 2959 1011 3012 ago,
1047 2959 1147 2999 nec
1181 2943 1450 3012 prmvenio
1484 2954 1544 2998 ut
1586 2944 1788 3012 possim
1829 2945 2109 3013 poenitere.
2153 2943 2314 3001 Vides

743 3035 939 3088 divinae
975 3034 1170 3088 anima:
1202 3034 1404 3100 lumen,
1431 3049 1552 3102 qua:
1582 3049 1691 3088 non
1739 3034 1916 3087 solum
1959 3033 2146 3104 effugit
2190 3049 2316 3102 pro-

2407 1954 2864 2024 προσκόπτουσιν.
2886 1950 3009 2015 Οἷος
3024 1949 3093 2024 ἦν
3109 1953 3314 2014 ἐκεῖνος
3332 1954 3360 2005 ό
3384 1950 3508 2004 ίδὼν
3524 1950 3616 2002 τὸν
3645 1948 3881 2014 ἀδελφὺν
3897 1949 3975 2001 αὑ·

2407 2047 2502 2100 τοῦ
2518 2047 2921 2118 ἁμαρτάνοντα,
2946 2047 3042 2101 καὶ
3060 2045 3341 2111 στενάξας,
3365 2044 3459 2097 καὶ⁵
3475 2041 3669 2106 εἰπὼν,
3689 2061 3711 2092 ι
3723 2041 3864 2094 Οὐαί
3885 2057 3975 2107 μοι,

2409 2138 2494 2190 ὅτι
2527 2139 2770 2208 σήμερον
2823 2136 3008 2204 αὐτὸς,
3052 2135 3228 2199 οὕτως
3272 2135 3427 2202 κάγὼ
3453 2133 3665 2205 αὔριον.
3717 2150 3738 2182 ι
3779 2132 3979 2192 Βλέπεις

2408 2229 2709 2297 ἀσφάλειαν
2733 2245 2749 2295 ;
2811 2228 3038 2291 Βλέπεις
3093 2225 3410 2295 ὲτοιμασίαν
3427 2225 3608 2294 ψυχῆς
3635 2241 3650 2288 ;
3676 2223 3812 2286 Πῶς
3845 2217 3980 2289 εὗρεν

2407 2319 2613 2382 εὐθέως
2632 2321 2825 2392 φυγεῖν
2851 2318 2915 2370 τὸ
2935 2318 3259 2386 κατακρίναι
3293 2315 3384 2368 τὸν
3399 2313 3627 2380 ἀδελφὸν
3671 2311 3880 2373 autcf»;
3911 2309 3982 2361 διὰ

2408 2411 2518 2481 γὰρ
2538 2411 2600 2463 τὸ
2626 2411 2825 2474 εἰπεῖν,
2845 2411 2928 2463 ὅτι
2949 2409 3168 2472 πάντως
3184 2406 3340 2474 κάγὼ
3363 2403 3576 2475 αὔριον,
3592 2405 3806 2457 ἔδωκεν
3828 2401 3982 2467 ἑαυτῷ

2411 2505 2597 2574 φόϐον,
2643 2505 2739 2558 καὶ
2776 2505 3052 2576 μέριμναν
3085 2503 3220 2575 περὶ
3258 2497 3335 2556 ὧν
3368 2497 3573 2570 ήμελλε
3622 2497 3799 2566 δῆθεν
3827 2497 3986 2564 ἁμαρ-

2409 2593 2574 2662 τῆσαι
2602 2608 2618 2624 ο
2649 2592 2750 2645 καὶ
2771 2590 2945 2655 οὕτως
2981 2590 3214 2659 ἐξέφυγε
3259 2587 3322 2640 τὸ
3354 2586 3691 2655 κατακρῖναι
3731 2581 3830 2635 τδν
3868 2582 3986 2647 πλη-

2413 2686 2546 2739 σίον.
2572 2683 2685 2739 Καὶ
2711 2683 2814 2737 οὐκ
2851 2682 3098 2754 ἠρκέσθη
3125 2681 3230 2743 ἕως
3265 2677 3482 2739 τούτου.
3506 2675 3650 2730 ἀλλὰ
3690 2677 3795 2728 καὶ
3817 2674 3990 2728 ἑαυτὸν

2413 2777 2604 2830 ἔϐαλεν
2639 2775 2902 2829 ὑποκάτω
2939 2771 3107 2827 αὐτοῦ
3138 2771 3316 2839 λέγων
3338 2783 3352 2797 ⁸
3379 2768 3492 2822 Καὶ
3531 2767 3717 2829 οὕτως
3765 2765 3868 2836 μὶν
3911 2781 3992 2832 με·

2413 2870 2595 2922 τανοεῖ
2618 2867 2746 2937 περὶ
2779 2867 2877 2935 τῆς
2909 2865 3187 2936 ἁμαρτίας
3210 2859 3402 2926 αὑτοῦ,
3439 2860 3554 2927 ἐγὼ
3583 2859 3646 2912 δὲ
3674 2859 3742 2912 οὐ
3792 2858 3993 2918 παντως

2418 2958 2690 3027 μετανοῶ,
2743 2958 2805 3010 οὒ
2854 2956 3072 3016 πάντως
3113 2953 3323 3021 φθάνω,
3345 2950 3408 3004 οὐ
3440 2950 3664 3012 πάντως
3690 2949 3722 3002 ὅ
3753 2965 3810 3000 τι
3847 2946 3997 3016 ἰσχύω

2419 3049 2774 3119 μετανοῆσαι.
2831 3045 3059 3108 Βλέπεις
3126 3043 3280 3105 Θείας
3330 3041 3509 3110 ψυχῆς
3558 3040 3881 3109 φωτισμὸν,
3929 3039 3999 3090 ὃτι

745 3122 876 3176 ximi
925 3121 1187 3191 judicium
1211 3159 1226 3184 ,
1276 3137 1464 3175 verum
1500 3122 1659 3176 etiam
1703 3122 1935 3191 seipsant
1973 3123 2316 3178 humiliavit?

2420 3139 2482 3191 οὐ
2522 3139 2682 3208 μόνον
2719 3135 2958 3207 ἠδυνήθη
3000 3135 3260 3202 ἐκφυγεῖν
3283 3131 3346 3184 τδ
3387 3131 3722 3200 κατακρίναι
3753 3128 3849 3180 τὸν
3877 3127 3999 3194 πλη-

745 3212 816 3264 At
839 3226 938 3266 nos
976 3211 1216 3265 infelices
1244 3211 1450 3280 absque
1483 3212 1589 3264 ulla
1632 3211 1958 3265 discretione
1981 3212 2308 3280 judicamus,

747 3303 874 3356 odio
901 3303 1183 3363 habemus,
1226 3302 1628 3355 contemnimus
1665 3301 1929 3371 quidquid
1973 3303 2268 3359 viderimus
2296 3345 2312 3369 ,

748 3392 1138 3456 audiverimus,
1171 3393 1423 3461 suspicati
1465 3391 1724 3446 fuerimus
1751 3408 1768 3457 ;
1816 3393 2069 3461 quodque
2098 3395 2317 3463 gravius

749 3496 836 3540 est
864 3485 1054 3550 multo,
1089 3499 1195 3538 non
1239 3483 1477 3549 contenti
1525 3483 1726 3536 damno
1765 3492 1970 3547 nostro,
2005 3495 2226 3540 caeteros
2263 3485 2318 3540 in

751 3586 1094 3626 communem
1121 3569 1334 3624 ruinam
1369 3569 1670 3624 trahimus:
1705 3569 1921 3623 obvium
1950 3571 2096 3624 enim
2125 3586 2321 3640 quem-

751 3677 968 3729 cunque
1004 3660 1355 3714 habuerimus
1395 3674 1461 3712 ex
1507 3657 1770 3714 fratribus
1794 3701 1808 3723 ,
1839 3660 1915 3713 illi
1958 3661 2142 3714 statim
2187 3663 2323 3717 dici-

753 3769 878 3808 mus
927 3753 1030 3807 hoc
1055 3759 1111 3806 et
1153 3751 1254 3806 hoc
1296 3748 1496 3804 factum
1529 3766 1693 3815 esse;
1740 3750 1898 3818 eique
1934 3751 2131 3819 pariter
2163 3767 2326 3807 noce-

754 3859 898 3905 mus,
922 3843 1050 3899 dum
1074 3840 1222 3895 cordi
1249 3840 1369 3910 ejus
1397 3855 1591 3910 pravas
1615 3839 1972 3905 cogitationes
2007 3840 2323 3909 ingerimus.

755 3932 866 3986 Nec
908 3931 1261 3985 formidamus
1307 3930 1726 3985 mmminantcm
1761 3945 1825 3984 ac
1869 3929 2179 3985 dicentem:
2238 3931 2328 3987 Va:

754 4025 846 4093 qui
874 4024 1116 4091 proximo
1153 4023 1391 4091 propinat
1435 4019 1702 4075 turbidam
1743 4021 2101 4074 ευενιίοηεηιά
2127 4025 2140 4077 !
2171 4021 2327 4088 Quod

755 4129 895 4183 opus
926 4129 1054 4168 sane
1079 4114 1384 4168 daemonum
1427 4121 1548 4176 est;
1586 4113 1702 4165 hac
1743 4125 1868 4165 eum
1902 4110 2151 4178 facimus,
2183 4115 2330 4169 nulla

759 4205 916 4260 nobis
942 4219 1072 4258 cura
1111 4212 1213 4258 est.
1245 4202 1385 4268 Quid
1426 4202 1570 4256 aliud
1616 4202 1826 4256 daemon
1860 4216 2024 4271 quam
2052 4203 2248 4257 damna
2278 4213 2333 4257 et

759 4295 1098 4350 turbationes
1127 4309 1340 4349 movere
1364 4294 1590 4349 studet?
1627 4292 1814 4361 Itaque
1847 4307 2034 4362 parum
2067 4307 2098 4346 a
2132 4292 2332 4347 daemo-

761 4387 922 4440 nibus
941 4387 1140 4454 quibus
1159 4400 1519 4454 cooperamur
1539 4385 1592 4438 in
1617 4385 1831 4438 ruinam
1863 4393 2105 4438 nostram
2135 4393 2190 4438 et
2209 4400 2334 4454 pro-

2422 3231 2559 3293 σίον,
2584 3229 2722 3283 ἀλλὰ
2744 3230 2842 3282 καὶ
2870 3227 3066 3282 ἑαυτὸν
3096 3225 3329 3278 δέδωκεν
3349 3224 3612 3276 ὑποκάτω
3655 3221 3836 3273 αὐτοῦ
3864 3236 3880 3284 ;
3905 3219 4002 3270 Καὶ

2421 3319 2584 3388 ἡμεῖς
2604 3318 2656 3370 οι
2676 3316 2852 3372 ἄθλιοι
2871 3314 3178 3385 ἀδιαφόρως
3203 3312 3633 3382 κατακρίνομεν,
3654 3308 4004 3380 ἀηδιζόμεθα,

2423 3407 2837 3477 ὲξουδενοῦμεν·
2876 3408 2930 3460 ετ
2965 3424 3018 3459 τι
3061 3406 3262 3475 δήποτε
3299 3402 3396 3456 ἐὰν
3433 3401 3662 3470 ἴδωμεν,
3699 3399 3739 3469 ἢ
3774 3398 4006 3453 ἀκούσω-

2428 3513 2549 3566 μεν,
2578 3496 2612 3566 ἢ
2637 3497 3029 3566 ὑπονοήσωμεν
3053 3510 3068 3525 ο
3096 3492 3158 3546 τὸ
3196 3491 3498 3559 δεινότερον
3521 3489 3606 3541 ὃτι
3627 3488 3693 3540 οὐ
3727 3489 3897 3558 μέχρι
3925 3487 4010 3553 τῆς

2430 3589 2568 3651 ἰδίας
2597 3587 2799 3657 βλάϐης
2838 3585 2988 3656 αὑτῷ
3022 3582 3314 3654 ίττάμεθα,
3344 3580 3484 3634 ἀλλὰ
3513 3578 3865 3647 ἀπαντῶμεν
3883 3576 4010 3642 ἄλλῳ

2427 3678 2665 3747 ἀδελφῷ,
2705 3679 2800 3731 καὶ
2827 3677 3031 3739 εὐθέως
3065 3675 3318 3743 λέγωμεν
3360 3671 3543 3740 αὐτῷ·
3579 3671 3719 3723 Τόδε
3766 3671 3867 3722 καὶ
3909 3667 4013 3720 τάδε

2430 3769 2648 3836 ἐγένετο
2671 3785 2685 3798 ο
2714 3768 2810 3822 καὶ
2840 3766 3176 3836 βλάπτομεν,
3207 3765 3460 3816 κάκεῖνον
3491 3759 3796 3829 βάλλοντες
3819 3759 3904 3822 είς
3928 3759 4014 3825 τὴν

2391 3909 2412 3921 ,
2431 3858 2658 3929 καρδίαν
2686 3857 2851 3910 αὐτοῦ
2876 3855 3171 3926 ἁμαρτίαν.
3203 3853 3312 3906 Καὶ
3337 3853 3399 3905 οὐ
3435 3848 3767 3919 φοϐούμεθα
3818 3847 3914 3901 τὺν
3949 3850 4017 3900 εἰ·

2433 3951 2635 4001 πόντα·
2674 3949 2841 4009 Οὐαί,
2871 3951 2904 4001 ὁ
2948 3945 3200 4005 ποτίζων
3222 3945 3328 3997 τὸν
3348 3943 3622 4009 πλησίω·
3654 3941 3856 3995 αὐτοῦ
3886 3942 4017 3995 ἀνα·

2435 4042 2667 4110 τροπὴν
2703 4038 2961 4107 θολερόν
2981 4057 2998 4073 ο
3037 4036 3177 4091 ἀλλὰ
3218 4033 3479 4104 ποιοῦμεν
3521 4032 3690 4102 ἔργον
3728 4031 4018 4102 δαιμόνων.

2437 4134 2531 4188 καὶ
2563 4133 2626 4185 οὐ
2682 4131 2834 4201 μέλει
2869 4131 3020 4199 ήμῖν.
3075 4127 3142 4182 Τί
3177 4128 3286 4200 γὰρ
3331 4126 3460 4181 ἄλλο
3503 4125 3620 4192 ἔχει
3651 4123 3895 4193 ποιῆσαι
3927 4120 4022 4173 Gaio

2442 4242 2578 4295 μων,
2609 4223 2658 4275 εί
2694 4221 2769 4292 μή
2813 4219 3045 4291 ταράξαι
3081 4218 3178 4272 καὶ
3216 4216 3448 4287 βλάψαις
3509 4213 3608 4266 καὶ
3648 4210 4023 4283 εὑρισκόμεθα

2441 4314 2830 4387 συνεργοῦντες
2867 4314 2980 4375 τοῖς
3002 4309 3253 4380 δαίμοσιν
3277 4308 3358 4370 είς
3384 4303 3666 4358 ἀπώλειαν
3688 4301 3915 4355 ἑαυτῶν
3941 4301 4022 4351 καὶ

2442 4405 2536 4458 τοῦ
2583 4403 2833 4472 πλησίον.
2894 4403 2952 4453 '0
3001 4401 3112 4468 γὰρ
3169 4398 3424 4468 βλάπτων
3483 4393 3693 4464 ψυχήν,
3742 4395 3865 4455 τοῖς
3918 4391 4026 4444 Gai-

761 4477 1052 4537 ximorum,
1082 4476 1285 4530 distare
1316 4476 1631 4544 probamur.
1663 4472 1766 4540 Qui
1799 4474 1944 4527 enim
1977 4474 2215 4529 animam
2241 4476 2318 4530 la:-

2443 4516 2568 4570 μοσι
2619 4497 2871 4567 συνεργεῖ
2907 4493 3003 4546 καὶ
3059 4491 3262 4563 βοηθεῖ.
3311 4489 3523 4556 Ὠσπερ
3552 4485 3653 4538 καὶ
3706 4487 3742 4538 ὁ
3785 4482 4025 4552 ὠφελῷν,

759 4560 862 4623 dit,
890 4569 1212 4629 rooperatur
1243 4561 1496 4628 daemoni,
1527 4561 1687 4630 eique
1736 4561 1995 4616 auxilium
2044 4560 2167 4616 fert.
2205 4561 2334 4618 Item

763 4655 810 4706 is
839 4651 960 4718 quis
991 4651 1187 4705 anima:
1218 4651 1458 4720 prodest,
1499 4659 1812 4706 sanctorum
1851 4651 2167 4721 angelorum
2206 4667 2337 4707 coo-

760 4750 979 4809 perator
1006 4748 1105 4794 est.

834 4828 948 4883 Vll.
981 4828 1151 4898 Cujus
1178 4829 1257 4884 rei
1303 4845 1467 4886 causa
1516 4839 1620 4910 est,
1653 4831 1780 4900 quia
1815 4831 1866 4883 iu
1898 4831 2056 4886 nobis
2085 4831 2167 4884 vel
2194 4832 2338 4885 nulla

761 4920 848 4976 vel
878 4920 1073 4990 exigua
1096 4921 1337 4976 eharitas
1367 4931 1470 4977 est.
1508 4921 1582 4975 Ea
1611 4923 1756 4978 enim
1785 4923 2108 4992 compatitur
2131 4932 2185 4977 et
2207 4939 2338 4977 con-

761 5007 973 5070 teritur,
993 5021 1118 5062 cutn
1145 5008 1517 5076 proximorum
1547 5019 1766 5078 peccata
1787 5009 2002 5072 viderit,
2027 5019 2088 5064 ut
2107 5010 2338 5065 dicitur:

764 5099 905 5163 Quia
933 5100 1166 5152 citat-itas
1205 5101 1372 5167 operit
1409 5098 1799 5154 multitudinem
1832 5110 2167 5168 peccatorum
2196 5109 2244 5155 ο.
2277 5099 2343 5154 Et

766 5190 999 5244 iterum:
1031 5188 1279 5243 Charitas
1309 5205 1409 5242 non
1440 5190 1636 5260 cogitat
1660 5190 1860 5244 malum
1892 5189 1938 5256 τ,
1971 5200 2024 5245 ει
2049 5192 2231 5246 omnia
2251 5206 2341 5246 ce-

767 5281 865 5334 lat.
895 5279 1004 5334 Nos
1037 5281 1199 5350 igitur
1232 5280 1278 5334 si
1318 5281 1638 5337 cbaritatem
1669 5282 2016 5348 haberemus,
2048 5284 2230 5337 omnia
2264 5292 2342 5338 te-

768 5384 1042 5437 geremus,
1084 5370 1266 5423 omnia
1300 5369 1772 5427 dissimularemus
1795 5411 1810 5435 ,
1844 5380 1904 5426 ut
1935 5370 2137 5426 factum
2184 5382 2267 5427 est
2310 5387 2340 5426 a

770 5461 1068 5526 majoribus
1097 5462 1317 5526 nostris,
1345 5464 1476 5518 dum
1505 5465 1698 5520 delicta
1727 5465 2008 5519 hominum
2030 5475 2337 5520 cernerent.

769 5547 879 5604 Sed
902 5566 969 5604 an
999 5566 1173 5608 caecos
1199 5553 1323 5610 illos
1357 5554 1592 5611 fortasse
1647 5555 1960 5625 opinamur?
1987 5556 2156 5611 absitt
2195 5555 2336 5610 Caeci

840 5727 1100 5788 δηλίκια
1151 5750 1210 5798 tt,
1258 5733 1339 5789 l3.

2445 4590 2696 4660 συνεργεῖ
2722 4589 2834 4650 τοῖς
2861 4584 3038 4654 ἁγίοις
3076 4580 3347 4651 ἀγγέλοις.

2515 4822 2591 4876 Ζ⁹.
2634 4818 2807 4874 Πόθεν
2857 4818 2916 4871 δὲ
2961 4817 3245 4887 πάσχομεν
3280 4813 3475 4877 ταῦτα,
3517 4811 3568 4864 εί
3610 4809 3691 4882 μὴ
3722 4811 3795 4864 ὲκ
3833 4809 3936 4864 τοῦ
3973 4811 4033 4880 μὴ

2446 4910 2591 4982 ἔχειν
2633 4911 2781 4981 ἡμᾶς
2825 4909 3090 4978 ἁγάπην;
3131 4907 3180 4958 ει
3226 4907 3336 4975 γὰρ
3364 4903 3590 4972 εἴχομεν
3624 4901 3870 4971 ἀγάπην
3912 4901 4032 4970 μετὰ

2448 5003 2794 5074 συμπαθείας
2816 5002 2912 5055 καὶ
2934 5000 3120 5062 πόνου,
3169 4993 3483 5067 ἡμελοῦμεν
3506 4993 3741 5064 βλέπειν
3785 4993 3862 5047 τὰ
3889 4994 4034 5046 ἐλατ-

2442 5095 2673 5166 τώματα
2709 5091 2805 5147 τοῦ
2845 5090 3106 5163 πλησίον·
3137 5087 3324 5151 καθὼς
3363 5086 3539 5154 λέγει,
3565 5085 3710 5139 ὀτι
3761 5085 3805 5152 ἠ
3845 5085 4032 5153 ἀγάπη

2443 5187 2734 5242 καλύπτει
2751 5183 2985 5253 πλῆθος
3010 5179 3328 5252 ἁμαρτιῶν.
3346 5179 3458 5233 Καὶ
3486 5176 3655 5230 πάλιν
3683 5193 3702 5208 ο
3747 5177 3826 5232 Ἦ
3846 5177 4034 5244 (irrisa

2442 5279 2516 5333 οὐ
2546 5275 2838 5345 λογίζεται
2861 5273 2928 5328 τὸ
2965 5273 3155 5327 κακόν
3172 5287 3188 5302 ’
3213 5271 3393 5325 πάντα
3416 5267 3602 5337 στέγει
3627 5285 3643 5299 ο
3669 5269 3779 5321 καὶ
3808 5268 3883 5321 τὰ
3905 5267 4034 5334 ἑξῆς,

2444 5370 2556 5424 Kal.
2588 5369 2750 5440 ἡμεῖς
2786 5364 2900 5431 οὖν,
2935 5366 3012 5429 ὡς
3049 5360 3224 5426 εἶπεν,
3269 5363 3319 5414 εί
3356 5363 3580 5431 εῐχομεν
3636 5359 3747 5429 τήν
3800 5361 4034 5428 ἀγάπην.

2449 5460 2588 5530 αὐτή
2618 5461 2651 5530 ἡ
2677 5459 2865 5528 ἀγάπη
2895 5442 3200 5509 ἐσκέπασεν
3246 5453 3478 5506 ἕκαστον
3523 5451 3778 5521 πρᾶγμα
3805 5468 3820 5483 ·
3863 5451 4036 5515 ὥσπερ

2449 5552 2542 5604 καὶ
2563 5551 2614 5604 οἱ
2636 5551 2782 5616 amt
2803 5548 3092 5621 βλέποντες
3111 5544 3181 5599 τὰ
3200 5542 3567 5613 ἐλαττώματα
3582 5541 3698 5596 τῶν
3715 5542 3821 5593 ἀνθ
3831 5553 4034 5613 carust.

1420 5744 1442 5771 ε
1476 5733 1588 5789 Jac.
1628 5750 1679 5797 ν,
1718 5735 1819 5800 l0;
1849 5732 1867 5786 ι
1899 5733 2042 5790 l-‘ctt'.
2081 5749 2153 5800 tv,
2180 5734 2230 5787 8.
2275 5733 2287 5772 ί
2329 5731 2502 5787 lCor.
2541 5747 2658 5796 stat,
2688 5731 2738 5785 5.
