4118 6542
769 365 906 433 1699

1959 361 2019 419 S.
2056 357 2448 420 DOROTHEI
2493 357 2811 419 ABBATIS

3901 361 4030 425 1700

760 494 860 534 nes
912 434 1213 549 deperdetr
1245 475 1403 543 Quod
1453 482 1631 531 autem
1664 472 1936 543 'gaudium
1968 472 2055 526 vel
2100 470 2311 540 requiei

2411 469 2577 538 ,9dv,
2637 470 2800 523 ποίαν
2830 470 3143 526 ἀνάπαυσιν
3177 471 3279 525 οὐκ
3335 472 3449 543 ἔχει
3496 476 3527 528 ὀ
3568 475 3842 541 τοιοῦτος,
3902 480 4031 532 ὅπου

763 579 1135 640 consequatur
1164 568 1212 624 is
1250 568 1345 638 qui
1376 569 1499 623 talis
1530 566 1707 620 factus
1736 564 1920 629 fuerit,
1952 571 2013 617 ut
2041 562 2220 617 aiebat
2248 563 2345 616 ab-

758 659 857 714 bas
882 659 1111 728 pastor?
1140 658 1243 725 Qui
1290 658 1434 713 enim
1493 672 1617 712 sese
1661 654 2035 721 accusaverit,
2084 652 2345 723 quidquid

762 749 1118 813 incommodi,
1152 748 1361 813 damni,
1396 747 1600 817 probri,
1636 746 1945 816 ignominia:
1974 747 2056 799 vel
2096 743 2342 809 alterius,

761 837 1141 908 cujuscunque
1194 837 1507 893 afﬂictionis
1553 837 1885 899 incurrerit,
1936 835 2121 890 omnia
2170 833 2343 887 hilare

761 928 1037 997 suscipit,
1090 929 1348 983 omnibus
1401 928 1785 999 dignissimum
1835 942 1896 982 se
1933 934 2122 994 putat,
2166 938 2341 993 neque

757 1018 868 1073 ullo
880 1019 1279 1085 modoiturbari,
1299 1027 1494 1088 potest.
1513 1018 1655 1083 Quid
1681 1020 1785 1071 hoc
1818 1015 2038 1070 homine
2061 1013 2342 1085 quietius?

832 1107 917 1163 ΙΙΙ.
962 1110 1068 1164 Sed
1103 1111 1235 1164 mihi
1269 1110 1502 1165 fortasse
1532 1110 1656 1179 quis
1687 1108 1946 1177 objiciet:
2004 1106 2145 1172 Quid
2176 1107 2225 1162 si
2256 1120 2340 1159 me

756 1196 958 1268 afﬂigat
983 1198 1170 1266 frater,
1200 1212 1561 1270 querensque
1594 1199 1799 1252 nullam
1834 1212 1919 1251 me
1948 1197 2221 1250 inveniam
2246 1210 2338 1250 oc-

754 1292 1032 1345 casionem
1065 1292 1298 1357 dedisse,
1340 1305 1440 1346 cur
1479 1305 1567 1346 me
1599 1304 1862 1345 accusare
1895 1288 2164 1342 debeam?
2203 1290 2336 1343 Pro-

753 1378 897 1434 fecto
939 1380 985 1434 si
1037 1395 1096 1435 se
1120 1381 1245 1451 quis
1278 1394 1404 1435 cum
1441 1380 1535 1435 Dei
1570 1380 1765 1434 timore
1796 1378 2081 1448 diligenter
2128 1378 2337 1432 exami—

754 1478 866 1533 net,
919 1484 1200 1539 nunquam
1231 1470 1453 1525 omnino
1481 1483 1541 1525 se
1571 1468 1841 1522 insontem
1874 1467 2149 1521 inveniet:
2180 1467 2335 1522 vide-

752 1559 942 1630 bitque
976 1563 1059 1616 vel
1094 1570 1241 1627 actu,
1286 1561 1366 1616 vel
1410 1560 1597 1625 verbo,
1644 1558 1727 1613 vel
1776 1557 1947 1629 ﬁgura
1990 1557 2155 1612 ullam
2201 1572 2232 1612 a
2276 1573 2336 1613 se

755 1650 1100 1706 occasionem
1130 1651 1338 1705 datam.’
1366 1648 1522 1716 Quod
1552 1650 1597 1706 si
1632 1650 1687 1705 in
1717 1650 1867 1704 nullo
1899 1649 2090 1703 horum
2122 1663 2180 1704 se
2205 1659 2334 1703 tunc

756 1752 969 1796 sontem
1007 1742 1263 1808 inveniet,
1292 1741 1537 1811 profecto
1576 1741 1685 1795 alio
1718 1750 1960 1809 tempore
1998 1739 2189 1794 alilixit
2218 1738 2326 1793 fra-

2444 558 2492 611 δ’
2532 560 2599 612 ἂν
2631 561 2867 631 ἀπέλθῃ,
2912 562 3105 633 ὥσπερ
3138 559 3262 616 εἰπε
3291 566 3441 617 καὶὸ
3479 566 3654 629 ἀϐϐἄς
3699 569 3944 638 ποιμὴν,
4007 574 4033 621 ὀ

2445 650 2639 705 ἑαυτὸν
2692 654 3074 725 μεμφόμενοςς
3124 655 3191 709 Εἰ
3217 673 3269 708 τι
3308 657 3417 725 γὰρ
3463 658 3648 729 συμϐῇ
3703 659 3866 729 αὐτῷ
3925 663 4029 713 είτε

2445 741 2643 811 ζημία,
2676 743 2791 797 εῐτε
2842 744 3063 815 ἀτιμία,
3091 748 3205 800 είτε
3252 747 3541 813 οἰαδήποσε
3577 747 3787 817 θλίψις,
3824 750 4028 818 1:901:-

2443 831 2556 885 ϐὼν
2589 832 2706 903 εχει
2750 834 2945 889 ἐαυτὸν
2971 834 3147 900 ἄξιον,
3199 837 3297 890 καὶ
3340 838 3597 891 οὐδέποτε
3653 839 4023 909 ταράσσεται.

2446 924 2604 977 Ἔστι
2630 924 2823 978 τούτου
2849 925 2901 979 τί
2930 942 3063 979 ποτε
3100 928 3556 1000 ἁμεριμνότερον,

2511 1096 2587 1153 1".
2632 1096 2794 1150 Ἀλλὰ
2829 1098 2979 1168 λέγει
3011 1116 3096 1162 τις
3117 1113 3136 1131 ’
3165 1099 3277 1153 Καὶ
3292 1100 3387 1153 ἐὰν
3414 1099 3573 1175 θλίϐῃ
3602 1118 3670 1171 με
3701 1103 3735 1154 ό
3764 1102 4018 1170 ἀδελφὸς,

2440 1186 2539 1239 καὶ⁸
2564 1188 2847 1258 ἰρευνήσω
2907 1190 3166 1260 ἐμαυτὸν,
3207 1190 3304 1244 καὶ
3347 1190 3491 1260 εὕρω
3542 1193 3625 1244 ὅτι
3670 1194 3779 1246 οὐκ
3846 1195 4021 1246 ἔδωκα

2438 1276 2589 1345 αὐτῷ
2618 1278 2938 1347 οἱανδήποτε
2978 1281 3271 1351 πρόφασιν,
3315 1280 3433 1344 πῶς
3480 1282 3717 1353 δύναμαι
3799 1285 4019 1352 μέμψα-

2440 1366 2570 1419 σθαι
2598 1368 2837 1437 ἐμαυτόν
2864 1384 2880 1430 ;
2917 1369 3125 1437 Ὄντως
3153 1370 3249 1423 ἐὰν
3278 1370 3545 1440 ἐρευνήσῃ
3572 1388 3656 1432 τις
3684 1372 3889 1423 ἐαυτὸν
3926 1390 4017 1441 με-

2436 1458 2505 1510 τὰ
2529 1457 2698 1525 φόϐου
2735 1458 2897 1519 Θεοῦ.
2932 1460 3176 1529 εὑρίσκει
3208 1462 3292 1514 ὅτι
3322 1461 3535 1525 πάντως
3566 1462 3775 1515 ἔδωκεν
3808 1464 4014 1525 αἰτίαν,

2436 1548 2545 1601 εἴτε
2577 1547 2745 1618 ἔργῳ,
2778 1550 2888 1604 εἴτε
2918 1550 3081 1621 λόγῳ,
3116 1553 3228 1605 εῐτε
3268 1554 3527 1623 σχήματι.
3571 1554 3636 1606 Εἰ
3660 1555 3722 1606 δὲ
3771 1555 3873 1607 καὶ
3901 1555 4016 1623 $3.:-

2434 1654 2527 1692 πει
2566 1640 2779 1704 ἑαυτὸν,
2817 1642 2895 1706 ὡς
2933 1643 3101 1710 λέγει,
3148 1643 3231 1696 ὅτι
3270 1645 3329 1697 ἐν
3352 1644 3531 1697 οὐδενί
3566 1646 3781 1698 τούτων
3814 1646 4017 1699 ἔδωκεν

2432 1728 2569 1794 ὅλως
2609 1731 2790 1786 αἰτίαν
2838 1732 2978 1802 πρὸς
3024 1735 3088 1787 τὺ
3123 1735 3315 1806 παρὸν,
3358 1737 3507 1801 εἰκὸς
3551 1740 3748 1793 ἄλλοτε
3805 1740 4018 1793 ἐθλιϐεν

752 1839 889 1886 trem
922 1833 1096 1897 illum,
1126 1833 1208 1888 vel
1240 1800 1431 1887 eadem
1458 1832 1543 1888 vel
1569 1832 1821 1887 dissimili
1849 1832 1905 1886 in
1939 1846 2029 1895 re;
2072 1839 2167 1885 aut
2192 1831 2311 1885 foru

2431 1820 2621 1884 αὐτὸν,
2656 1821 2690 1890 ἢ
2720 1823 2802 1885 εἰς
2847 1800 2979 1876 αθτὸ
3010 1825 3071 1878 τὸ
3102 1800 3354 1896 πράγμα,
3380 1828 3414 1898 ἢ
3450 1800 3530 1890 εἰς
3552 1830 3707 1892 ἄλλο,
3739 1831 3897 1893 εἰκὸς
3926 1831 4016 1883 ἀλ-

750 1922 1061 1991 quetnpiam
1097 1922 1265 1975 alium
1312 1918 1535 1975 fratrem
1568 1920 1802 1975 vexavit.
1845 1919 2027 1985 Quare
2074 1920 2179 1975 hoc
2218 1934 2311 1973 me

2432 1909 2524 1962 λον
2564 1912 2796 1979 ἀδελφὸν
2825 1909 3187 1985 ἐθλιψεν,’καὶ
3238 1919 3528 1990 ἐχρεώστει
3552 1919 3647 1973 διὰ
3683 1920 3859 1972 τοῦτο
3917 1938 4016 1972 πα-

747 2014 855 2068 rito
881 2012 1168 2083 repatitur,
1198 2012 1281 2067 vel
1313 2012 1385 2067 ob
1411 2012 1517 2066 alia
1546 2026 1669 2082 qua:
1688 2010 1823 2065 alias
1852 2011 2083 2081 plurima
2110 2019 2311 2080 peccat:

2431 1998 2568 2067 θεῖν,
2596 2002 2629 2072 ἢ
2661 2004 2921 2069 πολλάκις
2949 2008 3042 2061 καὶ
3060 2007 3126 2060 δι’
3150 2007 3317 2079 ἄλλην
3342 2010 3622 2079 ἁμαρτίαν
3652 2027 3665 2040 ·
3718 2009 3872 2063 ὥστε
3899 2012 4013 2074 ἐὰν.

744 2104 1050 2160 commisit.
1085 2103 1291 2169 Quaerit
1319 2104 1459 2159 alius
1491 2118 1589 2158 cur
1634 2103 1871 2170 seipsum
1917 2110 2173 2168 accuset,
2203 2116 2311 2155 cun

2429 2091 2505 2155 ὡς
2539 2091 2715 2160 εἷπον,
2760 2096 2900 2165 μετὰ
2944 2099 3113 2166 φόϐου
3145 2098 3282 2153 Θεοῦ
3325 2102 3612 2171 ἐρευνήσει
3637 2118 3729 2164 τις
3816 2102 4013 2154 ἐαυτὸν

746 2193 946 2249 sedens
978 2194 1036 2247 in
1065 2193 1211 2248 omni
1242 2207 1371 2263 pace
1412 2202 1466 2248 et
1496 2193 1677 2263 quiete
1708 2194 1961 2264 amigitur
1995 2208 2027 2247 a
2070 2207 2311 2262 superve-

2428 2185 2523 2236 καὶ
2552 2183 2865 2255 ψηλαφήσει
2894 2186 2995 2256 τὴν
3041 2189 3178 2243 ἰδίαν
3236 2191 3542 2262 συνείδησιν
3584 2192 3874 2262 ἀκριϐῶς,
3932 2194 4018 2244 εὑ-

744 2290 928 2345 niente
957 2289 1127 2345 fratre
1155 2289 1325 2344 verbo
1365 2288 1495 2352 ullo,
1531 2288 1614 2342 vel
1663 2288 1909 2347 molesto,
1957 2284 2041 2338 vel
2091 2284 2311 2353 ignotni‘

2425 2271 2604 2342 ρίσκει
2643 2277 2836 2332 ἑαυτὸν
2866 2280 3085 2344 πάντως
3132 2280 3326 2335 αἴτιον.
3364 2281 3533 2335 Πάλιν
3566 2282 3725 2335 ἐστιν
3755 2283 3852 2334 ὅτε
3902 2283 4015 2350 βλέ-

742 2375 921 2440 nioso,
951 2376 1098 2446 quod
1129 2390 1254 2430 cum
1285 2376 1394 2444 pati
1426 2389 1534 2429 non
1566 2382 1752 2444 queat,
1786 2373 1945 2427 irasci
1973 2387 2033 2427 se
2061 2381 2230 2440 putat,
2270 2381 2311 2424 et

2420 2382 2515 2419 πει
2550 2380 2636 2428 τις
2674 2366 2887 2434 ἑαυτὸν,
2918 2368 2995 2432 ὡς
3033 2372 3173 2440 μετά
3212 2374 3436 2443 εἰρήνης
3464 2373 3559 2426 καὶ
3598 2374 3849 2443 ἡσυχίας
3878 2373 4017 2427 καθα

741 2463 949 2518 turbari
994 2480 1119 2518 cum
1170 2464 1419 2519 ratione:
1457 2464 1586 2534 quia
1636 2464 1740 2518 nisi
1789 2462 2071 2517 incidisset
2108 2461 2216 2526 ille,
2267 2468 2311 2515 el

2419 2456 2699 2526 εζόμενον,
2764 2458 2861 2513 καὶ
2902 2457 2992 2511 ὅτε
3037 2459 3170 2531 είπῃ
3199 2459 3348 2530 αὐτῷ
3374 2460 3603 2530 ἀδελφὸς
3648 2462 3717 2513 τὸ
3750 2462 3915 2532 ῥῆμα
3962 2463 4019 2513 τὸ

742 2555 959 2610 locutus
998 2554 1194 2611 fuisset
1223 2566 1279 2611 et
1322 2556 1682 2610 turbationem
1733 2552 1983 2617 fecisset,
2036 2567 2311 2621 nunquam

2419 2545 2624 2601 λυποῦν
2672 2549 2856 2613 αὐτὸν,
2890 2550 3249 2622 ταράσσεσαι,
3304 2553 3401 2605 καὶ
3430 2552 3506 2615 ὡς
3533 2553 3600 2604 ἐκ
3661 2548 3881 2606 ’τούτου
3938 2571 4018 2605 νο-

739 2646 1050 2714 peccasset?
1081 2646 1195 2702 Hoc
1216 2656 1361 2702 certe
1389 2648 1674 2702 ridiculum
1705 2656 1809 2707 est,
1839 2645 2097 2714 nullaque
2126 2643 2311 2697 nititur

2419 2635 2567 2704 μίξει
2614 2636 2854 2707 εὐλόγως
2888 2640 3198 2709 θλίϐεσθαι,
3254 2643 3375 2697 κατ’
3437 2642 3878 2711 αὑτοῦ.λέγων,
3939 2645 4019 2696 ὅτι

739 2735 966 2790 ratione.
996 2736 1184 2807 Neque
1223 2739 1367 2791 enim
1415 2754 1481 2791 ex
1531 2738 1635 2792 hoc
1678 2737 1824 2806 quod
1869 2736 2095 2790 verbum
2143 2734 2311 2789 ullum

2414 2721 2478 2776 Εἰ
2520 2724 2595 2795 μὴ
2617 2722 2747 2796 ἦλθε
2785 2729 2878 2781 καὶ
2918 2729 3150 2798 ἐλάλησὲ
3191 2748 3305 2800 μοι,
3335 2731 3428 2785 καὶ
3485 2730 3750 2801 ἐτάραξε,
3786 2750 3886 2802 με,
3925 2733 4017 2785 οὐκ

737 2824 937 2880 dixerit
962 2827 1269 2895 passionem
1303 2828 1397 2882 ira:
1422 2828 1499 2881 illi
1529 2826 1734 2896 injecit,
1764 2827 1895 2896 quin
1928 2828 2110 2896 potius
2138 2835 2315 2881 osten-

737 2911 838 2974 dit,
870 2927 976 2982 qua
1012 2914 1288 2969 laboraret
1317 2915 1569 2984 passione
1598 2932 1613 2968 :
1650 2925 1730 2976 ut.
1757 2914 1804 2969 si
1838 2914 2013 2979 vellet,
2045 2914 2311 2982 paeniten-

736 2999 866 3054 tiam
904 3010 1108 3071 ageret.
1139 3001 1238 3058 ilic
1266 3003 1467 3074 siligini
1507 3004 1702 3058 similis
1729 3003 1904 3059 factus
1936 3012 2019 3058 est
2041 3004 2223 3059 nitida:
2250 3012 2310 3058 et

2413 2811 2557 2885 εἰχον
2598 2817 2934 2888 ἁμαρτῆσαι.
3005 2821 3114 2873 Καὶ
3166 2821 3323 2874 τοῦτο
3356 2821 3520 2891 χλεύη
3549 2822 3691 2887 ἐστὶ,
3726 2824 3832 2875 καὶ
3861 2824 4015 2876 τοῦτ’)

2411 2908 2820 2979 παραλογισμός
2854 2911 2992 2966 ἐστι.
3025 2912 3116 2983 Μὴ
3149 2912 3259 2983 γὰρ
3283 2913 3312 2963 ό
3352 2912 3520 2966 εἰπὼν
3552 2913 3706 2983 αὑτῷ
3730 2915 3799 2966 τὸ
3839 2916 4009 2984 ῥῆμα.

2408 2996 2659 3051 ἐνέϐαλεν
2718 3001 2868 3070 αὐτῷ
2926 3002 2988 3054 τὸ
3082 3004 3254 3066 πάθος
3281 3043 3298 3071 ,
3352 3003 3413 3056 τδ
3453 3004 3512 3056 ἐν
3577 3005 3739 3075 αὐτῷ
3813 3008 4014 3071 ἔδειξεν

734 3091 1059 3159 splendenti,
1108 3108 1270 3163 quam
1304 3110 1429 3150 cum
1475 3095 1602 3165 quis
1644 3095 1887 3166 fregerit,
1927 3110 2143 3151 casuum
2188 3096 2310 3165 ejus

2414 3085 2601 3155 αὐτῷ,
2666 3087 2754 3141 ἵνα
2839 3090 2933 3143 ἐὰν
2992 3091 3176 3154 θέλει,
3228 3094 3547 3164 μετανοήσει
3603 3095 3753 3166 ὑπὲρ
3815 3096 4007 3148 αὐτοῦ.

735 3180 1039 3248 patefaciet.
1094 3181 1186 3238 Sic
1230 3183 1325 3252 qui
1382 3183 1534 3238 sedet
1581 3184 1800 3253 quietus
1847 3192 1903 3238 et.
1942 3184 2199 3253 paciilcus
2255 3191 2311 3239 ut

2416 3170 2585 3240 Οὗτος
2638 3179 2746 3250 γὰρ
2786 3179 2929 3242 ἔοικε
2989 3183 3229 3254 σιλιγνίῳ
3296 3185 3539 3256 καθαρῷ,
3617 3186 3833 3253 ἔξωθεν
3908 3192 4013 3258 ,μὲν

734 3269 1033 3335 existimat,
1066 3270 1374 3339 passionem
1406 3271 1553 3326 intus
1588 3272 1750 3327 habet
1792 3285 1956 3340 quam
2002 3286 2108 3324 non
2146 3270 2311 3325 videt.

739 3357 1066 3426 Supervenit
1086 3359 1273 3426 frater,
1298 3361 1517 3415 verbum
1541 3360 1761 3431 aliquod
1782 3361 2071 3414 molestum
2095 3361 2311 3429 objicit;

734 3449 1028 3518 statimque
1073 3464 1174 3519 pus
1206 3465 1367 3505 omne
1408 3460 1463 3505 et
1502 3450 1676 3505 lutum
1705 3452 1850 3520 quod
1896 3451 2046 3505 intus
2093 3450 2309 3516 latebat,

733 3538 1023 3591 evomitur.
1073 3536 1252 3603 Quare
1293 3538 1338 3593 si
1392 3539 1822 3594 miscricordiam
1863 3539 1981 3594 vult
2027 3541 2309 3609 consequi,

734 3625 1111 3693 ptenitentiam
1141 3635 1287 3697 agat,
1316 3636 1511 3696 purget
1537 3641 1616 3691 se,
1641 3629 1917 3697 prolicere
1947 3628 2181 3693 studeat,
2224 3630 2309 3683 vi-

730 3714 983 3783 debitque
1032 3715 1287 3771 debuisse
1336 3717 1511 3786 magis
1560 3732 1681 3771 sese
1727 3716 1881 3771 fratri
1936 3718 2012 3772 illi
2066 3721 2306 3788 gratias,

729 3818 893 3872 qnam
922 3805 1176 3876 injuriam
1217 3805 1441 3871 referre,
1469 3808 1563 3877 qui
1607 3818 1768 3861 tanta:
1797 3809 1901 3862 sibi
1952 3808 2113 3862 fuerit
2155 3811 2304 3862 utili-

730 3894 857 3947 tatis
889 3893 1127 3947 occasio.
1173 3891 1288 3947 Non
1329 3895 1475 3949 enim
1520 3895 1869 3963 postmodum
1916 3897 2306 3952 tentatiOnibus

726 3982 865 4035 adeo
896 3981 1168 4049 aﬂligitur,
1205 3984 1298 4037 sed
1340 3994 1546 4052 quanto
1573 3984 1865 4054 profecerit
1911 3987 2103 4053 magis,
2155 3996 2304 4041 tanto

726 4070 847 4125 illas
883 4074 1078 4126 sentiet
1114 4074 1363 4127 leviores.
1410 4071 1544 4126 Nam
1593 4085 1800 4143 quanto
1844 4075 2055 4142 profidt
2097 4077 2299 4141 anima,

725 4173 876 4217 tanto
906 4164 963 4217 tit
988 4161 1180 4232 fortior
1206 4170 1261 4216 et
1294 4164 1563 4219 valentior
1598 4166 1665 4218 ad
1706 4164 1923 4219 ferenda
1963 4180 2301 4235 quacunque

726 4254 860 4307 dura
887 4253 1234 4321 contigerint.
1266 4252 1577 4308 Jumentum
1608 4255 1754 4309 enim
1782 4255 1910 4309 illud
1940 4254 2295 4312 fortissimum

720 4342 974 4405 dicimus,
994 4343 1161 4409 quod,
1190 4358 1330 4397 onus
1356 4343 1613 4413 quodque
1638 4345 1803 4399 etiam
1834 4360 2090 4415 magnum
2118 4350 2298 4404 valen-

2411 3268 2630 3339 ὡραῖον,
2693 3270 2896 3325 ἔσωθεν
2942 3274 2999 3327 δὲ
3028 3274 3363 3345 λαμπούθιόν
3415 3294 3468 3329 τι
3495 3292 3511 3308 ο
3548 3278 3645 3332 καὶ
3711 3281 3856 3333 ὅταν
3874 3282 4005 3335 κὶα-

2416 3375 2499 3413 σει
2538 3362 2671 3414 αὐτό
2702 3361 2828 3428 ιιτις,¹
2848 3365 2979 3417 τότε
3010 3367 3261 3434 φαίνεται
3288 3369 3318 3421 ό
3354 3366 3615 3438 βόρϐορος
3648 3370 3856 3425 αὑτοῦ.
3905 3374 4009 3426 ω.

2414 3466 2521 3512 τως
2578 3450 2673 3503 καὶ
2713 3452 2877 3516 αὐτὸς
2912 3452 3147 3523 ἐκάθητο
3178 3457 3295 3525 μετ’
3326 3456 3571 3525 εἰρήνης,
3600 3456 3682 3519 ὡς
3715 3458 4006 3527 ἐνόμιζεν,

2412 3535 2526 3608 εἶχε
2564 3539 2623 3592 δὲ
2650 3540 2854 3594 ἔσωθεν
2882 3543 3047 3596 αὐτοῦ
3076 3544 3137 3597 τὸ
3176 3546 3368 3610 πάθος,
3421 3546 3517 3599 καὶ
3563 3547 3665 3599 οὐκ
3728 3548 3878 3618 ᾔδει.
3916 3550 4009 3603 Ἐν

2412 3631 2562 3701 ῥῆμα
2600 3626 2755 3685 εἷπεν
2786 3633 2933 3703 αὐτῷ
2960 3635 2990 3686 ὁ
3013 3634 3243 3703 ἁδελφὸς
3285 3636 3470 3700 αὑτοῦ,
3503 3640 3601 3691 καὶ
3643 3639 3887 3705 ἐξέϐαλε
3920 3644 4008 3694 τὸν

2410 3719 2668 3791 βόρϐορον
2694 3722 2784 3775 τὸν
2808 3725 3187 3794 κεκρυμμένον
3223 3725 3350 3779 ἔσω.
3398 3727 3522 3780 Ἐὰν
3549 3723 3642 3780 οὖν
3667 3728 3807 3801 θέλῃ
3843 3732 4005 3800 ἐλεη-

2410 3809 2591 3878 θῆναι,
2649 3814 2980 3884 μετανοήσῃ.
3036 3816 3133 3868 καὶ
3188 3816 3483 3888 καθαρίσῃ,
3541 3820 3840 3892 προκύψῃ,
3910 3824 4003 3877 καί

2408 3901 2593 3970 βλέπει
2641 3904 2724 3955 ὃτι
2756 3904 2954 3973 μᾶλλον
2982 3906 3371 3977 εὐχαριστῆσαι
3396 3909 3601 3975 ὀφείλει
3625 3910 3711 3978 τῷ
3741 3913 3997 3981 ἀδελφῷ,

2403 3994 2479 4054 ὡς
2509 3994 2667 4064 αἰτίῳ
2702 3995 2970 4064 γινομένῳ
3002 3996 3150 4067 αὐτῷ
3183 3997 3281 4066 τῆς
3333 3998 3593 4070 τοιαύτης
3674 4000 3993 4070 ὡφελείας.

2402 4084 2515 4136 Οὐκ
2549 4084 2628 4136 ἐτι
2660 4085 2768 4155 γὰρ
2799 4087 3000 4155 ὁμοίως
3036 4086 3293 4160 βαροῦσιν
3319 4090 3481 4143 αὑτὸν
3515 4093 3568 4143 οἰ
3620 4096 3950 4163 πειρασμοί
3981 4112 3993 4123 ·

2400 4174 2515 4226 ἀλλ’
2541 4175 2665 4228 ὅσον
2714 4176 3037 4248 προκόπτει,
3087 4177 3342 4231 τοσοῦτον
3397 4180 3765 4250 εὑρίσκονται
3841 4185 3997 4254 αὑτῴ

2398 4264 2772 4339 ἐλαφρότεροι.
2805 4268 2970 4320 Ὅσον
3000 4267 3110 4337 γὰρ
3147 4271 3443 4339 προκόπτει
3477 4273 3509 4340 ή
3543 4272 3725 4341 ψυχὴ,
3773 4276 3995 4343 γίνεται

2401 4354 2616 4423 ἰσχυρὰ,
2673 4356 2769 4407 καί
2824 4354 3020 4425 ἔχουσα
3051 4355 3281 4427 δύναμιν
3348 4357 3616 4429 βάστάσαι
3672 4364 3750 4417 τὰ
3815 4367 3997 4434 ἁπερ-

720 4441 802 4485 ter
833 4440 885 4485 et
916 4432 1197 4485 commode
1232 4432 1377 4485 vehit
1418 4447 1433 4484 :
1484 4446 1557 4496 et,
1594 4435 1642 4487 si
1682 4436 1973 4504 contigerit
2001 4452 2130 4491 casu
2184 4440 2295 4495 ullo

2411 4442 2623 4511 ίόμενα.
2657 4444 2870 4515 Ὠσπερ
2922 4446 3019 4498 ἐάν
3052 4447 3168 4500 ἐστι
3218 4447 3355 4511 ζῶον
3394 4450 3637 4519 ἰσχυρὸν,
3679 4456 3787 4507 καὶ

718 4521 994 4575 offendere
1019 4521 1103 4575 vel
1131 4521 1345 4586 cadere,
1382 4524 1453 4576 ita
1487 4524 1671 4579 statim
1718 4526 1987 4580 excitatur
2016 4537 2071 4582 et
2106 4544 2292 4585 resur-

2411 4534 2534 4585 τίσει
2578 4550 2663 4597 τις
2697 4534 2829 4587 αὐτὸ
2878 4536 3115 4608 γομάριν
3147 4538 3287 4607 μετὰ
3334 4539 3704 4603 ἀναπαύσεως
3788 4521 3991 4613 βαστά-

720 4609 817 4678 git,
848 4621 903 4664 ut
950 4612 1037 4665 vix
1069 4611 1362 4665 oil‘endisse
1387 4614 1473 4666 vel
1498 4614 1760 4670 cecidisse
1800 4632 1860 4671 se
1893 4620 2146 4675 senserit.
2189 4621 2292 4676 De-

2411 4622 2476 4686 ζει
2512 4638 2526 4654 ο
2579 4626 2627 4675 εἰ
2656 4624 2713 4677 δὲ
2746 4626 2842 4678 καὶ
2860 4628 3042 4697 συμϐῇ
3076 4628 3225 4697 αὑτῴ
3256 4629 3549 4699 προκόψαι,
3582 4609 3805 4698 εὐθέως
3843 4639 3988 4704 ἐγεί-

718 4701 826 4754 bile
854 4710 1034 4752 autem
1064 4702 1268 4755 animal
1304 4702 1611 4773 cuicunque
1642 4706 1796 4759 oneri
1822 4706 1985 4761 etiam
2016 4708 2291 4767 levissimo

2411 4728 2568 4776 »εται,
2596 4714 2688 4766 καὶ
2718 4714 2923 4783 σχεδὸν,
2955 4716 3075 4768 οὐδὲ
3102 4718 3445 4771 αἰσθάνονται
3470 4719 3553 4771 ὅτι
3590 4724 3980 4793 προσέκοκζνεν·

717 4790 1057 4855 succumbit;
1091 4800 1164 4852 et,
1199 4791 1244 4844 si
1275 4791 1552 4857 ceciderit,
1582 4794 1648 4847 ad
1679 4798 2067 4865 resurgendum
2098 4803 2293 4855 multo-

2411 4801 2485 4854 ιαν
2518 4801 2575 4854 δέ
2605 4804 2722 4855 ἐστι
2770 4803 2907 4867 ζῶον
2950 4806 3315 4875 ταλαίπωρον,
3348 4808 3442 4860 καὶ
3470 4808 3531 4860 τὸ
3565 4811 3679 4861 είτι
3739 4790 3975 4885 δήποτε.

716 4893 837 4933 rum
868 4893 1003 4947 opus
1038 4878 1199 4932 habet
1230 4879 1457 4932 auxilio.
1506 4879 1650 4933 idem
1695 4892 1781 4935 est
1816 4883 1884 4936 de
1929 4884 2132 4951 anima,
2168 4903 2291 4956 qua:

2411 4891 2550 4960 ἰαρεϊ
2576 4893 2709 4945 αὑτό
2741 4909 2757 4925 ο
2794 4895 2922 4947 εἰδὲ
2966 4897 3058 4947 καὶ
3092 4897 3253 4968 πέσῃ,
3272 4897 3447 4949 δέεται
3472 4897 3688 4967 πολλῆς
3724 4878 3983 4974 segem;

719 4984 831 5038 quo
860 4970 1034 5039 magis
1066 4969 1387 5038 peccaverit,
1428 4983 1495 5023 eo
1528 4970 1587 5024 iit
1613 4984 1827 5040 semper
1861 4972 2107 5028 debilior.
2160 4976 2291 5030 Pec-

2419 4983 2466 5042 ίς
2516 4982 2577 5034 τὸ
2614 4984 2833 5052 ἐγείραι
2864 4984 2995 5037 αὐτό
3015 5000 3030 5018 ο
3065 4985 3236 5049 οὕτως
3268 4989 3385 5039 ἐστὶ
3412 4990 3503 5040 καὶ
3533 4990 3598 5042 τὸ
3779 4969 3977 5065 ψύχῆς,

2384 5067 2507 5120 ὅσον
2562 5070 2778 5139 ἐνεργεῖ
2802 5072 2901 5141 τὴν
2942 5073 3237 5144 ἁμαρτίαν,
3270 5076 3608 5148 ταλαιπωρεῖ
3638 5080 3711 5147 ἐξ
3786 5085 3971 5152 αὐτῆς.

2384 5158 2445 5211 Εἰ
2484 5160 2590 5230 γὰρ
2639 5163 2673 5229 ή
2703 5162 2945 5232 ἁμαρτία
2984 5165 3446 5235 ταλαιπωροποιός
3514 5171 3663 5234 ἐστι,
3721 5177 3826 5228 καὶ
3888 5193 3972 5227 σα-

2383 5248 2504 5334 θροί
2533 5251 2622 5304 τὸν
2651 5252 2840 5322 ἔχοντα
2868 5255 3057 5324 αὐτὴν,
3090 5257 3277 5310 λοιπὸν
3308 5259 3360 5309 εί
3385 5275 3437 5310 τι
3467 5259 3687 5329 δήποτε
3722 5265 3829 5318 ἐὰν
3850 5284 3969 5334 συμ-

2379 5333 2474 5404 ϐῇ.
2528 5335 2688 5406 βαρεῖ
2743 5340 2905 5393 αὐτόν
2936 5356 2950 5373 ·
2998 5343 3093 5395 ἐὰν
3121 5343 3177 5395 δέ
3209 5344 3455 5414 προκύψῃ
3507 5345 3845 5417 ἄνθρωπος,

2376 5439 2555 5477 νονται
2588 5426 2735 5495 αὐτῷ
2756 5430 2895 5481 κατᾶ
2937 5430 3237 5499 πρόσϐασιν
3289 5430 3633 5503 ἐλαφρότερα
3665 5438 3867 5491 ἐκεῖνα
3909 5442 3963 5489 τά

2377 5529 2506 5566 ποτε
2562 5514 2831 5586 βαροῦντα
2858 5519 3021 5570 αὐτόν
3048 5536 3062 5549 ·
3111 5520 3252 5573 ὥστε
3286 5523 3425 5574 πάνυ
3456 5524 3612 5591 ἡμᾶς
3650 5528 3953 5597 εὐεργετεῖ.

2379 5606 2473 5658 καὶ
2521 5608 2601 5669 εἰς
2648 5609 2851 5680 πολλὴν
2901 5611 3209 5665 ἀνάπαυσιν
3240 5614 3335 5667 καὶ
3373 5616 3676 5687 προκοπὴν
3721 5624 3954 5690 (piper-:9

2379 5697 2607 5765 ἑαυτοὺς
2639 5702 2733 5755 καὶ
2778 5703 2982 5774 μηδένα
3009 5704 3165 5759 ἄλλον
3199 5706 3255 5759 ἐν
3282 5709 3391 5770 τοῖς
3426 5707 3845 5778 συμϐαίνουσιν
3886 5717 3954 5769 αἱ-

715 5070 897 5112 catum
926 5059 1073 5114 enim
1104 5060 1160 5113 in
1188 5059 1461 5114 miseriam
1489 5074 1827 5130 quaecunque
1864 5064 2048 5127 trahit,
2076 5074 2130 5119 et
2154 5080 2287 5119 con-

710 5151 848 5203 cutit
877 5150 1017 5218 apud
1052 5165 1213 5219 quem
1245 5149 1447 5205 fuerit:
1488 5151 1634 5219 quod
1682 5152 1727 5206 si
1774 5162 1959 5221 postea
2008 5155 2284 5225 quidpiam

709 5239 1013 5305 contigerit,
1062 5240 1191 5293 illud
1238 5255 1361 5293 eum
1398 5240 1576 5295 adhuc
1629 5242 1801 5309 magis
1855 5254 2132 5312 aggravat.
2186 5245 2281 5299 Sin

709 5340 838 5379 vero
868 5326 1156 5394 profecerit
1186 5328 1348 5381 homo
1376 5338 1430 5381 et
1460 5330 1756 5383 surrexerit
1775 5346 1840 5383 ex
1871 5342 2111 5399 peccato,
2137 5348 2282 5402 qum-

709 5432 923 5485 cunque
952 5419 1298 5485 postmodum
1326 5420 1643 5483 acciderint,
1676 5420 1813 5475 levia
1839 5424 2130 5490 reputabit,
2155 5440 2278 5479 cum

708 5517 861 5561 antea
905 5510 1016 5561 visa
1064 5518 1246 5562 essent
1295 5510 1630 5578 gravissima,
1667 5510 2061 5581 conferuntque
2112 5516 2281 5585 magis

705 5606 757 5651 et
800 5596 1163 5663 benefaciunt,
1195 5613 1357 5667 quam
1387 5599 1602 5663 lardant,
1633 5598 1701 5653 ad
1734 5614 2116 5671 summumque
2145 5619 2273 5672 pro-

705 5701 952 5754 gressum
977 5698 1031 5745 et
1058 5689 1293 5759 quietem
1326 5689 1666 5759 deducimur,
1698 5693 1744 5747 si
1777 5706 1877 5747 nos
1908 5694 2055 5761 ipsos
2091 5695 2271 5764 potius
