4118 6542
196 556 293 623 1701

1418 540 1798 604 DOCTRINA
1826 538 1961 603 VII.

3214 534 3355 603 1702

189 669 367 723 τιᾶσθαι.
396 666 491 720 Καὶ
521 664 755 735 μάλιστα
801 658 952 713 οὐδὲν
981 656 1214 728 ἐγχωρεῖ
1257 654 1388 710 ἀνευ
1409 652 1512 721 τῆς
1540 667 1678 721 προ-
1705 682 1716 711 Α

1802 685 1942 740 luam
1966 669 2136 724 ullum
2157 667 2327 725 alium
2355 666 2411 722 in
2432 664 2691 722 omnibus
2717 678 3072 733 accusemus;
3096 681 3162 722 eo
3187 670 3355 725 etiam

189 757 302 820 νοίας
324 754 395 810 τοῦ
429 752 561 807 Θεοῦ
585 748 841 821 γενέσθαι
885 749 1040 818 ἡμῖν.

239 936 295 987 Δ’.
318 930 492 985 Οὐκοῦν
519 929 624 983 κᾶν
672 928 819 997 λέγει
851 943 956 990 τις,
1005 926 1089 979 ὅτι
1124 945 1143 978 ι
1176 924 1302 988 Πῶς
1356 923 1417 977 οὑ
1449 922 1681 995 δύναμαι

183 1023 392 1092 θλιϐἧναι,
419 1021 506 1074 ἐὰν
531 1017 717 1089 χρῄζω
746 1020 1092 1089 πράγματος,
1119 1017 1210 1069 καί
1247 1017 1309 1069 οὐ
1331 1014 1626 1085 λαμϐάνως
1656 1032 1676 1066 ι

182 1112 270 1164 ἰδοὺ
307 1111 392 1180 γάρ
420 1109 600 1180 χρῄζω
624 1107 791 1161 αὑτοῦ
834 1106 977 1161 κατά
1008 1105 1071 1158 τὸ
1098 1105 1413 1173 ἀναγκαῖον.
1454 1105 1564 1158 Καὶ
1592 1104 1684 1157 οὑ-

176 1197 367 1265 δὲοῦτος
407 1202 513 1271 ἔχει
564 1199 723 1267 λόγον
756 1197 818 1250 τὸ
866 1195 1184 1267 μέμψασθαι
1216 1195 1405 1247 ἐαυτόν
1451 1211 1595 1258 τινα,
1647 1194 1680 1265 ἢ

177 1292 378 1359 θλιϐἧναι
403 1290 539 1343 κατά
579 1303 755 1351 τινοςο
797 1286 933 1341 ἀλλά
968 1286 1062 1339 ἐὰν
1099 1284 1176 1354 τῷ
1197 1284 1311 1337 ὄντι
1338 1283 1516 1354 χρῄζῃ
1542 1284 1684 1354 πράο

174 1399 363 1450 γματος,
383 1382 449 1443 ὡς
481 1381 656 1448 λέγει,
702 1380 799 1433 καί⁵
827 1379 887 1431 οὑ
915 1376 1207 1445 λαμϐάνει.
1244 1377 1446 1443 ὀφείλει
1479 1375 1680 1443 λέγειν,

172 1472 243 1523 ὅτι
297 1491 311 1523 ι
347 1471 393 1523 ’0
428 1469 656 1539 Χριστὸς
713 1464 821 1520 οἶδε
850 1464 1012 1519 πλέον
1044 1468 1091 1517 εἰ
1118 1465 1317 1534 ὀφείλω
1346 1466 1679 1534 ἀναπαῆναι,

171 1564 250 1615 καί
286 1562 421 1623 αὐτὸς
448 1559 652 1628 γίνεταί
682 1575 773 1628 μοι
799 1557 918 1611 ἀντὶ
961 1556 1113 1609 τοῦδε
1156 1554 1250 1608 τοῦ
1277 1560 1621 1625 πράγματος,
1648 1555 1682 1626 ἢ

167 1653 275 1706 ἀντὶ
299 1651 426 1706 τοῦδε
472 1652 566 1705 τοῦ
596 1649 905 1721 βρώματος.
936 1667 955 1700 ι
986 1648 1050 1701 οι
1090 1648 1195 1701 υίοί
1236 1646 1453 1717 Ἰσραὴλ
1485 1647 1684 1715 ἔφαγον

166 1741 221 1794 τὸ
256 1742 404 1810 μάννα
430 1742 487 1794 ἐν
551 1742 616 1809 τῇ
664 1739 859 1809 ἐρήμῳ
887 1736 1292 1804 τεσσαράκοντα
1322 1734 1440 1805 ἐτη.
1479 1735 1588 1789 Καὶ
1624 1734 1683 1789 ἓν

167 1830 256 1900 μὲν
292 1828 406 1894 εἶδος
438 1826 506 1901 ἦν
531 1830 593 1883 τὸ
646 1831 820 1899 μάννα
839 1864 855 1882 .
899 1828 1148 1896 Ἐκάστῳ
1170 1826 1229 1877 δέ
1258 1825 1468 1892 ἐγίνετο
1503 1824 1685 1888 καθὼς

163 1919 335 1991 ἔχρῃζε
356 1937 368 1950 ·
392 1918 466 1989 τῷ
525 1917 779 1989 χρῄζοντι
812 1913 1082 1986 ἁλμυροῦ,
1150 1911 1394 1982 ἁλμυρὸν
1436 1911 1642 1978 ἐγίνετο
1665 1927 1680 1942 ο

260 1984 801 2080 ’,χρῄζοντι-γλυκέος,
835 1984 1048 2073 ἐγίνετο
1108 2000 1281 2071 γλυκύ
1301 2018 1316 2033 ·
1348 2001 1444 2055 καὶ
1472 2001 1688 2071 ἑκάστῳ
1720 1984 1761 2037 Β

164 2096 328 2159 ἁπλῶς
365 2095 527 2158 οὑτως
571 2094 803 2162 ἐγίνετο,
861 2090 1102 2163 ἁρμόζον
1148 2089 1286 2159 πρὸς
1338 2089 1438 2159 τὴν
1492 2090 1688 2157 κρᾶσιν

157 2186 306 2242 αὑτοῦ
325 2226 339 2242 .
378 2186 556 2249 Οῦτως
579 2181 673 2238 οὖν
717 2184 814 2237 ἐάν
869 2180 1047 2254 χρῄζῃ
1082 2198 1164 2243 τις
1191 2180 1320 2245 ῶοῦ,
1347 2179 1441 2234 καὶ
1465 2178 1527 2233 οὑ
1553 2178 1690 2249 λαμ-

156 2282 294 2334 ϐάνει
314 2279 357 2331 εἰ
405 2278 478 2347 μὴ
505 2277 735 2347 λάχανον
756 2315 772 2339 ,
808 2272 937 2344 είπῃ
965 2271 1043 2342 τῷ
1095 2271 1341 2342 λογισμῷ
1371 2270 1555 2338 αὑτοῦ,
1608 2271 1690 2324 ὅτι

160 2391 179 2424 t
220 2374 273 2425 Εἰ
317 2370 569 2439 συνέφερέ
592 2385 703 2437 μοι,
731 2362 843 2437 εἶχε
873 2366 1090 2427 πάντως
1113 2363 1327 2435 πέμψαι
1376 2380 1465 2433 μοι
1492 2362 1623 2416 αὐτὸ
1663 2365 1693 2416 ὁ

153 2463 275 2526 Θεός
300 2477 315 2495 ⁸
342 2461 471 2533 πλὴν
515 2461 738 2514 δύναται
764 2458 858 2510 καὶ
904 2455 1037 2509 αὑτὸ
1090 2456 1154 2508 τὸ
1187 2454 1415 2524 λάχανον
1469 2455 1691 2524 ποιῆσαι

153 2572 240 2623 μοι
279 2553 349 2616 ὡς
392 2552 534 2605 ὼὸνο
575 2569 594 2601 ι
629 2550 725 2602 καὶ
775 2545 1009 2617 πιστεύῃ
1051 2544 1130 2616 τῷ
1175 2544 1315 2615 Θεῷ,
1352 2547 1433 2598 ὃτι
1483 2546 1691 2614 γίνεται

149 2642 291 2713 αὐτῷ
337 2642 415 2705 εἰς
459 2637 776 2711 μαρτύριον.
809 2636 922 2690 Καὶ
966 2635 1076 2705 γάρ
1133 2636 1270 2705 μετά
1297 2634 1557 2703 ἀληθείας
1598 2635 1693 2691 ἐάν

149 2736 292 2786 ἐστιν
317 2733 459 2797 ἄξιός
497 2748 582 2794 τις
615 2729 707 2783 τοῦ
742 2729 1074 2798 ἀναπαῆναι,
1121 2726 1317 2798 καρδίᾳ
1354 2727 1690 2797 σαρωοῆναι,

145 2827 461 2895 πληροφορεῖ
507 2824 536 2875 ὁ
566 2823 698 2884 Θεὸς
733 2821 956 2888 ποιῆσαι
1011 2817 1128 2889 μετ’
1162 2817 1325 2873 αὑτοῦ
1374 2818 1522 2880 ἔλεος
1554 2818 1697 2872 κατὰ

140 2917 240 2987 τὴν
275 2916 453 2985 χρείαν
478 2911 640 2966 αὑτοῦ
674 2927 689 2942 '
733 2912 828 2964 ἐὰν
856 2910 913 2963 δὲ
943 2911 1043 2963 οὑκ
1090 2908 1235 2961 ἔστιν
1268 2908 1417 2974 ἄξιος
1446 2907 1541 2960 τοῦ
1568 2909 1698 2961 ἀνα-

141 3005 362 3076 παῆναι,
412 3004 444 3074 ῆ
473 3004 533 3057 οὑ
566 3003 832 3072 συμφέρει
880 2999 1052 3069 αὐτῷ,
1080 2998 1265 3051 καινδν
1295 2997 1548 3067 οὐρανὸν,
1571 3015 1695 3051 και-

141 3097 243 3164 νὴν
284 3096 387 3163 γῆν
414 3093 509 3147 ἐάν
547 3094 766 3162 ποιήσῃ,
800 3092 899 3160 οὐχ
927 3089 1170 3159 εὑρίσκει
1196 3089 1501 3141 ἀνάπαυσιν
1530 3108 1543 3121 ·
1562 3088 1698 3157 ἀμέ-

137 3186 243 3249 λει,
287 3183 413 3236 ποτὲ
445 3182 544 3253 μὲν
594 3182 836 3252 εὑρίσκει
899 3196 985 3241 τις
1041 3178 1346 3232 ἀνάπαυσιν
1403 3178 1498 3231 καὶ
1559 3177 1699 3247 ὑπὲρ

1780 761 1957 832 magis
1990 775 2101 831 quo
2129 760 2268 815 nihil
2295 758 2452 815 nobis
2480 757 2689 827 absque
2733 757 2922 813 divino
2950 766 3085 813 nutu
3129 765 3188 812 et
3228 774 3356 829 pro-

1780 851 2021 908 videntia
2051 851 2255 907 evenit.

1851 940 1943 995 IV.
1985 943 2054 997 At
2082 941 2225 997 dicet
2252 939 2486 995 fortasse
2513 936 2753 1008 aliquis:
2798 954 2818 989 ι
2846 936 2965 1004 Quo
3008 947 3173 1008 pacto
3222 953 3354 1009 pns—

1782 1047 1905 1089 sum
1935 1047 2044 1087 non
2075 1030 2306 1097 turbari,
2345 1045 2472 1086 cum
2510 1030 2645 1085 mibi
2694 1042 2757 1084 re
2797 1030 3049 1099 quapiam
3095 1046 3235 1100 opus
3270 1040 3357 1087 est

1783 1125 2117 1187 necessario,
2159 1138 2261 1179 nec
2300 1136 2420 1178 eam
2449 1120 2704 1190 accipio?
2742 1137 2762 1172 ι
2819 1120 2891 1174 At
2927 1135 3204 1188 neque-ex
3250 1122 3356 1177 hoc

1784 1222 1941 1284 potes
1969 1227 2298 1284 quemquam
2332 1226 2593 1267 accusare
2618 1211 2700 1265 vel
2727 1210 2941 1265 turbari
2968 1224 3091 1263 cum
3122 1213 3351 1267 ratione.

1784 1303 1920 1359 Nam
1951 1306 2267 1374 quicunque
2298 1317 2354 1357 re
2381 1303 2491 1357 ulla
2522 1316 2658 1371 opus
2692 1303 2872 1366 habet,
2913 1316 3013 1356 nec
3055 1307 3175 1357 eam
3213 1303 3357 1357 acci-

1785 1394 1881 1462 pit,
1913 1393 2072 1447 debet
2101 1393 2154 1445 in
2188 1392 2367 1459 seipso
2387 1391 2569 1444 dicere
2604 1404 2620 1440 :
2655 1406 2674 1440 ι
2702 1388 2860 1445 Novit
2886 1390 3140 1444 Christus
3170 1389 3356 1443 Domi-

1784 1497 1887 1537 nus
1911 1483 2039 1551 quid
2066 1480 2232 1552 ‘09
2259 1481 2391 1535 mihi
2416 1494 2555 1549 opus
2582 1478 2692 1533 sit:
2735 1479 2831 1533 flat
2870 1479 3035 1549 igitur
3077 1481 3193 1549 ipse
3221 1479 3354 1533 mihi

1784 1573 2012 1642 hujusce
2053 1575 2126 1626 rei
2158 1573 2239 1625 vel
2272 1572 2432 1639 hujus
2461 1570 2569 1626 cibi
2604 1572 2747 1625 loco.
2777 1587 2798 1621 ι
2844 1568 2965 1625 Filii
3002 1573 3146 1624 enim
3189 1570 3357 1626 Israel

1773 1649 2252 1719 'manducaverunt
2286 1678 2484 1716 manna
2533 1661 2585 1714 in
2637 1661 2852 1715 deserto
2897 1674 3071 1715 annos
3119 1662 3356 1729 quadra-

1785 1756 1954 1824 ginta.
2002 1753 2232 1823 Fuitque
2282 1755 2491 1821 species
2538 1753 2697 1806 unica
2751 1764 2965 1804 manna:
3003 1767 3018 1803 :
3061 1750 3357 1820 unicuique

1786 1844 1989 1899 factum
2016 1852 2118 1909 est,
2152 1851 2211 1898 ut
2239 1842 2372 1897 illud
2396 1841 2577 1911 quivis
2602 1840 2828 1911 optabat
2852 1848 2907 1896 et
2933 1856 3073 1910 opus
3099 1842 3355 1898 habebat.

1786 1935 1921 1990 Nam
1954 1937 2044 1992 cui
2075 1935 2329 1991 acredine
2356 1942 2411 1988 et
2439 1934 2708 1989 salseiline
2738 1948 2878 2002 opus
2922 1942 3058 1999 erat,
3108 1949 3358 1990 amarum

1788 2036 1843 2082 et
1883 2027 2087 2081 salsum
2124 2024 2326 2079 factum
2345 2032 2485 2103 _est;
2524 2023 2614 2078 cui
2641 2023 2944 2088 dulcedine,
2987 2023 3180 2090 dulce;
3226 2039 3360 2080 con-

1788 2117 2011 2171 veniens
2050 2116 2117 2169 ad
2144 2113 2442 2185 quamlibet
2471 2111 2885 2167 comestionem.
2920 2108 3013 2166 Sic
3040 2110 3204 2181 igitur
3235 2126 3357 2166 cum

1788 2206 1953 2261 alicui
1986 2220 2124 2275 opus
2153 2204 2318 2259 fuerit
2344 2218 2467 2269 ovo,
2511 2202 2780 2272 acceperit
2826 2210 3036 2257 tantum
3089 2203 3359 2267 oluscula,

1791 2298 1942 2352 dicat
1974 2296 2075 2351 sibi
2123 2295 2224 2364 ipsi
2259 2311 2274 2349 :
2317 2312 2337 2345 ι
2370 2293 2428 2347 Si
2476 2293 2608 2348 mihi
2651 2308 2813 2347 ovum
2860 2293 3177 2361 expedierit,
3228 2292 3360 2348 illud

1791 2394 1983 2456 potens
2027 2392 2112 2439 est
2166 2381 2430 2437 Dominus
2479 2378 2846 2445 mittere,,vel
2892 2379 3074 2449 potius
3115 2379 3261 2434 olera
3306 2379 3360 2432 in

1791 2489 1954 2529 ovum
1993 2480 2340 2536 convertere;
2395 2488 2414 2523 ι
2452 2469 2746 2538 credatque
2788 2467 2918 2534 Deo,
2954 2470 3213 2538 quoniam
3259 2471 3365 2524 hoc

1793 2562 1898 2618 sibi
1927 2561 2017 2616 fiet
2044 2562 2099 2616 in
2129 2557 2468 2627 martyrium.
2498 2554 2557 2610 Si
2578 2556 2699 2624 quis
2727 2568 2945 2624 quoque
2964 2554 3148 2623 quiete
3169 2554 3366 2624 dignus

1794 2651 1961 2706 fuerit
1997 2658 2052 2705 et
2089 2650 2222 2712 otio,
2256 2657 2438 2703 certus
2470 2647 2543 2701 sit
2587 2643 2859 2699 facturum
2909 2657 3034 2698 cum
3074 2656 3141 2698 eo
3193 2641 3365 2696 Deum

1795 2738 2250 2803 misericordiam,
2284 2744 2446 2806 prout
2488 2749 2626 2803 opus
2670 2731 2855 2788 fuerit.
2895 2731 3050 2798 Quod
3100 2731 3147 2787 si
3188 2731 3369 2800 quiete

1797 2834 2051 2901 indignus
2078 2830 2259 2895 fuerit,
2291 2828 2373 2883 vel
2406 2826 2595 2880 inutile
2622 2826 2677 2878 ci
2717 2824 3038 2894 quiescere:
3079 2823 3127 2877 si
3166 2836 3367 2877 novum

1795 2923 2053 2979 conderet
2080 2920 2298 2984 calum,
2330 2931 2525 2972 novam
2559 2927 2779 2977 terram,
2812 2913 3049 2983 requiem
3088 2925 3368 2981 nunquam

1799 3019 2187 3081 consequetur.
2218 3009 2292 3063 Es
2322 3022 2431 3077 quo
2451 3006 2509 3060 fit
2534 3014 2594 3059 ut
2614 3004 2752 3059 alius
2772 3013 2967 3074 praeter
2991 3003 3370 3057 necessitatem

1798 3118 1954 3159 suam
1986 3102 2305 3169 plerumque
2342 3097 2557 3161 habeat,
2591 3094 2731 3149 alius
2760 3093 2945 3148 multis
2996 3102 3187 3162 egeat;
3234 3107 3372 3162 quo-

1799 3192 1946 3247 niam
1977 3189 2125 3255 Deus,
2152 3186 2465 3241 misericors
2493 3184 2786 3252 unicuique
2828 3181 3134 3237 necessaria
3167 3180 3370 3249 imper-

135 3276 239 3345 τὴν
262 3274 448 3345 χρείαν
483 3272 670 3336 αὑτοῦ,
702 3269 917 3323 ποτὲ.δέ
961 3268 1082 3321 οὑδέ
1136 3267 1234 3337 τὴν
1284 3267 1469 3339 χρείαν
1512 3266 1697 3322 αὑτοῦ.

1802 3282 1952 3336 titur.
2007 3259 2253 3347 Cumque
2306 3274 2397 3329 alii
2452 3273 2662 3328 dederit
2727 3279 2922 3341 praeter
2967 3270 3369 3339 necessitatem,

139 3365 298 3418 Ἐστι
329 3363 385 3416 δέ
426 3363 513 3416 ὅτε
546 3361 818 3429 οἰκονομεῖ
839 3374 962 3412 τινα
999 3357 1094 3411 καὶ
1134 3358 1277 3428 ὑπὲρ
1331 3357 1430 3428 τὴν
1489 3357 1700 3428 χρείαν,

133 3452 326 3523 ἐπειδὴ
355 3452 384 3504 ὁ
435 3450 588 3514 Θεὸς,
636 3448 712 3508 ῶς
764 3447 1014 3517 ἐλεήμων
1072 3446 1289 3515 ἑκάστῳ
1330 3445 1558 3515 παρέχει
1605 3444 1703 3514 τὴν

130 3543 326 3615 χρείαν
371 3539 565 3594 αὑτοῦ.
590 3540 743 3591 Ἔστι
777 3538 832 3591 δὲ
856 3538 944 3589 ὅτε
984 3536 1258 3603 οἰκονομεῖ
1295 3552 1417 3588 τινα
1443 3535 1535 3587 καὶ
1560 3534 1703 3604 ὑπὲρ

128 3636 236 3704 τὴν
273 3632 486 3701 χρείαν,
525 3627 783 3681 δεικνύων
826 3625 974 3695 αὑτῷ
994 3624 1090 3696 τὴν
1122 3623 1425 3693 ὑπερϐολὴν
1455 3623 1552 3691 τῆς
1583 3622 1706 3691 φιλ-

128 3722 457 3792 ανθρωπίας
487 3720 675 3784 αὑτοῦ,
733 3719 826 3772 καὶ
862 3718 1127 3771 διδάσκων
1167 3715 1328 3768 αὑτὸν
1362 3715 1462 3784 τὴν
1492 3714 1709 3783 εὐχαρι-

129 3815 314 3867 στίαν.
351 3814 523 3865 Ὅταν
567 3811 624 3864 δὲ
665 3810 727 3862 οὑ
767 3808 1000 3879 παρέχει
1050 3807 1199 3876 αὑτῷ
1250 3805 1345 3875 τὴν
1388 3804 1575 3876 χρείαν
1612 3804 1711 3855 αὑ-

122 3903 253 3969 τοῦ,
288 3905 442 3955 ποιεῖ
479 3900 566 3954 διά
608 3897 703 3952 τοῦ
755 3898 914 3966 λόγου
968 3895 1128 3949 αὑτοῦ
1155 3896 1254 3967 τὴν
1292 3894 1572 3966 ἐνέργειαν
1616 3892 1710 3947 τοῦ

123 3997 472 4065 πράγματος
503 3986 564 4046 οὑ
594 3990 818 4062 χρῄζει,
850 3990 944 4043 καὶ
960 3988 1194 4043 διδάσκει
1233 3988 1396 4041 αὑτὸν
1437 3986 1534 4057 τὴν
1578 3987 1713 4039 ὑπο-

123 4091 351 4158 μονήνο
386 4085 530 4137 ὥστε
569 4085 649 4145 εἰς
701 4082 876 4134 πάντα
928 4080 1042 4134 ἄνω
1088 4078 1376 4148 ὀφείλομεν
1428 4077 1713 4148 προσέχειν

117 4179 237 4232 κᾶν
294 4176 515 4237 καλῶς,
547 4174 581 4244 ἢ
622 4173 808 4236 κακῶς
837 4170 874 4225 ἀ
918 4171 1177 4240 πάθωμεν
1214 4169 1365 4239 παρά
1391 4186 1553 4235 τινος,
1604 4169 1715 4223 ἀνω

117 4267 463 4339 προσέχειν,
518 4265 613 4317 καὶ
655 4264 992 4334 εὐχαριστεῖν
1054 4261 1149 4313 ἐπὶ
1192 4262 1303 4322 τοῖς
1336 4258 1711 4328 συμϐαίνουσι,

109 4357 511 4429 βαστάζοντες
543 4356 628 4408 ἀεὶ
655 4354 754 4422 τὴν
785 4351 988 4422 μέμψιν
1018 4349 1225 4401 ἑαυτῶν
1245 4364 1261 4381 ο
1304 4348 1399 4402 καὶ
1446 4348 1713 4415 λέγοντες,

112 4446 323 4509 καθὼς
359 4441 518 4496 εἷπον
547 4444 597 4495 οἱ
631 4443 842 4511 Πάτρες
865 4457 880 4472 ο
916 4441 965 4492 εἰ
1008 4439 1106 4508 μὲν
1150 4437 1312 4492 καλὸν
1347 4437 1541 4491 vim:
1574 4452 1716 4505 συμ-

106 4533 218 4603 δῇ,
255 4533 348 4583 ὃτι
374 4528 657 4599 οἰκονομία
678 4529 793 4580 ἐστί
814 4526 907 4580 τοῦ
924 4526 1059 4580 Θεοῦ
1085 4541 1099 4555 ο
1120 4527 1169 4578 εἰ
1194 4525 1253 4578 δὲ
1281 4526 1471 4589 κακδν,
1501 4525 1585 4577 ὃτι
1630 4523 1719 4577 διὰ

1804 3372 1930 3427 huic
1964 3368 2203 3425 ostendit
2236 3364 2591 3421 humanitatis
2630 3377 2743 3419 sua:
2773 3361 3223 3432 magnitudinem,
3270 3361 3372 3416 do-

1803 3470 1996 3531 cetque
2025 3468 2084 3513 ut
2116 3458 2319 3529 gratias
2346 3463 2506 3525 agat:
2545 3468 2668 3509 cum
2695 3460 2874 3506 autem
2908 3452 3060 3507 alteri
3091 3467 3197 3506 non
3233 3466 3374 3521 pra:-

1805 3560 1912 3607 stat
1946 3552 2092 3619 quod
2122 3547 2331 3619 videtur
2370 3542 2758 3606 necessarium,
2789 3544 2885 3596 hac
2916 3542 3127 3597 ratione
3158 3541 3291 3597 facit
3315 3550 3376 3597 ut

1805 3616 2057 3697 ostendat
2084 3616 2198 3693 haec
2223 3652 2331 3692 non
2372 3636 2507 3690 adeo
2544 3632 2848 3688 necessaria
2892 3646 3035 3695 esse,
3058 3632 3376 3701 doceatque

1808 3733 1941 3802 pati,
1966 3740 2021 3786 et
2041 3731 2095 3785 in
2119 3729 2332 3786 cunctis
2355 3726 2421 3782 ad
2453 3724 2733 3794 superiora
2758 3732 3097 3792 prospectum
3128 3731 3375 3778 nostrum

1810 3822 2108 3879 intendere.
2145 3823 2221 3875 Ita
2252 3828 2312 3873 ut
2344 3815 2708 3885 intelligamus
2739 3814 2785 3868 si
2815 3812 2897 3868 vel
2927 3811 3063 3868 bene
3099 3814 3184 3868 vel
3236 3813 3378 3868 male

1811 3930 1841 3968 a
1872 3928 2147 3983 quoquam
2179 3910 2443 3965 fuerimus
2472 3907 2671 3971 allecti,
2705 3905 2755 3959 id
2787 3919 2948 3959 omne
2973 3902 3207 3972 desuper
3230 3917 3377 3969 esse,

1812 4014 1867 4059 et
1896 4004 1949 4057 in
1982 4002 2193 4057 cunctis
2218 4014 2340 4068 qua:
2368 3997 2527 4052 nobis
2552 3994 2911 4057 occurrerint,
2934 3992 3137 4062 gratias
3166 4007 3379 4062 semper

1812 4095 2067 4165 agendas,
2106 4091 2341 4145 ferentes
2382 4088 2438 4142 in
2485 4101 2586 4141 nos
2627 4099 2839 4154 semper
2881 4098 3096 4138 omnem
3148 4098 3379 4137 accusa-

1814 4186 2037 4239 tionem.
2074 4182 2338 4235 Dixerunt
2360 4178 2505 4233 enim
2535 4175 2768 4245 majores
2806 4174 3002 4234 nostri.
3044 4173 3186 4243 quod
3218 4172 3385 4241 quid“

1814 4271 1945 4342 quid
1980 4270 2136 4324 nobis
2164 4268 2290 4323 boni
2320 4267 2607 4330 evenisset,
2651 4265 2703 4319 id
2732 4277 2855 4318 esse
2881 4262 3117 4317 divinam
3161 4261 3381 4330 dispen-

1816 4360 2121 4423 sationem;
2161 4356 2414 4411 siautem
2442 4354 2646 4408 malum
2678 4352 2845 4407 ullum
2887 4352 3143 4431 venisset,
3170 4365 3291 4405 esse
3329 4351 3382 4404 id

1818 4456 2037 4519 peccata
2079 4454 2289 4499 nostra.
2321 4441 2462 4498 Vere
2504 4443 2650 4497 enim
2693 4440 2959 4510 quidquid
3004 4440 3261 4508 patimur,
3312 4439 3414 4493 ob!

1819 4538 2013 4593 delicta
2039 4545 2223 4591 nostra
2264 4532 2522 4603 patimur,
2572 4530 2643 4584 At
2673 4530 2851 4586 sancti
2896 4528 2997 4583 viri
3044 4528 3189 4596 passi
3235 4536 3383 4592 sunt,

101 4625 223 4685 τὰς
247 4621 544 4692 ἁμαρτίας
565 4619 739 4689 ἡμῶν.
772 4620 858 4671 Ἐν
879 4618 1106 4687 ἀληθείᾳ
1136 4616 1246 4687 γὰρ
1261 4617 1369 4669 πᾶν
1385 4615 1413 4668 δ
1432 4616 1525 4668 ἐάν
1541 4613 1716 4669 πάθω-

1823 4628 1908 4683 vel
1944 4628 2013 4681 ob
2047 4625 2249 4681 Christi
2291 4622 2422 4678 Jesu
2456 4635 2678 4685 nomen,
2723 4621 2803 4674 vel
2842 4628 2902 4673 ut
2943 4619 3192 4673 virtutem
3229 4634 3385 4673 suam

102 4729 252 4783 μεν,
288 4713 363 4763 ἐκ
408 4711 519 4762 τῶν
549 4708 830 4779 ἁμαρτιῶν
860 4707 1015 4775 ἡμῶν
1030 4706 1327 4776 πάσχομεν.
1354 4706 1418 4759 Ol
1445 4705 1553 4775 γάρ
1581 4720 1719 4758 παν-

99 4803 279 4869 ἅγιοι
315 4800 438 4853 κᾶν
472 4799 789 4867 πάσχουσιν,
828 4798 969 4865 ὑπὲρ
1014 4796 1108 4850 τοῦ
1157 4796 1414 4865 ὀνόματος
1445 4795 1540 4848 τοῦ
1585 4794 1721 4848 Θεοῦ

93 4894 476 4961 πάσχουσιν,
515 4889 548 4960 ἢ
587 4890 675 4941 διά
716 4889 776 4940 τὸ
805 4887 1184 4957 ἀναδειχθῆναι
1224 4885 1326 4957 τὴν
1375 4886 1577 4958 ἀρετὴν
1630 4887 1725 4941 αὑ-

89 4984 231 5036 τῶν
264 4984 359 5045 είς
393 4980 610 5033 πολλῶν
668 4978 956 5047 ὠφέλειαν,
1005 4978 1040 5048 ἢ
1088 4976 1176 5030 διά
1242 4976 1305 5030 τὸ
1355 4976 1725 5046 πληθυνθῆναι

84 5074 284 5144 παρὰ
321 5072 433 5126 τοῦ
470 5070 607 5124 Θεοῦ
641 5070 830 5140 μισθὸν
865 5068 1067 5122 αὐτῶν.
1097 5068 1231 5138 Περί
1252 5068 1409 5137 ἡμῶν
1435 5068 1497 5120 δέ
1528 5069 1725 5122 ἀθλίων

80 5166 239 5228 πῶς
297 5162 603 5232 δυνάμεθα
639 5162 813 5213 εἰπεῖν
840 5158 1002 5212 τοῦτο
1032 5176 1050 5226 ;
1106 5159 1228 5213 καθ’
1258 5159 1494 5229 ἑκάστην
1556 5158 1729 5222 οὕτως

75 5255 568 5327 ἁμαρτάνοντες
608 5252 704 5304 καὶ
756 5249 1100 5312 ἐκδικοῦντες
1127 5248 1198 5302 τά
1227 5249 1373 5319 πάθη
1405 5248 1587 5319 ἡμῶν,
1626 5251 1731 5317 ἀφ-

68 5349 355 5416 ήκαμεν
384 5343 494 5411 τὴν
512 5340 722 5394 εὐθεῖαν
745 5338 861 5391 ὁδὸν
882 5338 949 5409 ἦν
981 5334 1135 5391 εἷπον
1165 5340 1214 5391 οἰ
1248 5339 1480 5408 Πάτρας,
1501 5338 1562 5391 τὸ
1589 5338 1730 5408 μέμ-

68 5434 336 5501 φεσθαι
404 5430 679 5493 ἑαυτούς’
706 5429 804 5482 καί
834 5427 1092 5497 ὁδεύομεν
1136 5428 1234 5497 τὴν
1294 5426 1558 5499 στρεδλὴν
1612 5428 1731 5482 ὁδὸν

66 5522 504 5591 μεμφόμενοι
528 5521 617 5573 τὸν
666 5519 916 5587 πλησίον,
957 5520 1052 5571 καὶ
1078 5518 1308 5580 ικαστος
1366 5517 1529 5587 ἡμῶν
1562 5534 1733 5571 σπουη

55 5610 271 5673 δάζει
306 5612 383 5663 ἐν
437 5596 619 5663 παντῖ
645 5609 953 5679 πράγματι,
991 5607 1171 5676 βαλεῖν
1210 5607 1312 5675 τὴν
1373 5608 1556 5661 αἰτίαν
1592 5607 1733 5661 κατά

52 5698 188 5752 τοῦ
232 5696 515 5767 ἀδελφοῦ
551 5696 735 5760 αὑτοῦ,
781 5696 874 5749 καὶ
903 5694 1058 5765 ῥίψαι
1091 5696 1209 5748 κατ’
1238 5693 1403 5748 αὑτοῦ
1443 5694 1503 5747 τὸ
1540 5694 1730 5765 βάρος.

56 5791 437 5851 Ἐκαστος
472 5787 663 5856 ἀμελεῖ
691 5786 782 5838 καί
808 5784 959 5837 οὐδὲν
995 5785 1271 5853 φυλάττει,
1308 5785 1405 5840 καὶ
1440 5784 1531 5840 τὸν
1586 5785 1731 5856 πλη-

51 5880 222 5934 σίον
251 5875 643 5946 ἀπαιτοῦμεν
674 5876 772 5939 τὰς
804 5873 1041 5938 ἐντολάς.

1821 4720 1877 4774 in
1919 4718 2093 4773 lucem
2139 4713 2364 4770 ederent
2393 4711 2461 4767 ad
2506 4712 2800 4765 multorum
2852 4710 3163 4773 utilitatem,
3208 4709 3292 4763 vel
3329 4718 3387 4763 ut

1820 4807 2102 4879 praemium
2135 4819 2297 4859 suum
2342 4801 2521 4870 majus
2564 4799 2705 4870 apud
2762 4799 2930 4854 Deum
2974 4798 3269 4853 eﬂicerent.
3315 4799 3408 4853 De-

1823 4899 1981 4954 nobis
2029 4904 2207 4950 autem
2260 4892 2569 4947 infelicibus
2616 4892 2891 4958 quomodo
2944 4904 3234 4957 possumus
3284 4887 3409 4944 hoc.

1823 4987 2047 5044 dicere?
2093 4985 2197 5052 Qui
2225 4984 2463 5054 quotidie
2496 4991 2801 5051 peccantes,
2835 4990 2890 5035 et
2925 4980 3273 5049 passionibus
3309 4982 3412 5044 vi-_

1824 5077 2025 5145 tiisque
2055 5074 2258 5129 nostris
2285 5072 2669 5140 obsequentes,
2718 5067 3076 5137 relinquimus
3122 5068 3266 5120 viam
3301 5079 3392 5119 re-

1826 5174 1968 5222 ctam
1994 5178 2158 5235 quam
2196 5161 2385 5216 Patres
2414 5159 2586 5215 nostri
2616 5158 2670 5212 in
2700 5158 2784 5211 sui
2814 5157 2985 5225 ipsius
3005 5170 3132 5210 vera
3160 5169 3390 5210 accusa-

1826 5256 1972 5311 tione
2011 5254 2201 5309 diaere
2246 5248 2591 5306 consistere?
2638 5245 2751 5301 Nos
2791 5260 2920 5302 vero
2966 5255 3113 5301 retro
3158 5245 3297 5313 lapsi
3334 5245 3391 5299 in

1826 5345 2040 5401 cunctis
2064 5342 2370 5414 proximum
2397 5352 2741 5401 accusamus,
2764 5336 2837 5390 ita
2862 5344 2922 5390 ut
2944 5334 3123 5405 quivis
3144 5345 3392 5389 nostrum

1829 5433 2064 5498 studeat,
2094 5444 2307 5500 semper
2334 5442 2555 5485 causam
2579 5441 2794 5481 omnem
2831 5425 3035 5479 erroris
3075 5424 3132 5478 in
3170 5424 3392 5479 fratrem

1828 5524 2051 5586 referre,
2086 5531 2139 5576 et
2167 5534 2330 5576 omne
2359 5532 2501 5574 onus
2534 5517 2610 5571 illi
2648 5516 2944 5585 imponere,
2974 5515 3267 5583 omniaque
3301 5527 3397 5567 ne-

1830 5614 2093 5685 gligentes
2146 5620 2202 5668 et
2244 5610 2379 5666 nihil
2411 5614 2685 5672 curantes,
2738 5620 2769 5661 s
2820 5606 3070 5675 proximo
3130 5611 3395 5674 pmcepta

1833 5703 2144 5773 repetimus.
