4118 6542
167 508 287 573 i709
1462 523 1839 589 DOC'I‘RINA
1892 528 2051 590 VIII-
3232 538 3373 609 1710

42 642 52 671 ε
161 617 276 730 ἶριν
296 616 517 730 famem
543 624 822 730 {Ls-aps“.
848 628 1037 703 Ὅμως
1060 632 1152 686 καὶ
1181 634 1384 707 ταύτην
1406 635 1501 691 ἐὰν
1522 638 1681 709 θέλῃς

1805 658 1958 713 aeque
1989 644 2176 701 tuleris
2202 646 2438 719 (utdixt)
2478 650 2698 704 unicum
2730 649 2862 705 illud
2895 650 3117 708 verbum
3161 649 3366 717 fratris,

40 732 49 759 ς
156 708 364 818 δύνασαι
392 714 633 785 εὐχερῶς
653 718 863 788 σϐέσαι,
886 722 960 787 ὡς
986 723 1101 776 ἐστι
1131 726 1319 797 νεαρὰ,
1348 727 1438 781 διὰ
1464 708 1685 799 σιωπῆς.

1807 736 2135 792 exstinxeris
2167 737 2311 795 illico
2340 738 2729 797 carbunculum
2763 742 2938 810 illum,
2974 758 3076 800 nec
3104 743 3285 800 venies
3299 747 3369 799 ad

40 824 47 853 ι
154 800 234 905 διὰ
272 806 599 905 προσευχῆς,
641 809 906 905 septa;
942 818 1229 885 μετανοίας
1266 818 1376 873 ἀπὸ
1418 821 1646 892 καρδίας

1805 825 2287 894 perturbationem.
2329 829 2412 885 Ad
2446 844 2609 900 quam
2634 841 2814 888 tamen
2854 830 2900 887 si
2923 800 3369 905 'pervenisti,po-

38 918 42 946 ε
153 892 241 943 ἐὰν
349 897 540 991 μείνῃς
570 902 848 966 καπνίζων
873 906 1038 961 οἱονεὶ
1063 908 1346 981 θρασύνων
1371 912 1466 966 καὶ
1501 912 1685 981 διεγει·

1806 892 1887 971 tes
1901 926 1956 972 et
1981 916 2125 971 illam
2143 918 2345 984 subito,
2377 892 2719 989 uti-parvam,
2747 892 3095 990 exstinguere
3119 936 3216 991 per
3239 892 3369 976 ὶιήι-

152 985 377 1081 pinv-1m
402 989 628 1060 καρδίαν
660 1009 753 1047 σου
773 1033 791 1061 ,
825 994 915 1051 διὰ
942 999 1035 1054 τοῦ
1061 1002 1433 1075 ἐνθυμηθῆναι
1464 1018 1481 1034 ο
1507 1004 1611 1058 Διὰ
1647 1022 1685 1058 τι

1806 1006 2032 1071 tionem,
2063 1020 2158 1076 per
2186 985 2633 1073 taciturnitatem,
2662 1024 2759 1079 per
2779 985 2997 1065 unican
3032 985 3213 1066 cordis
3248 1026 3366 1081 poe-

147 1073 263 1183 εἷπε
288 1094 399 1183 pot:
429 1082 526 1136 καὶ
542 1082 649 1155 ἔχω
671 1087 848 1141 είπείν
867 1089 1020 1162 αὐτῷ
1051 1108 1067 1158 ;
1093 1092 1153 1162 ἐξ
1178 1073 1347 1166 αὐτῆς
1369 1147 1383 1163 ,
1412 1095 1489 1161 ὡς
1513 1097 1581 1153 ἄν
1616 1114 1685 1163 τις

1805 1073 2088 1151 nitentiam
2116 1114 2130 1152 :
2158 1099 2243 1154 sin
2266 1114 2397 1154 vero
2426 1110 2621 1171 pergas
2643 1073 2851 1157 fumum
2868 1103 3127 1168 excitare,
3149 1112 3206 1158 et
3222 1073 3370 1159 com-

146 1167 310 1272 einn:
333 1169 433 1272 τῆς
470 1175 765 1272 συμξολῇς,
792 1179 889 1234 καὶ
911 1182 1009 1236 τοῦ
1039 1185 1448 1255 συμμηρυσμοῦ
1474 1187 1584 1241 τῶν
1611 1187 1685 1242 λοι

1806 1204 2026 1245 movere
2052 1205 2148 1246 cor
2182 1202 2335 1247 tuum
2359 1167 2996 1261 variisvcogitationibus,
3018 1195 3093 1250 ita
3115 1206 3369 1266 reputans

36 1284 39 1287 '
144 1264 350 1362 τξσμῶν
367 1264 806 1362 ,Αξκτρισομένης
833 1273 996 1327 οἱονεὶ
1016 1276 1111 1329 καὶ
1138 1276 1685 1352 περιθερμαινομένης

1805 1290 1985 1335 tecum
2020 1296 2036 1335 :
2070 1278 2251 1348 Quare
2280 1285 2383 1336 hoc
2425 1281 2559 1337 mihi
2604 1282 2818 1339 locutus
2843 1284 2963 1339 est?
2990 1284 3122 1355 quid
3148 1264 3225 1339 illi
3250 1299 3366 1339 me~

139 1354 237 1448 τῆς
278 1354 522 1448 καρδίας,
564 1359 771 1427 γίνεται
805 1362 997 1434 ἔξαψις
1024 1365 1121 1421 τοῦ
1148 1366 1345 1440 θυμοῦ.
1381 1371 1564 1443 Θυμὸς
1590 1373 1685 1445 γάρ

1802 1388 1925 1427 cum
1967 1375 2043 1429 rei
2066 1374 2189 1430 est?
2216 1389 2283 1429 ex
2313 1374 2417 1429 hoc
2444 1389 2741 1444 congressu
2763 1385 2816 1430 ct
2842 1354 3135 1448 agitatione
3163 1376 3368 1447 cogita-

138 1443 275 1535 ἐστι,
324 1445 474 1513 ζέσις
507 1450 605 1505 τοῦ
637 1453 766 1524 περὶ
796 1456 1019 1526 καρδίαν
1052 1457 1316 1529 αἵματος,
1361 1461 1439 1526 ὡς
1487 1463 1635 1532 λέγει

1800 1464 2031 1523 tionum.
2062 1462 2227 1519 corde
2259 1465 2416 1535 quasi
2437 1443 2621 1521 attrito
2649 1474 2705 1520 et
2746 1443 3027 1533 calefacto,
3064 1465 3124 1521 ﬁt
3166 1443 3368 1521 excan-

1799 1552 2076 1607 descentia
2126 1552 2317 1617 animi,
2362 1552 2457 1606 τοῦ
2494 1553 2609 1619 νοῦ,
2650 1554 2743 1625 qui
2801 1563 2886 1609 est
2928 1554 3104 1609 lervur
3144 1555 3367 1625 quidam

1800 1644 2085 1715 sanguinis
2113 1646 2258 1699 circa
2278 1660 2398 1711 cor,
2430 1654 2487 1700 ut
2511 1647 2699 1702 dellnit
2723 1646 2884 1703 divus
2914 1646 3163 1703 Basilius.
3205 1647 3284 1702 En
3308 1647 3363 1701 iu

1801 1741 1853 1788 te
1878 1734 1990 1803 jam
2021 1732 2195 1804 θυμὸς
2230 1732 2407 1789 iactus
2446 1744 2528 1789 est
2564 1736 2691 1792 :bic
2716 1745 2982 1806 estquem
3020 1747 3213 1791 vocant
3236 1736 3365 1801 ὀξυ-

1798 1826 2003 1897 χολίαν,
2041 1826 2095 1882 id
2128 1834 2234 1891 est,
2274 1835 2488 1882 acutam
2520 1827 2816 1881 choleram.
2841 1825 2995 1894 Quod
3028 1826 3074 1883 si
3105 1826 3361 1893 volueris,

123 1903 231 1970 τὴν
266 1905 451 1960 ἑστίαν
472 1948 488 1974 ,
514 1910 607 1963 καὶ
638 1910 820 1968 πλεῖον
858 1913 1094 1970 ἐκκαίων
1119 1918 1180 1971 τὸ
1217 1916 1330 1990 πῦρ
1350 1961 1367 1986 ,
1393 1921 1488 1975 καὶ
1517 1919 1685 1985 οὕτως

1797 1927 1851 1974 et
1867 1919 2008 1976 hanc
2051 1917 2255 1991 poteris
2301 1920 2670 1991 exstinguere,
2719 1929 3008 1992 antequam
3048 1920 3142 1976 ﬁat
3176 1920 3361 1994 om:

121 1996 314 2085 λοιπὸν
340 2000 583 2069 γίνονται
608 2002 897 2073 ἄνθρακες·
923 2007 1060 2079 ὅπερ
1081 2009 1231 2063 ἐστὶν
1257 2013 1293 2083 η
1316 2013 1476 2085 ὀργή.

1794 2010 1877 2067 sin
1915 2026 2045 2068 vero
2060 2025 2254 2082 pergas
2290 2012 2635 2082 perturbatus
2672 2013 2840 2068 alium
2879 2027 3245 2079 commovere,
3289 2013 3363 2068 ita

121 2076 265 2146 iacis
313 2103 375 2147 ut
410 2094 502 2162 qui
537 2096 680 2167 ligna
733 2096 788 2152 in
830 2076 1663 2177 ignemicongeri't,‘magisque
1727 2104 1965 2173 excitat,
2007 2076 2080 2159 ει.
2112 2076 2353 2160 incendit
2398 2104 2596 2173 ignem.
2640 2102 2840 2174 Sicque
2894 2102 3100 2159 fuerint
3138 2076 3365 2158 ex—uuo

114 2184 364 2240 carbone
392 2187 591 2257 plures,
626 2200 683 2245 et
711 2192 934 2249 exsistet
964 2194 1125 2266 ὀργή.

190 2276 268 2332 Γ.
298 2281 408 2335 Καὶ
434 2282 592 2337 τοῦτό
616 2285 766 2341 ἐστιν
787 2290 818 2342 ὃ
850 2289 1036 2359 ἐλεγεν
1066 2294 1097 2345 6
1116 2290 1287 2357 ἀΰσας
1326 2293 1581 2366 Ζωσιμᾶς
1603 2296 1693 2351 ὅτε

137 1534 290 1627 sine;
312 1537 609 1606 Βασίλειος.
647 1543 775 1599 Ἰδοὺ
804 1546 995 1615 γέγονε
1035 1549 1206 1621 θυμὸς
1226 1591 1242 1618 ,
1272 1552 1412 1625 αὕτη
1450 1554 1598 1607 ἐστὶν
1629 1556 1697 1627 ην

134 1624 383 1693 λέγουσιν
408 1630 709 1702 όξυχολίαν.
755 1636 881 1692 Ἐὰν
900 1635 995 1693 οὖν
1032 1638 1209 1714 θέλῃς,
1247 1624 1473 1699 δύνασαι
1506 1624 1696 1702 σσέσαι

130 1718 230 1770 καὶ
253 1720 414 1774 αὑτὸν
438 1763 453 1785 ,
482 1726 613 1794 πρὶν
639 1727 862 1797 γενηται
895 1734 1033 1805 ὀργή
1070 1750 1085 1764 ο
1117 1736 1166 1788 εί
1192 1735 1249 1789 δὲ
1299 1736 1469 1809 μένῃς
1494 1739 1696 1811 ταράσ-

131 1828 246 1865 σων
274 1815 368 1867 καὶ
389 1819 816 1890 ταρασσόμενος,
839 1824 1070 1898 εὑρίσκῃ
1097 1827 1174 1891 ὡς
1192 1828 1222 1882 6
1252 1827 1427 1898 βαλὼν
1456 1830 1587 1897 ξύλα
1612 1834 1695 1896 είς

1863 2292 1948 2349 Ill.
1984 2293 2165 2363 Atque
2195 2292 2248 2346 id
2284 2288 2536 2360 estquod
2576 2288 2744 2345 abbas
2776 2286 3024 2343 Zosimas
3048 2286 3244 2342 aiebat.
3275 2283 3363 2342 lno

111 2371 405 2443 ἠρωτήθη,
425 2375 479 2429 τί
501 2377 617 2432 ἐστι
636 2379 698 2433 τὸ
727 2382 890 2452 ῥητὸν
913 2384 975 2437 τὸ
998 2382 1154 2452 λέγον
1180 2401 1194 2417 ·
1224 2386 1400 2440 Ὅπου
1444 2388 1544 2442 οὐκ
1573 2388 1690 2444 ἐστι

110 2462 314 2535 θυμὸς,
356 2468 617 2538 ἡσυχάζει
666 2472 835 2545 μάχη.
898 2474 1023 2529 Ἐάν
1058 2476 1167 2548 γὰρ
1205 2479 1264 2533 ἐν
1295 2482 1362 2552 τῇ
1400 2480 1542 2554 ἀρχῇ
1592 2482 1691 2553 τῆς

108 2554 392 2630 ταραχῆς,
438 2562 526 2616 ὅτε
561 2563 816 2636 ἄρξηται,
852 2567 928 2632 ὡς
971 2568 1232 2642 εἴπομεν,
1271 2572 1557 2638 καπνίζειν
1592 2574 1691 2629 καὶ

107 2654 297 2705 ποιεῖν
346 2655 647 2728 σπινθῆρας
688 2675 840 2723 τινας
872 2703 888 2727 ,
939 2662 1231 2733 προλαϐών
1275 2682 1361 2730 τις
1408 2667 1691 2738 μέμψηται

106 2746 335 2809 ἑαυτὸν,
358 2751 451 2802 καὶ
472 2748 610 2821 βάλῃ
658 2752 942 2821 μετάνοιαν
963 2758 1093 2825 πρὶν
1116 2755 1321 2827 ἐξαφθῇ
1351 2758 1446 2811 καὶ
1465 2758 1691 2828 γένηται

102 2836 315 2907 θυμὸς,
363 2841 653 2912 εἰρηνεύει.
697 2843 865 2898 Πάλιν
910 2846 1032 2917 μεθ’
1062 2847 1092 2901 ὃ
1134 2848 1341 2917 γίνεται
1369 2848 1539 2920 θυμὸς
1593 2851 1689 2905 ἐὰν

102 2927 192 2999 μη
240 2929 526 3002 ἡσυχάσῃ,
565 2932 703 2987 ἀλλὰ
733 2935 871 3008 μένῃ
896 2937 1305 3010 ταρασσόμενος
1352 2941 1447 2995 καὶ
1481 2939 1687 3013 θρασυ-

99 3018 386 3105 νόμενος,
416 3022 751 3092 εὑρίσκεται,
795 3026 871 3090 ὡς
898 3027 1148 3099 εἴπομεν,
1187 3028 1390 3100 ὁμοίως
1419 3029 1498 3101 τῷ
1556 3048 1687 3103 χορ-

98 3109 343 3178 ηγοῦντι
362 3111 495 3178 ξύλα
514 3113 591 3185 τῷ
611 3116 764 3187 πυρὶ,
788 3116 885 3171 καὶ
908 3118 1059 3188 μένει
1075 3118 1245 3174 καίων
1266 3120 1370 3185 ἕως
1384 3116 1446 3176 οὗ
1471 3122 1688 3194 ποιήσει

97 3202 393 3270 μεγάλους
411 3203 706 3277 ἄνθρακας.
727 3207 941 3279 Ὠσπερ
959 3203 1052 3262 οὖν
1066 3210 1116 3262 oi
1138 3209 1413 3282 ἄνθρακες
1446 3210 1688 3280 γίνονται

93 3293 403 3364 κάρσωνες
424 3296 519 3350 καὶ
548 3297 916 3360 ἀποτίθενται,
947 3300 1041 3353 καὶ
1074 3300 1287 3355 ποιοῦσι
1310 3302 1454 3354 πόσα
1483 3303 1578 3374 ἐτη
1605 3303 1684 3374 μὴ

89 3386 508 3457 φθειρόμενοι,
558 3390 655 3443 καὶ
698 3389 822 3443 οὐδὲ
872 3389 968 3444 ἐὰν
1010 3389 1183 3465 βάλλῃ
1219 3408 1304 3457 τις
1353 3394 1434 3457 είς
1485 3393 1681 3457 αὐτοὺς

91 3477 288 3549 ὕδωρ,
325 3482 605 3550 σήπονται·
633 3479 805 3546 οὕτως
839 3482 988 3554 καὶὴ
1018 3482 1156 3554 ὀργὴ
1186 3483 1281 3537 ἐὰν
1303 3484 1551 3557 χρονίσῃ,
1590 3484 1681 3554 7i-

1794 2395 2099 2458 terrogatus
2150 2385 2295 2441 enim
2349 2392 2409 2439 ut
2463 2382 2786 2438 sententiam
2830 2386 2975 2436 hanc
3025 2387 3359 2449 esponeret:

1793 2478 1895 2535 Ubi
1919 2495 2027 2535 non
2053 2478 2218 2533 fuerit
2246 2475 2437 2546 θυμὸς,
2462 2474 2762 2544 languescit
2782 2488 2991 2544 pugna:
3010 2473 3067 2528 Si
3097 2471 3241 2542 quis,
3263 2471 3359 2534 ait,

1791 2571 2061 2643 principio
2111 2567 2470 2631 turbationis,
2515 2580 2640 2620 cum
2687 2565 2893 2621 scilicet
2946 2564 3133 2635 incipit
3178 2562 3361 2619 fumus

1788 2677 2109 2731 erumpere,
2144 2673 2200 2716 et
2235 2658 2534 2716 scintillare
2591 2658 2755 2730 ignis,
2814 2657 3055 2727 seipsum
3099 2656 3361 2726 increpet,

1790 2755 2029 2825 corrigat
2047 2763 2101 2809 et
2120 2761 2360 2817 accuset,
2404 2760 2636 2822 agatque
2664 2750 3038 2821 paenitentiam
3069 2758 3358 2817 antequam
3400 2774 3403 2775 ν

1788 2856 2037 2913 erumpat
2076 2843 2317 2905 ﬂamma,
2353 2850 2408 2897 et
2455 2841 2549 2895 liat
2585 2840 2778 2911 θυμὸς,
2817 2841 2871 2895 in
2923 2854 3053 2909 pace
3096 2838 3277 2893 adhuc
3307 2847 3364 2891 ct

1787 2938 1968 3011 quiete
1996 2946 2111 2991 est.
2142 2934 2270 2991 Post
2296 2942 2478 2990 autem
2517 2943 2765 2988 exortum
2787 2930 2978 3002 θυμὸν,
3018 2946 3123 2985 non
3162 2929 3361 2985 amodo

1788 3029 2043 3099 quiescit,
2066 3026 2160 3082 sed
2201 3036 2475 3082 commoto
2495 3038 2551 3081 et
2562 3040 2794 3081 accenso
2822 3024 2985 3079 corde
3026 3032 3358 3093 perseverat.

1788 3118 2047 3174 assimilis
2088 3115 2265 3172 factus
2299 3115 2348 3172 ei
2377 3117 2499 3186 qui,
2534 3124 2594 3169 ut
2632 3114 2892 3179 diximus,
2920 3113 3058 3183 ligna
3085 3113 3137 3167 iu
3179 3113 3357 3183 ignem

1786 3210 2050 3280 congerit,
2079 3219 2134 3265 et
2151 3210 2455 3265 accendens
2486 3208 2597 3273 illa,
2627 3221 2853 3277 magnos
2889 3207 3157 3262 carbones
3176 3204 3356 3260 edicit.

1790 3298 1861 3356 Ut
1920 3307 2103 3354 autem
2130 3299 2396 3355 carbones
2427 3298 2680 3355 exstincti
2708 3307 2764 3354 et
2808 3296 3027 3367 repositi
3060 3297 3241 3367 plures
3261 3312 3360 3350 au-

1788 3403 1890 3445 nos
1922 3396 2166 3459 perstant
2190 3388 2511 3459 incorrupti,
2541 3403 2642 3444 nec
2663 3387 2709 3444 si
2736 3387 2791 3443 in
2822 3401 2919 3442 eos
2946 3386 3109 3442 etiam
3156 3401 3355 3457 aquam

1788 3479 2078 3547 infuderis,
2127 3488 2613 3549 computrescuut;
2647 3478 2727 3534 sic
2780 3486 2836 3534 et
2885 3493 3011 3532 cum
3063 3478 3224 3549 ὀργὴ,
3252 3476 3354 3542 ira,

86 3585 264 3622 νεται
304 3572 657 3640 μνησικακία.
712 3572 806 3625 καὶ
847 3572 1033 3627 λοιπὸν
1060 3573 1157 3627 ἐὰν
1187 3575 1266 3646 μὴ
1318 3574 1487 3647 στάξῃ
1516 3593 1600 3639 τις
1628 3578 1685 3630 τὸ

1791 3565 2101 3622 diuturnior
2152 3569 2206 3622 in
2245 3568 2429 3638 aliquo
2464 3566 2646 3633 fuerit,
2686 3567 2745 3621 lit
2777 3565 3135 3636 μνησικακία,
3177 3567 3354 3636 impo-

79 3657 251 3729 αἷμα
302 3661 502 3721 αὑτοῦ,
537 3663 636 3716 οὐκ
660 3663 1066 3717 ἀπαλλάσσεται
1110 3665 1301 3734 αὐτῆς.
1345 3666 1476 3720 Ἰδοὺ
1528 3663 1681 3721 εἷπον

80 3753 239 3821 ὑμῖν
289 3752 387 3822 τὴν
428 3753 688 3823 διαφορὰν
718 3792 733 3815 ,
780 3754 1067 3825 ἐννοήσατε
1112 3771 1125 3784 ·
1174 3756 1281 3810 esas
1320 3758 1591 3827 ἠκούσατε
1628 3759 1681 3811 τί

72 3838 261 3890 ἐστιν
306 3838 341 3907 η
389 3836 581 3912 πρώτη
618 3841 876 3911 ταραχὴ,
921 3842 1016 3895 καὶ
1050 3843 1103 3895 τί
1144 3845 1173 3896 6
1212 3843 1413 3913 θυμὸς,
1442 3850 1536 3900 καὶ
1561 3848 1614 3900 τί
1646 3851 1680 3919 η

68 3929 270 3998 ὀργὴ,
316 3929 412 3981 καὶ
448 3930 499 3982 τί
526 3930 560 4000 ἡ
608 3932 965 4001 μνησικακία.
999 3933 1232 3987 Βλέπετε
1262 3933 1382 3997 πῶς
1410 3936 1519 3990 ἀπὸ
1562 3938 1681 4000 ἐνὸς

68 4021 359 4091 ῥήματος
410 4021 492 4084 είς
543 4020 796 4075 τοσοῦτον
833 4024 1004 4076 κακὸν
1052 4022 1326 4092 ἔφθασενς
1372 4025 1436 4079 El
1481 4026 1590 4098 γὰρ
1621 4027 1681 4092 ἐξ

62 4111 284 4183 ἀρχῆς
306 4110 496 4165 ἐσαλεν
524 4114 708 4167 ἐπάνω
728 4113 894 4168 αὐτοῦ
910 4113 1008 4184 τὴν
1032 4114 1260 4184 μέμψιν,
1294 4117 1387 4169 καὶ
1411 4116 1678 4172 ἐϐάστασε

54 4205 133 4255 τὸ
165 4203 348 4273 ῥῆμα
372 4202 467 4256 τοῦ
502 4203 732 4274 ἀδελφοῦ
757 4244 771 4267 ,
803 4204 898 4257 καὶ
924 4206 999 4275 μὴ
1030 4205 1293 4276 ἠθέλησεν
1316 4208 1678 4280 άπεκδικῆσαι

1783 3669 1901 3713 tens
1933 3657 2180 3730 quedam
2229 3657 2525 3712 ulciscendi
2566 3656 2731 3711 libido
2796 3664 2849 3712 et
2887 3657 2991 3711 nisi
3041 3660 3355 3713 emunxcris

1782 3763 1997 3804 omnem
2027 3749 2148 3819 ejus
2168 3748 2510 3820 sanguinem,
2533 3747 2679 3818 abigi
2702 3746 2846 3802 haud
2870 3760 3110 3817 unquam
3144 3746 3226 3801 vix
3252 3764 3353 3817 po-

1783 3843 1908 3898 terit
1960 3842 2079 3896 Dixi
2118 3840 2233 3911 jam
2288 3842 2442 3895 vobis
2478 3839 2824 3894 aﬂ'ectiouum
2881 3839 3072 3893 harum
3104 3838 3351 3893 omnium

1777 3943 1832 3989 et
1845 3933 2152 4003 passionum
2189 3933 2508 3989 doctrinam.
2539 3932 2886 4002 Audistisque
2904 3930 3031 4001 quid
3053 3930 3173 4001 siti;
3201 3930 3352 4002 πρώ-

1777 4040 1845 4095 τη
1884 4024 2118 4096 ταραχὴ,
2155 4023 2285 4095 quid
2310 4026 2339 4077 6
2372 4023 2574 4094 θυμὸς,
2596 4024 2727 4093 quid
2757 4025 2790 4095 ὴ
2821 4022 2981 4094 ὀργὴ,
3003 4022 3133 4094 quid
3161 4036 3354 4093 μνησι-

1779 4112 1962 4166 κακία.
1998 4112 2074 4167 Eu
2112 4125 2169 4167 ut
2202 4129 2268 4167 ex
2308 4112 2425 4167 solo
2448 4122 2502 4167 et
2530 4114 2692 4168 unico
2723 4113 2887 4167 verbo
2916 4113 2969 4166 in
2998 4121 3208 4167 tantum
3237 4127 3353 4166 ma-

1778 4202 1888 4258 lum
1924 4204 2273 4275 pervenitur!
2315 4200 2373 4257 Si
2404 4202 2549 4258 enim
2578 4202 2844 4272 principio
2876 4202 2929 4255 in
2962 4216 3022 4257 se
3050 4202 3230 4274 ipsum
3253 4217 3350 4257 ac-

1775 4295 2113 4349 cusationem
2154 4306 2368 4347 omnem
2420 4294 2795 4356 convertisset,
2854 4294 3228 4363 patienterque
3263 4302 3351 4347 tu-

1776 4385 1928 4442 lisset
1948 4385 2164 4439 verbum
2189 4382 2377 4438 fratris
2399 4383 2505 4450 sui,
2526 4383 2898 4454 noluissetque
2912 4396 3098 4439 contra
3125 4385 3246 4449 uiti,
3264 4396 3348 4440 at-

1776 4491 1883 4548 que
1917 4476 2077 4531 unico
2109 4474 2333 4529 verbulo
2354 4475 2465 4529 duo
2491 4474 2573 4530 vel
2600 4477 2755 4545 plura
2781 4489 3073 4546 Opponere,
3096 4493 3200 4535 nec
3227 4498 3347 4538 ma-

1775 4569 1887 4625 lum
1926 4582 2025 4638 pro
2069 4566 2212 4621 malo
2246 4566 2448 4623 referre
2483 4565 2541 4624 ιε
2594 4568 2707 4623 haec
2736 4569 2920 4623 omnia
2974 4572 3179 4641 pariter
3218 4588 3248 4628 a
3284 4589 3345 4629 se

1775 4661 1916 4715 mala
1970 4659 2283 4730 expulisset.
2346 4657 2525 4724 Quare
2578 4658 2847 4714 admoneo
2907 4676 3005 4719 vos
3043 4665 3345 4734 saepissime

56 4296 327 4360 ἑαυτὸν,
359 4297 452 4349 καὶ
494 4297 615 4349 ἀντὶ
649 4297 767 4360 ἐνὸς
797 4297 955 4365 λόγου
995 4298 1168 4351 εἰπεῖν
1194 4298 1289 4353 δύο
1316 4299 1350 4371 ἢ
1381 4302 1476 4355 καὶ
1515 4302 1677 4357 πέντε

48 4389 325 4455 λόγους,
349 4388 446 4440 καὶ
467 4387 763 4442 ἀποδοῦναι
804 4390 971 4444 κακὸν
1005 4393 1125 4446 ἀντὶ
1154 4389 1349 4457 κακοῦ,
1379 4388 1523 4464 εἶχεν
1551 4393 1678 4466 ἐξη-

48 4481 265 4551 λῆσαι
304 4480 414 4532 ἀπὸ
452 4480 589 4533 ὅλων
632 4481 743 4535 τῶν
773 4482 958 4535 κακῶν
997 4481 1222 4538 τούτων.
1250 4483 1351 4538 Διὰ
1388 4485 1550 4540 τοῦτο
1588 4487 1677 4540 ἀεὶ

42 4570 234 4637 λέγω
268 4566 402 4635 ὑμῖν
428 4582 442 4598 ·
463 4567 538 4630 ὡς
580 4568 689 4621 εἰσὶ
722 4568 890 4638 νεαρὰ
928 4570 997 4623 τὰ
1038 4570 1207 4642 πάθη,
1238 4572 1505 4642 ἐκκόψατε
1535 4572 1677 4627 αὐτὰ

40 4663 217 4731 πρὶν
245 4658 602 4728 αερεωθῶσι
647 4659 771 4713 καθ’
798 4660 976 4731 ὑμῶν,
999 4662 1093 4714 καὶ
1141 4662 1363 4732 μέλλετε
1395 4662 1676 4716 ταλαιπω-

39 4758 221 4825 ρεῖν.
276 4750 446 4804 Ἀλλο
481 4752 590 4822 γάρ
617 4754 733 4805 ἐστι
753 4754 813 4806 τδ
836 4754 1146 4808 ἀνασπάσαι
1170 4756 1371 4826 μικρὰν
1404 4756 1669 4827 ϐοτάνην,

1785 4748 2055 4816 passiones
2084 4756 2312 4813 vestras,
2343 4762 2465 4801 cum
2490 4748 2714 4802 novella:
2745 4757 2941 4805 suntet
2968 4756 3345 4817 recentes,ab—

43 4847 161 4899 καὶ
193 4843 353 4899 ἄλλο
395 4844 457 4896 τὸ
484 4844 782 4915 ἐκριζῶσαι
824 4846 966 4915 μέγα
994 4845 1208 4918 δένδρον
1233 4864 1248 4877 ·
1289 4846 1349 4899 οὐ
1392 4847 1671 4917 ξενίζομαι

1785 4838 2019 4894 scindere
2056 4846 2218 4908 atque
2261 4848 2576 4908 amputare;
2628 4854 2696 4893 ne
2732 4841 2939 4896 scilicet
2985 4845 3344 4902 oblirmentur

37 4935 233 4998 ίλλο,
274 4933 316 5002 ἦ
336 4932 416 4985 ὅτι
441 4931 565 4985 οὔτε
606 4933 823 5003 οἴδαμεν
844 4932 896 4986 τί
923 4932 1195 5002 ψάλλομεν
1228 4951 1242 4966 ·
1279 4933 1399 4989 καθ’
1438 4936 1674 5005 ἑκάστην

1785 4928 1833 4982 in
1862 4926 2031 4991 vobis,
2058 4937 2109 4981 et
2133 4926 2200 4981 ad
2225 4927 2497 4982 miseriam
2532 4943 2802 4986 summam
2830 4946 2927 4987 vos
2960 4934 3200 4991 trahant.
3232 4937 3343 4990 Ali-

41 5025 402 5096 βάλλομεν,
436 5024 530 5077 καὶ
568 5023 933 5094 καταρώμεθα
958 5024 1211 5087 ἐαυτοὺς,
1243 5024 1337 5078 καὶ⁸
1356 5025 1417 5078 οὐ
1458 5025 1673 5078 συνιοῦ-

1785 5032 1853 5072 .er
1878 5019 2021 5072 enim
2049 5017 2381 5089 exstirpatur
2412 5019 2616 5087 planta,
2655 5019 2812 5075 aliter
2839 5022 3004 5076 arbor
3051 5025 3297 5081 evellitur
3320 5068 3336 5093 ,

39 5137 188 5173 ιεν.
251 5116 384 5168 Οὐκ
423 5116 707 5187 ὀφείλομεν
737 5117 933 5170 ειδέναι
973 5119 1029 5169 τί
1060 5116 1376 5187 ψάλλομενς
1432 5118 1553 5171 Ὀτι
1584 5118 1675 5189 etsi.

1785 5123 1890 5164 gum
1929 5105 2091 5179 ‘13
2129 5108 2391 5163 coaluerit
2434 5109 2500 5162 ad
2538 5111 2985 5180 magnitudinem.
3015 5112 3155 5169 Nihil
3190 5118 3335 5173 aliud

39 5213 335 5278 »έγομεν
370 5223 384 5239 ·
447 5211 517 5262 Εἰ
560 5206 954 5263 άηαπέδωκα
1012 5208 1135 5273 τοῖς
1188 5208 1667 5265 ἀνταποδιδοῦσί

1785 5202 1902 5254 ideo
1952 5200 2055 5255 hoc
2097 5200 2357 5264 demiror,
2385 5200 2531 5268 quod
2575 5203 2822 5258 videlicet
2864 5220 2972 5260 non
3006 5209 3335 5265 advertimus

37 5320 143 5359 ιοι
184 5294 402 5361 κακὰ,
431 5296 713 5365 ἀποπέσῃ
743 5314 846 5365 μοι
875 5291 990 5365 ἆρα
1008 5296 1125 5352 ἀπὸ
1158 5295 1277 5351 τῶν
1301 5296 1528 5367 ἐχθρῶν
1549 5316 1670 5367 μου

1785 5292 1893 5363 luid
1936 5292 2179 5362 quotidie
2222 5293 2519 5363 psallimus.
2568 5294 2859 5351 Psallimus
2897 5299 3136 5368 quotidie
3173 5311 3337 5372 atque

37 5389 297 5453 εενός.
334 5384 399 5439 Τί
424 5386 560 5449 ἐστι,
592 5387 874 5455 ἀποπέσῃ
898 5405 1041 5457 pet;
1074 5386 1165 5441 Ἐν
1185 5388 1295 5459 ὅσῳ
1317 5404 1399 5451 τις
1428 5388 1665 5456 ἵσταται,

1785 5400 1865 5439 nos
1886 5385 2031 5455 ipsos
2059 5384 2433 5439 maledicimus
2463 5395 2519 5439 et
2556 5402 2920 5455 exsecramur,
2949 5406 3122 5463 neque
3146 5394 3197 5448 id
3233 5393 3335 5449 ad-

36 5500 161 5555 χει
222 5475 484 5547 δύναμιν
540 5478 853 5548 ἀντιστῆναι
900 5478 979 5548 τῷ
1037 5478 1218 5551 ἐχθρῷ
1264 5479 1448 5545 αὑτοῦ,
1494 5479 1664 5551 δέρει,

1785 5478 2044 5533 rertimus.
2097 5478 2291 5532 Annon
2334 5479 2600 5535 debemus
2636 5482 2777 5550 quod
2808 5483 3089 5550 psallimus
3131 5486 3331 5541 intelli-

36 5578 339 5643 ἔραται,
363 5569 508 5639 νικᾷ,
532 5569 758 5642 ⁴ἡττᾶται
792 5585 805 5599 ’
827 5570 1012 5639 ἀκμὴν
1037 5573 1146 5642 γὰρ
1169 5572 1405 5624 ἵσταται.
1454 5571 1579 5626 Ἐάν
1604 5573 1664 5627 δὲ

1785 5571 1923 5639 gere?
1959 5568 2018 5624 Si
2040 5570 2266 5636 reddidi,
2298 5570 2439 5637 ait‘,
2472 5572 2874 5626 retribuentibus
2898 5575 3027 5628 mihi
3054 5578 3214 5640 mala,
3240 5578 3331 5631 de-

33 5669 267 5734 ,οάσῃ
323 5665 531 5728 πεσεῖν,
560 5663 677 5726 πῶς
697 5662 779 5716 ἔτι
816 5663 1036 5716 δύναται
1079 5666 1255 5735 χαμαὶ
1283 5666 1532 5736 κείμενος
1556 5683 1664 5723 πα-

1785 5662 1937 5715 ’ἱάαηι
1964 5663 2149 5714 merito
2179 5661 2508 5724 nbininticis
2543 5662 2670 5715 meis
2705 5663 2902 5717 inanis.
2938 5663 3074 5729 Quid
3116 5675 3200 5720 est
3237 5667 3329 5721 dc-

39 5764 115 5817 αἶ
127 5773 263 5813 σαι
305 5764 444 5822 προς
472 5769 562 5805 τον
584 5754 775 5824 ἐχθρὸν
797 5754 982 5821 αὑτοῦ;
1013 5754 1118 5807 Καὶ
1148 5755 1520 5827 κατευχόμεθα
1540 5760 1663 5813 ἐαυο

1785 5754 1978 5807 'r'dam.’
2009 5751 2142 5807 Dum
2185 5753 2384 5824 aliquis
2415 5761 2541 5819 stat,
2572 5763 2759 5823 potens
2781 5765 2863 5810 est
2887 5757 3197 5813 adversario
3226 5775 3331 5825 suo

146 5943 367 5999 Rom.
399 5949 496 5997 xu,
524 5934 606 5990 l7.
684 5948 723 5976 ιι
756 5933 900 5993 Psal.
930 5953 1023 6001 vtl,
1049 5934 1082 5992 5
1106 5952 1236 6011 sequ
