4118 6542
165 549 277 617 1713

153 758 347 828 φότερον
377 758 477 829 μὲν
505 761 655 830 ὅμως
682 761 819 817 ἐστί.
858 762 1012 817 Θέλει
1039 764 1097 818 δέ
1123 781 1209 826 τις
1242 764 1337 818 καὶ
1365 766 1578 837 χαίρειν
1599 768 1697 838 την

150 850 426 903 ἀνάπαυσιν
448 850 543 904 τοῦ
565 852 797 921 ἀδελφοῦ
822 853 1013 918 αὐτοῦ,
1041 856 1137 909 καὶ
1160 856 1337 910 πάντα
1365 860 1538 911 ποιεῖν
1562 858 1698 929 πρὸς

148 939 414 1009 θεραπείαν
443 943 630 1006 αὐτοῦ,
676 946 770 998 καὶ
809 945 1041 999 Ξκαστον
1074 948 1308 1018 πρᾶγμα
1354 948 1696 1019 ἐπιτηδεύειν

146 1033 267 1096 πρὸς
292 1032 583 1104 θεραπείαν
606 1036 697 1089 καὶ
736 1035 1042 1090 ἀνάπαυσιν
1073 1036 1261 1091 αὐτοῦ.
1287 1036 1529 1108 Εἴπομεν
1549 1038 1606 1092 δὲ
1636 1040 1696 1091 ὲν

142 1126 201 1193 τῇ
222 1124 346 1195 ἀρχῇ
376 1124 470 1177 τοῦ
490 1126 650 1194 λόγου
666 1127 747 1180 ὅτι
776 1127 890 1181 ἔστι
914 1145 999 1192 τις
1025 1127 1232 1198 βάλλων
1250 1129 1563 1200 μετάνοιαν,
1598 1131 1697 1201 μὲ-

141 1231 213 1267 νει
241 1214 413 1286 ἀκμὴν
437 1215 575 1287 ἔχων
609 1216 787 1287 λύπην
820 1219 939 1273 κατ’
971 1218 1157 1282 αὐτοῦ,
1195 1219 1292 1274 καὶ
1340 1220 1569 1289 λέγομεν
1612 1221 1694 1274 ὅτι

140 1303 302 1373 βαλὼν
325 1306 422 1379 τὴν
463 1308 771 1374 μετάνοιαν,
798 1308 896 1379 τὴν
929 1309 1030 1378 μὲν
1049 1308 1243 1381 ὀργὴν,
1271 1309 1339 1364 δι’
1375 1311 1546 1381 αὐτῆς
1577 1309 1693 1363 ἐθε-

140 1396 383 1466 ράπευσε,
418 1400 556 1467 πρὸς
576 1399 632 1452 δὲ
666 1398 766 1471 τὴν
794 1403 1163 1471 μνησικακίαν
1189 1401 1344 1457 οὐπω
1365 1404 1689 1472 ἠγωνίσατο.

140 1486 283 1541 Ἐστι
308 1488 361 1542 δὲ
383 1490 537 1555 ἄλλος
561 1493 642 1545 ὅτι
670 1492 764 1545 ἐάν
790 1496 972 1564 συμϐῇ
1013 1510 1133 1547 τινα
1166 1494 1351 1565 θλίψαι
1386 1496 1578 1561 αὐτὸν,
1601 1497 1695 1549 καὶ

134 1578 321 1648 βάλωσι
359 1582 647 1652 μετάνοιαν
687 1585 782 1637 καὶ
831 1585 1188 1654 διαλλαγῶσιν
1233 1585 1499 1657 ἀλλήλοις,
1550 1586 1694 1657 εἰρη-

130 1673 266 1725 νεύει
310 1675 444 1745 πρδς
475 1674 660 1738 αὐτὸν,
705 1675 800 1729 καὶ
821 1676 1078 1746 οὐδεμίαν
1111 1678 1336 1748 μνήμην
1370 1678 1549 1748 κακὴν
1579 1676 1690 1747 ἔχει

125 1763 185 1818 ὲν
208 1765 269 1836 τῇ
302 1765 497 1837 καρδίᾳ
530 1766 692 1820 αὐτοῦ
710 1768 839 1838 περὶ
872 1769 1036 1823 αὐτοῦ
1075 1783 1090 1799 ⁸
1118 1768 1212 1822 ἐὰν
1244 1768 1300 1823 δὲ
1323 1770 1505 1841 συμϐῇ
1529 1770 1690 1823 αὐτὸν

127 1856 245 1927 μεθ’
280 1857 492 1928 ἡμέρας
537 1861 711 1914 εἰπεῖν
762 1859 896 1932 ιύτῷ
929 1879 981 1915 τι
1019 1860 1200 1915 θλίὸον
1233 1861 1414 1927 αὐτὸν,
1455 1861 1686 1932 ἄρχεται

122 1949 218 2001 καὶ
247 1948 351 2003 τῶν
398 1949 633 2021 πρῶτων
669 1952 1051 2022 μνημονεύειν,
1087 1954 1181 2008 καὶ
1220 1952 1589 2026 ταράσσεσθαι
1623 1956 1684 2009 οὐ

122 2041 283 2112 μόνον
311 2042 439 2111 περὶ
468 2043 575 2096 τῶν
601 2044 886 2117 δευτέρων,
918 2044 1053 2099 ἀλλά
1080 2046 1323 2117 καὶπερὶ
1351 2045 1459 2100 τῶν
1492 2046 1681 2118 προτέ-
1710 2030 1751 2086 Β

122 2149 249 2202 ρων.
277 2128 440 2197 Οὗτος
466 2132 641 2188 ἔοικεν
662 2134 934 2207 ἀνθρώπῳ
960 2135 1135 2207 ἔχοντι
1164 2136 1406 2207 τραῦμα,
1430 2138 1524 2191 καὶ
1556 2137 1683 2208 βάλ-

120 2224 263 2278 λοντι
289 2225 652 2298 ἓμπλαστρον,
687 2229 782 2283 καὶ
804 2228 941 2292 τέως
962 2229 1049 2282 διά
1074 2228 1542 2301 τῆςρμπλάστρου
1574 2230 1685 2284 ἐθε-

118 2318 358 2387 ράπευσε
386 2319 447 2373 τὸ
472 2319 714 2392 τραῦμα,
750 2321 842 2375 καὶ
876 2321 1230 2385 συνούλωσεν,
1268 2321 1347 2374 ἔτι
1379 2321 1435 2374 δὲ
1459 2321 1683 2374 ἀσθενέ-

117 2411 308 2482 στερός
337 2412 481 2466 ἐστιν
516 2414 545 2467 6
566 2412 750 2476 τόπος,
783 2414 876 2467 καὶ
904 2415 992 2467 ὅτε
1019 2414 1219 2485 δήποτε
1250 2413 1509 2485 ῥίψειρτις
1539 2412 1684 2466 λίθον

114 2505 241 2557 κατ’
268 2504 456 2571 αὐτοῦ,
491 2504 653 2559 πλέον
685 2506 806 2560 ὅλου
828 2505 923 2560 τοῦ
951 2505 1200 2577 σώματος
1234 2506 1442 2570 ἐκεῖνος
1466 2507 1495 2559 6
1522 2506 1686 2570 τόπος

114 2598 361 2670 εὐχερῶς
395 2598 717 2670 πλήσσεται,
744 2599 837 2654 καὶ
868 2599 1095 2671 ἄρχεται
1124 2598 1326 2663 εὐθέως
1348 2600 1683 2671 αἱμοῤῥοεῖν·

108 2688 289 2754 οὕτως
315 2690 485 2745 ἔπαθε
527 2693 619 2746 καὶ
650 2693 810 2756 αὐτός
852 2709 865 2723 ·
896 2692 1019 2764 ἔσχε
1074 2691 1314 2765 τραῦμα,
1370 2691 1461 2745 καὶ
1496 2692 1687 2747 ἒόαλεν

110 2784 462 2858 ἐμπλαστρον
487 2825 502 2848 ,
531 2787 653 2857 ἥτις
680 2786 827 2840 ἐστὶν
860 2790 892 2856 ὴ
927 2788 1209 2858 μετάνοια,
1266 2789 1362 2840 καὶ
1402 2785 1540 2850 τέως
1574 2786 1689 2856 μὲν

105 2878 449 2949 ἐθεράπευσε
477 2879 539 2932 τὸ
566 2879 805 2949 τραῦμα,
830 2879 1018 2950 ῶσπερ
1050 2879 1146 2934 καὶ
1174 2880 1203 2932 6
1225 2878 1438 2950 πρῶτος
1464 2921 1479 2943 ,
1536 2878 1688 2931 τοῦτ’

102 2972 233 3024 ἐστι
248 2970 342 3042 τὴν
362 2970 547 3042 ὀργὴν,
567 2970 768 3042 ῆρξατο
791 2972 999 3042 καὶτῆς
1023 2971 1385 3041 μνησικακίας
1404 2970 1656 3040 ἐπιμελεῖ
1671 2998 1683 3009 -

102 3062 279 3124 σθαι,
306 3060 395 3115 διά
450 3062 543 3115 τοῦ
586 3063 881 3139 σπουδάσαι
932 3063 1201 3134 μηδεμίαν
1243 3063 1419 3133 κακὴν
1468 3063 1690 3133 μνήμην

100 3153 387 3225 κρατῆσαι
430 3155 488 3207 ἐν
528 3157 595 3226 τῇ
648 3155 845 3227 καρδίᾳ
882 3155 1046 3209 αὐτοῦ
1082 3172 1095 3186 ·
1137 3154 1294 3209 τοῦτο
1325 3156 1435 3225 γάρ
1472 3156 1587 3208 ἐστι
1630 3153 1691 3207 τὸ

98 3245 451 3300 συνουλῶσαι
486 3246 548 3300 τὸ
580 3246 819 3318 τραῦμα.
844 3245 1010 3300 Οὔπω
1034 3247 1089 3301 δὲ
1117 3246 1337 3311 τελείως
1374 3245 1655 3318 ἐξήλειψεν
1675 3284 1690 3308 ,

1456 560 1834 622 DOCTRINA
1884 561 2044 622 VIII.

158 656 361 722 θλίσὲται
382 683 399 701 ⁸
426 669 657 724 καὶέστι
679 670 953 727 καὶτοῦτο
983 667 1121 737 εἶδος
1151 674 1540 749 μνησικακίας,
1566 693 1692 730 κους

1803 679 1898 734 ris.
1931 679 2141 735 Gaudet
2180 680 2321 736 alius
2361 680 2415 735 in
2447 682 2629 753 quiete
2654 691 2708 737 et
2732 700 2863 753 pace
2896 684 3103 749 fratris,
3129 686 3374 757 nihilque
3483 706 3487 709 ν

3235 569 3371 636 1714

1798 771 1946 826 illius
1968 771 2133 845 416.
2151 774 2321 843 gratia
2351 771 2529 829 facere
2555 784 2792 840 recusat,
2817 779 2960 846 quod
2987 779 3052 832 ad
3079 777 3199 849 ejus
3221 795 3373 835 com-

1798 861 2019 916 modum
2049 870 2106 918 et
2137 863 2376 919 honores
2405 865 2695 919 conducat.
2729 868 2797 919 At
2838 866 3072 922 diximus
3102 868 3373 939 principio

1795 955 2058 1009 orationis
2096 963 2293 1011 nostrae
2337 972 2458 1012 esse
2490 956 2720 1027 aliquem
2752 958 2868 1027 qui,
2909 974 3032 1014 cum
3064 962 3271 1016 venerit
3315 962 3369 1015 in

1797 1048 2145 1103 concordiam
2175 1063 2298 1103 cum
2324 1048 2493 1104 fratre
2518 1064 2639 1111 suo,
2672 1052 2851 1106 adhuc
2883 1060 3060 1106 tamen
3094 1054 3368 1109 tn‘stitiam

1797 1147 1975 1193 servet
2000 1154 2126 1209 erga
2164 1140 2341 1208 ipsum
2372 1158 2388 1195 :
2429 1144 2576 1196 hunc
2604 1143 2837 1199 dicimus
2866 1159 3002 1198 Iram
3037 1145 3249 1213 quidem
3275 1162 3370 1201 ex-

1796 1231 2050 1287 stinxisse
2100 1242 2154 1286 et
2179 1247 2485 1302 superasse,
2523 1235 2625 1290 hoc
2652 1241 2776 1299 est,
2824 1236 2925 1305 τὴν
2944 1237 3145 1307 ὀργὴν;
3180 1249 3367 1291 contra

1798 1330 1979 1376 autem
2022 1324 2393 1392 μνησικακίαν
2425 1326 2666 1381 nondum
2711 1341 2833 1381 esse
2869 1328 3150 1383 lactatum.
3187 1327 3281 1383 Est
3317 1336 3371 1383 et

1795 1414 1936 1469 alius
1964 1415 2058 1483 qui
2093 1424 2369 1485 acceptam
2412 1416 2668 1487 injuriam
2702 1419 2884 1473 statim
2926 1420 3287 1486 obliviscitur,
3317 1431 3371 1475 et

1794 1505 1943 1559 illico
1972 1504 2125 1560 fratri
2154 1507 2536 1563 reconciliatur
2564 1526 2578 1562 :
2604 1510 2690 1564 sin
2716 1525 2842 1564 vero
2869 1520 2992 1579 post
3016 1510 3132 1565 dies
3163 1512 3369 1581 aliquot

1794 1600 2077 1669 contigerit
2112 1600 2182 1655 ab
2199 1601 2390 1655 eodem
2427 1602 2481 1657 in
2521 1603 2707 1659 sedici
2740 1603 3019 1673 quidpiam
3050 1604 3230 1659 minus
3245 1620 3368 1674 gra-

1792 1702 1932 1758 tum,
1966 1709 1997 1748 e
2022 1694 2252 1762 vestigio
2279 1694 2345 1747 ad
2372 1696 2688 1750 memoriam
2721 1708 2935 1751 revocat
2966 1696 3194 1765 primam
3226 1696 3369 1767 inju-

1792 1785 1955 1847 riam,
2000 1783 2292 1853 gliscitque
2348 1783 2578 1852 primam
2633 1794 2687 1838 et
2727 1784 3020 1839 secundam
3062 1785 3266 1854 pariter
3318 1787 3366 1840 si

1790 1871 1965 1942 possit
2002 1870 2193 1926 ulcisci
2254 1868 2353 1925 llic
2373 1870 2570 1925 similis
2597 1869 2773 1926 factus
2804 1882 2887 1926 est
2916 1872 3125 1926 homini
3172 1873 3365 1930 vulne-

1792 1973 1931 2030 ratu,
1969 1972 2025 2017 et
2050 1962 2343 2033 emplastra
2388 1962 2595 2016 vulneri
2626 1963 3113 2032 superimponenti.
3135 1962 3368 2021 Curatus

1782 2058 1927 2111 enim
1964 2065 2020 2110 et
2056 2064 2286 2110 sanatus
2312 2070 2436 2109 cum
2477 2053 2659 2117 fuerit,
2690 2052 3078 2124 superinducta
3111 2053 3364 2109 cicatrix.

1782 2149 2108 2220 relinquitur
2141 2158 2319 2203 tamen
2371 2150 2522 2203 locus
2557 2147 2647 2202 ille
2679 2145 2920 2201 vulneris
2949 2145 3145 2201 debilis
3187 2145 3366 2201 adhuc

1781 2252 1838 2297 et
1866 2242 2148 2306 infirmus;
2180 2248 2256 2306 et,
2280 2241 2333 2293 in
2356 2254 2482 2295 eum
2512 2239 2557 2294 si
2584 2243 2707 2307 quis
2736 2238 2964 2308 lapidem
2984 2237 3195 2307 iecerit,
3216 2237 3363 2292 dolet

1782 2343 1902 2388 toto
1921 2347 2169 2402 corpore,
2206 2334 2498 2400 statimque
2533 2331 2721 2401 incipit
2743 2329 2965 2400 sanguis
2998 2329 3237 2385 effluere.
3272 2329 3365 2385 Sic

1784 2424 1894 2490 ille,
1923 2433 2143 2493 accepto
2177 2424 2415 2488 vulnere,
2450 2422 2664 2491 injuriae
2704 2422 2992 2488 emplastra
3026 2422 3363 2489 superimpo-

1786 2518 1919 2578 suit,
1944 2531 2065 2586 quae
2098 2524 2228 2571 sunt
2267 2530 2370 2584 pax
2398 2523 2453 2569 et
2484 2512 2824 2584 paenitentia.
2866 2511 3218 2583 Tandemque
3242 2513 3365 2567 vul-

1787 2624 1893 2665 nus
1918 2618 2179 2664 curatum
2222 2619 2336 2672 est;
2369 2605 2421 2660 id
2454 2616 2568 2669 est,
2604 2605 2638 2676 ἡ
2676 2605 2844 2676 ὀργῆς
2894 2603 3062 2674 εωρίι
3085 2613 3264 2658 autem
3304 2611 3362 2657 et

1794 2696 2164 2771 μνησικακίαν
2188 2695 2323 2750 velle
2348 2709 2561 2760 curare,
2584 2702 2646 2749 ut
2673 2693 2880 2748 scilicet
2915 2692 3118 2747 nullam
3135 2692 3363 2748 omnino

1789 2788 2109 2845 memoriam
2144 2786 2356 2857 injuriae
2383 2794 2594 2842 teneret
2628 2785 2681 2839 iu
2715 2783 2919 2851 corde;
2953 2795 3009 2840 et
3036 2784 3139 2840 hoc
3166 2794 3251 2839 est
3278 2788 3361 2840 ct-

1788 2882 2043 2938 catricem
2077 2877 2425 2948 superinduci
2459 2877 2705 2931 vulneri:
2735 2877 2975 2931 nondum
3019 2887 3202 2933 tamen
3240 2892 3362 2947 νει-ι

1789 2974 1929 3030 fecte
1958 2972 2212 3037 abolevit,
2240 2973 2334 3025 sed
2370 2980 2515 3025 tenet
2536 2970 2714 3025 adhuc
2739 2968 2793 3024 in
2827 2983 2887 3025 se
2915 2969 3173 3039 reliquias
3194 2984 3362 3038 quas-

1789 3066 1915 3120 dam
1960 3074 2016 3120 et
2051 3063 2259 3118 semina
2300 3063 2399 3131 τῆς
2428 3061 2793 3133 μνησικακίας
2835 3076 2958 3130 quae
3002 3071 3087 3116 est
3113 3061 3360 3126 cicatrix,

1790 3173 1857 3213 ex
1906 3171 2015 3227 qua
2058 3154 2214 3211 facile
2254 3164 2426 3209 totum
2461 3155 2658 3209 vulnus
2690 3154 3040 3219 recrudescit,
3083 3168 3204 3207 eam
3238 3168 3363 3221 par-

1790 3263 1915 3304 vam
1968 3248 2219 3318 quamvis
2264 3247 2478 3317 plagam
2522 3247 2810 3317 acceperit.
2861 3245 3029 3301 Debet
3080 3246 3247 3317 igitur
3283 3246 3357 3301 ita

95 3339 229 3394 ἀλλ’
251 3338 333 3391 ἔτι
372 3337 485 3438 ἔχεέ
520 3339 786 3409 ἔλλειμμα
818 3339 917 3409 τῆς
950 3338 1316 3410 μνησικακίας
1339 3376 1354 3402 ,
1381 3338 1518 3409 ὅπερ
1543 3338 1691 3393 ἐστὶν

1793 3350 2127 3403 concertare,
2164 3347 2224 3394 ut
2254 3339 2419 3393 etiam
2450 3338 2756 3393 cicatricem
2782 3353 3000 3393 omnem
3036 3337 3199 3394 faciat
3231 3354 3360 3393 eva-

87 3430 130 3498 ή
166 3427 309 3499 οὐλὴ
348 3429 406 3496 ἐξ
449 3422 516 3500 ἧς
548 3428 783 3500 εὐχερῶς
819 3428 1176 3500 ἀναδαροῖηαι
1216 3429 1337 3483 ὅλον
1365 3428 1427 3482 τὸ
1466 3428 1687 3500 τραῦμα

1791 3445 2033 3495 nescere,
2069 3438 2231 3499 atque
2260 3428 2336 3483 ita
2357 3428 2537 3483 locum
2561 3427 2802 3483 vulneris
2826 3428 3085 3496 expolire,
3121 3436 3177 3482 ut
3208 3427 3357 3482 nulla

93 3521 297 3592 σῶμα,
335 3523 465 3576 ὅταν
504 3523 722 3593 δέξηται
750 3521 953 3593 μικρὰν
993 3522 1226 3593 πληγήν.
1280 3522 1511 3591 Ὀφείλει
1557 3521 1689 3592 γοῦν

85 3613 507 3682 ἀγωνίσασθαι,
545 3614 631 3667 ῖνα
670 3615 764 3667 καὶ
802 3616 899 3683 τὴν
932 3614 1097 3685 οὐλὴν
1141 3614 1364 3677 τελείως
1405 3614 1687 3687 ἐξαλείψῃ,

85 3706 255 3759 ὥστε
297 3708 392 3760 καὶ
435 3706 696 3777 τριχῶσαι
739 3706 828 3759 τὸν
862 3707 1046 3771 τόπον,
1092 3708 1187 3760 καὶ
1235 3708 1374 3778 μήτε
1413 3708 1690 3778 ἀμορφίαν

80 3796 230 3848 τινὰ
255 3795 666 3864 ὑπολειφθῆναι,
694 3797 829 3865 μήτε
852 3797 1088 3850 νοεῖσθαι
1111 3796 1266 3861 ὅλως,
1289 3798 1372 3850 ὅτι
1395 3798 1609 3866 ἐγένετο
1633 3800 1691 3850 ὲν

78 3886 176 3957 τῷ
211 3886 373 3957 τόπῳ
399 3887 589 3956 ἐκείνῳ
616 3886 853 3957 τραῦμα.
882 3887 1005 3951 Πῶς
1030 3886 1085 3940 δὲ
1115 3887 1334 3942 δύναται
1364 3887 1521 3943 τοῦτο
1554 3907 1687 3943 κατ-

73 3979 398 4050 ορθῶσαι;
448 3978 544 4032 Διά
588 3978 681 4032 τοῦ
734 3979 1131 4049 προσεύχεσθαι
1189 3980 1250 4046 ἐξ
1292 3981 1420 4051 ὅλης
1465 3982 1691 4052 καρδίας

77 4072 255 4142 ὑπὲρ
278 4069 377 4123 τοῦ
408 4070 747 4140 λυπήσαντος
771 4070 990 4135 ἑαυτὸν,
1019 4071 1114 4125 καὶ
1138 4071 1318 4140 λέγειν
1345 4088 1361 4104 ·
1392 4091 1411 4124 ι
1450 4073 1509 4126 '0
1538 4073 1689 4137 Θεὸς,

72 4163 386 4236 βσήθησον
410 4163 488 4232 τῷ
520 4161 736 4232 ἀδελφῷ
767 4180 868 4233 μου
919 4163 1089 4234 κάμοὶ
1116 4163 1205 4217 διὰ
1244 4164 1353 4217 τῶν
1393 4165 1565 4234 εὐχῶν
1593 4167 1692 4218 αὐ-

65 4255 219 4309 ιιρῦ.
262 4271 284 4305 ι
327 4252 438 4306 Καὶ
477 4253 790 4323 εὑρίσκεται
833 4253 1266 4324 ὐπερευχόμενος
1325 4254 1417 4308 τοῦ
1460 4254 1689 4323 ἀδελφοῦ

63 4346 282 4403 αὐτοῦ
321 4361 337 4377 ⁸
387 4346 523 4416 ὅπερ
556 4345 673 4399 ἐστὶ
728 4344 1071 4415 συμπαθείας
1101 4345 1194 4398 καὶ
1230 4346 1449 4414 ἀγάπης
1480 4350 1687 4418 τεκμήο

67 4456 251 4511 ριον,
289 4437 385 4492 καὶ
433 4436 851 4507 ταπεινούμενος
884 4438 948 4491 ἐκ
976 4436 1070 4490 τοῦ
1107 4439 1277 4493 αἰτεῖν
1320 4438 1573 4511 βοήθειαν
1600 4440 1690 4494 διά

61 4534 209 4587 τῶν
263 4529 445 4599 εὐχῶν
491 4527 676 4581 αὐτοῦ.
728 4528 902 4581 Ὅπου
946 4526 1001 4581 δὲ
1048 4530 1357 4598 συμπάθεια
1380 4531 1472 4584 καὶ
1502 4533 1689 4603 ἀγάπη

57 4626 187 4680 καὶ
225 4619 591 4683 ταπείνωσις.
622 4622 676 4671 τί
712 4618 931 4672 δύναται
969 4618 1181 4689 ίσχύσαι
1205 4620 1397 4690 θυμὸς,
1444 4622 1691 4693 ἢέτερον

1789 3522 1861 3577 ibi
1890 3521 2211 3578 deformitas
2244 3522 2601 3591 relinquatur,
2646 3536 2825 3591 neque
2857 3520 3153 3589 aliquando
3194 3518 3360 3573 remi-

1789 3616 2031 3671 niseatur
2053 3614 2250 3669 vulnus
2280 3614 2391 3669 illic
2416 3614 2715 3671 exstitisse.
2749 3612 2905 3680 Quod
2932 3613 2977 3668 ei
3008 3627 3223 3681 quaeras
3246 3626 3361 3681 quo

1787 3717 1944 3776 pacto
1982 3706 2036 3760 id
2086 3705 2285 3769 facias,
2328 3706 2466 3761 scito
2514 3722 2610 3775 per
2651 3707 2955 3760 orationem
2991 3704 3095 3759 hoc
3126 3704 3361 3759 maxime

1790 3798 2069 3857 tier-Lcum
2096 3796 2344 3851 videlicet
2370 3806 2484 3850 toto
2510 3797 2674 3851 corde
2700 3811 2797 3866 pro
2823 3794 2988 3849 fratre
3010 3794 3276 3861 afﬂigente
3306 3802 3360 3848 te

1788 3889 2061 3958 supplices
2087 3899 2142 3943 et
2175 3888 2347 3943 dicis:
2377 3906 2395 3939 ι
2427 3886 2676 3953 Domine,
2706 3888 2967 3942 auxiliare
3000 3886 3134 3941 mihi
3163 3896 3218 3941 et
3248 3884 3361 3940 fra-

1790 3983 1858 4036 tri
1887 3997 2007 4036 meo
2029 3998 2124 4051 per
2164 3992 2383 4035 mutuas
2405 3996 2611 4050 preces.
2655 3999 2674 4032 ι
2706 3981 2771 4034 Et
2817 3981 2897 4034 sic
2924 3981 3234 4050 supplicans
3259 3992 3361 4048 pro

1791 4072 1958 4128 fratre
1976 4085 2353 4143 argumentum
2383 4080 2606 4142 praestat
2631 4072 2934 4133 charitatis.
2963 4070 3359 4139 compassionis

1788 4176 1841 4219 et
1883 4164 2235 4231 humilitatis,
2262 4165 2391 4219 dum
2435 4164 2643 4220 scilicet
2677 4164 2930 4219 fraternis
2959 4162 3212 4234 precibus
3251 4160 3357 4216 sibi

1788 4273 2004 4328 quoque
2039 4258 2296 4329 implorat
2322 4259 2609 4313 auxilium.
2645 4258 2747 4314 Ubi
2773 4266 2954 4311 autem
2989 4256 3154 4311 fuerit
3178 4255 3360 4309 chari-

1790 4360 1895 4413 tas,
1912 4350 2238 4420 compassio,
2262 4349 2560 4414 humilitas,
2579 4348 2709 4418 quid
2746 4348 2817 4403 ibi
2839 4348 3035 4418 poterit
3058 4347 3139 4401 vel
3162 4345 3357 4416 θυμὸς,

1790 4442 1874 4496 vel
1915 4441 2276 4512 μνησικακία,
2311 4439 2394 4495 vel
2420 4441 2526 4495 alia
2558 4440 2761 4508 qumvis
2800 4436 3017 4506 passio?
3042 4436 3183 4492 llinc
3216 4445 3362 4490 recte

1790 4533 1966 4587 aiebat
1992 4532 2160 4588 abbas
2194 4531 2439 4588 Zosimas
2463 4549 2479 4587 :
2507 4531 2564 4585 Si
2590 4530 2838 4586 diabolus
2877 4545 3002 4585 cum
3026 4539 3223 4584 caetero
3250 4530 3360 4583 da:-

1792 4641 2013 4680 monnm
2041 4624 2256 4695 agmine
2282 4623 2352 4678 ad
2374 4624 2491 4678 haec
2510 4638 2699 4678 omnes
2719 4633 2866 4677 artes
2902 4636 3032 4677 suas
3053 4631 3107 4675 et
3148 4619 3361 4675 machi-

58 4714 315 4777 παθοςς
346 4712 527 4774 καθὼς
546 4709 695 4765 εἷπεν
719 4713 747 4764 6
772 4710 941 4774 ἀδὸᾶς
968 4714 1249 4782 Ζωσιμᾶς,
1275 4713 1357 4767 ὅτι
1390 4714 1515 4769 Ἐάν
1536 4720 1691 4787 κινή-

1795 4730 2046 4773 namenta
2084 4717 2354 4781 adhibeat,
2385 4731 2554 4770 vanos
2576 4715 2689 4769 fore
2716 4715 2923 4768 otiosos
2961 4728 3152 4767 omnes
3193 4713 3362 4782 impe-

53 4827 171 4864 σει
218 4803 422 4858 πάντα
447 4803 514 4857 τά
545 4804 801 4874 μάγγανα
838 4803 937 4872 τῆς
964 4804 1159 4867 κακίας
1190 4804 1355 4859 αὐτοῦ
1383 4807 1413 4859 6
1453 4806 1692 4872 διάὸολος

48 4899 250 4973 μετὰ
290 4896 514 4949 πάντων
548 4896 655 4948 τῶν
684 4894 953 4961 δαιμόνων
982 4896 1168 4960 αὐτοῦ,
1191 4897 1420 4968 ἀργοῦσι
1444 4901 1613 4954 πᾶσαι
1636 4902 1691 4953 αἱ

46 4985 397 5061 μεθοδείαι
424 4984 613 5048 αὐτοῦ,
648 4984 742 5037 καὶ
777 4983 1149 5054 συντρίϐονται
1184 4986 1287 5039 ὐπὸ
1312 4988 1410 5058 τῆς
1425 4990 1693 5042 ταπεινώ-

44 5097 243 5143 σεως
275 5076 386 5146 τῆς
416 5076 633 5145 ὲντολῆς
667 5074 761 5129 τοῦ
788 5075 1045 5144 Χριστοῦ.
1091 5077 1256 5145 Λέγει
1302 5078 1359 5131 δὲ
1388 5081 1482 5132 καὶ
1508 5079 1695 5151 ἕτερος

31 5172 300 5242 γέρων
327 5180 342 5196 ·
380 5166 437 5218 Ὀ
478 5165 907 5235 προσευχόμενος
949 5165 1088 5238 ὑπὲρ
1125 5168 1355 5238 ἐχθρῶν,
1393 5167 1705 5239 ἀμνησίκαὲ

34 5280 177 5326 κος
216 5260 420 5312 ἔσται.
461 5256 795 5328 Ἐργάσασθε
821 5256 912 5310 καὶ
930 5259 1097 5310 νοεῖτε
1122 5257 1301 5321 καλῶς
1325 5258 1419 5311 ἅτε
1447 5258 1692 5315 ἀκούετε.

33 5359 338 5413 ὀν-τως
370 5350 479 5422 γάρ
506 5350 599 5403 eam
632 5348 706 5419 μὴ
732 5349 1039 5419 ἐργάσησθε
1072 5348 1213 5421 λόγῳ
1254 5350 1421 5404 ταῦτα
1450 5354 1696 5422 παραλα-

27 5449 236 5510 δεῖν.
282 5441 450 5504 Ποῖος
474 5440 755 5511 ἄνθρωπος
778 5441 947 5495 θέλων
970 5442 1161 5513 μαθεῖν
1190 5444 1405 5515 τέχνην,
1435 5444 1575 5515 λόγῳ
1604 5445 1697 5514 μό-

23 5562 137 5615 νῳ
170 5535 639 5607 παραλαμϐάνει
669 5535 877 5607 αὐτή-ις
906 5538 1131 5599 Πάντως
1150 5537 1365 5605 πρῶτον
1392 5537 1698 5608 παραμένει

29 5632 292 5689 ποιῶν
331 5628 422 5682 καὶ
448 5626 819 5697 άσυστροφῶν,
848 5627 1016 5680 ποιῶν
1042 5629 1135 5680 καὶ
1162 5627 1456 5696 ἀφανίζων,
1488 5628 1581 5681 καὶ
1606 5626 1699 5680 οὐ-

23 5748 182 5794 εως
263 5725 426 5779 κατὰ
466 5725 664 5796 μικρὸν
702 5723 907 5777 κοπιῶν
950 5723 1040 5777 καὶ
1098 5722 1405 5793 ὑπομένων,
1441 5722 1697 5792 μανθάνει

29 5827 171 5896 τὴν
213 5815 477 5886 τέχνην,
504 5814 598 5868 τοῦ
640 5814 775 5868 Θεοῦ
811 5814 1101 5884 βλέποντος
1152 5813 1243 5867 τὸν
1275 5814 1441 5867 κόπον
1478 5814 1697 5886 gat-55.1.,

27 5909 452 5987 προαίρεσιν
475 5906 662 5972 αὐτοῦ,
690 5910 783 5961 καὶ
811 5905 1191 5977 συνεργοῦντος
1215 5906 1380 5975 αὐτῷ.
1421 5906 1610 5977 Ἡμεῖς
1642 5909 1697 5961 δὲ

27 6011 163 6081 τὴν
227 5999 461 6071 τέχνην
502 5999 608 6056 τῶν
658 5999 860 6071 τεχνῶν
898 5998 1039 6069 λόγῳ
1083 6000 1304 6075 θέλομεν
1345 6002 1693 6071 παραλαϐών,

1794 4821 1882 4865 tus
1906 4821 1961 4864 et
1977 4822 2205 4865 conatus
2222 4810 2360 4879 ejus,
2383 4819 2437 4864 et
2460 4808 2562 4863 sub
2585 4806 2888 4862 humilitate
2918 4822 3040 4875 qua:
3082 4822 3111 4860 a
3142 4804 3364 4860 Christo

1794 4914 2059 4975 praecepta
2083 4913 2185 4966 est,
2200 4902 2407 4957 conteri
2428 4916 2617 4955 omnes
2636 4909 2689 4956 et
2703 4898 3031 4954 conculcari.
3055 4896 3121 4951 Et
3136 4898 3363 4952 alterius

1794 5009 1858 5047 ex
1890 4991 2144 5046 Pan-ibus
2178 4990 2276 5044 fuit
2306 4990 2422 5049 ista.
2461 4988 2727 5045 sententia
2760 5006 2774 5042 :
2805 4987 2950 5057 quod
2985 5002 3083 5052 pro
3126 4986 3362 5040 inimicis

1795 5100 1958 5138 orans
1985 5096 2258 5152 nunquam
2289 5080 2461 5149 possit
2498 5095 2621 5134 esse
2654 5079 2947 5147 iracundus
2988 5089 3083 5131 aut
3113 5075 3363 5129 vindictae

1796 5176 2088 5231 studiosus.
2114 5173 2423 5243 Operamini
2455 5172 2638 5242 igitur,
2657 5170 2943 5232 fratre‘s,et
2963 5168 3147 5222 sedula
3180 5177 3363 5221 mente

1795 5268 2055 5323 revolvite
2086 5282 2205 5336 quae
2234 5273 2342 5318 tam
2384 5264 2627 5320 studiose
2665 5260 2865 5317 auditis
2892 5283 2906 5315 ;
2932 5260 3232 5316 haeccnim
3286 5258 3361 5312 ita

1794 5376 1914 5417 sese
1934 5359 2133 5415 habent
2154 5368 2213 5411 ut
2237 5372 2398 5427 opere
2418 5356 2590 5423 magis
2614 5363 2890 5423 parentur,
2912 5366 3075 5421 quam
3096 5350 3359 5403 oratione.

1795 5450 1928 5517 Quis
1958 5450 2103 5503 enim
2140 5447 2417 5501 hominum
2454 5446 2642 5499 volens
2684 5443 3023 5512 disciplinam
3066 5440 3229 5493 ullam
3268 5448 3363 5495 aut

1797 5553 1969 5599 artem
2011 5540 2293 5601 imbibere,
2329 5538 2475 5593 illam
2517 5536 2636 5592 solo
2678 5549 2933 5591 sermone
2961 5531 3360 5602 consequatnrl

1796 5634 1995 5689 Facere
2023 5632 2207 5702 utique
2233 5630 2466 5700 primum
2501 5636 2725 5699 perstat,
2768 5634 3181 5697 perseveratque
3208 5639 3362 5678 unum

1797 5725 1976 5783 studio
2000 5735 2054 5780 et
2073 5725 2366 5794 diligentia,
2400 5721 2595 5776 iterum
2628 5721 2756 5775 facit
2781 5720 3030 5788 deletquc
3060 5727 3264 5787 :‘atque
3286 5716 3359 5771 ita

1797 5820 2119 5893 pedetentim
2144 5816 2326 5871 labore
2355 5815 2525 5869 multo
2545 5823 2712 5868 artem
2744 5814 2915 5882 ipsam
2936 5822 2991 5866 et
3016 5810 3360 5880 disciplinam

1797 5910 2170 5983 apprehendit,
2210 5908 2321 5963 Deo
2350 5907 2592 5961 laborem
2627 5904 2972 5973 studiumque
3002 5902 3147 5956 illius
3176 5915 3364 5970 prose-

1797 6015 2011 6077 quente.
2057 6002 2166 6059 Nos
2205 6017 2323 6058 vero
2354 6011 2524 6056 artem
2568 6000 2765 6054 artium
2798 5999 2912 6054 solo
2940 6010 3194 6054 sermone
3244 6010 3365 6050 (τε.
