4118 6542
729 346 866 416 1715

1923 358 1982 414 S.
2016 355 2401 414 DOROTHEI
2425 354 2737 414 ABBATIS

3851 344 3992 412 1716

727 466 928 518 damus
962 468 1364 534 apprehendere
1424 423 1644 538 absque.
1671 469 1868 538 opere?
1908 467 2024 523 Hoc
2069 469 2297 538 nequid-

2411 467 2478 536 μὴ
2500 466 2909 534 ἐπιϐαλλόμενοι
2941 467 3114 536 ἔργῳς
3145 467 3256 518 Καὶ
3287 467 3403 528 πῶς
3434 465 3757 533 ὲνδεχεταις
3804 461 3991 532 Πρόσ-

722 556 1100 625 quamlicebit.
1133 557 1299 614 Nobis
1325 559 1512 630 igitur,
1546 558 1760 621 fratres,
1783 559 2018 629 primum
2051 559 2296 614 intenda-

726 664 872 714 mus,
902 664 1297 721 operemurque
1333 652 1752 717 studiosissime,
1788 651 1918 706 dum
1962 662 2174 720 tempus
2198 667 2296 707 su-

725 747 924 805 perest.
966 737 1069 794 Det
1105 741 1272 796 nobis
1315 739 1460 797 Deus
1506 741 1822 797 meminisse
1870 741 1977 797 ista
2016 749 2073 795 et
2121 738 2299 795 facere

725 843 848 896 qnze
880 831 1210 896 audivimus,
1243 847 1312 888 ne
1339 833 1430 887 illa
1479 833 1640 889 nobis
1671 833 1806 887 ﬁant
1843 831 1898 886 in
1946 830 2210 886 ’udicium
2239 830 2294 885 in

612 905 623 932 ⁴
722 917 913 985 jndicii
944 919 1052 975 die.

1281 1033 1623 1090 DOCTRINA
1660 1032 1751 1087 IX.

1321 1147 1398 1201 De
1410 1148 1699 1202 mendacio.

799 1233 838 1288 Ι.
884 1233 1250 1299 Decrevimus,
1298 1235 1514 1300 fratres,
1546 1251 1715 1303 pauca
1746 1234 1997 1304 quasdam
2047 1233 2199 1286 vobis
2231 1231 2300 1286 de

730 1327 1014 1382 mendacio
1038 1345 1144 1381 non
1167 1327 1431 1381 inutiliter
1465 1327 1531 1380 ad
1561 1326 1873 1381 memoriam
1902 1338 2177 1378 revocare.
2208 1320 2300 1375 Vi-

723 1421 923 1473 demus
958 1421 1102 1472 enim
1141 1433 1241 1474 vos
1271 1434 1380 1472 non
1431 1417 1723 1472 admodum
1762 1415 2040 1470 studiosos
2086 1414 2152 1468 ad
2199 1413 2302 1467 lin-

731 1510 892 1580 guam
916 1511 1276 1565 cohibendam
1306 1527 1320 1564 :
1351 1525 1460 1580 quo
1488 1513 1546 1563 lit
1569 1518 1632 1562 ut
1658 1508 1815 1564 facile
1849 1508 1903 1561 in
1928 1506 2112 1561 multis
2137 1503 2303 1578 515

731 1602 1016 1658 lahamini.
1045 1603 1342 1668 Advertite,
1370 1601 1586 1667 fratres,
1620 1601 1686 1656 ad
1727 1615 1790 1655 ea
1815 1615 1936 1670 qua:
1959 1599 2113 1654 vobis
2139 1613 2301 1667 quam

689 1742 694 1748 .
731 1695 1033 1765 saepissime
1051 1695 1246 1750 solitus
1269 1709 1392 1748 sum
1432 1707 1882 1756 commemorare,
1914 1690 2309 1746 consuetudine

732 1788 945 1844 scilicet
991 1787 1349 1844 ﬁerilionum
1404 1793 1462 1841 et
1519 1786 1742 1839 malum.
1776 1782 1928 1853 Opus
1976 1782 2140 1852 igitur
2185 1796 2306 1836 esse

731 1881 905 1934 multa
958 1878 1254 1950 diligentia,
1289 1893 1358 1933 ne
1408 1893 1508 1932 nos
1537 1875 1835 1946 aliquando
1878 1872 2164 1929 mendacio
2193 1873 2304 1928 ullo

732 1972 993 2026 velemus.
1025 1966 1204 2023 Nemo
1217 1969 1360 2022 enim
1393 1969 1622 2022 mendax
1651 1966 1929 2021 adhaerere
1951 1964 2061 2019 Deo
2091 1970 2302 2033 potest:

734 2064 1080 2132 alienumque
1106 2061 1332 2116 omnino
1353 2072 1434 2116 est
1459 2076 1488 2114 a
1513 2059 1622 2114 Deo
1641 2060 2007 2113 mendacium.
2032 2056 2303 2126 Scriptum

733 2167 968 2223 namque
995 2164 1099 2219 est,
1135 2169 1167 2206 a
1184 2150 1320 2204 malo
1345 2166 1454 2205 esse
1477 2150 1828 2211 mendacium,
1851 2160 1899 2203 et
1923 2148 2049 2215 quia
2079 2146 2305 2199 mendax

731 2253 809 2298 est
839 2251 895 2298 et
918 2252 1068 2313 pater
1089 2242 1203 2312 ejus
1231 2251 1277 2296 ν.
1304 2241 1439 2295 Ecce
1483 2238 1748 2293 mendacii
1786 2246 1992 2306 patrem
2029 2234 2303 2291 diabolum

733 2346 915 2399 vocat,
963 2335 1162 2388 veritas
1199 2342 1378 2387 alitem
1437 2330 1580 2386 Deus
1627 2340 1731 2386 est.
1790 2329 1908 2400 lpse
1940 2329 2085 2383 enim
2127 2327 2300 2382 dicit:

734 2425 847 2495 Ego
889 2440 1009 2477 sum
1049 2424 1154 2488 ria,
1188 2424 1382 2477 ueritas
1405 2431 1454 2474 et
1487 2423 1598 2474 vita
1635 2430 1684 2474 ει.
1713 2417 1904 2474 Videte
1933 2435 1964 2473 a
2002 2432 2113 2490 quo
2139 2418 2305 2472 abeat-

736 2533 882 2581 Inus,
913 2517 1069 2570 cuive
1093 2515 1467 2570 adlizreamns
1494 2523 1710 2582 pr0pter
1740 2510 2104 2565 mendacium.
2136 2511 2178 2562 A
2205 2509 2304 2563 bo-

736 2624 810 2664 no
840 2608 1028 2678 utique
1064 2605 1420 2668 discedimus,
1455 2603 1600 2659 malo
1631 2612 1810 2656 autem
1846 2601 2208 2656 adhaeremus.
2246 2598 2303 2653 Si

734 2703 898 2773 igitur
939 2714 1064 2755 vere
1103 2696 1305 2753 salvari
1333 2697 1617 2766 cupimus,
1645 2707 1901 2747 curemus
1931 2692 2078 2747 omni
2123 2691 2306 2747 studio

733 2802 788 2847 et
811 2789 1089 2861 diligentia
1126 2803 1309 2843 amare
1339 2787 1645 2850 veritatem,
1665 2795 1713 2840 et
1738 2784 2013 2839 custodire
2043 2798 2143 2839 nos
2161 2784 2308 2853 ipsos

737 2882 810 2936 ab
840 2879 991 2936 omni
1029 2877 1294 2934 mendacii
1330 2877 1527 2946 specie,
1564 2877 1708 2946 quod
1742 2889 1844 2930 nos
1867 2884 2114 2945 segregat
2143 2889 2174 2929 a
2213 2889 2308 2929 ve-

736 2973 897 3028 ritate
926 2980 984 3026 et
1027 2971 1157 3026 vita.
1191 2969 1320 3024 Tria
1361 2978 1540 3024 autem
1573 2977 1701 3024 sunt
1745 2967 2013 3023 mendacii
2057 2981 2254 3038 genera
2286 2984 2301 3024 :

737 3066 972 3135 [irin-um
993 3072 1100 3129 est,
1123 3078 1248 3119 eum
1269 3063 1394 3132 quis
1430 3062 1614 3115 animo
1641 3077 1657 3114 :
1689 3061 2010 3124 secundum,
2036 3075 2162 3115 cum
2189 3075 2310 3114 ver-

2401 577 2583 630 χωμεν
2613 555 2706 612 οὖν
2742 561 2971 623 έαυτοῐς,
3009 559 3251 628 ἀδελφοὶ,
3293 560 3386 612 καὶ
3424 555 3806 628 ἐργασώμεθα
3850 558 3992 624 μετὰ

2401 649 2658 718 σπουδῆς,
2691 649 2767 714 ὡς
2795 649 2878 702 ἔτι
2903 649 3098 719 ἔχομεν
3138 650 3348 721 καιρόν.
3388 650 3447 703 '0
3473 650 3606 710 Θεὸς
3643 647 3822 699 δώσει
3855 645 3991 712 ἡμῖν

2402 741 2757 812 μνημονεύειν
2794 743 2890 795 καὶ
2915 739 3201 810 φυλάττειν
3245 741 3284 796 ἃ
3311 740 3604 811 ἀκούομεν.
3640 739 3740 792 ῐνα
3774 737 3861 806 μὴ
3911 735 3990 796 εἰς

2400 836 2573 904 κρίμα
2607 833 2767 903 ἡμῶν
2794 833 3056 901 γένωνται
3092 836 3152 886 ὲν
3173 833 3356 904 ἡμέρᾳ
3379 831 3626 903 κρίσεως.

2931 1033 3340 1087 ΔΙΔΑΣΚΑΔΙΔ
3363 1032 3441 1087 Θ’.

2960 1149 3095 1216 Περὶ
3123 1145 3409 1215 ψεύδους.

2471 1241 2551 1292 A'.
2581 1237 2732 1291 Θέλω
2761 1239 2902 1308 ὑμᾶς
2927 1237 3258 1307 ὑπομνῆσαι.
3289 1236 3527 1304 ἀδελφοὶ,
3551 1235 3685 1306 περὶ
3708 1232 3812 1286 τοῦ
3844 1230 3988 1298 ψεύ-

2401 1325 2525 1389 δους
2557 1325 2736 1392 ὀλίγα.
2786 1325 2978 1378 Βλέπω
3016 1325 3123 1395 γὰρ
3152 1324 3297 1394 ὑμᾶς
3331 1323 3406 1394 μὴ
3452 1323 3596 1376 πάνυ
3651 1319 3987 1382 σπουδάζον-

2402 1436 2503 1482 τας
2532 1421 2720 1489 τηρεῖν
2747 1418 2844 1488 τὴν
2870 1417 3121 1488 γλῶσσαν
3147 1416 3301 1486 ὑμῶν
3324 1456 3341 1482 ,
3380 1415 3475 1468 καὶ
3499 1417 3564 1468 ὲκ
3597 1414 3800 1468 τούτου
3833 1415 3987 1480 εὐχε-

2407 1511 2511 1580 ρῶ,
2543 1513 2623 1575 είς
2647 1510 2816 1564 πολλὰ
2841 1509 3280 1581 κατασυρόμεθα.
3311 1508 3567 1568 Βλέπετε.
3593 1507 3825 1575 ἀδελφοί
3865 1523 3984 1573 μου.

2403 1602 2486 1655 ὃτι
2514 1604 2594 1666 είς
2622 1604 2731 1656 πᾶν
2757 1604 2990 1674 πρᾶγμα
3013 1640 3027 1664 ,
3053 1600 3234 1664 καθὼς
3263 1601 3349 1655 ἀεὶ
3371 1600 3516 1668 λέγω
3538 1600 3696 1667 ὑμῖν.
3723 1595 3989 1660 συνήθειά

2404 1693 2544 1756 εστι,
2570 1694 2667 1748 καὶ
2692 1694 2773 1756 είς
2797 1691 2862 1744 τδ
2890 1692 3072 1766 καλὸν.
3102 1695 3195 1746 καὶ
3215 1692 3296 1755 είς
3326 1691 3388 1744 τὸ
3425 1691 3619 1745 κακόν.
3670 1689 3858 1758 Χρεία
3899 1682 3988 1739 οὗν

2333 1818 2378 1874 Β
2405 1785 2608 1854 πολλῆς
2633 1785 2864 1856 νήψεως,
2885 1784 2974 1838 ἶνα
2999 1785 3075 1855 μὴ
3101 1782 3462 1853 κλεπτὼμεθα
3479 1782 3586 1834 ὑπὸ
3605 1779 3705 1832 τοῦ
3732 1778 3986 1847 ψεύδους.

2404 1877 2594 1939 Οὐδεὶς
2639 1875 2749 1946 γὰρ
2772 1874 3102 1945 ψευδόμενος
3141 1875 3345 1945 ἥνωται
3381 1871 3458 1942 τῷ
3487 1871 3609 1941 Θεῷ
3642 1886 3658 1900 ·
3706 1869 3989 1940 ἀλλότριόν

2402 1969 2520 2021 ἔστι
2560 1965 2654 2020 τοῦ
2696 1963 2833 2020 Θεοῦ
2867 1966 2928 2019 τὸ
2971 1963 3184 2034 ψεῦδος.
3230 1965 3541 2035 Γέγραπται
3588 1963 3704 2032 γὰρ
3729 2001 3747 2022 ,
3789 1961 3875 2014 ὅτι
3923 1961 3989 2012 Td

2403 2059 2632 2128 ψεῦδος
2661 2056 2769 2112 τοῦ
2798 2057 3066 2126 πονηροῦ
3089 2057 3238 2110 ἐστι’
3256 2057 3349 2108 καὶ
3370 2054 3552 2117 πάλιν,
3582 2054 3666 2106 ὅτι
3701 2055 3992 2116 Vaich

2403 2152 2538 2205 ἐστι
2577 2149 2679 2204 καί
2706 2152 2740 2204 ὁ
2785 2147 2983 2214 πατὴρ
3015 2145 3222 2201 αὐτοῦ.
3273 2145 3404 2200 Ἰδοὺ
3438 2144 3652 2215 πατέρα
3699 2142 3860 2210 λέγει
3899 2141 3991 2194 τοῦ

2402 2242 2630 2313 ψεύδους
2666 2241 2758 2294 τὸν
2803 2239 3047 2294 διάϐολον
3081 2254 3097 2270 ο
3145 2239 3180 2310 ὴ
3217 2236 3275 2289 δὲ
3302 2234 3531 2307 ἀλήθειά
3570 2239 3726 2288 ὲστιν
3756 2236 3788 2287 ὁ
3834 2233 3969 2294 θεός

2402 2335 2576 2397 Αὐτὸς
2602 2333 2711 2404 γὰρ
2730 2333 2880 2401 λέγει
2908 2350 2922 2363 ·
2939 2330 3082 2402 Ἐγώ
3106 2333 3225 2400 ειμι
3251 2330 3290 2398 ἠ
3315 2328 3474 2394 ὁδὸς,
3502 2329 3597 2381 καὶ
3626 2328 3666 2394 ἠ
3697 2327 3958 2394 ἀλήθεια
3975 2367 3992 2390 ,

2405 2427 2502 2481 καί
2537 2428 2577 2494 ἠ
2611 2425 2744 2494 ζωή.
2789 2423 3026 2478 Βλέπετε
3055 2422 3221 2476 πόθεν
3254 2421 3557 2492 χωρίζομεν
3587 2420 3848 2483 ἑαυτοὺς,
3905 2419 3997 2470 καὶ

2405 2508 2511 2573 τίνι
2549 2519 2735 2590 τρόπῳ
2779 2513 3236 2586 προσκολλώμεθα
3273 2513 3363 2566 διὰ
3394 2511 3489 2564 τοῦ
3526 2511 3765 2580 ψεύδους
3794 2554 3810 2575 ,
3839 2509 3996 2577 δῆλον

2405 2611 2486 2664 ὅτι
2533 2609 2614 2680 τῷ
2654 2608 2896 2680 πονηρῷ.
2935 2608 3000 2661 Et
3038 2602 3132 2661 οὖν
3171 2605 3416 2674 θέλωμεν
3437 2603 3517 2675 τῷ
3555 2604 3672 2656 ὄντι
3715 2604 3994 2674 σωθῆναι,

2404 2701 2693 2772 ὀφείλομεν
2731 2702 2882 2773 πάσῃ
2923 2699 3130 2770 σπουδῇ
3171 2698 3391 2768 ἀγαπᾷν
3417 2697 3517 2767 τὴν
3557 2697 3853 2764 ἀλήθειαν,
3909 2699 4000 2747 καὶ

2406 2796 2698 2865 φυλάττειν
2730 2791 2956 2856 ἑαυτοὺς
2981 2791 3090 2846 ἀπὸ
3123 2790 3324 2853 παντὸς
3350 2787 3575 2858 ψεύδους
3596 2830 3612 2853 ,
3657 2789 3753 2841 ἵνα
3789 2789 3871 2857 μὴ
3897 2806 4002 2857 γω-

2410 2889 2537 2960 ρίσῃ
2568 2888 2715 2957 ἡμᾶς
2747 2885 2856 2938 ἀπὸ
2882 2884 2984 2953 τῆς
3020 2882 3275 2951 ἀληθείας
3306 2882 3400 2935 καὶ
3434 2881 3532 2950 τῆς
3561 2881 3736 2948 ζῶης.
3778 2880 3909 2934 εἰσὶ
3948 2880 4003 2934 δὲ

2407 2983 2560 3051 τρεῖς
2587 2976 2843 3048 διαφοραὶ
2869 2975 3218 3046 τοῦψεύδους
3257 2991 3272 3004 ο
3305 2974 3420 3026 ἐστι
3457 2973 3566 3043 γὰρ
3593 2975 3623 3026 ὁ
3661 2972 4007 3042 ψευδόμενος

2411 3069 2554 3122 κατὰ
2574 3057 2834 3121 διάνοιανο
2861 3067 2955 3120 καὶ
2983 3065 3128 3118 ἐστιν
3147 3067 3176 3118 ὁ
3201 3067 3260 3117 ὲν
3287 3064 3430 3134 λόγῳ
3450 3062 3816 3133 ψευδόμενος.
3851 3065 4008 3116 Ἐστι

738 3156 810 3210 bo
849 3155 1108 3210 mentitur
1153 3172 1168 3209 :
1205 3153 1445 3218 tertium,
1489 3167 1611 3207 cum
1655 3149 1710 3204 in
1767 3151 1932 3205 vitam
1981 3165 2135 3206 suam
2185 3150 2310 3220 quis

2413 3160 2508 3214 καὶ
2539 3161 2568 3213 6
2597 3160 2678 3221 είς
2700 3157 2862 3211 αὑτὸν
2889 3157 2981 3209 τὸν
3013 3155 3128 3227 βίον
3160 3155 3324 3210 αὐτοῦ
3356 3154 3713 3225 ψευδόμενος.
3761 3155 3826 3208 '0
3866 3156 4006 3208 κατὰ

738 3247 970 3302 mendax
1011 3255 1113 3301 est.
1143 3244 1246 3311 Qui
1299 3244 1558 3299 metuitur
1591 3244 1795 3306 animo,
1827 3243 1875 3300 is
1911 3250 1995 3298 est
2025 3241 2120 3313 qui
2154 3240 2314 3296 facile

740 3352 1102 3406 quascunque
1138 3336 1479 3406 suspiciones
1529 3335 1784 3400 admittit,
1816 3345 2000 3404 utpote
2035 3350 2160 3390 cum
2202 3334 2312 3389 fra-

743 3443 856 3486 tres
889 3429 1082 3486 viderit
1111 3428 1504 3498 colloquentes,
1533 3426 1845 3496 suspicatur
1881 3441 1948 3481 ne
1967 3426 2036 3482 de
2066 3443 2125 3481 se
2157 3426 2313 3480 oblo-

739 3532 1020 3595 quantur;
1057 3531 1113 3576 et
1141 3522 1185 3576 si
1215 3519 1546 3587 colloquium
1577 3519 1968 3584 interciderint,
1998 3519 2310 3588 suspicatur

743 3615 872 3668 item
907 3627 974 3665 ne
1002 3618 1223 3680 propter
1261 3624 1321 3664 se
1373 3607 1761 3663 interciderint.
1817 3606 1875 3662 Si
1928 3609 2051 3677 quis
2097 3623 2316 3677 quoque

742 3703 970 3757 verbum
1002 3701 1176 3756 ullum
1209 3701 1528 3771 simpliciter
1575 3699 1793 3766 dixerit,
1830 3699 2140 3770 suspicatur
2168 3702 2316 3758 illico

745 3794 876 3850 iﬂud
901 3803 1094 3850 contra
1134 3808 1194 3848 se
1221 3793 1448 3857 dictum,
1482 3803 1542 3846 ut
1574 3791 1838 3848 afﬁciatur
1862 3807 2098 3848 mcerore
2135 3810 2150 3848 :
2177 3803 2232 3848 et
2259 3796 2314 3850 in

743 3887 894 3942 anni
935 3886 1171 3959 denique
1211 3902 1270 3942 re
1305 3886 1804 3957 suspiciosissimns
1831 3897 1948 3948 est,
1996 3887 2314 3946 existimans

744 3981 934 4036 munia
955 3980 1084 4044 dici,
1116 3981 1298 4036 omnia
1343 3980 1456 4034 fleri
1496 3987 1717 4050 propter
1760 3993 1840 4035 se.
1890 3978 1940 4034 Is
1965 3980 2149 4034 animo
2173 3996 2321 4036 men-

743 4078 849 4128 dax
883 4084 985 4136 est,
1022 4083 1079 4127 et
1117 4071 1262 4126 nulla
1290 4071 1345 4125 in
1380 4086 1438 4126 re
1468 4086 1654 4126 verum
1682 4071 1835 4135 dicit,
1876 4071 2004 4140 quia
2030 4087 2096 4126 ex
2141 4074 2318 4141 suspi-

745 4166 904 4220 cione
941 4177 1284 4234 quacunque
1329 4163 1585 4233 loquitur.
1617 4161 1756 4218 llinc
1797 4163 1962 4234 igitur
1991 4167 2320 4234 proveniunt

749 4253 1093 4308 curiositates
1121 4293 1137 4318 ,
1175 4253 1561 4309 distractiones
1583 4294 1600 4319 ,
1652 4268 1966 4315 murmura,
2012 4253 2274 4310 factiones
2298 4298 2315 4322 ,

752 4347 1105 4407 turbatione-8.
1132 4346 1357 4416 judicia.
1394 4346 1664 4402 Interdum
1693 4355 1874 4401 autem
1913 4362 1980 4402 ex
2009 4349 2326 4418 suspicione

750 4439 825 4494 rei
851 4437 1115 4508 contingit
1136 4453 1320 4492 verum
1349 4437 1486 4504 dict;
1515 4453 1581 4493 ex
1613 4452 1724 4508 quo
1753 4440 1831 4502 flt,
1857 4447 1916 4492 ut
1937 4438 2032 4508 qui
2062 4440 2164 4494 hoc
2193 4455 2318 4495 vere

747 4532 965 4594 dixerit.
1004 4531 1106 4585 liae
1133 4531 1292 4585 unica
1319 4531 1609 4586 occasione
1635 4540 1895 4600 tanquam
1925 4545 1985 4585 se
2015 4530 2189 4599 ipsum
2221 4547 2314 4586 ve-

750 4627 810 4680 lit
848 4625 1076 4695 erigere,
1119 4624 1370 4680 euriosus
1398 4638 1609 4693 semper
1637 4625 1867 4679 exsistat
1889 4662 1904 4686 ,
1935 4624 2184 4694 dicatque
2219 4639 2316 4678 cu-

751 4715 991 4770 riositate
1011 4729 1111 4770 sua
1126 4703 1410 4770 servitium
1433 4729 1594 4769 suum
1619 4729 1730 4785 quo
1752 4715 2121 4777 insimulatur,
2154 4731 2316 4784 agno-

748 4822 923 4872 scere,
947 4817 1110 4877 atque
1138 4809 1212 4862 ita
1243 4807 1522 4861 emendari
1549 4817 1605 4862 et
1632 4807 1853 4879 corrigi.
1898 4809 1967 4861 At
1995 4808 2317 4878 principium

749 4897 926 4965 ipsum
954 4894 1200 4964 iniquum
1231 4902 1314 4948 est
1341 4911 1356 4959 ;
1385 4909 1415 4947 a
1445 4895 1587 4948 malo
1623 4894 1767 4948 enim
1807 4903 1911 4959 est,
1938 4902 1991 4948 et
2017 4909 2047 4946 a
2095 4895 2319 4949 menda-

712 5052 714 5055 ι
750 4987 838 5038 cio
870 4985 1135 5054 originetn
1167 4983 1335 5037 sumit
1359 5000 1372 5035 :
1401 4997 1523 5036 nam
1551 4984 1808 5053 ignorans
1836 4984 2144 5053 suspicatur
2172 4987 2319 5052 quod

753 5077 948 5131 nescit.
996 5076 1115 5142 Quo
1156 5087 1312 5143 pacto
1353 5074 1515 5144 igitur
1547 5084 1723 5144 potest
1754 5073 1915 5129 arbor
1963 5075 2103 5128 mala
2151 5075 2330 5130 bonos.

707 5161 710 5164 ’
753 5168 965 5221 fructus
993 5165 1202 5220 facere?
1248 5157 1305 5218 Si
1355 5175 1533 5218 autem
1585 5165 1781 5234 corrigi
1835 5165 2087 5227 voluerit,
2121 5174 2180 5219 ut
2198 5167 2319 5220 ait:

713 5315 721 5334 τ
751 5275 876 5312 cum
908 5259 1179 5326 acceperit
1205 5273 1236 5311 a
1272 5258 1436 5311 fratre
1451 5273 1516 5312 ex
1547 5272 1733 5311 amore
1759 5266 1816 5310 et
1835 5257 2100 5312 charitate
2131 5273 2199 5312 ne
2223 5258 2323 5310 ali-

751 5350 882 5421 quid
915 5349 1098 5416 faciat,
1143 5348 1412 5418 fueritque
1454 5349 1513 5402 in
1542 5348 1726 5416 aliquo
1754 5358 2067 5412 correctus;
2121 5363 2189 5402 ne
2224 5363 2322 5402 ex-

752 5441 1066 5504 candescat,
1090 5456 1158 5496 ne
1179 5441 1469 5504 irascatur,
1495 5439 1588 5494 sed
1621 5440 1825 5510 gratias
1852 5449 1999 5511 agat,
2032 5441 2143 5496 det.
2167 5441 2320 5496 fratri

755 5549 964 5604 pacem,
991 5535 1238 5605 corporis
1265 5533 1616 5590 inclinatione
1651 5533 1913 5589 honorem
1938 5534 2210 5600 exhibeat,
2236 5544 2320 5589 at-

755 5642 864 5699 que
887 5629 962 5683 ita
997 5628 1322 5699 corrigatur.
1357 5628 1414 5683 Si
1442 5627 1636 5682 viderit
1655 5625 1799 5683 Deus
1826 5643 1950 5685 esse
1981 5629 2132 5685 illum
2162 5629 2324 5700 hujus

836 5823 861 5866 r
894 5810 1048 5868 Joan.
1093 5827 1209 5868 vin.
1243 5809 1330 5866 εΗ.
1411 5821 1438 5862 οι
1479 5811 1637 5867 Joan.
1679 5824 1787 5872 ειν,
1822 5810 1874 5862 6.

2411 3251 2650 3305 διάνοιαν
2676 3247 3005 3319 ψευδόμενός
3034 3248 3184 3299 ἐστιν
3216 3246 3247 3297 6
3267 3246 3551 3316 δεχόμενος
3583 3245 3685 3309 τὰς
3719 3245 4005 3308 ὑπονοίας.

2425 3343 2551 3397 Ἐὰν
2567 3342 2654 3414 ίδῃ
2673 3337 2825 3404 οὗτός
2849 3357 2972 3393 τινα
2988 3337 3252 3392 λαλοῦντα
3280 3337 3420 3407 μετὰ
3437 3335 3532 3389 τοῦ
3551 3336 3798 3403 ἀδελ-..ςοὸ
3816 3337 4005 3397 αὑτοῦ.

2414 3436 2648 3494 ὑπονοεῖ.
2675 3432 2771 3485 καὶ
2808 3430 2975 3496 λέγει,
3013 3429 3096 3481 ὅτι
3123 3430 3202 3481 Δι’
3240 3427 3341 3497 ἐμὲ
3361 3425 3603 3481 λαλοῦσι.
3643 3427 3766 3481 Καὶ
3801 3429 3904 3480 ἐὰν
3930 3431 4006 3480 κὺ-

2411 3530 2555 3599 ψωσι
2590 3524 2690 3596 τὴν
2707 3524 2957 3592 ὁμιλίαν,
3005 3520 3171 3575 πάλιν
3212 3520 3430 3574 ὑπονοεῖ
3453 3519 3536 3574 ὅτι
3568 3519 3640 3573 δι’
3681 3520 3863 3574 αὑτὸν
3892 3521 4007 3573 ἐκο-

2413 3620 2542 3689 ψαν.
2579 3617 2704 3672 Ἐὰν
2737 3617 2868 3690 εἴπῃ
2893 3631 2979 3677 τις
3024 3613 3199 3684 ῥῆμα,
3231 3613 3449 3666 ὑπονοεῖ
3470 3613 3553 3664 ὅτι
3591 3611 3680 3666 διὰ
3723 3613 3792 3667 τὸ
3828 3613 4009 3680 θλίψαι

2413 3711 2575 3766 αὑτὸν
2621 3707 2768 3774 εἶπε,
2799 3708 2895 3762 καὶ
2943 3706 3133 3770 ἁπλῶς
3161 3706 3241 3770 εἱς
3282 3706 3508 3759 ἕκαστον
3551 3707 3799 3775 πρᾶγμα
3840 3707 4008 3766 οὕτως

2413 3805 2564 3874 λέγει
2596 3801 2688 3856 τὸν
2708 3801 2954 3872 πλησίον,
2981 3798 3160 3867 λέγων
3184 3814 3200 3829 ·
3225 3797 3306 3850 Δι’
3332 3796 3433 3868 ἐμὲ
3485 3797 3609 3850 τόδε
3660 3798 3923 3865 ἐποίησε,
3947 3797 4007 3848 δι’

2415 3893 2513 3963 ἐμὲ
2542 3891 2659 3944 τόδε
2687 3886 2804 3942 εἷπε
2829 3906 2845 3920 ο
2876 3887 2964 3941 διὰ
2989 3886 3108 3939 τόδε
3133 3927 3150 3952 ,
3182 3887 3302 3940 τάδε
3339 3885 3620 3955 εποίησεν.
3651 3881 3835 3950 Οὗτός
3865 3890 4009 3939 ἑστιν

2415 3987 2444 4038 ὀ
2475 3984 2619 4037 κατὰ
2646 3983 2883 4036 διάνοιαν
2910 3980 3260 4050 ψευδόμενος.
3279 3977 3442 4031 υὺδὲν
3463 3977 3573 4048 γὰρ
3603 3977 3816 4046 ἀληθὲς
3844 3978 4004 4045 λέγει,

2416 4075 2551 4130 ἀλλὰ
2580 4075 2757 4128 πάντα
2774 4072 3048 4134 ὑπονοίας.
3086 4069 3180 4122 Ἐκ
3200 4069 3390 4122 τούτου
3412 4067 3598 4120 λοιπὸν
3629 4068 4006 4138 περιέργειαι,

2417 4164 2760 4226 καταλαλιαί,
2784 4162 2846 4214 τὸ
2872 4159 3311 4231 παρακροᾶσθαι,
3333 4157 3395 4211 τδ
3424 4157 3724 4229 μάχεσθαι,
3755 4158 3822 4212 τὸ
3850 4176 4010 4212 κατα-

2417 4259 2641 4329 κρίνειν.
2675 4258 2831 4310 Ἐστι
2861 4255 2920 4309 δὲ
2943 4255 3029 4308 ὅτε
3051 4254 3268 4307 ὑπονοεί
3293 4254 3547 4324 πρᾶγμα,
3568 4253 3669 4305 καὶ
3687 4252 4010 4323 εὑρίσκεται

2417 4354 2482 4406 ἐκ
2518 4351 2612 4404 τοῦ
2641 4348 2945 4419 συμϐάντος
2985 4345 3205 4416 ἀληθὲς,
3255 4345 3348 4401 καὶ
3382 4345 3460 4408 ὡς
3494 4345 3558 4396 ὲκ
3585 4344 3818 4408 τοὺτου,
3857 4347 4007 4415 φησὶ,

2419 4450 2587 4504 θέλων
2626 4449 2789 4504 αὐτὸν
2829 4445 3224 4520 διορθώσασθαι
3248 4483 3264 4508 ,
3321 4439 3753 4513 περιεργάζεται
3806 4437 4011 4506 λογιξό-

2423 4554 2602 4608 μενος.
2633 4538 2716 4590 ὅτι
2753 4536 2879 4590 Ἐὰν
2913 4534 3032 4588 κατ’
3059 4530 3194 4604 ἐμοῦ
3226 4529 3377 4583 λαλεῖ
3417 4544 3501 4590 τις
3557 4524 3756 4596 βλέπω
3778 4565 3796 4587 .
3825 4526 3879 4578 τί
3901 4527 4010 4578 ἐστι

2416 4631 2477 4682 τὸ
2515 4628 2736 4699 σφάλμα
2780 4645 2881 4697 μου
2926 4628 2986 4677 ἐν
3023 4608 3069 4691 ᾧ
3114 4621 3343 4691 διασάλῃ
3383 4634 3450 4690 με
3472 4657 3488 4680 ,
3541 4616 3642 4670 καὶ
3683 4616 4009 4688 διορθοῦμαι

2417 4719 2672 4789 ἐμαυτόν.
2705 4717 2932 4788 Πρῶτον
2962 4725 3062 4785 μεν
3081 4709 3176 4766 οὖν
3207 4708 3342 4780 αὕτη
3375 4709 3410 4774 ἠ
3435 4705 3578 4777 ἀρχὴ
3618 4706 3684 4758 ὲκ
3722 4704 3828 4758 τοῦ
3850 4719 4008 4771 πονη-

2421 4809 2516 4881 ροῦ
2550 4811 2690 4863 ἐστι·
2740 4808 2830 4863 διὰ
2865 4809 2976 4876 γὰρ
3017 4804 3112 4859 τοῦ
3149 4801 3378 4873 ψεύδους
3421 4798 3663 4869 ἣρξατο,
3731 4799 3817 4867 μὴ
3865 4796 4007 4856 εἰδὼς

2420 4901 2714 4971 ὑπενόησεν
2740 4899 2769 4952 ὃ
2798 4899 2898 4952 οὐκ
2920 4897 3058 4968 ᾔδει.
3082 4892 3202 4956 [ιῶς
3223 4887 3317 4945 οὖν
3339 4888 3554 4942 δύναται
3587 4886 3823 4956 δένδρον
3863 4905 4009 4950 πονη-

2424 4993 2536 5064 ρὸν,
2561 4991 2808 5062 καρποὺς
2839 4988 3038 5050 καλοὺς
3062 4986 3267 5046 ποιεῖνς
3304 4980 3365 5033 Ei
3403 4979 3460 5031 δὲ
3495 4977 3633 5040 ὅλως
3671 4976 3831 5030 θέλει
3874 4978 4004 5042 διορ-

2423 5084 2718 5147 θώσασθαι,
2746 5083 2874 5135 ὅταν
2893 5081 3022 5150 εἴπῃ
3062 5075 3210 5146 αὐτῷ
3231 5071 3455 5140 ἀδελφός
3490 5085 3503 5098 ·
3535 5069 3630 5139 Μὴ
3660 5071 3911 5140 ποιήσῃς
3933 5069 4003 5120 τίν

2422 5177 2499 5243 δε,
2522 5176 2556 5246 ἢ
2588 5174 2686 5228 Διὰ
2710 5173 2764 5227 τί
2786 5171 2903 5225 τόδε
2927 5168 3188 5239 ἐποίησας
3210 5183 3226 5230 ;
3259 5163 3334 5235 μὴ
3354 5159 3625 5232 ταραχθῇ.
3650 5159 3803 5212 ἀλλὰ
3835 5159 4003 5229 βάλλει

2430 5267 2740 5339 μετάνοιαν,
2763 5264 2858 5319 καὶ
2879 5260 3263 5333 εὐχαριστήσει
3288 5253 3456 5324 αὐτῷ,
3474 5253 3595 5306 τότε
3615 5252 4004 5322 διορθὼσητσι.

2429 5361 2539 5413 Καὶ
2569 5358 2664 5412 ἐὰν
2699 5357 2785 5430 ἴδῃ
2809 5357 2839 5410 ὀ
2866 5355 2998 5418 θεὸς
3038 5355 3121 5407 ὅτι
3151 5349 3374 5418 τοιαύτη
3413 5347 3558 5400 ἐστὶν
3608 5347 3644 5415 ἡ
3682 5345 4007 5416 προαίρεσις

2429 5450 2614 5514 αὐτοῦ,
2635 5450 2886 5504 οὐδέποτε
2917 5448 3029 5518 ἀφῇ
3058 5443 3220 5498 αὐτὸν
3247 5439 3599 5509 πλανηθῆναι·
3619 5435 3768 5489 ἀλλὰ
3807 5436 4009 5505 πέμπει

2430 5545 2647 5605 πάντως
2691 5541 2784 5594 τὸν
2832 5538 3115 5608 ὀφείλοντα
3156 5534 3316 5588 αὐτὸν
3359 5527 3770 5602 διορθώσασθαι
3839 5529 3916 5580 τὸ

2431 5633 2625 5692 εἰπεῖν,
2641 5630 2723 5685 ὅτι
2745 5627 2844 5683 Διὰ
2864 5627 2926 5680 τὺ
2941 5623 3320 5689 διορθωθίναι,
3343 5617 3582 5673 πιστεύω
3595 5617 3721 5680 ταῖς
3736 5613 4010 5672 ὑπονοίαις
