4118 6542
182 552 313 620 1717

1525 544 1908 606 DOCTRINA
1964 546 2068 606 IX.

3282 544 3418 613 1718

181 686 281 740 μου
309 682 325 699 ⁸
374 664 470 719 καὶ
524 663 709 717 λοιπὸν
773 659 1182 733 παρακοὺεσθαι
1236 660 1329 715 καὶ
1390 657 1745 729 περιεργάζει

1856 655 2044 722 animi,
2077 671 2348 728 nunquam
2380 655 2491 712 falli
2514 667 2609 713 aut
2634 658 2808 729 decipi
2839 660 3014 731 ipsum
3049 660 3417 731 patietur,sed

179 755 320 815 σθαι.
361 752 635 823 δικαίωμά
678 754 795 805 ὲστι
835 750 930 805 τοῦ
966 749 1213 805 διαϐόλου
1244 748 1488 810 θέλοντος
1516 745 1738 799 ἐπιδου-

176 847 233 900 λε
242 848 368 901 ὑειν.
993 859 998 864 ’

1846 762 2063 818 semper
2106 748 2256 803 illum
2302 750 2393 818 qui
2428 766 2553 805 eum
2603 750 2860 823 corrigat,
2888 752 3198 809 destinabit.
3232 752 3418 808 Dicere

1847 847 2050 906 autem,
2084 839 2156 895 Ut
2177 857 2263 895 me
2293 842 2472 910 ipsum
2503 842 2771 914 corrigam
2790 882 2805 907 ,
2837 843 3053 899 credam
3084 846 3415 916 suspicioni-

179 943 300 995 bus.
334 948 500 1009 atque
528 938 783 1007 deinceps
809 950 995 1008 parere
1047 933 1310 990 recusabo
1399 945 1602 1002 croque
1661 924 1909 986 curiosus
1934 949 1947 962 ·
1982 930 2206 1000 iustitiae
2246 934 2446 990 diaboli
2489 943 2616 989 sunt
2676 936 2876 1006 quibus
2926 937 3271 1007 supplantare
3317 954 3418 997 nos

177 1033 393 1105 querit.

251 1123 321 1177 B'.
356 1123 491 1177 Ποτὲ
519 1122 671 1186 ὄντος
699 1140 799 1194 μου
822 1122 880 1174 ὲν
923 1120 1001 1192 τῷ
1052 1119 1324 1189 κοινοὸίῳ,
1367 1113 1743 1190 έπειραξὸμην

179 1217 267 1269 ἵνα
299 1217 363 1268 ἐκ
393 1215 493 1285 τῆς
527 1215 795 1286 κινήσεως
849 1210 945 1266 τοῦ
997 1209 1285 1282 ἀνθρώπου
1336 1206 1744 1278 καταλαμϐάνω

176 1306 277 1377 τὴν
317 1306 651 1360 κατάστασιν
715 1301 903 1357 αὑτοῦ.
946 1302 1189 1373 Ἀπαντᾷ
1237 1317 1328 1371 μοι
1390 1294 1483 1352 οὗν
1534 1296 1743 1351 τοιοῦτο

180 1399 443 1467 πρᾶγμα*
487 1396 634 1462 ἅπαξ
665 1395 742 1459 ὡς
799 1394 1049 1464 ἵσταμαι,
1108 1391 1447 1464 παρέρχεται
1479 1390 1579 1461 μία
1605 1386 1743 1460 γυνη

181 1487 523 1557 βαστάζουσα
556 1485 744 1556 ὑδρίαν
787 1483 994 1547 ὓδατος,
1033 1482 1129 1537 καὶ
1145 1482 1246 1535 οὐκ
1271 1477 1403 1535 οῐδαι
1419 1479 1537 1544 πῶς
1567 1480 1744 1549 ἡρπά-

182 1579 336 1649 σθην,
369 1580 465 1632 καί
495 1577 793 1647 προσέσχον
818 1576 930 1637 τοῖς
959 1573 1255 1643 ὀφθαλμοῖς
1275 1573 1464 1643 αὐτῆς·
1487 1573 1584 1626 καὶ
1608 1572 1744 1625 ὑπο-

180 1671 368 1724 ϐάλλει
388 1686 477 1740 μοι
510 1671 539 1722 6
562 1667 818 1737 λογισμὸς
852 1664 1075 1728 εὐθέως,
1106 1665 1188 1718 ὅτι
1240 1664 1413 1736 πόρνη
1442 1661 1611 1715 ἐστίν.
1655 1662 1744 1725 Ὠς

179 1758 277 1816 οὖν
323 1760 560 1815 ὑπέϐαλε
614 1758 774 1812 τοῦτο
810 1760 839 1812 6
887 1757 1164 1828 λογισμὸς,
1201 1755 1421 1826 ἐθλίϐην
1457 1755 1619 1817 πάνυ,
1649 1753 1745 1808 καὶ

179 1852 421 1923 δηλῶτῷ
438 1852 653 1922 γέροντι
684 1850 762 1922 τῷ
791 1848 938 1903 ά66ᾶ
964 1848 1207 1921 Ἰωάννη,
1235 1842 1429 1908 οὕτως·
1476 1846 1741 1908 Δέσποτα,

180 1941 282 1996 ἐὰν
313 1941 389 2011 μὴ
419 1938 587 1992 θέλων
618 1937 713 1991 ἴδω
739 1935 947 2009 κίνημά
973 1953 1140 1999 τινος,
1167 1935 1262 1988 καὶ
1282 1932 1573 1987 ὑποϐάλλει
1606 1948 1696 2003 μοι
1716 1932 1746 1984 6

1906 1111 1970 1169 ll.
1999 1112 2137 1169 Dum
2185 1130 2361 1172 essem
2405 1116 2461 1170 in
2502 1116 2774 1178 coenobio,
2818 1117 3048 1172 fallebar
3096 1131 3417 1186 p.erumque

1842 1220 1872 1258 a
1899 1220 1985 1258 me
2014 1205 2150 1274 ipso,
2206 1206 2432 1262 credens
2464 1215 2614 1261 certo
2654 1221 2721 1260 ex
2758 1216 2905 1261 motu
2927 1206 3196 1261 exteriore
3238 1205 3415 1259 homi-

1843 1295 1929 1349 nis
1988 1309 2146 1364 posse
2178 1305 2378 1350 statum
2420 1296 2620 1351 mentis
2661 1296 3014 1365 deprehendi.
3085 1294 3181 1350 Die
3234 1304 3412 1350 autem

1843 1387 2078 1457 quadam
2109 1387 2237 1443 dum
2271 1388 2405 1442 inea
2426 1403 2603 1443 essem
2627 1386 2976 1442 ﬂuctuatione
3002 1399 3056 1441 et
3087 1388 3417 1457 cogitatione

1844 1480 2034 1542 animi,
2079 1480 2315 1537 occurrit
2366 1481 2499 1536 mihi
2544 1482 2757 1546 mulier,
2804 1495 2961 1551 aqum
3003 1480 3245 1551 hydriam
3284 1496 3415 1551 por-

1847 1580 1991 1633 tans,
2027 1571 2082 1626 in
2123 1586 2287 1641 quam
2335 1572 2520 1625 nescio
2559 1588 2668 1641 quo
2700 1581 2863 1641 pacto
2901 1580 3187 1641 correptus
3226 1571 3415 1626 oculos

1841 1662 1970 1732 jeci,
2023 1664 2321 1732 statimque
2358 1662 2667 1732 suspicatus
2718 1678 2838 1717 sum
2865 1673 3107 1717 scortum
3140 1677 3283 1717 esse.
3347 1660 3418 1716 Ut

1845 1760 2024 1806 autem
2075 1751 2178 1807 hoc
2224 1750 2353 1805 mihi
2411 1753 2723 1823 scrupulum
2770 1752 2951 1821 injecit
2990 1753 3244 1823 cogitatio
3278 1769 3416 1817 mea,

1845 1842 2122 1915 afﬂigebar
2148 1843 2461 1908 admodum,
2496 1861 2563 1899 eo
2593 1845 2911 1914 usquedum
2935 1845 2986 1901 id
3017 1848 3195 1902 abbati
3221 1844 3413 1903 Joauui

1846 1934 2099 2001 revelavi,
2122 1934 2343 2004 dixique
2374 1956 2387 1991 :
2414 1934 2654 1991 Obsecro
2681 1946 2753 2000 te,
2778 1936 2851 1991 mi
2889 1948 3056 2007 pater,
3086 1940 3271 1995 nescio
3307 1957 3418 2010 quo

181 2032 444 2102 λογισμὸς
467 2032 566 2103 τὴν
583 2031 911 2085 κατάστασιν
931 2028 1118 2093 αὑτοῦ,
1140 2027 1194 2081 τί
1227 2025 1457 2096 ὤφειλον
1487 2025 1744 2094 ποιῆσαι;

1856 2037 2003 2099 pacto
2031 2027 2224 2083 nolens
2271 2044 2337 2083 ex
2367 2038 2514 2082 motu
2552 2029 2798 2099 corporis
2829 2029 3017 2097 judico
3047 2038 3249 2086 statum
3280 2033 3415 2087 intr-

185 2126 299 2179 Καὶ
337 2124 488 2194 δηλοί
519 2141 609 2194 μοι
664 2124 757 2176 καὶ
808 2123 836 2175 6
870 2120 1049 2193 γέρων
1092 2118 1287 2183 οὑτως.
1328 2117 1394 2171 Τί
1449 2112 1579 2182 οὖν;
1636 2117 1748 2169 Οὐκ

183 2218 335 2270 ἐστιν
362 2217 450 2270 ὅτε
487 2215 576 2268 ἀεὶ
619 2213 731 2284 ἔχει
777 2230 857 2277 τις
911 2211 1140 2280 φυσικὸν
1192 2209 1511 2280 ἐλάττωμα,
1559 2208 1655 2261 καὶ
1681 2206 1748 2260 δι’

182 2306 395 2375 ἀγῶνος
423 2307 661 2377 κατορθῇ
692 2304 854 2365 αὐτὸς
880 2304 980 2356 οὐκ
1024 2301 1171 2354 ἐστιν
1220 2301 1284 2353 ὲκ
1335 2299 1526 2353 τούτου
1559 2297 1752 2367 μαθεῖν

184 2398 519 2453 κατάστασίν
568 2413 734 2460 τινος.
777 2395 1065 2464 Μηδέποτε
1113 2387 1206 2447 οὖν
1261 2392 1560 2464 πιστεύσῃς
1630 2390 1750 2451 ταῖς

186 2482 469 2546 ὑπονοίαις
523 2500 652 2536 σου*
709 2481 954 2553 σκαμδὸς
1003 2482 1112 2552 γὰρ
1159 2480 1357 2545 κανὼν,
1396 2480 1491 2533 καὶ⁵
1518 2480 1587 2533 τά
1617 2477 1753 2549 ὀρθὰ

189 2576 418 2647 σκαμᾱλ
442 2578 605 2629 ποιεῖ.
646 2575 878 2639 Ψευδεῖς
901 2580 1038 2629 εἰσιν
1100 2575 1158 2627 αἰ
1185 2573 1429 2627 ὑπόνοιαι
1479 2570 1574 2625 καὶ
1623 2570 1753 2640 βλά-

188 2686 444 2724 πτουσιν.
486 2670 580 2725 Ἐκ
609 2669 732 2723 τότε
757 2665 881 2722 εἶπέ
909 2665 1305 2740 μοιὸλογισμὸς
1324 2665 1454 2737 περί
1480 2663 1572 2718 τοῦ
1599 2662 1753 2734 ἡλίου

187 2763 277 2816 δτι
306 2762 454 2834 ἥλιός
489 2763 658 2828 ἐστιν,
683 2762 718 2833 ἢ
758 2760 888 2832 περὶ
920 2759 1015 2815 τοῦ
1052 2758 1276 2821 σκότους
1315 2757 1400 2812 ὅτι
1441 2755 1632 2819 σκότος
1665 2757 1757 2808 eo-

188 2858 301 2920 τὶν,
319 2856 419 2910 οὑκ
440 2855 724 2910 ἐπίστευον
755 2852 923 2925 αὐτῷ.
960 2852 1132 2907 Οὐδὲν
1159 2848 1457 2922 βαρύτερον
1484 2848 1593 2902 τῶν
1619 2849 1755 2902 ὑποο

188 2947 353 3003 νοιῶν
377 2964 393 2979 ⁶
415 2948 667 3003 τοσοῦτόν
687 2949 826 3002 εἰσιν
846 2945 1161 3006 ἐπιϐλαδείς
1180 2960 1196 2976 ο
1227 2945 1310 2998 ὃτι
1326 2942 1674 3013 χρονίζουσαι
1698 2942 1758 2994 ὲν

189 3043 328 3111 ἡμῖν
358 3042 613 3111 ἄρχονται
642 3040 850 3095 πείθειν
878 3040 1026 3109 ἡμᾶς
1049 3038 1143 3091 καὶ
1159 3035 1398 3106 ἐνεργῶς
1429 3036 1609 3088 δοκεῖν
1632 3033 1758 3104 βλέ-

189 3149 322 3185 πειν
348 3134 646 3205 πράγματα
672 3133 807 3203 μήτε
833 3130 980 3197 ὄντα,
1011 3132 1147 3201 μήτε
1168 3128 1446 3199 γινόμενα.
1470 3126 1582 3181 Καὶ
1611 3125 1760 3194 λέγω

190 3225 328 3295 ὑμῖν
355 3227 586 3296 πρᾶγμα
612 3224 926 3295 θαυμαστὸν
956 3223 1085 3293 περὶ
1105 3220 1296 3275 τούτου
1329 3220 1410 3273 ὅτι
1443 3217 1555 3287 ἐγὼ
1614 3235 1759 3289 παρ-

189 3314 545 3384 ηκολούθησα
590 3313 672 3367 ἔτι
722 3312 798 3367 ὢν
828 3315 886 3367 ὲν
915 3312 995 3383 τῷ
1030 3310 1301 3382 κοινοὸίῳ.
1347 3309 1598 3379 ’Δδελφόν
1638 3326 1759 3363 τινα

189 3373 415 3477 ε’ἴχομεν
442 3373 557 3459 ἐκεῖ
579 3407 722 3461 πάνυ
761 3373 1086 3476 ὀχλούμενον
1111 3403 1217 3457 ὑπὸ
1251 3373 1355 3457 ’τοῦ
1389 3373 1595 3465 πάθους
1631 3400 1758 3455 τού·
1782 3373 1827 3434 c

189 3512 316 3558 ¹εου,
348 3495 443 3549 καὶ
475 3490 627 3557 οὗτος
676 3494 924 3548 ἐπείθετο
981 3494 1100 3557 ταῖς
1159 3491 1318 3555 ἰδίαις
1354 3490 1651 3554 ὑπονοίαις,
1681 3490 1759 3554 ὼς

190 3586 661 3657 πληροφορείσθω
687 3585 849 3640 αὑτὸν
880 3585 1010 3656 περί
1032 3585 1270 3655 ἑκάστης
1300 3583 1553 3647 ὑπονοίας
1569 3582 1758 3649 αὑτοῦ,

186 3679 279 3732 ὃτι
298 3677 467 3741 οὕτως
498 3677 617 3731 ἐστὶ
646 3677 882 3743 πάντως,
911 3677 987 3739 ὡς
1009 3676 1354 3746 ὑπογράφειό
1375 3674 1631 3744 λογισμὸς
1658 3674 1759 3728 αὑ-

188 3768 316 3831 τοῦ.
348 3769 440 3822 καὶ
462 3770 563 3822 οὑκ
590 3768 860 3839 ἐνδέχεται
908 3768 1082 3832 άλλως
1110 3783 1124 3796 ·
1165 3766 1244 3837 τῷ
1274 3762 1369 3819 οὖν
1399 3765 1573 3837 χρόνῳ
1622 3782 1760 3838 προ-

192 3861 489 3923 κόπτοντος
514 3859 617 3915 τοῦ.
634 3860 826 3925 κακοῦ,
850 3860 1023 3924 οὕτως
1048 3859 1208 3914 αὑτὸν
1238 3859 1463 3913 ιπεισαν
1487 3859 1536 3911 οἰ
1566 3858 1761 3929 δαίμο-

189 3971 293 4017 νες
319 3953 645 4014 πλανᾶσθαι.
681 3954 822 4008 ὥστε
878 3952 1143 4007 εἰσελθεῖν
1192 3952 1354 4005 αὑτὸν
1380 3950 1528 4015 ἅπαξ
1557 3953 1637 4014 εἰς
1667 3951 1761 4003 τὸν

190 4046 377 4117 κῆπον
439 4045 918 4100 κατασκοποῦντα.
970 4047 1081 4099 Καὶ
1134 4044 1243 4114 γάρ
1274 4046 1636 4115 παρετηρεϊτο
1662 4043 1762 4096 καὶ

190 4139 590 4209 παρηκροᾶτο·
623 4137 718 4190 καὶ
756 4136 901 4202 εδοξε
931 4136 1149 4207 βλέπειν
1199 4136 1320 4190 τινὰ
1354 4136 1464 4188 τῶν
1518 4135 1761 4203 ἀδελφῶν

188 4229 499 4284 κλέπτοντα
555 4229 696 4282 σῦκα
746 4229 839 4282 καὶ
869 4228 1168 4298 τρώγοντα.
1192 4223 1302 4279 Ἦν
1344 4226 1402 4279 δὲ
1428 4226 1523 4279 καὶ
1578 4228 1763 4295 Παρα-

190 4321 393 4389 σκευὴ,
424 4320 519 4373 καὶ
539 4317 720 4390 ἀκμὴν
746 4317 865 4372 οὑδὲ
891 4317 1010 4388 ὥρα
1058 4315 1306 4387 δευτέρα.
1350 4315 1440 4378 Ὦς
1467 4311 1562 4369 οὖν
1608 4315 1763 4369 ἒπει-

192 4428 299 4465 σεν
340 4411 519 4472 αὑτὸν,
560 4410 638 4473 ὡς
691 4411 776 4464 ὃτι
830 4408 1012 4472 ἰδικῶς
1056 4407 1195 4479 μετὰ
1247 4406 1506 4479 ἀληθείας
1549 4401 1658 4460 εἶδε
1698 4406 1762 4460 τὸ

189 4503 456 4574 πρᾶγμα,
497 4502 729 4573 κρύπτει
752 4500 961 4565 ἑαυτὸν,
994 4500 1179 4571 φησιν,
1208 4500 1303 4552 καὶ
1322 4499 1604 4570 ἐξέρχεται
1634 4516 1763 4553 σιω-

189 4592 342 4659 πῶν,
379 4593 475 4646 καὶ
498 4594 806 4664 παρατηρεῖ
854 4591 1015 4645 πάλιν
1060 4592 1142 4654 εἰς
1173 4590 1273 4660 τὴν
1297 4588 1444 4660 ὤραν
1504 4590 1605 4659 τῆς
1636 4605 1763 4642 συνο

187 4684 380 4748 diem;
412 4684 538 4737 ἰδεῖν
562 4683 616 4736 τί
648 4684 843 4736 ποιεῖὸ
863 4681 1089 4751 ἀδελφὸς
1137 4683 1218 4745 εἰς
1265 4683 1363 4752 τὴν
1397 4679 1699 4745 κοινωνίαν,
1736 4682 1765 4734 6

189 4777 364 4848 δῆθεν
391 4776 594 4846 κλέψας
625 4776 695 4829 τὰ
714 4776 854 4829 σῦκα
882 4776 977 4828 καὶ
1004 4772 1214 4844 φαγών.
1246 4776 1353 4828 Καὶ
1380 4774 1456 4837 ὡς
1487 4769 1627 4827 εἶδεν
1664 4774 1764 4827 αὑ·

187 4869 299 4922 τὸν
325 4869 578 4922 νίπτοντα
606 4868 705 4931 τάς
729 4868 938 4940 χεῖρας.
959 4866 1047 4919 ἵνα
1074 4865 1292 4936 εἰσέλθῃ
1322 4864 1417 4919 καί⁵
1440 4866 1765 4937 κοινωνήσῃ,

186 4960 389 5031 τρέχει
422 4961 515 5014 καὶ
546 4960 694 5028 λέγει
723 4957 803 5030 τῷ
830 4958 995 5027 ἀσϐᾷ,
1016 4959 1097 5011 ὃτι
1133 4956 1191 5010 '0
1214 4957 1402 5013 δεῖναὸ
1429 4956 1675 5026 ἁδελφὸς,
1692 4958 1773 5019 ἴδε,

189 5051 314 5107 ποῦ
366 5053 672 5125 εἰσέρχεται
731 5053 1056 5124 μεταλαϐεῖν
1109 5052 1208 5123 τῆς
1265 5051 1430 5121 ἁγίας
1484 5050 1768 5113 κοινωνίας

198 5145 353 5218 μετὰ
377 5146 485 5201 τῶν
509 5144 754 5215 ἀδελφῶν
778 5161 794 5178 ·
823 5144 959 5200 ἀλλὰ
981 5144 1233 5197 κέλευσον
1253 5142 1324 5215 μὴ
1353 5141 1570 5212 δοθῆναι
1595 5140 1765 5211 αὐτῷ.

213 5236 365 5307 Ἐγὼ
391 5237 501 5308 γὰρ
527 5233 647 5291 οἴδα
693 5234 856 5290 αὑτὸν
901 5235 1008 5289 άπὸ
1039 5232 1183 5303 πρωῒ
1213 5233 1513 5287 κλέπτοντα
1536 5231 1679 5286 σῦκα
1702 5233 1769 5286 ὲκ

188 5327 305 5383 ⁸τοῦ
340 5329 515 5401 κήπου
543 5330 636 5381 καὶ
662 5325 964 5398 τρώγοντα.
1002 5325 1091 5379 Ἐν
1132 5324 1373 5395 τοσούτῳ
1399 5323 1706 5395 εἰσέρχεται
1739 5324 1769 5377 6

189 5419 435 5488 ἁδελφὸς
462 5421 669 5482 ἐκεῖνος
714 5418 853 5489 μετὰ
902 5417 1103 5485 πολλῆς
1144 5416 1489 5483 κατανύξεως
1551 5417 1632 5476 εἰς
1668 5429 1770 5485 την

196 5514 375 5579 ἁγίαν
406 5511 720 5582 προσφοράν
740 5526 754 5541 ·
782 5505 849 5580 ἦν
875 5512 984 5579 γάρ
1016 5507 1107 5561 καὶ
1135 5507 1243 5561 τῶν
1274 5506 1533 5561 εὑλαὸῶν.
1552 5506 1642 5570 Ὦς
1674 5502 1770 5560 οὖν

194 5597 355 5656 εἶδεν
381 5601 545 5656 αὑτὸν
598 5603 627 5655 6
653 5601 847 5667 άὸὁᾶς,
879 5600 1035 5654 καλεῖ
1062 5598 1222 5654 αὑτὸν
1254 5599 1384 5672 πρὶν
1414 5599 1450 5671 ἢ
1480 5598 1770 5668 πλησιάζει

190 5690 291 5762 τῷ
307 5691 656 5763 πρεσϐυτέρῳ
705 5692 781 5763 τῷ
816 5691 1207 5762 μεταδιδοῦντι,
1238 5693 1334 5746 καί
1375 5691 1641 5761 λαμϐάνει
1672 5691 1772 5746 αὑ-

189 5782 304 5835 τὸν
333 5781 453 5834 κατ’
483 5781 640 5846 ἰδίαν,
670 5782 764 5837 καὶ
785 5783 934 5851 λέγει
959 5781 1126 5854 αὐτῷ’
1164 5802 1183 5836 ι
1214 5781 1351 5837 Εἰπὲ
1402 5798 1515 5853 μοι,
1551 5780 1767 5850 άδελφὲ,

196 5875 268 5929 τί
293 5875 442 5927 ἐστιν
466 5871 495 5926 ὂ
538 5874 801 5945 ἐποίησας
855 5875 1124 5947 σήμερον;
1162 5892 1182 5926 ι
1218 5874 1450 5937 Ἐκεῖνος
1496 5871 1767 5942 ἐξενίσθη,

199 5966 314 6022 καὶ
341 5964 484 6034 λέγει
529 5965 705 6037 αὑτῷ,
749 5987 765 6020 ι
823 5965 955 6034 ιιοῦ,
1004 5966 1275 6031 δέσποτα;
1311 5985 1328 6020 ι
1361 5965 1521 6035 Λέγει
1571 5965 1768 6036 αὑτῷό

1848 2120 2011 2175 rioris
2046 2120 2266 2187 mentis,
2314 2120 2643 2190 cogitatione
2688 2136 2806 2175 mea
2848 2120 2950 2176 hoc
2981 2121 3111 2176 mihi
3149 2122 3414 2189 dictante;

1848 2212 1978 2282 quid
2025 2212 2184 2283 igitur
2220 2227 2411 2266 censes
2467 2210 2810 2266 faciendum?
2872 2213 3168 2282 Respondit
3206 2216 3274 2269 ad
3304 2215 3419 2270 haec

1850 2304 2032 2359 senior
2071 2322 2083 2357 :
2128 2302 2264 2358 Cum
2312 2303 2437 2372 quis
2483 2303 2670 2356 vitium
2705 2303 2873 2357 ullum
2910 2305 3156 2358 naturale
3180 2315 3235 2359 et
3272 2307 3423 2377 inge-

1852 2396 2025 2451 nitum
2052 2395 2301 2450 habuerit
2333 2435 2347 2454 .
2384 2404 2438 2448 et
2485 2409 2581 2465 per
2622 2409 2853 2464 pugnam
2894 2393 3025 2449 illud
3058 2398 3418 2466 superaverit.

1854 2503 1960 2542 non
1993 2487 2177 2542 licebit
2204 2503 2270 2542 ex
2303 2489 2407 2541 hoc
2431 2495 2631 2540 statum
2662 2486 2834 2559 ipsius
2869 2502 3216 2556 cognoscere,
3246 2488 3425 2542 multo

1854 2578 2035 2633 minus
2067 2593 2132 2634 ex
2161 2577 2581 2648 suspicionibus,
2608 2578 2806 2647 quibus
2838 2588 2895 2631 ut
2924 2594 3197 2649 nunquam
3230 2580 3427 2635 credas

1853 2671 2141 2728 admoneo.
2201 2668 2407 2742 Regula
2450 2667 2615 2742 516
2640 2669 2800 2725 enim
2830 2669 3071 2741 obliqua,
3104 2672 3265 2725 etiam
3301 2685 3423 2740 quae

1856 2776 1997 2822 recta
2029 2765 2437 2835 suntobliquat.
2478 2762 2903 2819 Mendacissimze
2928 2750 3427 2835 attittsuspiciones,

1854 2869 1908 2915 et
1948 2857 2203 2913 omnibus
2257 2854 2579 2910 habentibus
2609 2864 2826 2911 nocent.
2878 2854 2955 2910 Ex
2985 2872 3050 2911 eo
3071 2857 3233 2925 igitur
3282 2866 3422 2912 teme

1856 2963 1986 3019 pore
2034 2947 2081 3003 si
2113 2945 2247 3001 mihi
2285 2945 2538 3015 cogitatio
2580 2960 2699 3000 mea
2754 2945 2981 3002 dixisset
3029 2948 3197 3001 solem
3252 2948 3425 3002 solent

1856 3056 1999 3105 esse,
2034 3048 2087 3095 et
2125 3038 2376 3093 tenebras
2408 3037 2681 3100 tenebras,
2707 3036 2798 3090 vix
2841 3036 3215 3092 credidissem.
3278 3033 3429 3090 Nihil

1858 3132 2075 3202 gravius
2123 3128 2548 3200 suspicionibus.
2585 3144 2706 3196 quae
2731 3127 2867 3182 adeo
2898 3128 3074 3182 noxia:
3103 3136 3250 3193 sunt,
3276 3136 3334 3182 ut
3378 3127 3429 3182 si

1861 3224 1914 3277 in
1952 3223 2107 3277 nobis
2137 3220 2414 3292 paululum
2464 3219 2755 3281 insideant,
2804 3219 3049 3274 nitantur
3083 3220 3265 3275 statim
3300 3234 3426 3289 per-

1860 3314 2091 3369 suadere
2137 3320 2198 3367 ut
2244 3311 2533 3367 credamus
2574 3325 2675 3366 nos
2708 3309 2855 3378 ipsos
2881 3310 3286 3365 evidentissime
3308 3326 3429 3365 cer-

1859 3419 1989 3459 nere
2016 3418 2079 3458 ea
2111 3404 2273 3457 etiam
2315 3416 2436 3472 quae
2476 3417 2651 3472 neque
2685 3413 2814 3457 sunt
2857 3416 3032 3472 neque
3070 3400 3312 3457 fuerunt.
3360 3400 3429 3457 Et

1857 3512 1972 3551 rem
2012 3496 2169 3551 vobis
2190 3510 2355 3564 super
2388 3496 2492 3549 hoc
2531 3494 2767 3549 narrabo
2804 3494 3125 3561 mirabilem,
3160 3494 3214 3548 in
3264 3510 3429 3564 quam

1859 3603 1959 3658 ego
1997 3586 2162 3641 incidi
2187 3587 2315 3641 dum
2338 3600 2514 3641 essem
2549 3586 2729 3640 adhuc
2762 3585 2816 3640 in
2857 3587 3129 3641 coenobio.
3182 3586 3429 3643 Fratrem

1860 3676 2151 3732 habuimus
2196 3676 2429 3732 maxime
2486 3677 2893 3747 perturbatione
2932 3678 3032 3734 hac
3076 3679 3428 3748 exagitatum,

1858 3769 1951 3839 qui
1986 3768 2389 3838 suspicionibus
2426 3769 2543 3824 suis
2589 3770 2662 3823 ita
2709 3769 2973 3835 crederet,
3018 3779 3079 3824 ut
3118 3771 3429 3840 persuaderi

1860 3862 2010 3917 nullo
2061 3860 2223 3916 modo
2262 3870 2446 3930 posset
2490 3860 2646 3915 aliter
2679 3862 2881 3916 sentire
2941 3871 3037 3917 aut
3070 3877 3194 3918 esse
3247 3878 3431 3934 posse,

1859 3969 2021 4024 quam
2067 3969 2165 4008 sua
2204 3953 2309 4008 sibi
2349 3954 2606 4024 cogitatio
2642 3955 2921 4010 dictasset.
2970 3953 3237 4026 Tempore
3267 3955 3431 4025 igitur

1861 4055 2237 4103 succrescente
2288 4046 2452 4111 malo,
2492 4046 2565 4101 ita
2616 4054 2700 4103 est
2732 4046 3042 4102 daemonum
3085 4047 3432 4103 institutione

1858 4142 2138 4212 deceptus,
2191 4150 2252 4196 ut
2312 4142 2529 4197 hortum
2582 4142 2861 4213 ingressus
2913 4141 2981 4195 ad
3013 4156 3138 4195 eum
3175 4139 3243 4195 de
3280 4156 3433 4195 more

1860 4233 2306 4300 custodiendum,
2338 4233 2522 4290 videre
2555 4234 2833 4290 videretur
2867 4232 3086 4288 fratrem
3119 4234 3433 4304 subripien-

1861 4336 1968 4382 tem
2014 4328 2149 4382 licus
2174 4336 2228 4382 et
2261 4327 2655 4382 comedentem.
2713 4326 2845 4381 Erat
2886 4335 3066 4381 autem
3103 4325 3430 4390 Parasceve,

1860 4419 2104 4490 horaque
2151 4420 2391 4473 nondum
2444 4418 2703 4474 secunda.
2762 4418 2832 4473 Ut
2870 4431 2999 4472 vero
3030 4417 3134 4472 sibi
3170 4418 3272 4487 ipsi
3311 4435 3434 4487 per-

1861 4509 2033 4566 suasit
2087 4510 2232 4581 quod
2283 4526 2393 4564 rem
2459 4525 2586 4565 vere
2638 4525 2747 4564 non
2796 4510 3135 4578 pbantastice
3187 4510 3428 4573 vidisset,

1859 4617 2109 4672 egressus
2142 4618 2265 4657 cum
2302 4601 2520 4657 silentio
2560 4602 2878 4656 observabat
2911 4600 3089 4655 denuo
3130 4602 3340 4663 horam,
3375 4612 3434 4656 ut

1796 4664 2074 4763 bvideret
2099 4691 2356 4762 quidnam
2396 4700 2581 4761 ageret
2630 4690 2799 4746 frater
2836 4691 2924 4745 ille
2956 4692 3008 4745 in
3055 4691 3300 4754 collecta,
3339 4691 3432 4762 qui

1869 4783 2030 4854 paulo
2067 4792 2197 4838 ante
2242 4782 2583 4851 subripuisse
2636 4784 2771 4837 licus
2821 4791 2875 4836 et
2930 4784 3236 4838 comedisse
3283 4784 3435 4839 visus

1866 4885 2004 4931 erat.
2075 4876 2151 4932 Ut
2182 4889 2306 4929 vero
2344 4875 2489 4931 hunc
2515 4874 2651 4929 vidit
2684 4889 2880 4929 manus
2922 4875 3189 4929 lavantem
3228 4887 3284 4928 et
3315 4889 3436 4930 Sese

1868 4967 1935 5021 ad
2013 4965 2449 5020 communionem
2526 4964 2931 5035 percipiendam
3015 4973 3431 5035 praeparautem,

1867 5056 2102 5111 accurrit
2146 5058 2212 5110 ad
2251 5055 2523 5121 abbatem,
2574 5067 2838 5126 rogatque
2865 5064 2925 5109 ut
2965 5054 3188 5109 fratrem
3217 5071 3247 5109 a
3278 5070 3434 5111 sacra

1868 5147 2251 5203 communione
2279 5148 2549 5209 cohibeat,
2604 5162 2767 5217 quem
2822 5163 2982 5202 mane
3016 5147 3151 5203 licus
3179 5162 3243 5201 ex
3276 5147 3434 5201 horto

1870 5240 2091 5294 vidisset
2131 5239 2472 5309 subripuisse
2497 5248 2551 5293 et
2569 5242 2888 5294 comedisse.
2939 5240 3150 5293 Interea
3197 5239 3433 5310 ingredi-

1869 5332 1957 5377 tur
1983 5322 2149 5380 frater
2183 5324 2270 5378 illc
2294 5323 2419 5393 pius
2441 5333 2495 5377 et
2524 5324 2847 5394 reliogiosus
2874 5338 3087 5377 summa
3113 5337 3238 5378 cum
3268 5322 3437 5377 devo-

1868 5417 2013 5470 tione
2034 5421 2090 5469 et
2110 5415 2523 5483 compunctione
2548 5414 2613 5468 ad
2644 5413 3041 5489 sanctissimam
3072 5413 3430 5467 oblationem:

1866 5515 1987 5563 erat
2018 5506 2163 5562 enim
2212 5521 2355 5560 unus
2398 5521 2465 5561 ex
2497 5508 2600 5576 ptis
2632 5514 2687 5562 et
2734 5506 2890 5561 valde
2921 5503 3210 5575 religiosis.
3260 5504 3432 5570 Quem

1869 5614 1994 5655 cum
2024 5598 2161 5653 vidit
2210 5598 2398 5661 abbas,
2454 5599 2603 5667 prius
2655 5612 2817 5667 quam
2870 5597 3185 5667 presbytero
3229 5609 3260 5649 a
3322 5609 3433 5664 quo

1867 5689 2356 5747 communicandus
2374 5697 2509 5755 erat,
2539 5689 2757 5759 propior
2786 5688 2960 5755 ﬁeret,
2986 5686 3233 5742 evocavit
3252 5685 3317 5739 ad
3348 5699 3431 5746 se.

1867 5793 1923 5839 et
1954 5792 2163 5839 secreto
2187 5783 2335 5839 illum
2384 5782 2665 5851 alloquens
2686 5780 3140 5850 percunctabatur
3169 5776 3430 5847 quidnam

1867 5890 1932 5931 eo
1952 5875 2043 5931 die
2073 5873 2308 5931 fecisset.
2369 5871 2598 5943 Expavit
2624 5872 2850 5942 simplex
2875 5871 2976 5925 hac
2997 5868 3172 5927 subita
3202 5869 3432 5922 interm-

1870 5966 2103 6041 gatione.
2130 5964 2363 6022 maxime
2396 5980 2524 6019 vero
2558 5961 2829 6018 inhorruit
2855 5960 2945 6016 ubi
2973 5975 3083 6016 rem
3116 5971 3331 6013 onmem
3360 5970 3427 6010 ex
