4118 6542
184 320 309 401 1721

1520 328 1900 390 DOCTRINA
1933 332 2032 392 IX.

3240 336 3387 401 1722

185 439 346 511 ρώσει
372 439 471 510 τὴν
498 438 792 510 ἐπιθυμίαν
835 438 1022 494 αὑτοῦ.
1075 441 1230 494 Πᾶσα
1255 440 1364 513 γὰρ
1393 441 1659 512 ἁμαρτία,
1689 442 1721 512 ἢ

1840 445 2115 513 ieraverit,
2150 464 2261 504 non
2288 450 2459 506 audet
2488 459 2671 521 aperte
2690 452 2886 519 dicere,
2916 453 3062 523 quod
3100 468 3216 508 eam
3240 454 3387 508 desi-

176 530 262 583 διά
288 530 615 601 φιληδονίαν,
637 530 670 601 ἢ
702 531 790 584 διά
810 531 1189 602 φιλαργυρίαν,
1218 532 1249 597 ἢ
1276 533 1576 601 φιλοδοξίαν
1635 533 1718 601 γί-

177 637 344 675 νεται.
376 621 607 691 Ὁμοίως
630 620 720 675 κα)
744 622 804 673 τὸ
823 621 1015 691 ψεῦδος
1046 622 1131 674 διὰ
1179 622 1383 699 τούτων
1417 625 1525 677 τῶν
1552 624 1718 693 τριῶν

175 714 404 778 γίνεται,
431 711 465 783 ἢ
489 708 576 765 διὰ
607 712 670 765 τὸ
718 712 793 783 μὴ
834 713 1146 783 μεμφθῆναι
1179 716 1273 769 καὶ
1299 717 1724 785 ταπεινωθῆναι,

174 803 426 871 ψεύδεται
455 819 557 868 τις,
597 804 629 876 ἢ
658 804 745 858 διὰ
768 807 829 859 τὸ
855 804 1047 859 ἀνύσαι
1074 805 1304 875 θέλημα,
1341 807 1376 878 ἢ
1405 807 1493 860 διὰ
1517 808 1578 860 τὸ
1595 823 1725 875 κερ..

172 894 326 947 δάναι
351 911 367 927 ο
400 895 494 947 καὶ
524 896 585 947 ού
616 896 843 950 παύεται
898 898 1141 968 στρέφων
1162 891 1285 965 ὧδε,
1312 898 1559 970 στρέφων
1590 899 1724 965 ἐκεῖ,

173 986 353 1039 πάντα
393 988 748 1059 μαγγανεύων
775 988 828 1041 τί
857 991 1035 1042 εἰπεῖν
1062 990 1166 1054 ἕως
1192 990 1380 1045 ἀνύσει
1401 991 1490 1045 τὸν
1524 992 1729 1046 σκοπὸν

173 1077 363 1141 αὐτοῦ,
413 1080 443 1132 ὁ
476 1080 715 1144 τοιοῦτος
766 1079 1022 1134 οὐδέποτε
1077 1081 1424 1136 πιστεύεταιο
1464 1082 1601 1136 άλλά
1633 1083 1730 1135 καὶ

173 1170 376 1243 ἀληθὲς
407 1173 559 1243 ῥῆμα
599 1173 695 1226 ἐὰν
745 1173 895 1245 εἴπῃ,
944 1174 1119 1239 οὐδεὶς
1167 1174 1389 1228 δύναται
1433 1173 1724 1229 πιστεῦσαι

173 1262 345 1334 αύτιῖ),
369 1262 506 1318 ἀλλὰ
529 1265 621 1318 καὶ
647 1263 711 1319 τὸ
764 1264 964 1335 ἀληθὲς
1001 1264 1187 1332 αὐτοῦ,
1236 1264 1534 1338 ἀμφίϐολον
1580 1265 1731 1335 εὑρί-

175 1369 393 1410 σκεται.
427 1356 584 1409 Ἐστι
608 1355 665 1409 δὲ
681 1356 769 1410 ὅτε
796 1357 1003 1426 γίνεται
1027 1357 1238 1427 ἀνάγκη
1265 1358 1610 1427 πράγματος,
1640 1357 1734 1411 καὶ

174 1446 276 1521 ἑᾲν
310 1447 386 1518 μὴ
407 1446 588 1519 κρύψῃ
635 1465 720 1512 τις
766 1448 990 1516 πικρὸν,
1032 1449 1248 1520 ἔρχεται
1281 1448 1344 1501 τὸ
1389 1448 1622 1519 πρᾶγμα
1652 1450 1734 1510 είς

177 1538 402 1593 πλείονα
433 1538 678 1610 ταραχὴν
711 1541 807 1594 καὶ
854 1540 1053 1611 θλίψιν.
1107 1542 1235 1595 Ὅτε
1267 1534 1362 1594 οὖν
1389 1541 1616 1610 τοιαύτη
1636 1557 1736 1595 πε-

178 1629 426 1701 ρίστασις
452 1630 697 1702 γίνηται,
724 1634 819 1686 καὶ
847 1630 933 1703 ἴδῃ
957 1649 1043 1697 τις
1058 1632 1248 1687 ἑαυτὸν
1273 1631 1733 1704 ἀναγκαζόμενον,

172 1721 266 1776 διὰ
289 1721 450 1777 τοῦτο
478 1723 703 1789 ἀλλάξαι
735 1726 906 1795 ῥῆμα,
937 1724 1025 1778 ἵνα
1057 1724 1134 1796 μὴ
1181 1725 1426 1797 γένηται,
1446 1725 1525 1788 ὡς
1556 1720 1733 1790 εἷπον,

1822 538 1975 595 deret
2000 580 2015 603 .
2046 541 2139 596 sed
2182 543 2595 602 circuitionibus
2634 548 2795 601 utitut
2831 585 2846 612 ,
2880 546 3099 601 dicens:
3149 544 3259 601 Hoc
3291 562 3385 615 pa-

1825 633 1953 697 tior,
1985 632 2084 688 hac
2121 649 2181 689 re
2206 636 2340 691 mihi
2374 652 2513 708 opus
2547 647 2652 703 est,
2689 640 2791 694 hoc
2844 639 2974 694 mihi
3036 639 3299 703 debetur;
3337 650 3391 695 et

1822 724 1984 778 toties
2004 726 2217 781 mentiri
2239 730 2434 799 pergit,
2461 730 2588 784 dum
2612 730 2941 785 desiderium
2964 746 3122 785 suum
3155 733 3390 800 expleat.

1822 814 1950 868 dum
1980 816 2089 870 voti
2121 816 2202 871 sui
2251 832 2477 888 compos
2511 820 2621 874 liat.
2685 818 2823 875 Cum
2856 830 3037 876 autem
3071 835 3232 876 omne
3265 837 3393 888 pec-

1826 917 2004 962 catum
2033 926 2098 964 ex
2128 910 2323 981 triplici
2359 912 2538 967 radice
2568 913 2868 982 proveniat,
2901 914 2981 967 vel
3004 929 3069 970 ex
3095 913 3390 981 voluptate.

1825 1003 1907 1057 vel
1941 1018 2004 1057 ex
2030 1005 2272 1068 avaritia,
2290 1004 2373 1059 vel
2404 1021 2468 1060 ex
2495 1006 2641 1061 inani
2663 1007 2833 1077 gloria
2855 1018 2909 1061 et
2935 1008 3222 1079 superbia:
3252 1008 3391 1062 idem

1827 1102 2005 1162 potest
2059 1093 2166 1149 diei
2196 1094 2261 1148 de
2288 1095 2591 1152 mendacio.
2614 1109 2621 1116 '
2643 1095 2899 1152 Mentitur
2923 1100 3068 1152 enim
3103 1099 3297 1168 aliquis
3328 1114 3396 1154 ne

1829 1185 2227 1240 accusationem
2251 1185 2486 1256 patiatur
2497 1195 2552 1243 et
2567 1188 2884 1243 humilietur
2904 1207 2920 1256 ;
2940 1190 3082 1244 alius
3110 1200 3170 1245 ut
3198 1200 3385 1244 votum

1830 1291 1989 1332 suum
2038 1276 2266 1346 expleat,
2316 1276 2454 1333 alius
2529 1287 2587 1333 ut
2644 1278 2915 1349 quidpiam
2981 1279 3254 1344 lueretur;
3302 1278 3395 1347 qui

1832 1380 2108 1436 nunquam
2137 1366 2389 1436 quiescit,
2417 1383 2561 1423 nunc
2580 1368 2647 1422 ad
2675 1369 2749 1431 id,
2769 1385 2913 1423 nunc
2943 1370 3008 1422 ad
3032 1368 3158 1423 illud
3183 1384 3397 1435 versus,

1831 1460 2012 1514 omnia
2058 1459 2423 1530 distorquens,
2459 1459 2587 1514 dum
2638 1460 2749 1514 voti
2797 1462 2879 1516 sui
2936 1460 3006 1515 sit
3052 1475 3295 1530 compos.
3347 1459 3397 1516 Is

1832 1564 2109 1619 nunquam
2138 1550 2308 1605 tldelis
2328 1557 2431 1617 est,
2467 1565 2743 1620 nunquam
2762 1565 2959 1616 verax;
2987 1558 3039 1603 et
3063 1550 3109 1604 si
3149 1550 3397 1618 quando-

1834 1656 1939 1712 que
1999 1637 2295 1712 i'ontigerit
2354 1654 2414 1698 ut
2464 1647 2685 1699 verbum
2725 1644 2896 1698 ullum
2947 1658 3132 1697 verum
3179 1640 3397 1705 dixerit,

1837 1734 1965 1791 facit
1991 1745 2049 1789 ut
2072 1735 2172 1789 sibi
2218 1751 2493 1805 nunquam
2517 1738 2791 1792 credatur.
2848 1735 2977 1805 Ejus
3009 1749 3225 1805 quoque
3254 1735 3397 1788 veri-

176 1813 383 1867 πλείων
411 1815 626 1886 ταραχὴ
652 1794 745 1868 ttat
773 1794 973 1885 θλίψις,
1004 1816 1039 1886 ἢ
1064 1794 1351 1880 κίνδυνος·
1375 1816 1564 1888 ὥσπερ
1588 1812 1739 1871 εἶπεν

1842 1836 1928 1882 tas
1967 1842 2240 1897 nunquam
2287 1794 2515 1896 simplex
2576 1837 2631 1881 et
2664 1794 2994 1897 aperta,'sed
3019 1794 3079 1882 ut
3107 1794 3399 1897 plurimum

174 1905 208 1957 ὁ
233 1904 408 1971 esse;
447 1905 699 1971 Ἀλὼνιος
738 1906 816 1977 τῷ
865 1908 1009 1980 ἀὸὄᾷ
1074 1908 1370 1977 ’Δγάθωνν
1401 1928 1421 1961 ι
1463 1908 1591 1963 Ἰδοὺ
1646 1908 1740 1969 δύο

175 1997 456 2068 ἄνθρωποι
477 1999 569 2052 ἐπὶ
594 1999 687 2054 σοῦ
712 2001 870 2070 φόνον
913 2001 1196 2072 ἐποίησαν,
1228 2001 1322 2055 καὶ
1370 2003 1400 2055 ὁ
1422 1997 1509 2064 εἷς
1536 2002 1738 2072 ἔφυγεν

174 2090 261 2150 εἰς
284 2088 345 2143 τὸ
370 2089 579 2143 κελλίον
608 2107 707 2145 ,σου
733 2107 747 2119 ·
801 2092 896 2146 καὶ
946 2092 1055 2146 ἰδοὺ
1086 2094 1116 2145 δ
1144 2092 1328 2165 ἄρχων
1357 2091 1511 2163 ζητεῖ
1535 2093 1696 2147 αὐτόν
1718 2108 1734 2123 ο

172 2181 274 2234 καὶ
306 2182 487 2254 ἐρωτᾷ
522 2199 602 2248 σε,
625 2182 818 2253 λέγων,
856 2186 980 2239 Ἐπὶ
1006 2185 1100 2240 σού
1134 2187 1292 2256 φόνος
1317 2187 1570 2256 γέγονεν;
1614 2185 1737 2239 Ἐἁν

178 2272 259 2341 μὴ
280 2274 632 2346 οἰκονομήσῃ.
654 2274 961 2346 παραδίδως
982 2277 1074 2330 τὸν
1125 2276 1409 2348 άνθρωπον
1462 2277 1543 2340 είς
1575 2275 1738 2330 θάνα-

172 2382 270 2419 τον
287 2383 303 2399 ο
329 2368 458 2421 ὅταν
480 2365 574 2424 οὖν
608 2370 818 2440 μεγάλη
847 2387 929 2434 τις
946 2371 1157 2439 ἀνάγκη
1174 2370 1378 2442 συμϐῇ,
1404 2370 1545 2424 θέλοι
1561 2370 1627 2424 άν
1652 2386 1738 2433 τις

178 2459 320 2531 μηδὲ
345 2459 518 2526 οὕτως
535 2463 935 2533 ἅμεριμνῆσαι,
951 2462 1087 2516 ἀλλὰ
1117 2464 1391 2532 μετανοεῖν
1411 2463 1507 2515 καὶ
1532 2462 1738 2517 κλαίειν

174 2551 408 2606 ἐνώπιον
434 2552 529 2605 τοῦ
548 2552 703 2616 Θεοῦ,
729 2555 825 2606 καὶ
855 2553 1000 2623 ἔχειν
1014 2553 1274 2620 τοιοῦτον,
1307 2556 1382 2619 ὼς
1406 2557 1599 2626 καιρὸν
1621 2574 1739 2610 πει-

178 2642 412 2713 ρασμοῦ,
464 2645 560 2697 καὶ
613 2644 734 2698 οὐδὲ
790 2644 948 2698 τοῦτο
994 2646 1253 2719 συνεχῶς,
1302 2648 1415 2701 ἀλλ’
1472 2646 1618 2712 ἆπαξ
1648 2646 1739 2700 διὰ

175 2734 413 2790 πολλῶν.
464 2737 677 2809 Ὠσπερ
730 2737 839 2808 γὰρ
881 2738 975 2791 ἐπὶ
1032 2739 1132 2808 τῆς
1188 2738 1458 2809 θηριακῆς
1522 2737 1735 2793 καὶτοῦ

175 2826 501 2900 καθαρσίου,
535 2829 618 2883 ὅτι
652 2832 890 2901 συνεχῶς
947 2831 1332 2903 λαμϐανόμενα
1389 2830 1735 2902 βλάπτουσιν,

176 2920 230 2975 εί
251 2921 310 2975 δὲ
326 2920 465 2996 λάθῃ
490 2939 576 2987 τις
605 2921 752 2989 ἅπαξ
770 2924 858 2979 διά
890 2925 1084 2996 χρόνου
1116 2925 1206 2979 διὰ
1252 2925 1450 2996 πολλὴν
1493 2924 1737 2994 ἀνάγκην

174 3012 477 3081 ὠφελοῦσιν
526 3015 709 3081 αὐτὸν,
759 3000 939 3080 οὕτως
1001 3017 1188 3088 ὀφείλῃ
1247 3035 1331 3081 τις
1379 3016 1615 3087 χρᾶσθαι
1660 3015 1739 3086 τῷ

175 3106 466 3216 ῖτράγματι
488 3108 681 3179 τούτῳ,
705 3110 793 3163 ἵνα
814 3109 917 3164 γᾶν
948 3111 1294 3213 διὐάνάγκην
1328 3110 1528 3182 θελήσῃ
1579 3108 1743 3162 ἀλλά·
1767 3153 1814 3216 c

176 3196 290 3264 ξαι,
316 3200 392 3269 μὴ
414 3201 672 3270 συνεχῶς
706 3202 821 3255 ἀλλ’
852 3202 959 3272 ἄρα
994 3196 1143 3257 εὸτιν
1195 3202 1343 3267 ἆπαξ
1373 3203 1458 3256 διὰ
1509 3201 1738 3262 πολλῶν,

1842 1921 2073 1975 obscura
2125 1930 2179 1973 et
2234 1920 2472 1974 involuta
2520 1922 2805 1989 reperitur.
2867 1922 3019 1973 Alius
3068 1935 3191 1973 cum
3220 1921 3321 1976 sibi
3345 1936 3402 1973 re

1840 2015 2020 2083 aliqua
2061 2032 2197 2085 opus
2238 2032 2357 2071 esse
2382 2017 2590 2078 viderit,
2624 2016 2933 2071 dissimulat
2970 2033 3283 2087 parumper,
3335 2032 3403 2072 ne

1844 2118 1930 2159 res
1956 2106 2068 2175 ipsa
2098 2109 2149 2160 in
2189 2108 2449 2177 majorem
2476 2109 2832 2164 turbationem
2852 2120 2905 2163 et
2931 2109 3268 2164 atllictionem
3299 2108 3403 2163 sibi

1840 2205 2117 2255 vertatur:
2176 2198 2269 2252 ubi
2326 2213 2456 2254 vero
2500 2201 2726 2254 omnino
2785 2201 3014 2270 cogitur,
3087 2215 3186 2255 nec
3226 2208 3405 2271 potest

1842 2283 2070 2339 ulterius
2118 2286 2437 2354 protrahere
2478 2287 2829 2353 desiderium,
2879 2299 3054 2344 mutat
3098 2290 3282 2353 verba,
3347 2296 3409 2343 ut

1842 2378 1971 2432 vitet
2004 2378 2146 2449 quod
2174 2378 2287 2433 dixi
2320 2381 2702 2447 turbationem,
2739 2381 3038 2451 periculum
3076 2392 3132 2437 et
3164 2382 3407 2438 aﬂlictio-

1842 2484 1989 2526 nem.
2030 2468 2289 2538 Quaesivit
2345 2479 2523 2528 autem
2579 2471 2745 2528 abbas
2799 2472 3026 2529 Alonius
3080 2474 3148 2527 ab
3214 2474 3409 2528 abbate

1841 2560 2122 2631 Agathone
2170 2563 2242 2616 ita
2289 2563 2476 2619 dicens
2527 2582 2540 2618 :
2586 2564 2953 2634 Conjurarunt
3004 2566 3252 2620 homines
3292 2564 3405 2619 duo

1842 2651 1897 2705 in
1924 2651 2121 2706 caedem
2149 2660 2317 2717 tuam,
2348 2662 2514 2722 atque
2548 2654 2685 2708 alter
2716 2653 2933 2709 illorum
2956 2654 3009 2708 in
3033 2653 3223 2708 cellam
3257 2662 3403 2707 tuam

1842 2741 1981 2812 fugit
2030 2762 2044 2798 :
2096 2744 2223 2799 dum
2293 2760 2416 2800 eum
2477 2746 2670 2815 qtuerit
2728 2747 2891 2815 judex
2940 2745 3036 2801 abs
3066 2753 3148 2811 te,
3190 2745 3279 2799 ubi
3338 2746 3411 2800 sit

1841 2833 2012 2905 petit:
2066 2832 2315 2907 Nunquid
2346 2836 2725 2906 hujuscemodi
2779 2839 3050 2892 hominem
3094 2838 3146 2891 in
3178 2844 3405 2892 mortem

1842 2928 2054 2991 tradas,
2083 2944 2151 2985 an
2191 2934 2352 2986 verba
2397 2930 2733 2986 commutes?
2772 2929 2982 2992 Licere,
3013 2937 3122 2993 ait,
3175 2937 3306 2996 puto
3354 2926 3408 2982 in
3450 2950 3457 2957 ο

1846 3020 1937 3076 tali
1956 3020 2183 3077 articulo
2208 3032 2264 3075 et
2290 3021 2631 3083 necessitate.
2655 3020 2818 3076 Debet
2837 3030 3013 3075 tamen
3036 3020 3128 3090 qui
3161 3020 3264 3074 hoc
3281 3016 3408 3087 egit,

1845 3128 1954 3168 non
2002 3113 2269 3183 negligere
2323 3112 2546 3177 factum,
2601 3112 2696 3169 sed
2739 3112 3110 3182 paenitentiam
3166 3126 3324 3182 agere
3358 3119 3414 3165 et

1842 3204 1969 3259 ﬂere
2000 3203 2340 3261 amarissime
2369 3204 2425 3258 in
2453 3213 2743 3274 conspectu
2772 3203 2904 3258 Dei:
2951 3212 3113 3272 atque
3144 3203 3250 3258 hoc
3274 3211 3411 3257 tem-

174 3290 277 3343 ἐὰν
308 3290 414 3362 ἴδῃ,
441 3291 518 3356 ὡς
541 3286 717 3355 εῖπον,
755 3293 959 3365 πολλὴν
975 3294 1244 3366 ἀνάγκην,
1293 3297 1390 3348 καὶ
1434 3295 1567 3348 αὐτὸ
1593 3293 1651 3347 δὲ
1679 3292 1739 3345 τὸ

1843 3311 1946 3367 pus
1977 3294 2179 3353 habere
2215 3295 2293 3351 uti
2336 3305 2551 3367 tempus
2583 3295 2922 3351 tentationis.
2985 3294 3170 3363 Neque
3203 3295 3270 3348 ad
3294 3293 3413 3348 iure

172 3380 267 3435 διὰ
300 3384 495 3455 χρόνον
554 3385 694 3455 μετὰ
729 3385 896 3455 φόϐου
965 3387 1059 3441 καὶ
1100 3388 1306 3457 τρόμου
1356 3385 1617 3440 δεικνύων
1663 3385 1739 3457 τῷ

1844 3399 2186 3457 consuescat,
2241 3389 2334 3445 sed
2373 3390 2540 3447 semel
2581 3390 2655 3446 ob
2681 3390 2874 3445 multa.
2914 3390 2971 3443 In
2996 3404 3154 3442 usum
3187 3389 3331 3442 enim
3358 3396 3413 3442 et

170 3473 316 3546 Θεῷ,
347 3477 444 3530 καὶ
474 3476 576 3550 τὴν
623 3479 948 3551 προαίρεσιν
994 3479 1183 3544 αὑτοῦ,
1211 3478 1309 3534 καὶ
1337 3477 1436 3550 τὴν
1467 3477 1739 3549 ἀνάγκην,

1844 3484 2293 3546 consuetudinem
2321 3483 2552 3540 deducta
2584 3492 2839 3547 noceant,
2897 3482 2963 3536 ad
2991 3492 3211 3550 tempus
3232 3489 3411 3536 autem

173 3568 275 3622 καὶ
313 3571 675 3636 σκεπάζεται·
704 3572 827 3626 ἐπεὶ
852 3573 946 3625 καὶ
979 3573 1063 3636 είς
1089 3572 1222 3626 αὐτὸ
1246 3571 1566 3642 βλάπτεται.

1844 3582 1900 3628 et
1948 3575 2003 3628 in
2060 3588 2275 3631 summa
2322 3574 2645 3630 necessitate
2696 3574 2966 3629 interdum
3017 3580 3267 3641 prosunt.
3322 3569 3417 3626 Sic

175 3662 366 3731 itaque
420 3662 580 3720 debet
608 3664 736 3736 quis
770 3664 847 3718 uti
887 3664 989 3717 har.
1009 3680 1087 3728 re,
1125 3672 1185 3720 ut
1244 3663 1461 3720 nonnisi
1521 3662 1578 3717 in
1612 3678 1826 3721 summa
1862 3668 2186 3724 necessitate
2229 3668 2390 3723 verba
2420 3676 2747 3723 commutet:
2793 3677 2848 3722 et
2872 3676 3002 3724 tunc
3036 3679 3253 3739 quoque
3289 3679 3413 3720 cum

176 3754 378 3807 timore
454 3757 746 3813 ostendens
781 3755 892 3838 Deo
937 3766 994 3813 et
1039 3758 1395 3813 intentionem
1458 3769 1614 3812 suam
1650 3768 1706 3813 et
1770 3768 2049 3830 urgentem
2097 3761 2507 3825 necessitatem,
2571 3760 2659 3815 sic
2691 3769 2866 3829 potest
2923 3759 3049 3832 quis
3102 3759 3306 3830 protegi
3361 3769 3416 3815 et

172 3851 427 3906 excusari
457 3865 525 3905 ne
548 3849 805 3905 offendat.

250 3947 323 3997 Δ’.
348 3942 479 3997 Ἰδοὺ
504 3941 733 4011 είπομεν
758 3942 841 4004 τίς
883 3944 1031 3996 ἐστιν
1060 3942 1089 3994 ὁ
1108 3942 1436 4011 ψευδόμενος
1460 3942 1605 3997 κατὰ
1628 3942 1749 3997 διάι⁹

172 4052 352 4097 νοιαν,
380 4036 476 4090 καὶ
505 4035 594 4098 τίς
623 4037 773 4089 ἐστιν
804 4037 833 4089 ό
855 4036 914 4087 ἐν
940 4034 1085 4104 λόγῳ
1123 4034 1451 4105 ψευδόμενος
1469 4052 1484 4066 ·
1518 4035 1747 4105 θέλομεν

173 4128 366 4185 λοιπὸν
393 4128 568 4181 είπεϊν
594 4128 681 4191 τίς
704 4130 819 4181 ἐστι
860 4127 954 4182 καὶ
972 4130 1001 4182 ό
1038 4129 1119 4191 είς
1149 4128 1311 4181 αὑτὸν
1337 4127 1427 4180 τὸν
1463 4126 1577 4196 βίον
1616 4129 1745 4180 εαυ-

173 4220 276 4275 τοῦ
310 4218 657 4290 ψευδόμενος.
700 4218 760 4271 '0
792 4218 874 4281 ei;
898 4217 993 4271 τὸν
1026 4218 1142 4289 βίον
1187 4216 1379 4271 ἑαυτοῦ
1417 4214 1746 4287 ψευδόμενός

163 4313 353 4381 «ἔστιν,
373 4312 500 4367 ὅταν
530 4321 616 4374 τις
648 4311 857 4373 ἄσωτος
880 4308 957 4365 ῶν
980 4313 1355 4383 προσποιεῖται
1388 4308 1737 4380 ἐγκράτειαν,

174 4401 217 4473 ἢ
254 4402 585 4473 πλεονέκτης
624 4402 764 4467 ἐστὶ,
819 4403 912 4455 καὶ
971 4402 1122 4455 λαλεῖ
1169 4404 1297 4473 περὶ
1347 4401 1741 4473 ἐλεημοσύνης,

1920 3936 2009 3994 IV.
2042 3936 2287 3992 Diximus
2329 3932 2515 4008 igitur,
2545 3937 2670 4008 quis
2709 3946 2914 4002 mente,
2938 3936 3063 4007 quis
3081 3937 3211 3992 item
3250 3935 3418 3994 verb0

1846 4032 2072 4088 mendax
2105 4032 2193 4086 sit.
2261 4030 2513 4086 Dicamus
2539 4042 2593 4086 et
2620 4032 2743 4101 quis
2786 4032 2843 4087 in
2870 4032 3033 4086 vitam
3065 4045 3219 4086 suam
3260 4047 3414 4087 tuen-

1848 4126 2030 4178 tiatur.
2083 4123 2341 4179 Mentitur
2374 4124 2572 4194 aliquis
2602 4125 2657 4179 in
2686 4125 2852 4180 vitam
2890 4139 3066 4186 suam,
3090 4138 3215 4179 cum
3240 4125 3420 4194 turpis
3520 4115 3527 4122 ’

1845 4229 1900 4274 et
1925 4219 2242 4275 luxuriosus
2285 4220 2695 4275 continentiam
2720 4218 2975 4273 simulat:
3026 4233 3224 4274 avarus
3251 4217 3421 4291 ‘18

1847 4321 1901 4368 et
1930 4320 2087 4367 tenax
2123 4312 2188 4366 de
2234 4311 2576 4382 eleemosyna
2603 4309 2871 4379 loquitur,
2900 4312 3328 4381 compassionem
3360 4320 3415 4365 et

1847 4403 2274 4458 misericordiam
2299 4401 2485 4457 laudat
2522 4419 2539 4457 :
2572 4399 2838 4468 superbus
2866 4408 2922 4455 et
2975 4399 3152 4455 audax
3206 4397 3413 4452 humili-

174 4496 278 4549 καὶ
300 4495 512 4548 άπαινεῖ
546 4494 645 4566 τὴν
680 4495 1044 4563 συμπάθειαν,
1086 4496 1436 4564 ὑπερήφανός
1482 4496 1619 4558 ἐστι,
1650 4494 1739 4547 καὶ

1850 4502 2011 4546 tatem
2048 4493 2371 4547 admiratur.
2422 4492 2520 4546 Hic
2544 4507 2652 4545 non
2674 4490 2860 4546 volens
2876 4492 3128 4547 virtutem
3168 4488 3410 4551 laudare,

176 4585 450 4654 θαυμάζει
484 4585 584 4656 τὴν
611 4586 1134 4657 ταπεινοφροσύνην,
1156 4586 1249 4637 καὶ
1274 4587 1368 4653 οὐχ
1401 4586 1474 4646 ὡς
1499 4585 1626 4656 θέλῃ
1648 4588 1739 4654 τὴν

1850 4584 1993 4637 illam
2048 4586 2378 4651 admiratur;
2463 4585 2509 4636 si
2549 4584 2693 4637 enim
2720 4583 2821 4639 hoc
2868 4585 3050 4638 animo
3079 4580 3322 4634 laudaret
3357 4589 3418 4635 et

173 4677 385 4751 ἀρετὴν
419 4678 726 4766 ἐπαινέσαι,
757 4679 1027 4748 θαυμάζει
1047 4679 1234 4747 αὑτήν.
1272 4678 1335 4730 Εἰ
1358 4678 1465 4745 γὰρ
1496 4677 1649 4745 ἔλεγε
1669 4679 1739 4745 τῷ

1840 4676 2218 4744 admiraretur,
2233 4678 2477 4732 fateretut
2498 4678 2778 4746 proprium
2797 4686 3094 4749 peccatum,
3112 4682 3166 4727 et
3185 4673 3414 4727 diceret:

178 4774 371 4840 σκοπῷ
411 4773 601 4843 τούτῳ.
644 4771 858 4843 πρῶτον
889 4772 1027 4841 μετὰ
1069 4769 1446 4831 ταπεινώσεως
1473 4770 1739 4839 ὡμολόγει

1848 4789 1862 4817 ι
1897 4768 2106 4825 Heume
2128 4773 2383 4825 miserum
2406 4781 2462 4825 et
2491 4768 2784 4837 infelicem,
2804 4771 2947 4825 omni
2998 4767 3225 4831 virtute,
3262 4767 3412 4820 omni

173 4866 282 4933 τὴν
321 4862 455 4915 ἰδίαν
497 4864 799 4921 ἀσθένειαν.
844 4865 1039 4929 λέγων*
1071 4882 1088 4914 ι
1126 4865 1191 4916 Oc'
1220 4882 1305 4933 μοι
1342 4866 1410 4929 τῳ
1448 4862 1607 4929 wife,
1662 4863 1737 4914 im

1842 4863 1980 4918 bono
2026 4878 2226 4916 vacuus
2288 4864 2494 4917 sum!»
2585 4863 2652 4919 Et
2717 4866 2787 4920 ita
2852 4869 2972 4933 post
3014 4861 3411 4916 conlessionem

179 4954 577 5028 μεμιταίωμαι
605 4960 728 5009 ’ἀπο
779 4957 979 5019 παντὸς
1021 4957 1262 5019 ἁγαθούῐ
1308 4974 1322 5003 ι
1364 4955 1470 5004 Κιὶ
1508 4954 1645 5021 μετὰ
1675 4966 1737 5002 το

1841 4961 2066 5025 propria:
2134 4957 2466 5011 inﬁrmitatis
2536 4958 2760 5013 laudare
2813 4964 2992 5025 posset
3047 4964 3104 5006 et
3154 4953 3409 5030 admirari

174 5047 451 5118 ὁμολογῆς.
466 5064 512 5099 ιι
539 5047 637 5117 τὴν
662 5047 799 5101 ἰδίαν
823 5048 1125 5109 ἀσθένειαν,
1176 5046 1349 5109 οὓτως
1382 5044 1499 5111 εἶχε
1531 5044 1740 5112 θαυμάο

173 5158 297 5203 σαι,
335 5142 426 5194 καὶ
457 5139 743 5193 ἐπαινέσαι
802 5144 897 5211 τήν
946 5144 1163 5212 ἀρετήν.
1218 5141 1352 5193 ’Λλλῖ
1386 5140 1508 5193 οὐδὲ
1543 5144 1741 5193 σκοπὸν

174 5233 326 5303 ἔχων
351 5232 445 5287 τοῦ
479 5240 554 5304 μὴ
576 5231 923 5286 σκανδαλισαι
945 5235 1083 5290 τινά.
1129 5235 1461 5300 ἐγάωμιοιξει
1499 5233 1597 5300 τὴν
1618 5234 1745 5297 cipe.

174 5323 554 5397 etm'ﬂtpejiist
585 5326 693 5396 γὰρ
713 5327 803 5378 καὶ
825 5328 993 5390 οὑτως
1022 5326 1326 5393 λογίζεσθαι
1354 5340 1363 5349 ·
1397 5326 1475 5375 ὅτι
1506 5326 1605 5376 Nai
1636 5327 1746 5394 ἐγὼ

171 5414 366 5478 ἄθλιός
388 5420 501 5488 σίμι
535 5420 628 5472 καὶ
657 5420 928 5489 egi-.101);
955 5420 1042 5472 διὰ
1067 5421 1119 5472 τί
1147 5424 1229 5473 ἵνα
1276 5422 1367 5469 καὶ
1389 5420 1548 5474 ἀλλον
1576 5438 1739 5473 σκαν-

170 5505 413 5573 δαλίσω;
429 5509 517 5562 διὰ
538 5511 589 5563 τί
610 5511 694 5565 ἵνα
719 5510 906 5581 βλσῲω
921 5514 1010 5563 καὶ
1033 5512 1404 5580 eumeum,
1426 5513 1516 5562 καὶ
1544 5512 1748 5579 ἐνέγκω

170 5597 407 5671 ἐμαυτῷ
433 5602 525 5654 καὶ
550 5602 709 5657 ἄλλου
738 5603 864 5674 βάρι
877 5621 925 5664 ς,
972 5606 1064 5658 καὶ
1101 5602 1245 5674 εἶχεν
1283 5604 1328 5654 εἰ
1361 5605 1448 5653 καῖ
1482 5607 1558 5665 εἰς
1589 5607 1747 5657 αὑτὸν

168 5692 515 5764 ἡμάρτανεν,
553 5695 668 5747 ἀλλ’
696 5691 788 5749 οὖν
823 5693 1057 5765 ἅψασθαι
1087 5696 1178 5749 τοῦ
1220 5694 1381 5749 καλου
1416 5712 1426 5755 ;
1467 5696 1744 5747 ’[αττιινω-

175 5800 323 5848 σεως
346 5783 455 5855 γάρ
477 5786 667 5839 ἔστιτὸ
697 5788 882 5843 ἑαυτὸν
908 5785 1228 5849 ταλανίζειν,
1260 5787 1347 5839 καὶ
1382 5786 1740 5853 συμπαθείης.

1850 5057 2119 5107 virtutem.
2182 5048 2300 5104 Non
2350 5052 2514 5104 etiam
2566 5052 2819 5105 virtutem
2882 5045 3085 5108 laudat,
3130 5061 3199 5101 ne
3246 5062 3409 5116 quem

1848 5144 2213 5202 sezmduiizet;
2272 5142 2349 5196 sic
2377 5143 2522 5196 enim
2553 5144 2727 5211 primu
2762 5139 2863 5194 sibi
2913 5138 3199 5193 dicendum
3227 5149 3407 5196 esset:

1856 5234 2066 5296 dnfelix
2080 5247 2332 5304 egosum,
2346 5245 2398 5289 et.
2412 5234 2576 5287 miser
2587 5233 2676 5302 qni
2697 5230 2950 5284 seandalo
2967 5230 3255 5301 unicuique
3266 5246 3407 5295 sum,

1854 5332 2278 5407 unius-cuiusque
2309 5327 2888 5393 ltvaloanisnamatque
2914 5324 3148 5379 alienum
3180 5337 3318 5377 onus
3351 5322 3405 5375 in

1856 5434 1939 5475 me
1966 5420 2073 5474 (81f
2101 5431 2141 5471 1:
2175 5431 2227 5471 et
2250 5442 2276 5471 »ι
2304 5447 2312 5469 μ
2342 5424 2595 5474 interr-tut"
2614 5426 2891 5483 peceatum
2911 5434 2925 5475 :
2947 5418 3089 5486 quod
3114 5416 3164 5469 in
3182 5415 3404 5468 alterum

1855 5524 2254 5569 commtsatmtm
2277 5530 2325 5569 in
2348 5503 2716 5579 honoﬁropt'io
2734 5508 3406 5574 :1loriat'etur.Ilumiiitatis

1854 5606 1995 5667 enim
2016 5609 2285 5670 propriam
2315 5616 2415 5666 est,
2443 5621 2496 5653 si
2542 5604 2716 5671 ipsum
2738 5620 2948 5673 semper
2977 5602 3321 5671 viiipendere,
3352 5610 3405 5656 et

1855 5710 2105 5761 proximo
2128 5696 2358 5765 compari
2413 5693 2501 5745 iii:
2524 5700 2697 5748 tentes:
2731 5696 3017 5747 ‘t-rumllttlt
3048 5693 3248 5744 nullum
3266 5706 3401 5761 prte-

1855 5784 2115 5842 dictorum
2154 5788 2429 5842 modorum
2471 5787 2692 5843 virtutes
2728 5785 2978 5841 laudavit.
3005 5789 3091 5837 sel
3118 5788 3171 5836 nt
3210 5782 3403 5838 vitiant
