4118 6542
136 522 271 587 1725

1501 530 1879 593 DOCTRINA
1920 537 1992 597 X.

3220 550 3357 615 1796

130 641 196 693 ad
255 637 487 731 virtutes
534 636 823 731 parandas:
869 635 1181 731 llincyunus
1238 653 1269 731 e
1302 637 1610 731 senioribus
1652 639 1725 693 ita
1763 641 1959 699 solitus
1992 656 2109 703 erat
2145 647 2353 707 dicere:
2413 670 2432 704 ι
2481 650 2556 707 Da
2586 656 2924 724 sanguinem,
2954 664 3010 713 et
3032 658 3214 728 accipe
3244 661 3356 716 soi-

127 734 326 797 ritum;
359 750 381 783 ι
417 730 474 785 i’d
520 739 623 794 est,
668 729 845 800 pugna
876 737 936 784 ut
970 729 1037 784 ad
1069 730 1285 786 virtutis
1310 730 1547 785 habitum
1571 731 1881 800 pervenias.

186 824 403 878 Β.’οτε
424 823 787 891 ἀνεγίνωσκον
807 823 887 884 είς
913 821 1011 893 τὴν
1042 821 1146 888 ἔξω
1165 823 1431 884 παιδείαν,
1457 824 1693 877 ικοπίων

1861 827 1924 883 ll.
1949 828 2085 885 Cum
2107 832 2172 887 ad
2198 832 2382 887 ludum
2406 849 2680 906 pergerem
2702 838 3079 909 egressusiam
3102 853 3168 895 ex
3190 840 3356 910 ephe-

123 915 184 980 ὲξ
218 913 400 986 ἀρχῆς
430 916 598 977 πάνυ,
628 916 723 969 καὶ
752 916 843 970 ὅτε
871 914 1121 986 ἠρχόμην
1148 914 1333 969 λαϐεῖν
1358 914 1421 968 τδ
1469 913 1690 984 βιϐλίον,

123 1005 299 1069 οὕτως
336 1005 518 1075 ήμην,
549 1003 626 1067 ῶς
667 1022 751 1069 τις
788 1005 1013 1073 ὑπάγων
1056 1003 1295 1074 ἀψασθαι
1348 1004 1559 1076 θηρίου.
1603 1003 1694 1067 Ὠς

120 1092 216 1150 οὖν
249 1096 450 1167 ἔμεινα
490 1095 810 1166 βιαζόμενος
833 1094 1069 1165 ἐμαυτὸν
1088 1132 1105 1157 ,
1150 1093 1445 1164 ἐϐοήθησεν
1469 1094 1500 1145 ό
1523 1092 1653 1156 Θεὸς
1674 1130 1691 1155 ,

122 1189 221 1241 καὶ
244 1186 429 1251 οὕτως
456 1188 724 1259 εγενόμην
755 1187 813 1239 εν
836 1184 948 1250 εξει
968 1183 1063 1239 τοῦ
1089 1184 1437 1257 πράγματος,
1461 1183 1602 1237 ὥστε
1617 1182 1694 1253 μὴ

120 1279 328 1333 είδιναι
368 1296 440 1349 με
469 1279 523 1334 τί
551 1279 792 1349 ιτρωγον
822 1277 928 1349 ἢτί
965 1277 1149 1331 ἔπινον
1169 1316 1185 1341 ,
1227 1277 1263 1347 ἢ
1303 1277 1419 1340 πῶς
1461 1276 1695 1342 εκοιμώ-

123 1386 257 1440 μην,
287 1372 356 1423 ὲκ
378 1370 483 1440 τῆς
514 1369 764 1431 καύσεως
788 1368 898 1422 τῶν
920 1370 1368 1439 ἀναγνωσμάτων
1392 1384 1408 1400 °
1434 1368 1528 1422 καὶ
1547 1366 1696 1421 ούδέ-

121 1479 256 1517 ποτε
295 1462 574 1535 ἑλκύσθην
605 1464 687 1528 είς
704 1464 923 1534 ἄριστον
944 1462 1083 1532 μεεά
1094 1461 1213 1524 ἑνὸς
1233 1461 1342 1515 τῶν
1361 1461 1532 1530 φίλων
1551 1477 1653 1532 μου
1674 1474 1692 1492 ⁸

121 1555 240 1610 ἀλλ’
270 1555 399 1609 οὐδὲ
425 1557 510 1619 είς
542 1556 831 1625 συντυχίαν
855 1554 1107 1627 ἠρχόμην
1154 1555 1269 1625 μετ’
1315 1552 1479 1607 αὐτοῦ
1522 1554 1582 1606 εν
1616 1552 1696 1624 τῷ

122 1646 303 1718 καιρῷ
318 1646 421 1701 τοῦ
450 1644 877 1715 ἀναγνώσματος
895 1660 910 1674 °
930 1644 1111 1699 καίτοι
1133 1644 1491 1715 φιλοσυνήθης
1508 1644 1583 1699 ὢν
1602 1644 1697 1698 καὶ⁵

122 1737 361 1805 ἀγαπῶν
375 1736 509 1801 τοὺς
532 1736 780 1807 εταίρους
817 1751 939 1805 μου.
982 1735 1069 1800 Ὦς
1100 1731 1194 1788 οὖν
1233 1735 1466 1789 ἀπέλυεν
1492 1735 1639 1804 ἡμᾶς
1666 1735 1697 1788 ό

124 1827 395 1899 σοφιστὴς
443 1828 541 1881 καὶ
597 1826 845 1898 ἑλεώμην
881 1824 1168 1897 ⁸(εχρῃζον
1195 1824 1305 1897 γάρ
1336 1823 1457 1879 καθ’
1484 1825 1698 1895 ἡμέραν

122 1915 804 1987 ἐνυγραίνεσθαι,ὲπειδάν
827 1913 1261 1989 ἀνεξηραινόμην
1275 1913 1342 1966 ἐκ
1353 1912 1453 1982 τῆς
1466 1911 1697 1983 ὑπερϐο-

123 2008 227 2080 λῆς
273 2008 391 2063 τῶν
419 2008 914 2078 ἀναγνωσμάτων),
947 2004 1255 2077 ἀνεχώρουν
1300 2004 1434 2059 ὅπου
1480 2003 1695 2075 ἔμενον,

125 2105 270 2174 μήτε
292 2100 459 2165 είδὼς
484 2101 569 2155 ὅτι
600 2098 710 2169 εχω
741 2101 957 2169 φαγεῖν·
986 2098 1087 2151 ούκ
1113 2095 1399 2167 ἠδυνάμην
1449 2096 1558 2167 γὰρ
1586 2095 1697 2149 άπ-

127 2161 528 2266 ασχοληθῆναι,
576 2161 699 2245 obes
746 2161 920 2254 ὲιξτδ
946 2161 1200 2253 ἐπιτάξαι
1230 2161 1381 2259 αύτῶ
1408 2161 1472 2241 τό
1500 2161 1694 2257 (ραγεϊν
1724 2161 1768 2218 Β

131 2304 257 2358 μου.
300 2285 455 2356 Πλὴν
505 2279 650 2354 εἶχόν
680 2299 805 2336 τινα
852 2280 1066 2343 πιστὸν,
1113 2278 1210 2334 καὶ
1244 2279 1407 2341 αὐτὸς
1433 2276 1696 2348 ἡτοίμαζε

141 2397 232 2452 μοι
284 2377 341 2433 εῐ
375 2395 435 2431 τι
468 2375 683 2450 ἧθελον.
741 2370 1074 2443 Ἕλάμϐανον
1119 2365 1213 2424 οὖν
1254 2368 1309 2422 εῐ
1352 2385 1406 2422 τι
1446 2366 1696 2439 εὕρισκον

130 2470 299 2527 αὐτὸν
337 2469 670 2540 ποιήσαντα,
700 2464 839 2537 εχων
870 2463 1046 2518 καὶτὸ
1083 2461 1288 2533 βιϐλίον
1320 2476 1421 2531 μου
1456 2459 1523 2514 εκ
1555 2459 1696 2513 πλα-

132 2566 268 2635 γίων
299 2579 407 2635 μου
439 2562 522 2625 είς
540 2560 635 2615 τὸν
656 2557 986 2631 κράϐϐατον,
1011 2554 1106 2609 καὶ
1129 2552 1270 2609 κατά
1291 2551 1486 2625 μικρὸν
1509 2551 1697 2606 ἐνέκυ-

135 2674 272 2712 πτον
297 2658 381 2720 εἰς
411 2653 600 2718 αὑτὸν,
641 2651 736 2706 καὶ
762 2652 823 2704 ὲν
851 2648 931 2719 τῷ
953 2645 1306 2719 κοιμηθῆναι,
1338 2644 1538 2715 ὁμοίως
1563 2642 1699 2712 πλη-

144 2747 261 2801 σίον
285 2763 389 2819 μου
417 2739 564 2815 εἶχον
591 2742 723 2796 αὐτὸ
746 2742 825 2803 εἰς
844 2733 911 2792 τό
928 2737 1138 2808 θρονίον
1153 2753 1279 2808 μου,
1303 2734 1399 2789 καὶ
1419 2733 1493 2797 ὡς
1520 2733 1699 2804 ἡρπα-

137 2836 491 2909 ζονμικρὺν,
535 2833 735 2897 εὐθέως
774 2830 1053 2902 ἀνεπήδων
1084 2829 1183 2891 εἰς’
1202 2827 1302 2897 τὴν
1350 2824 1653 2893 ἀνάγνωσιν
1678 2838 1696 2856 ο

138 2930 303 2984 πάλιν
351 2928 616 2998 ἑσπέρας,
655 2925 732 2988 ὡς
785 2920 1095 2994 ἀνεχώρουν
1151 2918 1291 2990 μετὰ
1323 2916 1388 2971 τὸ
1427 2914 1696 2985 λυχνικὺν,

137 3024 308 3093 ἠπτον
331 3020 427 3074 τὸν
448 3017 666 3089 λύχνον,
697 3016 794 3070 καὶ
829 3012 1045 3068 ἐποίουν
1081 3010 1187 3074 ἕως
1215 3008 1311 3064 τοῦ
1342 3006 1695 3079 μεσονυκτίου

136 3110 557 3180 ἀναγινώσκων,
586 3109 682 3163 καὶ
706 3106 878 3171 οὕτως
916 3106 1066 3176 ήμην
1112 3103 1197 3158 ὅτι
1241 3103 1343 3156 οὐκ
1383 3098 1699 3172 ᾐσθανόμην

139 3207 257 3269 (δίας
284 3205 495 3275 δήποτε
543 3201 805 3273 ήδύτητος
829 3202 879 3255 εί
915 3197 990 3269 μὴ
1011 3198 1078 3252 ἐκ
1096 3194 1204 3250 τῶν
1232 3193 1697 3263 ἀναγνωσμάτων.

146 3300 272 3353 Ὀτε
299 3292 396 3352 οὖν
437 3291 603 3367 ἦλθον
629 3296 709 3358 είς
741 3293 801 3346 τὸ
828 3290 1211 3363 μοναστήριον,
1241 3286 1427 3356 Ελεγον
1454 3284 1697 3357 εμαυτιῖν

148 3405 167 3431 α
192 3388 254 3441 El
278 3386 372 3439 επὶ
390 3383 495 3440 τοῦ
523 3384 630 3450 ἔξω
648 3382 809 3451 λόγου
836 3381 1051 3450 εγένετο
1072 3377 1282 3434 τοιοῦτο
1298 3376 1468 3441 πάθος
1486 3377 1579 3430 καὶ
1592 3392 1701 3430 τοι-

143 3477 276 3548 αύτη
302 3476 585 3548 θερμη.ικ
614 3472 708 3528 τοῦ
734 3473 991 3544 σχολάσαι
1014 3469 1137 3573 τινὰ
1172 3465 1583 3573 τῇιάναγνώσεὶ
1602 3482 1696 3534 γε·
1719 3507 1766 3573 C

144 3568 397 3624 νὲσθαιεν
425 3566 538 3632 ἰξει
560 3564 757 3635 αὐτῆς,
777 3564 928 3633 πόσῳ
954 3562 1149 3632 μᾶλλον
1174 3559 1270 3614 ἐπὶ
1293 3561 1390 3629 τῆς
1421 3558 1642 3628 ἀρετῆς;
1669 3573 1689 3608 t

144 3662 235 3714 καὶ
266 3658 575 3730 ελάμϐανον
603 3657 803 3728 πολλὴν
837 3656 1066 3725 δύναμιν
1096 3655 1162 3707 ὲκ
1203 3652 1299 3707 τοῦ
1350 3651 1693 3729 πράγματος.

144 3751 328 3816 Οὕτως
352 3753 455 3806 ὲάν
486 3749 616 3820 θέλῃ
648 3765 732 3813 τις
783 3747 1086 3818 κτήσασθαι
1112 3746 1334 3815 ἀρετὴν,
1362 3743 1464 3797 οὐκ
1493 3740 1696 3812 ὀφείλει

148 3845 465 3916 ἀδιαφορεῖν
490 3843 610 3897 οὐδὲ
638 3838 1064 3913 μετεωρίζεσθαι
1088 3855 1104 3869 ο
1134 3839 1323 3907 ῶσπερ
1352 3840 1461 3909 γάρ
1490 3853 1576 3902 τις
1611 3835 1701 3891 οι-

149 3937 253 3991 λων
284 3936 481 4007 μαθεῖν
506 3932 843 4004 τεκτονικὴν,
865 3934 926 3986 ού
954 3933 1214 4004 προσέχει
1242 3932 1377 4003 άλλη
1400 3930 1586 4002 τέχνῃ·
1605 3929 1700 3983 οὔ·

147 4046 252 4092 τως
275 4030 395 4083 ἐστὶ
428 4027 525 4082 καὶ
552 4028 646 4081 ἐπὶ
669 4026 778 4081 τῶν
815 4025 1076 4080 θελόντων
1103 4023 1409 4096 κτήσασθαι
1438 4023 1699 4095 ἐργασίαν

149 4118 544 4189 πνευματικήν.
589 4118 706 4171 Οὐκ
749 4115 1024 4185 ὀφείλουσι
1066 4115 1355 4186 προσέχειν
1400 4114 1545 4184 ἄλλῳ
1590 4114 1699 4169 τινὶ

157 4212 466 4282 πράγματι,
496 4208 632 4263 ἀλλά
660 4207 854 4271 νυκτὸς
892 4207 985 4260 καὶ
1018 4206 1229 4277 ἡμέρας
1254 4206 1484 4277 μελετᾷν
1511 4206 1571 4258 ὲν
1597 4205 1697 4261 αύ-

148 4304 236 4373 τῇ,
265 4300 381 4365 πῶς
408 4298 677 4371 δυνηθῶσι
701 4299 1004 4368 κτήσασθαι
1029 4300 1219 4370 αὑτήν.
1249 4298 1314 4351 υἱ
1340 4297 1397 4352 δὲ
1424 4297 1500 4368 μὴ
1525 4295 1697 4361 οὕτως

149 4389 576 4460 προσερχόμενοι
608 4387 689 4458 τῷ
720 4388 1032 4459 πράγματι,
1076 4387 1137 4440 ού
1182 4386 1342 4457 μόνον
1382 4386 1447 4440 ού
1492 4386 1696 4456 προκό-

149 4497 389 4546 πτουσιν,
413 4478 555 4534 ἀλλά
578 4479 674 4532 καὶ
701 4479 1094 4549 συντρίϐονται,
1122 4477 1294 4541 οὕτως
1321 4477 1576 4542 ἀσκόπως
1604 4494 1699 4531 πε-

152 4577 515 4647 ριφερόμενοι.
562 4570 687 4626 Ἐάν
711 4571 822 4641 γάρ
846 4571 922 4642 μὴ
950 4572 1092 4642 νήφῃ
1120 4587 1207 4633 τις
1223 4570 1319 4624 καὶ
1339 4569 1694 4640 ἀγωνίζηται,

149 4665 385 4737 εὐχερῶς
434 4662 690 4718 ἐκπίπτει
736 4664 817 4726 είς
858 4661 960 4727 τὰς
1005 4661 1374 4725 παρεκϐάσεις
1422 4660 1532 4717 τῶν
1569 4662 1698 4734 ἀρε-

147 4760 273 4817 τῶν.

1792 919 1895 984 bis.
1916 920 2260 990 invigilabam
2282 924 2574 981 admodum
2603 942 2634 981 a
2662 926 2958 998 principio;
2986 930 3076 985 ubi
3097 946 3225 986 vero
3248 946 3359 986 εοε-

1793 1006 1845 1078 pi
1868 1008 1935 1061 ad
1963 1008 2219 1065 lectiones
2246 1013 2540 1068 ascendere
2562 1025 2617 1068 et
2645 1015 2842 1069 librum
2869 1017 3102 1086 aperire,
3133 1018 3359 1074 territus

1790 1110 1929 1166 pene
1962 1097 2343 1168 uiﬂugiebam,
2382 1117 2643 1172 eramque
2681 1114 2739 1158 ut
2770 1104 2866 1175 qui
2905 1116 3117 1175 agreste
3153 1106 3357 1161 animal

1792 1186 2048 1245 formidat
2071 1192 2493 1261 contingere.At
2519 1194 2611 1247 ubi
2645 1210 2729 1249 me
2762 1196 2941 1266 ipsum
2973 1198 3147 1267 coegi,
3176 1208 3231 1251 et
3252 1202 3357 1252 du-

1791 1279 1906 1333 ravi
1933 1294 2161 1351 pergens
2189 1289 2250 1334 ut
2272 1289 2510 1346 poteram
2535 1322 2551 1346 ,
2588 1279 2733 1337 Deus
2758 1298 2913 1352 opem
2937 1284 3153 1349 attulit,
3190 1295 3245 1340 et
3277 1288 3358 1342 sic

1791 1368 1860 1422 ad
1892 1368 2129 1424 habitum
2163 1369 2463 1439 disciplina
2498 1370 2717 1441 perveni
2747 1388 2761 1427 :
2812 1372 2994 1443 itaque
3039 1374 3357 1445 plerumque

1791 1455 2133 1513 distrahebar
2151 1457 2334 1513 studio
2357 1458 2494 1512 miro
2517 1467 2572 1512 et
2595 1458 2789 1513 ardore
2818 1457 3132 1526 lectionum,
3152 1471 3211 1516 ut
3227 1463 3357 1532 quid

1793 1547 2170 1613 comedissem,
2190 1546 2468 1611 bibissem,
2481 1546 2902 1613 obdormissem,
2920 1547 3190 1605 interdum
3213 1551 3360 1622 igno‘

1791 1651 1968 1693 rarem
2008 1637 2192 1707 Neque
2212 1636 2505 1707 aliquando
2524 1639 2770 1709 acquievi
2795 1647 2905 1694 uta
2927 1655 3198 1711 quoquam
3219 1643 3358 1697 ami-

1792 1745 1980 1787 corum
2006 1731 2062 1785 in
2084 1729 2396 1800 prandium,
2422 1731 2476 1785 in
2498 1731 2826 1803 symbolum,
2845 1732 3093 1789 lectionis
3116 1743 3357 1804 tempore

1793 1823 2055 1879 ducerer:
2088 1822 2376 1894 diligebam
2405 1832 2584 1879 tamen
2614 1825 2795 1881 socios
2820 1840 2990 1882 meos.
3026 1826 3162 1882 Cum
3194 1828 3360 1897 igitur

1794 1930 1895 1972 nos
1936 1914 2218 1971 dimiserat
2257 1916 2540 1986 sophista,
2588 1916 2845 1982 lavabar;
2881 1918 3182 1987 indigeham
3211 1919 3356 1973 enim

1792 2006 2106 2077 quotidiana
2128 2006 2329 2062 lotione
2346 2047 2359 2071 ,
2389 2021 2513 2062 cum
2532 2009 2771 2076 quatitlie
2803 2008 2856 2063 in
2884 2009 3068 2064 studio
3095 2018 3151 2063 et
3176 2008 3360 2064 labore

1795 2099 2085 2154 lectionum
2130 2097 2476 2154 desudarem.
2512 2096 2886 2153 Concedebant
2930 2100 3057 2155 inde
3096 2100 3358 2165 domum,

1795 2191 1933 2246 nihil
1959 2204 2161 2245 curans
2187 2188 2318 2258 quid
2358 2188 2492 2243 mihi
2526 2188 2794 2244 edendum
2824 2198 3003 2253 esset,
3036 2203 3159 2244 cum
3182 2205 3361 2260 neque

1795 2282 1929 2338 mihi
1953 2282 2123 2337 otium
2144 2282 2212 2337 ad
2240 2281 2507 2349 parandos
2524 2280 2676 2336 cibos
2696 2291 3025 2351 suppeteret.
3045 2282 3242 2337 Aderat
3263 2298 3361 2336 au-

1795 2383 1901 2430 tem
1932 2374 2142 2428 amicus
2165 2381 2220 2427 et
2246 2371 2532 2426 familiaris
2558 2386 2732 2437 meus,
2758 2372 2853 2442 qui
2882 2373 3014 2447 mihi
3045 2381 3285 2443 pararet,
3312 2374 3357 2428 si

1794 2467 1924 2539 quid
1960 2465 2274 2522 voluissem.
2320 2464 2664 2534 Accipieham
2707 2464 2873 2536 igitur
2900 2464 3164 2536 quidquid
3200 2465 3269 2521 ab
3293 2482 3360 2519 eo

1794 2566 2155 2629 praeparatum
2178 2556 2550 2620 offendissem,
2572 2552 2779 2612 habens
2794 2570 3009 2626 semper
3026 2571 3092 2612 ex
3111 2557 3362 2627 Opposita

1796 2652 2052 2708 lectulum
2083 2666 2261 2706 meum
2285 2663 2413 2705 cum
2451 2649 2612 2705 libro.
2652 2648 3089 2721 lnclinabamque
3126 2662 3249 2722 post
3282 2651 3362 2706 ci-

1795 2745 1957 2810 bum,
1991 2755 2046 2801 et
2085 2759 2212 2801 cum
2254 2743 2534 2813 paululum
2579 2742 2973 2799 obdormissem
3014 2759 3139 2799 cum
3181 2744 3362 2799 vicino

1795 2834 2178 2903 semperlibro,
2196 2833 2509 2889 exsiliebam
2533 2833 2678 2887 illico
2698 2832 2765 2887 ad
2784 2834 3069 2891 lectionem
3088 2849 3119 2889 e
3142 2848 3360 2889 somno.

1795 2922 1925 2979 ltem
1944 2933 1998 2978 et
2017 2925 2083 2978 ad
2108 2938 2389 2993 vesperam
2412 2938 2537 2979 cum
2564 2939 2597 2978 e
2619 2923 2746 2978 ludo
2767 2923 3125 2989 discederem,
3146 2941 3363 2995 semper

1796 3029 1920 3070 cum
1939 3014 2141 3070 lumine
2158 3014 2224 3069 ad
2240 3014 2472 3070 mediam
2493 3022 2704 3069 noctem
2718 3013 2959 3084 legebam
2979 3026 3034 3069 et
3047 3015 3359 3084 vigilaham.

1793 3105 2043 3175 Cumque
2081 3104 2154 3160 ita
2190 3120 2278 3161 me
2319 3104 2608 3171 haberem,
2646 3105 2850 3159 nullam
2895 3104 3069 3159 fateor
3109 3104 3362 3161 alicunde

1794 3197 2134 3253 dulcedinem
2164 3206 2260 3252 aut
2277 3197 2608 3267 voluptatem
2638 3195 2918 3266 capiebam
2946 3237 2962 3262 ,
2986 3196 3090 3252 nisi
3115 3212 3147 3252 a
3172 3197 3360 3252 lectio-

1800 3306 1887 3346 ue.
1911 3286 2105 3345 Postea
2133 3303 2296 3359 quam
2325 3288 2489 3359 igitur
2512 3288 2581 3344 ad
2604 3288 2995 3343 monasterium
3020 3288 3181 3352 veni,
3210 3289 3361 3345 dice-

1797 3383 1920 3438 bam
1942 3381 2075 3437 mihi
2100 3380 2203 3452 ipsi
2224 3396 2389 3451 quam
2411 3380 2715 3452 sepissime
2738 3398 2753 3434 :
2792 3399 2813 3431 ι
2840 3379 2896 3435 Si
2922 3389 3069 3436 tanta
3092 3381 3358 3451 cupiditas

1799 3474 1897 3530 tibi
1934 3472 2037 3529 fuit
2068 3472 2125 3528 in
2150 3472 2496 3543 adipiscenda
2522 3473 2827 3543 eloquentia
2848 3512 2865 3538 ,
2907 3473 2952 3529 si
2987 3483 3172 3531 tantus
3196 3475 3361 3530 ardor

1798 3567 2048 3625 lectionis
2061 3607 2078 3633 ,
2107 3575 2170 3622 ut
2184 3566 2252 3620 ad
2276 3566 2446 3636 ipsius
2465 3566 2705 3621 habitum
2729 3566 3099 3634 provehereris
3118 3584 3135 3632 ;
3157 3578 3362 3639 quanto

1797 3660 1969 3730 magis
2001 3659 2166 3714 debes
2189 3658 2404 3713 virtutis
2435 3657 2609 3728 gratia
2637 3657 2957 3713 elaborare!
2987 3675 3007 3709 ι
3050 3664 3107 3712 et
3142 3672 3211 3714 ex
3256 3657 3362 3714 hac

1796 3754 2121 3826 cogitatione
2139 3753 2451 3819 admodum,
2492 3750 2686 3818 fateor,
2710 3752 3079 3822 proﬁciebam.
3115 3750 3207 3807 Sic
3229 3766 3362 3824 ergo

1797 3863 1923 3903 cum
1950 3861 2142 3918 parare
2167 3846 2423 3902 virtutem
2447 3844 2718 3917 quispiam
2743 3844 2977 3901 voluerit
3001 3885 3017 3912 ,
3059 3844 3216 3901 decet
3249 3861 3360 3900 non

1797 3940 2026 3995 distrahi
2049 3938 2118 3994 ad
2140 3938 2353 3994 diversa
2370 3977 2389 4004 ,
2420 3952 2599 4008 neque
2626 3937 2948 3993 obliviosum
2972 3952 3095 3994 esse
3125 3954 3140 3992 :
3178 3945 3239 3992 ut
3263 3938 3361 4007 qui

1796 4040 1966 4086 artem
1989 4029 2233 4088 fabrilem
2255 4029 2466 4085 discere
2485 4030 2733 4097 voluerit,
2752 4029 2888 4084 nulli
2918 4028 3011 4085 alii
3038 4029 3113 4084 rei
3137 4043 3359 4101 operam

1794 4137 1950 4179 suam
1979 4131 2143 4177 navat
2182 4136 2344 4192 quam
2395 4121 2497 4177 illi.
2536 4121 2692 4188 Quod
2732 4130 2820 4177 est
2861 4121 2917 4177 in
2961 4122 3149 4192 primis
3174 4121 3244 4176 ab
3272 4120 3359 4177 his

1795 4214 2148 4272 factitandum
2177 4215 2271 4285 qui
2305 4214 2640 4285 spiritualem
2666 4223 2838 4270 artem
2872 4229 3066 4286 parare
3097 4214 3357 4280 student,

1796 4318 1858 4363 ut
1889 4307 2099 4365 scilicet
2126 4308 2261 4363 nulli
2295 4307 2519 4363 omnino
2554 4306 2634 4362 rei
2677 4316 3038 4377 praeterquam
3074 4308 3199 4361 huic
3225 4320 3355 4374 ope-

1796 4414 1913 4455 ram
1939 4399 2107 4454 dent:
2141 4407 2304 4469 atque
2332 4398 2388 4452 in
2416 4411 2480 4452 ea
2505 4396 2623 4453 dies
2653 4406 2949 4467 noctesque
2977 4396 3357 4466 cogitationem

1794 4506 2014 4546 omnem
2060 4505 2214 4547 suam
2261 4491 2466 4560 ligant,
2506 4489 2636 4544 dum
2680 4488 2748 4544 ad
2787 4488 2907 4559 ejus
2955 4488 3356 4557 possessionem

1795 4593 2123 4653 cooperante
2150 4579 2381 4635 Domino
2407 4579 2625 4635 tandem
2666 4580 3005 4650 perveniant.
3037 4578 3193 4645 Quod
3226 4593 3359 4633 sane

1794 4676 1889 4747 qui
1924 4690 2031 4731 non
2064 4672 2327 4737 fecerint,
2374 4687 2483 4727 non
2527 4672 2704 4727 solum
2739 4686 2845 4727 non
2890 4671 3214 4741 proficiunt,
3262 4669 3358 4724 sed

1797 4768 1964 4823 etiam
2004 4774 2218 4834 tempus
2248 4777 2412 4819 omne
2445 4770 2628 4818 terunt
2656 4777 2830 4831 usque
2866 4762 3001 4817 adeo
3039 4761 3358 4831 insipienter

151 4877 519 4935 circumducti.
543 4875 659 4932 Nisi
677 4876 820 4931 enim
835 4875 959 4947 quis
971 4873 1173 4947 vigilet.
1194 4881 1472 4946 certetque
1490 4890 1695 4947 secum,
1735 4881 1891 4940 facile
1920 4882 1978 4937 in
2033 4889 2273 4957 extrema
2328 4878 2607 4945 virtutum,
2634 4876 2739 4934 hoc
2755 4886 2840 4933 est
2862 4876 2914 4932 in
2935 4876 3061 4932 vitia
3095 4877 3232 4947 ipsa,
3259 4874 3355 4931 de.

151 4971 307 5031 cidet.

216 5062 289 5117 1".
307 5061 374 5114 Δί
393 5059 503 5132 γάρ
521 5059 723 5130 ἀρεταὶ,
732 5057 895 5129 μέσαι
915 5057 1075 5122 εἰσὶν,
1094 5058 1129 5128 ἡ
1149 5056 1398 5129 βασιλικὴ
1420 5060 1539 5125 όδός
1564 5063 1698 5131 ἔστι,

1877 5057 1960 5113 III.
1994 5055 2179 5112 Mediae
2209 5063 2337 5110 sunt
2368 5068 2603 5130 namque
2639 5055 2866 5107 virtutes
2891 5091 2906 5115 ,
2955 5059 3012 5107 et
3048 5053 3193 5123 regia
3225 5052 3352 5124 via:

154 5155 280 5225 περὶ
306 5148 375 5225 ἧς
403 5146 557 5205 εἷπεν
583 5154 613 5205 ό
633 5150 802 5220 άγιος.
820 5149 1001 5221 γέρων
1030 5152 1236 5214 ἐκεῖνος
1256 5168 1271 5182 ο
1316 5170 1336 5204 ι
1376 5152 1509 5224 ὀδῷ
1544 5153 1697 5225 βασι-

154 5247 275 5319 λικῇ
305 5243 628 5319 πορεύεσθε,
656 5243 752 5297 καὶ
773 5242 843 5296 τὰ
872 5242 1022 5311 μίλια
1042 5246 1311 5315 μετρεῖτε.
1340 5262 1359 5295 ι
1383 5244 1561 5300 Μέσαι
1580 5243 1694 5313 οὖν,

152 5336 225 5400 ώς
256 5333 429 5401 εἷπον,
456 5337 512 5388 αί
544 5333 761 5406 ἀρεταὶ,
795 5332 1109 5405 ὑπερϐολῶν
1140 5336 1234 5388 καὶ
1261 5336 1568 5406 ἐλλείψεων.
1600 5339 1698 5393 Διά

154 5424 307 5478 τοῦτο
337 5426 648 5495 γέγραπται
667 5439 683 5455 ο
711 5423 808 5492 Μὴ
837 5424 1122 5494 ἐκκλίνῃς
1145 5428 1231 5492 εις
1253 5427 1327 5481 τὰ
1345 5425 1699 5499 mammas

154 5518 240 5582 εὶς
277 5516 349 5570 τὰ
372 5514 652 5584 ἀριστερά
668 5531 684 5548 ·
717 5516 876 5571 ἀλλά
912 5514 1029 5582 ὀδῷ
1072 5517 1367 5587 ,βασιλικῇ
1419 5522 1695 5589 πορεύου.

157 5608 261 5661 Καὶ
287 5608 316 5660 ό
344 5608 497 5676 ἅγιος
542 5607 821 5672 Βασίλειος
855 5607 1003 5677 λέγει
1036 5626 1049 5639 ο
1101 5609 1275 5673 Εὐθύς
1312 5612 1429 5665 ἐστι
1455 5616 1522 5684 τῇ
1561 5631 1697 5685 καρ-

158 5697 245 5769 δίᾳ
267 5700 298 5753 ό
325 5700 418 5753 τὸν
438 5699 696 5771 λογισμὸν
740 5698 815 5772 μὴ
846 5699 987 5772 ἔχων
1016 5700 1250 5772 ῥέποντα
1287 5705 1368 5767 είς
1395 5703 1699 5777 ὑπερϐολὴν

162 5789 296 5860 μήτε
338 5790 593 5861 ἔλλειψιν,
649 5791 787 5846 ἀλλά
824 5792 1261 5866 ἀπευθυνόμενος
1289 5795 1425 5862 πρὸς
1449 5796 1510 5849 τὸ
1535 5797 1699 5867 μέσον

162 5880 253 5946 τῆς
271 5881 470 5952 ἀρετῆς
494 5899 509 5913 ο
529 5876 642 5936 οἶόν
661 5901 713 5937 τι
739 5883 881 5953 λέγω
898 5902 913 5917 ο
948 5884 1012 5941 Ἦ
1036 5886 1198 5942 κακία
1223 5885 1345 5941 καθ’
1364 5886 1582 5959 ἑαυτὴν,
1601 5888 1692 5941 ού-

235 5994 251 6029 ¹
284 5992 436 6051 Deut.
473 6010 603 6061 xvu,
639 5996 721 6050 ll.

1798 5151 1867 5206 de
1901 5166 2007 5221 qua
2039 5149 2232 5205 solitus
2258 5156 2377 5201 erat
2404 5147 2582 5211 dicere
2627 5144 3003 5200 sanctissimus
3033 5144 3121 5199 ille
3149 5159 3347 5200 senex:

1808 5261 1827 5293 ε
1854 5242 2019 5313 Regia
2045 5240 2129 5294 via
2156 5238 2389 5293 ineedite
2411 5276 2428 5302 ,
2465 5248 2519 5291 et
2551 5237 2604 5291 in
2634 5237 2747 5291 haec
2784 5236 2956 5291 stadia
2984 5236 3297 5304 percurrite.
3324 5253 3347 5287 ι

1799 5334 1985 5389 Media:
2016 5334 2177 5402 igitur
2217 5341 2384 5395 sunt,
2419 5339 2480 5385 ut
2513 5330 2751 5385 diximus
2776 5369 2790 5390 ,
2820 5329 3043 5383 virtutes
3082 5327 3223 5381 inter
3252 5341 3351 5383 ex-

1800 5442 1989 5482 cessus
2020 5438 2181 5493 atque
2210 5423 2469 5478 defectus.
2500 5422 2679 5487 Quare
2707 5420 2964 5488 scriptum
2987 5430 3072 5474 est
3102 5438 3116 5474 :
3146 5418 3228 5475 Νε
3255 5420 3352 5473 de-

1801 5516 1961 5571 clines
1988 5516 2055 5568 ad
2078 5514 2348 5569 dexteram
2368 5528 2530 5583 neque
2556 5511 2624 5565 ad
2646 5512 2913 5565 sinistram
2938 5548 2952 5575 ,
2982 5511 3070 5565 sed
3101 5513 3239 5582 regia
3266 5513 3352 5566 ria

1801 5609 1975 5663 incede
1998 5608 2044 5661 ι.
2077 5606 2142 5660 Et
2164 5618 2383 5661 sanctus
2412 5603 2638 5660 Basilius
2659 5604 2734 5657 ait
2758 5620 2772 5657 :
2804 5622 2822 5655 ι
2853 5602 3075 5658 Rectum
3100 5603 3229 5657 illud
3253 5615 3354 5660 cor

1801 5710 1915 5765 est,
1949 5699 2090 5771 quod
2113 5698 2493 5769 cogitationem
2526 5696 2715 5760 habet,
2742 5712 2915 5767 neque
2942 5696 2996 5750 in
3024 5709 3308 5753 excessum
3331 5732 3350 5760 ,

1802 5808 1977 5862 neque
2012 5793 2065 5845 in
2097 5790 2366 5845 defectum
2399 5789 2755 5845 declinantem
2784 5829 2799 5853 ,
2850 5788 2944 5844 sed
2988 5788 3246 5844 directam
3280 5788 3349 5844 ad

1802 5885 2015 5941 virtutis
2050 5884 2302 5939 medium.
2332 5900 2349 5933 ι
2374 5882 2628 5954 Exempli
2657 5882 2826 5954 gratia
2859 5899 2872 5937 :
2915 5880 3112 5937 Malitia
3152 5895 3349 5938 secun-
