4118 6542
740 386 876 454 1727

1945 385 2005 447 S.
2051 377 2442 444 DOROTHEI
2464 376 2783 438 ABBATIS

3902 360 4014 422 7%

734 520 864 561 oum
897 519 954 558 se
976 502 1149 572 ipsam
1185 502 1319 557 nihil
1344 511 1427 557 est
1452 542 1465 554 .
1494 514 1669 572 neque
1696 499 1842 555 enim
1873 500 2178 555 substantia
2204 506 2309 561 est,

2425 495 2504 549 διν
2532 497 2703 549 εστιν.
2732 489 2874 546 Οὔτε
2900 487 3010 559 γὰρ
3032 486 3190 541 οὐσία
3219 485 3303 549 τίς
3330 486 3498 544 εστιν,
3522 481 3650 536 οὔτε
3685 479 4015 533 amcis

735 606 828 650 aut
852 595 1256 651 subsistentiam
1286 594 1449 649 ullam
1482 595 1661 649 habet.
1691 591 1821 647 Esto
1842 593 2004 661 igitur
2026 606 2146 646 eam
2172 590 2309 644 nihil

733 706 876 745 esse.
918 689 1052 743 Cum
1082 688 1317 742 declinat
1349 687 1511 759 420
1548 686 1729 741 anima
1764 702 1793 741 a
1835 687 2033 740 virtute
2056 724 2072 748 ,
2129 684 2187 738 fit
2220 683 2307 737 vi-

735 785 896 839 tiosa.
927 791 977 835 et
1013 780 1221 849 perlicit
1249 780 1538 839 malitiam.
1579 778 1940 849 allligiturque
1966 776 2035 831 ab
2063 790 2149 836 ea.
2181 773 2309 829 nul-

736 873 842 926 lam
874 871 1155 925 inveniens
1188 872 1240 924 in
1272 871 1388 940 ipsa
1421 870 1663 938 requiem
1700 869 2001 924 secundum
2032 877 2307 921 naturam.

737 963 880 1016 Idem
918 962 976 1016 fit
1016 966 1068 1016 in
1111 963 1276 1033 ligno.
1312 959 1429 1015 Non
1470 965 1615 1016 enim
1650 961 1813 1015 habet
1844 962 2046 1030 lignum
2077 958 2217 1012 intra
2252 971 2313 1012 se

734 1069 987 1117 vermes;
1021 1064 1171 1108 creat
1205 1052 1475 1107 modicam
1510 1052 1846 1123 putredinem
1874 1092 1890 1115 ,
1930 1061 1983 1105 et
2011 1064 2079 1104 ex
2106 1064 2169 1105 ea
2206 1062 2311 1119 pu-

735 1146 945 1200 tredine
980 1145 1036 1197 fit
1064 1145 1265 1197 vermis
1288 1184 1305 1207 ,
1345 1144 1440 1213 qui
1476 1146 1825 1213 postmodum
1865 1140 2069 1195 vermis
2108 1141 2311 1210 lignum

738 1238 882 1291 rudit
923 1246 978 1291 et
1020 1237 1280 1306 depascit.
1330 1235 1406 1291 Ita
1449 1243 1504 1290 et
1547 1234 1751 1290 ferrum
1796 1233 2105 1303 rubiginem
2150 1232 2310 1297 facit,

738 1340 904 1399 atque
933 1330 1112 1399 ipsum
1147 1344 1366 1383 rursum
1400 1329 1747 1383 consumitur
1776 1343 1805 1381 a
1833 1326 2104 1397 rubigine.
2133 1324 2200 1381 Et
2221 1340 2315 1382 ve-

724 1421 838 1474 stis
871 1420 1071 1473 tineam
1109 1430 1389 1490 procreat,
1423 1429 1587 1489 atque
1620 1419 1736 1489 ipsa
1764 1418 1908 1473 tinea
1939 1426 2143 1472 vestem
2188 1429 2315 1471 cor-

739 1512 959 1581 rmnpit.
1004 1511 1095 1566 Sic
1123 1512 1338 1565 tandem
1387 1520 1441 1565 et
1478 1513 1660 1565 anima
1705 1511 1819 1581 ipsa
1850 1511 2112 1565 malitiam
2144 1508 2272 1564 facit
2295 1550 2311 1574 ,

733 1618 859 1671 qua:
892 1602 1025 1656 nihil
1053 1610 1156 1666 est,
1190 1611 1246 1655 et
1280 1602 1481 1657 nullam
1526 1602 1684 1657 habet
1728 1604 2123 1666 substantiam,
2152 1610 2316 1673 atque

739 1693 914 1761 ipsam
969 1694 1207 1747 animam
1249 1693 1483 1748 destruit
1525 1703 1580 1749 et
1622 1694 1912 1750 anuihilat.
1948 1694 2129 1761 Quare
2155 1694 2315 1749 divus

738 1784 1035 1855 Gregorius
1071 1785 1500 1873 praeclarissime
1543 1786 1683 1841 dixit
1731 1806 1746 1841 :
1808 1805 1827 1839 ι
1865 1786 2047 1857 Ignem
2085 1784 2312 1841 materia

2406 604 2529 641 τινα
2558 587 2670 657 ἔχει
2688 602 2704 619 ο
2746 584 2822 656 μὴ
2848 584 3084 651 γένοιτο.
3133 578 3298 632 Ἀλλά
3326 578 3582 631 κλίνουσα
3631 575 3670 645 ἡ
3698 573 3870 642 ψυχὴ
3901 572 4017 625 ἀπὸ

2406 678 2506 749 τῆς
2537 678 2740 750 ἀρετῆς
2761 717 2777 741 ,
2811 675 3020 745 γίνεται
3051 670 3326 743 ἐμπαθὴς,
3348 671 3443 724 καὶ
3462 665 3812 723 ἀποτελοῦσι
3841 665 3891 696 ⁸⁸
3913 664 4018 734 τὴν

2409 771 2631 825 κακίαν·
2660 770 2785 824 ὅθεν
2806 769 2903 823 καὶ
2928 765 3219 830 κολάζεται
3247 764 3341 818 ὐπ’
3364 762 3559 831 αὐτῆς,
3595 761 3676 831 μὴ
3713 758 4019 827 εὑρίσκω⁹

2411 880 2481 917 σα
2516 862 2751 932 φυσικήν
2783 876 2908 914 τινα
2939 858 3245 913 ἀνάπαυσιν
3273 857 3333 909 ιν
3371 855 3511 925 αὐτῇ
3537 871 3550 884 ·
3589 851 3823 921 ὥσπερ,
3882 849 4020 902 ὑπό-

2411 958 2529 1018 θου,
2561 958 2625 1011 τὸ
2665 957 2839 1023 ξύλον.
2871 955 2964 1027 Μὴ
2990 954 3101 1025 γάρ
3131 952 3394 1022 σκώληκα
3416 950 3532 1020 ἔχει
3563 948 3785 1002 ἔσωθεν
3817 946 4015 1011 αὑτοῦ,

2410 1049 2551 1105 ἀλλὰ
2578 1050 2727 1102 ποιεί
2757 1045 2960 1119 μικρὰν
2990 1042 3278 1114 σῆψιν,καὶ
3302 1043 3368 1095 εκ
3393 1041 3495 1109 τῆς
3524 1040 3752 1110 σήψεως
3784 1036 4017 1104 ἐκείνης

2410 1142 2620 1211 γίνεται
2660 1141 2690 1193 6
2725 1139 2963 1210 σκώληξ,
3002 1137 3100 1190 καὶ
3155 1134 3328 1198 οὕτως
3370 1131 3536 1193 αὐτὸς
3581 1131 3611 1183 6
3658 1127 3909 1197 σκώληξ
3940 1126 4016 1195 βι-

2412 1234 2657 1305 ϐρὼσκει
2681 1232 2742 1286 τδ
2766 1231 2944 1297 ξύλον.
2984 1228 3225 1300 ὐμοίως
3255 1227 3392 1281 καὶὸ
3411 1223 3613 1296 χαλκὸς
3644 1221 3834 1283 αὐτὸς
3872 1222 4017 1273 nisi

2410 1328 2504 1381 τὸν
2533 1327 2632 1391 ίδν,
2669 1326 2764 1380 καὶ
2792 1325 2957 1388 αὐτὸς
2982 1323 3148 1378 πάλιν
3184 1319 3537 1375 ἀναλίσκεται
3583 1317 3701 1371 ὑπὸ
3745 1314 3863 1369 τοῦ
3912 1314 4010 1367 tot}.

2412 1420 2523 1474 Kal
2551 1421 2620 1473 τὰ
2652 1419 2846 1489 ἱμάτια
2873 1416 3014 1471 αὑτά
3038 1416 3187 1468 ποιεί
3210 1414 3301 1467 τὸν
3334 1413 3511 1483 σῆτα·
3540 1410 3639 1463 καὶ
3672 1407 3861 1471 αὐτὸς
3901 1410 3932 1459 6
3958 1406 4014 1470 εξ

2411 1508 2574 1565 αὐτοῦ
2602 1508 2889 1578 γινόμενος
2915 1508 3015 1577 σῆς
3041 1504 3255 1575 φθείρει
3285 1502 3439 1556 αὑτό.
3480 1498 3673 1562 Οὕτως
3701 1497 3809 1553 οὖν
3850 1500 3954 1550 καὶ
3984 1498 4013 1564 ἡ

2411 1603 2579 1672 ψυχὴ,
2603 1601 2741 1671 αὐτῇ
2769 1600 2915 1654 ποιεί
2945 1599 3047 1671 τὴν
3069 1596 3292 1661 κακίαν,
3319 1594 3485 1665 μηδὲν
3530 1592 3640 1663 πρὸ
3691 1590 3910 1644 τούτου
3937 1585 4012 1642 οὗ·

2414 1711 2534 1758 σαν,
2565 1691 2835 1764 μηδεμίαν
2880 1690 3131 1761 ἔχουσαν,
3174 1686 3252 1751 ὡς
3293 1682 3468 1749 εἷπον,
3518 1684 3878 1743 ὑπόστασιν.
3918 1683 4010 1734 καὶ

2413 1786 2551 1857 αὑτὴ
2576 1781 2865 1848 κολάζεται
2894 1780 3000 1836 ὑπὸ
3029 1780 3131 1850 τῆς
3158 1778 3382 1841 κακίας.
3419 1776 3535 1831 Καὶ
3564 1775 3757 1840 καλῶς
3790 1770 3959 1828 εἶπεν
3983 1775 4010 1825 ὸ

740 1851 1028 1947 procreat,
1064 1851 1221 1933 etab
1251 1894 1317 1931 eo
1349 1880 1726 1943 consumitur,
1762 1887 1821 1932 ut
1858 1851 2119 1942 a'malis,
2153 1876 2311 1931 mali-

2425 1851 2568 1948 Ξγιος
2589 1875 2890 1949 Γρηγόριος
2916 1890 2933 1907 ο
2974 1891 2994 1925 ι
3033 1873 3155 1944 Πῦρ
3174 1872 3285 1944 γάρ
3312 1870 3447 1941 ὕλης
3475 1869 3734 1939 γέννημα
3768 1869 3882 1924 καὶ
3921 1868 4009 1921 δα-

738 1970 836 2023 tia.
867 1989 884 2018 ι
921 1969 1075 2036 Quod
1108 1972 1269 2025 etiam
1300 1971 1484 2026 videre
1512 1981 1596 2026 est
1627 1972 1679 2024 in
1707 1971 2086 2042 egrotantiqu
2114 1984 2311 2040 corpo'

740 2061 911 2115 ribus.
944 2063 1077 2117 Cum
1110 2064 1253 2117 enim
1285 2064 1410 2133 quis
1440 2064 1793 2120 deordinatus
1829 2074 1914 2120 est
1956 2075 2011 2121 et
2048 2066 2316 2137 intempe-

740 2169 891 2214 rans.
927 2169 1102 2224 neque
1139 2156 1190 2209 ei
1220 2170 1351 2210 cura
1375 2164 1461 2212 est
1487 2156 1595 2211 ulla
1624 2157 1975 2224 valetudinis,
2018 2158 2077 2214 lit
2110 2159 2163 2214 in
2196 2160 2316 2230 ipso

743 2246 925 2301 statim
962 2245 1044 2301 vel
1075 2246 1352 2312 defectus,
1392 2248 1475 2302 vel
1520 2263 1813 2315 excessus,
1847 2258 1901 2304 et
1934 2251 2179 2320 quaedam
2230 2252 2317 2305 in-

739 2338 1048 2409 aequalitas.
1086 2355 1153 2393 ex
1179 2354 1285 2410 qua
1316 2340 1494 2394 subita
1525 2342 1882 2411 consequitur
1908 2343 2171 2413 aegritudo
2197 2358 2319 2413 qua:

741 2429 879 2483 nihil
921 2438 1023 2485 est.
1066 2427 1203 2483 Nam
1249 2429 1341 2484 ubi
1383 2445 1586 2500 corpus
1617 2433 1956 2488 convaluerit
2000 2443 2055 2489 et
2099 2434 2318 2490 sanitati

744 2519 1011 2573 redditum
1042 2518 1227 2585 fuerit,
1266 2519 1457 2575 uullibi
1489 2521 1735 2576 locorum
1775 2524 2039 2592 reperitur
2056 2525 2320 2595 agritudo

743 2612 857 2675 illa,
885 2621 939 2666 et
967 2612 1114 2667 nulla
1142 2621 1245 2668 est.
1281 2612 1354 2667 Ita
1382 2621 1438 2668 et
1466 2614 1669 2669 malitia
1696 2616 1961 2685 aegritudo
1988 2628 2072 2673 est
2102 2620 2316 2685 anime,

744 2718 867 2772 qua:
892 2703 1040 2758 illam
1068 2704 1242 2774 privat
1266 2706 1483 2776 propria
1511 2716 1564 2762 et
1587 2709 1822 2763 naturali
1843 2709 2167 2776 valetudine,
2199 2726 2322 2767 aute

744 2795 923 2849 virtus
949 2804 1055 2851 est.

819 2887 907 2943 IV.
940 2886 1181 2945 Dicimus
1208 2900 1389 2945 autem
1422 2890 1628 2946 medias
1655 2906 1779 2946 esse
1800 2893 2074 2948 virtutes:
2114 2902 2175 2948 ut
2209 2892 2325 2948 for-

746 2978 1035 3035 titudinem
1063 3020 1079 3045 ,
1129 2996 1250 3052 qua
1284 2982 1463 3038 media
1491 2994 1575 3037 est
1610 2983 1752 3038 inter
1780 2983 2029 3039 timorem
2060 2994 2117 3040 et
2155 2984 2326 3041 auda-

747 3072 928 3137 ciam;
977 3072 1338 3129 humilitatem
1385 3075 1530 3129 inter
1568 3075 1877 3145 superbiam
1927 3084 1985 3130 et
2029 3077 2324 3132 humanam

2416 1971 2563 2041 πανᾷ
2587 1968 2686 2040 τὴν
2714 1966 2870 2039 ὓλην,
2901 1965 2979 2029 ὡς
3000 1964 3130 2027 τοὺς
3176 1962 3382 2026 κακοὺς
3406 1963 3440 2033 ἡ
3477 1961 3676 2015 κακία.
3720 1978 3743 2013 ι
3786 1960 4007 2030 Ὠοκερ

2416 2062 2511 2116 καὶ
2541 2062 2635 2114 επὶ
2660 2058 2774 2112 τῶν
2796 2056 3227 2130 ἀρρωστούντων
3259 2053 3528 2126 σωμάτιον
3567 2052 3727 2106 ἐστιν
3765 2052 3962 2125 εὑρεῖν
3992 2069 4007 2084 ·

2415 2155 2545 2209 ὅταν
2587 2154 2867 2235 ἀτακτήσῃ
2917 2169 3001 2215 τις
3043 2153 3139 2205 καὶ
3188 2150 3264 2222 μὴ
3302 2149 3554 2220 διοικήσῃ
3596 2148 3774 2201 αὐτὸν
3815 2149 3883 2201 ἑν
3944 2152 4007 2219 τῇ

2418 2250 2596 2319 ὑγεία,
2627 2241 2838 2316 γίνεται
2868 2246 2902 2317 ἢ
2934 2244 3354 2315 πλεονασμὸς,ἢ
3389 2242 3651 2312 ἐλλειψις,
3689 2243 3790 2295 καὶ
3821 2242 4008 2296 λοιπὸν

2416 2342 2482 2395 ἐκ
2515 2342 2708 2395 τούτου
2755 2339 3052 2409 ἀνωμαλεί
3090 2337 3253 2391 Ὥστε
3284 2336 3392 2408 πρὸ
3429 2336 3624 2390 τούτου
3654 2334 3917 2406 οὐδαμοῦ
3946 2332 4008 2407 ἦν

2418 2433 2719 2506 ἀρρωστία,
2748 2432 2869 2487 οὐδέ
2904 2449 2955 2485 τι
3000 2427 3103 2503 ἦν’
3139 2433 3234 2485 καὶ
3272 2430 3435 2485 πάλιν
3473 2428 3596 2499 μεθ’
3637 2422 3722 2484 ῶν
3768 2430 4007 2498 ὑγιαίνει

2418 2525 2481 2579 τὸ
2515 2524 2696 2594 σῶμα,
2727 2522 2847 2578 οὐδὲ
2874 2522 2975 2593 οὐχ
3003 2523 3316 2593 εὑρίσκεται
3341 2522 3374 2593 ἠ
3404 2522 3692 2593 ἀρρωστία
3716 2536 3735 2555 ·
3785 2522 3919 2576 οὐδὲ
3959 2522 4005 2574 τί

2423 2632 2556 2669 ποτε
2587 2609 2681 2684 ἦν.
2727 2614 2961 2685 Ὁμοίως
2999 2613 3094 2667 καὶ
3126 2614 3159 2685 ἡ
3201 2613 3369 2667 κακία
3406 2612 3694 2684 ἀρρωστία
3731 2614 3866 2667 εστὶ
3919 2613 4009 2681 τῆς

2420 2708 2600 2778 ψυχῆς
2634 2708 3005 2781 στερουμένης
3036 2707 3135 2777 τῆς
3161 2706 3295 2771 ίδίας
3325 2707 3496 2779 αὐτῆς
3528 2707 3627 2761 καὶ
3657 2707 3814 2762 κατὰ
3848 2710 4007 2779 φύσιν

2423 2798 2641 2866 ὑγείαςο
2667 2797 2792 2869 ἥτις
2823 2797 2976 2851 ἐστὶν
3006 2798 3041 2867 ἡ
3068 2797 3258 2869 ἀρετή.

2494 2886 2565 2943 Δ’.
2585 2887 2683 2941 Διά
2697 2887 2854 2941 τοῦτο
2876 2889 3103 2957 εἴπομεν
3126 2888 3207 2941 ὅτι
3240 2886 3402 2958 μέσαι
3428 2890 3564 2941 εἰσὶν
3597 2889 3822 2959 ἀρεταίι
3848 2888 4009 2963 οἷονὴ

2425 2980 2649 3051 ἀνδρεία
2680 2979 2821 3050 μέση
2850 2980 2972 3033 εστὶ
2996 2980 3096 3050 τῆς
3132 2979 3341 3045 δειλίας
3366 2981 3465 3034 καὶ
3483 2980 3586 3051 τῆς
3615 2982 4006 3055 θρασύτητος·

2425 3072 2950 3145 ἡταπεινοφροσύνη
2987 3073 3127 3144 μέση
3177 3073 3295 3126 lati
3340 3072 3441 3144 τῆς
3487 3074 3888 3144 ὑπερηφανίας
3924 3078 4010 3130 καὶ

749 3163 1240 3231 complacentiam;
1275 3164 1537 3234 pudorem
1563 3166 1703 3220 inter
1728 3166 2111 3222 verecundiam
2140 3176 2196 3223 et
2224 3169 2324 3223 itu-

2427 3165 2529 3234 τῆς
2559 3163 3052 3236 ἁνθρωτοαρεσκίας
3080 3179 3096 3196 ·
3124 3164 3330 3234 ὁμοίως
3356 3166 3392 3235 ἠ
3426 3163 3709 3231 εὐλάϐεια,
3729 3167 3881 3238 μέση
3901 3168 4008 3219 ἐπὶ

750 3254 1099 3323 pudentiam:
1125 3265 1179 3312 et
1197 3256 1386 3311 eodem
1417 3256 1580 3311 modo
1604 3258 1843 3328 reliquas
1859 3272 2051 3315 omnes
2079 3258 2323 3315 virtutes.

752 3343 859 3412 Qui
887 3362 1018 3415 ergo
1045 3357 1293 3419 repertus
1321 3348 1486 3402 fuerit
1508 3351 1788 3405 hominum
1817 3351 2190 3421 hujuscemodi
2220 3352 2325 3406 vir-

754 3437 965 3495 tatibus
989 3449 1242 3504 ornatus,
1267 3441 1715 3510 praeclarissimus
1738 3441 1845 3497 erit
1867 3442 2011 3513 apud
2043 3440 2246 3509 Deum;
2274 3451 2331 3499 et

754 3534 1375 3603 quanquamcomedat.
1410 3534 1597 3599 bibat,
1631 3535 1977 3605 dormiatque
2008 3546 2071 3590 ut
2110 3537 2325 3601 ceteri,

756 3633 936 3679 tamen
960 3639 1025 3679 ex
1046 3625 1131 3680 his
1146 3625 1458 3691 virtutibus,
1484 3626 1626 3695 apud
1653 3642 1845 3681 omnes
1863 3626 1969 3682 erit
1982 3629 2327 3685 venerabilis.

756 3712 872 3768 Nisi
899 3729 1028 3769 vero
1050 3714 1214 3768 fuerit
1235 3715 1469 3785 diligens
1490 3724 1545 3768 et
1564 3716 1994 3785 circumspectus
2014 3732 2141 3789 erga
2167 3733 2228 3773 se
2256 3721 2333 3789 ip-

758 3820 880 3859 sum
905 3848 922 3871 ,
964 3808 1029 3861 ad
1078 3810 1352 3862 dexteram
1394 3806 1555 3864 facile
1585 3809 1666 3863 vel
1700 3810 1979 3867 sinistram
2006 3812 2326 3868 declinabit:

760 3898 863 3953 huc
877 3906 979 3963 est,
1006 3900 1087 3954 vel
1118 3901 1169 3953 in
1192 3899 1460 3955 defectum
1485 3902 1568 3955 vel
1590 3902 1643 3955 in
1666 3917 1951 3960 excessum
1979 3926 1991 3960 :
2023 3907 2328 3976 perveniet-

758 4000 865 4054 que
887 3989 953 4042 ad
983 3988 1179 4044 anima:
1198 3990 1575 4061 aegritudinem
1604 4005 1766 4061 quam
1793 3996 2048 4051 malitiam
2069 3999 2325 4054 diximus.

760 4080 886 4137 llzec
909 4090 992 4135 est
1014 4082 1174 4151 igitur
1195 4083 1279 4136 via
1306 4083 1471 4153 regia,
1498 4099 1592 4155 per
1616 4101 1780 4155 quam
1806 4087 1976 4140 sancti
2000 4103 2187 4141 oinnes
2210 4103 2318 4157 pro-

760 4174 884 4229 fecti
908 4183 1055 4229 sunt.
1076 4174 1259 4229 Studia
1280 4188 1460 4231 autem
1490 4177 1627 4231 varii
1658 4187 1785 4232 sunt
1805 4188 2002 4239 status,
2029 4193 2152 4246 qua:
2171 4177 2333 4234 debet

760 4266 994 4336 quisque
1023 4268 1233 4321 emetiri
1264 4307 1279 4330 ,
1318 4282 1532 4337 semper
1573 4277 1631 4323 et
1672 4269 1942 4339 inspicere
1968 4272 2188 4325 ubinam
2224 4272 2327 4339 sit,

764 4364 1002 4425 quotque
1029 4358 1199 4411 stadia
1229 4359 1531 4412 decurrerit
1554 4398 1570 4420 ,
1623 4369 1679 4415 et
1710 4360 1764 4414 in
1793 4376 1954 4430 quem
1978 4370 2177 4416 statum
2206 4377 2330 4431 per-

762 4448 993 4512 venerit,
1030 4457 1088 4501 ut
1124 4449 1355 4519 exempli
1393 4450 1567 4520 gratia
1603 4469 1617 4505 :
1658 4466 2041 4522 quemcunque
2069 4453 2174 4508 huc
2201 4468 2331 4508 eon-

2429 3256 2532 3327 τῆς
2563 3254 2828 3326 αἰσχύνης
2858 3256 2954 3309 καὶ
2992 3255 3096 3327 τῆς
3128 3255 3405 3318 ἀναιδείας
3430 3273 3446 3289 ο
3476 3254 3653 3319 οὕτως
3683 3260 3841 3313 κατά
3881 3261 4006 3313 ἁνα-

2430 3347 2618 3415 λογίαν
2644 3347 2739 3400 καὶ
2768 3348 2826 3400 αί
2862 3345 3046 3400 λοιπαὶ
3068 3345 3281 3417 ἀρεταί.
3309 3346 3437 3401 Ἐἀν
3451 3342 3543 3400 οὖν
3564 3349 3777 3420 εὑρεθῇ
3799 3350 4006 3419 ἀνθρω-

2432 3456 2533 3501 πος
2564 3437 2883 3509 ἀξιούμενος
2909 3437 3116 3491 τούτων
3142 3436 3253 3493 τῶν
3295 3438 3534 3507 ἀρετῶν,
3596 3433 3717 3504 οἷος
3754 3440 4005 3513 εὑρίσκει⁸

2432 3544 2523 3581 ται
2544 3530 2727 3598 τίμιος
2757 3529 2912 3601 παρά
2945 3528 3024 3597 τῷ
3052 3528 3193 3600 Θεῷ,
3220 3530 3317 3584 καὶ
3342 3530 3433 3584 ἀεὶ
3454 3530 3717 3598 φαίνεται
3744 3533 3850 3600 μὲν
3872 3533 4006 3602 τρώ-

2432 3636 2545 3688 γων
2574 3621 2670 3673 καὶ
2698 3620 2866 3674 πίνων
2898 3620 2995 3675 καὶ
3032 3620 3396 3691 κοιμώμενος.
3426 3621 3620 3694 ῶσπερ
3673 3626 3779 3679 καὶ
3815 3628 3869 3679 οἱ
3909 3628 4007 3680 lato

2433 3715 2527 3769 ml.
2557 3715 2666 3768 τῶν
2691 3714 3017 3788 ἀνθρώπιον·
3048 3714 3166 3770 ἐστι
3192 3716 3249 3770 δὲ
3278 3718 3307 3769 6
3331 3716 3573 3777 τοιοῦτος
3592 3717 3783 3787 τίμιος
3809 3718 3901 3772 διά
3918 3720 4007 3781 τάς

2433 3806 2635 3877 ἀρετὰς
2674 3807 2743 3869 ἀς
2795 3805 2929 3875 ἔχει.
2971 3806 3034 3859 El
3064 3806 3123 3860 δὲ
3160 3806 3237 3877 μὴ
3284 3807 3432 3879 νήφῃ
3468 3823 3557 3871 τις
3616 3809 3717 3862 καὶ
3768 3811 4004 3881 φυλάττῃ

2434 3897 2645 3958 ἑαυτὸν.
2677 3896 2919 3950 ἐκκλίνει
2974 3896 3218 3967 εὐχερῶς
3251 3897 3361 3950 ἀπὺ
3397 3897 3498 3967 τῆς
3540 3897 3689 3963 ὁδοῦ,
3736 3900 3773 3967 ἧ
3828 3904 3911 3966 εἰς
3941 3903 4002 3955 τά

2435 3987 2605 4053 δεξιά,
2642 3988 2773 4058 ἢείς
2800 3988 2869 4041 τὰ
2890 3988 3153 4059 ἀριστερά
3174 4007 3188 4020 ο
3215 3988 3359 4041 τοῦτ’
3387 3987 3670 4057 {camuri
3698 3991 4004 4063 ὑπερϐολὴν

2436 4081 2471 4151 ἢ
2511 4080 2769 4150 ἔλλειψιν,
2800 4082 2893 4135 καὶ
2925 4080 3181 4134 ἀποτελεῖ
3201 4082 3300 4152 τὴν
3325 4080 3639 4153 ἀρρωστίαν
3662 4084 3794 4153 ἥτις
3814 4086 4002 4153 ἐστὶ·αὴ

2435 4173 2628 4227 κακία.
2673 4172 2802 4227 Ἰδοὺ
2831 4172 2971 4242 αὕτη
3002 4172 3153 4226 ἐστὶν
3177 4173 3211 4240 ἡ
3242 4172 3407 4243 ὸδδςή
3432 4172 3688 4245 βασιλικὴ
3711 4175 3776 4227 ὲν
3857 4176 4004 4231 ῶδεν-

2434 4280 2535 4320 σαν
2565 4266 2768 4326 πάντες
2793 4267 2844 4319 οἱ
2867 4264 3049 4333 ἅγιον
3082 4263 3149 4317 τὰ
3177 4262 3234 4316 δδ
3282 4263 3434 4349 μίλιά
3458 4265 3601 4317 εἰσιν
3652 4267 3712 4318 αί
3762 4267 4002 4339 διάφοροι

2434 4358 2796 4421 καταστάσεις
2824 4363 2888 4420 ἃς
2918 4356 3107 4427 ὀφείλῃ
3128 4372 3214 4420 τις
3238 4359 3475 4427 μετρεῖν,
3495 4358 3732 4412 πάντοτε
3772 4362 3868 4413 καὶ
3896 4362 4003 4431 βλέ-

2435 4466 2560 4502 πειν
2589 4450 2692 4503 ποῦ
2725 4450 2894 4512 ἐστιν,
2928 4451 3007 4512 είς
3030 4451 3183 4502 ποῖον
3212 4448 3386 4519 μίλιον
3432 4448 3691 4517 ῐφθασεν,
3741 4455 3829 4516 εἰς
3858 4456 4004 4507 ποίαν

764 4538 1012 4593 venimus
1042 4554 1290 4608 scopum,
1314 4542 1565 4596 eumdem
1593 4551 1841 4598 tenemus
1864 4542 1931 4598 ad
1959 4552 2215 4598 aternam
2240 4559 2324 4613 pa-

2431 4541 2764 4595 κατάστασίν
2794 4543 2943 4595 ἔστιν
2966 4556 2981 4571 ·
3010 4534 3123 4593 οἷόν
3150 4556 3204 4592 τι
3233 4539 3395 4608 λέγω.
3433 4540 3619 4603 Οὕτως
3642 4544 3821 4612 ἐσμὲν
3855 4548 4002 4614 ἡμεῖς

764 4627 949 4685 triam.
970 4640 1032 4679 ex
1052 4627 1239 4681 eadem
1263 4644 1400 4696 pene
1419 4630 1639 4683 civitate
1659 4630 1880 4700 egressi.
1902 4633 2078 4700 Atque
2098 4631 2190 4685 alii
2212 4632 2335 4701 qui-

765 4716 888 4771 dem
906 4717 1079 4772 stadia
1097 4719 1339 4789 quinque
1356 4718 1577 4788 profecti
1602 4722 1980 4789 substiterunt,
2002 4721 2094 4775 alii
2116 4723 2333 4789 decem;

767 4807 823 4863 hi
848 4823 977 4861 vero
1012 4809 1150 4863 inter
1184 4811 1418 4865 medium
1452 4827 1739 4880 perrexere
1774 4828 1787 4864 :
1825 4813 1915 4866 alii
1948 4827 2057 4867 non
2091 4814 2336 4867 omnimo

768 4900 978 4954 emensi
1006 4908 1154 4963 sunt,
1194 4901 1286 4955 sed
1320 4916 1445 4955 cum
1472 4916 1503 4955 e
1530 4902 1749 4957 civitate
1771 4903 2052 4967 exiissent,
2078 4913 2232 4958 extra
2253 4904 2339 4975 ja-

770 5006 934 5045 nuam
962 4992 1016 5045 in
1049 4990 1217 5045 fetore
1244 5004 1300 5046 et
1329 4993 1449 5047 labe
1482 4994 1630 5049 illius
1658 5004 2056 5050 remanserunt.
2088 4995 2337 5053 Viatores

770 5097 992 5154 quoque
1012 5084 1103 5138 alii
1122 5099 1247 5139 cum
1266 5085 1373 5139 duo
1392 5087 1711 5155 plerumque
1732 5088 1907 5142 stadia
1920 5088 2337 5153 ambulaverint,

771 5184 1018 5231 errantes
1056 5176 1565 5246 retrogrediuntur;
1600 5180 1683 5233 vel
1713 5180 1821 5233 duo
1860 5178 2087 5249 profecti
2131 5180 2300 5235 stadia
2321 5221 2337 5244 ,

774 5265 1019 5336 quinque
1049 5276 1415 5321 revertuntur.
1455 5266 1699 5324 Viatores
1725 5269 1778 5322 hi
1802 5284 1991 5323 sumus
2019 5284 2135 5324 nos.
2159 5271 2339 5339 Aliqui

775 5356 923 5411 enim
962 5371 1030 5411 ex
1075 5359 1231 5412 nobis
1260 5360 1457 5415 saeculo
1491 5361 1933 5418 abrenuntiantes
1971 5362 2039 5415 ad
2071 5371 2341 5417 monaste-

778 5450 924 5503 rium
952 5464 1145 5505 venere
1176 5466 1241 5506 eo
1268 5453 1471 5516 animo,
1508 5464 1569 5508 ut
1603 5455 1827 5509 virtutes
1848 5469 2199 5524 quascunque
2226 5463 2342 5509 stu-

781 5542 1093 5598 diosissime
1116 5553 1325 5611 parent.
1346 5545 1522 5615 Atque
1547 5546 1638 5600 alii
1654 5546 1870 5616 quidem
1892 5561 2014 5600 cum
2039 5546 2122 5600 vel
2149 5562 2339 5615 parum

782 5631 1133 5704 profecerim,
1156 5635 1425 5691 desistunt
1455 5638 1598 5692 itheo
1631 5657 1643 5691 :
1675 5638 1765 5691 alii
1793 5639 1966 5708 magis
1987 5636 2341 5708 progrediun-

786 5734 919 5790 tur;
965 5724 1056 5780 alii
1093 5727 1331 5781 medium
1375 5728 1453 5781 rei
1497 5730 1811 5794 consecuti,
1854 5730 2061 5785 desidia
2091 5739 2340 5800 torpent:

789 5820 879 5878 alii
907 5828 1086 5877 autem
1130 5821 1261 5878 nihil
1288 5822 1511 5877 omnino
1553 5840 1607 5878 se
1641 5824 1851 5893 erigunt
1892 5832 1983 5877 aut
2014 5824 2299 5893 proﬁciunt
2325 5862 2340 5887 .

2438 4632 2643 4695 πάντες
2672 4632 2862 4705 ῶσπερ
2893 4630 3038 4695 τινὲς
3060 4631 3276 4699 ἔχοντες
3310 4630 3509 4684 σκοπὸν
3535 4630 3761 4684 ὁδεῦσαι
3785 4636 3883 4687 ἐπὶ
3917 4637 4001 4704 τὴν

2435 4729 2597 4797 ἁγίαν
2645 4726 2829 4781 πόλινο
2872 4726 2966 4780 καὶ
3013 4724 3321 4789 ἐξελθόντες
3370 4725 3476 4777 ἀπὸ
3514 4726 3647 4795 μιᾶς
3683 4727 3925 4791 πόλεως,
3958 4730 3999 4780 οξ

2440 4821 2557 4888 μὲν,
2600 4818 2840 4871 ὥδευσαν
2888 4820 3050 4871 πέντε
3099 4816 3255 4887 μίλια
3288 4816 3383 4868 καὶ
3418 4817 3724 4885 ἀπέμειναν
3756 4835 3770 4846 ·
3828 4821 3879 4871 οί

2437 4910 2678 4963 ὥδευσαν
2708 4910 2838 4962 δέκα
2862 4926 2877 4940 ·
2905 4911 2955 4962 οί
2989 4908 3066 4972 δὲ,
3094 4909 3190 4961 καὶ
3214 4908 3319 4970 ἕως
3349 4907 3442 4961 τοῦ
3470 4908 3714 4977 ἡμίσεως
3733 4908 3841 4979 τῆς
3867 4910 3994 4963 ὁδοῦ·

2436 5004 2485 5054 οἱ
2514 5002 2594 5063 δὲ,
2626 5000 2744 5055 οὐδὲ
2764 5000 2899 5062 ὅλως
2930 4999 3195 5063 ὥδευσαν,
3231 4998 3347 5051 ἀλλ’
3368 4996 3591 5065 ἐξῆλθον
3632 4998 3739 5067 μὲν
3785 5001 3889 5068 τῆς
3911 5002 3995 5053 :6-

2436 5094 2573 5154 λεως
2601 5111 2614 5123 ·
2648 5092 2868 5161 ἔμειναν
2894 5091 2951 5144 δὲ
2981 5089 3085 5157 ἔξω
3112 5090 3220 5142 τῶν
3254 5088 3437 5141 πυλῶν
3468 5090 3548 5148 εἰς
3591 5088 3705 5157 τὴν
3739 5089 3994 5143 δυσωδίαν

2438 5185 2607 5252 αὐτῆς
2637 5200 2650 5213 ·
2684 5184 2734 5236 οἱ
2763 5182 2820 5235 δὲ
2844 5183 2900 5233 ἐν
2931 5183 2999 5251 τῇ
3030 5179 3134 5249 ὀδῷ
3158 5178 3330 5244 ὄντες,
3361 5178 3506 5230 ἐστιν
3530 5179 3619 5230 ὅτε
3645 5177 3900 5231 ὁδεύουσι
3919 5179 3994 5230 δύο

2442 5274 2615 5344 μίλια,
2646 5274 2741 5325 καὶ
2783 5270 3113 5335 πλανῶνται,
3160 5268 3255 5321 καὶ
3300 5267 3735 5337 ὑποστρέφουσιν
3769 5268 3929 5329 αὐτὰ,
3966 5266 3991 5333 ἦ

2438 5365 2533 5418 δύο
2570 5362 2802 5426 ποιοῦσι,
2826 5364 2919 5415 καὶ
2946 5361 3346 5431 ὑποστρέφουσι
3388 5359 3551 5411 πέντε
3572 5375 3586 5388 ·
3627 5359 3680 5410 οἱ
3713 5357 3775 5410 δὲ
3794 5402 3809 5423 ,
3839 5360 3991 5411 ὦδευ-

2444 5471 2541 5505 σαν
2568 5453 2673 5516 ἕως
2696 5452 2863 5521 αὐτῆς
2891 5450 2990 5521 τῆς
3025 5450 3229 5512 πόλεως
3252 5488 3267 5513 ,
3298 5449 3520 5519 ἔμειναν
3542 5446 3597 5499 δὲ
3632 5446 3764 5511 ἔξω.
3798 5451 3893 5501 καὶ
3908 5450 3991 5500 οὐκ

2441 5544 2689 5614 εἰσῆλθον
2710 5545 2813 5607 ἓως
2835 5546 2915 5605 είς
2947 5544 3045 5613 τὴν
3077 5543 3252 5596 πόλιν.
3293 5542 3423 5596 Ἰδοὺ
3468 5540 3645 5603 οὕτως
3689 5541 3864 5610 ἐσμὲν
3911 5539 3990 5593 καὶ

2443 5641 2621 5708 ἡμεῖς.
2657 5638 2778 5691 Εἰσὶ
2819 5638 2926 5709 γάρ
2966 5654 3110 5700 τινες
3155 5635 3216 5701 ἐξ
3244 5634 3418 5707 ἡμῶν,
3447 5633 3499 5686 οἵ
3544 5650 3602 5686 τε
3637 5634 3864 5702 ἀφῆκαν
3913 5634 3988 5684 τὸν

2444 5729 2665 5798 κόσμον,
2702 5728 2795 5781 καὶ
2821 5723 2981 5798 ἦλθον
3002 5728 3061 5793 ἐς
3084 5728 3141 5781 τὸ
3170 5728 3528 5797 μοναστήριον
3554 5726 3761 5778 σκοπὸν
3793 5726 3987 5795 ἔχοντες

2446 5823 2523 5884 εἰς
2556 5819 2616 5873 τὸ
2647 5820 2948 5891 κτήσασθαι
2980 5821 3078 5882 τὰς
3103 5820 3319 5890 ἀρετάς.
3349 5815 3459 5870 Καὶ
3493 5816 3543 5869 οἱ
3583 5815 3686 5885 μὲν
3713 5815 3985 5886 κατώρθω-
