4118 6542
172 380 307 447 1729

1516 378 1888 439 DOCTRINA
1931 378 2001 437 X.

3238 386 3373 453 1730

167 511 267 549 σαν
292 492 469 560 ὀλίγον
497 495 589 548 καὶ
616 494 974 565 ὲναπέμείιναν
993 508 1007 523 ·
1042 493 1189 549 ἄλλοι
1216 492 1295 545 ἔτι
1315 489 1528 560 μικρὸν,
1561 488 1700 542 ἄλλοι

1810 489 1905 542 sed
1935 491 2141 558 egressi
2161 504 2386 559 corpore
2412 500 2621 547 tantum
2651 508 2682 547 e
2715 497 2896 550 mundi
2927 497 3224 564 illecebris,
3252 505 3373 560 ani-

161 587 260 638 καὶ
289 585 393 648 ἕως
417 586 510 638 τοῦ
547 584 788 655 ἡμίσεως
823 582 918 638 τοῦ
948 585 1301 656 πράγματος,
1347 581 1441 635 καὶ
1477 580 1710 650 ἐστάθη-

161 693 265 729 σαν
282 693 296 707 ο
332 675 479 729 ἄλλοι
512 676 663 728 οὐδὲν
695 676 829 739 ὅλως
857 672 1381 747 κατώρθωσαν,άλλά
1403 671 1495 725 καὶ
1523 669 1709 734 ἔδοξαν

163 765 266 834 μὲν
287 764 518 830 ἐξελθεῖν
547 766 609 819 ἐκ
635 765 729 819 τοῦ
761 765 988 835 κόσμου,
1034 764 1252 835 ἔμειναν
1299 762 1355 814 δὲ
1391 762 1471 822 εἰς
1512 759 1579 812 τὰ
1615 757 1709 810 τοῦ

160 857 365 926 κόσμου
412 857 580 928 πάθη,
623 860 716 912 καὶ
748 860 829 922 είς
873 859 971 929 τὴν
1013 856 1278 911 δυσωδίαν
1322 853 1489 907 αὑτοῦ
1517 869 1532 883 ο
1562 850 1710 903 ἄλλοι

157 946 490 1018 κατορθοῦσι
544 948 737 1018 μικρὸν
791 948 985 1011 καλὸν,
1040 946 1138 1000 καὶ⁵
1186 946 1344 998 πάλιν
1385 940 1709 997 ἅναλύουσιν

156 1038 313 1092 αὑτό.
346 1039 409 1092 El
434 1039 490 1093 δέ
519 1057 660 1102 τινες
694 1041 787 1092 καὶ
810 1040 991 1093 πλεῖον
1018 1039 1078 1091 ού
1108 1034 1473 1106 κατώρθωσαν
1510 1028 1709 1084 ἀναλύ-

154 1146 337 1183 ουσιν⁸
372 1130 521 1183 ἄλλοι
549 1129 917 1202 κατώρθωσαν
944 1130 1043 1201 μὲν
1073 1128 1171 1191 τὰς
1212 1126 1428 1198 ἀρετάς.
1461 1122 1617 1191 ἔσχον
1653 1117 1710 1171 δὲ

152 1222 534 1291 ὑπερηφανίαν
587 1223 679 1275 καὶ
725 1222 1068 1287 ἐξουδένωσιν
1108 1221 1217 1273 τῶν
1279 1216 1559 1288 πλησίων,
1611 1210 1706 1264 καὶ

155 1311 381 1381 ἔμειναν
428 1312 533 1376 ἔξω
581 1314 679 1384 τῆς
728 1314 954 1376 πόλεως,
1001 1313 1097 1367 καὶ
1155 1312 1253 1365 οὐκ
1299 1306 1546 1377 εἰσῆλθον
1578 1302 1707 1367 ἔσω,

150 1405 256 1456 καὶ
286 1405 436 1473 ὅμως
495 1405 616 1458 οὐδὲ
645 1407 798 1459 αὐτοὶ
856 1406 1043 1476 ἔτυχον
1095 1403 1189 1457 τοῦ
1242 1400 1445 1455 σκοποῦ
1507 1393 1703 1450 αὐτοῦ’

1812 594 1900 633 mo
1932 581 1986 635 in
2019 582 2137 650 ejus
2176 583 2297 637 labe
2337 592 2391 637 et
2431 586 2710 641 all'ectibus
2751 598 3116 657 perseverant.
3141 590 3373 658 Quidam

1809 670 1971 725 etiam
2003 687 2125 726 cum
2149 674 2351 744 aliquid
2382 674 2507 729 boni
2525 679 2701 743 operis
2719 678 3018 746 effecerint,
3037 682 3167 738 illud
3190 687 3375 739 statim

1809 762 2113 819 dissolvunt
2130 773 2183 820 et
2214 767 2527 821 destruunt.
2556 769 2697 827 Sunt
2721 781 2776 827 et
2803 772 2891 826 alii
2916 776 3009 842 qui
3034 776 3156 844 plus
3176 778 3377 833 dissol-

1809 864 1961 918 vunt,
1993 871 2155 924 quam
2178 860 2347 914 moliti
2370 862 2501 917 sint.
2533 861 2789 920 Nonnulli
2822 866 3046 923 virtutes
3072 872 3375 938 consecuti,

1808 946 2023 1014 superbi
2074 956 2128 1002 et
2172 949 2495 1017 insolentes,
2542 964 3049 1028 contemptoresque
3095 962 3375 1027 proximo-

1808 1049 1928 1087 rum
1964 1044 2017 1089 et
2047 1034 2276 1092 fratrum
2310 1039 2437 1095 facti
2468 1050 2595 1096 sunt
2623 1082 2638 1107 ,
2670 1047 2762 1112 qui
2791 1057 2942 1100 extra
2967 1047 3190 1114 januam
3222 1064 3377 1102 man-
3478 1100 3481 1103 .

1813 1136 2040 1189 serunt,
2106 1143 2277 1198 neque
2330 1131 2386 1185 hi
2436 1147 2663 1202 scopum
2714 1150 2871 1190 suum
2927 1138 3164 1192 assecuti
3226 1148 3373 1194 sunt.

1815 1212 1949 1268 Nam
1993 1218 2093 1271 etsi
2140 1219 2205 1273 ad
2245 1220 2478 1278 civitatis
2516 1234 2725 1292 portam
2772 1230 3016 1295 perducti
3056 1244 3165 1284 non
3208 1240 3377 1295 sunt,

1819 1314 1996 1359 tamen
2026 1308 2350 1377 intromissi,
2386 1314 2807 1387 decideruntque
2837 1319 3078 1376 infelices
3108 1337 3136 1375 a
3166 1338 3381 1393 propo-

1814 1393 1918 1447 silo
1944 1412 2063 1450 suo.

148 1493 259 1549 κᾶν
289 1498 398 1568 γὰρ
442 1497 679 1566 ἔφθασαν
708 1497 807 1569 τὴν
847 1498 1021 1569 πύλην
1067 1498 1165 1566 τῆς
1223 1496 1448 1555 πόλεως,
1514 1487 1651 1543 ἀλλὰ
1685 1484 1886 1549 ἔξωθεν
1948 1488 2168 1558 ἔμειναν
2195 1505 2208 1520 '
2246 1492 2385 1547 ὥστε
2441 1497 2534 1550 καὶ
2584 1498 2739 1551 αὐτοὶ
2809 1499 3073 1564 ἐξέπεσαν
3106 1503 3199 1557 τοῦ
3245 1506 3375 1561 ἰδίου

150 1589 383 1643 σκοποῦ.

222 1681 278 1734 E'
295 1681 560 1743 Ἕκαστος
589 1676 681 1736 οὖν
707 1681 863 1751 ἡμῶν
894 1682 1037 1752 μάθῃ
1065 1680 1168 1734 ποῦ
1195 1683 1341 1734 ἐστιν
1360 1694 1376 1709 ⁸
1403 1680 1453 1732 εἱ
1474 1676 1633 1744 ἐξέϐη
1649 1673 1700 1725 ὲκ

1887 1662 1950 1717 ν.
1996 1664 2400 1737 Contempletnr
2449 1670 2610 1741 igitur
2658 1690 3033 1745 unusquisque
3082 1688 3374 1746 nostrum,

142 1774 250 1842 τῆς
281 1773 418 1837 ιδίας
449 1774 675 1840 πόλεως,
720 1774 901 1846 ἔμεινε
927 1775 983 1828 δὲ
1012 1773 1116 1839 ἔξω
1142 1774 1240 1844 τῆς
1278 1773 1451 1844 πύλης
1483 1773 1563 1832 είς
1607 1769 1705 1840 τὴν

141 1865 409 1921 δυσωδίαν
449 1866 546 1935 τῆς
578 1867 804 1931 πόλεως,
852 1867 886 1939 ἢ
931 1866 1134 1938 προέϐη
1174 1866 1388 1938 μικρὸν,
1419 1864 1453 1936 ἢ
1486 1861 1702 1933 πολὺ,ἢ

143 1957 350 2027 ἔφθασε
384 1959 446 2012 τὸ
471 1960 641 2030 ἥμισυ
672 1960 773 2029 τῆς
815 1959 935 2012 ὁδοῦ
957 1976 973 1993 ο
1017 1960 1065 2013 εί
1101 1958 1192 2014 δύο
1228 1959 1381 2029 μίλια
1413 1958 1574 2020 ποιεῖ,
1611 1955 1706 2008 καὶ

141 2049 369 2104 ἀναλύει
398 2050 468 2105 τά
494 2050 589 2105 δύο
609 2066 624 2080 ⁸
670 2052 718 2104 εί
752 2050 845 2104 δύο
870 2053 1012 2104 ποιεῖ
1036 2050 1129 2105 καὶ⁵
1156 2048 1377 2105 ἀναλύει
1410 2049 1570 2102 πέντε
1600 2062 1615 2077 ο
1654 2046 1704 2097 εί

141 2138 382 2193 ὦδευσεν
408 2139 512 2203 ἓως
540 2139 637 2211 τῆς
660 2138 886 2205 πόλεως,
912 2140 1007 2194 καὶ
1037 2136 1249 2208 εἰσῆλθε
1278 2137 1357 2199 είς
1383 2134 1481 2205 τὴν
1512 2133 1705 2203 Ἰερου-

142 2230 332 2301 σαλήμ
351 2245 367 2261 ·
417 2230 496 2293 είς
522 2232 621 2301 τὴν
658 2229 811 2283 πόλιν
840 2229 937 2300 μὲν
968 2227 1221 2297 ἔφθασενο
1254 2224 1455 2279 ἔσωθεν
1481 2224 1535 2277 δὲ
1562 2220 1699 2294 [καὶ]

139 2320 249 2374 οὐκ
291 2320 528 2391 ἠδυνήθη
578 2319 855 2375 εἰσελθεῖν.
903 2319 1170 2382 Ἕκαστος
1217 2316 1365 2391 μάθῃ
1405 2316 1502 2389 τὴν
1531 2315 1701 2369 κατά-

141 2428 339 2465 στασιν
366 2411 579 2472 ἑαυτοῦ,
609 2410 711 2465 ποῦ
744 2413 875 2465 ἐστι.
905 2411 1063 2481 Τρεῖς
1090 2409 1448 2472 καταστάσεις
1483 2409 1617 2461 εἰσὶν
1643 2409 1701 2459 ὲν

140 2503 227 2572 τῷ
250 2502 519 2575 ἀνθρώπῳ
540 2520 554 2534 ·
583 2502 729 2557 ἐστιν
755 2502 785 2555 6
817 2501 1055 2575 ἐνεργῶν
1081 2502 1143 2555 τὸ
1170 2500 1359 2567 πάθος,
1382 2500 1476 2553 καὶ
1504 2498 1650 2551 ἔστιν
1675 2499 1703 2551 6

145 2596 314 2649 ιστῶν
344 2596 495 2662 αὐτὸ,
524 2597 620 2650 καὶ
650 2595 795 2651 ἐστιν
820 2595 849 2647 6
874 2593 1109 2667 ἐκριζῶν
1141 2592 1298 2647 αύτόο
1333 2593 1362 2645 6
1389 2591 1703 2663 ὲνεργῶντδ

142 2684 321 2748 πάθος
347 2686 518 2751 ἐστὶν,
544 2688 572 2739 6
601 2687 852 2756 πράττων
879 2685 1030 2748 αὐτὸ,
1071 2685 1099 2737 6
1130 2683 1430 2742 ὲπεκδικῶν
1455 2684 1603 2737 αὑτό.
1642 2684 1701 2737 Ὀ

137 2777 205 2830 δὲ
232 2776 393 2831 ἱστῶν
420 2777 482 2831 τὸ
513 2776 682 2840 πάθος
708 2779 876 2840 ἐστὶν,
918 2780 947 2831 6
977 2777 1112 2848 μήτε
1139 2775 1395 2847 ἐνεργῶν,
1439 2778 1574 2846 μήτε
1605 2777 1699 2827 έκ-

140 2869 362 2923 κόπτων
406 2870 556 2933 αὐτὸ,
603 2871 738 2924 ἀλλὰ.
783 2868 1084 2938 φιλοσοφῶν
1133 2868 1249 2937 μὲν,
1296 2868 1391 2921 καὶ
1436 2868 1698 2939 κατερχό-

143 2974 329 3028 μενος,
362 2958 500 3028 ἐχων
523 2958 582 3013 δὲ
610 2960 671 3012 τὸ
698 2959 866 3022 πάθος
893 2959 951 3012 ἐν
980 2957 1153 3028 ἑαυτῷ
1181 2973 1195 2989 ο
1232 2960 1261 3011 6
1290 2956 1347 3009 δὲ
1378 2957 1614 3027 ὲκριζῶν
1640 2957 1700 3011 τὸ

138 3050 337 3116 πάθος,
390 3050 539 3104 ἐστὶν
561 3053 592 3105 6
620 3050 1016 3121 ἀγωνιζόμενος
1063 3050 1158 3103 καὶ
1201 3049 1369 3103 ποιῶν
1393 3048 1463 3103 τὰ
1486 3049 1703 3102 ἐναντία

138 3141 240 3196 τοῦ
275 3140 496 3205 πάθους.
527 3143 746 3214 Ἔχουσι
800 3142 859 3196 δὲ
882 3143 941 3195 αἱ
969 3143 1115 3213 τρεῖς
1151 3141 1513 3204 καταστάσεις
1544 3135 1701 3195 αὗται

138 3232 280 3288 πολὺ
310 3234 510 3298 πλάτος
533 3250 549 3265 ο
600 3228 711 3287 οἷόν
738 3252 789 3288 τι
819 3234 1029 3301 εἴπατε,
1064 3228 1177 3287 οἷον
1200 3232 1391 3288 Θέλετε
1424 3232 1591 3295 πάθος
1610 3233 1702 3286 καὶ

150 3326 523 3397 νυμνώσωμεν
570 3327 700 3380 αὐτό
737 3345 753 3389 ;
817 3326 1010 3380 Θέλετε
1064 3326 1303 3396 εἴπωμεν
1356 3326 1482 3396 περὶ
1531 3326 1699 3396 ύπερο

136 3420 416 3490 ηφανίαςς
450 3419 631 3473 θέλετε
675 3421 915 3489 εἴπωμεν
959 3418 1087 3489 περὶ
1117 3419 1410 3490 πορνείας;
1457 3417 1490 3489 ἢ
1520 3417 1701 3471 θέλετε

142 3510 346 3581 μᾶλλον
378 3508 626 3580 λέγωμεν
673 3511 799 3586 περὶ
845 3510 1184 3576 κενοδοξίαςς
1232 3510 1306 3563 Ού
1352 3508 1572 3563 δύναταί
1619 3524 1703 3571 τις

137 3602 373 3658 ἀκοῦσαι
401 3603 550 3675 ῥῆμα
576 3601 684 3657 άπὸ
708 3602 804 3656 τοῦ
828 3601 1054 3671 ἀδελφοῦ
1084 3601 1270 3656 αὑτοῦ.
1297 3602 1483 3655 Ἔστιν
1503 3595 1596 3653 οὖν
1618 3616 1703 3663 τις

137 3696 239 3748 ὅτε
259 3693 445 3749 άκούει
474 3693 532 3747 ἓν
564 3692 715 3764 ῥῆμα
741 3694 834 3747 καὶ
862 3694 1212 3763 ταράσσεται,
1246 3694 1339 3746 καὶ¹
1370 3692 1514 3761 λέγει
1542 3691 1702 3746 πέντε

140 3785 446 3857 ῥήματα,ἢ
478 3788 573 3840 καὶ
600 3786 731 3840 δέκα
758 3786 880 3839 ἀντὶ
910 3785 1027 3848 ἑνὸς
1056 3787 1317 3855 ῥήματος,
1346 3784 1440 3837 καὶ
1471 3784 1700 3854 μάχεται

137 3879 240 3933 καὶ
283 3880 641 3951 ταράσσεται,
686 3878 782 3932 καὶ
831 3876 966 3948 μετὰ
1020 3877 1081 3930 τὸ
1136 3875 1443 3931 παύσασθαι
1495 3878 1560 3929 ἐκ
1603 3876 1703 3945 τῆς

140 3971 357 4042 μάχης.
406 3969 555 4041 μένει
599 3968 942 4039 λογιζόμενος
987 3970 1080 4023 καὶ
1126 3969 1265 4023 κατὰ
1315 3968 1410 4021 τοῦ
1459 3968 1701 4031 εἰπόντος

138 4061 294 4132 αὐτῷ
330 4061 389 4115 τὸ
436 4061 583 4133 ῥῆμα
624 4061 816 4123 ἐκεῖνο,
865 4060 957 4113 καὶ
1000 4058 1347 4130 μνησικακῶν
1391 4057 1559 4128 αὐτῷ,
1608 4058 1701 4112 καὶ

139 4152 476 4224 λυπούμενος
515 4152 596 4205 ὅτι
631 4152 730 4205 οὐκ
756 4145 879 4204 εἶπε
922 4151 1085 4205 πλέον
1124 4142 1200 4204 ὧν
1231 4144 1373 4215 εἶπε,
1422 4151 1519 4204 καὶ
1559 4151 1700 4203 ἑτοι-

144 4245 308 4317 μάζει
358 4243 531 4314 ἑαυτῷ
575 4246 791 4315 ῥήματα
833 4242 912 4297 ἔτι
960 4243 1235 4315 δεινότερα
1289 4244 1371 4307 είς
1414 4244 1476 4298 τὸ
1526 4246 1701 4297 εἰπεῖν

140 4336 313 4406 αύτῷ,
346 4336 439 4389 καὶ
465 4335 552 4388 ἀεὶ
581 4334 725 4402 λέγει
753 4348 767 4361 ·
826 4352 845 4384 ι
864 4333 962 4385 Διά
992 4333 1045 4386 τί
1067 4333 1167 4386 οὐκ
1200 4327 1351 4386 εἷπον
1382 4331 1531 4404 αὐτῷ
1558 4333 1694 4398 τόδε,

139 4428 241 4483 καὶ
261 4427 367 4499 ἔχω
396 4427 566 4480 εἰπεῖν
592 4424 738 4496 αὐτῷ
765 4425 883 4479 τόδε
907 4442 924 4492 ;
954 4444 973 4477 ι
1007 4425 1101 4479 καὶ
1126 4425 1213 4481 ἀεὶ
1247 4426 1519 4497 μαίνεται.
1566 4424 1694 4479 Ἰδοὺ

143 4520 246 4591 μία
283 4519 611 4582 κατάστασις
638 4535 655 4551 ο
709 4516 846 4590 αὕτη
891 4520 1036 4572 ἐστὶν
1075 4520 1111 4589 ἠ
1159 4519 1217 4581 ὲν
1244 4518 1355 4584 ἕξει
1397 4519 1591 4591 ἔχουσα
1634 4517 1697 4572 τὸ

138 4613 329 4666 κακόν.
359 4611 418 4665 '0
441 4610 571 4674 Θεδς
590 4608 811 4680 ῥύσεται
832 4610 977 4679 ἡμᾶς
1004 4610 1112 4662 ἀπὸ
1129 4610 1227 4680 τῆς
1254 4608 1507 4681 τοιαύτης
1532 4627 1696 4664 κατα-

140 4703 384 4765 στάσεως
407 4719 424 4735 ·
485 4702 520 4772 ἡ
566 4700 675 4771 γὰρ
720 4701 942 4769 τοιαύτη
995 4699 1324 4764 κατάστασις
1345 4740 1360 4764 ,
1409 4700 1695 4754 ὑπόκειται

138 4796 358 4856 πάντως
400 4795 468 4864 τῇ
516 4792 760 4847 κολάσει·
821 4793 968 4845 πᾶσα
1014 4792 1122 4860 γὰρ
1163 4792 1198 4861 ἡ
1245 4794 1367 4845 κατ’
1415 4791 1695 4861 ἐνέργειαν

137 4888 383 4958 ἁμαρτία
429 4884 534 4939 ὑπὸ
566 4885 658 4938 τὸν
701 4883 1056 4956 ᾇρδηνεὲστίν⁸
1109 4883 1242 4937 ἀλλὰ
1290 4883 1392 4936 κᾶν
1424 4882 1693 4952 θελήσοιὸ

36 5008 42 5012 -
136 4975 381 5039 τοιοῦτος
411 4974 756 5046 μετανοῆσαι,
777 4973 878 5026 οὐκ
913 4973 1083 5043 ἰσχύει
1125 4973 1283 5043 μόνος
1312 4973 1692 5043 περιγενέσθαι

134 5066 237 5123 τοῦ
267 5066 491 5129 πάθους,
526 5067 575 5118 ει
624 5064 700 5135 μὴ
751 5063 847 5118 καὶ
894 5063 1146 5134 βοήθειαν
1186 5066 1288 5135 σχῇ
1337 5065 1489 5135 παρά
1531 5081 1692 5119 τινων

136 5158 327 5225 ἁγίων,
360 5154 541 5220 καθὼς
570 5156 666 5210 καὶ
694 5158 743 5209 οἱ
774 5156 1012 5225 Πατέρες
1055 5151 1207 5209 εἷπον
1230 5170 1246 5184 ·
1294 5155 1382 5209 διὰ
1408 5155 1565 5209 τοῦτο
1603 5157 1693 5211 ἀεὶ

138 5250 287 5316 λέγω
309 5248 454 5318 ὑμῖν,
480 5245 806 5310 σπουδάζετε
835 5244 996 5314 κόψαι
1023 5245 1091 5300 τὰ
1116 5246 1261 5315 πάθη
1293 5246 1421 5316 πρὶν
1440 5248 1691 5315 γενέσθαι

138 5346 200 5397 εν
225 5340 332 5407 ἔξει
363 5338 543 5393 αὐτῶν
561 5354 574 5369 ·
606 5339 751 5391 εστιν
777 5338 933 5399 ἄλλος
960 5339 1048 5392 ὅτε
1072 5338 1265 5393 νάκούει
1295 5339 1442 5410 ῥῆμα
1475 5341 1570 5393 καὶ
1596 5358 1692 5396 τα-

140 5434 399 5504 ράσσεται
433 5430 530 5502 μὲν
556 5430 652 5485 καὶ
690 5428 835 5498 λέγει
877 5429 1157 5494 καὶάύτδς
1197 5431 1355 5485 πέντε
1384 5434 1623 5503 ῥήματα,
1653 5435 1688 5507 ἢ

136 5525 237 5581 καὶ
261 5524 393 5579 δέκα
418 5522 539 5579 ἀντὶ
582 5523 719 5587 ἑνὸς,
762 5523 855 5577 καὶ
877 5522 1117 5577 θλίϐεται
1144 5525 1225 5578 δτι
1250 5526 1348 5578 οὐκ
1381 5522 1533 5583 εἶπεν
1557 5528 1691 5584 ἄλλα

134 5617 449 5688 τρισχείρω,
502 5618 594 5670 καὶ
632 5616 878 5669 λυπεῖται
907 5618 1001 5670 καὶ
1042 5621 1384 5688 μνησικακεῖ.
1437 5623 1587 5675 Ποιεί
1630 5622 1688 5677 δὲ

1813 1753 2007 1811 fratres
2032 1800 2047 1823 ,
2086 1757 2244 1830 42],
2289 1761 2379 1815 ubi
2414 1761 2503 1817 sit.
2537 1761 2593 1816 Si
2622 1779 2745 1818 vere
2774 1781 3029 1836 egressus
3065 1779 3149 1823 est
3180 1785 3211 1825 e
3241 1771 3377 1826 civi-

1810 1858 1920 1905 tate
1945 1866 2065 1919 sua,
2106 1854 2153 1908 si
2190 1864 2341 1909 extra
2371 1868 2579 1926 portam
2608 1857 2661 1911 in
2697 1856 2866 1914 fetore
2892 1860 3037 1916 illius
3058 1871 3114 1917 et
3141 1864 3261 1920 labe
3290 1882 3375 1921 re-

1809 1953 2028 1999 manet:
2068 1946 2113 2001 si
2139 1947 2419 2016 paululum
2453 1952 2718 2020 processit
2744 1962 2838 2007 aut
2866 1954 3130 2023 multum,
3171 1958 3216 2011 si
3250 1974 3375 2028 per-

1808 2039 1955 2093 venit
1975 2037 2042 2091 ad
2070 2037 2171 2092 via:
2195 2040 2468 2105 medium,
2504 2042 2550 2097 si
2580 2042 2667 2097 ubi
2700 2059 3019 2114 progressus
3040 2058 3124 2104 est
3160 2050 3227 2104 ad
3267 2051 3377 2106 duo

1809 2129 2065 2185 milliaria
2091 2168 2107 2194 ,
2143 2130 2363 2186 totidem
2394 2146 2673 2200 regressus
2706 2146 2785 2190 est
2814 2152 2830 2202 ;
2863 2152 2931 2190 an
2960 2154 3279 2210 progressus
3304 2143 3377 2214 ad

1806 2221 1935 2286 duo,
1959 2224 2201 2292 quinque
2229 2222 2405 2278 rediit.
2449 2224 2506 2279 Si
2532 2224 2780 2296 adusque
2806 2226 3081 2285 civitatem
3110 2234 3375 2302 pervenit,

1805 2314 1852 2368 si
1884 2324 1965 2369 est
1994 2312 2293 2370 Jerusalem
2324 2325 2568 2372 sanctam
2609 2318 2916 2389 ingressus,
2960 2337 3028 2376 an
3061 2322 3108 2377 si
3137 2324 3203 2379 ad
3242 2325 3378 2380 civi-

1806 2415 1971 2463 tatem
2001 2422 2173 2474 usque
2199 2410 2526 2477 perductus,
2576 2426 2682 2465 non
2722 2424 2805 2467 est
2851 2415 3144 2471 admissus.
3192 2416 3378 2474 Discat

1806 2495 2186 2565 unusquisque
2236 2506 2434 2552 statum
2484 2514 2643 2554 suum
2689 2501 2742 2555 in
2789 2517 2897 2572 quo
2922 2515 3023 2559 est.
3059 2506 3191 2562 Tres
3229 2508 3375 2563 enim

1810 2585 2049 2642 hominis
2075 2598 2251 2645 status
2280 2600 2426 2647 sunt.
2460 2593 2671 2649 Primus
2695 2595 2914 2664 quidem
2943 2597 3034 2666 qui
3066 2600 3374 2668 passionem

1806 2686 1858 2731 et
1882 2677 2071 2732 vitium
2100 2678 2167 2733 ad
2202 2682 2468 2736 actionem
2514 2686 2760 2753 perducit
2822 2686 3104 2745 Secundus
3148 2691 3241 2760 qui
3276 2691 3378 2746 in-

1804 2779 1990 2824 natum
2022 2768 2210 2825 vitium
2244 2784 2533 2843 expugnat,
2570 2775 2824 2846 sistitque
2854 2778 2987 2833 illud
3017 2789 3074 2835 et
3106 2783 3374 2849 refrenat,

1804 2875 1873 2916 ne
1898 2861 1963 2915 ad
1994 2872 2173 2925 actum
2201 2875 2539 2936 prorumpat.
2564 2866 2780 2925 Tertius
2806 2872 2898 2940 qui
2925 2874 3152 2930 omnino
3182 2873 3235 2929 id
3259 2890 3375 2931 era-

1803 2950 1948 3008 dicat
1986 2963 2040 3010 et
2083 2955 2281 3011 evellit.
2313 2957 2415 3023 Qui
2458 2960 2766 3029 passionem
2809 2962 3048 3019 innatam
3079 2978 3373 3037 operatur;

1730 3026 1772 3081 c
1806 3044 1853 3099 is
1880 3055 1965 3099 est
1996 3047 2084 3115 qui
2110 3047 2298 3103 vitium
2325 3026 2476 3118 quod
2500 3050 2553 3105 in
2579 3067 2638 3110 se
2663 3051 2847 3119 fuerit,
2872 3054 2937 3110 ad
2964 3026 3142 3114 actum
3170 3026 3373 3129 perdit-2

1802 3137 1908 3202 cit,
1942 3148 2284 3195 consummat
2315 3149 2371 3195 et
2409 3142 2639 3212 perlicit.
2671 3143 2774 3210 Qui
2802 3161 2933 3201 vero
2961 3162 3080 3204 eam
3110 3150 3259 3205 sistit
3279 3191 3294 3215 ,
3327 3152 3374 3209 is

1798 3228 1997 3299 estqui
2039 3245 2214 3298 neque
2238 3231 2426 3286 vitium
2450 3244 2737 3303 ‘0peratur,
2772 3251 2945 3306 neque
2972 3249 3217 3309 amputat
3238 3241 3372 3298 illud

1800 3331 1830 3369 a
1860 3331 1941 3380 se,
1970 3318 2063 3371 sed
2086 3317 2499 3388 philosophatur
2521 3332 2573 3376 et
2601 3326 2996 3393 transgreditur
3021 3328 3199 3396 ipsum
3220 3368 3236 3394 ,
3269 3330 3373 3384 etsi

1800 3404 1854 3459 in
1884 3422 1943 3460 se
1970 3418 2251 3462 conservet
2274 3418 2327 3464 et
2353 3418 2547 3465 teneat.
2584 3410 2686 3478 Qui
2722 3423 2903 3470 autem
2933 3417 3173 3473 eradicat
3194 3420 3371 3475 vellit-

1800 3511 1906 3566 que
1933 3498 2272 3566 passionem,
2312 3500 2360 3556 is
2388 3511 2470 3556 est
2501 3502 2593 3571 qui
2628 3511 2798 3558 certat
2830 3504 3085 3571 viriliter,
3128 3514 3184 3562 et
3210 3510 3372 3578 quid-

1800 3588 1929 3657 quid
1957 3584 2087 3645 vitio
2116 3606 2219 3646 suo
2241 3593 2589 3664 passionique
2609 3596 2941 3652 contrarium
2971 3600 3372 3657 animadverte-

1801 3680 1898 3750 rit,
1932 3683 1984 3739 id
2016 3684 2142 3740 totis
2175 3686 2382 3741 viribus
2415 3686 2727 3757 aggreditur
2758 3696 2813 3745 et
2849 3699 3119 3757 operatur.
3157 3688 3374 3748 Habent

1800 3789 1976 3835 autem
2020 3780 2075 3833 hi
2117 3788 2225 3834 tres
2256 3787 2429 3834 status
2469 3795 2737 3841 summam
2765 3779 3126 3839 latitudinem.
3169 3782 3369 3850 Quam,

1798 3885 1916 3935 oro,
1948 3871 2003 3926 in
2028 3871 2182 3925 vobis
2216 3870 2527 3939 passionem
2565 3869 2849 3937 habuistis,
2882 3881 3045 3943 atque
3072 3873 3216 3929 illius
3249 3890 3369 3930 am-

1798 3960 2050 4032 putandae
2081 3961 2313 4019 studiosi
2346 3960 2567 4017 fuistis?
2600 3960 2777 4016 Vultis
2804 3961 3054 4019 dicamus
3081 3964 3147 4019 de
3173 3980 3367 4033 super-

1798 4054 1907 4116 bia,
1931 4053 1997 4111 de
2018 4052 2393 4117 fornicatione,
2419 4068 2485 4107 an
2504 4053 2682 4122 potius
2696 4052 2764 4107 de
2784 4052 2931 4108 inani
2955 4054 3149 4123 gloria,
3175 4070 3204 4108 a
3232 4070 3366 4125 qua,

1798 4155 1858 4202 ut
1886 4145 2202 4216 plurimum,
2226 4160 2416 4201 omnes
2445 4160 2766 4215 superamur
2788 4145 3163 4202 etvincimur?
3184 4147 3370 4204 Inanis

1800 4238 1969 4309 gloria
1997 4245 2083 4293 est
2108 4252 2229 4307 quae
2257 4251 2363 4291 non
2393 4236 2625 4291 sustinet
2654 4236 2842 4292 audire
2872 4238 3097 4293 verbum
3136 4239 3219 4294 vel
3258 4240 3364 4294 mi.

1800 4332 2005 4386 nimum
2034 4346 2064 4385 a
2096 4328 2262 4384 fratre
2290 4344 2413 4384 suo.
2434 4328 2549 4383 Hoc
2574 4336 2680 4395 est,
2705 4344 2828 4385 cum
2859 4330 2983 4401 quis
3007 4330 3170 4386 unico
3197 4332 3367 4386 verbo

1796 4425 2036 4496 quinque
2062 4422 2146 4478 vel
2171 4423 2353 4477 decem
2381 4422 2539 4491 plena
2568 4423 2715 4477 omni
2740 4422 3105 4488 tribulatione,
3135 4438 3363 4494 respuit.

1800 4520 1911 4581 det.
1934 4517 2311 4586 contenditque
2341 4524 2396 4570 et
2424 4514 2615 4569 turbas
2639 4516 2788 4571 facit.
2819 4514 3066 4585 Cumque
3097 4515 3363 4585 quieverit

1800 4629 1830 4668 a
1858 4613 2220 4677 contentione,
2259 4626 2367 4666 non
2401 4619 2581 4668 cessat
2615 4620 2802 4666 tamen
2828 4610 2994 4667 etiam
3024 4611 3265 4681 cogitare
3291 4610 3363 4665 de

1799 4702 1891 4758 illo
1937 4703 2083 4773 quod
2121 4700 2417 4767 audiverit,
2460 4698 2819 4769 irasciturque
2865 4714 3086 4762 secum,
3128 4708 3182 4753 et
3214 4698 3360 4755 dolet

1797 4793 1943 4865 quod
1982 4809 2088 4848 non
2135 4792 2290 4862 plura
2330 4801 2386 4846 et
2421 4791 2628 4846 acriora
2668 4791 2832 4846 verba
2879 4790 3159 4855 retulerit;
3201 4800 3257 4844 et
3299 4807 3359 4846 se

1796 4887 2035 4955 disponit
2055 4896 2109 4943 et
2130 4893 2414 4955 praeparat,
2439 4884 2485 4939 si
2513 4884 2616 4938 alia
2647 4882 2850 4937 incidat
2870 4882 3107 4945 occasio,
3138 4882 3203 4937 ad
3232 4900 3359 4952 gra-

1795 4981 1944 5034 viora
1978 4979 2032 5031 in
2058 4994 2181 5033 eum
2208 4977 2540 5043 emovenda,
2574 4990 2604 5029 a
2634 4988 2743 5043 quo
2772 4973 2995 5028 unicum
3031 4974 3257 5043 accepit.
3292 4974 3358 5029 Et

1796 5085 2007 5141 semper
2030 5071 2168 5124 inea
2189 5068 2513 5137 cogitatione
2532 5074 2641 5120 est:
2671 5082 2690 5115 ‹
2713 5063 2830 5119 Hoc
2856 5074 2909 5117 et
2934 5062 3035 5117 hoc
3056 5062 3132 5116 illi
3155 5063 3354 5130 dicam,

1795 5180 1901 5219 non
1925 5163 2112 5219 evadet
2137 5161 2356 5231 impune
2383 5180 2396 5215 :
2436 5179 2455 5212 ι
2494 5158 2682 5228 sicque
2705 5156 2850 5212 velut
2876 5172 3064 5212 amens
3088 5167 3355 5226 perpetuo

1794 5257 1944 5312 furit.
1981 5257 2057 5310 En
2094 5254 2325 5325 primum
2363 5262 2563 5307 statum
2596 5251 2690 5320 qui
2730 5249 2855 5303 mali
2897 5248 3142 5303 habitum
3175 5249 3348 5318 gerit,

1794 5366 1826 5406 a
1858 5364 1967 5420 quo
1993 5349 2178 5403 liberet
2210 5360 2311 5401 nos
2352 5344 2494 5399 Deus
2516 5342 2877 5411 omnipotens.
2905 5341 2956 5397 Is
2989 5341 3133 5395 enim
3178 5349 3353 5397 status

1792 5442 2052 5514 gehennae
2090 5437 2368 5509 proximus
2403 5444 2513 5503 est,
2554 5435 2682 5506 quia
2714 5450 2877 5490 omne
2912 5444 3191 5503 peccatum
3221 5449 3348 5489 cum

1794 5534 1860 5588 ad
1894 5542 2073 5591 actum
2118 5530 2363 5593 venerit,
2412 5529 2711 5600 gehennam
2759 5535 2931 5597 parat.
2982 5523 3089 5581 Nec
3126 5524 3250 5580 talis
3286 5539 3348 5579 e-

1794 5624 1920 5679 tiam
1954 5623 2029 5695 (l)
2055 5662 2070 5687 ,
2104 5623 2146 5677 si
2176 5618 2806 5695 voluerit_pmnitentiam
2840 5632 3027 5689 agere,
3068 5617 3217 5673 solus
3249 5630 3348 5686 po-

210 5761 287 5831 (l)
317 5760 486 5819 Caute
506 5762 809 5834 legemam
838 5760 1093 5834 frequens
1125 5774 1207 5821 est
1268 5766 1321 5825 in
1381 5766 1484 5825 ista
1530 5783 1633 5825 non
1698 5782 1831 5828 satis
1902 5776 2014 5824 tuta
2069 5766 2354 5835 sententia,
2402 5766 2619 5838 aliquos
2667 5772 2982 5835 peccatores
3025 5776 3132 5819 non
3180 5775 3345 5833 posse
