4118 6542
805 347 937 410 1731
2004 340 2064 398 s.
2099 339 2486 401 nouorum
2523 340 2837 431 ABBATIS
3933 334 4056 403 ira

799 463 927 518 terit
960 460 1267 532 passionem
1298 471 1591 528 superare,
1629 456 1721 511 sed
1750 459 1855 511 erit
1879 456 1928 511 ei
1962 471 2099 525 opus
2131 457 2358 525 alicujus

2458 444 2644 526 ὀλίγας
2669 457 2900 527 ἡμέρας,
2935 456 3027 511 καὶ
3060 454 3449 526 μεταϐάλλεται
3474 472 3488 485 ³
3521 455 3681 519 ἄλλος
3717 457 3903 512 ποιεῖ
3927 456 4058 510 ἑϐδο-

798 553 976 607 sancti
1026 551 1128 604 viri
1173 550 1433 606 auxilium
1481 549 1811 618 implorare,
1854 557 1913 601 ut
1939 546 2127 603 Patres
2167 563 2357 603 omnes

2461 548 2606 619 μάδα
2626 549 2685 601 tv
2709 546 2942 611 τούτοις,
2971 547 3065 600 καὶ
3091 546 3481 617 μεταϐάλλεται
3500 563 3515 579 ο
3542 546 3704 609 ἄλλος
3726 547 3912 599 ποιεῖ
3938 548 4057 615 μίαν

796 645 999 699 dixere.
1040 643 1219 709 Quare
1255 642 1523 696 admoneo
1568 655 1663 694 vos
1710 653 1927 709 semper
1967 649 2023 693 et
2062 640 2245 694 hortor
2290 638 2358 694 ad

2455 639 2689 710 ἡμέραν,
2721 638 2818 692 καὶ
2846 636 3238 707 μεταϐάλλεται
3266 655 3283 670 ·
3318 637 3474 698 ἄλλος
3500 637 3743 709 ὑϐρίζει,
3787 638 4053 706 μάχεται,

797 735 1037 790 studium
1070 742 1125 788 et
1149 732 1480 803 diligentiam
1512 730 1855 785 abscindendi
1896 746 1926 784 a
1962 730 2115 787 vobis
2146 730 2358 801 passio-

2455 732 2825 801 ταράσσεται,
2885 730 3146 801 ταράσσει
3208 732 3303 784 καὶ
3353 729 3550 792 εὐθέως
3605 728 4049 801 μεταϐάλλεται.

797 840 914 885 nes.
939 824 1253 893 priusquam
1289 822 1344 876 in
1375 821 1619 875 habitum
1653 829 1943 875 transeant.
1981 820 2133 878 Alius
2160 830 2243 877 est
2266 817 2358 893 qui

2468 820 2600 875 Ἰδοὺ
2644 821 2806 876 πόσαι
2852 820 3103 890 διαφοραὶ
3150 822 3553 884 καταστάσεων,
3601 822 3702 875 καὶ
3736 821 3923 889 ὅμως
3960 818 4055 870 ὑπὸ

796 913 1020 967 verbum
1045 911 1263 981 quidem
1296 925 1421 965 cum
1464 908 1767 972 audiverit,
1806 908 2092 974 irascitur,
2120 921 2173 965 et
2203 909 2358 964 unico

2456 909 2549 962 τὸν
2580 907 2716 981 ᾷδην
2739 910 2876 964 εἱσὶν
2900 904 3047 964 οὗτοι
3078 909 3277 973 πάντες
3313 910 3397 979 ἐφ’
3428 911 3549 964 ὅσον
3576 908 3955 981 ἐνεργοῦσιν.

796 1009 1036 1078 quinque
1070 1005 1152 1061 vel
1184 1007 1370 1061 decem
1408 1005 1731 1072 respondet,
1769 1002 2024 1073 doletque
2064 1004 2207 1074 quod
2245 1003 2348 1059 tria
2387 1004 2574 1074 pejora
2613 1002 2700 1058 vel
2731 1005 2943 1059 acriora
2983 1019 3092 1059 non
3159 1004 3445 1061 addiderit.
3483 1003 3613 1061 Post
3687 1007 3829 1060 dies
3872 1013 4050 1058 autem

795 1112 999 1169 paucos
1024 1099 1089 1152 ad
1116 1113 1174 1152 se
1200 1096 1358 1152 redit.
1392 1095 1547 1148 Alius
1599 1104 1719 1164 post
1756 1107 1917 1148 unam
1942 1094 2355 1158 hebdomadam,
2394 1094 2538 1150 alius
2566 1102 2688 1163 post
2746 1110 2911 1150 unam
2967 1095 3109 1151 diem
3139 1097 3321 1150 statim
3348 1096 3641 1166 resipiscit.
3662 1096 3842 1150 Alius
3864 1096 4052 1150 eonvi-

796 1191 991 1253 cialur,
1022 1188 1317 1251 contendit,
1351 1186 1687 1240 turbationes
1715 1194 1914 1247 movet,
1945 1186 2039 1241 sed
2093 1186 2237 1240 illico
2265 1184 2629 1255 penitentiam
2677 1186 2808 1256 agit.
2847 1186 2941 1243 Hae
3012 1196 3140 1243 sunt
3203 1196 3445 1245 statuam
3505 1187 3895 1256 diﬂ’erentiae,
3937 1204 4049 1257 qua

800 1275 977 1336 'amen
1006 1296 1196 1336 omnes
1224 1280 1289 1333 ad
1323 1279 1425 1332 iter
1463 1280 1722 1344 gehenna:
1749 1277 1993 1340 tendunt,
2048 1277 2094 1330 si
2119 1278 2184 1329 ad
2213 1285 2393 1333 actum
2433 1280 2767 1349 perveniant.

872 1371 956 1425 Vl.
998 1372 1251 1425 Dicamus
1274 1379 1328 1422 et
1360 1372 1425 1422 de
1460 1368 1545 1421 his
1569 1367 1662 1435 qui
1693 1367 1971 1434 passiones
2004 1367 2225 1421 sistunt.
2249 1368 2358 1421 Au-

2529 1372 2620 1437 ς’.
2661 1370 2917 1439 Εῖπωμεν
2950 1370 3043 1423 καὶ
3086 1369 3214 1441 περὶ
3252 1369 3361 1424 τῶν
3406 1369 3683 1424 ἱστώντων
3716 1371 3785 1423 τὺ
3828 1370 4043 1432 πάθος

795 1465 875 1518 dit
909 1464 1031 1532 quis
1064 1463 1287 1515 verbum
1319 1470 1373 1515 et
1414 1462 1660 1514 turbatur
1709 1458 1762 1511 in
1815 1473 1875 1513 se
1914 1459 2067 1524 ipso,
2110 1458 2358 1528 doletque

2456 1460 2538 1514 ὃτι
2567 1461 2683 1514 ἐστι
2714 1477 2798 1524 τις
2824 1461 2914 1514 ὅτε
2950 1460 3140 1516 ἀκούει
3175 1464 3324 1533 ῥῆμα
3351 1463 3446 1516 καὶ
3477 1462 3729 1516 θλίϐεται
3773 1463 3892 1533 μὲν
3930 1461 4046 1514 καθ’

795 1556 1003 1619 statim,
1037 1569 1145 1608 non
1173 1554 1316 1623 quod
1347 1552 1543 1619 injuria
1571 1549 1799 1605 affectus
1830 1550 1918 1615 sit,
1947 1550 2040 1605 sed
2070 1550 2215 1619 quod
2238 1564 2358 1604 eam

2458 1550 2650 1605 ἑαυτόν
2671 1567 2685 1581 ⁸
2735 1550 2873 1621 πλὴν
2918 1551 3165 1606 λυπεῖται
3210 1553 3310 1623 οὑχ
3358 1554 3439 1607 ὅτι
3484 1552 3749 1624 ὑϐρίσθη,
3794 1552 3930 1607 ἀλλ’
3969 1555 4042 1606 ὅτι

794 1648 907 1719 pati
931 1662 1040 1702 non
1069 1645 1320 1716 quiverit.
1357 1644 1408 1700 is
1435 1646 1488 1697 in
1521 1652 1665 1698 statu
1693 1642 2123 1697 concertantium
2144 1650 2265 1705 est,
2303 1641 2358 1697 in

2455 1644 2553 1713 οὐχ
2574 1644 2877 1715 ὑπήνεγκεν
2896 1661 2911 1676 ·
2938 1638 3092 1709 οὗτος
3112 1646 3212 1716 τῆς
3236 1646 3615 1709 καταστάσεως
3640 1645 3761 1699 τῶν
3778 1644 4043 1714 ἀγωνιζο-

796 1749 995 1794 statum
1032 1752 1222 1806 eorum
1262 1735 1357 1805 qui
1392 1735 1697 1805 passionem
1742 1734 1961 1789 sistunt.
1987 1732 2171 1789 Certat
2216 1732 2358 1789 alius

2467 1735 2642 1805 μένων
2671 1736 2788 1790 ἱστί
2818 1751 2833 1765 ο
2884 1734 2993 1789 τῶν
3020 1736 3288 1791 ἱστώντων
3330 1736 3391 1790 τὸ
3427 1737 3599 1801 πάθος
3624 1738 3804 1791 εστίν.
3842 1736 4040 1800 Ἄλλος

795 1830 1111 1898 laboratque
1135 1827 1228 1881 diu
1262 1842 1277 1877 :
1302 1833 1355 1880 et
1376 1826 1587 1881 tandem
1617 1825 1668 1878 vi
1693 1824 1960 1893 passionis
1996 1832 2285 1895 superatur
2307 1828 2358 1879 et

2460 1826 2784 1895 ἀγωνίζεται
2828 1827 2920 1881 καὶ
2964 1830 3152 1900 κοπιᾷ,
3186 1829 3412 1897 ὔστερον
3447 1829 3503 1882 δὲ
3548 1830 3774 1883 νικᾶται
3824 1830 3901 1881 εκ
3952 1828 4040 1879 τοῦ

795 1920 1046 1975 vincitur.
1079 1918 1196 1973 Non
1239 1919 1353 1971 vult
1411 1916 1551 1971 alius
1573 1914 1714 1971 male
1770 1914 2128 1986 respondere,
2182 1915 2277 1970 sed
2326 1929 2359 1969 a

796 2025 960 2082 prava
976 2009 1366 2065 consuetudine
1390 2008 1641 2062 trahitur.
1663 2006 1815 2060 Alius
1836 2015 2009 2060 certat
2032 2007 2248 2075 quidem
2273 2020 2359 2061 se-

796 2119 920 2157 cum
948 2141 964 2162 ,
1014 2116 1080 2155 ne
1105 2100 1233 2168 quid
1273 2099 1399 2153 mali
1421 2098 1646 2153 omnino
1675 2097 1963 2166 loquatur;
1991 2096 2139 2150 dolet
2175 2104 2356 2150 tamen

797 2202 1016 2261 propter
1046 2189 1299 2259 injuriam
1334 2198 1388 2242 et
1418 2187 1824 2249 contumeliam,
1857 2194 1911 2240 et
1946 2200 2070 2239 cum
2104 2199 2222 2240 sese
2250 2198 2356 2238 no-

796 2284 869 2337 rit
905 2282 974 2336 ob
1004 2280 1106 2335 hoc
1141 2280 1317 2347 ipsum
1359 2278 1545 2331 dolere
1568 2318 1583 2343 ,
1619 2278 1731 2347 agit
1770 2276 2164 2347 pmnitentiam.
2205 2275 2357 2331 Alius

797 2385 902 2424 non
928 2368 1073 2425 dolet
1103 2367 1318 2438 quidem
1359 2367 1502 2437 quod
1535 2366 1860 2421 contumelia
1886 2364 2111 2421 allectus
2144 2365 2235 2428 sit,
2265 2366 2356 2419 sed

798 2477 971 2532 neque
1001 2463 1162 2515 etiam
1183 2460 1416 2530 gaudere
1443 2466 1641 2527 potest.
1674 2457 1740 2512 Hi
1772 2472 1961 2514 omnes
1989 2459 2152 2514 variis
2181 2457 2358 2515 modis

794 2554 1076 2623 passiones
1108 2565 1236 2606 suas
1269 2551 1468 2605 sistunt
1490 2557 1543 2603 ct
1566 2548 1861 2616 cohibent;
1895 2548 2150 2604 diﬂ‘erunt
2174 2558 2353 2605 tamen

795 2646 955 2715 primi
981 2644 1089 2700 duo
1126 2658 1159 2698 a
1186 2643 1432 2713 reliquis.
1459 2641 1564 2707 Qui
1596 2642 1802 2697 scilicet
1827 2651 2117 2710 superatur
2150 2642 2207 2696 in
2236 2657 2356 2697 cer-

797 2737 1019 2798 tamine,
1049 2743 1105 2788 et
1136 2734 1231 2803 qui
1254 2732 1489 2787 trahitur
1523 2732 1713 2786 nolens
1744 2748 1775 2785 a
1799 2730 2188 2785 consuetudine
2210 2770 2226 2793 .
2260 2745 2357 2786 co—

796 2825 1113 2896 gnoscitque
1141 2822 1304 2894 £22
1338 2837 1397 2875 se
1426 2820 1624 2890 ipsum,
1662 2818 1806 2888 quod
1836 2819 2087 2887 injuriam
2118 2834 2226 2873 non
2265 2828 2358 2874 tu-

797 2917 919 2970 lerit
968 2930 1093 2970 cum
1143 2913 1440 2982 gratiarum
1484 2909 1717 2965 actione.
1794 2908 2005 2978 Reliqui
2061 2917 2239 2964 autem
2301 2910 2355 2964 in

797 3009 992 3061 timore
1034 3013 1162 3060 sunt
1187 3013 1241 3058 et
1273 3002 1512 3074 periculo
1550 3000 1909 3071 operantium.
1945 2998 2145 3055 Dicunt
2172 3007 2355 3055 autem

798 3099 897 3153 hos
939 3097 992 3150 ir.
1034 3110 1224 3151 eorum
1271 3103 1414 3149 statu
1436 3108 1559 3149 esse
1583 3130 1600 3155 .
1649 3091 1743 3162 qui
1791 3092 2097 3162 passionem
2139 3092 2355 3161 quidem
2381 3104 2427 3163 ς,

797 3204 961 3258 quam
997 3188 1049 3241 in
1090 3187 1273 3241 habitu
1300 3186 1524 3246 habent.
1550 3185 1783 3249 sistunt,
1814 3183 2105 3253 noluntque
2124 3183 2356 3253 operari,

797 3283 979 3335 dolent
1005 3292 1181 3335 tamen
1232 3280 1285 3333 in
1334 3278 1649 3333 certamine.
1698 3277 1767 3330 At
1795 3274 1982 3331 Patres
2012 3277 2181 3331 nostri
2209 3277 2358 3331 dixe-

798 3382 926 3426 runt
949 3373 1263 3425 diuturnum
1290 3384 1411 3424 esse
1437 3383 1542 3423 non
1577 3382 1738 3437 posse
1758 3366 2019 3438 quidquid
2053 3367 2233 3422 anima
2261 3382 2361 3423 no-

801 3464 979 3517 luerit.
1006 3461 1353 3516 Contrecteut
1374 3468 1553 3514 autem
1583 3472 1643 3513 se
1679 3458 1828 3526 ipsos
1852 3465 1907 3511 et
1931 3458 2208 3511 excutiant
2236 3456 2362 3512 dili-

799 3561 1024 3623 genter;
1058 3559 1112 3605 et
1142 3550 1187 3605 si
1216 3548 1521 3620 passionem
1557 3548 1727 3617 ipsam
1768 3547 1958 3601 ulcisci
1997 3547 2357 3617 nequiverint,

798 3664 993 3703 causas
1041 3646 1311 3717 passionis
1356 3643 1712 3706 abscindant,
1754 3657 1821 3696 ne
1851 3641 1992 3695 trabi
2018 3642 2229 3711 possint
2259 3641 2361 3696 ali-

797 3739 1019 3810 quando
1063 3747 1118 3793 et
1164 3736 1429 3807 superari.
1465 3735 1684 3790 Certant
1714 3732 1803 3787 alii
1836 3733 2145 3802 passionem
2170 3735 2361 3789 sistere

799 3835 968 3888 altera
1013 3831 1263 3901 passione
1295 3846 1309 3881 :
1351 3838 1514 3899 atque
1543 3824 1897 3882 taciturnitati
1928 3826 2111 3880 studet
2141 3826 2265 3897 quis
2291 3826 2360 3881 ob

801 3928 1015 3981 inanem
1039 3923 1287 3993 gloriam,
1311 3922 1450 3976 alius
1480 3920 1550 3974 ob
1578 3919 1869 3973 humanam
1893 3918 2357 3988 complacentiam.

801 4019 866 4074 lli
923 4033 1109 4072 onmes
1160 4016 1302 4070 malo
1346 4013 1629 4069 medentur
1682 4011 1844 4066 malo.
1913 4009 2132 4066 Dicebat
2175 4022 2357 4067 autem

800 4111 967 4166 abbas
1012 4109 1205 4165 Pastor
1246 4107 1390 4178 quod
1439 4105 1641 4161 malitia
1698 4119 2038 4174 nequaquam
2095 4105 2356 4159 malitiam

801 4204 1029 4260 tolleret.
1055 4202 1194 4257 Sunt
1224 4214 1352 4255 vero
1379 4199 1454 4264 hi,
1477 4199 1577 4254 etsi
1607 4212 1713 4252 non
1754 4196 1979 4251 credant
2009 4197 2356 4269 rideantque,

800 4296 940 4351 inter
968 4302 1303 4365 operatores.

871 4389 978 4445 Vll.
1033 4387 1323 4444 Dicendum
1360 4396 1416 4443 et
1443 4386 1510 4441 de
1538 4387 1621 4442 his
1649 4386 1744 4456 qui
1776 4386 2057 4456 passiones
2097 4383 2352 4438 evellant.

800 4482 1007 4538 Gaudet
1041 4481 1238 4551 aliquis
1262 4496 1383 4535 cum
1417 4478 1654 4534 afﬁcitur
1676 4478 1999 4533 contumelia
2020 4516 2036 4541 ,
2075 4491 2142 4530 eo
2175 4486 2352 4531 tamen

801 4577 983 4630 animo
1013 4586 1071 4629 ut
1104 4573 1404 4645 mercedem
1449 4572 1690 4641 recipiat.
1736 4571 1787 4625 Is
1818 4570 1872 4625 in
1915 4586 2100 4624 eorum
2136 4582 2360 4623 numero

798 4678 883 4723 est
910 4668 999 4737 qui
1024 4666 1301 4721 eradicant
1325 4665 1541 4736 quidem
1574 4666 1874 4733 passiones,
1900 4678 2006 4717 non
2032 4672 2207 4717 tamen
2233 4676 2358 4716 cum

800 4765 1045 4818 scientia.
1074 4762 1282 4817 Gaudet
1320 4762 1461 4816 alius
1491 4759 1716 4814 aii'ectus
1758 4758 2085 4813 contumelia
2107 4798 2123 4819 ,
2159 4768 2214 4811 et
2244 4771 2361 4812 cer-

802 4871 913 4910 tum
941 4855 1121 4918 habet,
1142 4834 1398 4908 "all‘ectum
1439 4867 1560 4908 sese
1595 4851 1921 4905 contumelia
1957 4849 2149 4904 merito
2174 4890 2190 4914 ,
2229 4848 2358 4919 quia

801 4964 1021 5003 causam
1064 4944 1290 5001 dederit.
1349 4944 1448 4999 llic
1496 4958 1620 4998 cum
1672 4943 1897 4998 scientia
1940 4950 1995 4996 et
2034 4941 2359 5013 cogitatione

799 5039 1108 5107 passionem
1147 5036 1367 5092 educit:
1400 5032 1726 5089 contumelia
1756 5032 1899 5087 enim
1932 5030 2088 5096 allici,
2121 5032 2265 5085 etin
2299 5045 2359 5085 se

803 5132 979 5199 ipsum
1007 5145 1225 5184 causam
1253 5126 1546 5182 transferre
1566 5166 1582 5191 ,
1621 5135 1675 5180 ct
1704 5134 1763 5179 ut
1798 5139 1828 5178 a
1858 5138 1917 5179 se
1945 5123 2207 5178 venientia
2234 5137 2355 5177 om-

799 5227 889 5280 nia
937 5227 1248 5293 suscipere,
1291 5224 1395 5275 hoc
1444 5220 1629 5289 utique
1674 5219 1913 5274 scientiae
1954 5227 2038 5272 est
2084 5216 2350 5270 maximae.

798 5319 1119 5386 Quicunque
1159 5324 1335 5369 autem
1381 5330 1412 5368 a
1464 5312 1694 5366 Domino
1737 5310 1910 5381 poscit
1958 5307 2347 5372 humilitatem,

800 5410 936 5466 sciat
958 5425 1018 5464 se
1044 5420 1268 5477 poscere
1290 5407 1522 5475 aliquem
1552 5403 1618 5457 ad
1645 5418 1703 5456 se
1723 5400 2003 5465 destinari,
2026 5415 2057 5454 a
2080 5413 2191 5470 quo
2221 5412 2348 5453 con-

800 5501 1033 5557 tumeliis
1075 5507 1132 5555 et
1170 5497 1385 5567 injuriis
1419 5495 1713 5559 adiciatur;
1762 5507 1993 5561 cumque
2023 5505 2117 5545 eas
2151 5490 2348 5559 pariter

2385 4452 2430 4507 D

2461 1916 2743 1989 βαρεῖσθαι
2767 1916 2930 1972 αὑτὸν
2961 1918 3066 1971 ὑπὸ
3089 1917 3183 1972 τοῦ
3208 1918 3429 1982 πάθους.
3452 1919 3646 1982 ’Δλλος
3670 1920 3738 1973 οὑ
3760 1920 3919 1974 θέλει
3947 1919 4039 1989 μὲν

2458 2008 2819 2080 ἀποκριθῆναι
2840 2009 3044 2075 κακῶς,
3058 2011 3168 2064 ἀπὸ
3180 2012 3467 2082 συνηθείας
3489 2011 3547 2065 δὲ
3577 2012 4004 2084 συναρπάζεται
4021 2029 4034 2040 ·

2458 2100 2614 2163 ἄλλος
2655 2102 2977 2168 ἀγωνίζεται
3015 2103 3113 2171 μὲν
3144 2103 3218 2172 μὴ
3264 2102 3494 2172 λαλῆσαι
3537 2102 3678 2165 ὅλως
3718 2119 3779 2155 τι
3826 2105 4030 2155 κακόν·

2459 2195 2703 2250 λυπεῖται
2750 2196 2809 2250 δὲ
2839 2197 2921 2250 ὃτι
2954 2195 3183 2267 ὑϐρίσθη
3207 2210 3222 2226 ·
3269 2194 3406 2267 πλὴν
3449 2195 3584 2249 ἀλλὰ
3614 2194 4032 2264 καταγινώσκει

2457 2288 2658 2343 ἑαυτοῦ
2689 2289 2770 2343 ὃτι
2798 2288 3045 2343 λυπεῖται
3078 2290 3173 2343 καὶ
3206 2291 3454 2359 μετανοεὶ
3482 2289 3611 2357 περὶ
3643 2288 3849 2343 τούτου
3882 2305 3899 2319 ’
3945 2289 4030 2343 Et.

2457 2380 2547 2444 λος
2570 2382 2631 2435 οὑ
2660 2380 2904 2435 λυπεῖται
2953 2381 3051 2451 μὲν
3097 2381 3179 2434 ὅτι
3224 2380 3474 2451 ὑϐρίσθη,
3520 2379 3638 2434 ἀλλ’
3665 2380 3794 2435 οὐδὲ
3825 2381 4029 2451 χαίρει.

2469 2472 2599 2527 Ἰδοὺ
2646 2466 2796 2525 οὑτοι
2840 2471 3045 2535 πάντες
3093 2474 3144 2525 οἱ
3193 2471 3445 2535 ἱστῶντες
3489 2470 3553 2524 τὸ
3614 2470 3799 2533 πάθος
3851 2472 3992 2523 εἰσίν
4012 2486 4025 2498 ·

2456 2561 2639 2633 ἔχουσι
2681 2563 2738 2615 δὲ
2763 2563 2822 2614 tv
2856 2563 3064 2627 ἑαυτοῖς
3090 2563 3351 2634 διαφορὰν
3379 2564 3429 2616 οἱ
3456 2561 3551 2617 δύο
3583 2563 3727 2633 πρὸς
3759 2565 3895 2627 τοὺς
3924 2563 4026 2615 λοι-

2456 2656 2612 2719 ποὺς,
2656 2658 2687 2710 ὁ
2733 2654 3041 2726 ἡττώμενος
3082 2657 3142 2708 tv
3181 2654 3260 2725 τῷ
3287 2654 3665 2723 ἀγωνίζεσθαι,
3718 2656 3817 2710 καὶ
3849 2657 3882 2709 ὁ
3913 2673 4028 2709 συν»

2457 2746 2833 2817 αρπαζόμενος
2876 2747 2985 2802 ἀπὸ
3034 2747 3341 2818 συνηθείας,
3395 2748 3487 2800 καὶ
3521 2748 3551 2800 ὁ
3586 2749 4025 2816 καταγινώσκων

2456 2838 2667 2904 ἑαυτοῦ,
2689 2841 2771 2894 ὅτι
2789 2841 2888 2911 οὐχ
2915 2841 3188 2910 ὑπήνεγκε
3214 2839 3329 2910 μετ’
3349 2840 3701 2911 εὐχαριστίας
3724 2838 3828 2910 τὴν
3849 2839 4021 2908 ὓϐριν·

2454 2933 2505 2986 οί
2533 2931 2590 2985 δὲ
2617 2931 2792 2985 λοιποὶ
2818 2933 2877 2984 tv
2904 2930 3056 3001 φόϐῳ
3083 2931 3191 2984 εἱσὶ
3210 2930 3305 2984 τοῦ
3336 2929 3579 2983 κινδύνου
3602 2930 3717 2983 τῶν
3744 2932 4027 3002 ἐνεργούν-

2455 3040 2565 3077 των
2587 3037 2601 3053 ·
2635 3018 2787 3076 εἷπον
2816 3021 2876 3076 δὲ
2902 3021 3099 3086 αὑτοὺς
3124 3018 3234 3075 τῶν
3267 3020 3535 3074 ἱστώντων
3559 3020 3619 3073 τὸ
3640 3020 3823 3084 πάθος
3846 3016 3991 3074 εῐναι
4009 3036 4023 3048 ’

2454 3118 2522 3186 τῇ
2551 3114 2658 3188 γάρ
2688 3113 2926 3169 διαθισει
2953 3113 3190 3184 ἔστησαν
3220 3112 3282 3166 τὸ
3310 3112 3502 3176 πάθος,
3536 3112 3629 3166 καὶ
3666 3113 3736 3165 οὑ
3779 3113 4025 3166 θέλουσιν

2455 3207 2769 3278 ινεργῆσαι,
2796 3204 2933 3260 άλλὰ
2964 3205 3060 3259 καὶ
3084 3203 3375 3258 λυποῦνται
3419 3203 3810 3271 άγωνὶζοντες.
3865 3204 4026 3256 εἶπον

2455 3298 2514 3352 δι
2544 3300 2595 3352 οἱ
2624 3298 2855 3370 Πάτρες,
2883 3298 2967 3352 ὅτι
2999 3298 3109 3352 πᾶν
3153 3297 3382 3367 πρᾶγμα
3411 3295 3441 3348 ὑ
3472 3296 3548 3364 μὴ
3590 3294 3739 3350 θέλει
3785 3299 3820 3366 ή
3860 3296 4025 3366 ψυχὴ,

2456 3390 2816 3462 ὀλιγοχρόνιόν
2862 3391 3026 3444 εστιν.
3065 3388 3362 3456 Ὀφείλουσι
3387 3386 3446 3440 δὲ
3471 3385 3732 3458 ψηλαφᾷν
3776 3390 4006 3451 ἑαυτοὺς

2460 3483 2539 3553 μή
2561 3499 2677 3545 πως
2708 3481 2813 3535 κᾶν
2858 3480 2933 3552 μὴ
2961 3480 3090 3534 αὐτὸ
3123 3480 3183 3533 τὸ
3214 3480 3405 3545 πάθος.
3448 3480 3583 3535 ἀλλά
3604 3497 3659 3532 τι
3688 3480 3808 3533 τῶν
3836 3482 4025 3535 me...

2455 3572 2550 3627 τοῦ
2577 3572 2784 3635 πάθους
2814 3570 3178 3634 ἱπεκδικοῦσι,
3225 3572 3319 3626 καὶ
3346 3570 3433 3625 διὰ
3477 3571 3637 3625 τοῦτο
3679 3573 3965 3642 ἡττῶνται
3993 3571 4021 3641 ἢ

2458 3664 2912 3736 συναρπάζονται.
2959 3663 3081 3717 Elui.
3108 3664 3166 3718 δέ
3191 3681 3357 3729 τινες,
3391 3666 3576 3735 φησὶν,
3623 3665 4025 3736 ἀγωνιζόμενοι

2459 3757 2651 3827 στῆσαι
2682 3756 2744 3811 τὸ
2767 3755 2957 3820 πάθος,
2982 3754 3117 3810 ἀλλὰ
3141 3755 3280 3809 κατὰ
3313 3755 3503 3819 πάθος.
3540 3755 3595 3809 '0
3631 3756 3733 3826 μὲν
3758 3757 3876 3827 γὰρ
3902 3775 4025 3810 σιω-

2457 3850 2539 3919 πᾷ
2557 3848 2648 3903 διὰ
2678 3846 2981 3914 κενοδοξίαν
3002 3862 3018 3878 ο
3053 3849 3084 3900 ὁ
3111 3846 3188 3913 δὲ,
3214 3848 3285 3902 δι’
3311 3848 3863 3918 ἁνθριιηταρέσκειαν,
3898 3852 3935 3921 ἢ
3961 3849 4021 3902 δι’

2456 3940 2585 3996 άλλο
2611 3933 2723 3992 οἷον
2743 3940 2943 4008 δήποτε
2990 3939 3180 4003 πάθος.
3230 3933 3389 3994 Οὗτοι
3417 3940 3573 4011 κακῷ
3606 3942 3671 3994 τὸ
3694 3944 3873 3996 κακὸν
3912 3944 4026 3996 ἰών·

2455 4049 2564 4085 ται.
2596 4025 2733 4086 Είπε
2757 4030 2815 4084 δὲ
2840 4033 2871 4085 ὁ
2896 4030 3069 4093 άϐϐᾶς
3101 4031 3328 4101 Ποιμὴν,
3372 4031 3455 4084 ὅτι
3492 4032 3731 4102 πονηρία
3772 4032 4022 4103 οὐδαμῶς

2458 4123 2719 4194 πονηρίαν
2742 4123 2973 4193 άναιρεί.
3021 4114 3181 4175 Οὗτοι
3208 4123 3346 4193 μετὰ
3375 4123 3486 4177 τῶν
3520 4124 3901 4195 ἐνεργούντων
3923 4125 4024 4179 εἱσι

2457 4214 2562 4269 κᾶν
2589 4212 2979 4284 χλευάζωνται.

2528 4397 2604 4450 Z'.
2642 4394 2879 4465 Θίλομεν
2903 4392 3089 4447 λοιπὸν
3120 4393 3315 4456 sin-civ,
3341 4390 3435 4445 καὶ
3459 4392 3586 4461 περὶ
3608 4392 3723 4446 τῶν
3745 4395 4023 4466 ἐκριζούν-

2453 4504 2563 4542 των
2580 4487 2643 4540 τδ
2664 4486 2855 4549 πάθος.
2886 4485 3042 4539 Ἐστι
3062 4501 3144 4547 τις
3166 4484 3254 4538 ὅτε
3280 4482 3457 4554 χαίρει
3486 4485 3584 4553 μὲν
3601 4485 3741 4537 ἐπὰν
3764 4487 4019 4558 ὑϐρισθῇ.

2453 4578 2592 4634 άλλά
2617 4577 2706 4632 διὰ
2752 4578 2814 4632 τὸ
2857 4578 3002 4648 ιχειν
3050 4576 3259 4647 μισθόν.
3310 4569 3479 4639 Οὗτος
3510 4575 3616 4628 τῶν
3653 4578 4020 4647 ὲκριζούντων

2454 4671 2517 4725 τὸ
2540 4670 2710 4733 πάθος
2741 4671 2911 4734 ἐστὶν,
2960 4668 3074 4723 ἀλλ’
3116 4668 3179 4721 οὑ
3230 4668 3368 4737 μετά
3411 4667 3689 4735 γνώσεως.
3738 4672 3940 4734 Ἄλλος
3970 4674 4019 4725 6's

2455 4762 2638 4834 χαίρει
2671 4761 3041 4834 ὑϐριζόμενος,
3073 4760 3167 4814 καὶ
3189 4759 3302 4830 ἔχει
3327 4761 3408 4814 ὅτι
3440 4763 3709 4831 χρεωστεῖ
3745 4763 4015 4834 ὑϐρισθῆ-

2424 4868 2565 4915 οναι.
2592 4852 2669 4917 ὡς
2691 4854 2773 4907 ὅτι
2798 4853 2962 4916 αὐτὸς
2983 4852 3149 4906 ἔδωκε
3175 4851 3273 4922 τὴν
3297 4853 3496 4907 αἱτίαν.
3529 4848 3696 4917 Οὗτος
3722 4856 3869 4924 μετὰ
3893 4858 4017 4922 γνώ-

2459 4960 2595 5007 σεως
2626 4943 2832 5011 ἐκριζοὶ
2856 4942 2918 4995 τὸ
2947 4942 3117 5006 πάθος
3140 4960 3153 4974 ·
3178 4943 3241 4996 τὸ
3264 4943 3374 5015 γάρ
3406 4943 3725 5015 ὑϐρισθῆναι
3756 4963 3907 5011 τινα,
3932 4951 4015 5001 καὶ

2457 5037 2641 5108 φέρειν
2665 5035 2787 5089 καθ’
2811 5033 3004 5089 ἑαυτοῦ
3027 5034 3126 5105 τὴν
3146 5035 3345 5098 αἰτίαν,
3367 5036 3462 5089 καὶ
3492 5035 3763 5106 δέχεσθαι,
3797 5040 3881 5103 ὡς
3914 5042 4014 5094 ista

2454 5126 2523 5180 τά
2552 5127 2892 5197 ίπερχόμενα
2919 5124 3089 5196 αὐτῷ,
3123 5126 3372 5195 γνώσεώς
3407 5130 3574 5182 ἐστιν.
3609 5128 3888 5196 Ἕκαστος
3912 5135 4014 5203 γὰρ

2454 5216 2739 5286 εὐχόμενος
2762 5216 2840 5284 τῷ
2867 5213 3008 5284 Θεῷ,
3046 5214 3239 5285 Κύριε,
3267 5215 3353 5279 δός
3380 5232 3471 5285 μοι
3497 5217 4011 5287 ταπείνωσωώφεί-

2453 5309 2535 5362 let
2568 5308 2765 5361 εἰδέναι
2803 5309 2885 5362 ὅτι
2908 5305 3067 5360 τοῦτό
3094 5308 3240 5360 ἔστιν
3267 5307 3296 5361 ὅ
3326 5308 3486 5371 αίτεί,
3523 5308 3610 5360 ἵνα
3641 5309 3836 5381 πέμψῃ
3868 5313 4011 5382 αὑτῷ

2450 5416 2572 5453 τινα
2599 5399 2817 5469 ὑϐρίσαι
2844 5398 2990 5469 αὑτῷ
3008 5414 3022 5427 ·
3064 5399 3190 5451 ὅταν
3218 5398 3488 5469 ὑϐρίζεται
3519 5400 3621 5454 ὑπό
3648 5418 3817 5464 τινος,
3861 5406 4008 5473 ἀφεξ-

2451 5491 2533 5545 λει
2555 5492 2647 5544 καὶ
2674 5491 2835 5554 αὐτὸς
2859 5489 3048 5544 ἑαυτὸν
3073 5489 3331 5563 ὑϐρίζειν,
3354 5493 3448 5545 καὶ
3476 5491 3768 5555 ξξουδενείν
3794 5496 3877 5566 τῷ
3898 5498 4009 5567 ἰδίῳ

801 5678 1171 5749 prenitenttarn
1203 5688 1381 5746 agerc,
1416 5671 1519 5727 nisi
1554 5685 1656 5725 eos:
1692 5668 1923 5738 alicujus
1952 5667 2124 5723 sancti
2171 5667 2345 5723 oratio
2384 5666 2619 5739 adjuvet.
2653 5668 2742 5725 Sic
2804 5668 2945 5724 enim
3002 5668 3182 5724 dicere
3204 5667 3485 5724 videturin
3507 5668 3754 5739 proxime
3772 5686 4000 5745 sequen-

694 5747 968 5879 Αμε,
999 5756 1049 5802 et
1089 5747 1214 5801 alibi
