4118 6542
164 384 296 447 1733

1502 366 1870 428 υΟΕΤῐΠΝᾹ
1927 368 2017 424 XI.

3226 344 3358 425 173s

162 491 419 563 λογισμῷ,
442 492 529 545 ἵνα
557 491 760 551 ἐκεῖνος
796 505 893 557 μεν
923 484 1167 539 ταπεινοί
1192 482 1350 537 αὑτὺν
1380 479 1598 543 ἔξωθεν,
1622 476 1713 530 καὶ

1822 476 1951 527 lerat
1986 490 2142 542 :equo
2183 477 2364 526 animo
2401 482 2814 541 contcninatquc
2847 489 2904 526 se
2949 478 3121 540 ipsum
3155 476 3206 529 in
3236 494 3354 531 cor-

159 586 318 646 uino;
364 581 555 635 ἐαυτὸν
590 580 810 633 ἔσωθεν.
847 580 1029 631 Ἔστιν
1070 576 1226 637 ἄλλος
1272 575 1359 626 ὅτε
1406 573 1467 623 οῦ
1528 570 1702 638 χαίρει

159 678 318 745 μόνον
350 673 718 742 ὑϐριζόμενος,
753 671 846 722 καὶ
892 668 1077 722 ἑαυτὸν
1112 667 1349 720 αἰτιᾶται
1373 680 1387 691 ·
1447 664 1580 715 ἀλλὰ
1612 661 1706 713 καὶ

154 768 404 820 λυπεῖται
442 766 531 818 διὰ
557 766 655 835 τὴν
683 763 923 835 ταραχὴν
949 762 1040 815 τοῦ
1071 759 1387 831 ὑϐρίσαντος
1425 756 1583 809 αὐτόν
1612 772 1621 780 ο
1677 758 1706 807 ὁ

153 860 285 921 Θεὸς
335 858 549 925 ἐνέγκοι
599 859 744 927 ἡμᾶς
787 858 867 917 εἰς
916 856 1015 924 τὴν
1062 853 1316 921 τοιαύτην
1359 851 1702 903 κατάστασιν.

153 947 390 1000 Βλέπετε
426 948 591 999 πόσον
628 948 743 999 ἐστὶ
777 946 972 1007 πλάτος
1002 946 1081 1007 είς
1122 944 1221 1004 τὰς
1261 944 1405 1011 τρεῖς
1434 940 1705 992 natasti-

153 1054 286 1100 σεις.
317 1035 587 1098 ’Ἕκαστος
612 1032 703 1089 οὖν
732 1035 907 1105 ἡμῶν,
937 1033 1013 1096 ὡς
1040 1029 1209 1093 εἷπον,
1235 1031 1380 1101 μάθῃ
1410 1030 1564 1092 ποίας
1595 1028 1709 1080 ἐστὶ

149 1128 542 1189 καταστάσεως
567 1142 580 1156 “
632 1126 727 1179 ἐὰν
759 1125 925 1178 θέλων
966 1122 1147 1193 ἀκμὴν
1183 1122 1393 1191 ἐνεργεῖ
1422 1120 1482 1173 τὸ
1518 1119 1704 1181 πάθος,

149 1221 244 1273 καὶ
262 1218 559 1282 ἐπεκδικεϊ,
584 1218 616 1287 ἢ
646 1218 813 1271 θέλων
843 1218 939 1287 μὲν
963 1218 1024 1270 οὐ
1048 1217 1189 1269 ποιεῖ
1213 1231 1227 1245 ·
1256 1212 1547 1282 νικώμενος
1576 1212 1649 1275 δὲ,
1675 1213 1708 1281 ἢ

146 1311 258 1365 ἀπὸ
309 1310 601 1379 συνηθείας
644 1309 1117 1380 συναρπαζύμενος
1173 1308 1384 1377 ἐνεργεῖ
1419 1305 1568 1368 αὐτὸ,
1619 1306 1710 1356 καὶ

148 1403 295 1471 μετὰ
325 1402 388 1453 τὸ
417 1400 733 1472 ἐνεργῆσαι,
771 1399 1010 1454 θλίϐεται
1041 1400 1133 1454 καὶ
1169 1398 1417 1468 μετανοεῖ
1443 1398 1523 1450 ὅτι
1554 1398 1712 1466 ἐνήρ-

146 1510 339 1564 γησεν,
386 1493 421 1563 ἦ
474 1492 798 1560 ἀγωνίζεται
825 1492 1019 1561 στῆσαι
1048 1492 1110 1544 τὸ
1139 1490 1305 1554 πάθος
1347 1491 1405 1542 ἐν
1438 1487 1650 1557 γνῶσει,
1678 1488 1709 1557 ἢ

145 1585 290 1638 κατὰ
322 1585 455 1638 ἄλλο
485 1584 656 1648 πάθος
682 1583 1022 1652 ἀγωνίζεται,
1049 1583 1236 1652 ὥσπερ
1259 1582 1503 1649 εἴπομεν.
1530 1580 1714 1633 Ἔστιν

144 1677 237 1729 ὅτε
276 1678 463 1747 σιωπᾷ
494 1694 577 1740 τις
618 1677 650 1746 ἢ
686 1674 822 1729 κατὰ
862 1674 1240 1743 κενοδοξίαν,ῆ
1282 1673 1423 1726 κατὰ
1465 1672 1716 1742 ἀνθρωπ-

147 1767 471 1836 αρέσκειαν,
503 1767 537 1837 ἢ
589 1766 772 1828 ἁπλῶς
822 1767 993 1817 εἰπεῖν
1026 1766 1168 1818 κατά
1194 1782 1311 1816 τινα
1339 1764 1593 1832 Αογισμὸν
1619 1764 1715 1815 άν-

144 1856 573 1927 θμύπινον,,καὶ
599 1857 799 1926 ἡρξατο
827 1855 1074 1922 ἐκριζοῦν
1102 1856 1163 1908 τὸ
1187 1855 1376 1919 πάθος.
1410 1856 1518 1909 Καὶ
1538 1856 1587 1906 εἰ
1618 1854 1715 1923 μὲν

146 1949 289 2017 μετὰ
329 1948 591 2017 γνώσεως
628 1949 868 2019 ἐκριζοῖ,
919 1948 1014 1999 καὶ
1066 1950 1208 2001 ποιεῖ
1243 1946 1311 2000 τά
1363 1944 1578 1999 ἐναντία
1623 1942 1716 1995 τοῦ

142 2038 359 2103 πάθους
382 2056 399 2072 ο
447 2041 677 2103 ἕκαστος
715 2040 863 2110 μάθῃ
901 2037 1004 2091 ποῦ
1042 2038 1187 2092 ἐστιν
1210 2054 1225 2070 ο
1257 2039 1302 2090 εί
1324 2040 1338 2056 ⁶
1368 2038 1517 2089 ποῖον
1545 2034 1717 2105 μίλιόν

144 2132 298 2185 ἐστιν
320 2148 337 2164 ο
369 2133 433 2185 οὐ
470 2132 631 2202 μόνον
652 2133 761 2202 γάρ
788 2130 1071 2200 ὀφείλομεν
1100 2131 1218 2183 καθ’
1247 2128 1460 2199 ἡμέραν
1492 2128 1718 2196 ἐρευνᾷν

145 2224 403 2287 ἑαυτοὺς,
421 2223 578 2296 ,ἀλλὰ
612 2224 706 2275 καὶ
751 2223 890 2276 κατὰ
922 2221 1110 2293 καιρὸν
1134 2222 1226 2273 καὶ
1255 2220 1395 2273 κατά
1424 2219 1591 2288 μῆνα,
1625 2217 1720 2269 γα).

145 2313 273 2367 καθ’
313 2312 612 2381 ἑϐδομάδα,
660 2312 753 2365 καί
802 2311 979 2378 λέγειν
1026 2311 1124 2380 τὴν
1170 2308 1391 2379 πρώτην
1428 2306 1716 2375 ἑϐδομάδα,

146 2404 377 2457 τοιῶσδε
406 2402 724 2473 ἐϐαρούμην
743 2404 819 2465 εἰς
850 2400 968 2454 τόδε
996 2399 1058 2453 τδ
1091 2401 1256 2462 πάθος
1279 2415 1292 2426 ·
1320 2400 1426 2468 ἄρα
1453 2400 1576 2469 ἄρτι
1605 2397 1720 2459 πῶς

147 2496 305 2565 εἰμες
369 2493 608 2563 ἷΟμοίως
638 2493 731 2544 καὶ
771 2490 912 2545 κατὰ
943 2489 1130 2560 καιρὸν
1169 2487 1365 2555 λέγειν,
1409 2489 1491 2541 ὅτι
1524 2487 1720 2557 πέρυσι

147 2585 379 2639 τοιῶσδε
415 2585 695 2652 ἐνικώμην
722 2582 826 2635 ὑπὸ
855 2581 1009 2634 τοῦδε
1052 2580 1144 2633 τοῦ
1178 2579 1408 2642 πάθους·
1457 2580 1583 2648 ἄρτι
1605 2578 1721 2640 πῶς

148 2675 296 2745 ἐχως
351 2673 467 2728 Καὶ
510 2671 682 2736 οὕτως
714 2672 836 2726 καθ’
867 2671 1104 2741 ἑκάστην
1149 2669 1442 2739 γυμνάζειν
1474 2669 1722 2731 ἑαυτοὺς,

148 2770 201 2822 εί
231 2765 625 2838 προεκόψαμεν
670 2765 882 2835 μικρὸν,
912 2766 946 2835 ἢ
986 2766 1043 2817 ἐν
1088 2764 1197 2825 τοῖς
1245 2763 1425 2823 αὐτοῖς
1471 2764 1656 2829 ἐσμεν,
1687 2758 1721 2828 ἢ

147 2859 231 2922 εἰς
266 2859 331 2909 τὸ
360 2860 552 2928 χεῖρον
594 2856 909 2925 ἐγενόμεθα.
960 2854 1017 2907 '0
1048 2853 1178 2915 Θεὸς
1214 2852 1373 2905 δώσει
1404 2852 1533 2920 ἡμῖν
1564 2849 1723 2901 δύνα-

150 2968 267 3020 μιν,
305 2951 399 3003 ἵνα
429 2949 572 3011 τέως
602 2947 704 3001 κᾶν
740 2946 816 3017 μὴ
843 2944 1147 3017 ἐκριζῶμεν
1173 2945 1232 2997 τὸ
1258 2943 1448 3007 πάθος,
1483 2942 1598 2994 ἀλλ’
1632 2935 1726 2992 οὖν

149 3038 229 3110 μὴ
266 3040 612 3111 ἐνεργῶμεν,
641 3039 757 3093 ἀλλ’
781 3037 1012 3108 ἱστῶμεν
1037 3036 1187 3089 αὑτό.
1224 3036 1428 3097 Ὄντως
1453 3033 1561 3104 γὰρ
1588 3030 1723 3101 βαρὺ

1806 568 1909 627 de,
1962 576 2018 616 ut
2061 575 2112 617 et
2147 562 2280 617 foris
2315 573 2367 615 et
2411 565 2555 615 intus
2606 566 2805 630 pariter
2853 566 3180 618 luuuilietur.
3214 570 3362 621 Alius

1809 671 1916 708 non
1969 656 2140 709 solum
2186 656 2381 723 gaudet
2424 654 2648 709 aﬂectus
2690 660 3051 718 contumelia,
3099 668 3151 710 ct
3202 661 3252 711 ii.
3306 678 3363 713 ευ

1810 746 1986 815 ipsum
2017 762 2235 800 causam
2267 746 2552 808 transfert,
2583 748 2674 800 sed
2709 750 2872 801 etiam
2906 751 3049 802 dolet
3077 753 3218 818 quod
3249 763 3362 804 tur-

1814 844 1969 898 batus
2001 846 2069 898 sit
2097 846 2190 913 qui
2231 845 2483 912 injuriam
2528 846 2721 898 intulit.
2760 846 2994 903 Utinam.
3027 845 3237 911 fratres,
3269 864 3367 901 nos

1814 933 1951 989 Deus
1995 938 2046 989 in
2100 936 2242 987 hunc
2287 945 2484 989 statum
2534 938 2783 989 adducat.
2842 937 3025 989 Videte
3063 950 3258 1003 quanta
3298 944 3367 992 sit

1812 1026 1973 1079 trium
2016 1025 2207 1079 horum
2243 1036 2481 1080 statuum
2514 1027 2756 1079 latitudo.
2795 1027 2973 1081 Discat
3015 1030 3174 1095 igitur
3203 1046 3366 1082 unus,

1813 1121 2038 1189 quisque
2074 1122 2228 1187 cujus
2260 1122 2330 1175 sit
2373 1122 2489 1189 ipse
2532 1130 2744 1183 status;
2783 1124 2863 1176 vel
2895 1138 3080 1195 eorum
3114 1125 3204 1193 qui
3241 1142 3369 1192 ορει»

1815 1224 2020 1275 rantur,
2045 1226 2095 1267 et
2123 1215 2452 1267 ulciscuntur
2483 1216 2797 1283 passiones;
2832 1218 2911 1270 vel
2939 1234 3124 1270 eorum
3152 1220 3240 1287 qui
3277 1237 3373 1271 no-

1816 1304 1984 1357 lentes
2015 1304 2228 1372 quidem
2263 1314 2316 1356 et
2350 1304 2499 1357 inviti
2537 1316 2861 1374 superantur
2893 1323 2920 1359 a
2960 1311 3371 1372 eonsnctmline,

1814 1408 1865 1450 et
1905 1399 1969 1450 ad
2016 1414 2152 1467 opus
2184 1399 2508 1460 trahuntur,
2567 1408 2686 1467 post
2720 1415 2855 1467 Opus
2889 1411 3066 1455 autem
3103 1414 3329 1457 ωορκ-ιιι
3356 1444 3373 1468 ,

1816 1491 2143 1559 afﬂiguntur,
2169 1501 2223 1544 ct
2249 1490 2451 1555 dolent,
2485 1501 2755 1559 aguntque
2778 1493 3164 1560 pmniteutiam.
3200 1496 3378 1549 Dis-rat

1817 1582 1862 1635 si
1896 1582 1948 1633 in
1978 1597 2164 1635 eorum
2200 1597 2428 1635 numero
2462 1582 2531 1636 sit
2565 1584 2656 1649 qui
2700 1584 2979 1648 ιιειςμίοιιρε
3017 1588 3219 1637 sistunt
3252 1601 3375 1638 cum

1818 1672 2042 1726 scientia
2077 1682 2131 1726 et
2167 1674 2525 1742 cogitatione,
2554 1674 2633 1727 τοι
2680 1675 2724 1727 si
2762 1686 2929 1728 certat
2976 1716 2987 1741 κ
3017 1687 3072 1728 ut
3111 1677 3377 1739 diximus)

1821 1764 2122 1832 passionem
2156 1762 2340 1816 tollere
2365 1765 2637 1830 passione.
2665 1762 2776 1817 lloc
2808 1775 2914 1827 est,
2942 1767 2984 1818 si
3013 1768 3135 1834 quis
3166 1767 3379 1820 silentio

1816 1856 1995 1910 studet
2021 1857 2090 1909 ob
2117 1856 2328 1909 inanem
2354 1855 2604 1925 gloriam,
2632 1856 2701 1909 ob
2729 1857 3018 1910 humanam
3046 1859 3380 1926 complacuit-

1817 1953 1977 2015 tiam,
2024 1962 2118 2005 aut
2166 1953 2455 2005 humanam
2504 1962 2559 2005 et
2588 1952 2934 2020 temporalem
2977 1954 3375 2032 cggitationcm.

1818 2045 1999 2098 Discat
2028 2045 2074 2099 si
2101 2046 2263 2115 cmpit
2285 2046 2511 2099 evellere
2543 2047 2843 2113 passionem
2871 2064 2884 2097 :
2918 2048 3202 2115 cvellitque
3232 2048 3377 2101 illam

1816 2151 1938 2189 cum
1954 2138 2199 2200 scientia,
2220 2148 2273 2190 et
2293 2140 2402 2207 agit
2418 2154 2537 2207 quae
2554 2138 2745 2191 viderit
2763 2139 2999 2207 passioni
3029 2154 3148 2193 esse
3165 2150 3378 2194 contra-

1818 2228 1897 2281 ria
1936 2227 2503 2300 Discatunusquisque
2523 2232 2611 2285 ubi
2631 2233 2719 2293 sit,
2743 2241 2834 2286 aut
2868 2233 2920 2285 in
2951 2248 3060 2302 quo
3092 2232 3229 2286 libro
3249 2235 3382 2286 srri-

1817 2328 1959 2389 ptus.
1984 2317 2245 2373 Debemus
2267 2322 2410 2374 enim
2440 2338 2544 2374 non
2569 2323 2742 2376 solum
2770 2338 2866 2377 nos
2892 2339 2985 2392 per
3003 2324 3117 2378 dies
3140 2324 3383 2393 singulos

1819 2412 2107 2475 discutere,
2133 2412 2223 2467 sed
2256 2427 2348 2481 per
2363 2415 2615 2483 quaelibet
2639 2425 2901 2485 tempora,
2924 2433 3015 2485 per
3032 2431 3267 2481 menses,
3288 2433 3382 2485 per

1821 2502 2204 2567 hebdomadas,
2237 2519 2300 2557 ac
2329 2506 2641 2574 nubisipsis
2666 2507 2880 2561 dicere:
2920 2527 2935 2559 ι
2970 2509 3147 2563 Prima
3182 2508 3383 2561 hebdo-

1821 2597 1975 2650 mada
2006 2596 2375 2663 hujuscemodi
2403 2600 2656 2664 passione
2685 2598 2910 2653 aﬂ‘ectus
2939 2614 3028 2661 cs,
3071 2614 3214 2653 nunc
3243 2614 3381 2665 quo-

1822 2682 1981 2739 modo
2028 2687 2233 2740 habes?
2277 2706 2295 2737 ι
2339 2686 2467 2740 Item
2521 2705 2539 2738 ε
2585 2702 2679 2757 per
2710 2698 2922 2756 tempus
2950 2690 3205 2757 quodque
3239 2703 3384 2741 anno

1823 2783 2097 2829 transacto
2132 2778 2302 2829 \ietus
2334 2792 2393 2831 es
2414 2818 2430 2841 ,
2460 2787 2513 2831 et
2542 2787 2827 2845 superatus
2857 2778 2924 2831 ab
2957 2777 3054 2831 hac
3088 2779 3339 2846 passione
3368 2820 3383 2843 ,

1824 2882 1966 2920 nunc
2007 2868 2279 2936 quomodo
2326 2867 2528 2922 habes?
2564 2886 2582 2918 ι
2628 2878 2679 2921 et
2715 2869 2785 2922 ita
2839 2869 3078 2937 quotidie
3108 2869 3388 2940 diligenter

1824 2959 2109 3028 inspicere,
2138 2959 2180 3013 si
2208 2960 2334 3029 quid
2358 2975 2385 3012 a
2415 2962 2570 3014 nobis
2597 2961 2967 3016 abscindiinus
2988 2978 3050 3016 ex
3085 2963 3213 3027 illis,
3235 2979 3301 3016 an
3334 2964 3386 3014 in

1822 3051 2025 3104 eisdem
2054 3050 2322 3104 volvimur
2344 3052 2424 3105 vel
2448 3052 2500 3105 in
2532 3053 2797 3106 deteriora
2824 3054 3028 3122 delapsi
3054 3070 3262 3109 sumus.
3292 3055 3389 3110 Det

148 3131 394 3200 πρᾶγμα
432 3129 492 3181 τὸ
523 3131 784 3198 ἐνεργεῖν,
835 3128 927 3180 καὶ
977 3128 1051 3196 μὴ
1104 3127 1256 3195 ίστᾷν
1295 3124 1357 3177 τὸ
1388 3122 1576 3184 πάθος.
1617 3122 1723 3232 Καέ

1826 3139 1983 3193 nobis
2013 3138 2154 3194 Deus
2181 3139 2433 3195 virtutem
2462 3150 2516 3196 et
2542 3152 2880 3210 potestatem,
2913 3143 2957 3196 si
2992 3159 3097 3198 non
3125 3145 3387 3200 evelleudi

149 3218 298 3289 λέγω
342 3222 478 3291 ὑμῖν
522 3219 823 3289 ὑπόδειγμα
871 3217 923 3271 τί
962 3218 991 3270 ὁ
1030 3215 1267 3286 ἐνεργῶν
1310 3217 1374 3267 τὸ
1414 3213 1585 3273 πάθος
1632 3210 1724 3264 καὶ

150 3310 473 3366 tasumstth
497 3311 628 3363 αῦ.ό
656 3326 670 3342 ο
724 3309 907 3379 ὅμοιός
957 3309 1104 3361 ἐστιν
1136 3305 1407 3378 ἀνθρώπῳ
1432 3319 1723 3359 κατατετο-

151 3403 415 3475 ξευμένῳ
464 3403 568 3456 ὑπὸ
611 3400 704 3455 τοῦ
750 3400 944 3472 ἐχθροῦ
972 3398 1159 3459 αὑτοῦ.
1192 3401 1284 3452 καὶ
1308 3398 1580 3467 δεχομένῳ
1606 3397 1724 3460 ταῖς

150 3496 349 3568 χερσὶν
399 3494 567 3549 αὑτοῦ
603 3495 673 3547 τά
700 3492 847 3564 βέλη,
892 3481 986 3545 καὶ
1028 3490 1321 3560 πηγνύοντι
1352 3487 1492 3541 αὑτά
1520 3489 1599 3550 είς
1627 3486 1725 3556 τὴν

147 3575 395 3657 ’καρδίαν
443 3583 660 3640 ἐαυτοῦ.
710 3583 769 3638 ’0
796 3584 853 3637 δὲ
894 3582 1053 3637 ἱστῶν
1089 3585 1150 3634 τὸ
1184 3582 1372 3643 πάθος.
1399 3580 1581 3648 ὅμοιός
1608 3579 1726 3630 ἐστι

151 3679 237 3750 τῷ
281 3676 800 3747 κατατετοξευμένῳ
845 3674 953 3728 ὑπὸ
973 3673 1067 3728 τοῦ
1113 3670 1307 3743 ἐχθροῦ
1338 3669 1524 3738 αὐτοῦ,
1569 3685 1729 3739 περι-

152 3771 330 3841 ϐεϐλη
339 3774 491 3841 μένῳ
507 3769 566 3822 δέ
584 3767 829 3837 θώρακα,
858 3769 953 3820 καὶ
970 3768 1070 3821 οὐκ
1094 3767 1449 3835 είσδεχομένῳ
1473 3764 1533 3817 τὸ
1556 3763 1724 3833 βέλοςο

149 3863 183 3916 ὁ
204 3861 265 3914 δὲ
295 3858 543 3931 ἐκριζῶν
561 3857 623 3909 τὸ
654 3855 841 3919 πάθος,
862 3850 1045 3925 ὅμοιός
1076 3857 1191 3909 ἐστι
1222 3853 1730 3923 κατατετοξευμένῳ

152 3952 257 4005 καὶ
289 3949 572 4018 δεχομένῳ
598 3947 666 3999 τά
696 3945 825 4015 βέλη
852 3946 946 3998 καὶ
976 3944 1309 4013 συντρίϐοντι
1345 3942 1505 4007 αὐτὰ,
1537 3943 1571 4012 ἢ
1596 3943 1731 3995 άπο·

155 4040 463 4113 στρέφοντι
491 4039 629 4092 αὐτὰ
655 4041 734 4100 εἰς
762 4038 861 4107 τὴν
886 4036 1110 4108 καρδίαν
1132 4034 1226 4087 τοῦ
1252 4033 1465 4104 ἐχθροῦ,
1486 4034 1560 4095 ὡς
1585 4032 1730 4101 λέγει

130 4134 216 4186 ’ἐν
245 4131 330 4201 τῷ
358 4128 591 4199 ψαλμῷ-
637 4128 697 4181 Ἠ
716 4127 980 4196 ῥομφαία
1006 4122 1202 4179 αὐτῶν
1230 4123 1487 4177 εἰσέλθοι
1512 4124 1599 4188 είς
1626 4121 1731 4187 τὰς

152 4221 421 4291 καρδίας
446 4218 691 4284 ἑαυτῶν,
736 4218 834 4272 καί
866 4219 939 4271 τὰ
967 4217 1113 4281 τόξα
1153 4214 1347 4270 αὐτῶν
1372 4213 1729 4282 συντριϐείη.

154 4314 574 4381 Σπουδάσωμεν
603 4306 694 4364 οῦν
740 4309 836 4362 καὶ
869 4310 1048 4379 ἡμεῖς,
1090 4307 1325 4377 ἀδελφοὶ,
1359 4306 1462 4359 κᾶν
1490 4307 1550 4359 οὐ
1576 4305 1733 4359 δυνά-

157 4405 316 4479 μεθα
345 4406 484 4466 τέως
521 4402 856 4472 ἀποστρέψαι
884 4402 982 4472 τὴν
1021 4402 1289 4473 ῥομφαίαν
1316 4400 1492 4456 αὐτῶν
1522 4401 1599 4462 είς
1635 4399 1733 4461 τάς

1825 3228 2138 3297 passiones,
2169 3229 2355 3284 saltem
2391 3245 2498 3283 non
2541 3232 2829 3299 operandi,
2883 3240 3045 3302 atque
3074 3235 3294 3289 sistendi
3334 3247 3389 3289 et

1822 3317 2210 3390 comprimendi
2234 3336 2345 3376 eas.
2376 3322 2769 3378 Gravissimum
2792 3326 2935 3379 enim
2969 3335 3051 3379 est
3082 3327 3384 3396 passionem

1834 3412 1888 3465 in
1916 3422 2091 3465 actum
2140 3412 2379 3481 proferre
2402 3455 2414 3474 ,
2449 3428 2622 3482 neque
2653 3430 2770 3469 eam
2799 3417 3172 3485 comprimere.
3217 3418 3390 3485 Suhji-

1824 3505 1962 3557 ciam
1991 3504 2141 3558 vobis
2171 3503 2599 3566 similitudinem.
2631 3506 2786 3575 cujus
2817 3506 3159 3576 potissimum
3196 3510 3392 3563 similis

1825 3595 1889 3647 sit
1916 3592 2006 3663 qui
2036 3594 2340 3662 passionem
2363 3603 2574 3649 exercet
2603 3605 2656 3649 et
2687 3597 2987 3651 ulciscitur.
3024 3596 3234 3653 Homini
3263 3596 3399 3668 puio‘

1826 3685 2058 3740 similem
2108 3684 2299 3755 sagitta
2342 3685 2410 3739 ab
2458 3685 2611 3740 hoste
2656 3702 2911 3755 percusso
2939 3727 2953 3751 ,
2999 3691 3091 3758 qui
3139 3692 3386 3759 sagittam

1827 3775 1942 3831 suis
1972 3776 2221 3830 manibus
2249 3776 2518 3853 arripiens
2542 3820 2557 3840 ,
2606 3778 2755 3831 cordi
2808 3778 3026 3847 proprio
3054 3779 3245 3849 ingit.
3283 3781 3387 3846 Qui

1826 3881 1955 3922 vero
1980 3868 2284 3937 passionem
2306 3866 2629 3935 comprimit,
2661 3866 2855 3921 similis
2882 3878 2963 3923 est
2981 3871 3389 3941 percusso.qui-

1827 3957 1950 4011 dem
1984 3957 2180 4036 sagitta
2227 3957 2296 4011 ah
2345 3957 2499 4011 hoste
2523 3997 2540 4023 ,
2577 3957 2671 4011 sed
2706 3973 2974 4029 nusquam
3010 3961 3290 4016 vulnerato
3321 3962 3393 4017 ob

1828 4053 2105 4106 thoracem
2138 4066 2244 4119 quo
2287 4050 2505 4105 indutus
2542 4060 2645 4105 est.
2693 4050 2794 4117 Qui
2830 4062 3010 4106 autem
3052 4053 3291 4107 eradicet
3336 4065 3391 4108 et

1829 4141 1976 4196 vellit
2006 4124 2310 4211 passionem
2331 4185 2346 4206 ,
2382 4141 2575 4196 similis
2599 4152 2682 4196 est
2711 4157 2967 4211 percusso
2994 4144 3211 4211 quidem
3242 4183 3256 4205 ,
3297 4145 3393 4197 sed

1829 4231 2055 4301 sagittas
2103 4242 2346 4300 arreptas
2389 4232 2638 4287 manibus
2672 4232 3055 4301 conn-ingenti,
3092 4232 3253 4303 ⁸23
3297 4244 3394 4287 aut

1831 4323 1951 4380 illas
1971 4325 2024 4378 in
2056 4326 2226 4380 hostis
2244 4339 2337 4378 cor
2356 4325 2714 4393 detorquenti,
2738 4330 2797 4376 ut
2821 4309 3035 4375 canitur
3059 4322 3110 4375 in
3140 4320 3386 4377 Psalmo:

1832 4414 2055 4471 Gladius
2080 4432 2258 4469 eorum
2290 4417 2448 4469 intret
2474 4415 2529 4467 in
2556 4413 2718 4466 corda
2743 4414 2972 4480 ipsorum
2993 4454 3008 4475 ,
3039 4423 3085 4467 et
3118 4429 3271 4467 arcus
3302 4432 3394 4468 eo-

156 4496 410 4568 καρδίας
434 4493 643 4548 αὐτῶν
674 4494 788 4547 ἀλλ’
816 4489 909 4547 οὖν
935 4494 1070 4571 μήτε
1094 4492 1368 4562 δεξώμεθα
1388 4492 1457 4546 τὰ
1484 4491 1609 4562 βέλη
1638 4493 1723 4545 καὶ

1833 4526 1947 4565 runt
1970 4509 2331 4578 confringatur
2356 4518 2404 4560 ιι.
2440 4503 2765 4559 Studeamus
2791 4519 2943 4575 ergo,
2976 4505 3188 4573 fratres,
3206 4509 3248 4562 si
3284 4522 3389 4561 non

156 4589 441 4659 πήξωμεν
488 4584 631 4638 αὐτὰ
675 4586 753 4646 είς
794 4584 890 4648 τὰς
936 4585 1157 4655 καρδίας
1210 4581 1407 4652 ήμῶνο
1460 4582 1597 4635 ἀλλὰ
1640 4582 1734 4635 καὶ
1818 4591 1820 4595 '

158 4677 703 4752 περιθωρακίσωμεν
751 4676 997 4742 ἐαυτοίις,
1051 4676 1137 4729 ῐνα
1178 4675 1256 4746 μὴ
1302 4672 1593 4744 πληγῶμεν
1643 4674 1735 4727 ὑπ’

157 4772 382 4831 αὐτῶν.
428 4770 483 4823 ’0
507 4766 637 4830 Θεὸς
668 4768 697 4819 ὸ
736 4765 937 4834 ἀγαθὸς
963 4768 1211 4838 σκεπάσῃ
1241 4766 1389 4836 ἡμᾶς
1413 4765 1507 4818 ἀπ’
1533 4762 1734 4827 αὐτῶν,

164 4868 273 4922 καὶ
294 4862 449 4934 δώσῃ
474 4862 609 4931 ἡμῖν
635 4856 813 4928 νῆψιν,
839 4859 931 4911 καὶ
955 4860 1198 4932 ὁδηγήσει
1229 4859 1374 4930 ἡμᾶς
1402 4859 1480 4920 εἰς
1504 4857 1601 4927 τὴν
1621 4856 1739 4909 ὁδὸν

701 5248 1101 5305 ΔΙΔΔΣΚΔΔΙΔ
1137 5250 1239 5306 1Δ¹.

178 5389 344 5461 Περι
371 5390 475 5445 τοῦ
502 5385 855 5461 σπουδάζειν
892 5383 1122 5461 ταχέως,
1142 5385 1451 5461 ἐμόλετε-ιν
1480 5387 1551 5442 τὰ
1569 5386 1744 5461 Δπάθη

308 5461 423 5527 ,πρὸ
446 5459 554 5514 τοῦ
576 5462 647 5513 ἐν
667 5459 788 5522 ἔξει
814 5454 964 5524 κακῇ
990 5453 1264 5524 γενέσθαι
1284 5457 1395 5525 τὴν
1413 5457 1645 5528 ⁴ψυχήν.

262 5548 500 5606 Δκθέτε
530 5550 623 5605 τὸν
657 5548 779 5604 νοῦν
805 5545 975 5617 ὑμῶν,
1017 5544 1252 5615 ἀδελφοὶ,
1279 5546 1353 5610 ὡς
1379 5550 1458 5614 εις
1486 5550 1553 5602 τά
1583 5547 1754 5619 πρᾶγ-

276 5746 309 5775 ιι
347 5732 489 5792 Psal.
528 5749 714 5804 xxxvr,
762 5736 849 5792 15.

1839 4615 2128 4672 possumus
2173 4608 2528 4664 contorquere
2568 4595 2802 4665 gladium
2858 4599 3097 4668 ipsorum
3136 4601 3190 4654 in
3226 4597 3389 4655 corda

1838 4708 2048 4753 eorum.
2077 4705 2187 4744 non
2206 4688 2491 4758 suscipere
2512 4690 2701 4744 saltem
2729 4692 2953 4762 sagittas
2979 4692 3189 4746 illorum
3211 4731 3226 4754 ,
3258 4698 3309 4743 et
3336 4689 3391 4743 in

1841 4782 2094 4836 cordibus
2132 4781 2333 4834 nostris
2362 4779 2594 4850 deligere
2624 4798 2637 4835 :
2673 4796 3052 4851 armemnsque
3079 4783 3255 4851 potius
3290 4796 3393 4834 nos

1840 4876 2059 4928 thorace
2082 4914 2098 4938 ,
2135 4862 2203 4926 ne
2240 4873 2608 4941 percutiamur
2660 4885 2717 4929 et
2755 4873 3097 4928 vulnerentur
3142 4872 3210 4925 ab
3260 4872 3389 4927 illis.

1841 4965 1983 5021 Deus
2037 4964 2274 5034 optimus
2328 4975 2573 5037 protegat
2630 4982 2733 5022 nos
2795 4966 2863 5020 ab
2917 4964 2998 5019 eis
3028 5004 3043 5027 ,
3104 4957 3393 5035 largiatur-

1841 5073 1947 5129 qne
1983 5057 2232 5112 virtutem
2270 5059 2454 5123 nobis,
2488 5060 2787 5130 dirigatque
2826 5056 2942 5126 ipse
2997 5071 3097 5112 nos
3144 5056 3196 5111 in
3246 5060 3391 5115 viam

1843 5164 2017 5204 suam.
2443 5146 2445 5149 ’
2528 5172 2529 5175 η

2314 5296 2321 5301 ~
2382 5261 2722 5319 DOCTRINA
2759 5259 2852 5315 XI.

1885 5374 1953 5431 Ut
1983 5375 2283 5431 studeamus
2309 5393 2343 5431 a
2374 5376 2521 5443 nobis
2548 5371 2827 5442 praecidere
2864 5375 3042 5428 statim
3067 5375 3354 5441 passiones,

2034 5447 2339 5516 priusquam
2364 5447 2417 5499 in
2447 5445 2680 5498 habitum
2702 5443 2894 5497 (minus
2928 5453 3215 5498 transeant.

1919 5538 1959 5594 l.
1993 5538 2261 5618 Advertite
2282 5539 2543 5603 animum,
2570 5533 2786 5600 fratres,
2821 5535 2886 5592 ad
2908 5548 3257 5606 quascunque
3282 5550 3390 5600 res,
