4118 6542
1898 373 1957 429 S.
2001 367 2392 431 DOROTHEI
2437 368 2754 428 ABBATIS
3906 360 4025 422 1740

691 485 1121 545 retribuendnm.
1167 482 1425 539 Dedimus
1471 479 1546 533 illi
1595 477 1929 532 voluntatem
1987 486 2253 540 nostram,
2287 490 2302 536 Α

2404 472 2633 543 λάϐομεν
2659 473 2762 544 τὴν
2788 470 3086 542 ἁμαρτίαν.
3113 467 3431 540 Μακαρίζει
3451 461 3582 521 οὖν
3619 467 3662 520 ὁ
3704 464 3886 533 λόγος
3919 470 4023 532 τοὺς

683 565 1100 649 ’τθωρίιιιυείιιιε
1150 575 1311 630 abea
1342 579 1646 643 peccatum.
1701 567 1899 624 Beatos
1955 568 2124 638 igitur
2171 585 2266 623 eos

2404 564 2569 636 αὐτην
2591 563 3080 626 ἀνταποδιδόνταςο
3113 561 3178 614 τὸ
3209 560 3268 614 δὲ
3295 558 3767 614 ἀνταποδοῦναί
3808 559 3947 624 ἐστι,
3972 563 4019 612 τὸ

689 648 825 730 facit
856 672 944 727 hic
974 683 1157 724 sermo
1194 667 1288 738 qui
1334 665 1386 720 ei
1431 664 1806 720 retribuerunt
1848 661 2265 716 retributionem

2404 656 2569 726 ,ηκέτι
2596 656 2806 728 πρᾶξαι
2834 656 3028 725 αὐτήν.
3071 649 3207 708 Εἶτα
3233 652 3501 722 ἐπιφέρει
3523 667 3546 682 ο
3594 648 3941 715 Μακάριος
3963 649 4018 712 ες

691 779 872 830 suam,
903 762 998 832 qui
1030 775 1152 815 eam
1182 759 1379 813 amodo
1414 771 1521 811 non
1554 755 1800 810 fecerunt
1827 773 1840 808 :
1879 760 1966 808 est
1984 753 2130 808 enim
2162 753 2268 808 hoc

2404 747 2654 814 ρατήσει
2677 748 2777 802 καὶ
2803 745 3044 816 ἐδαφωῖ
3062 745 3138 799 τὰ
3167 743 3359 812 νήπιά
3384 759 3522 797 σου
3563 740 3750 808 πρὸς
3781 741 3903 806 τὴν
3926 741 4012 794 11-

692 856 770 911 illi
807 854 1126 909 retribuere.
1156 849 1322 905 Infert
1347 849 1583 904 deinde:
1620 846 1815 901 Beatus
1847 846 1940 916 qui
1981 846 2169 900 tenebit
2215 854 2267 898 et

2404 858 2532 911 par.
2581 844 2783 907 Oiove‘t,
2813 844 3099 914 Μακάριος
3130 843 3161 896 6
3205 842 3275 896 τά
3331 842 3498 912 παρά
3553 838 3678 892 σποῦ
3726 837 4006 906 γενόμενα,

693 945 876 998 allidet
907 942 1154 1010 parvulos
1199 950 1317 993 tuos
1361 939 1430 991 ad
1461 946 1686 1005 patr-em.
1728 936 1806 988 Ac
1841 935 1888 989 si
1939 935 2086 990 dicat
2124 953 2139 989 :
2175 934 2269 988 Ille

2404 933 2512 987 οὒτ’
2538 934 2678 1000 εστι,
2697 937 2826 1001 τοὺς
2851 936 3119 1007 πονηροὺς
3140 935 3438 1006 λογισμοὺς
3455 975 3475 998 .
3517 932 3691 1003 μηδὲ
3718 931 3831 1001 τὴν
3849 932 4000 1000 ἀπή*

699 1034 888 1107 ωδ,
907 1035 1150 1102 inquam,
1179 1031 1372 1085 beatus
1388 1038 1491 1093 est,
1510 1029 1603 1096 qui
1629 1041 1968 1096 quaecunque
1995 1026 2270 1097 genimina

2404 1027 2492 1090 οὺς
2527 1026 2716 1098 χώραν
2742 1028 2840 1080 τοῦ
2873 1027 3177 1098 αὐξηθῆναι
3207 1028 3268 1079 ἑν
3295 1025 3448 1096 αὐτῷ
3483 1026 3601 1078 καὶ
3639 1023 4000 1093 ἐνεργηθῆναι

700 1136 819 1189 tua,
855 1125 906 1179 id
932 1135 1037 1189 est,
1062 1138 1258 1194 pravas
1292 1131 1348 1176 et
1379 1121 1598 1190 iniquas
1622 1118 1979 1190 cogitationes
2024 1135 2130 1174 non
2174 1119 2273 1171 ad-

2404 1118 2433 1170 δ
2458 1119 2668 1172 κακόν·
2889 1120 3122 1191 ταχέως,
3166 1119 3242 1182 ὡς
3283 1119 3365 1170 ἔτι
3406 1117 3571 1171 εἰσιν
3623 1115 3858 1186 νήπιοι,
3890 1117 3996 1184 πρὶν

698 1217 912 1273 miserit
942 1216 996 1270 in
1020 1229 1082 1272 se
1113 1232 1128 1270 :
1154 1228 1328 1282 neque
1351 1212 1436 1267 bis
1465 1212 1688 1266 omnino
1720 1211 1775 1263 in
1802 1209 2070 1278 principio
2097 1210 2273 1264 locum

2404 1211 2622 1280 93?th
2651 1212 2749 1264 καὶ
2774 1211 3085 1276 αὐξυνθῶσι
3130 1212 3255 1264 κατ’
3305 1210 3510 1275 αὑτοῦ,
3564 1209 3888 1280 κρατήσας
3921 1206 3993 1257 καὶ

700 1305 930 1369 dederit,
965 1313 1024 1359 ut
1053 1303 1361 1358 coalescere
1394 1308 1620 1370 possent
1647 1307 1702 1352 et
1722 1297 1934 1367 augeri,
1962 1312 2028 1351 ac
2055 1299 2273 1353 tandem

2404 1302 2724 1373 προσ-τρίψας
2764 1303 2964 1368 αὐτοὺς
3101 1305 3301 1376 πέτρᾳ,
3327 1303 3454 1373 ἧτις
3491 1304 3670 1358 ἐστὶν
3695 1302 3728 1354 ὁ
3757 1301 3988 1370 Χριστὸς.

703 1395 908 1472 malum
933 1394 1143 1464 operari
1179 1411 1193 1445 :
1230 1390 1328 1447 sed
1367 1393 1547 1446 statim
1580 1404 1704 1444 cum
1742 1389 1921 1442 adhuc
1953 1389 2194 1457 parvula:
2223 1401 2278 1445 et

2404 1395 2476 1447 ιαὶ
2503 1393 2779 1458 ἀπολέσας
2812 1395 3010 1459 αὐτοὺς
3047 1395 3136 1450 διὰ
3168 1395 3263 1450 τοῦ
3297 1394 3709 1464 καταφεύγειν
3755 1393 3895 1463 πρὸς
3919 1390 3989 1442 τὸν

705 1499 905 1543 tenerae
921 1493 1126 1549 essent,
1148 1493 1440 1554 antequam
1462 1481 1834 1538 enutrirentur
1863 1487 1918 1535 et
1948 1492 2276 1547 crescerent,
2384 1486 2640 1554 Χριστόν.

695 1579 828 1633 illas
851 1577 1018 1633 allisit
1043 1587 1098 1632 et
1126 1575 1396 1646 percussit
1440 1573 1510 1629 ad
1551 1581 1758 1644 petram
1789 1613 1804 1639 ,
1863 1587 1986 1643 quae
2023 1573 2276 1629 Christus
2313 1586 2396 1632 est
2417 1585 2466 1641 ι,
2529 1587 2588 1631 et
2631 1579 2718 1634 bis
2756 1579 3052 1650 peremptis
3117 1579 3346 1634 omnino
3378 1578 3658 1650 confugit
3711 1577 3785 1631 ad
3827 1574 3984 1628 Domi-

780 1759 847 1814 ν.
881 1759 1020 1814 Ecce
1057 1758 1221 1828 igitur
1251 1766 1312 1812 ut
1337 1757 1583 1813 seniores
1613 1755 1785 1811 nostri
1816 1763 1871 1809 ct
1900 1770 2054 1810 sacra
2083 1755 2286 1824 pariter

2459 1755 2536 1809 E'.
2587 1753 2718 1807 Ἰδοὺ
2768 1756 2890 1818 πῶς
2924 1756 3019 1808 καὶ
3065 1758 3116 1809 oi
3144 1755 3399 1827 γέροντες
3425 1755 3534 1808 καὶ
3569 1756 3609 1825 ἡ
3641 1755 3789 1822 ἁγία
3817 1754 3978 1824 Γραφῇ

709 1852 995 1921 Scriptura
1019 1843 1400 1915 conclamant,
1447 1863 1653 1919 eosque
1706 1848 1896 1904 beatos
1937 1848 2148 1904 faciunt
2184 1851 2279 1920 qui

2404 1848 2584 1910 rem;
2618 1846 2974 1918 συμφωνοῦσι
3009 1849 3106 1902 καὶ
3148 1849 3533 1920 μακαρίζουσι
3563 1849 3706 1910 τοὺς
3738 1845 3975 1915 ἀγωνιζο-

711 1945 944 2003 studiosi
996 1942 1200 1998 fuerint
1234 1958 1266 1997 a
1303 1959 1363 1998 se
1404 1941 1540 2011 ipsis
1589 1943 1880 2012 passiones
1921 1941 2241 1998 abscindere
2265 1983 2283 2010 ,

2404 1939 2585 2002 ιένους
2617 1939 2873 2010 ἐκκόψαι,
2915 1940 2993 2003 ὡς
3041 1939 3158 1993 ἔστι
3199 1940 3375 2010 νεαρὰ
3416 1940 3489 1993 τά
3544 1938 3734 2008 πάθη,
3767 1938 3874 2008 πρὸ
3901 1937 3974 1988 τοῦ

711 2039 844 2094 dum
876 2046 1078 2092 tenerae
1105 2033 1309 2090 fuerint
1335 2043 1389 2090 et
1411 2033 1623 2098 molles,
1645 2044 1937 2105 antequam
1965 2035 2208 2090 dolorem
2233 2045 2287 2090 et

2404 2029 2754 2102 πειρασθῆναι
2797 2031 2903 2101 τῆς
2948 2029 3147 2102 ὀδύνης
3190 2030 3290 2084 καὶ
3347 2031 3453 2101 τῆς
3499 2031 3754 2102 πικρίας
3801 2027 3971 2084 αὐτῶν.

713 2128 1132 2186 amaritudinem
1188 2142 1377 2182 earum
1435 2127 1803 2196 experiamur.
1869 2125 2068 2182 Demus
2123 2126 2288 2196 igitur

2404 2124 2789 2196 Σπουδάσωμεν
2830 2119 2947 2189 οὖν,
2998 2123 3240 2192 ἀδελφοὶ,
3285 2122 3374 2176 ἵνα
3399 2122 3743 2195 ἔλεηθῶμεν
3761 2139 3776 2152 ⁶
3807 2124 3973 2176 n03.6-

714 2235 963 2292 operam,
997 2228 1059 2274 ut
1089 2217 1518 2273 misericordiam
1547 2231 1950 2285 consequamur
1979 2233 2010 2270 a
2037 2215 2286 2282 Domino,

706 2313 1174 2379 'elaboremusque
1203 2309 1473 2364 interdum
1509 2323 1576 2364 ne
1605 2308 1764 2365 nobis
1788 2308 1931 2364 desit
1957 2309 2209 2364 remissio
2235 2318 2291 2365 et

720 2399 1056 2469 indulgentia
1098 2398 1304 2453 divina.
1353 2395 1669 2452 Docuerunt
1703 2398 1846 2452 enim
1885 2412 2032 2469 saepe
2067 2414 2168 2454 nos
2197 2415 2292 2468 pa-

719 2502 833 2548 tres
859 2491 1055 2556 nostri,
1084 2498 1384 2560 quopacto
1401 2504 1703 2560 purgemus
1749 2505 1850 2544 nos
1881 2490 2030 2560 ipsos
2057 2505 2153 2560 per
2173 2491 2293 2545 sin-

715 2582 881 2652 gulos
921 2581 1058 2644 dies,
1095 2589 1155 2633 ut
1200 2579 1407 2634 scilicet
1451 2579 1506 2632 in
1551 2592 1835 2649 vesperam
1885 2589 2296 2648 perserutemur

723 2672 1034 2736 nobiscum,
1066 2670 1364 2743 quomodo,
1395 2680 1729 2725 transactam
1762 2671 1906 2726 diem
1931 2672 2292 2741 exegerimus,

723 2774 779 2819 et
800 2779 1019 2818 rursum
1051 2777 1210 2816 mane
1239 2763 1516 2830 quomodo
1551 2772 1802 2828 noctem;
1835 2772 1887 2816 et
1917 2763 1998 2817 sic
2025 2762 2294 2830 paeniten-

727 2857 859 2911 tiam
891 2869 1116 2924 agamus
1153 2854 1295 2922 apud
1343 2852 1536 2916 Deum,
1570 2862 1628 2904 ut
1673 2867 1769 2920 par
1800 2860 1902 2912 est,
1941 2852 1993 2904 in
2019 2866 2130 2921 quo
2172 2867 2296 2920 pec-

710 2961 883 3002 ocassc
925 2960 1023 3000 nos
1069 2943 1610 3013 deprelieuderimus.
1649 2940 1792 2997 Sane
1838 2957 1964 2996 cum
2005 2943 2298 2998 admodum

725 3038 1112 3106 delinquamus
1139 3049 1556 3105 peccemusque,
1586 3034 2083 3104 obliviscamurque
2106 3035 2298 3090 facilli-

2389 2231 2572 2287 σωμεν
2617 2216 2814 2286 μικρὸν
2857 2217 2955 2270 καὶ
3015 2215 3351 2287 εὑρίσκομεν
3405 2215 3625 2284 πολλὴν
3669 2217 3969 2270 ἀνάπαυσιν.

2388 2303 2557 2360 Εἶπον
2587 2308 2638 2360 οι
2671 2307 2918 2379 Πατέρες
2948 2306 3071 2372 πῶς
3106 2306 3316 2375 ὀρείλει
3344 2306 3409 2361 τὸ
3453 2308 3612 2361 κατὰ
3658 2309 3833 2379 μέρος
3873 2309 3971 2359 tau-

2388 2395 2500 2450 τῶν
2524 2396 2866 2468 καθαρίζειν,
2897 2397 2988 2452 ἵνα
3015 2397 3142 2451 καθ’
3169 2398 3416 2469 ἑσπέραν
3441 2397 3679 2464 ὲξετάζε
3690 2418 3742 2452 ιν
3785 2397 3968 2461 ἑαυτὸν,

2392 2487 2512 2552 πῶς
2552 2488 2803 2560 παρῆλθε
2832 2488 2932 2561 τὴν
2962 2490 3204 2560 ἡμέραν,
3233 2491 3334 2545 καὶ
3378 2491 3552 2546 πάλιν
3593 2494 3840 2563 πρωῖας,
3879 2491 3971 2550 πῶς

2393 2577 2643 2648 παρῆλθε
2687 2580 2789 2650 τὴν
2835 2579 3033 2646 νύκτα,
3083 2582 3178 2634 καὶ
3214 2583 3504 2652 μετανοεῖν
3544 2581 3632 2652 τῷ
3683 2581 3829 2652 Θεῷ,
3871 2582 3971 2651 api

2392 2663 2490 2735 ὧν,
2529 2671 2606 2733 ὡς
2637 2671 2808 2738 εἰκὸς,
2843 2673 3173 2744 ἁμαρτάνει.
3218 2673 3468 2744 Ἀληθῶς
3493 2674 3558 2728 δὲ
3598 2676 3792 2745 i“45k.
3816 2673 3970 2741 ἐπιῆ

2395 2761 2571 2815 πολλὰ
2598 2761 3030 2834 άμαρτάνωμεν,
3056 2764 3334 2836 χρῄζομεν
3368 2765 3464 2819 διὰ
3487 2765 3593 2836 τὴν
3626 2765 3808 2836 λήθην
3840 2764 3968 2834 ἡμῶν

2396 2852 2494 2905 καὶ
2517 2853 2660 2905 κατὰ
2683 2851 2746 2917 ἐξ
2767 2851 2917 2924 ὥρας
2942 2855 3176 2925 ἔρευνᾷν
3204 2855 3456 2920 ἑαυτοὺς,
3485 2855 3611 2920 πῶς
3641 2856 3970 2926 παρήλθομεν

2398 2944 2495 2997 καὶ
2541 2944 2624 3008 είς
2671 2943 2728 2997 τί
2773 2945 3130 3016 ἡμάρτομεν·
3181 2949 3280 2999 καὶ
3323 2948 3512 3016 λέγειν
3555 2948 3800 3012 ἕκαστος
3844 2947 3970 3017 ἡμῶν

2401 3035 2580 3105 ἑαυτῷ
2595 3052 2610 3066 ’
2634 3053 2656 3088 ι
2675 3032 2825 3106 ’Δρα
2848 3037 3048 3106 μήπως
3071 3037 3314 3108 ἐλάλησα
3351 3039 3622 3110 πλὴσσων
3649 3041 3750 3094 τὸν
3776 3039 3971 3108 ἀδελφόν

721 3145 818 3184 aue
838 3128 1032 3184 delicta
1058 3136 1115 3183 et
1141 3134 1362 3196 peccata
1406 3135 1619 3190 nostra;
1657 3139 1796 3194 opus
1847 3135 1994 3180 esset
2033 3126 2191 3182 nobis
2239 3128 2294 3181 in

2404 3141 2542 3198 μους
2573 3121 2684 3196 ἄρα
2717 3125 2796 3197 μὴ
2837 3121 2980 3179 εἶδον
3019 3127 3186 3181 αὑτὸν
3217 3127 3482 3181 ποιοῦντα
3525 3131 3861 3200 πράγματα,
3897 3131 3971 3180 ni

731 3223 898 3273 horas
919 3231 1049 3272 cura
1076 3215 1318 3286 diligenti
1350 3222 1406 3269 et
1429 3215 1852 3281 examinatione,
1876 3229 1988 3286 quo
2008 3227 2174 3285 pacto
2200 3218 2300 3271 sci-

722 3308 858 3363 licet
888 3307 1322 3362 ambnlassemus
1354 3305 1408 3359 id
1458 3306 1698 3359 monenti
1738 3314 1793 3359 ct
1831 3306 2114 3374 temporis,
2150 3315 2203 3360 et
2242 3306 2296 3360 in

731 3414 844 3470 quo
919 3389 1360 3468 deliquissemus.
1410 3396 1746 3466 Deberetque
1790 3396 2164 3467 unusquisque
2211 3413 2302 3452 no-

729 3503 910 3547 strum
938 3505 968 3542 a
993 3505 1052 3543 se
1079 3490 1198 3558 ipso
1236 3497 1494 3558 tanquam
1523 3487 1688 3557 judex
1711 3489 1986 3540 rationem-
2004 3486 2300 3555 cujuslibet

735 3581 864 3636 facti
890 3591 1232 3650 extorquere,
1265 3589 1320 3633 et
1337 3579 1531 3633 dicere
1559 3596 1573 3632 :
1608 3597 1626 3628 ι
1652 3576 1907 3648 Nunquid
1939 3577 2153 3633 locutus
2179 3594 2300 3632 sum

735 3689 858 3743 quae
905 3671 1129 3726 fratrem
1176 3684 1358 3725 meum
1409 3669 1723 3724 morderent
1763 3679 1818 3724 et
1867 3672 2185 3740 carperent?
2231 3685 2300 3723 an

737 3765 958 3818 fratrem
995 3762 1202 3832 aliquid
1248 3760 1538 3816 facientem
1583 3758 1870 3830 iudicavi?
1899 3777 1978 3826 an
2011 3776 2134 3815 cum
2168 3777 2302 3814 con-

738 3854 968 3925 tempsi?
1022 3869 1151 3908 num
1193 3853 1481 3908 oblocutus
1511 3852 1579 3906 de
1611 3852 1729 3921 ipso
1766 3852 1925 3907 sum?
1975 3868 2044 3905 an
2095 3853 2144 3906 si
2173 3852 2304 3921 quid

733 3944 869 4014 petii
898 3959 928 3999 a
955 3942 1218 4008 cellarita,
1248 3952 1302 3997 et
1335 3943 1450 4012 ipse
1495 3943 1628 3996 mibi
1676 3943 1913 4011 negavit,
1967 3941 2304 3996 murmuravi

741 4040 1003 4096 adversus
1034 4036 1250 4106 ipsum?
1279 4036 1364 4089 An
1407 4049 1642 4105 coquum
1687 4034 2010 4104 increpari?
2049 4050 2176 4089 num
2207 4050 2306 4104 pu-

741 4132 874 4184 dore
897 4129 1050 4183 illum
1085 4127 1284 4183 aﬂ'eci?
1329 4143 1458 4181 num
1517 4142 1618 4196 ego
1663 4127 2198 4195 imprudentissimus
2251 4127 2305 4180 in

739 4235 832 4277 me
857 4221 976 4290 ipso
1005 4218 1414 4274 obmurmuravi
1459 4216 1604 4286 quod
1637 4216 1849 4270 cibaria
1895 4231 2005 4270 non
2045 4218 2181 4271 bene
2217 4217 2310 4272 de-

743 4313 1002 4376 coxissct,
1047 4310 1340 4366 artiliciose
1369 4308 1658 4362 curasset?
1701 4324 1771 4362 an
1800 4308 1937 4362 dixit
1981 4308 2114 4362 mihi
2140 4323 2309 4364 caere-

746 4401 1054 4456 moniarum
1083 4400 1332 4468 princeps
1353 4398 1434 4452 vel
1466 4398 1590 4468 quis
1628 4397 1766 4452 alius
1798 4397 2030 4452 fratrum
2060 4403 2309 4461 verbum,

2403 3217 2702 3287 κατέκρινα
2724 3216 2910 3283 αὐτὸν,
2936 3216 2972 3288 ἡ
3000 3217 3337 3283 ὲξουδένωσα
3369 3219 3559 3285 αὐτὸν,
3585 3221 3619 3290 ἦ
3651 3220 3972 3290 zzz-zemas:

2403 3307 2526 3361 κατ’
2551 3306 2752 3374 αὑτοῦ;
2785 3302 2895 3380 ἆρα
2921 3308 3104 3378 ᾔτησα
3126 3308 3220 3363 τδν
3254 3309 3589 3382 κελλαρίτην
3618 3314 3875 3382 πρᾶγμα,
3899 3313 3973 3364 καὶ

2403 3397 2507 3450 οὐκ
2537 3395 2706 3450 εδωκέ
2742 3413 2856 3466 μοι,
2885 3398 2984 3450 καὶ
3009 3398 3293 3467 ὲγόγγυσα
3319 3401 3448 3454 κατ’
3477 3401 3652 3455 αὐτοῦ
3676 3420 3693 3468 ;
3735 3406 3813 3472 μὴ
3842 3403 3902 3464 ¹⁹,
3927 3399 3972 3451 ιδ

2405 3490 2514 3561 ἕψῃ
2543 3489 2606 3542 τὸ
2632 3491 2836 3554 καλῶς,
2885 3492 2981 3543 καὶ
3017 3485 3176 3545 εἷπον
3201 3491 3378 3562 ῥῆμα,
3407 3494 3505 3547 καὶ
3549 3494 3872 3564 κατῄσχυνα
3900 3491 3972 3544 rh

2411 3583 2694 3652 μάγειρον,
2725 3583 2824 3634 καὶ
2849 3581 3043 3651 sane:
3070 3581 3258 3649 αὑτὸν,
3292 3583 3327 3653 ἣ
3360 3582 3475 3652 ἐγὼ
3503 3584 3791 3656 άηδιστὴς,
3844 3584 3972 3651 ἐγέγ-

2407 3688 2552 3740 γυσα
2595 3673 2719 3726 καθ’
2760 3672 2990 3738 ὲαυτοῦς
3040 3675 3140 3729 ἐὰν
3179 3677 3288 3744 γάρ
3318 3675 3440 3728 καθ’
3489 3677 3690 3728 ἑαυτὸν
3735 3675 3972 3744 γοτγύσει

2407 3779 2514 3826 τις,
2567 3762 2812 3832 ἁμαρτία
2858 3764 2999 3816 ἐστί.
3048 3763 3218 3818 Πάλιν
3248 3763 3431 3833 λέγει·
3472 3759 3627 3834 τΔρα
3670 3759 3796 3817 εἶπέ
3830 3782 3914 3834 μοι
3950 3765 3972 3814 ὁ

2410 3853 2752 3924 κανονάρχης
2789 3853 2964 3924 ῥῆμα,
3000 3855 3034 3923 ἡ
3088 3854 3250 3919 ἄλλος
3299 3854 3410 3908 τῶν
3451 3854 3725 3925 ἀδελφῶν,
3759 3858 3855 3909 καὶ
3891 3854 3970 3906 0'3:

2414 3944 2691 3998 ὲ6άστασα
2711 3985 2728 4009 ,
2786 3943 2925 3998 ἀλλὰ
2981 3944 3315 4016 ἑναντιὼθην
3378 3944 3564 4016 αὐτῷ;
3629 3946 3820 4010 οὕτως
3870 3943 3969 3998 καθ’

2412 4036 2651 4106 ἑκάστην
2700 4036 2917 4106 ἡμέραν
2957 4036 3250 4107 ὀφείλομεν
3287 4035 3547 4106 ψηλαφᾷν
3594 4037 3846 4100 ἑαυτοὺς,
3875 4037 3969 4096 πῶς

2414 4126 2766 4198 παρήλθομεν
2799 4127 2900 4198 τὴν
2925 4127 3163 4199 ἡμέραν.
3208 4128 3444 4198 ὐμοίως
3472 4129 3681 4198 ὀφείλει
3711 4147 3796 4192 τις
3834 4131 3968 4198 ἐρευ-

2414 4220 2512 4290 νᾷν
2563 4218 2756 4272 ἑαυτὸν
2785 4220 2906 4282 πῶς
2955 4219 3205 4291 παρῆλθε
3255 4221 3351 4274 καὶ
3390 4221 3490 4291 τὴν
3535 4219 3736 4286 νύκτα,
3783 4220 3817 4290 ἡ
3853 4218 3969 4289 μετὰ

2416 4311 2727 4383 προθυμίας
2786 4313 2988 4382 ἀνέστη
3041 4314 3122 4377 είς
3159 4313 3259 4386 τὴν
3297 4313 3630 4384 ἀγρυπνίαν,
3660 4313 3696 4383 ἡ
3733 4313 3808 4383 μὴ
3845 4313 3969 4377 61v:-

2416 4405 2600 4475 ὡρησε
2658 4405 2791 4475 πρὸς
2855 4406 2947 4458 τὸν
2977 4404 3332 4470 ἐξυπνίζοντα
3371 4405 3570 4471 αὐτὸν,
3635 4405 3670 4475 ἡ
3729 4407 3968 4473 ἐγόγγυεε

745 4507 850 4546 nec
881 4491 1022 4545 ferre
1051 4489 1246 4560 potui?
1291 4493 1374 4543 An
1410 4490 1588 4544 statim
1623 4490 1698 4544 illi
1729 4492 2051 4544 adversatus
2081 4503 2201 4544 sum
2223 4488 2248 4540 ?
2288 4507 2302 4541 ι

2420 4495 2541 4548 κατ’
2567 4495 2757 4550 αὐτοῦ.
2808 4495 3042 4564 ὀφείλει
3072 4497 3182 4567 γάρ
3224 4513 3310 4559 τις
3348 4495 3546 4549 ειδέναι
3587 4497 3675 4549 ὅτι
3725 4499 3756 4549 ὁ
3779 4495 3968 4560 ἐξυπνί-

750 4587 950 4656 Sicque
998 4599 1097 4654 per
1136 4583 1380 4653 singulos
1433 4581 1552 4638 dies
1599 4582 1871 4654 agendum
1923 4583 2080 4636 nobis
2131 4592 2310 4647 esset,

748 4675 1145 4732 discutiendum
1196 4686 1250 4729 et
1291 4677 1728 4744 cognoscendum
1776 4689 1884 4744 quo
1923 4683 2078 4743 pacto
2124 4674 2316 4726 ambu-

748 4771 1038 4825 lassemus.
1072 4767 1236 4822 Debet
1262 4767 1388 4821 item
1426 4769 1550 4837 quis
1584 4783 1615 4822 a
1655 4784 1715 4823 se
1745 4769 1983 4836 exigere,
2017 4777 2076 4820 ut
2104 4774 2312 4819 noctem

750 4859 1047 4927 transierit,
1073 4859 1120 4915 si
1147 4860 1401 4915 videlicet
1430 4875 1557 4915 cum
1586 4860 1869 4930 diligentia
1904 4866 1962 4912 et
1986 4857 2317 4928 promptitu-

750 4957 878 5008 dine
915 4951 981 5007 ad
1012 4951 1221 5022 vigilias
1263 4954 1586 5014 surrexerit,
1617 4953 1662 5007 si
1703 4952 1938 5021 neglexit
1979 4951 2312 5020 respondere

751 5045 1090 5108 excubitori,
1131 5044 1175 5099 si
1214 5055 1404 5100 contra
1442 5044 1619 5112 ipsum
1664 5043 1718 5098 in
1764 5044 1950 5113 aliquo
1993 5042 2316 5096 obmurmu—

2418 4587 2528 4650 ζων
2575 4587 2757 4651 αὐτὸν,
2804 4586 2902 4641 καὶ
2928 4589 3011 4651 εἰς
3040 4587 3370 4658 ἀγρυπνίαν,
3405 4587 3619 4657 μεγάλα
3649 4589 3748 4640 καὶ
3773 4590 3968 4658 εὐεργε-

2416 4678 2501 4730 τεῖ
2523 4677 2707 4743 αὐτὸν,
2728 4677 2826 4730 καὶ
2855 4678 3108 4747 μεγάλων
3137 4678 3358 4746 ἀγαθῶν
3389 4680 3653 4748 πρόξενος
3677 4680 3828 4750 αὐτῷ
3847 4679 3966 4748 τίνε-

2418 4784 2539 4823 ται·
2571 4768 2877 4834 ἑξυπνίζων
2926 4769 3091 4823 αὐτὸν
3125 4769 3380 4840 δεηθῆναι
3423 4771 3502 4841 τῷ
3542 4771 3668 4840 Θεῷ
3717 4773 3854 4842 ὑπὲρ
3880 4772 3965 4824 τῶν

2419 4859 2706 4931 ἁμαρτιῶν
2747 4859 2916 4913 αὑτοῦ
2959 4861 3331 4930 φωτισθῆναι·
3383 4861 3504 4925 πῶς
3532 4862 3638 4916 οὐκ
3679 4863 3879 4932 ὀφείλει
3900 4879 3966 4923 τις

2422 4948 2764 5019 εὐχαριστείν
2799 4948 2878 5020 τῷ
2923 4949 3182 5021 τοιούτῳ;
3219 4951 3434 5021 άληθῶς
3472 4952 3682 5020 ὀφείλει
3722 4954 3878 5023 ἔχειν,
3901 4954 3962 5004 ὅτι

2426 5039 2609 5111 σχεδὸν
2634 5040 2704 5094 δι’
2735 5040 2903 5095 αὐτοῦ
2935 5043 3082 5095 ἐστιν
3111 5044 3146 5114 ἡ
3179 5043 3426 5112 σωτηρία
3458 5043 3652 5100 αὑτοῦ.

754 5138 894 5192 rasit
925 5155 940 5191 :
972 5136 1113 5193 scire
1155 5135 1355 5190 etenim
1384 5150 1658 5204 quemque
1686 5136 1835 5191 decet
1868 5135 2172 5189 excubitori
2204 5142 2395 5186 nostro
2465 5148 2566 5187 nos
2624 5133 2919 5187 admodum
2967 5132 3187 5200 debere,
3221 5144 3408 5204 utpote
3437 5137 3514 5190 illi
3578 5139 3677 5204 qui
3747 5155 3843 5193 nos
3872 5139 3941 5209 plu

757 5231 911 5287 rimis
968 5227 1243 5285 beneﬁciis
1292 5226 1503 5282 aliiciat.
1571 5225 1748 5282 Causa
1809 5228 1953 5282 enim
2002 5235 2087 5279 est
2156 5224 2312 5278 nobis
2348 5223 2642 5277 multorum
2689 5224 2980 5279 bonorum.
3018 5222 3232 5280 Excitat
3269 5240 3371 5281 nos
3436 5228 3506 5283 ad
3572 5229 3958 5300 colloquenan

829 5421 853 5449 ι
880 5411 897 5463 l
921 5409 1047 5466 Cor.
1079 5424 1135 5474 ι,
1175 5409 1226 5462 4.

2031 5562 2257 5617 VARI/1i
2303 5562 2701 5622 LECTIONES.

831 5721 874 5751 π
899 5719 1014 5795 Μὴ,
1044 5721 1104 5772 τὸ
1123 5720 1230 5794 ἕψῃ
1257 5721 1545 5795 conuiciis.
1566 5719 1798 5795 [meum]
1818 5719 1878 5795 τὸ
1907 5719 2072 5791 ἔψη-ατο
2117 5719 2312 5795 καλῇς.
2340 5719 2630 5795 Νυηῌξίιηά
2653 5730 2790 5774 recte
2832 5730 3036 5775 coctum
3101 5720 3290 5790 fuerat.
3339 5721 3516 5776 Scribi
3577 5724 3750 5778 etiam
3784 5733 3944 5795 potat,

763 5789 1083 5861 ὲψητδν,νεε
1106 5789 1267 5845 σοείὶι.
1297 5792 1466 5845 (Ζυιυι.
1503 5790 1641 5844 Eccl.
1686 5789 2039 5842 Grﬁllont’tm.
2070 5801 2200 5842 tum.
2231 5790 2293 5851 11,
2335 5807 2384 5859 p.
2424 5792 2550 5845 675.
