4118 6542
176 370 293 435 1749

1513 371 1887 435 DOCTRINA
1922 374 2050 437 XII.

3285 362 3421 429 1750

173 498 222 541 τὸ
247 491 751 561 παραμυθήσασθαί
779 509 848 562 με
872 490 1066 563 μικρὸν
1102 493 1413 561 ἀπαγαγεῖν
1440 495 1505 546 ἐκ
1524 491 1619 545 τοῦ
1646 489 1744 543 τιό⁴

1858 490 2105 554 ιι-ιιίιιοι,
2133 506 2199 544 ex
2223 490 2328 545 hoc
2358 488 2575 554 facturi,
2604 495 2659 542 et
2690 500 2777 541 me
2819 484 3086 541 afﬂictum
3126 497 3193 537 ex
3231 483 3424 537 dolore

173 599 274 642 νον,
326 582 424 635 καὶ
444 582 506 636 τὸ
530 582 715 636 δοῦναι
749 583 1004 654 ἀφορμὴν
1042 583 1269 653 λαλῆσαι
1299 584 1484 647 αὐτοῖς
1508 600 1562 636 τι
1609 584 1739 654 περὶ

1858 582 2174 637 :onsolaturi
2206 596 2271 635 ac
2296 580 2620 645 recreaturi,
2657 586 2712 632 et
2742 576 2875 631 mihi
2906 575 3012 645 ipsi
3067 572 3419 628 occasionem

170 662 437 730 ἀφελείας.
501 665 641 718 Ἀλλ’
680 666 871 737 ἐπειδὴ
911 668 972 719 οὐ
1018 667 1317 739 συνεχώρει
1374 684 1462 738 μοι
1505 668 1535 719 ὁ
1579 670 1740 731 πόνος

1858 675 2235 744 nateriamque
2271 673 2473 736 daturi,
2530 683 2590 726 ut
2635 670 2746 727 illis
2805 666 3009 737 aliquid
3064 663 3320 720 utilitatis
3369 671 3427 716 et.

171 752 391 823 λαλῆσαι
434 754 563 824 ὑμῖν
609 757 661 810 εί
693 773 748 810 τι
806 756 997 827 ἤθελον
1031 758 1173 824 τότε,
1226 759 1388 830 χρεία
1424 758 1572 811 ἐστὶν
1615 758 1740 830 ἀρτι

1858 767 2211 822 ειίἰῆεειιὶοιιίε
2230 766 2298 822 de
2326 780 2477 820 more
2528 775 2876 832 exponerem.
2907 757 3012 813 Sed
3037 755 3295 827 quoniam
3312 768 3420 807 non

171 843 390 911 ἀκοῦσαι
449 847 576 916 περὶ
625 846 815 900 τούτου
865 864 880 879 ·

948 848 1064 903 ἔστι
1122 852 1233 920 γὰρ
1270 850 1367 903 καὶ
1429 848 1637 921 τερπνὴ
1703 850 1739 919 η

1858 856 2089 912 act-misit
2127 871 2213 909 me
2239 856 2397 911 dolor
2427 853 2531 908 fari
2560 867 2682 923 qua:
2715 851 2935 913 vellem,
2962 861 3141 916 opera;
3186 844 3429 915 pretium

172 933 414 1005 διήγησις
436 936 538 1005 τῆς
567 936 802 1008 θλίψεως
836 940 976 1011 μετά
1008 939 1107 1012 τὴν
1155 938 1354 1010 θλίψιν.
1386 942 1501 996 Kal.
1532 942 1613 1004 είς
1643 940 1743 1011 τὴν

1858 948 1946 1001 erit
1963 946 2186 1002 nuncde
2202 946 2319 1015 ipso
2329 945 2517 1001 dolore
2562 942 2768 1014 aliquid
2786 942 2992 997 dicere.
3011 937 3259 993 Jucunda
3275 934 3429 991 enim

173 1024 461 1088 θάλασσαν.
515 1030 606 1082 ὅτε
662 1031 1015 1101 ἐπεγείρεται
1076 1029 1254 1101 ζάλη,
1321 1033 1408 1087 ἀεὶ
1467 1032 1744 1087 θλίϐονται

1858 1054 1963 1095 esse
1986 1040 2124 1096 solet
2138 1038 2447 1095 aﬂlictionis
2465 1047 2520 1095 et
2539 1035 2766 1108 periculi
2786 1043 2909 1105 post
2923 1030 3228 1103 periculum
3246 1030 3427 1097 ipsum

174 1119 366 1182 πάντες
390 1136 406 1149 ·
461 1122 601 1189 μετά
628 1122 691 1175 τὸ
717 1123 1006 1194 παρελθεῖν
1037 1125 1137 1197 τὴν
1174 1125 1369 1195 ζάλην,
1406 1124 1544 1196 μετά
1572 1126 1747 1197 χαρᾶς

1858 1133 2108 1187 narratio.
2142 1130 2209 1186 Et
2245 1131 2299 1186 in
2318 1131 2455 1185 mari
2477 1128 2697 1201 quidem
2732 1140 2857 1181 cum
2891 1133 3055 1179 aestus
3074 1121 3259 1187 fuerit,
3293 1118 3428 1173 allii-

173 1211 254 1264 ἀεὶ
293 1212 609 1282 διηγοῦνται
655 1215 903 1287 ἀλλήλοις
957 1218 1282 1289 τερπόμενοι
1325 1218 1395 1272 τά
1440 1215 1745 1288 συμϐάντα.

174 1304 282 1357 Καὶ
312 1306 477 1358 καλόν
531 1308 700 1371 ἐστιν,
746 1308 986 1377 ἀδελφοὶ,
1039 1309 1223 1371 καθὼς
1267 1310 1355 1364 ἀεὶ
1402 1308 1549 1375 λέγω
1596 1309 1747 1379 ὑμῖν,

173 1394 401 1449 ἕκαστον
430 1399 664 1469 πρᾶγμα
700 1400 794 1453 ἐπὶ
827 1399 921 1453 τὸν
951 1400 1084 1453 Θεὸν
1115 1400 1371 1469 ἀνάγειν,
1400 1400 1496 1454 καὶ
1526 1400 1705 1468 λέγειν
1732 1436 1750 1458 ο

172 1486 251 1538 ὅτι
304 1488 460 1552 ἐκτὸς
516 1490 610 1543 τοῦ
668 1490 803 1545 Θεοῦ
858 1491 1012 1545 οὐδὲν
1070 1492 1300 1561 γίνεταιο
1342 1492 1479 1546 ἀλλά
1533 1493 1752 1554 πάντως

171 1575 342 1641 οῦτως
372 1575 512 1633 οἶδεν
543 1582 572 1635 ὁ
597 1582 727 1649 Θεὸς
757 1585 839 1639 ὅτι
869 1585 1033 1638 καλόν
1056 1587 1171 1639 ἐστι
1198 1586 1295 1640 καὶ
1326 1584 1625 1656 συμφέρον,
1660 1586 1753 1638 καὶ

172 1665 341 1730 οὕτως
398 1669 625 1740 ἐποίησε
688 1688 704 1702 ·
752 1672 857 1726 κάν
903 1671 1001 1744 ἔχῃ
1045 1671 1259 1737 ἔξωθεν.
1292 1671 1473 1725 αἰτίαν
1521 1671 1644 1725 τινὰ
1693 1670 1756 1723 τὸ

172 1762 402 1831 πρᾶγμα
435 1782 446 1792 ·
482 1758 594 1818 οἷόν
616 1782 669 1818 τι
692 1764 868 1835 λέγωο
915 1764 1216 1836 Ἐδυνάμην
1246 1766 1436 1830 εἰπεῖν,
1466 1766 1547 1819 ὅτι
1569 1763 1756 1833 ἐπειδὴ

1846 1230 2047 1295 guutur
2078 1237 2271 1278 omnes
2300 1230 2565 1291 quotquot
2590 1219 2643 1273 in
2664 1216 2789 1273 navi
2814 1213 3043 1280 fuerint;
3073 1226 3197 1269 cum
3244 1218 3425 1265 autem

1850 1314 2219 1383 tranquillitas
2243 1313 2489 1377 redierit,
2522 1311 2627 1366 lani
2655 1323 2847 1364 omnes
2894 1307 3037 1361 inter
3091 1317 3153 1360 se
3195 1310 3426 1358 narrant

1852 1404 2189 1474 tempestatis
2216 1404 2524 1460 horrorem.
2550 1401 2827 1471 Optimum
2861 1406 2966 1462 est,
3012 1394 3235 1456 fratres,
3280 1391 3428 1461 quod

1853 1513 1937 1551 me
1968 1497 2291 1567 plerumque
2312 1497 2467 1551 vobis
2521 1492 2743 1549 memini
2795 1490 3023 1555 dixisse,
3062 1496 3124 1543 ut
3159 1483 3425 1557 quidquid

1853 1591 2014 1645 nobis
2045 1589 2309 1654 evenerit,
2333 1588 2387 1643 id
2419 1589 2593 1657 ipsum
2625 1587 2694 1641 ad
2730 1584 2900 1641 Deum
2920 1582 3067 1637 illico
3097 1577 3424 1640 referamus,

1852 1680 2211 1750 dicamusque
2239 1678 2375 1733 nihil
2409 1677 2523 1732 fieri
2551 1679 2759 1745 absque
2788 1681 2927 1729 nutu
2954 1679 3010 1726 et
3035 1667 3315 1724 voluntate
3343 1663 3427 1719 di-

1854 1771 2002 1835 vina,
2029 1769 2578 1842 praecognovisseque
2632 1767 2801 1821 Deum
2858 1764 2912 1819 id
2971 1760 3131 1817 nobis
3180 1756 3428 1813 futurum

172 1851 373 1923 ἔφαγον
416 1859 555 1926 μετά
584 1855 771 1922 ξένων,
803 1858 902 1912 καὶ
946 1858 1140 1931 μικρὸν
1180 1857 1489 1930 ἐϐιασάμην
1518 1857 1637 1928 μετ’
1657 1857 1755 1910 αυ-

1858 1863 2005 1929 utile,
2041 1870 2205 1933 atque
2232 1861 2368 1917 adeo
2394 1860 2736 1931 permisisse,
2768 1855 2985 1913 etiamsi
3016 1869 3105 1910 res
3150 1853 3270 1923 ipsa
3298 1864 3431 1905 cau-

170 1943 280 1997 τῶν
306 1945 395 2000 διά
432 1945 494 2000 τδ
524 1947 837 2002 ἀναπαῦσαι
864 1949 1084 2013 αὐτοὺς.
1112 1947 1384 2020 ἐϐαρύνθη
1412 1949 1442 2001 ὁ
1478 1946 1747 2018 στόμαχός

175 2055 300 2108 μου,
327 2040 423 2093 καὶ
452 2040 669 2109 ἐγένετο
698 2041 925 2116 σύρροια
956 2043 1038 2106 είς
1062 2040 1154 2095 τὸν
1174 2041 1319 2095 πόδα
1351 2057 1476 2113 μου,
1495 2039 1751 2095 κάκεῖθεν

173 2132 576 2205 ἑρευματίσθην
605 2151 619 2165 ·
652 2135 686 2205 ἢ
722 2135 817 2189 καὶ
846 2135 1012 2198 ἀλλας
1032 2134 1321 2205 διαφόρους
1338 2133 1533 2197 αῖτίας·
1560 2134 1621 2188 οὐ
1640 2132 1753 2186 λεί-

174 2240 335 2277 πουσι
379 2224 490 2297 γάρ
536 2224 617 2297 τῷ
646 2225 877 2282 θέλοντι.
926 2226 1087 2281 Ἀλλά
1115 2225 1178 2279 τὸ
1223 2225 1611 2298 ἀκριϐέστερον
1657 2226 1753 2280 καὶ

173 2316 472 2387 ὠφέλιμον,
547 2316 708 2373 τοῦτο
755 2318 956 2389 μᾶλλόν
1010 2319 1191 2382 ἐστιν,
1243 2318 1326 2372 ὅτι
1388 2317 1561 2381 οὕτως
1613 2313 1755 2371 οἶδεν

173 2407 201 2459 ό
225 2406 380 2470 Θεὸς,
429 2408 513 2461 ὅτι
558 2408 830 2481 συμφέρει
882 2411 948 2481 τῇ
1013 2408 1158 2480 ψυχῇ
1220 2425 1324 2481 μου
1347 2448 1362 2472 ,
1426 2407 1523 2462 καὶ
1582 2406 1756 2471 οὕτως

176 2494 428 2563 ἐγένετο*
452 2496 606 2551 οὐδὲν
643 2496 754 2569 γάρ
789 2499 939 2552 ἐστιν
970 2491 1046 2551 ὧν
1087 2498 1233 2551 ποιεῖ
1257 2498 1287 2551 ό
1319 2496 1473 2560 Θεὸς,
1504 2497 1534 2550 ὃ
1572 2513 1626 2551 τι
1656 2498 1758 2553 οὐκ

175 2586 291 2640 ἔστι
318 2587 501 2652 καλὸν,
543 2588 681 2643 ἀλλὰ
709 2589 890 2645 πάντα
926 2590 1066 2644 καλά
1097 2589 1237 2644 λίαν.
1293 2588 1370 2644 Οὐ
1399 2589 1481 2644 δεῖ
1500 2584 1594 2644 οὖν
1635 2607 1761 2645 τινα

174 2677 409 2749 ἀθυμεῖν
472 2680 567 2733 ἐπὶ
630 2682 743 2743 τοῖς
808 2679 1199 2752 συμϐαίνουσιν
1256 2695 1274 2711 ⁶
1343 2679 1479 2735 ἀλλὰ
1540 2681 1755 2745 πάντα,

172 2771 253 2835 ὡς
297 2764 472 2835 εἷπον,
533 2772 627 2825 ἐπὶ
669 2772 770 2845 τὴν
824 2774 1080 2845 πρόνοιαν
1128 2772 1221 2827 τοῦ
1283 2774 1419 2828 Θεοῦ
1466 2774 1760 2846 ἀναφέρειν

171 2865 272 2917 καὶ
336 2863 733 2920 ἀναπαύεσθαι.
800 2867 921 2919 Εἰσί
985 2883 1129 2931 ⁶τινες
1205 2868 1285 2930 εἰς
1344 2866 1596 2921 τοσοῦτον
1666 2868 1761 2921 ἐπὶ

168 2957 299 3018 ταῖς
366 2956 793 3025 συμϐαινούσαις
864 2958 1076 3026 θλίψεσι
1161 2959 1575 3031 βαρυνόμενοι.,
1618 2960 1759 3014 ὥστε

170 3049 269 3098 καὶ
323 3047 496 3119 αὐτὴν
519 3048 619 3117 τὴν
654 3048 800 3119 ζωὴν
840 3049 1227 3118 ἀπολέγεσθαι,
1268 3051 1365 3104 καὶ
1406 3051 1578 3120 ἡδέως
1616 3052 1761 3122 ἔχειν

167 3139 269 3192 τοῦ
299 3139 613 3205 ἀποθανεῖν,
642 3141 719 3206 ὡς
736 3141 826 3195 διὰ
862 3143 1020 3197 τοῦτο
1056 3143 1438 3215 ἀπαλλαγῆναι
1466 3160 1481 3175 ο
1519 3143 1676 3198 τοῦτο
1702 3146 1759 3199 δὲ

1848 1967 1963 2007 sam
1994 1952 2228 2022 aliquam
2287 1951 2611 2006 exteriorem
2682 1947 2884 2003 habere
2919 1944 3211 2000 videretur.
3273 1938 3431 2007 Quod

1848 2044 2096 2115 exemplo
2111 2052 2299 2100 nostro
2314 2043 2515 2098 clarius
2529 2041 2653 2098 erit.
2678 2040 2899 2095 Possem
2928 2051 3030 2108 ego
3053 2048 3200 2091 nunc
3226 2033 3430 2092 dicere.

1849 2137 1995 2205 quod
2027 2151 2094 2192 ex
2113 2152 2222 2206 quo
2256 2135 2481 2190 advenis
2524 2133 2611 2189 his
2648 2132 2852 2187 nostris
2891 2129 3118 2185 conviva
3168 2124 3268 2187 fui,
3319 2138 3434 2178 me-

1851 2244 1958 2299 que
1986 2229 2161 2299 ipsum
2184 2227 2412 2282 invitum
2443 2225 2508 2281 ad
2535 2225 2718 2280 cibum
2749 2222 2901 2294 coegi
2934 2229 2997 2276 ut
3050 2218 3172 2274 illos
3215 2229 3436 2272 recrea-

1853 2336 1991 2387 rem,
2018 2321 2308 2376 stomacho
2346 2327 2675 2389 aggravatus
2712 2331 2857 2382 sum,
2892 2322 2947 2370 et
2973 2313 3209 2368 humore
3241 2310 3296 2362 in
3335 2322 3434 2379 pc-

1853 2415 1975 2469 dem
2006 2413 2299 2479 deﬂuente,
2328 2414 2455 2467 hinc
2479 2412 2761 2467 cruciatus
2791 2419 2846 2464 et
2865 2406 3093 2463 affectus
3118 2414 3230 2459 tam
3280 2401 3431 2472 gravi

1855 2505 2046 2562 dolore
2077 2520 2236 2570 sum;
2260 2511 2428 2572 atque
2452 2502 2589 2557 alias
2615 2501 2930 2555 innumeras
2944 2504 3002 2551 et
3023 2493 3271 2550 diversas
3298 2504 3437 2545 cau-

1857 2614 1947 2654 sas
1978 2596 2248 2660 afferrem,
2301 2609 2425 2665 quae
2459 2594 2659 2650 volenti
2717 2603 2986 2660 nusquam
3046 2585 3314 2641 deessent.
3366 2581 3436 2634 At

1857 2684 2053 2740 melius
2084 2693 2140 2739 et
2166 2682 2548 2739 rationabilius
2588 2688 2674 2738 est
2706 2681 2888 2736 dicere
2913 2678 3019 2733 hoc
3080 2676 3260 2746 ipsum
3308 2685 3434 2742 per-

1857 2775 2077 2832 misisse
2111 2774 2308 2839 Deum,
2337 2774 2466 2843 quia
2496 2774 2694 2829 animae
2724 2785 2856 2828 mea!
2892 2775 3208 2841 praestaret;
3262 2774 3318 2820 et
3355 2763 3438 2817 sic

1859 2868 2046 2937 utique
2071 2866 2345 2922 existimo.
2367 2863 2515 2920 Nihil
2546 2864 2693 2919 enim
2732 2871 2818 2919 est
2877 2874 3070 2916 eorum
3132 2872 3256 2928 quae
3308 2854 3438 2910 fecit

1860 2956 2028 3021 Deus,
2050 2956 2197 3026 quod
2232 2970 2339 3010 non
2370 2956 2444 3010 sit
2475 2954 2768 3025 optimum,
2802 2952 2959 3022 juxta
2987 2947 3146 3019 quod
3192 2945 3391 3003 dicitur
3417 2962 3431 2998 :

1863 3050 1960 3105 Dei
1982 3066 2139 3120 opera
2167 3065 2279 3105 esse
2307 3049 2491 3103 omnia
2519 3050 2658 3103 bona
2682 3045 2836 3100 valde
2864 3053 2911 3098 ³.
2942 3044 3122 3110 Quare
3139 3039 3434 3097 dolendum

1862 3141 2066 3197 nemini
2088 3149 2219 3212 puto
2244 3141 2297 3194 in
2325 3139 2412 3195 his
2450 3153 2572 3209 quas
2606 3137 2709 3193 sibi
2734 3135 3084 3206 contigerint,
3126 3131 3222 3188 sed
3253 3130 3436 3185 omnia

168 3231 284 3285 ἀπὸ
314 3233 676 3304 μικροψυχίας
715 3233 808 3287 καὶ
849 3234 1049 3305 πολλῆς
1084 3209 1360 3305 ἀγνωσίας
1397 3237 1594 3309 πάσχει
1623 3255 1708 3301 τις
1731 3277 1746 3298 ,

1858 3248 2011 3303 aeque
2057 3209 2123 3287 ad
2194 3230 2289 3287 Dei
2365 3229 2753 3300 providentiam
2806 3225 3110 3291 referenda,
3164 3232 3330 3293 atque
3359 3224 3435 3276 ita

163 3322 386 3389 ἀγνοῶν
405 3324 504 3395 τὴν
529 3323 768 3395 φοϐερὰν
783 3326 1028 3397 ἀνάγκην
1054 3327 1155 3398 τὴν
1183 3327 1321 3399 μετά
1337 3328 1435 3398 τὴν
1456 3328 1631 3397 ἔξοδον
1648 3328 1750 3398 τῆς

1858 3335 2172 3382 aestuantem
2224 3325 2467 3379 animum
2511 3331 2567 3377 et
2616 3321 2892 3376 turbatum
2933 3315 3255 3373 sedandum.
3297 3312 3439 3368 Sunt

160 3412 351 3486 ψυχῆς
381 3415 490 3469 ἀπὸ
521 3414 615 3469 τοῦ
647 3415 921 3486 σώματος.

1858 3428 2036 3474 autem
2068 3415 2315 3472 nonnulli
2345 3416 2397 3469 in
2436 3414 2522 3469 his
2573 3426 2695 3483 qua:
2726 3410 2830 3466 sibi
2860 3409 3158 3465 acciderint
3184 3406 3436 3467 adversa,

167 3507 313 3562 adeo
347 3508 694 3576 impatientes
716 3517 772 3564 et
792 3508 1022 3573 debiles,
1050 3519 1111 3565 ut
1146 3510 1271 3565 vita:
1303 3510 1403 3581 ipsi
1463 3514 1847 3568 abrenuntient
1903 3520 1959 3566 et
1996 3510 2139 3565 mori
2196 3516 2387 3579 optent
2428 3513 2490 3560 ut
2552 3506 2638 3561 his
2712 3504 3031 3559 liberentur.
3092 3500 3250 3567 Quod
3304 3514 3438 3553 sane

162 3610 240 3649 ιιι
281 3595 733 3665 pusillanimitate
795 3606 957 3668 atque
1023 3599 1329 3667 ignorantia
1392 3602 1655 3670 prec-edit.
1710 3604 1967 3674 Ignorant
2004 3601 2150 3656 enim
2181 3600 2237 3654 bi
2270 3598 2566 3656 terribilem
2626 3595 3003 3653 necessitatem
3055 3610 3179 3666 quas
3243 3596 3439 3651 anima:

165 3686 470 3751 incumbit,
499 3702 624 3741 cum
650 3701 681 3742 e
709 3703 941 3758 corpore
979 3704 1197 3761 egressa
1220 3701 1325 3746 est.

247 3784 326 3836 B'.
355 3784 582 3853 Μεγάλη
609 3783 989 3855 φιλανθρωπία
1010 3785 1107 3840 τοῦ
1125 3786 1284 3851 Θεοῦ,
1317 3788 1556 3858 ἀδελφοὶ,
1582 3791 1643 3843 τὸ
1668 3786 1750 3844 εἷ-

1928 3786 1995 3841 ll.
2031 3784 2222 3855 Magna
2254 3792 2339 3839 est
2365 3781 2461 3837 Dei
2497 3780 2805 3843 clementia,
2834 3778 3050 3843 fratres,
3082 3778 3213 3833 dum
3248 3778 3302 3833 in
3336 3778 3441 3835 hac

162 3892 267 3929 ναι
301 3876 447 3946 ἡμᾶς
468 3875 550 3939 εἰς
569 3874 758 3930 τοῦτον
788 3878 881 3931 τὸν
910 3879 1135 3949 κόσμον·
1163 3879 1278 3932 ἀλλ’
1299 3882 1459 3951 ἡμεῖς
1491 3882 1752 3950 ἀγνοοῦν-

1862 3880 1974 3933 vita
2007 3890 2203 3934 sumus
2236 3892 2249 3930 :
2287 3873 2383 3930 sed
2419 3874 2736 3945 ignorantes
2787 3885 2951 3942 quam
3004 3871 3254 3941 graviora
3309 3882 3440 3926 sunt

157 3983 271 4031 τες
294 3966 363 4020 τὰ
391 3966 527 4030 ἐκεῖ,
553 3966 725 4038 βαρέα
771 3967 1041 4040 βλέπομεν
1076 3969 1145 4026 τὰ
1183 3965 1309 4026 ὧδε·
1341 3973 1437 4026 καὶ
1474 3972 1575 4027 οὐκ
1607 3974 1756 4029 ἐστιν

1865 3986 1986 4042 quae
2017 3979 2141 4038 post
2166 3967 2376 4022 obitum
2406 3973 2807 4036 exspectamus,
2830 3964 2897 4018 ad
2927 3963 3044 4019 haec
3071 3973 3281 4020 tantum
3299 3978 3441 4035 ιιι-ενα.

157 4056 373 4121 οὕτως.
406 4059 520 4111 Οὐκ
576 4058 755 4113 οἴδατε
804 4062 862 4113 ἐν
914 4060 994 4130 τῷ
1031 4061 1333 4134 γεροντικῷ
1364 4064 1418 4117 τί
1450 4063 1629 4134 λέγει;
1672 4068 1755 4121 ὅτι

1869 4062 2046 4119 sentia
2075 4060 2267 4116 oculos
2288 4058 2578 4124 ﬂectimus,
2613 4073 2736 4128 qua;
2760 4055 3006 4128 profecto
3032 4059 3282 4128 graviora
3327 4075 3439 4114 non

160 4147 467 4220 ἠρώτησεν
497 4148 723 4219 ἀδελφὸς
756 4152 896 4205 πάνυ
936 4154 1177 4225 ἐργάτης
1215 4156 1338 4210 τινά
1384 4158 1637 4229 γέροντα,
1664 4158 1756 4212 λέ-

1869 4163 2015 4211 sunt.
2042 4155 2125 4207 An
2155 4151 2419 4223 ignoratis
2440 4151 2766 4205 sententiam
2792 4150 2937 4204 illam
2969 4150 3023 4203 in
3068 4149 3207 4204 libro
3255 4149 3438 4205 senio-

158 4259 316 4313 γωνο
349 4260 368 4293 ι
404 4242 469 4296 Ἠ
494 4242 640 4314 ψυχή
677 4261 780 4314 μου
810 4246 1070 4316 ἐπιθυμεῖ
1094 4248 1186 4301 τὸν
1205 4249 1453 4304 θάνατον·
1490 4271 1509 4305 ι
1541 4252 1636 4307 καὶ
1667 4252 1757 4306 λέ-

1867 4262 2011 4313 rum,
2033 4262 2159 4302 cum
2184 4245 2543 4313 interroganti
2569 4242 2726 4299 fratri
2753 4244 2914 4300 valde
2931 4244 3232 4307 laborioso,
3257 4254 3314 4299 et
3358 4245 3441 4300 di-

156 4351 270 4405 γει
301 4332 450 4404 αὐτῷ
485 4333 516 4385 ό
556 4333 755 4406 γέρων·
785 4356 804 4389 ι
842 4337 1062 4409 Ἐπειδὴ
1087 4338 1188 4406 τὴν
1222 4338 1402 4411 θλίψιν
1434 4342 1633 4413 φεύγῃ,
1665 4344 1757 4397 καὶ

1863 4340 2005 4397 ceuti
2025 4338 2170 4410 quod
2210 4338 2348 4392 mori
2382 4346 2613 4407 optaret,
2638 4337 2917 4407 respondit
2944 4352 3111 4393 senex
3146 4356 3159 4392 :
3201 4355 3220 4388 ι
3254 4336 3324 4392 Ut
3346 4338 3442 4390 tri-

151 4424 283 4478 οὒκ
304 4418 451 4486 οἶδας
478 4423 560 4475 ὅτι
584 4424 617 4493 ἡ
638 4424 905 4494 μέλλουσα
931 4424 1108 4497 θλίψις
1131 4428 1269 4481 πολὺ
1292 4428 1492 4501 χείρων
1518 4429 1632 4485 ἐστὶ
1660 4432 1757 4501 τῆς

1863 4433 2200 4488 bulationem
2233 4431 2412 4502 fugias
2452 4429 2599 4486 istud
2629 4431 2826 4499 optas?
2861 4428 2971 4485 Sed
3022 4429 3251 4500 ignoras
3293 4430 3439 4500 quod

152 4511 438 4569 ἐνταῦθα.
472 4530 491 4564 ι
534 4513 645 4567 Καὶ
690 4514 851 4587 ἄλλος
886 4518 1087 4587 ὁμοίως
1115 4520 1367 4592 ἠρώτησε
1406 4522 1633 4593 γέροντα
1670 4522 1759 4577 λέ-

1860 4542 1985 4595 qua:
2016 4533 2244 4581 ventura
2273 4532 2426 4587 sunt,
2461 4523 2709 4595 graviora
2753 4532 2880 4577 sunt
2914 4532 2967 4577 et
3007 4523 3221 4578 acriora
3267 4522 3440 4577 multo

151 4621 338 4704 γωνο⁵
357 4624 377 4657 ι
414 4606 585 4660 Πόθεν
610 4605 817 4676 ἀκηδιῶ
835 4607 1142 4680 καθήμενος
1164 4611 1222 4663 ἐν
1242 4611 1321 4683 τῷ
1344 4610 1538 4683 κελλίῳ
1566 4629 1670 4682 μου
1691 4629 1706 4677 ;
1734 4632 1753 4665 ι

1864 4613 1994 4671 his?
2021 4615 2174 4671 Alius
2205 4615 2333 4669 item
2361 4628 2485 4668 cum
2517 4628 2703 4669 senem
2734 4614 3147 4682 interrogasset,
3178 4613 3323 4668 unde
3352 4617 3441 4668 lic-

153 4695 301 4751 Καὶ
322 4695 470 4765 λέγει
502 4697 651 4766 αὐτῷ
679 4698 709 4751 ό
736 4698 935 4768 γέρων*
970 4718 988 4749 ι
1029 4699 1149 4753 ’Ότι
1171 4702 1356 4772 ἀκμὴν
1382 4701 1482 4772 οὐχ
1510 4700 1760 4773 ἑώρακας

147 4785 313 4842 οὔτε
332 4787 430 4858 τήν
460 4787 823 4859 ἐλπιζομένην
849 4789 1177 4854 ἀνάπαυσιν,
1210 4791 1334 4846 οὔτε
1365 4793 1464 4864 τὴν
1497 4796 1761 4865 ἐσομένην

150 4878 429 4934 κόλασιν.
471 4880 536 4935 El
568 4879 678 4951 γὰρ
719 4880 834 4950 ἴδῃς
862 4880 1107 4951 ἀκριϐῶς
1136 4882 1332 4947 ταῦτα,
1371 4886 1421 4938 εἰ
1464 4886 1761 4958 σκωλήκων

146 4969 353 5040 ἔγεμε
410 4970 472 5024 τὸ
511 4970 720 5024 κελλίον
767 4987 883 5037 σου,
911 4971 1052 5025 ὥστε
1082 4989 1142 5027 σε
1178 4976 1238 5028 ὲν
1263 4975 1445 5038 αὐτοῖς
1486 4975 1759 5031 δεδυκέναι

146 5064 294 5123 έως
347 5060 643 5132 τραχήλου,
688 5060 957 5133 ὑπέμενες
1004 5062 1071 5117 ἂν
1124 5065 1200 5136 μὴ
1240 5066 1496 5136 άκηδιῶν.
1535 5087 1555 5119 ι
1619 5068 1760 5123 Ἀλλ’

149 5153 194 5221 ἡ
207 5150 350 5220 μείς
373 5149 468 5202 καὶ
493 5150 822 5221 κοιμώμενοι
850 5150 1074 5223 θέλομεν
1098 5153 1357 5225 σωθῆναι,
1382 5157 1476 5210 καὶ
1498 5157 1585 5211 διὰ
1604 5158 1762 5212 τοῦτο

1867 4716 1950 4763 ret
1978 4707 2121 4777 quod
2160 4705 2263 4762 sibi
2294 4706 2582 4759 molestum
2607 4714 2752 4759 esset
2776 4705 2828 4756 in
2868 4703 3004 4759 cella
3034 4703 3245 4770 sedere,
3284 4705 3438 4759 acce-

1868 4799 1945 4869 pit
1978 4818 1991 4853 :
2024 4818 2043 4850 ‹
2074 4797 2213 4864 Quia
2240 4797 2481 4853 nondum
2501 4794 2825 4866 prospexisti
2844 4795 2896 4848 in
2923 4793 3161 4848 futuram
3193 4793 3436 4864 requiem

1867 4892 1951 4949 vel
1974 4892 2342 4947 amictionem.
2370 4889 2428 4943 Si
2452 4888 2599 4942 enim
2626 4888 2741 4943 haec
2794 4888 2979 4942 animo
3018 4887 3303 4956 diligenter
3359 4886 3441 4939 in-

1871 4984 2072 5054 Spicias
2091 4992 2146 5037 et
2167 4982 2468 5047 mediteris,
2504 4980 2721 5037 etiamsi
2777 4979 2913 5035 cella
2941 4989 3032 5033 tua
3066 4992 3295 5055 vermes
3317 4994 3443 5035 sca-

1871 5050 2043 5129 turiat
2069 5080 2127 5127 ut
2146 5072 2213 5127 ad
2236 5071 2439 5128 collum
2474 5086 2647 5141 usque
2669 5068 3014 5136 immergaris
3033 5068 3088 5122 in
3112 5050 3253 5133 illis,
3277 5050 3442 5123 susti-

1870 5181 2033 5219 neres
2071 5164 2259 5233 utique
2303 5164 2510 5234 absque
2554 5162 2804 5216 molestia
2836 5160 2946 5215 ulla
2997 5169 3051 5215 et
3105 5158 3442 5215 difficultate.

144 5238 565 5310 ὀλιγωροῦμεν
592 5242 650 5293 ἐν
673 5242 791 5303 ταῖς
820 5241 1084 5312 θλίψεσινο
1117 5245 1419 5312 ὀφείλοντες
1447 5247 1646 5318 μάλλον
1676 5251 1765 5302 εὑ-

140 5332 469 5405 χαριστεῖν
506 5330 582 5401 τῷ
611 5331 729 5404 Θεῴ
756 5333 850 5386 καὶ
879 5334 1203 5405 μακαρίζειν
1235 5338 1480 5402 ἑαυτοὺς,
1515 5340 1597 5393 ὅτι
1629 5341 1764 5403 ὅλως

137 5419 493 5490 ἀξεούμεθα
529 5422 725 5492 μικρὸν
779 5423 1026 5496 θλιϐἢναι
1072 5418 1197 5490 ὧδε,
1224 5428 1312 5482 ἵνα
1356 5431 1473 5482 ἐκεῖ
1514 5430 1758 5503 εῦρωμει

136 5512 401 5588 μικρὰν
424 5512 752 5570 ἀνάπαυσιν.
782 5515 977 5587 Ἔλεγε
1003 5519 1095 5573 καὶ
1118 5520 1387 5593 Εὐάγριος
1406 5523 1488 5577 ὅτι
1512 5524 1764 5594 ἐμπαθὴς

116 5600 256 5661 ’ῶν
296 5602 392 5655 καὶ
420 5608 855 5679 προσευχόμενος
882 5611 1184 5691 ταχυτέραν
1221 5613 1371 5685 αὐτῷ
1406 5615 1625 5670 ἔσεσθαι
1668 5615 1765 5688 τὴν

1863 5255 1992 5317 Sed,
2020 5256 2120 5310 heu
2151 5271 2252 5310 nos
2273 5253 2535 5317 infelices,
2576 5253 2933 5308 dormitantes
2949 5251 3148 5308 salvari
3169 5253 3443 5321 cupimus.

1863 5358 1919 5403 et
1952 5349 2091 5402 inter
2117 5346 2503 5402 tribulationes
2533 5354 2589 5401 et
2635 5345 2917 5416 angustias
2974 5344 3299 5401 deﬁcimus!
3334 5345 3438 5411 Qlll

1867 5436 1977 5492 Deo
2006 5435 2474 5507 magisindefcsse
2500 5437 2705 5507 gratias
2737 5451 2899 5505 agerc
2930 5436 3276 5500 deberemus,
3310 5451 3441 5489 nos-

1866 5546 1973 5601 que
2005 5529 2195 5585 bcatos
2216 5528 2556 5594 existimare,
2588 5527 2682 5599 qui
2707 5527 2879 5584 habiti
2902 5527 3051 5599 digni
3074 5542 3337 5589 essemus
3353 5525 3441 5580 hic

1865 5618 2069 5691 aliquid
2104 5620 2237 5691 pati,
2269 5628 2329 5675 ut
2354 5619 2476 5676 istic
2507 5619 2851 5692 postmodum
2894 5616 3137 5690 requiem
3176 5616 3442 5679 modicam

244 5794 284 5821 ι
312 5780 447 5836 Gen.
492 5797 531 5850 ι,
568 5784 652 5842 51.
