4118 6542
223 559 358 627 1753

1564 567 1939 630 DOCTR'INA
1974 573 2110 635 XII.

3304 590 3440 655 1754

221 671 357 741 μηδὲ
390 670 608 738 ἄγγελοι
635 685 1097 740 παρειστηκεισαν
1124 669 1364 740 φοϐεροί·
1397 671 1558 742 μόνον
1589 673 1646 727 δέ
1679 691 1750 727 κα

1849 725 1853 735 .
1879 676 2015 732 riam
2034 677 2251 734 Domini
2279 699 2299 735 :t
2326 680 2466 738 hanc
2483 699 2722 754 pinnam,
2740 688 2876 742 hanc
2897 687 3266 759 ignominiam,
3295 694 3434 750 hanc

215 758 498 829 λουμένων
515 759 624 812 τῶν
647 757 948 828 ἀνθρώπων
973 762 1021 814 οῖ
1056 759 1155 831 μὲν
1181 761 1526 826 ἐπαινοῦντες
1553 763 1647 816 καὶ
1667 764 1750 816 ἐδο

1876 767 2276 837 confusionem,
2305 786 2466 829 omne
2495 776 2750 831 tormenti
2768 757 2959 846 genus,
2990 794 3205 836 omnem
3234 783 3432 852 gehen-

214 849 460 914 ξάζόντο,
488 850 539 902 οἱ
579 849 637 904 δὲ
674 850 1095 920 παρεπέμποντο
1130 851 1362 920 ἀτίμως,
1397 852 1483 906 ἵνα
1513 853 1588 924 μὴ
1626 853 1775 908 ἴδωσι

207 940 314 1009 τὴν
339 937 497 1005 δόξαν
527 940 620 993 τοῦ
656 940 814 993 Θεοῦ·
858 936 970 1012 ἆρα
999 941 1099 994 οὐκ
1139 937 1209 1014 ἦν
1259 944 1558 1014 πικροτέρα
1594 944 1774 1014 πάσης

206 1026 436 1101 γεέννης
471 1031 506 1100 ἡ
547 1029 768 1093 κόλασις
805 1029 906 1100 τῆς
950 1030 1229 1104 αἰσχύνης,
1270 1034 1364 1086 καὶ
1410 1034 1505 1104 τῆς
1549 1035 1775 1105 ἀτιμίας

205 1120 448 1191 ἐκείνης,
478 1120 573 1174 καὶ
598 1122 632 1194 ή
656 1121 812 1192 ὀδύνη
858 1122 956 1193 τῆς
993 1122 1318 1184 ἐκπτώσεως
1360 1124 1468 1178 τῶν
1518 1125 1774 1180 τοιούτων

202 1210 467 1280 ἁγαθῶνς
493 1211 626 1265 Τότε
655 1211 764 1282 γὰρ
797 1215 891 1266 καὶ
937 1213 1098 1276 αὐτὸς
1118 1212 1380 1284 ὁέλεγχος
1409 1216 1508 1286 τῆς
1534 1217 1774 1289 συνειδή-

204 1318 373 1366 σεως,
408 1301 502 1356 καὶ
531 1301 670 1374 αὑτὴ
714 1303 746 1372 ή
777 1302 964 1373 μνήμη
1001 1301 1112 1355 τῶν
1136 1303 1556 1374 πεπραγμένων,
1589 1305 1771 1370 καθὼς

198 1391 470 1462 ἀνωτέρω
511 1392 760 1462 εἴπομεν,
800 1393 979 1464 χεῖρόν
1006 1395 1122 1446 ἐστι
1158 1395 1367 1466 μυρίων
1411 1397 1506 1450 καὶ
1549 1397 1772 1466 ἀφάτων

194 1482 513 1554 τιμωριῶν.
560 1483 744 1538 Πάντα
803 1483 914 1554 γὰρ
965 1484 1269 1559 μέμνηνται
1317 1487 1373 1539 αί
1427 1486 1598 1557 ψυχαὶ
1660 1489 1769 1543 τῶν

194 1573 470 1637 ἐνταῦθα,
499 1573 681 1635 καθὼς
708 1575 956 1643 λέγουσιν
979 1577 1028 1629 οῖ
1053 1577 1318 1650 Πατέρες,
1352 1577 1447 1631 καὶ
1474 1577 1646 1645 λόγων
1674 1581 1769 1634 καὶ

192 1663 408 1736 ἔργων,
439 1667 533 1719 καὶ
574 1666 946 1738 ἐιθυμήσεων,
977 1667 1071 1721 καὶ
1102 1667 1313 1733 οὐδενὸς
1339 1668 1543 1723 τούτων
1576 1670 1769 1724 δύναν-

189 1773 297 1810 ται
355 1757 727 1812 ἐπιλαθέσθαι.
783 1760 848 1812 ⁸⁸0
903 1759 961 1812 δὲ
1001 1759 1150 1828 λέγει
1208 1761 1268 1836 ἐν
1299 1761 1377 1830 τῷ
1409 1761 1632 1833 ψαλμῷ·
1673 1765 1767 1816 Ἐν

188 1847 409 1918 ἐκείνη
447 1846 524 1917 τῇ
551 1847 740 1917 ἡμέρᾳ
765 1849 1132 1916 ἀπολοῦνται
1162 1851 1216 1903 οὶ
1250 1849 1618 1920 διαλογισμοὶ
1653 1853 1766 1907 af:-

189 1938 344 2003 τῶν,
382 1939 511 2002 τοὺς
559 1939 942 2010 διαλογισμοίξς
991 1939 1136 2009 λέγει
1181 1939 1276 1994 τοῦ
1323 1942 1516 2008 αἰῶνος
1555 1944 1762 1999 τούτου.

1874 874 2000 914 nam
2025 875 2303 932 superare.
2336 883 2356 917 ι
2384 864 2605 921 Accedit
2623 876 2883 938 praeterea
2927 885 3086 927 casus
3115 871 3199 927 sui
3253 872 3430 939 dolor,

1873 951 2221 1009 conscientia?
2244 970 2462 1011 morsus
2479 966 2533 1012 et
2581 959 2842 1014 memoria
2888 962 3228 1017 amarissima
3263 964 3432 1018 male-

1875 1042 2162 1107 factorum,
2188 1062 2308 1116 qua:
2323 1046 2507 1101 omnia
2539 1048 2758 1104 duriora
2786 1060 2916 1105 sunt
2953 1053 3232 1106 tormentis
3271 1053 3432 1107 innu-

1872 1136 2038 1190 meris
2066 1145 2122 1190 et
2147 1138 2616 1196 inenarrabilibus.
2639 1140 2891 1196 Omnium
2919 1141 3063 1196 enim
3110 1143 3428 1197 memoriam

1872 1229 2070 1284 habent
2098 1229 2220 1284 istic
2248 1231 2463 1296 animae,
2495 1247 2616 1301 quae
2637 1232 2689 1286 in
2724 1233 2835 1286 vita
2861 1233 2962 1288 hac
3025 1243 3424 1303 perpetrarunt,

1870 1331 1921 1374 et
1945 1334 2278 1386 sermonum,
2312 1322 2677 1387 etactionum,
2735 1331 2790 1377 et
2833 1323 3243 1386 desideriorum,
3295 1340 3426 1378 coni-

1873 1412 2353 1482 cupiscentiarum;
2385 1423 2442 1468 et
2489 1413 2684 1468 horum
2724 1415 2856 1470 nihil
2904 1426 3134 1484 possunt
3178 1417 3425 1470 oblivisci

1870 1517 2130 1571 unquam.
2159 1500 2314 1568 Quod
2345 1512 2524 1558 autem
2575 1504 2772 1558 dicitur
2810 1504 2863 1557 in
2910 1503 3128 1558 Psalmo
3163 1521 3177 1559 :
3213 1503 3277 1559 In
3328 1504 3424 1559 illa

1867 1590 1950 1644 die
1983 1593 2222 1660 peribunt
2256 1607 2432 1659 omnes
2469 1593 2812 1664 cogitationes
2851 1609 3029 1646 eorum
3061 1600 3084 1627 θ
3105 1609 3121 1659 ;
3144 1593 3424 1662 cogitatio-

1867 1697 1964 1736 nes
1989 1682 2236 1752 intelligit
2264 1682 2428 1750 hujus
2454 1684 2657 1744 seaculi,
2703 1683 2889 1753 quales
2937 1693 3064 1738 sunt
3115 1683 3420 1747 domorum,

1865 1775 2291 1845 possessionum,
2347 1776 2603 1841 filiorum,
2656 1776 3083 1846 propinquorum
3137 1784 3190 1830 et
3244 1776 3422 1829 omnis

1864 1866 2192 1919 commercii.
2226 1866 2350 1920 Haec
2380 1868 2562 1921 omnia
2603 1866 2692 1921 ubi
2713 1867 2842 1922 exiit
2879 1867 3062 1921 anima
3087 1881 3115 1919 a
3175 1879 3421 1934 corpore,

1866 1961 2135 2021 pereunt.
2199 1955 2342 2009 Nihil
2395 1957 2585 2011 horum
2641 1957 2872 2026 amplius
2921 1955 3286 2010 reminiscitur
3329 1963 3424 2009 aut

189 2023 354 2094 Οῒον,
381 2030 688 2102 οἰκοδομῆς,
715 2030 948 2102 χωρίων,
975 2032 1192 2098 γονέων,
1225 2031 1450 2095 τέκνων,
1476 2033 1658 2105 πάσης
1675 2036 1750 2088 δο-

1862 2051 2037 2097 curat.
2091 2042 2222 2109 Quae
2269 2053 2450 2100 autem
2507 2044 2634 2101 fecit
2685 2045 2770 2100 vel
2821 2045 3118 2101 secundum
3167 2045 3419 2099 virtutem

188 2119 488 2196 σοληψίας.
516 2119 702 2174 Ταῦτα
734 2121 849 2191 ἅμα
882 2121 960 2192 τῷ
994 2121 1352 2196 ἐξελθεῖνιτὴν
1373 2124 1550 2196 ψυχήν
1579 2127 1644 2180 ἐκ
1670 2128 1750 2179 τοί

1863 2137 1944 2190 vel
1977 2136 2332 2200 vilium,htec
2379 2140 2564 2192 omnia
2608 2139 2875 2204 meminit,
2934 2137 3177 2207 nihilque
3226 2137 3419 2190 horum

190 2209 454 2281 σώματος
487 2211 727 2279 ἀπόλλει,
763 2213 853 2267 καὶ
875 2214 1086 2278 οὐδενὸς
1117 2214 1319 2270 τούτων
1348 2216 1694 2286 μνημονεύει,
1727 2218 1750 2286 ἦ

1859 2228 2041 2302 perire
2070 2227 2169 2298 ipsi
2193 2235 2387 2298 potest.
2423 2226 2480 2281 Si
2510 2242 2616 2296 qua
2645 2229 2806 2281 etiam
2838 2228 2890 2282 in
2920 2242 2976 2282 re
3008 2227 3168 2281 alicui
3198 2226 3421 2296 prodes-

191 2303 502 2371 φροντίζει.
531 2305 597 2357 ‘A
621 2303 679 2358 δὲ
705 2303 925 2376 ἐποίησε
954 2308 1074 2360 κατ’
1099 2305 1319 2377 ἀρετὴν,
1345 2306 1380 2377 ή
1407 2307 1548 2362 κατὰ
1571 2308 1750 2374 πάθοςΙ

1861 2336 1920 2377 se
1946 2328 2230 2380 curarunt,
2260 2317 2345 2372 vel
2377 2317 2478 2386 ipsi
2507 2317 2576 2372 ab
2609 2317 2720 2371 ullo
2750 2317 3010 2373 beneflcio
3035 2316 3209 2371 afl‘ecti
3267 2327 3418 2382 sunt,

187 2392 407 2448 τούτων
436 2396 725 2466 μέμνηται,
751 2396 845 2450 καὶ
866 2396 1019 2450 οὐδὲν
1043 2397 1104 2464 ἐξ
1130 2397 1306 2451 αὐτῶν
1331 2398 1567 2455 manu.
1604 2400 1750 2455 Ἀλλᾶ

1858 2407 1963 2461 hoc
1991 2419 2202 2474 semper
2227 2403 2541 2457 meminere.
2567 2400 2724 2474 531
2761 2401 2890 2457 ltem
2918 2401 2962 2456 si
3021 2401 3106 2456 cui
3166 2400 3418 2470 injuriam

191 2485 297 2540 καὶ
320 2486 416 2540 ἐὰν
439 2484 692 2559 ὠφέλησε
718 2488 800 2550 τίς
816 2489 958 2554 τινὰ,
981 2489 1014 2559 ἢ
1045 2489 1204 2554 αὐτὸς
1228 2489 1478 2563 ὠφελήθη
1507 2493 1657 2562 παρά
1684 2511 1750 2548 τι·

1855 2499 2104 2564 intulere,
2138 2503 2232 2550 aut
2254 2495 2354 2565 ipsi
2387 2496 2455 2549 ab
2484 2495 2591 2550 alio
2643 2509 2914 2565 recepere,
2988 2503 3282 2563 utrumque
3331 2509 3419 2548 re-

191 2595 312 2641 vo;,
346 2579 432 2632 ἀεὶ
468 2578 737 2650 μέμνηται
773 2579 976 2634 καὶτοῦ
1003 2581 1372 2652 ὠφεληθέντος
1399 2584 1534 2653 παρ’
1569 2585 1750 2648 αὐτοῦ,

1855 2588 2290 2643 miniscunturet
2321 2585 2536 2653 sciunt;
2595 2584 2836 2656 nihilque
2873 2585 3116 2652 omnino,
3168 2594 3230 2641 ut
3284 2584 3417 2648 dixi,

189 2669 295 2724 καὶ
323 2669 418 2724 τοῦ
439 2668 820 2742 ὠφελήσαντος
846 2671 1026 2726 αὐτόν’
1056 2673 1255 2743 ὁμοίως
1276 2673 1476 2746 ἐόλάὸη
1506 2675 1655 2747 παρά
1681 2693 1750 2729 τι-

1855 2679 2028 2749 perdit
2056 2678 2235 2733 anima
2267 2691 2456 2732 eorum
2497 2691 2618 2747 qua:
2649 2676 2702 2730 iu
2744 2677 2849 2730 vita
2881 2675 2982 2730 hac
3011 2676 3093 2731 vel
3123 2676 3258 2730 bene
3278 2677 3418 2732 male

191 2780 310 2829 νος,
356 2763 389 2836 ἢ
443 2764 603 2828 αὐτὸς
642 2763 838 2834 ἐϐλαψὲ
885 2781 1026 2830 τινα,
1074 2766 1161 2818 ἀεὶ
1199 2765 1492 2837 μέμνηται,
1533 2768 1625 2822 καὶ
1664 2768 1750 2821 τοῦ

1856 2769 2040 2838 gessit.
2082 2767 2194 2822 lmu
2238 2767 2400 2821 etiam
2442 2765 2644 2821 clarius
2676 2766 3075 2836 dilucidiusque
3105 2777 3264 2821 exuta
3312 2765 3417 2822 hoc

194 2854 500 2926 βλάψαντος
551 2856 733 2919 αὐτὸν,
765 2857 860 2911 καὶ
887 2857 981 2910 τοῦ
1023 2856 1308 2927 βλαϐέντος
1334 2858 1426 2912 ὑπ’
1456 2859 1638 2913 αὑτοῦ·
1664 2862 1750 2914 καὶ

1862 2859 2100 2915 terrestri
2130 2873 2356 2922 corpore
2383 2857 2566 2912 omnia
2587 2857 2833 2927 percipit,
2858 2858 3122 2928 agnoscit,
3145 2859 3412 2929 intelligit.

191 2947 370 3010 οὐδὲν,
411 2947 592 3012 καθὼς
619 2941 792 3011 εἷπον,
817 2948 1034 3003 ἀπόλλει
1061 2952 1095 3020 ἡ
1121 2948 1265 3020 ψυχή
1289 2942 1363 3003 ὧν
1393 2950 1621 3021 ἔπραξεν
1653 2954 1710 3004 ἐν
1740 2952 1818 3024 τῷ
1840 2952 2030 3024 κόσμῳ
2047 2950 2240 3019 τούτῳ,
2262 2948 2397 3004 ἀλλὰ
2419 2948 2634 3002 πάντων
2657 2947 2926 3019 μέμνηται
2943 2948 3079 3019 μετὰ
3097 2947 3158 3002 τὸ
3183 2947 3418 3016 ἐξελθεῖν

192 3038 262 3094 ἐκ
302 3035 398 3091 τοῦ
466 3036 734 3109 σώματος’
775 3037 910 3092 ἀλλὰ
946 3039 1041 3093 καὶ
1075 3039 1155 3092 ἐτι
1182 3041 1541 3112 τρανοτέρως,
1583 3041 1666 3097 ἐτι
1695 3044 2041 3115 φανωτέρως,
2076 3041 2152 3104 ὡς
2178 3039 2552 3108 ἀπαλλαγεῖσα
2580 3038 2676 3092 τοῦ
2722 3039 2909 3110 γηῖνου
2928 3040 3116 3092 τούτου
3140 3037 3412 3110 σώματος.

266 3134 339 3185 Δ⁹.
373 3132 510 3186 Ποτὲ
560 3131 854 3204 ἐλαλοῦμεν
897 3133 1036 3204 μετά
1059 3150 1205 3198 τινος
1232 3134 1467 3206 μεγάλου
1502 3137 1750 3209 γέροντος

1919 3135 2005 3193 ιγ.
2050 3135 2429 3206 Loquebamur
2463 3134 2786 3205 quandoque
2824 3133 2892 3188 de
2930 3148 2989 3188 re
3021 3133 3122 3188 hac
3148 3147 3274 3188 cum
3326 3149 3415 3188 se-

193 3221 326 3291 περὶ
353 3220 561 3274 τούτου⁶
593 3222 687 3276 καὶ
702 3221 886 3289 ἔλεγεν
909 3222 1070 3287 αὐτὸς
1089 3225 1117 3276 ὁ
1136 3225 1330 3295 γέρων,
1362 3225 1442 3279 ὅτι
1464 3227 1750 3296 Μέμνηται

1850 3231 2003 3286 niore
2031 3230 2263 3299 quodam
2297 3227 2556 3292 maximo,
2587 3225 2874 3296 aiebatque
2903 3225 3032 3279 ille:
3075 3223 3250 3279 Exuto
3288 3239 3413 3279 cor-

190 3313 229 3384 ὴ
259 3312 404 3384 ψυχὴ
439 3312 575 3381 μετὰ
607 3313 668 3366 τὸ
700 3313 935 3378 ἐξελθεῖν
977 3315 1040 3368 ἐκ
1079 3313 1172 3368 τοῦ
1213 3313 1461 3386 σώματος
1507 3316 1599 3370 τοῦ
1647 3318 1752 3372 πά-

192 3402 322 3466 θους
346 3397 405 3459 οὗ
438 3403 732 3475 ἐνήργησε,
768 3404 862 3459 καὶ
894 3405 991 3476 τῆς
1015 3406 1306 3477 ἁμαρτίας,
1334 3407 1427 3460 καὶ
1456 3407 1550 3461 τοῦ
1580 3427 1750 3480 προσ-

191 3492 345 3546 ώπου
376 3492 495 3560 μεθ’
517 3490 576 3546 οὗ
601 3495 900 3566 ἐνήργησεν
936 3496 1124 3568 αὑτήν.
1171 3497 1310 3565 Ἐγὼ
1343 3497 1399 3551 δέ
1429 3499 1614 3567 ἔλεγον
1650 3501 1748 3552 αὐ-

189 3585 290 3657 τῷ·
328 3605 349 3638 ι
375 3585 525 3658 Τάχα
554 3588 652 3658 οὐχ
689 3586 883 3652 οὕτως,
909 3587 1025 3641 ἀλλ’
1052 3589 1182 3651 ἴσως
1211 3590 1310 3661 τὴν
1333 3589 1445 3656 ἕξιν
1469 3591 1567 3661 τὴν
1594 3609 1750 3660 γενο-

193 3677 363 3749 μένην
406 3678 542 3749 αὐτῇ
594 3680 658 3732 ἐκ
694 3679 792 3748 τῆς
826 3680 1080 3748 ἐργασίας
1112 3681 1210 3750 τῆς
1248 3681 1520 3752 ἁμαρτίας
1566 3683 1749 3752 μέλλει

187 3771 356 3841 ἔχειν,
385 3772 480 3825 καὶ
507 3771 675 3842 αὐτῆς
699 3773 990 3844 μέμνηται.
1028 3791 1046 3824 ι
1077 3773 1189 3826 Καὶ
1214 3774 1508 3844 ἐμείναμεν
1539 3777 1628 3828 ἐπὶ
1654 3793 1749 3829 πο-

187 3862 253 3916 λὺ
304 3861 731 3931 φιλονεικοῦντες
778 3865 906 3936 περὶ
945 3863 1039 3917 τοῦ
1073 3865 1230 3934 λόγου
1266 3865 1455 3918 τούτου
1504 3866 1747 3931 θέλοντες

188 3952 400 4025 μαθεῖν.
429 3955 540 4008 Kal.
569 3955 670 4008 οὐκ
689 3954 935 4010 ἐπείθετο
957 3958 986 4010 ὁ
1007 3957 1184 4026 γέρων
1208 3957 1401 4027 λέγων,
1423 3958 1506 4011 ὅτι
1533 3960 1625 4013 καὶ
1650 3960 1748 4012 αὒ-

182 4046 279 4099 τοῦ
326 4045 415 4100 τοῦ
464 4046 639 4110 εἴδους
677 4049 774 4118 τῆς
816 4048 1088 4120 ἁμαρτίας
1125 4047 1414 4121 μέμνηται,
1453 4051 1546 4103 καὶ
1581 4051 1744 4105 αὐτοῦ

183 4139 278 4192 τοῦ
315 4139 482 4194 τόπου
525 4140 620 4194 καὶ
657 4140 822 4194 αὐτοῦ
849 4141 944 4194 τοῦ
975 4141 1264 4213 προσώπου
1297 4145 1742 4215 συναμαρτήσαν·

181 4249 295 4290 τος.
329 4233 438 4285 Καὶ
467 4233 638 4296 ὅντως
669 4234 764 4289 ἐὰν
807 4232 978 4296 οὕτως
1024 4233 1192 4295 ἐστὶν,
1224 4233 1302 4287 ἔτι
1344 4233 1527 4288 πλεῖον
1569 4235 1744 4307 κάκην

183 4324 419 4396 ἐσχάτην
458 4323 670 4396 ἔχωμεν
714 4325 945 4388 ἑαυτοῖς.
988 4325 1088 4379 Διὰ
1121 4325 1276 4379 τοῦτο
1312 4327 1400 4379 ἀεὶ
1424 4326 1565 4395 λέγω
1593 4327 1740 4399 ὑμῖν,

182 4417 521 4472 σπουδάσατε
557 4418 820 4489 γεωργεῖν
863 4417 1061 4481 καλοὺς
1086 4418 1394 4488 λογισμοὺς,
1430 4419 1516 4472 ἶνα
1548 4419 1741 4484 αὐτοὺς

1849 3331 1980 3385 pore
2012 3317 2248 3371 animam
2285 3313 2558 3369 reminisci
2590 3313 2767 3367 omnis
2799 3312 3014 3366 virtutis
3037 3320 3092 3365 et
3119 3312 3234 3365 vitii
3266 3311 3412 3380 quod

1847 3399 2031 3464 vivens
2078 3408 2132 3463 in
2179 3422 2406 3477 corpore
2453 3414 2669 3476 Operala
2728 3415 2890 3467 esset,
2951 3418 3197 3474 personae
3246 3405 3409 3458 etiam

1847 3516 2078 3572 quacum
2120 3501 2208 3554 illa
2237 3507 2614 3569 perpotrasset.
2656 3497 2766 3566 Ego
2795 3511 2924 3550 vero
2953 3505 3136 3551 contra
3165 3495 3408 3550 dicebam

1847 3608 1954 3648 non
1981 3593 2054 3647 ita
2083 3607 2202 3648 esse
2225 3592 2465 3655 omnino,
2499 3591 2592 3645 sed
2624 3589 2853 3643 fortasse
2885 3589 3084 3642 habere
3111 3602 3230 3642 eam
3261 3587 3412 3641 habi-

1849 3693 1959 3737 tum
1988 3685 2214 3754 peccati,
2247 3665 2405 3752 quem
2442 3685 2495 3736 in
2531 3696 2589 3736 s.‘
2620 3686 2733 3750 ipsa
2760 3698 2823 3734 “ex
2861 3680 3126 3750 frequenti
3160 3690 3281 3734 actu
3318 3695 3408 3749 pe—

1847 3777 2094 3844 perisset,
2127 3785 2289 3845 atque
2325 3776 2484 3845 hujus
2510 3774 2842 3829 meminisse.
2883 3774 3079 3843 Sicque
3107 3773 3174 3827 de
3213 3787 3272 3826 re
3310 3772 3411 3826 hac

1847 3868 2052 3922 diutius
2103 3869 2244 3922 inter
2292 3883 2394 3922 nos
2437 3866 2834 3931 contendimus,
2888 3880 3010 3920 cum
3044 3873 3256 3933 optare-1
3305 3865 3408 3920 hoc

1847 3964 2020 4029 ipsum
2059 3971 2286 4030 uterque
2315 3970 2557 4014 nostrum
2595 3974 2694 4029 pro
2723 3968 2869 4012 certo
2900 3958 3058 4012 seire.
3092 3955 3208 4011 Ncn
3258 3967 3410 4027 pote-

1847 4063 1928 4108 rat
1960 4061 2140 4108 autem
2171 4054 2286 4108 seni
2320 4054 2421 4107 hoc
2464 4051 2796 4122 persuaderi,
2838 4050 3280 4120 persistehalque,
3323 4051 3408 4104 di-

1845 4158 1975 4198 cens
2000 4142 2145 4213 quod
2178 4143 2358 4196 anima
2393 4143 2556 4196 etiam
2601 4140 2772 4211 ipsius
2809 4141 3013 4208 peccati
3053 4139 3288 4208 speciem
3320 4155 3406 4192 re-

1844 4234 2243 4300 minisceretur,
2271 4249 2479 4289 necnon
2528 4248 2811 4303 personam
2841 4241 2896 4286 et
2927 4231 3104 4285 locum
3139 4229 3235 4285 ubi
3276 4243 3404 4300 pec-

1842 4335 2037 4381 casset.
2074 4325 2137 4379 Et
2164 4340 2296 4380 sane
2326 4325 2371 4379 si
2400 4325 2471 4377 ita
2501 4333 2602 4387 est,
2629 4323 2791 4378 etiam
2821 4323 3005 4392 pejora
3030 4329 3192 4375 erunt
3221 4319 3402 4375 novis-

1843 4421 1976 4474 sima
2007 4427 2190 4472 nostra
2215 4433 2377 4487 quam
2413 4415 2680 4478 dicebam,
2715 4415 2818 4471 nisi
2863 4415 3020 4468 nobis
3051 4414 3182 4483 ipsis
3224 4421 3402 4467 atten-

180 4505 380 4578 εὕρητε
407 4509 540 4562 ἐκεῖ.
565 4507 635 4562 El’
655 4525 710 4562 τι
741 4507 849 4578 γὰρ
873 4507 986 4580 ἐχει
1021 4527 1104 4573 τις
1139 4502 1263 4575 ὦδε,
1295 4509 1426 4564 αὐτὸ
1458 4509 1737 4582 ἐξέρχεται

1849 4513 2048 4566 damus.
2081 4508 2194 4564 llac
2221 4509 2286 4563 de
2325 4523 2490 4563 causa
2517 4524 2613 4562 vos
2637 4522 2848 4576 semper
2873 4507 3151 4572 adhortor,
3184 4505 3399 4568 fratres,

182 4598 302 4668 μετ’
320 4597 505 4664 αὐτοῦ,
533 4599 629 4654 καὶ
652 4598 781 4652 αὐτὸ
808 4597 992 4670 μέλλει
1018 4600 1159 4670 ἐχειν
1193 4602 1326 4656 ἐκεῖ.
1361 4601 1740 4672 Φροντίσωμεν

181 4690 444 4761 ρυσθῆναι
477 4692 586 4744 άπὸ
608 4691 707 4762 τῆς
729 4690 984 4762 τοιαύτης
1012 4692 1277 4763 ἀνάγκης,
1311 4692 1548 4761 ἀδελφοὶ,
1574 4709 1740 4746 σπου-

175 4781 448 4852 δάσωμεν,
493 4782 589 4836 καὶ
613 4783 642 4835 ὸ
678 4783 811 4846 Θεὸς
841 4785 982 4838 ποιεῖ
1009 4784 1126 4854 μεθ’
1157 4785 1314 4854 ήμῶν
1345 4785 1406 4838 τὸ
1431 4785 1596 4848 ἔλεος.
1627 4785 1737 4838 Αὑ-

174 4873 271 4937 τὺς
295 4873 402 4944 γάρ
437 4875 584 4928 ἐστιν
609 4875 642 4944 ή
670 4874 844 4939 ἐλπὶς
879 4874 1120 4929 πάντων
1146 4873 1263 4928 τῶν
1287 4875 1445 4943 παρὰ
1474 4875 1593 4929 τῶν
1625 4874 1739 4945 τῆς

171 4964 292 5036 τῆς
311 4965 549 5022 καὶτῶν
571 4967 642 5021 ἐν
663 4967 947 5036 θαλάσσῃ
965 4967 1220 5037 μακράν.
1249 4969 1312 5022 Ol
1345 4969 1424 5032 είς
1441 4969 1508 5022 τὰ
1527 4969 1739 5040 πέρατα

166 5057 277 5129 ’ἑῆς
315 5058 440 5130 γῆς,
465 5059 602 5113 είσὶν
627 5061 676 5112 οῖ
703 5060 762 5112 ἐν
791 5059 971 5133 τελεία
1000 5060 1186 5133 κακίᾳο
1228 5062 1277 5116 οἱ
1312 5061 1368 5114 δὲ
1398 5064 1457 5114 ἐν
1493 5061 1735 5135 θαλάσσῃ

168 5149 394 5221 πικράν
438 5151 596 5213 εἰσιν,
641 5151 690 5204 οῖ
738 5152 797 5205 ἐν
846 5151 1047 5223 ἐσχάτη
1089 5151 1347 5224 ἀγνωσία·
1392 5153 1486 5206 καὶ
1521 5153 1672 5224 ὅμως
1707 5157 1736 5208 ὁ

166 5239 404 5312 Χριστός
432 5244 578 5296 ἐστιν
615 5244 648 5313 ή
693 5243 847 5307 ἐλπὶς
881 5243 990 5297 τῶν
1017 5243 1292 5298 τοιούτων.
1323 5244 1498 5314 Χρεία
1537 5247 1735 5318 μικροῦ

167 5334 364 5401 κόπου,
417 5334 788 5406 κοπιάσωμεν,
842 5336 928 5388 ἵνα
975 5333 1301 5406 ἐλεηθῶμεν.
1349 5335 1479 5390 Ἐὰν
1515 5336 1612 5409 ἔχῃ
1650 5355 1735 5402 τις

173 5425 369 5500 amplcti
403 5426 500 5480 καὶ
529 5426 780 5498 ἀμελήσῃ
823 5427 987 5481 αὑτοῦ
1028 5427 1123 5480 καὶ
1167 5427 1439 5499 χερσωθῇ,
1471 5429 1568 5500 οὐχ
1611 5430 1734 5484 ὅσον

165 5510 366 5586 multa!
392 5516 580 5579 αὐτοῦ,
621 5516 872 5571 τοσοῦτον
909 5517 1171 5589 γεμοῦται
1207 5519 1454 5573 ἀκανθῶν
1489 5522 1582 5574 καὶ
1626 5538 1735 5591 τρι⁹

169 5605 371 5673 σόλωνς
401 5607 528 5660 ὅταν
554 5605 612 5660 δέ
631 5607 759 5678 ἔλθῃ
785 5608 864 5671 είς
889 5607 950 5660 τὸ
982 5607 1272 5678 καθαρίσαι
1301 5608 1451 5674 αὐτὸ,
1481 5609 1578 5679 οὐχ
1609 5609 1731 5664 ὅσον

167 5696 402 5767 γέμουσι
427 5697 648 5751 τοσοῦτο
667 5696 880 5768 ἔχουσιν
900 5699 1306 5771 αἱμορραγῆσαι
1338 5702 1393 5754 αί
1431 5705 1610 5775 χεῖρες
1633 5704 1728 5756 αὑ-

167 5787 287 5854 τοῦ,
315 5787 556 5854 θέλοντος
577 5790 888 5846 ἀνασπᾶσαι
917 5791 1014 5861 τὴν
1042 5793 1214 5863 κακὴν
1243 5793 1469 5864 βοτάνην
1493 5795 1724 5862 ἐκείνην,

238 5980 259 6007 ε
299 5966 442 6025 Psal.
479 5985 634 6035 CXLV,
669 5971 718 6026 ’t.
793 5971 818 6010 ει
854 5969 992 6026 l‘sal.
1026 5987 1149 6038 ur,
1179 5971 1227 6019 τ.

1840 4614 1898 4660 ιιι
1947 4603 2181 4673 optimas
2223 4601 2576 4672 cogitationes
2609 4614 2744 4670 quas
2784 4599 2906 4654 istic
2935 4597 3280 4669 postmodum
3315 4598 3401 4651 in-

1838 4694 2088 4761 veniatis,
2125 4693 2281 4749 vobis
2311 4691 2593 4746 excolatis.
2632 4689 2903 4760 Quidquid
2933 4689 3076 4744 enim
3119 4689 3207 4744 hic
3236 4691 3401 4742 homo

1837 4781 1939 4842 sibi
1969 4785 2260 4856 paraverit,
2295 4783 2421 4840 istic
2451 4797 2611 4838 omne
2655 4781 2856 4836 tenebit
2897 4795 3133 4850 semper,
3166 4789 3224 4835 et
3273 4796 3395 4835 cum

1835 4892 1902 4932 eo
1931 4876 2132 4947 pariter
2156 4873 2461 4945 egredietur
2490 4889 2555 4928 ex
2578 4868 2827 4942 corpore.
2850 4870 3117 4926 Curemus
3151 4871 3318 4941 igitur
3346 4881 3399 4924 ut

1835 4967 2170 5034 studeamus,
2191 4966 2406 5031 fratres,
2425 4965 2494 5019 ab
2520 4964 2623 5020 hac
2645 4965 2782 5018 dura
2810 4962 3129 5019 necessitate
3156 4963 3395 5024 liberari,

1832 5070 1886 5117 et
1899 5059 2051 5116 dabit
2062 5057 2222 5114 nobis
2239 5056 2381 5112 Deus
2396 5055 2823 5111 misericordiam
2839 5069 3016 5110 suam.
3030 5053 3146 5123 Ipse
3155 5055 3301 5108 enim
3316 5065 3399 5109 est

1833 5161 1893 5207 ut
1920 5152 1974 5206 in
2003 5151 2238 5217 Psalmo,
2274 5165 2387 5218 spes
2418 5150 2652 5203 omnium
2686 5148 2873 5219 ﬁnium
2897 5157 3050 5202 terra:
3083 5158 3134 5202 et
3171 5152 3226 5200 in
3259 5150 3397 5202 mari

1831 5239 1980 5311 longe
1994 5240 2043 5295 ἆ.
2061 5241 2316 5308 Qui,oro,
2337 5240 2534 5296 suntin
2553 5238 2747 5296 finibus
2763 5236 2950 5294 terrai?
2971 5236 3068 5293 Hei
3085 5238 3177 5308 qui
3199 5239 3254 5292 in
3272 5251 3395 5307 per-

1832 5333 1970 5388 fecta
2016 5333 2299 5403 iniquitate
2343 5333 2497 5387 sunt!
2553 5330 2656 5397 Qui
2711 5338 2888 5385 autent
2924 5330 2980 5386 in
3020 5329 3156 5384 mari
3199 5330 3396 5399 longe?

1829 5424 1923 5494 qui
1962 5425 2017 5480 in
2045 5435 2284 5480 extrema
2336 5423 2636 5496 ignorantia
2665 5432 2793 5478 sunt
2832 5440 2847 5477 :
2884 5435 2938 5478 et
2974 5432 3151 5478 tamen
3195 5422 3392 5476 borum

1829 5519 2070 5574 omnium
2101 5517 2354 5575 Christus
2383 5532 2506 5587 spes
2538 5525 2643 5573 est.
2680 5516 2796 5570 Non
2840 5515 3004 5586 igitur
3046 5531 3182 5586 opus
3232 5516 3394 5571 nobis

1828 5619 1912 5666 est
1937 5611 2105 5666 multo
2135 5610 2342 5666 labore.
2377 5609 2728 5665 Elaboremus
2753 5609 3045 5670 modicum,
3081 5614 3135 5661 et
3173 5609 3389 5663 miseri-

1828 5704 2068 5759 cordiam
2103 5705 2328 5759 multam
2359 5719 2777 5774 consequemur.
2814 5702 2867 5755 Si
2915 5702 3034 5772 quis
3061 5701 3243 5757 villam
3295 5701 3391 5754 hit-

1830 5795 1970 5861 heat,
2005 5806 2057 5851 ct
2089 5796 2363 5868 negligens
2396 5796 2540 5852 illam
2575 5800 2715 5853 sinat
2751 5795 3009 5849 incultam
3043 5791 3182 5853 fieri,
3214 5809 3389 5847 nonne
