4118 6542
114 587 224 649 libi)

1388 568 1768 630 DOCTRINA
1801 567 1975 627 XIII.

3170 561 3308 628 1766

112 697 192 751 καὶ
227 688 606 763 ὑπερηφανίας,
640 687 737 741 καὶ
766 685 833 738 ἐκ
870 680 966 737 τοῦ
1014 684 1088 754 μή
1118 680 1318 735 ειδέναι
1344 679 1445 749 τὴν
1503 678 1638 731 ίδίαν

1744 684 1937 738 strum,
1966 683 2021 729 et
2083 672 2324 728 laborem
2372 687 2589 729 omnem
2627 672 3109 744 subterfugiamus,
3143 687 3308 750 atque

109 786 419 848 κατάστασιν,
477 780 573 834 καὶ
601 780 665 832 ἐκ
700 777 796 831 τοῦ
849 776 1073 844 φεύγειν
1127 773 1220 825 τὸν
1288 772 1475 835 κόπον,
1531 787 1632 823 κα-

108 878 200 941 θὼς
228 871 364 929 εἷπον
398 872 449 927 οἱ
492 872 758 941 Πατέρες.
807 866 908 920 Διά
948 866 1106 919 τοῦτο
1129 864 1191 917 οὐ
1232 862 1630 935 προκόπτομεν,

107 970 176 1022 ὅτι
207 969 292 1022 οὐκ
330 962 677 1035 ἐπιστάμεθα
712 960 780 1015 τά
815 959 989 1031 μέτρα
1018 955 1249 1022 ἑαυτῶν,
1286 956 1407 1010 οὐδὲ
1440 953 1634 1025 ἔχομεν

108 1060 353 1131 ὑπομονὴν
407 1051 531 1125 ὲνῷ
578 1053 858 1125 ἀρχόμεθα
917 1051 1085 1123 ἔργῳ,
1117 1048 1255 1103 ἀλλά
1280 1047 1496 1109 ἀπόνως
1546 1045 1635 1099 θέο

105 1155 246 1224 λομεν
287 1151 456 1223 ἀρχὴν
483 1148 528 1181 ³⁸
554 1145 884 1217 κτήσασθαι.
917 1144 1018 1197 Διά
1040 1143 1096 1196 τί
1147 1142 1256 1211 γὰρ
1305 1138 1569 1206 ξενίζεται
1606 1140 1636 1191 ὁ

105 1244 326 1317 ἐμπαθὴς
375 1242 697 1313 ὀχλούμενος
724 1238 830 1292 ὑπὸ
854 1237 1058 1300 πάθους
1085 1252 1100 1302 ;
1130 1234 1229 1287 Διά
1287 1233 1341 1286 τί
1375 1232 1484 1302 γὰρ
1542 1248 1637 1286 τα·

106 1337 337 1406 ράσσεται
375 1334 676 1401 ἐνεργήσας
727 1328 889 1397 αὑτός
943 1328 1128 1396 Ἔχεις
1158 1324 1290 1380 αὐτὸ
1312 1324 1406 1378 καὶ
1433 1322 1635 1394 ταράσ-

103 1443 166 1498 an
193 1444 206 1492 ;
257 1427 385 1487 Τοὺς
409 1422 733 1497 ἀρραϐῶνας
768 1418 935 1474 αὐτοῦ
963 1418 1125 1488 ἔχεις,
1167 1417 1262 1472 καὶ
1316 1415 1515 1483 λέγεις,
1538 1413 1638 1467 Διά

100 1520 148 1573 τί
197 1518 330 1588 ὀχλεί
361 1533 452 1588 μοι
483 1513 739 1583 ςΜᾶλλον
786 1511 1101 1580 ὑπόμεινον,
1138 1504 1424 1576 ἀγώνισαι,
1464 1522 1638 1575 παρα-

99 1608 306 1661 κάλεσον
350 1606 441 1658 τὺν
462 1604 616 1657 Θεόν.
678 1600 964 1654 Ἀδύνατον
988 1598 1095 1669 γάρ
1125 1598 1240 1651 ἐστι
1267 1595 1342 1667 μὴ
1372 1594 1515 1666 ἔχειν
1536 1594 1634 1665 τὴν

98 1699 263 1769 θλίψιν
306 1698 414 1752 τῶν
446 1696 654 1759 παθῶν,
685 1693 777 1747 τὸν
832 1692 1138 1763 ἐμπεσόντα
1200 1691 1280 1751 εἰς
1340 1688 1438 1758 τὴν
1491 1688 1639 1757 ἐνέρ-

95 1808 237 1860 γειαν
282 1788 476 1843 αὐτῶν.
510 1788 591 1841 Τά
640 1784 807 1855 σκεύη
835 1782 1035 1844 αὐτῶν,
1089 1779 1165 1843 ὡς
1192 1774 1342 1832 εἶπεν
1389 1778 1420 1829 ὁ
1466 1775 1640 1838 assa;

96 1882 289 1952 Σισώης
337 1879 546 1933 ἔνδοθέν
580 1876 673 1930 σού
734 1878 874 1928 είσι·
931 1872 1020 1936 δὸς
1086 1872 1267 1934 αὐτοῖς
1319 1869 1412 1922 τὸν
1468 1869 1639 1938 appa-

95 1972 234 2026 ὁῶνα
284 1971 479 2036 αὖτῶν,
546 1968 643 2023 καὶ
689 1966 979 2034 ὑπάγουσι.
1034 1963 1116 2016 Ta
1170 1962 1336 2031 σκεύη
1395 1957 1515 2013 εἷπε
1573 1959 1641 2012 ra

1740 767 1867 823 hinc
1896 766 1954 822 fit
1983 768 2084 839 (ut
2141 764 2331 822 Patres
2354 767 2527 823 nostri
2583 771 2891 839 senserunt)
2923 778 2982 825 ut
3024 785 3305 841 nunquam

1738 859 2107 931 proﬁciamus,
2131 859 2261 930 quia
2320 868 2496 915 metas
2541 869 2760 916 nostras
2798 862 3133 933 ignoramus,
3178 867 3307 935 quia

1740 954 1795 1009 in
1830 954 2022 1019 coeptis
2074 951 2334 1022 operibus
2386 966 2495 1006 non
2548 968 2983 1024 perseveramus,
3014 957 3142 1029 quia
3188 960 3308 1014 sine

1740 1045 1926 1100 labore
1961 1060 2151 1116 parare
2183 1045 2439 1100 virtutem
2483 1048 2779 1104 credimus.
2815 1046 2994 1115 Quare
3043 1052 3186 1106 enim
3221 1053 3307 1106 vi-

1742 1140 1917 1193 tiosus
1939 1141 2168 1194 miretur
2206 1140 2565 1196 conturbatus
2603 1157 2633 1195 a
2673 1156 2774 1196 suo
2798 1142 2972 1197 vitio?
3015 1141 3191 1208 Quare
3220 1144 3307 1199 af»

1741 1228 1979 1298 ﬂigatur,
2006 1230 2134 1285 dum
2173 1231 2305 1287 illud
2327 1240 2584 1301 operatur
2607 1232 2630 1284 ?
2650 1231 2705 1286 id
2726 1234 2780 1286 in
2807 1243 2858 1288 te
2888 1233 3075 1301 habes,
3104 1244 3159 1289 et
3187 1244 3306 1289 tur-

1742 1321 2192 1391 baris?Pignora
2246 1322 2367 1392 ejus
2404 1332 2578 1388 tenes,
2613 1332 2665 1378 ct
2722 1324 2897 1381 dicl's:
2930 1326 3111 1393 Quare
3174 1329 3307 1383 mihi

1742 1414 1933 1470 turbas
1957 1413 2088 1470 facit
2108 1417 2132 1469 ?
2153 1414 2367 1482 Patere,
2387 1417 2617 1484 sustine,
2648 1426 2826 1481 certa,
2861 1418 3027 1474 Deum
3064 1437 3181 1477 ora.
3201 1421 3309 1475 lm—

1743 1508 1997 1578 possibile
2019 1509 2162 1564 enim
2189 1518 2274 1564 est
2299 1525 2407 1564 non
2435 1509 2633 1565 habere
2656 1526 2780 1565 eum
2812 1512 3157 1569 alllictionem
3179 1531 3306 1585 pas-

1743 1600 1911 1657 sionis
1932 1611 1985 1657 et
2011 1601 2150 1665 vitii,
2191 1602 2284 1671 qui
2317 1601 2448 1656 illud
2478 1603 2545 1656 ad
2580 1610 2763 1657 actum
2805 1603 3138 1674 perduxerit.
3166 1604 3307 1660 Vasa

1746 1692 1916 1763 ipsius
1943 1695 2025 1763 (ut
2048 1694 2226 1749 aiebat
2264 1694 2433 1750 abbas
2471 1692 2679 1765 Sisoes)
2709 1696 2849 1750 intra
2880 1707 2932 1752 te
2969 1709 3117 1765 sunt,
3146 1698 3214 1753 da
3241 1700 3309 1753 il-

1744 1786 1811 1842 lis
1841 1788 2032 1857 pignus
2061 1802 2244 1851 suum,
2266 1786 2430 1859 436
2455 1797 2509 1843 et
2532 1788 2776 1844 abibunt.
2818 1788 2958 1845 Vasa
2988 1792 3122 1846 dicit
3173 1808 3273 1846 cau
3302 1823 3311 1832 ε

1745 1894 1857 1942 sas,
1880 1894 2017 1949 quas
2041 1894 2164 1934 cum
2216 1880 2494 1949 diligimus
2533 1891 2698 1951 atque
2736 1897 3046 1952 Oper-amur,
3103 1885 3308 1954 impos-

1746 1970 1903 2025 sibile
1937 1977 2020 2025 est
2061 1984 2171 2023 non
2226 1969 2485 2039 captivari
2517 1985 2619 2025 nos
2667 1986 2699 2025 a
2730 1971 2939 2028 vitiOsis
2971 1974 3311 2043 cogitationi-

92 2061 383 2131 αίτια.⁹Εφ’
426 2062 551 2115 ὅσον
603 2054 697 2113 οὖν
739 2055 909 2110 ταῦτα
946 2054 1311 2125 ἠγαπήσαμεν
1354 2051 1449 2105 καὶ
1485 2053 1643 2121 ἐνηρ-

1744 2061 1863 2124 bus,
1898 2075 2018 2129 qua:
2052 2060 2393 2128 postmodum
2443 2075 2543 2115 nos
2595 2070 2797 2129 cogunt
2852 2065 3014 2117 etiam
3060 2065 3308 2121 nolentes

91 2155 344 2225 γήσαμεν,
395 2151 456 2205 οὐ
515 2148 737 2205 δυνατὸν
811 2147 890 2219 μὴ
946 2142 1442 2217 αἱχμαλωτίζεσθαι
1491 2143 1640 2213 ἡμᾶς

90 2245 212 2301 ὑπὸ.
242 2244 347 2297 τῶν
378 2240 642 2313 ὲμπαθῶν
677 2239 975 2310 λογισμῶν,
1029 2235 1432 2307 ἐκϐιαζομένων
1485 2233 1640 2304 ἡμῶν

91 2339 185 2393 καὶ
211 2338 283 2408 μὴ
311 2334 560 2396 θέλοντας
606 2330 902 2403 ἐνεργῆσαι
953 2328 1023 2383 τὰ
1042 2327 1191 2399 πάθη
1218 2343 1233 2357 ·
1269 2325 1456 2397 ἐπειδὴ
1490 2325 1640 2378 ἐκόν-

88 2448 179 2495 τες
213 2427 432 2491 ἑαυτοὺς
474 2423 864 2497 προεδώκαμεν
920 2422 1000 2485 είς
1033 2420 1132 2484 τάς
1203 2421 1389 2489 χεῖρας
1439 2416 1637 2471 αὐτῶν.

87 2519 256 2577 Τοῦτό
280 2522 425 2573 ἐστιν
454 2517 485 2571 ὃ
534 2515 733 2585 λέγειὸ
777 2514 1064 2585 προφήτης
1122 2510 1219 2583 τὴν
1255 2507 1349 2563 τοῦ
1406 2506 1643 2579 Ἐφραῖμ

86 2611 185 2668 τοῦ
220 2606 818 2671 καταδυναστεύσαντος
844 2605 936 2659 τὸν
963 2603 1233 2658 ἀντίδικον
1280 2600 1445 2657 αὐτοῦ
1468 2618 1483 2633 ·
1523 2600 1645 2654 τοῦ·

86 2705 157 2758 τό
198 2706 309 2757 ἐστι
342 2702 441 2774 τὴν
471 2700 605 2755 ίδίαν
639 2698 958 2769 συνείδησιν,
1010 2696 1107 2751 καὶ
1165 2695 1646 2766 καταπατήσαντος

86 2794 290 2865 κρίσιν,
342 2792 424 2845 ὅτι
479 2788 743 2861 ιζήτησεν
787 2786 1083 2856 Αἴγυπτον,
1114 2785 1210 2837 καὶ
1240 2782 1329 2856 βίᾳ
1360 2784 1564 2854 ἐλήφθη
1591 2784 1650 2835 ὲν

101 2884 425 2954 Ἀσσυρίοις.
452 2884 724 2952 Αἴγυπτον
751 2879 1000 2949 λέγουσιν
1024 2879 1075 2931 οἱ
1114 2877 1327 2948 Πάτρες
1353 2876 1415 2931 τὸ
1440 2875 1647 2946 θέλημα

1743 2152 1956 2220 operari
1993 2151 2146 2216 vitia,
2174 2167 2237 2205 ex
2271 2167 2379 2221 quo
2408 2155 2648 2208 volentes
2669 2153 2775 2207 illis
2811 2154 3061 2210 dedimus
3085 2171 3300 2211 manus.

1745 2243 1809 2296 Et
1842 2242 1946 2297 hoc
1972 2253 2053 2297 est
2077 2244 2218 2313 quod
2262 2246 2339 2297 ait
2378 2246 2638 2315 propheta
2684 2248 2751 2301 de
2810 2246 3063 2317 Ephraim
3100 2265 3307 2319 praeva-

1744 2325 1887 2381 lente
1915 2326 1969 2379 in
1998 2326 2367 2381 adversarium
2399 2343 2557 2382 suum
2592 2337 2643 2393 ο,
2676 2330 2779 2384 hoc
2822 2342 2904 2384 est
2929 2332 2983 2385 in
3031 2347 3306 2402 propriam

1746 2417 2150 2484 conscientiam,
2185 2430 2238 2472 et
2282 2419 2637 2474 conculcante
2686 2420 3003 2489 judicium;
3050 2425 3308 2493 quoniam

1746 2507 2331 2582 quaesivitA‘Igyptum,
2366 2521 2420 2567 et
2448 2511 2501 2566 vi
2527 2512 2897 2582 deprehensus
2941 2525 3024 2570 est
3060 2516 3114 2572 in
3138 2517 3303 2589 Assy—

1748 2600 1868 2655 riis.
1898 2598 2188 2670 IEgyptum
2207 2600 2628 2671 interpretantur
2650 2605 2835 2660 Patres
2863 2608 3133 2662 carnalem
3157 2610 3313 2679 quic-

1750 2700 1856 2746 tem
1887 2701 1941 2746 et
1954 2691 2146 2758 otium,
2177 2707 2241 2747 ac
2266 2707 2485 2748 sensum
2513 2694 2882 2752 libidinosum.
2913 2696 3165 2770 Assyrios
3210 2717 3311 2756 au—

1754 2791 1859 2837 tem
1886 2792 2081 2839 vocant
2125 2785 2345 2839 vitiosas
2390 2795 2444 2839 et
2493 2786 2736 2856 impuras
2774 2791 3150 2860 cogitationes,
3188 2810 3311 2863 qua:

1751 2884 1985 2930 mentem
2017 2883 2260 2930 nostram
2294 2875 2635 2932 confundunt
2663 2889 2716 2934 et
2759 2882 2996 2948 turbant,
3018 2895 3070 2937 et
3102 2885 3314 2955 replent

80 2972 153 3027 τὸ
203 2972 459 3044 σαρκικὸν
513 2972 574 3025 τὸ
620 2970 801 3024 κλίνον
839 2969 984 3040 ἡμᾶς
1034 2968 1113 3030 είς
1177 2964 1275 3036 τὴν
1331 2966 1645 3034 σωματικὴν

1748 2980 1869 3021 eam
1913 2965 2073 3022 idolis
2122 2966 2452 3033 immundis,
2482 2969 2761 3027 trahentes
2822 2972 2874 3026 vi
2897 2972 3061 3027 etiam
3126 2974 3313 3030 nolen-

78 3064 410 3131 ἀνάπαυσιν,
443 3063 538 3117 κα)⁸
572 3062 820 3117 διδάσκον
882 3055 1020 3114 εῖναι
1068 3055 1510 3128 ἡδυπαθειιτερον
1552 3055 1644 3107 τὸν

1748 3066 1854 3111 tem
1879 3059 1946 3111 ad
1971 3058 2235 3113 actionem
2261 3060 2464 3129 peccati
2498 3061 2594 3134 (1).
2709 3053 2717 3062 ’

79 3153 214 3209 νοῦν
244 3171 259 3185 ·
299 3156 612 3227 Ἀσσυρίους
680 3154 758 3216 δὲ,
844 3153 970 3214 τοὺς
1016 3149 1281 3222 ἐμπαθεῖς
1329 3146 1643 3217 λογισμοὺς,
1681 3148 1803 3208 τοὺς
1839 3148 2121 3213 θολοῦντας
2173 3152 2268 3205 καὶ
2315 3152 2644 3223 συγχέοντας
2692 3155 2784 3208 τὸν
2848 3156 2972 3210 νοῦν
3036 3161 3131 3212 καὶ
3174 3159 3313 3229 πλη-

77 3248 318 3323 ροῦντας
363 3249 525 3303 αὐτὸν
557 3246 791 3303 εἰδώλων
845 3247 1186 3316 ἀκαθάρτων,
1245 3244 1341 3297 καὶ
1396 3243 1654 3313 φέροντας
1689 3242 1849 3297 αὑτὸν
1917 3243 2010 3315 βίᾳ
2060 3245 2264 3317 καὶμὴ
2321 3246 2658 3319 βουλόμενον,
2692 3250 2773 3314 είς
2831 3249 2933 3322 τὴν
2980 3255 3100 3307 κατ’
3165 3255 3317 3326 ἐνέρ-

72 3357 245 3406 γειαν
302 3339 593 3412 ἁμαρτίαν.

161 3436 241 3489 Ε’.
311 3434 438 3487 Ἐἀν
483 3427 577 3485 οὖν
629 3429 769 3485 ἑκὼν
819 3427 960 3499 ὲκδῷ
1025 3444 1109 3492 τις
1162 3426 1353 3481 ἑαυτὸν
1409 3426 1475 3496 τῇ
1512 3423 1645 3494 ἡδυ-

1828 3420 1889 3477 ν.
1918 3420 2055 3476 Cum
2083 3420 2247 3489 igitur
2280 3421 2405 3491 quis
2443 3437 2563 3477 sese
2600 3422 2865 3478 dediderit
2885 3424 3093 3481 libidini
3122 3442 3317 3500 corpo-

72 3525 293 3597 παθοίᾳ
332 3523 427 3578 τοῦ
476 3522 747 3592 σώματος,
786 3520 1154 3589 ἀναγκάζεται
1209 3518 1306 3570 καὶ
1353 3515 1427 3586 μὴ
1482 3514 1645 3567 θέλων

1750 3513 1846 3578 ris,
1864 3513 2077 3581 cogitur
2097 3512 2288 3567 nolens
2307 3512 2467 3593 etiam
2492 3513 2633 3568 trahi
2656 3512 2710 3568 in
2729 3512 2984 3587 Assyrios
2998 3517 3063 3571 ad
3075 3519 3321 3574 servien-

71 3615 327 3687 ἀχθῆναι
357 3615 437 3676 είς
487 3612 799 3682 Ἀσσυρίους
833 3610 954 3681 βία,
986 3609 1080 3663 καὶ¹
1111 3606 1392 3662 δουλεῦσαι
1431 3604 1509 3674 τῷ
1537 3604 1645 3656 Να-

1751 3605 1878 3659 dum
1918 3602 2432 3659 Nabuchodonosor.
2467 3603 2621 3671 Quod
2658 3605 2919 3675 propheta
2958 3622 3312 3677 cognoscens,

67 3707 495 3778 6ουχοδονὸσορ.
529 3704 702 3758 Τοῦτο
740 3702 892 3765 είδὼς
953 3704 983 3755 ὁ
1046 3701 1329 3772 προφήτης
1364 3698 1645 3751 διεπονείτι

1753 3697 2084 3767 aﬂligebatur
2131 3695 2425 3751 admodum
2459 3705 2514 3751 et
2555 3698 2766 3753 dicebat
2787 3698 2869 3754 eis
2906 3700 3028 3754 :Ne
3082 3705 3316 3773 pergulis

66 3803 185 3857 καὶ
217 3802 404 3869 ἔλεγεν
448 3799 628 3860 αὐτοῖς
653 3813 669 3829 ο
707 3795 805 3864 Μὴ
845 3795 1170 3861 κατέλθητε
1202 3795 1289 3858 εις
1325 3790 1641 3859 Αιγυπτον·

1753 3789 1810 3842 in
1838 3787 2127 3858 Egyptum
2159 3797 2206 3841 Ρ.
2240 3785 2380 3853 Quid
2411 3786 2553 3843 enim
2585 3785 2784 3855 facitis,
2809 3788 3016 3856 miseri,
3056 3790 3313 3848 humilia-

60 3894 140 3948 τί
188 3894 418 3956 ποιεῖτε,
462 3887 656 3952 ἄθλιοι,
712 3884 1082 3956 ταπεινώθητε
1141 3883 1333 3955 μικρόν
1356 3898 1370 3912 ·
1441 3879 1645 3934 κλίνατε

1755 3879 1884 3934 mini
1905 3892 2213 3949 parumper,
2254 3876 2509 3932 inclinate
2537 3877 2789 3934 humeros
2818 3889 3029 3935 vestros
3072 3890 3127 3937 et
3149 3898 3317 3953 Opera

59 3987 182 4039 τὸν
232 3977 385 4054 ὦμον
416 3979 570 4052 ὑμῶν
616 3977 711 4032 καὶ
740 3975 1048 4048 ὲργάσασθε
1088 3974 1169 4045 τῷ
1230 3971 1438 4045 βασιλεῖ
1477 3968 1645 4024 Βαϐυ-

1754 3979 1931 4026 vestra
1962 3978 2214 4040 praestate
2241 3969 2352 4038 regi
2379 3966 2690 4040 Babylonis,
2716 3969 2900 4026 sedete
2939 3971 2994 4025 in
3043 3981 3188 4028 terra
3218 3990 3316 4044 pa-

57 4070 287 4136 λῶνος,
338 4068 435 4123 καὶ
482 4065 743 4120 καθίσατε
802 4064 895 4117 επὶ
944 4065 1046 4135 τῆς
1090 4062 1192 4132 γῆς
1243 4060 1351 4113 τῶν
1411 4059 1658 4130 πατέρων

58 4162 273 4234 ὑμῶν.
331 4160 499 4215 Πάλιν
529 4158 786 4228 διεγείρει
829 4156 1028 4219 αὐτοὺς
1089 4154 1262 4222 λέγων
1290 4168 1307 4185 ·
1331 4151 1429 4219 Μὴ
1477 4152 1645 4221 φοϐη-

1758 4154 1849 4209 lite
1874 4156 2054 4208 timere
2092 4170 2125 4207 a
2157 4148 2297 4223 facis
2315 4153 2450 4221 ejus,
2482 4154 2729 4224 quoniam
2754 4154 3023 4210 nobiscum
3042 4166 3119 4211 est
3150 4157 3317 4227 Deus,

54 4252 244 4322 θῆτε
303 4248 424 4304 ἀπὸ
466 4244 790 4318 προσώπου
841 4242 1047 4309 αὑτοῦ,
1099 4240 1189 4295 ὅτι
1214 4241 1341 4311 μεθ’
1361 4237 1530 4310 ἡμῶν
1560 4239 1645 4291 ἐσ·

1754 4257 1935 4315 potens
1964 4247 2185 4302 liberare
2210 4262 2301 4299 nos
2336 4245 2400 4300 de
2436 4262 2596 4299 manu
2625 4244 2737 4315 ejus
2757 4256 2807 4304 ς.
2846 4247 3047 4304 Deinde
3076 4252 3320 4320 praedicit

50 4361 188 4402 τιν
234 4344 272 4398 ό
303 4341 449 4405 Θεὸς
480 4338 591 4394 τοῦ
634 4335 946 4403 ἐξελέσθαι
975 4331 1130 4403 ἡμᾶς
1167 4332 1237 4387 ἐκ
1287 4329 1407 4385 τῶν
1451 4328 1645 4399 χειρῶν

1757 4342 1838 4397 eis
1887 4340 2124 4399 futuram
2180 4338 2546 4406 amictiouem,
2579 4340 2682 4396 nisi
2722 4341 2833 4396 Deo
2886 4344 3188 4412 paruerint.
3258 4346 3317 4401 Si

46 4433 307 4496 αὐτοῦ.
343 4428 477 4487 Εἶτα
512 4430 766 4503 προλέγει
814 4428 909 4482 καὶ
954 4427 1054 4497 τὴν
1080 4424 1448 4496 ἐπερχομένην
1483 4424 1645 4483 αὐτοῖι,

1759 4435 1924 4500 enim,
1947 4432 2137 4501 inquit,
2179 4431 2530 4502 perrexeritis
2558 4430 2615 4484 in
2662 4428 2973 4501 Egyptum,
2999 4434 3151 4489 eritis
3191 4450 3317 4490 cum

46 4527 307 4597 θλίψιν,
361 4524 457 4579 ἐὰν
490 4522 826 4591 ἀπειθήσωσι
851 4517 931 4590 τῷ
959 4517 1099 4588 Θεῷ.
1142 4516 1268 4570 Ἐἀν
1309 4516 1439 4587 γὰρ,
1477 4514 1645 4584 φησιν

1760 4538 1828 4579 eo
1857 4538 1955 4578 ceu
1984 4523 2190 4577 invium
2219 4522 2509 4592 quoddam,
2537 4529 2591 4576 et
2629 4523 2785 4577 eritis
2817 4524 2984 4587 servi.
3016 4536 3070 4579 et
3101 4527 3155 4581 in
3196 4543 3318 4582 ma-

41 4618 385 4689 εισέλθῃτε
430 4616 511 4677 εἰς
562 4612 855 4681 Αιγυπτον,
935 4608 1122 4662 ἔσεσθε
1165 4611 1244 4672 εἰς
1300 4607 1519 4669 ἄϐατον,
1572 4605 1645 4658 κα¹

1762 4616 2105 4671 ledictiouem
2142 4621 2198 4668 et
2236 4611 2609 4669 confusionem
2634 4623 2688 4668 et
2728 4615 3080 4684 opprobrium
3110 4627 3154 4672 τ.
3211 4616 3320 4673 Re-

44 4707 430 4777 ὑποχείριοι,
483 4705 577 4757 καὶ
614 4705 693 4763 είς
738 4702 899 4773 ἀρὰν,
929 4700 1024 4754 καὶ
1050 4700 1129 4762 είς
1186 4697 1507 4767 ὀνειδισμόν.
1554 4696 1645 4749 Κα⁴

1765 4707 2207 4779 sponderuntque
2246 4704 2489 4761 infelices
2516 4715 2571 4761 et
2611 4708 2798 4779 miseri
2830 4725 2845 4761 :
2877 4706 2999 4761 Non
3026 4709 3319 4765 sedebimus

36 4776 357 4869 λέγουσιν
387 4796 535 4866 αὐτῷ
571 4796 810 4850 κάκεῖνοι
832 4810 847 4825 ·
885 4794 968 4848 Οὐ
988 4792 1074 4861 μὴ
1115 4792 1450 4859 καθίσωμεν
1492 4788 1562 4841 ἐν
1589 4786 1645 4855 ti

1766 4776 1819 4854 5.}
1834 4810 1973 4854 terra
1991 4776 2213 4866 hac,sed
2237 4795 2588 4867 ingrediantur
2601 4776 2890 4869 Egyptian:
2908 4815 2927 4853 :
2947 4809 2996 4853 et
3020 4816 3121 4854 non
3134 4802 3323 4856 videbi-

34 4894 163 4967 τῇ
192 4891 413 4958 ταύτῃ,
432 4888 521 4942 ὅτι
538 4890 626 4953 είς
640 4887 943 4956 Αἴγυπτον
966 4882 1448 4951 εὶσελευσόμεθα,
1473 4881 1570 4934 καί
1594 4882 1645 4932 οι

1762 4909 1878 4947 mus
1900 4891 2109 4957 bellum,
2125 4907 2283 4962 neque
2298 4891 2524 4944 sonitum
2552 4889 2691 4945 tuba:
2706 4892 2977 4945 audiemus
3000 4908 3019 4947 :
3036 4902 3084 4947 et
3100 4894 3155 4946 in
3168 4895 3322 4963 pani-

18 4986 164 5061 μὴ
220 4981 447 5051 ἴδωμεν
492 4980 775 5049 πόλεμον,
813 4977 913 5032 καί
956 4974 1161 5047 φωνῆς
1190 4974 1521 5044 σάλπιγγος
1557 4975 1645 5026 οὐκ

1765 4985 1858 5039 bus
1884 5000 1984 5037 non
2005 4984 2288 5037 esuriamus
2308 4992 2353 5035 ι.
2388 4980 2623 5037 Profecti
2668 4981 2832 5052 igitur
2873 4992 3022 5051 sunt,
3054 4992 3110 5038 et
3132 4992 3326 5055 sponte

25 5074 483 5141 ἀκούσωμεν,
503 5072 603 5125 καί
617 5069 898 5140 ὲνδρτοις
918 5070 991 5124 οὐ
1002 5066 1088 5138 μὴ
1110 5066 1501 5135 πεινάσωμεν.
1521 5065 1642 5117 Κατ

1764 5076 2032 5133 Pharaoni
2067 5076 2387 5132 servierunt.
2412 5072 2568 5129 Haud
2588 5088 2717 5129 vero
2742 5075 2912 5130 multo
2931 5084 3050 5145 post
3078 5076 3324 5129 nolentes

30 5169 273 5245 ἦλθον
313 5164 410 5220 οὖν
446 5167 562 5230 καὶ,
604 5165 880 5218 ἐδούλευον
912 5164 1130 5227 ἑκόντες
1164 5159 1243 5231 τῷ
1286 5156 1504 5228 Φαραώ.
1538 5152 1645 5212 Eis:

1767 5168 1926 5225 tracti
1952 5177 2081 5225 sunt
2107 5169 2160 5225 in
2187 5166 2473 5237 Assyrios:
2502 5174 2558 5222 et
2590 5165 2722 5236 ipsis
2764 5166 2964 5237 pariter
2996 5167 3321 5222 servierunt.

24 5263 362 5343 ἧχθῃσαν
417 5258 508 5331 βίᾳ
530 5260 609 5321 είς
642 5256 982 5327 Ἀσσυρίους,
1007 5256 1105 5309 καὶ
1136 5253 1453 5307 ὲδούλενσαν
1482 5249 1667 5312 αὐτοῖς

19 5361 179 5419 καὶ
224 5353 310 5425 μὴ
364 5351 627 5413 θέλοντες.

1756 4071 1899 4116 trum
1938 4072 2263 4117 vestrorum.
2292 4061 2493 4115 lterum
2511 4061 2787 4117 excitabat
2813 4077 2912 4119 eos
2934 4064 3122 4121 dicens
3150 4083 3164 4121 :
3198 4066 3313 4121 No-

130 5524 173 5548 -
214 5511 372 5567 Osee
406 5526 459 5576 ν,
490 5509 580 5565 15.
651 5505 892 5563 Herem.
924 5518 1061 5570 XLII,
1097 5502 1185 5559 l9.
1255 5510 1285 5551 σι
1315 5498 1446 5561 ibid.
1476 5500 1565 5553 H.

1744 5494 1829 5551 uid.
1870 5493 1959 5561 ιε,
1993 5494 2063 5550 ιδ
2129 5502 2152 5532 ι
2188 5490 2321 5547 ibid.
2354 5491 2554 5559 15,”.

1361 5616 1597 5675 ἺΑΒΙΕ
1619 5613 2022 5673 LECTIONES.

124 5749 217 5793 ’⁸
265 5747 486 5817 ἀρετήν.

170 5859 259 5931 1)
291 5856 465 5931 caute
494 5856 612 5931 lege
636 5855 884 5931 utetiam
920 5852 1041 5931 aliis
1071 5851 1228 5931 locis,
1251 5848 1377 5931 ubi.
1395 5848 1469 5929 ita
1520 5846 1666 5917 loqui
1773 5854 1896 5901 actu
1928 5840 2319 5931 letalispcccati
2334 5837 2486 5897 adest
2507 5835 2651 5892 actio
2673 5830 2964 5890 voluntatis
2987 5824 3329 5900 pleaeliben

5 5922 281 6002 .oiei,
327 5927 517 6003 forsan
549 5922 936 6003 hyperbolice
960 5924 1029 6003 de
1079 5922 1415 6003 vehementia
1436 5922 1670 5999 impura;
1772 5932 1825 5970 ea.
1863 5922 1944 5972 sui
1967 5922 2127 5985 juris.

5 5991 471 6077 agitationis
489 6004 583 6053 aut
612 5991 801 6053 Vitiosi
850 5992 1107 6049 habitus:
1149 5991 1388 6060 alioquin
1435 5991 1490 6043 in
1520 5991 1667 6043 omni
