4118 6542
133 547 255 612 1769

18 750 62 778 ’⁷
129 768 236 811 τον,
259 749 349 801 καί
381 746 674 814 διέκυψαν
721 744 946 810 πάντες
977 747 1032 798 οι
1067 743 1460 813 ἐργαζόμενοι,
1495 743 1654 808 ὅπως

18 859 30 866 ν
124 840 193 893 ἂν
224 835 710 906 ἑεολοθρευθῶσιν
755 837 845 902 είς
893 835 1001 888 τὸν
1032 834 1220 888 αἰῶνα
1263 833 1371 888 τοῦ
1417 831 1652 898 αἰῶνος.

37 935 52 942 “
127 926 442 997 Ἀμαρτωλοὶ
469 925 847 988 ἀνατέλλοντες
875 923 1008 980 ὡσεὶ
1027 927 1218 995 χόρτος
1249 924 1385 977 εἰσὶν
1408 923 1458 975 οί
1480 923 1657 991 ἐμπα-

17 1025 56 1054 '-=
118 1017 219 1080 οεῖς
251 1016 509 1085 λογισμοί.
568 1013 827 1084 Ἀσθενὴς
872 1014 982 1085 γάρ
1034 1015 1182 1067 ἐστιν
1225 1015 1255 1067 ὀ
1295 1012 1506 1084 χόρτος,
1563 1011 1658 1066 καὶ

12 1119 48 1149 ξ
115 1109 182 1176 μὴ
224 1107 354 1176 ἔχων
394 1105 639 1175 δύναμιν.
681 1106 810 1158 Ὅτε
851 1101 944 1160 οὖν
987 1104 1342 1160 ἀνατείλωσιν
1380 1105 1428 1156 oi
1475 1104 1657 1174 ἐμπα-

35 1215 50 1240 -'
112 1200 216 1262 θεῖς
236 1198 478 1268 λογισμοὶ
508 1201 567 1252 ἐν
609 1204 676 1268 τῃ
708 1198 877 1268 ψυχῆς
916 1197 1038 1252 τότε
1086 1197 1466 1260 διακύπτουσι,
1510 1195 1656 1248 τοῦτ’

10 1303 38 1314 ”
101 1290 244 1342 ἔστιν
281 1289 662 1358 ἀναφαίνονται
704 1290 901 1352 πάντες
939 1291 990 1342 oi
1020 1289 1382 1359 ἐργαζόμενοι
1406 1287 1502 1358 τὴν
1534 1287 1657 1340 ἀνο-

37 1423 46 1432 .
106 1381 258 1450 μίαν·
291 1379 481 1444 οἵτινές
505 1383 612 1434 εἰσι
642 1381 712 1434 τὰ
735 1381 903 1448 πάθη,
933 1382 1080 1446 ὅπως
1116 1381 1184 1434 ἂν
1205 1377 1658 1451 ἐξολοορευθῶσιν

8 1495 10 1502 ·
98 1472 176 1532 εἰς
202 1469 293 1522 τὸν
318 1469 490 1522 αἰῶνα
511 1467 604 1522 τοῦ
634 1467 852 1532 αἰῶνος.
881 1469 1062 1528 Ὅταν¹
1091 1468 1199 1539 γὰρ
1248 1465 1564 1536 ἀναφανῶσι
1589 1464 1659 1518 τὰ

12 1601 22 1620 _.
99 1560 239 1629 πάθη
267 1563 374 1624 τοῖς
419 1559 755 1631 λεγομένοις,
785 1563 908 1614 τότε
950 1558 1386 1631 ἐξολοθρεύονται
1427 1557 1521 1611 ὑπ’
1561 1558 1660 1612 αὐ-

8 1683 10 1688 ι
91 1667 204 1706 του.

163 1742 241 1796 Η’.
287 1742 538 1813 Νοήσατε
576 1743 676 1815 τὴν
715 1741 1034 1796 ἀκολουθίαν
1076 1741 1170 1796 τοῦ
1216 1742 1397 1809 λόγου.
1437 1740 1659 1813 Πρῶτον

17 1873 24 1878 .
91 1833 468 1889 ἀνατέλλουσιν
511 1837 562 1888 oi
603 1835 869 1906 ἐμπαθεῖς
913 1833 1193 1904 λογισμοὶ,
1228 1832 1422 1886 ἔπειτα
1451 1832 1658 1886 ἀνακύ-

10 1962 30 1970 _
91 1937 280 1973 πτουσι
307 1922 377 1975 τὰ
429 1923 598 1994 πάθη,
643 1918 741 1976 εἶθ’
786 1922 956 1986 οὕτως
987 1921 1444 1994 ὲξολοθρεύονται.
1473 1921 1662 1977 Ταῦτα

6 2056 22 2085 τ
89 2010 265 2065 πάντα
300 2013 723 2084 ἀγωνιζομένων
753 2013 911 2068 είσίν.
949 2015 1139 2086 Ἡμεῖς
1173 2014 1231 2068 δὲ
1258 2014 1537 2078 ποιοῦντες
1565 2013 1664 2083 τὴν

10 2151 18 2178 ,_
85 2103 205 2155 κατ’
235 2104 526 2175 ἐνέργειαν
557 2107 854 2178 ἁμαρτίαν,
905 2109 1001 2160 καὶ
1046 2108 1135 2161 ἀεὶ
1163 2108 1578 2170 ἐηκδικοῦντες
1596 2109 1666 2162 τὰ

6 2242 20 2272 ε
89 2197 232 2268 πάοη
262 2215 276 2228 ·
302 2197 431 2252 οὔτε
458 2199 680 2271 οἴδαμεν
732 2200 860 2254 πότε
898 2200 1277 2256 ἀνατέλλουσιν
1314 2203 1365 2256 οἱ
1400 2202 1668 2274 ἐμπαθεῖς

15 2337 22 2360 ί
82 2284 358 2354 λθγ.σμοὶ,
393 2287 524 2340 οὐδέ
554 2288 682 2341 πότε
703 2289 1074 2344 ἀνακύπτουσι
1096 2292 1166 2346 τὰ
1203 2293 1372 2364 πάθη,
1400 2293 1489 2346 ἵνα
1515 2294 1664 2362 ἀγω-

6 2429 12 2454 ;
84 2378 366 2449 νισώμεοα
393 2381 536 2452 πρὸς
560 2381 733 2436 αὐτά⁶
765 2382 903 2436 ἀλλά
945 2383 1098 2439 κάτω
1132 2386 1298 2456 ἐσμὲν
1347 2387 1555 2458 ἀκμὴν,
1588 2387 1668 2450 είς

10 2517 20 2544 τ
81 2464 388 2534 Αἴγυπτον,
414 2472 498 2534 εἰς
525 2470 623 2542 τὴν
654 2471 896 2544 ἐλεεινὴν
924 2474 1294 2530 πλινθοποιίαν
1317 2476 1412 2530 τοῦ
1443 2475 1667 2547 Φαραώ.

80 2557 291 2642 Καὶτίς
323 2559 495 2614 δώσει
525 2564 657 2633 ἡμῖν
689 2563 792 2618 κᾶν
823 2568 904 2629 εἰς
938 2563 1193 2637 αἴσθησιν
1237 2567 1412 2620 ἐλθεῖν
1449 2568 1547 2639 τῆς
1570 2584 1666 2620 πι-

76 2652 218 2721 κρᾶς
248 2651 505 2718 δουλείας
547 2655 724 2726 ἡμῶν,
773 2657 859 2712 ἱνα
899 2657 1344 2730 ταπεινωθῶμεν,
1372 2660 1467 2713 καὶ
1505 2677 1672 2713 σπου·

10 2799 16 2806 _
75 2744 339 2814 ὀάσωμεν
379 2746 708 2818 ἐλεηθῆναις
745 2751 875 2803 Ὅτε
914 2749 1055 2823 ἦσαν
1091 2754 1139 2805 οἱ
1185 2754 1290 2806 υἱοὶ
1330 2752 1548 2824 Ἰσραὴλ
1593 2755 1674 2815 εἰς

74 2837 388 2902 Αἴγυπτον,
417 2839 514 2892 καὶ
540 2840 818 2895 ἐδούλευον
840 2843 918 2912 τῷ
933 2842 1152 2913 Φαραὼ,
1171 2843 1389 2896 ἐποίουν
1402 2844 1500 2914 τὴν
1525 2844 1674 2898 πλιν-

73 2927 266 2982 Οείαν·
305 2933 358 2985 οί
399 2932 461 2985 δὲ
508 2933 817 3002 πλινθάριοι
853 2935 1208 3006 ἐργαζόμενοι
1251 2937 1483 2990 πάντοτε
1520 2938 1673 2992 κάτω

69 3021 183 3074 eici.
215 3024 566 3094 κεκαυμένοι
585 3027 665 3088 είς
688 3026 786 3096 τὴν
817 3027 922 3098 γῆν
947 3027 1307 3098 προσέχοντες
1325 3044 1338 3056 ·
1380 3029 1552 3094 οὑτως
1577 3032 1674 3086 καὶ

70 3113 106 3183 ἡ
148 3112 305 3188 ψυχὴ
347 3117 452 3172 ἐὰν
488 3119 748 3190 κυριευθῇ
799 3120 903 3174 ὑπὸ
948 3120 1040 3173 τοῦ
1087 3120 1359 3184 διαϐόλου,
1401 3124 1493 3174 καὶ
1529 3123 1676 3174 ποιεῖ

65 3204 170 3274 τὴν
225 3209 358 3260 κατ’
410 3208 697 3279 ἐνέργειαν
743 3211 1038 3281 ἁμαρτίαν,
1089 3214 1398 3266 καταπατεί
1433 3211 1495 3264 τὸ
1529 3212 1666 3280 φρό-

743 3305 764 3320 ν
834 3304 846 3317 Ο
898 3303 908 3318 ο

64 3317 130 3368 νη
139 3315 224 3368 μα
253 3299 466 3370 αὐτῆς,
495 3302 589 3354 καὶ
619 3305 764 3355 ποιεῖ
789 3303 960 3374 αὐτὴν
989 3303 1153 3374 μηδὲν
1176 3305 1393 3374 φρονεῖν
1421 3319 1668 3373 πνευμα-
1694 3327 1738 3386 c

56 3391 239 3455 τικὸν,
269 3391 430 3445 ἀλλὰ
455 3391 683 3447 πάντοτε
707 3392 775 3447 τὰ
790 3396 950 3466 γήϊνα
977 3396 1070 3447 καὶ
1112 3397 1326 3464 φρονεῖν
1357 3396 1452 3448 καὶ
1474 3396 1668 3448 ποιεῖν.

62 3479 206 3536 Εἶτα
235 3483 620 3554 ᾠκοδόμησαν
649 3485 798 3551 αὐτῷ
837 3486 902 3538 ἐκ
941 3486 1051 3538 τῶν
1084 3484 1416 3556 πλινθαρίων
1452 3482 1527 3541 ὧν
1560 3489 1674 3558 εἰρ-

56 3577 349 3644 γάσαντο,
403 3578 552 3647 τρεῖς
607 3576 789 3640 πόλεις
827 3577 1052 3647 ὀχυρὰς,
1097 3577 1196 3647 τὴν
1243 3577 1394 3632 Πιθὼ
1429 3579 1522 3632 καὶ
1575 3579 1672 3650 τὴν

69 3669 357 3739 Ῥαμεσὶ,
402 3670 498 3722 καὶ
549 3670 646 3741 τὴν
677 3670 814 3722 Ὠνο
841 3671 876 3740 ἦ
920 3671 1092 3732 ἐστιν,
1132 3669 1456 3733 Ἦλιόπολις.
1503 3666 1675 3725 Αὖται

53 3761 119 3813 δέ
182 3763 330 3824 εἰσι,
407 3759 706 3829 φιληδονία,
768 3758 1060 3828 φιλοδοξία,
1095 3761 1192 3813 καὶ
1228 3761 1582 3833 φιλαργυρία,
1614 3760 1675 3827 ἐξ

54 3846 140 3906 ὧν
195 3853 542 3904 συνίσταται
587 3852 739 3904 πᾶσα
791 3851 1047 3923 ἁμαρτία.
1084 3851 1216 3904 ὐτε
1257 3851 1316 3905 δὲ
1353 3851 1675 3906 ἀπέστειλεν

53 3944 87 3995 ὀ
116 3943 268 4007 Θεὸς
305 3946 416 3996 τὸν
457 3944 697 4014 Μωῦσῆν
736 3943 1028 4012 ἐξαγαγεῖν
1072 3945 1270 4003 αὐτοὺς
1316 3943 1376 4008 ἐξ
1397 3944 1676 4013 Αἰγύπτου

52 4039 162 4088 καὶ
196 4039 273 4088 ἐκ
318 4038 430 4106 τῆς
469 4034 712 4097 δουλείας
752 4035 846 4088 τοῦ
887 4035 1108 4105 Φαραὼ,
1152 4034 1518 4106 καταϐαρύνει
1555 4036 1678 4088 κατ’

47 4127 262 4181 αὐτῶν
291 4128 375 4178 τὰ
413 4125 572 4196 ἔργα,
601 4127 696 4179 καὶ
718 4125 866 4193 λέγει
892 4126 1076 4190 αὐτοῖς
1099 4143 1113 4155 ο
1142 4128 1484 4195 Σχολασται
1515 4126 1675 4191 ἐστε,

45 4218 456 4289 σχολάζετε,
505 4217 604 4271 διὰ
652 4217 830 4271 τοῦτο
876 4217 1101 4284 λέγετε,
1148 4219 1527 4286 ’Ἀπελθόντες
1569 4222 1676 4273 λα-

45 4315 252 4383 τρεύο
269 4325 451 4381 (oper
502 4309 694 4378 Κυρίῳ
741 4308 821 4374 τῷ
871 4310 992 4376 Θεῷ
1029 4311 1216 4381 ἡμῶν.
1263 4311 1494 4382 Ὁμοίως
1532 4311 1628 4365 καὶ
1651 4313 1679 4364 ὁ

41 4405 347 4467 διὰὀολος
372 4405 503 4456 ὅταν
540 4402 640 4474 ἤδη
661 4404 949 4456 ἐπένευσεν
977 4405 1004 4456 ὁ
1035 4403 1164 4466 Θεὸς
1202 4402 1297 4456 τοῦ
1338 4403 1555 4472 ἐλεῆσαι
1573 4402 1679 4472 ψυ-

39 4499 168 4570 χὴν
211 4497 324 4549 καὶ
355 4493 616 4563 κουφίσαι
640 4493 807 4563 αὐτὴν
830 4492 939 4546 ἀπὸ
968 4492 1076 4546 τῶν
1107 4492 1294 4546 παθῶν
1317 4493 1407 4546 διὰ
1450 4492 1546 4545 τοῦ
1573 4494 1677 4546 Λό-

37 4608 164 4660 γου
207 4585 446 4651 αὐτοῦ,
475 4585 508 4657 ἢ
539 4584 627 4638 διά
653 4603 793 4648 τινος
821 4585 929 4638 τῶν
963 4584 1163 4639 δούλων
1206 4584 1392 4646 αὐτοῦ,
1431 4587 1552 4639 τότε
1587 4587 1682 4638 καὶ

1418 545 1798 606 DOCTRINA
1850 543 2012 604 XIII.

133 665 299 713 τούτου
323 673 338 688 ο
378 656 472 711 Ἐν
493 655 571 722 τῷ
605 653 910 709 ἀνατεῖλαι
944 653 1328 722 ἁμαρτωλοὺς
1361 653 1506 707 ὡσεί
1531 653 1666 721 χόρ-

1771 652 1846 707 Ac
1890 653 1960 707 de
2014 653 2286 709 similibus
2336 653 2578 724 loquitur
2650 651 2932 709 Psalmus:

3204 545 3338 610 1770

3007 652 3135 708 Cum
3167 657 3338 708 exorti

1763 746 1960 815 fuerint
1986 758 2282 817 peccatores
2305 748 2438 800 sicut
2463 746 2661 817 fenum,
2699 758 2747 800 et
2781 742 3129 816 apparuerint
3163 762 3339 800 omnes

1759 837 1851 906 qui
1891 845 2174 905 operantur
2207 837 2556 906 iniquitatem,
2600 845 2659 890 ut
2711 837 2972 890 intereant
2996 836 3049 888 in
3087 835 3340 888 clnculum

1761 926 1942 981 sti-culi
1969 938 2019 980 ιι.
2072 925 2392 982 Peccatores
2420 928 2514 996 qui
2550 937 2613 982 ut
2670 924 2856 980 fenum
2886 927 3162 990 oriuntur,
3212 936 3343 980 sunt

1763 1015 1991 1086 impura:
2034 1017 2412 1086 cogitationes.
2489 1018 2589 1074 Est
2652 1017 2800 1073 enim
2880 1017 3058 1072 debile
3103 1015 3238 1087 quid
3283 1023 3342 1069 et

1762 1107 2037 1163 inﬁrmum
2085 1107 2268 1164 fimum
2310 1110 2512 1164 nullam
2579 1110 2785 1164 habens
2829 1111 3146 1179 petentiam.
3197 1107 3339 1162 Cum

1766 1198 1932 1268 igitur
1950 1199 2205 1253 oriuntur
2226 1200 2280 1253 in
2304 1199 2484 1254 anima
2527 1201 2734 1255 vitiosa:
2783 1198 3164 1268 cogitationes.
3209 1206 3341 1251 tunc

1765 1301 2026 1362 apparent
2080 1306 2271 1346 omnes
2312 1291 2408 1362 qui
2469 1301 2764 1361 Operautur
2802 1289 3180 1360 iniquitatem,
3219 1301 3342 1356 quae

1761 1393 1890 1437 sunt
1937 1381 2053 1452 ipsa
2109 1381 2259 1443 vitia.
2291 1393 2352 1436 ut
2389 1381 2654 1436 intereant
2711 1381 2766 1435 iu
2813 1379 3071 1435 mulum
3132 1377 3339 1433 saeculi.

1761 1472 1898 1528 Cum
1929 1474 2074 1528 enim
2113 1473 2464 1542 apparuerint
2517 1472 2646 1526 vitia
2679 1481 2804 1526 ante
2854 1479 3256 1527 concertatores
3287 1477 3344 1523 et

1765 1565 2024 1632 athletas,
2055 1565 2240 1621 statim
2270 1566 2341 1620 ab
2359 1566 2440 1620 eis
2473 1566 2834 1636 perimuntur.

1838 1739 1971 1798 VIII.
2010 1740 2462 1811 Contemplamini
2541 1739 2982 1808 consequentiam
3057 1735 3338 1792 orationis'

1764 1834 2027 1889 Oriuutur
2060 1834 2236 1904 primo
2279 1833 2636 1904 cogitationes
2677 1833 2851 1896 malm,
2906 1841 3030 1902 post
3081 1835 3347 1902 apparent

1766 1923 1928 1989 vitia,
1965 1922 2089 1978 inde
2121 1922 2304 1977 omnia
2335 1923 2624 1978 intereunt.
2669 1922 2791 1978 llaec
2813 1922 2993 1976 olunia
3019 1922 3086 1976 ad
3115 1919 3346 1974 athletas

1768 2016 2053 2084 pertinent.
2109 2012 2220 2070 Nos
2253 2029 2383 2068 vero
2403 2025 2684 2084 peccatum
2723 2016 2790 2069 ad
2830 2024 3012 2068 actum
3045 2011 3344 2082 perducen-

1766 2113 1875 2168 tes,
1929 2114 1985 2159 et
2039 2119 2255 2174 Semper
2317 2104 2446 2157 vitia
2497 2103 2612 2172 ipsa
2651 2112 3112 2165 consummantes,
3168 2113 3345 2170 neque

1766 2212 1929 2252 nosse
1957 2196 2181 2267 quimus
2204 2195 2426 2266 quando
2465 2196 2712 2250 oriantur
2751 2196 2908 2250 malae
2961 2194 3340 2265 cogitationes,

1768 2305 1946 2360 neque
1973 2289 2192 2361 quando
2219 2299 2516 2358 appareant
2549 2289 2698 2353 vitia,
2720 2299 2780 2344 ut
2813 2303 3117 2360 pugnemus
3146 2287 3344 2343 adver.

1768 2398 1862 2440 sus
1893 2397 1979 2448 ea,
2008 2384 2102 2436 sed
2129 2380 2306 2436 adhuc
2331 2380 2384 2434 in
2420 2378 2654 2451 Egypto
2696 2379 2952 2434 inferiore
2991 2379 3345 2436 subsistimus

1770 2473 2060 2530 lateritiam
2099 2473 2204 2528 sub
2226 2471 2511 2527 Pharaone
2537 2481 2872 2528 exercentes.
2944 2472 3012 2529 Et
3051 2473 3176 2542 quis
3196 2471 3348 2529 dabit

1770 2567 1927 2621 nobis
1985 2575 2044 2622 ut
2080 2565 2462 2635 perveniamus
2511 2563 2580 2619 ad
2611 2578 2832 2620 sensum
2871 2573 2926 2620 et
2963 2565 3345 2636 cogitationem

1772 2658 1983 2711 miserm
2014 2653 2291 2709 servitutis
2322 2663 2543 2718 nostrai,
2576 2663 2632 2708 ut
2666 2653 3017 2710 humiliantur
3055 2663 3110 2710 et
3133 2654 3346 2710 miseri-

1772 2749 2013 2804 cordiam
2081 2745 2343 2816 consequi
2403 2746 2759 2800 studeamus?
2827 2745 2962 2800 Cum
3012 2754 3196 2802 essent
3246 2745 3347 2802 ﬁlii

1773 2840 1933 2896 Israel
1964 2841 2019 2894 in
2049 2835 2286 2910 Egypto
2325 2837 2432 2893 sub
2460 2836 2764 2893 Pharaonis
2787 2838 3051 2893 servitute
3072 2847 3127 2893 et
3155 2837 3347 2894 lateri-

1774 2931 1903 2985 tiam
1927 2936 2266 2991 exercerent,
2309 2941 2521 2995 semper
2553 2926 2608 2981 iu
2636 2927 2915 2982 laboribus
2936 2937 3114 2994 erant,
3151 2935 3207 2983 et
3230 2929 3348 2984 salo

1774 3021 1914 3076 ﬁxos
1946 3020 2136 3074 oculos
2173 3034 2388 3088 semper
2455 3019 2746 3075 tenebant:
2801 3019 2881 3076 sic
2921 3030 2977 3076 et
3017 3021 3198 3075 anima
3218 3036 3346 3078 cum

1776 3110 2003 3180 imperio
2029 3109 2227 3166 diaboli
2249 3107 2492 3178 subjecta
2513 3107 2696 3171 fuerit,
2729 3118 2785 3164 et
2812 3123 2878 3164 ex
2902 3111 3109 3180 peccati
3133 3110 3348 3166 actione

1776 3202 1990 3256 inﬁrma
2040 3201 2360 3270 sapientiam
2408 3212 2565 3256 suam
2607 3200 3024 3267 conculcaverit,
3065 3202 3282 3273 cogitur
3313 3217 3347 3256 a

1775 3291 1990 3346 diabolo
2017 3291 2136 3360 ipso
2159 3297 2373 3345 terrena
2393 3305 2608 3360 semper
2653 3300 2711 3345 et
2730 3305 2920 3361 sapere
2967 3300 3022 3348 et
3062 3292 3262 3358 facere,
3291 3301 3350 3349 et

1774 3383 2077 3453 spiritualia
2127 3396 2357 3452 quaeque
2409 3381 2701 3452 negligere.
2745 3381 3106 3440 Ediﬁcaruut
3150 3385 3348 3442 deinde

1771 3474 1875 3530 sibi
1926 3474 2023 3529 ﬁlii
2077 3473 2245 3528 Israel
2295 3488 2365 3529 ex
2417 3473 2678 3530 lateribus
2711 3490 2851 3544 quos
2883 3475 3348 3542 Ieceraut,:urbes

1728 3573 1733 3577 “
1773 3575 1888 3621 tres
1915 3566 2335 3629 munitissimas,
2363 3567 2592 3630 scilicet,
2636 3565 2817 3633 Pitho,
2849 3567 3103 3624 Ramesin
3151 3579 3208 3626 et
3237 3569 3346 3636 0n,

1773 3675 1897 3729 qua:
1933 3668 2018 3714 est
2053 3659 2185 3713 urbs
2228 3657 2383 3713 solis.
2445 3656 2536 3713 lla:
2568 3668 2748 3712 autem
2775 3669 2904 3715 sunt
2933 3659 3169 3724 luxuria,
3217 3677 3346 3716 ava-

1777 3752 1897 3806 ritia
1929 3759 1985 3806 et
2035 3749 2214 3805 inanis
2258 3749 2449 3820 gloria,
2489 3763 2555 3804 ex
2589 3750 2787 3820 quibus
2851 3764 3135 3820 peccatum
3185 3767 3348 3808 omne

1774 3842 2078 3897 conﬁcitur.
2132 3839 2237 3895 Ubi
2278 3856 2406 3896 vero
2464 3840 2611 3895 misit
2675 3839 2938 3896 Dominus
2983 3840 3203 3913 Moysen
3251 3844 3346 3914 qui

1775 3935 2028 3989 educeret
2085 3949 2183 3988 eos
2239 3948 2305 3988 ex
2358 3932 2594 4004 Asigypto
2642 3941 2698 3988 et
2745 3934 3004 3990 servitute
3021 3935 3346 4005 Pharaonis,

1775 4025 2048 4096 aggravati
2101 4033 2229 4080 sunt
2256 4025 2430 4096 magis
2458 4025 2717 4095 operibus
2743 4041 2775 4080 a
2809 4041 2953 4096 rege,
3007 4026 3101 4095 qui
3123 4029 3199 4082 ait
3226 4029 3342 4084 eis:

1779 4114 1946 4170 Otiosi
1992 4117 2118 4170 estis
2168 4125 2218 4170 et
2272 4115 2494 4180 desides,
2537 4125 2692 4184 atque
2731 4115 2848 4169 ideo
2883 4116 3094 4172 dicitis:
3123 4116 3346 4186 Eamus,

1775 4207 2131 4276 sacriﬁcatum
2190 4205 2411 4260 Domino
2480 4205 2584 4259 Deo
2638 4215 2819 4260 nostra
2861 4206 2905 4259 ί.
2961 4203 3054 4262 Sic
3094 4207 3348 4263 diabolus

1776 4314 1902 4355 cum
1950 4297 2140 4354 viderit
2195 4296 2364 4353 Deum
2390 4297 2696 4352 decrevisse
2734 4297 2934 4353 infelici
2963 4298 3157 4354 animae
3184 4299 3349 4355 mise-

1778 4391 1909 4454 reri,
1962 4400 2017 4445 et
2073 4405 2260 4446 curam
2317 4389 2465 4444 illius
2496 4390 2695 4444 habere
2725 4399 2785 4444 ut
2840 4389 3037 4458 eripiat
3066 4405 3098 4444 a
3123 4391 3270 4444 vitiis
3291 4399 3350 4446 et

1778 4481 2038 4552 peccatis,
2072 4481 2276 4550 velper
2328 4480 2561 4543 Verbum
2593 4496 2776 4544 suum,
2829 4482 2911 4536 vel
2961 4497 3056 4551 per
3107 4483 3344 4553 aliquem

1781 4587 2060 4628 servorum
2090 4587 2316 4627 suorum
2341 4589 2358 4638 ;
2407 4579 2536 4625 tunc
2565 4582 2620 4622 et
2650 4571 2764 4641 ipse
2793 4583 3050 4642 aggravat
3087 4575 3258 4644 magis
3288 4573 3344 4628 in

40 4681 246 4742 αὐτὸς
278 4676 460 4730 πλέον
486 4674 643 4746 βαρεῖ
663 4675 782 4728 κατ’
813 4675 982 4745 αὐτῆς
1027 4676 1096 4729 τὰ
1134 4676 1304 4746 παθη,
1337 4677 1429 4728 καὶ
1454 4675 1671 4747 σφοδρο-

1781 4679 1845 4718 ea
1867 4663 2017 4729 vitia,
2051 4671 2105 4717 et
2127 4661 2666 4742 vehenieutiuspillam
2700 4663 2996 4731 impugnat.

34 4773 262 4842 τέρως
309 4767 551 4837 πολεμεῖ
574 4765 767 4836 αὑτήν.

126 4866 230 4916 θ’.
269 4861 350 4914 Oi
395 4860 452 4911 δὲ
483 4857 692 4928 Πάτρες
733 4856 890 4911 τοῦτο
932 4856 1149 4921 εἰδότες,
1195 4855 1551 4929 ἐνδυναμοῦσι
1591 4858 1684 4911 τὸν

26 4957 402 5026 ἄνθρωπον
450 4951 540 5004 διὰ
597 4950 698 5018 τῆς
763 4949 1109 5008 διδασκαλίας
1173 4949 1370 5011 αὐτῶν,
1428 4951 1523 5004 καὶ
1584 4950 1683 5002 οὐκ

29 5045 370 5115 ἁφιοῦσιν
413 5040 577 5094 αὐτὸν
605 5039 940 5111 φοϐηθῆναι·
983 5043 1011 5093 ὁ
1046 5040 1147 5112 μὲν
1169 5041 1374 5110 λέγων·
1407 5042 1680 5105 Ἐπεσαςς

22 5141 315 5195 ἀνάστα
350 5153 365 5167 ·
412 5133 504 5185 καὶ
527 5134 576 5185 εἰ
628 5132 789 5185 πάλιν
828 5130 1050 5194 ἕπεσας,
1078 5131 1284 5186 ἀνάστα
1307 5147 1320 5162 ·
1372 5134 1466 5185 καὶ
1497 5132 1677 5196 πάλιν,

25 5233 158 5295 καὶ
217 5230 288 5282 εἰ
346 5225 493 5295 ἑξῆς.
537 5223 726 5286 ’Ἄλλος
756 5222 814 5276 δὲ
860 5221 1020 5276 πάλιν
1051 5223 1240 5292 λέγει·
1287 5223 1351 5276 Ἡ
1383 5225 1538 5294 ἰσχὺς
1573 5224 1682 5278 τῶν

16 5294 386 5379 θέλόντων
444 5314 744 5387 κτήσασθαι
796 5313 896 5380 τὰς
925 5315 1147 5384 ἀρετὰς,
1199 5316 1356 5370 τοῦτό
1397 5318 1564 5380 ἐστιν,
1595 5317 1683 5371 ἶνα

22 5416 160 5468 ἐὰν
259 5407 518 5469 πέσωσι,
585 5406 657 5474 μὴ
721 5403 1200 5476 μικροψυχήσωσιν
1236 5421 1252 5436 ”
1321 5404 1458 5458 ἀλλὰ
1519 5405 1682 5461 πάλιν

14 5501 473 5578 φροντίσωσι,
515 5497 610 5551 καὶ
649 5497 874 5560 ἕκαστος
908 5496 1084 5550 αὐτῶν
1147 5497 1329 5560 ἁπλῶς
1383 5497 1672 5569 διαφόρως,

33 5603 119 5653 ὀ
204 5594 348 5666 μὲν
396 5590 595 5644 τοῖόσδε
638 5588 868 5660 παρέχει
915 5590 1072 5659 χεῖρα
1121 5592 1232 5652 τοῖς
1272 5590 1688 5660 ἀγωνιζομένοις

1848 4863 2012 4936 438
2061 4860 2150 4916 IX.
2198 4863 2351 4929 Quod
2391 4878 2510 4917 eum
2560 4878 2590 4916 a
2628 4861 2881 4917 Patribus
2919 4864 3119 4918 nostris
3158 4865 3344 4934 cogni-

1782 4966 1894 5011 tum
1952 4967 2129 5020 esset,
2199 4956 2558 5010 corroborare
2607 4954 2881 5008 hominem
2938 4956 3184 5010 doctrina
3243 4973 3342 5011 sua

1778 5047 2142 5110 studuerunt,
2197 5055 2254 5102 ct
2312 5060 2380 5100 ue
2447 5046 2659 5100 timeret
2743 5046 3016 5100 adhortati
3094 5056 3242 5102 sunt.
3277 5049 3346 5102 Et

1783 5138 1923 5193 alius
1972 5136 2191 5206 quidem
2245 5136 2364 5191 ait:
2400 5136 2707 5192 Cecidisti?
2741 5152 2924 5214 surge.
2953 5135 3022 5192 Et
3065 5139 3113 5194 si
3164 5138 3347 5194 denuo

1784 5228 2066 5291 cecideris,
2107 5228 2282 5281 denuo
2321 5242 2503 5298 surge.
2565 5227 2718 5285 Alius
2766 5239 2949 5284 autem
3005 5228 3130 5283 item
3173 5229 3342 5286 dicit:

1785 5319 1972 5374 Robur
2005 5334 2192 5374 eorum
2227 5319 2320 5388 qui
2365 5320 2432 5373 ad
2478 5322 2752 5389 parandas
2820 5321 3046 5375 virtutes
3102 5319 3342 5383 student,

1784 5419 1870 5465 est
1917 5416 1995 5472 ut,
2033 5424 2160 5464 cum
2209 5409 2520 5475 ceciderint,
2549 5424 2656 5462 non
2710 5409 2964 5465 deﬁciant
3005 5409 3211 5473 animo,
3237 5395 3344 5465 sed

1781 5517 1996 5556 rursum
2013 5501 2297 5570 respirent,
2314 5510 2368 5556 et
2391 5509 2731 5571 resurgentes
2767 5516 2951 5556 curam
2982 5501 3066 5556 sui
3093 5501 3343 5567 habeant,

1785 5607 1838 5650 et
1887 5609 2076 5648 eorum
2117 5592 2367 5662 quilibet,
2399 5603 2460 5647 ut
2509 5593 2726 5647 animus
2764 5593 2889 5647 tulit
2947 5593 3265 5663 simpliciter
3292 5605 3346 5646 et

11 5689 157 5744 καὶ
194 5680 577 5751 θλιδθμένθις
599 5678 704 5732 δπδ
745 5676 840 5731 τοῦ
877 5677 1094 5748 ὲλίθροῦι
1139 5678 1250 5730 Καὶ
1287 5678 1438 5732 αὐτοὶ
1467 5679 1576 5751 γὰρ
1600 5681 1671 5734 οὔ.

1782 5687 2113 5744 diﬁ'erenter.
2187 5685 2424 5758 Porrigit
2485 5686 2626 5740 alius
2689 5702 2883 5741 manus
2909 5685 3242 5741 concertauti
3293 5695 3346 5739 et

13 5795 180 5844 τως
235 5770 574 5843 παρέλαϐον
625 5769 733 5824 ἀπὸ
777 5769 877 5840 τῆς
925 5767 1074 5832 Θείας
1127 5767 1348 5838 ι’ραφῆς
1393 5770 1679 5844 λεγοτέσης·

127 5967 163 5992 ι·
237 5950 413 6004 Psal.
442 5963 554 6010 est,
590 5947 644 6003 8.
725 5948 739 5983 ί
779 5943 926 5999 Exod
976 5962 1026 6001 ν.
1060 5947 1146 5999 Π.

449 6069 710 6128 Parant.
742 6066 854 6126 Gn.
889 6066 979 6126 LX
994 6063 1261 6126 XXVIII.

1787 5773 2046 5842 pugnanti
2076 5771 2300 5828 viriliter
2321 5786 2444 5828 cum
2477 5772 2648 5828 hoste.
2684 5769 2840 5838 Quod
2863 5788 2992 5828 s-me
3015 5781 3072 5826 ut
3087 5770 3345 5835 facerent,

3051 6062 3123 6122 56
