4118 6542
106 399 228 468 l777
1444 426 1732 488 DOCTRll

1720 429 1820 490 ΝΛ
1854 433 2004 496 XIV.
3204 457 3337 528 1778

78 516 299 584 ἀδελφός
329 534 440 582 σου,
462 522 556 574 καὶ
589 522 736 590 λέγει
773 543 854 579 σοι
881 529 1053 598 ῥῆμα,
1084 531 1281 585 θλίϐων
1305 551 1386 600 σε,
1415 537 1448 608 ἢ
1481 538 1647 606 πλήσ·
1677 547 1704 601 Α

236 613 323 638 ..-ι
351 615 560 638 -...-ε,
612 617 700 638 ---Α
732 617 879 638 οων
1093 624 1102 638 .
1321 629 1365 638 .-
1403 630 1415 638 .
1459 629 1517 638 __
1557 632 1570 638 _

1706 555 1722 602 ι
1753 555 1919 595 unum
1947 547 2320 613 apposucriut,
2384 549 2523 606 duos
2553 554 2773 613 tollant:
2834 568 2896 614 ut
2944 565 3174 634 exempli
3209 587 3332 638 gra-

76 626 202 674 σων,
236 613 328 664 καὶ
349 615 580 684 σιωπᾷς.
611 617 706 670 καὶ
730 617 945 688 βάλλεις
977 624 1285 691 μετάνοιανο
1320 629 1430 683 ἰδοὺ
1455 629 1645 697 ἔϐαλες

76 699 279 719 ,τη-..η
411 699 477 719 ,ην
585 709 598 719 .
668 707 680 719 ,
927 711 939 719 .
987 711 1044 719 --

1754 632 1827 686 tia
1854 649 1868 686 :
1925 633 2081 690 Venit
2110 638 2309 708 aliquis
2329 657 2360 695 e
2383 641 2666 712 fratribus,
2697 659 2750 705 et
2775 653 3030 709 insolenti
3056 613 3325 719 verboovel

71 699 164 750 ἕνα
199 700 363 754 λίθον.
410 699 544 757 Εἶτα
576 707 808 776 ὑπάγεις
855 711 951 764 καὶ
987 711 1169 782 λέγεις
1219 717 1366 789 ἄλλῳ
1407 720 1642 793 ἀδελφῷ·

1755 723 2061 795 impatienti
2095 737 2149 785 te
2178 731 2365 802 afﬂigit
2386 749 2440 791 et
2469 741 2722 806 percutit.
2773 741 2853 797 Tu
2899 761 3030 802 vero
3080 757 3229 806 taces
3278 765 3324 807 et

73 790 294 860 ’Υδρισέ
323 810 392 862 με
417 795 448 846 6
473 797 642 851 δεῖνα·
687 799 806 854 τόδε
837 803 930 856 καὶ
961 805 1077 858 τόδε
1108 803 1230 862 εἶπέ
1276 827 1367 879 μοι
1399 827 1414 843 ⁸
1455 814 1550 867 καὶ
1581 817 1641 869 οὐ

73 884 227 913 ..ΑηΑη
269 886 553 913 z-..'.___..
622 891 704 913 sxa
728 893 751 913 ac
795 911 818 913 η
863 896 876 913 ς
1039 899 1052 913 ι
1291 905 1303 913 .
1358 904 1384 913 ..
1431 905 1491 913 ..-.
1529 907 1542 913 -

1746 817 2096 878 inclinatione
2143 828 2390 893 corporis
2419 831 2678 888 honorem
2713 835 2914 893 defers.
2982 840 3060 896 Eu
3086 843 3319 913 lapidem

71 884 227 953 μόνον
268 886 578 958 ἐειώπησα.
615 891 753 947 ἀλλὰ
791 896 886 948 καὶ
921 899 1214 967 μετάνοιαν
1242 904 1394 976 αὐτῷ
1428 905 1639 964 ἔϐαλον.

1744 923 1914 964 unum
1956 916 2256 982 apposuisti
2307 935 2322 971 :
2364 931 2483 989 post
2527 924 2679 989 abis,
2743 934 2799 982 et
2872 931 3044 986 altero
3097 884 3325 991 fratrum

73 977 202 1028 Ἰδοὺ
236 977 430 1045 ἔϐαλες
455 983 553 1037 ἕνα
580 985 750 1051 λίθον,
791 989 888 1043 καὶ
912 991 1008 1045 δύο
1031 993 1257 1065 ἐπῆρες.
1285 998 1640 1070 Πάλινβάλλει

1743 1011 1958 1070 reperto
1978 1005 2052 1060 illi
2077 1022 2292 1077 narras,
2315 1021 2370 1066 et
2385 1029 2712 1085 murmuras,
2731 1025 2874 1090 quod
2899 1023 2976 1080 sis
2991 1025 3060 1079 ab
3078 1043 3142 1082 eo
3161 1029 3326 1086 fratre

71 1088 139 1134 ιις
170 1075 462 1142 μετάνοιαν
489 1078 658 1136 θέλων
695 1081 1042 1154 δοξασθῆναι,
1083 1091 1176 1144 καὶ
1199 1092 1642 1164 εὐρίσκεται’τα-

1743 1091 1944 1161 injuria
1994 1095 2245 1162 affectus,
2277 1075 2338 1158 et
2387 1118 2555 1176 auges
2599 1075 2877 1181 injuriam,
2922 1125 2978 1170 et
3009 1120 3243 1176 tacuisse
3273 1131 3323 1177 te

71 1163 314 1228 τείνωσις
358 1169 499 1238 μετά
527 1170 857 1238 κενοδοξίας.
883 1175 1058 1232 Τοῦτό
1089 1181 1206 1236 ἐστι
1238 1183 1300 1236 τὸ
1328 1181 1511 1254 βαλεῖν
1544 1186 1641 1242 ἕνα

1740 1181 2075 1251 dictitas,et
2118 1187 2383 1251 inclinato
2438 1208 2667 1266 corpore
2729 1200 2992 1260 honorem
3037 1205 3317 1265 detulisse.

72 1256 196 1309 ιίθον
217 1259 314 1312 καὶ
359 1263 566 1333 ἐπᾶραι
599 1265 783 1320 αὐτόν.
826 1268 888 1324 Ὀ
909 1270 966 1323 δὲ
1009 1273 1069 1326 ἐν
1110 1273 1308 1343 γνώσει
1339 1279 1509 1333 ποιῶν
1539 1298 1638 1351 με·

1743 1272 1878 1330 Eece
1909 1293 2033 1331 cum
2063 1278 2296 1349 lapidem
2335 1301 2508 1340 unum
2535 1256 3321 1360 apposuisscs;"duos-abst;

71 1349 295 1418 τάνοιαν,
345 1353 530 1407 πείθει
563 1356 725 1410 αὑτὸν
757 1351 1037 1430 ἀκριὸῶς,
1066 1365 1150 1418 δτι
1191 1365 1353 1430 αὐτὸς
1403 1370 1635 1442 ἐσφάλη,

1738 1363 1869 1420 listi.
1897 1366 2051 1424 Alius
2077 1370 2202 1425 item
2226 1373 2488 1430 honorem
2515 1349 2880 1439 defertinauis
2892 1349 3085 1457 gloriae
3125 1391 3318 1459 gratia,

71 1443 142 1494 ιαὶ
190 1443 534 1518 πληροφορεῖ
579 1451 792 1516 ἑαυτὸν,
848 1453 929 1508 ὅτι
984 1456 1147 1520 αὐτός
1185 1459 1335 1512 ἐστιν
1369 1461 1400 1513 6
1438 1463 1634 1529 αἴτιος.

1735 1460 1791 1507 et
1853 1455 2218 1515 humilitatem
2258 1464 2461 1531 pariter
2500 1481 2626 1520 cum
2680 1484 2816 1524 vana
2858 1443 3028 1543 gloria
3075 1443 3314 1547 in‘venit;

71 1535 216 1590 Γοῦτό
264 1541 387 1592 ἐστι
433 1541 496 1595 τὸ
536 1544 595 1597 ἐν
639 1544 839 1613 γνώσει
881 1551 1056 1603 ποιεῖν
1094 1552 1384 1619 μετάνοιαν
1413 1571 1430 1586 ο
1475 1556 1638 1622 ἄλλος

1734 1543 1841 1600 hoc
1869 1555 1956 1601 est
1979 1563 2251 1618 apparuere
2306 1564 2360 1608 et
2403 1554 2621 1612 auferre
2656 1535 3148 1633 pariter-lapidem.
3210 1535 3314 1635 Qui

71 1632 204 1682 ισκεῖ
253 1635 490 1704 σιωπήν·
548 1637 664 1691 ἀλλ’
711 1639 812 1693 οὐκ
851 1642 912 1694 ἐν
957 1644 1175 1710 γνώσει⁹
1225 1645 1338 1716 ἔχει
1385 1649 1496 1719 γὰρ
1551 1652 1634 1704 ὅτι

1733 1651 1865 1691 vero
1890 1653 2014 1693 cum
2045 1641 2269 1698 scientia
2302 1645 2566 1702 honorem
2597 1650 2837 1718 exhibet,
2887 1654 3004 1723 ipse
3035 1659 3138 1713 sibi
3186 1676 3310 1728 per-

71 1723 244 1793 πρετὴν
307 1730 457 1780 ποιεῖ
517 1730 548 1782 6
592 1731 866 1798 τοιοῦτος,
921 1735 1075 1789 οὐδὲν
1126 1736 1184 1790 δὲ
1236 1741 1401 1795 ποιεῖ.
1465 1743 1526 1794 ’0
1575 1743 1634 1797 δὲ

1732 1729 1923 1784 suadet
1957 1732 2076 1787 sine
2106 1733 2274 1790 dubio
2304 1739 2450 1806 quod
2473 1753 2722 1808 peccator
2754 1745 2847 1809 sit,
2867 1747 3012 1816 quod
3045 1748 3100 1804 in
3126 1723 3312 1808 inultis

73 1829 98 1862 ν
120 1813 323 1878 γνώσει
354 1816 601 1883 σιωπῶν,
623 1821 866 1886 τοιοῦτος
893 1823 1027 1894 ἔχει,
1050 1827 1132 1880 ὅτι
1157 1828 1377 1894 ἀνάξιός
1397 1831 1514 1885 ἐστι
1536 1832 1630 1886 τοῦ
1662 1884 1699 1910 η

1683 1885 1703 1910 ἱ
1731 1819 2012 1891 delinquat
2047 1833 2103 1878 et
2150 1837 2316 1892 erret,
2347 1829 2494 1898 quod
2529 1846 2697 1889 causa
2747 1813 2910 1892 fuerit
2960 1839 3174 1910 injuria:
3197 1842 3309 1897 fra-

75 1905 294 1975 αλῆσαι,
335 1909 416 1974 ὡς
442 1905 598 1966 εἷπον
623 1915 672 1968 οἱ
717 1917 952 1988 Πάτρες,
983 1921 1079 1974 καὶ
1111 1921 1249 1994 αὕτη
1285 1925 1405 1978 ἐστὶ
1447 1927 1627 1999 σιωπὴ
1662 1905 1701 1943 υ

1680 1905 1704 1943 ³
1733 1917 1921 1980 ternae,
1957 1923 2120 1985 atque
2155 1915 2209 1973 id
2238 1921 2604 1978 certissimum
2637 1925 2821 1982 habet.
2874 1929 2940 1985 Et
2969 1905 3071 1987 hoc
3085 1943 3306 1990 cstcum

71 2019 98 2052 ν
131 2002 354 2069 γνώσει.
390 2006 562 2061 Πάλιν
600 2009 662 2063 οὐ
691 2014 884 2083 μετρεῖ
921 2029 1009 2078 τις
1033 2016 1245 2084 ἑαυτὸν,
1293 2019 1388 2072 καὶ
1413 2022 1625 2091 νομίζει

1733 2005 1958 2060 scientia
2007 2017 2062 2062 et
2109 2011 2420 2079 cognitione
2477 2017 2736 2073 honorem
2797 2012 3083 2078 exhibere:
3155 2028 3307 2084 Alius

72 2108 120 2144 τι
139 2111 191 2146 τι
224 2095 372 2165 μέγα
419 2103 585 2164 ποιεῖ,
615 2102 708 2156 καὶ
739 2102 822 2157 ὅτι
853 2106 1046 2160 ἐαυτὸν
1078 2107 1326 2165 ταπεινοῖ
1349 2153 1364 2177 ,
1403 2115 1497 2167 καὶ
1524 2117 1625 2170 οὐκ

1731 2095 2006 2151 silentium
2024 2099 2130 2155 sibi
2156 2100 2259 2170 ipsi
2291 2104 2499 2169 indicit,
2529 2110 2623 2162 sed
2649 2125 2754 2164 non
2797 2127 2921 2167 cum
2965 2118 3299 2187 cognitione:

71 2181 175 2239 ἴδεν
199 2189 282 2242 ὅτι
321 2189 478 2244 οὐδὲν
519 2193 654 2263 ἔχει,
681 2197 868 2269 ἐπειδὴ
895 2200 995 2254 οὑκ
1025 2203 1086 2255 ἐν
1130 2202 1329 2271 γνώσει
1353 2209 1518 2262 ποιεῖ.
1549 2210 1624 2262 Τὸ

1731 2185 1894 2243 habet
1921 2189 2066 2244 enim
2097 2200 2305 2248 tantum
2349 2196 2494 2265 quod
2528 2199 2804 2256 silentium
2857 2181 3158 2264 virtos‘est.
3207 2210 3304 2266 llic

71 2281 91 2333 ὲ
137 2280 264 2355 [μὴ]
307 2288 530 2357 μετρεῖν
569 2288 762 2343 ἑαυτὸν
801 2293 860 2344 ἐν
903 2293 1122 2362 γνώσει,
1168 2297 1329 2354 τοῦτό
1377 2301 1515 2370 ἐστι,
1558 2303 1622 2358 τὺ

1727 2289 1909 2333 autem
1955 2295 2082 2335 cum
2129 2285 2358 2341 scientia
2401 2297 2562 2354 tacet,
2592 2292 2721 2361 quia
2749 2310 2808 2348 se
2840 2295 3120 2368 indignum
3153 2315 3305 2372 putat

71 2392 175 2443 χειν
215 2378 434 2446 ἐαυτὸν,
473 2381 555 2435 δτι
594 2383 746 2438 οὐδέν
783 2387 932 2440 ἐστιν
963 2403 979 2416 ’
1025 2390 1146 2444 οὐδὲ
1179 2391 1330 2457 ἄξιός
1373 2369 1618 2450 ἐστιτοῦ

1725 2369 1908 2440 loqui;
1943 2382 1998 2427 et
2037 2373 2140 2430 hoc
2161 2385 2244 2432 est
2272 2373 2398 2433 cum
2423 2381 2651 2436 scientia
2691 2393 2745 2440 et
2776 2389 3085 2460 cognitione
3116 2369 3297 2458 silere,

72 2471 370 2542 ηφισθῆναι
395 2476 536 2544 μετά
576 2477 880 2550 ἀνθρώπων
905 2523 922 2546 ,
965 2481 1156 2556 ὥσπερ
1192 2484 1345 2542 εἶπεν
1375 2490 1553 2556 ἐαυτῷ
1589 2494 1618 2546 6

1727 2471 1785 2514 ιιι
1813 2462 2079 2519 deﬁniunt
2129 2464 2339 2526 Patres.
2406 2469 2718 2544 Magniiieat
2764 2477 2998 2536 item'se
3048 2483 3191 2541 alius
3245 2495 3301 2541 et

72 2528 204 2626 δδᾶς
247 2528 538 2636 θίωῦσῆςο
581 2591 600 2623 ι
649 2528 996 2645 Σῗιτοδόδερμα
1029 2528 1278 2648 μελπανὸν,
1313 2580 1388 2652 μὴ
1425 2580 1502 2636 ὢν
1525 2544 1617 2639 ἀν-

1723 2568 1980 2626 magnum
2029 2559 2160 2628 quid
2195 2559 2378 2617 facere
2430 2528 2694 2636 seuputat,
2751 2570 2880 2640 quia
2922 2571 3147 2631 humilis
3192 2586 3295 2633 est.

71 2671 268 2723 ρωπος,
290 2659 344 2712 τί
365 2627 502 2734 Epiri
523 2664 582 2716 ἐν
617 2664 766 2735 μέσῳ
1121 2687 1136 2736 ;
1167 2689 1186 2722 ι
1225 2627 1394 2726 ιίάλιν
1416 2675 1614 2747 ὑπηρε-

1721 2645 2022 2720 lnfelixqm
2055 2652 2268 2721 ignorat
2305 2672 2365 2711 se
2412 2659 2550 2712 nihil
2576 2674 2699 2715 esse
2730 2664 2976 2731 omnino,
3023 2683 3146 2722 cum
3181 2670 3298 2724 sine

71 2717 114 2798 εἰ
137 2717 515 2822 τιςνάῤῥώιὲᾦ
535 2769 548 2782 ο
578 2717 712 2808 ἀλλά
1107 2717 1298 2830 μισθὸν
1327 2717 1608 2835 ὑπηρετέἰ,

1718 2741 2031 2809 cognitione
2068 2741 2172 2799 hoc
2212 2755 2356 2818 agat.
2414 2747 2548 2805 Nam
2581 2754 2758 2806 metiri
2787 2769 2848 2810 se
2879 2757 3054 2825 ipsum
3105 2762 3296 2830 cogni-

199 2805 209 2807 ν
282 2805 330 2821 ,,
485 2805 496 2822 ,
748 2805 826 2810 --η
943 2805 1079 2829 Ἃ---
1107 2805 1293 2830 Γπ--.
1329 2805 1608 2835 -...η.......,

71 2834 123 2885 αὶ
147 2836 245 2888 οὐκ
272 2837 420 2891 ἔστιν
441 2841 563 2894 οὐδε
591 2841 750 2896 τοῦτο
776 2845 834 2898 ἐν
865 2846 1084 2913 γνώσει.
1119 2849 1229 2904 Καὶ
1268 2851 1452 2905 λοιπὸν
1478 2855 1532 2908 εἴ
1556 2871 1610 2908 τι

1791 2805 1813 2809 _
2248 2805 2275 2818 ν
2789 2805 2843 2810 η
2882 2805 3054 2825 τη---
3109 2805 3262 2830 πο...

1720 2832 1886 2899 tione,
1939 2842 2026 2888 est
2077 2844 2230 2890 certo
2285 2839 2506 2894 credere
2536 2841 2670 2897 nihil
2699 2858 2759 2898 se
2797 2859 2940 2912 esse,
2990 2857 3046 2901 et
3070 2851 3297 2903 omninu

71 2927 76 2944 ’
104 2927 169 2980 ἂν
198 2931 376 3002 συμσῇ
406 2933 559 3005 αὑτῷ
592 2934 856 3009 λυπηρὸν,
888 2941 1128 3010 εὐχερῶς
1157 2944 1416 2998 ἐκκόπτει
1444 2946 1609 2999 αὑτὸν

1719 2923 1999 2994 indignum
2020 2928 2336 2985 existimare
2365 2931 2646 2988 hominum
2671 2938 3087 2993 consuetudine.
3146 2938 3215 2995 llt
3237 2957 3296 2996 se

268 2990 281 3002 .
351 2990 376 3002 ..
529 2990 541 3005 .
724 2990 754 3009 ..
893 2990 1125 3010 ηυγ-ν
1159 2990 1416 2998 ------.----
1446 2990 1604 2999 η--.

72 3017 135 3069 πὸ
157 3018 250 3072 τοῦ
283 3021 452 3076 καλοῦ
475 3023 639 3094 ἔργου
672 3027 857 3096 αὑτοῦ,
879 3032 972 3084 καὶ
993 3031 1052 3084 οὐ
1084 3031 1276 3100 φθάνει
1297 3034 1602 3106 πληρῶσαι.

1716 2990 1892 3083 ipsum
1933 3019 2221 3072 accusabat
2273 3019 2442 3076 abbas
2491 3022 2704 3094 Moyses
2733 2990 3293 3102 dicens

71 3108 256 3183 Επειδὴ
278 3115 380 3167 οὐκ
411 3117 472 3168 ἐν
509 3117 708 3184 γνώσει
737 3123 883 3174 ποιεῖ
911 3139 924 3152 ·
951 3122 980 3175 6
1005 3123 1061 3176 δὲ
1085 3126 1142 3177 ὲν
1170 3125 1370 3193 γνώσει
1399 3127 1604 3200 ὑπηρε-

1714 3107 1904 3162 liuium
1936 3124 2060 3163 cum
2089 3113 2165 3166 sis
2195 3121 2250 3166 et
2274 3112 2432 3177 cinis,
2457 3131 2564 3169 non
2594 3119 2758 3171 homo
2777 3135 2792 3182 ;
2811 3135 2910 3176 cur
2939 3121 3008 3176 ad
3042 3123 3292 3180 homines

71 3203 154 3267 ὧν,
191 3205 278 3260 διὰ
299 3206 363 3261 τὸ
396 3209 703 3279 κτήσασθαι
727 3213 1073 3282 συμπάθειαν
1104 3216 1368 3286 ὑπηρετεῖ
1390 3234 1403 3246 ·
1427 3197 1604 3273 διάῗτδ
1634 3252 1676 3286 ρ

1665 3253 1676 3273 ι
1713 3197 2054 3268 ingrederis?
2108 3221 2126 3254 ι
2169 3201 2440 3259 Ministrat
2470 3206 2594 3276 quis
2623 3208 2858 3276 ialirmo,
2909 3223 3058 3268 eteo
3106 3216 3291 3270 animo

72 3297 326 3365 τήσασθαι
358 3301 640 3372 σπλάγχνα
670 3304 966 3374 οἰκτιρμῶν
992 3321 1006 3337 ⁸
1034 3308 1063 3360 6
1081 3307 1190 3379 γὰρ
1215 3307 1354 3378 ἔχων
1383 3310 1602 3378 σκοπὸν,
1635 3289 1677 3310 υ

1665 3289 1677 3307 '
1707 3289 1865 3363 αι
1909 3301 1968 3346 ιιι
2003 3297 2307 3350 mercedem
2338 3297 2541 3353 laboris
2566 3302 2816 3369 acquirat
2842 3320 2858 3369 ;
2887 3314 2943 3360 et
2972 3306 3074 3364 hoc
3103 3309 3291 3379 utique

71 3388 84 3437 ἴ
103 3405 152 3441 τι
180 3389 226 3442 δ’
240 3391 306 3444 ἂν
328 3409 394 3444 συ
403 3395 510 3465 μϐῇ
534 3395 704 3465 αὐτῷ,
725 3397 828 3449 κᾶν
843 3396 1020 3467 θλίψις
1037 3398 1258 3466 ἔξωθεν,
1281 3399 1386 3455 κᾶν
1400 3403 1558 3466 αὐτὸς
1575 3403 1605 3455 6

1708 3382 1852 3438 haud
1901 3395 1986 3439 est
2043 3401 2168 3442 cum
2233 3390 2546 3459 cognitione
2587 3395 2793 3449 servire
2844 3405 2900 3450 et
2951 3397 3283 3457 ministrare.

71 3482 306 3551 ῥρωστος
344 3484 658 3558 ὀλιγωρήσῃ
705 3489 842 3560 πρὸς
888 3488 1072 3554 αὐτὸν,
1109 3491 1272 3555 αὐτὸς
1314 3493 1604 3565 ἀταράχως

1705 3473 1887 3542 Quare
1928 3492 2055 3532 cum
2113 3477 2328 3535 adversi
2362 3482 2648 3553 quidpiam
2675 3486 2752 3540 illi
2786 3491 3098 3560 contigerit,
3129 3491 3289 3548 facile

71 3546 78 3550 .
104 3546 114 3551 -
445 3546 456 3554 υ
522 3546 532 3557 ι
573 3546 584 3557 ι
630 3546 658 3558 ου
750 3546 761 3560 ι
820 3546 836 3552 ⁸
1059 3546 1071 3554 '
1251 3546 1268 3555 '
1426 3546 1438 3565 I
1466 3546 1563 3565 ΠΑΠ
1582 3546 1601 3558 ³

71 3574 303 3640 αστὰζει,
335 3578 622 3648 προσέχων
648 3579 727 3650 τῷ
759 3581 872 3652 ἰδίῳ
900 3582 1107 3653 σκοπῷ,
1146 3584 1240 3638 καὶ
1261 3574 1437 3648 εἰδὼς,
1469 3587 1549 3640 ὅτι
1575 3589 1605 3641 6

1705 3584 1735 3622 a
1769 3570 1914 3625 bono
1928 3572 2177 3639 desistit;
2203 3590 2305 3631 nec
2334 3587 2570 3647 emptum
2589 3594 2728 3650 opus
2745 3585 2979 3638 sustinet
3001 3588 3283 3655 perlicere,

71 3665 302 3734 ῥρωστος
343 3667 546 3736 μᾶλλον
590 3670 752 3723 αὐτὸν
793 3673 1091 3742 εὐεργετεῖ,
1122 3675 1268 3745 ἥπερ
1321 3676 1481 3740 αὐτὸς
1513 3675 1602 3730 τὸν

1703 3660 1830 3729 quia
1875 3678 1984 3716 non
2027 3675 2303 3733 operatur,
2351 3677 2411 3722 ut
2462 3669 2599 3736 dixi,
2641 3687 2768 3727 cum
2810 3676 3144 3742 cognitione.
3179 3677 3281 3744 Qui

71 3757 324 3825 ῥρωστον.
360 3760 698 3815 Πιστεύσατε
743 3763 852 3833 γὰρ
887 3764 968 3818 ὅτι
1007 3765 1102 3818 καὶ
1133 3765 1242 3819 ἀπὸ
1280 3767 1468 3820 παθῶν
1509 3769 1604 3822 καὶ

1701 3761 1884 3807 autem
1925 3769 2049 3808 cum
2092 3755 2317 3811 scientia
2357 3767 2411 3812 et
2454 3762 2765 3829 cognitione
2811 3765 3106 3832 ministrat,
3163 3771 3282 3826 ideo

71 3846 276 3915 ολέμων
302 3849 621 3915 κουφίζεται
641 3853 670 3904 ὁ
701 3852 760 3905 ἐν
787 3853 982 3921 γνώσει
1010 3855 1298 3926 ὑπηρετῶν
1313 3856 1597 3927 ἀρρώστῳ.

1707 3844 1980 3901 ministrat
2006 3847 2134 3916 quia
2161 3858 2364 3918 aegroto
2396 3854 2750 3922 compalitur,
2796 3858 2925 3924 quia
2965 3859 3279 3917 misericor-

71 3938 178 4005 ῖγὼ
213 3939 322 4012 γάρ
353 3937 472 3994 οἶδα
503 3941 730 4011 ἀδελφὸν
777 3944 1182 4016 πολεμούμενον
1220 3947 1326 4001 ὑπὸ
1369 3949 1602 4019 αἰσχρᾶς

1702 3941 1806 3997 diae
1862 3944 2166 4000 visceribus
2246 3960 2515 4004 uuwetur.
2599 3951 2664 4006 Et
2751 3956 3064 4026 quicunque
3135 3961 3279 4019 hunc

71 4031 337 4102 πιθυμίας,
372 4035 466 4087 καὶ
514 4034 603 4088 διὰ
634 4035 697 4089 τὸ
723 4036 1015 4108 ὑπηρετεῖν
1037 4037 1305 4109 ἀρρώστῳ
1348 4040 1600 4094 δυσεντε-

1702 4048 1926 4102 scopum
1967 4034 2069 4091 sibi
2105 4038 2376 4106 statuerit,
2412 4040 2559 4096 nulla
2585 4043 2638 4095 in
2673 4059 2731 4098 re
2764 4045 2990 4101 adversa
3021 4049 3104 4102 vel
3141 4051 3278 4106 allii—

71 4121 237 4188 ιῶντι,
277 4125 415 4194 μετὰ
462 4127 744 4193 γνώσεως,
788 4129 1168 4199 ἀπαλλαγέντα
1201 4131 1294 4186 τοῦ
1340 4133 1596 4203 nouum).

1701 4124 1878 4179 ctione
1922 4137 2146 4182 externa
2199 4131 2542 4196 movebitur,
2599 4149 2708 4188 non
2755 4136 2802 4190 si
2847 4147 3086 4207 aegrotus
3150 4157 3273 4196 eum

72 4215 133 4266 al.
177 4215 443 4287 Ιεὶύάγριος
491 4218 638 4286 λέγει
681 4220 807 4292 περί
855 4237 1001 4285 τινος
1046 4223 1281 4293 μεγάλου
1319 4225 1596 4295 γέροντος,

1700 4213 1996 4278 spreverit,
2050 4224 2146 4270 aut
2185 4217 2488 4274 maledictis
2540 4221 2894 4290 lacessiverit,
2931 4227 3024 4280 sed
3067 4228 3121 4282 in
3151 4244 3275 4284 sco-

71 4323 104 4357 :t
154 4308 278 4361 τινὰ
315 4309 424 4361 τῶν
467 4309 710 4379 ἀδελφῶν
757 4314 1160 4382 ταρασσόμενον
1197 4318 1256 4369 ἐν
1299 4319 1419 4380 ταῖς
1459 4319 1597 4385 νυξὶ,

1701 4320 1826 4374 pmn
1840 4321 2001 4360 suum
2017 4307 2256 4364 intentus
2271 4309 2407 4366 feret
2422 4313 2602 4367 omnia
2623 4314 3035 4383 patientissime,
3056 4330 3111 4374 et
3125 4333 3275 4375 certo

71 4395 128 4448 ὒν
183 4397 441 4450 τοιούτων
483 4400 812 4471 ἀπήλλαξεν,
862 4401 1116 4456 ἀσθενέσι
1158 4404 1295 4473 μετά
1345 4407 1597 4475 νηστείας

1699 4402 1880 4455 credet
1890 4403 2083 4472 majori
2103 4404 2364 4459 benelicio
2380 4407 2586 4462 seailici
2605 4412 2909 4480 abargroto,
2925 4429 3088 4482 quam
3100 4431 3272 4485 regre-

71 4489 361 4556 πηρετῆσαι
410 4491 736 4560 προστάξας.
781 4493 891 4546 Καὶ
946 4493 1130 4562 ἔλεγεν
1170 4495 1464 4568 ἐρωτηθεὶς
1504 4499 1597 4552 τὸν

1700 4501 1810 4544 ιιιιιι
1833 4506 1864 4544 a
1884 4507 1943 4546 se
1962 4493 2102 4563 ipso.
2135 4493 2244 4550 Hoc
2259 4506 2436 4551 autem
2463 4498 2712 4567 ignorare
2734 4518 2831 4557 vos
2861 4503 3008 4568 nolo,
3033 4520 3158 4560 eum
3176 4509 3268 4576 qui

71 4577 192 4626 οιεῖν
221 4577 265 4606 ”
292 4577 483 4629 τούτου
517 4577 695 4647 λόγον,
726 4581 804 4633 ὅτι
835 4581 989 4633 οὐδὲν
1025 4581 1198 4646 οὕτως
1227 4584 1304 4648 ὡς
1341 4585 1488 4650 ἕλεος
1524 4587 1593 4641 τὰ
1624 4611 1667 4665 ι)

1642 4611 1667 4665 )
1699 4583 2083 4653 Ιὶιιθιιιιιταιιξιῡ
2098 4587 2504 4645 deserviateum
2521 4593 2846 4663 cognitione,
2869 4597 3092 4652 relevari
3107 4599 3268 4654 mira-

71 4665 239 4718 ιιαῦτα
266 4667 695 4723 κατασϐέννυται
724 4671 891 4742 πάθη.
927 4671 1095 4725 Πάλιν
1123 4673 1220 4726 ἐὰν
1242 4676 1382 4746 ἀσκῇ
1418 4694 1522 4741 τις,
1553 4678 1586 4748 ἥ
1693 4720 1697 4728 .

1693 4674 1872 4730 biliter
1891 4676 1962 4729 ab
1980 4678 2146 4732 animi
2167 4680 2530 4748 passionibus,
2547 4693 2603 4739 et
2625 4685 2824 4740 diaboli
2843 4688 3236 4761 impugnationi
3250 4725 3267 4734 ε

74 4753 106 4806 ὰ
133 4755 456 4822 κενοδοξίαν,
483 4758 518 4828 ἢ
539 4757 678 4829 ἔχων
720 4761 802 4814 δτι
834 4763 1034 4833 ἀρετὴν
1061 4767 1230 4826 ποιεῖ,
1254 4766 1354 4819 οὐκ
1381 4767 1541 4820 ἀσκεῖ
1563 4769 1593 4821 6
1693 4767 1700 4819 l

1693 4767 1815 4820 bus.
1842 4766 1977 4822 Novi
1991 4771 2134 4824 enim
2155 4770 2374 4826 fratrem
2391 4776 2591 4830 acriter
2605 4793 2971 4848 oppugnatum
2988 4797 3018 4836 a
3035 4782 3267 4839 fornica-

71 4844 256 4910 ιιοῦτος
284 4848 341 4900 ἐν
373 4847 572 4917 γνώσει
601 4868 614 4882 ·
647 4849 830 4905 λοιπὸν
863 4855 927 4906 ἐκ
947 4854 1136 4908 τούτου
1173 4856 1400 4926 ἄρχεται
1439 4858 1590 4924 ἐξου-
1695 4875 1697 4880 ‘

1695 4858 1858 4912 tionis
1879 4859 2141 4927 dammae,
2158 4871 2212 4916 et
2226 4878 2350 4917 cum
2363 4879 2506 4936 επιενο
2522 4882 2587 4921 ex
2604 4869 2930 4937 dysenteriis
2946 4871 3259 4936 deserviret,

71 4942 188 4991 :vsiv
225 4940 318 4992 τὸν
346 4940 572 5010 ἀδελφὸν
601 4940 765 4994 αὑτοῦ
791 4981 806 5008 ,
843 4943 980 5014 ἔχων
1014 4947 1207 5001 ἐαυτόν
1239 4965 1294 5001 τι
1321 4964 1337 4980 ο
1367 4949 1459 5002 καὶ
1492 4951 1589 5003 εὑ·
1696 4988 1697 4996 η

1696 4948 1764 5002 ab
1791 4948 1894 5004 hoc
1927 4949 2066 5004 bello
2092 4965 2212 5005 esse
2237 4951 2548 5012 liberatum.
2596 4953 2663 5009 Et
2694 4959 2960 5030 Evagrius
2987 4971 3172 5016 narrat
3198 4962 3266 5018 de

71 5027 268 5082 ἶσχεται
293 5030 354 5081 οὐ
388 5031 546 5098 μόνον
575 5030 779 5101 βάλλων
805 5033 902 5086 ’ἐνα
922 5033 1067 5089 λίθον
1088 5037 1183 5088 καὶ
1211 5037 1450 5109 ἐπαίρων
1473 5038 1586 5103 δύο,
1693 5062 1697 5092 :

1693 5040 1911 5096 seniore
1966 5042 2202 5109 quodam
2247 5061 2464 5116 magno,
2539 5049 2686 5118 quod
2725 5027 3051 5120 discipulum
3101 5070 3261 5108 smnn

71 5119 154 5172 ili
183 5121 278 5174 καὶ
313 5122 433 5175 ὅλον
468 5124 560 5178 τὸν
610 5129 788 5196 τοῖχον
825 5127 1148 5182 κινδυνεύων
1177 5129 1329 5201 ῥίψαι
1364 5131 1453 5186 διὰ
1493 5133 1587 5187 τοῦ
1693 5133 1697 5184 J

1693 5130 2005 5200 hujusmodi
2045 5132 2518 5203 phantasmaaibus
2572 5149 2731 5196 nocte
2763 5119 3131 5213 oppugnatum
3162 5146 3261 5199 hac

71 5209 199 5260 οῖναι
222 5209 313 5261 τὸν
350 5212 594 5281 πλησίον.
630 5214 688 5266 ’0
709 5214 766 5267 δὲ
795 5215 853 5267 ἐν
879 5215 1076 5284 γνώσει
1101 5218 1585 5289 ἐγκρατευόμενος,
1690 5237 1697 5252 ‘

1690 5223 1776 5276 via
1804 5223 2067 5290 liberavit,
2091 5226 2292 5283 indicto
2307 5227 2513 5283 scilicet
2525 5228 2602 5283 illi
2625 5241 2679 5285 et
2696 5209 2975 5300 jejunioet
2993 5249 3256 5305 :rgroruin

71 5315 119 5350 ρκ
150 5299 260 5369 ἔχει
283 5302 364 5355 δτι
390 5303 589 5376 ἀρετὴν
617 5309 777 5359 ποιεῖ’
800 5306 920 5360 οὐδὲ
945 5309 1085 5362 θέλει
1117 5310 1474 5377 ἐπαινεῖσθαι,
1505 5312 1580 5375 ὡς
1693 5336 1697 5360 ι

1693 5328 1822 5368 cura
1858 5333 1873 5366 :
1909 5315 1971 5370 Et
2014 5317 2082 5372 de
2114 5333 2173 5373 re
2205 5321 2306 5375 hac
2345 5320 2710 5391 interrogatus
2752 5299 3076 5393 respondit;
3125 5325 3256 5380 nihil

71 5394 266 5463 τκητής
292 5411 305 5424 ·
339 5395 473 5450 ἀλλά
500 5396 612 5466 ἔχει
643 5398 725 5452 ὅτι
761 5399 847 5452 διὰ
872 5401 969 5471 τῆς
1010 5403 1332 5474 ἐγκρατείας
1384 5405 1583 5457 κτᾶται
1688 5421 1697 5454 ι

1688 5420 1809 5459 esse
1833 5407 1973 5475 quod
2011 5407 2150 5464 adeo
2175 5410 2455 5481 passiones
2481 5412 2854 5488 hujuscemodi
2892 5414 3257 5484 exstingueret

72 5486 392 5559 υρροσύνην,
427 5492 518 5543 καὶ
557 5492 636 5544 ὅτι
687 5491 773 5546 διὰ
801 5495 1000 5566 ταύτης
1029 5495 1244 5566 ἔρχεται
1277 5497 1355 5559 εἰς
1381 5497 1574 5549 ταπεί-
1687 5512 1698 5547 '~.

1687 5505 1746 5550 ut
1802 5496 2254 5557 misericordiam.
2305 5501 2361 5557 Si
2401 5486 2526 5572 quis
2564 5507 2691 5560 item
2723 5521 2840 5562 sese
2894 5517 3147 5562 exerceat
3175 5509 3254 5560 vel

1289 5694 1518 5751 VAIUJE
1558 5696 1955 5758 LECTIONES.

172 5882 198 5937 i'
215 5895 330 5942 ot‘le
367 5886 504 5962 περὶι
