4118 6542
739 348 870 416 me
1924 359 1980 418 ε.
2030 357 2417 418 DOROTI'IEI
2483 358 2801 445 Annum

732 482 798 519 ex
841 466 969 519 inan
1049 465 1242 532 gloria,
1278 467 1361 520 vel
1415 479 1471 520 ut
1515 468 1768 522 virtutem
1812 487 1971 537 agere
2023 471 2295 535 videatur;

2409 486 2592 522 νωσινο
2633 472 2710 531 ὡς
2735 468 2986 536 λέγουσιν
3032 471 3082 522 οὶ
3121 470 3384 541 Πστὲρες,
3414 470 3496 522 ὅτι
3538 472 3570 539 ἡ
3611 469 3736 530 ὁδὸς
3764 485 3866 535 της
3896 485 3978 519 τε-

736 569 910 623 neqne
971 556 1057 609 hic
1081 571 1205 610 cum
1233 558 1543 625 cognitione
1579 574 1638 612 se
1688 572 1923 615 exercet.
1982 559 2122 614 Cum
2161 561 2295 614 enim

2401 560 2718 623 πεινὼσεὼς
2765 561 2916 613 ἐστιν
2937 561 2989 612 οἱ
3012 561 3168 613 κόποι
3213 563 3263 613 οἱ
3303 560 3606 630 σωματικοὶ
3639 562 3700 610 ἐν
3742 557 3936 624 γνώσει
3963 572 3977 585 ·

733 647 936 716 aliquid
952 663 1074 703 esse
1090 663 1150 702 se
1163 649 1464 715 existimat,
1488 651 1675 721 incipit
1689 651 1913 707 fratrem
1934 662 2295 708 contemnere.

2398 655 2494 706 καὶ
2524 654 2594 707 τὰ
2619 652 2769 722 ἑξῆς.
2807 653 2920 706 Καὶ
2960 652 3154 714 ἁπλῶς
3178 653 3416 723 ἑκάστην
3461 651 3664 722 ἀρετὴν
3705 649 3885 709 οὕτως
3912 649 3980 700 δεῖ

731 737 799 792 Et
821 739 906 794 hic
931 754 1036 793 non
1059 741 1235 795 solum
1252 742 1481 806 lapidem
1513 760 1683 798 unum
1707 745 1914 812 adiicit,
1935 755 2100 816 atque
2119 749 2295 799 adimit

2394 763 2518 799 ⁸τινα
2544 745 2916 820 ποιεῖνηῶπε
2953 744 3259 813 κτήσασθαι
3297 745 3467 815 αὐτὴν
3501 745 3599 798 καὶ
3628 742 3896 810 γενέαθοιι
3932 743 3979 791 ἐν

730 833 891 896 duos,
923 832 1018 887 sed
1051 833 1367 888 universum
1416 837 1674 905 parietem
1707 837 1902 890 minari
1929 837 2144 892 ruinam
2177 837 2295 891 facit

2400 838 2512 904 ἔξει
2550 838 2741 908 αὐτῆς.
2783 839 2894 890 Καὶ
2943 837 3283 907 εὑρίσκεται,
3322 837 3399 900 ὡς
3449 838 3701 906 εἴπομεν,
3756 835 3788 886 ὁ
3835 833 3980 894 κὼς

728 932 785 976 et
813 925 1131 993 periclitari,
1155 942 1278 982 cum
1312 928 1621 998 proximum
1647 939 1961 985 contemnat
1986 938 2044 985 et
2077 931 2295 1001 judicet.

2404 931 2657 1000 τεχνίτης
2681 929 2982 998 οἶκοδάμος,
3031 928 3332 997 δυνάμενος
3379 926 3515 996 μετὰ
3568 925 3887 994 ἀσφαλείας
3917 923 3980 973 οἱ.

731 1015 835 1078 Qui
869 1027 1048 1071 autem
1072 1019 1360 1074 continens
1387 1028 1472 1074 est
1499 1034 1623 1075 cum
1653 1021 1986 1090 cognitione,
2041 1038 2149 1075 non
2179 1021 2295 1091 quia

2400 1020 2706 1092 κοδομῆσαι
2732 1019 2827 1072 τὸν
2858 1019 2991 1073 ἴδιον
3006 1014 3179 1071 οἷκον.

729 1102 906 1158 virtus
932 1114 1015 1159 est
1033 1107 1385 1169 continentia,
1420 1107 1559 1162 lianc
1579 1119 1813 1171 exercet.
1837 1125 1946 1165 non
1968 1119 2030 1166 ut
2045 1120 2306 1180 tanquam
2344 1107 2503 1164 fortis
2543 1122 2600 1165 et
2661 1109 2963 1165 industrius
2986 1108 3200 1164 laudem
3254 1116 3626 1178 consequatur
3671 1107 3978 1162 humanam.

729 1191 981 1261 sedquia
1037 1195 1263 1250 conlidit
1314 1210 1413 1263 per
1451 1212 1573 1252 eam
1641 1213 1762 1253 sese
1792 1200 1860 1254 ad
1919 1199 2241 1252 modestiam
2290 1209 2706 1268 perventurum,
2772 1207 2832 1254 et
2887 1215 2955 1254 ex
2991 1213 3055 1254 ea
3100 1197 3444 1269 postmodum
3499 1199 3552 1253 in
3597 1198 3974 1252 humilitatem.

731 1284 1029 1344 Senserunt
1066 1291 1266 1345 etenim
1311 1288 1504 1346 Patres
1544 1301 1597 1346 et
1621 1293 1857 1362 majores
1923 1294 2094 1349 nostri
2158 1309 2254 1364 per
2289 1295 2504 1349 labores
2569 1293 2840 1364 corporis,
2871 1293 3003 1349 dum
3043 1294 3236 1348 ﬁerent
3277 1308 3402 1348 cum
3464 1292 3815 1360 cognitione,
3857 1291 3977 1344 viam

725 1395 849 1436 esse
875 1384 942 1438 ad
971 1384 1351 1441 humilitatem.
1388 1385 1454 1442 Et
1484 1388 1557 1442 ita
1585 1388 1804 1443 demum
1821 1403 1961 1460 opus
1983 1398 2069 1444 est
2098 1403 2544 1459 unumquemque
2611 1389 2868 1442 virtutem
2925 1385 3128 1452 facere,
3157 1396 3218 1442 ut
3273 1396 3331 1442 et
3391 1387 3539 1440 illam
3608 1385 3915 1456 possideat.
3937 1402 3979 1442 et

726 1475 781 1528 in
817 1475 1054 1530 habitum
1088 1477 1262 1546 ipsius
1289 1479 1600 1546 perveniat:
1631 1489 1686 1534 et
1713 1490 1842 1534 tunc
1864 1495 1989 1537 sese
2029 1481 2296 1552 optimum
2335 1482 2598 1537 artiﬁcem
2652 1481 2937 1551 intelligat,
2961 1478 3229 1549 optimum
3288 1478 3678 1534 editicatorem
3720 1478 3824 1547 qui
3848 1492 3979 1532 secl-

725 1582 821 1621 rus
846 1570 1116 1636 propriam
1141 1570 1360 1624 domum
1396 1571 1568 1640 possit
1596 1572 1884 1628 aedificare.

797 1656 889 1711 IV.
910 1659 1106 1714 Caveat
1133 1661 1413 1732 igitur'qui
1441 1664 1740 1718 auxiliante
1768 1663 1881 1718 Deo
1909 1665 1975 1718 ad
2009 1666 2154 1720 hunc
2176 1680 2295 1734 pcr-

2469 1666 2542 1718 A'.
2580 1663 2641 1717 '0
2674 1663 2848 1718 θέλων
2877 1659 2973 1718 οὖν
3006 1665 3104 1718 σὺν
3121 1661 3242 1733 Θεῷ
3265 1663 3441 1718 ὲλθεῖν
3470 1665 3553 1726 εἰς
3581 1661 3872 1730 τοσαύτην
3897 1678 3981 1714 aa-

725 1750 976 1807 fectionis
1001 1760 1202 1806 statum
1250 1755 1534 1824 pervenire
1571 1756 1833 1820 voluerit,
1869 1757 1952 1810 vel
1981 1755 2183 1818 dicere,
2215 1757 2295 1811 vel

2401 1754 2502 1824 λὴν
2533 1755 2890 1819 κατάστασιν,
2925 1755 3029 1808 οὐκ
3057 1754 3262 1823 ὀφείλει
3290 1755 3490 1823 λέγειν,
3519 1754 3607 1806 ὅτι
3630 1754 3895 1820 Μεγάλαι
3919 1753 3978 1804 εί-

722 1842 983 1911 wgitare,
1015 1858 1242 1913 magnas
1272 1858 1395 1899 esse
1426 1844 1674 1907 virtutes,
1705 1860 1807 1900 nec
1839 1860 2002 1916 posse
2039 1846 2176 1902 adiri
2203 1862 2295 1902 eas

2399 1847 2487 1900 σὶν
2518 1849 2576 1902 αἱ
2606 1849 2822 1918 ἀρεταὶ,
2860 1847 2954 1902 καὶ
2978 1848 3041 1901 οὐ
3066 1847 3300 1917 δύναμαι
3326 1846 3532 1915 φθάσαι
3578 1846 3786 1908 αὐτάς.
3833 1845 3983 1898 τοῦτο

3855 357 3978 418 1781]
4058 357 4086 418 ι

725 1949 757 1988 a
785 1933 963 1989 nobis.
1012 1933 1127 1990 Hoc
1153 1944 1235 1991 est
1277 1934 1423 1990 enim
1462 1935 1545 1990 vel
1592 1937 1728 1992 nihil
1773 1952 1995 2008 sperare
2022 1937 2075 1993 in
2116 1939 2298 1995 divina

723 2039 848 2094 ope,
878 2024 960 2078 vel
992 2025 1177 2080 animo
1206 2026 1273 2080 ad
1306 2041 1445 2096 opus
1474 2027 1678 2083 bonum
1724 2038 2032 2100 torpescere
2073 2041 2128 2087 et
2170 2031 2295 2086 dor-

724 2115 940 2169 mitare.
966 2114 1141 2171 Dicite
1167 2117 1323 2182 mihi,
1344 2119 1390 2173 si
1411 2135 1575 2189 quam
1609 2121 1861 2176 virtutem
1892 2123 2110 2192 cupitis,
2141 2139 2299 2179 exer-

722 2206 894 2262 cenda
919 2222 982 2262 ea
1009 2217 1093 2262 est
1119 2223 1151 2262 a
1189 2208 1370 2272 nobis,
1394 2225 1732 2281 quacunque
1760 2212 1871 2268 sit:
1904 2223 2029 2268 sunt
2059 2215 2204 2269 enim
2239 2215 2294 2270 in

722 2297 881 2352 nobis
914 2299 1163 2366 virtutes,
1192 2309 1250 2354 et
1286 2301 1423 2357 bene
1457 2304 1677 2372 operari
1715 2319 1838 2358 cum
1865 2307 2140 2372 volumus,
2169 2323 2296 2378 pos-

722 2405 934 2447 sumus.
982 2391 1119 2448 Ecce
1150 2393 1203 2446 iu
1260 2393 1379 2463 lege
1421 2395 1714 2450 scribitur:
1754 2395 1952 2465 Diliges
1993 2402 2294 2466 proximum

723 2493 872 2536 tuum
911 2483 1046 2537 sicut
1100 2493 1150 2538 te
1192 2483 1366 2552 ipsum
1406 2494 1455 2539 Ρ.
1507 2484 1589 2540 Ne
1636 2487 1888 2544 advertas
1924 2504 2090 2558 quam
2135 2490 2293 2559 longe

2396 1939 2527 2010 γὰρ,
2571 1937 2606 2005 ἢ
2652 1939 2730 2008 μὴ
2776 1938 3092 2002 ἐλπίζοντος
3141 1939 3289 1991 ἐστιν
3327 1938 3408 2002 εἰς
3446 1939 3547 2008 τὴν
3592 1936 3865 2007 βοήθειαν
3901 1936 3983 1989 τώ

2395 2028 2607 2100 Θεοῦ,ῆ
2635 2028 2920 2092 ὀκνοῦντος
2945 2027 3303 2082 ἐπιϐαλέσθαι
3323 2045 3374 2082 τι
3393 2026 3606 2095 ἀγαθοῦ
3629 2045 3646 2058 ο
3680 2027 3818 2079 ἐπεὶ

2394 2117 2580 2170 θέλετε
2603 2118 2805 2188 ἀρετὴν
2825 2116 2922 2171 καὶ
2971 2118 3341 2187 γυμνάζωμεν
3365 2135 3382 2150 ο
3411 2119 3507 2170 καὶ
3550 2116 3795 2185 βλέπε-ιε
3821 2118 3905 2169 ὅτι
3932 2118 3982 2169 ἓν

2394 2208 2527 2278 ἡμῖν
2549 2211 2667 2263 ἐστι
2696 2209 2874 2262 καὶτὸ
2909 2208 3255 2276 κατορθῶσαι
3286 2225 3304 2239 ο
3351 2208 3461 2261 ἰδοὺ
3489 2207 3666 2276 λέγει.
3735 2206 3984 2275 “Tami-

2392 2316 2524 2367 σεις
2560 2300 2668 2354 τὸν
2703 2300 2976 2368 πλησίον
3014 2315 3167 2364 σου,
3199 2302 3280 2367 ὡς
3320 2301 3558 2354 ἑαυτόν.
3591 2299 3691 2370 Μὴ
3743 2299 3981 2369 πρόδζες

2392 2392 2558 2446 πόσον
2583 2393 2795 2464 ἀπέχῃς
2822 2392 2933 2447 ἀπὸ
2958 2393 3060 2462 τῆς
3086 2393 3307 2466 ἀρετῆς,
3329 2392 3422 2445 καὶ
3450 2391 3690 2462 ἄρξηται
3708 2391 3762 2423 ³⁸
3792 2390 3986 2460 δειλιᾷν

2393 2484 2490 2537 καὶ
2521 2484 2704 2553 λέγειν
2727 2500 2743 2514 °
2781 2503 2802 2537 ι
2847 2483 2973 2549 Πῶς
3002 2483 3236 2556 δύναμαι
3266 2483 3556 2553 ἀγαπῆσαι
3582 2483 3682 2536 τὸν
3710 2483 3946 2552 πλήσιον
3968 2525 3986 2547 ,

2389 2575 2468 2638 ὡς
2488 2577 2686 2630 ἑαυτόν
2709 2593 2726 2642 ;
2745 2575 2864 2639 πῶς
2889 2576 3124 2647 δύναμαι
3152 2576 3250 2638 τὰς
3266 2575 3474 2642 θλίψεις
3490 2573 3662 2628 αὐτοῦ
3690 2577 3987 2646 μεριμνᾷν,

2393 2667 2584 2739 ὥσπερ
2607 2668 2710 2732 τὰς
2735 2670 2877 2740 εμὰς
2900 2709 2919 2732 ,
2944 2669 3038 2722 καὶ
3078 2668 3317 2736 μάλιστα
3353 2666 3453 2731 τὰς
3489 2667 3904 2738 κεκρυμμένα
3939 2669 3992 2720 ἐν

720 2573 868 2627 absis
900 2589 931 2627 a
961 2573 1181 2634 virtute.
1211 2589 1280 2628 ne
1301 2576 1489 2631 timere
1517 2576 1743 2645 incipias
1772 2589 1828 2632 et
1853 2579 2070 2634 dicere:
2100 2600 2120 2633 ε
2147 2580 2295 2647 Quo-

720 2665 885 2719 modo
902 2679 1119 2735 possum
1140 2667 1447 2734 proximum
1472 2682 1652 2722 meum
1669 2669 1892 2739 diligere
1908 2680 1966 2725 ut
1980 2686 2068 2726 me
2089 2672 2293 2742 ipsum?

719 2757 1006 2823 Quomodo
1058 2757 1206 2813 illius
1258 2757 1580 2814 aﬂlictiones
1629 2770 1686 2814 et
1732 2763 2013 2831 angustias
2058 2765 2291 2818 scrutari

2393 2762 2455 2829 τῇ
2505 2761 2706 2830 καρδίᾳ
2762 2759 2951 2822 αὑτοῦ,
2999 2759 3068 2823 ἃς
3119 2758 3244 2811 οὔτε
3287 2758 3473 2828 βλέπω
3520 2757 3649 2811 οὔτε
3697 2759 3989 2826 γινώσκω.

719 2864 968 2920 possum,
1007 2859 1062 2903 ct
1092 2864 1188 2904 eas
1225 2851 1460 2904 maxime
1490 2865 1627 2920 quas
1655 2851 1817 2905 corde
1846 2852 2013 2922 tegit:
2043 2867 2167 2908 cum
2193 2867 2290 2908 eas

2393 2851 2579 2921 ὥσπερ
2597 2850 2698 2914 τὰς
2722 2849 2964 2920 ἐμαυτοῦ
2984 2867 3001 2915 ;
3031 2869 3050 2901 ι
3074 2850 3166 2920 Μὴ
3190 2850 3573 2923 ἀποσχολήσῃς
3596 2851 3808 2904 ἑαυτὸν
3835 2853 3919 2915 εις
3940 2853 3995 2904 τὸ

720 2952 823 2993 nec
848 2938 1055 2992 videam
1091 2954 1192 2994 nec
1215 2954 1508 3010 agnoscam
1546 2949 1605 2993 ut
1632 2941 1826 2996 meas?
1853 2960 1872 2992 ι
1906 2941 2024 2996 Noli
2052 2942 2154 2997 ista
2179 2958 2291 2996 me-

2396 2941 2720 3010 λογίσασθαι
2751 2939 2925 2993 ταῦτα
2945 2981 2961 3005 ,
2996 2941 3091 2992 καὶ
3122 2940 3196 3011 μὴ
3233 2940 3464 3010 νομίσῃς
3506 2940 3837 3011 ὑπέρογκον
3863 2937 3995 2994 εἶναι

718 3030 880 3085 ditari
912 3046 928 3084 :
971 3030 1048 3084 ita
1086 3029 1233 3085 enim
1275 3030 1489 3100 putabis
1524 3031 1755 3085 arduum
1804 3032 1935 3103 quid
1982 3043 2037 3087 et
2076 3032 2292 3090 difﬁcile

2394 3034 2490 3086 καὶ
2531 3033 2977 3104 δυσκατόρθαηον
3028 3033 3129 3102 τὴν
3168 3033 3392 3104 ἀρετὴν,
3443 3031 3581 3086 ἀλλὰ
3637 3031 3818 3101 βάλλε
3869 3034 3999 3098 τέως

718 3120 1012 3176 admodum
1032 3136 1156 3177 esse
1182 3121 1457 3176 virtutem.
1481 3121 1552 3176 At
1577 3120 1928 3179 fundamenta
1949 3124 2124 3194 jacias
2142 3141 2293 3195 qua:-

2401 3123 2598 3194 ἀρχὴν,
2630 3124 2907 3178 πιστεύων
2936 3121 3016 3194 τῷ
3044 3122 3184 3194 Θεῷ.
3208 3124 3389 3189 Δεῖξον
3416 3123 3566 3193 αὐτῷ
3591 3124 3702 3194 τὴν
3734 3125 3998 3196 προσίῃ-

717 3229 933 3285 eunque
955 3225 1126 3284 potes,
1153 3214 1205 3268 in
1236 3211 1469 3268 Domino
1491 3216 1754 3271 confisus.
1779 3213 2022 3272 Ostende
2046 3217 2290 3273 studium

2403 3214 2488 3266 σίν
2521 3231 2638 3279 σου,
2668 3213 2765 3268 καὶ
2791 3213 2894 3283 τὴν
2930 3211 3190 3280 σπουδὴν,
3224 3212 3318 3265 καὶ
3348 3211 3569 3283 βλέπεις
3595 3212 3704 3284 τὴν
3739 3211 4001 3281 βοήθειαν

718 3315 776 3362 et
820 3305 1148 3360 desiderium
1186 3314 1341 3360 tuum
1388 3305 1506 3369 illi,
1551 3306 1845 3377 statimque
1883 3307 1978 3362 tibi
2027 3309 2290 3364 auxilium

2393 3306 2457 3376 ἢν
2492 3305 2727 3376 παρέχει
2755 3322 2840 3363 σοι
2863 3306 2945 3368 εἰς
2967 3304 3031 3357 τὸ
3055 3302 3414 3374 κατορθῶσαι.
3442 3299 3571 3358 οἷον
3600 3304 3788 3373 λέγω,
3833 3304 3999 3360 ’Υπὸ-

718 3397 933 3451 coalitus
963 3396 1155 3452 adesse
1195 3396 1261 3451 ad
1305 3396 1442 3450 bene
1475 3395 1744 3466 agendum
1791 3397 2013 3452 senties.
2047 3399 2290 3469 Exempli

2393 3395 2486 3448 θου
2541 3413 2632 3466 μοι
2680 3395 2778 3449 δύο
2813 3395 3088 3465 κλίμακας
3115 3390 3280 3448 εἶναι’
3326 3394 3426 3466 τὴν
3452 3394 3555 3464 μὲν
3595 3395 4001 3467 ἀναφέρουσαν

717 3495 896 3540 autem
935 3485 1109 3556 gratia
1163 3484 1304 3554 finge
1341 3485 1586 3555 geminas
1629 3485 1805 3540 scalas
1832 3527 1848 3551 ,
1879 3501 2042 3540 unam
2076 3503 2198 3557 qua:
2234 3488 2288 3542 in

2393 3487 2502 3541 ἂνω
2544 3487 2626 3548 εἰς
2667 3486 2762 3539 τὸν
2800 3485 3050 3556 οὐρανὸν.
3084 3485 3179 3538 καὶ
3220 3485 3319 3555 τὴν
3353 3484 3520 3555 ἄλλην
3556 3488 4000 3557 καταφέρει-παν

718 3578 916 3634 omium
939 3586 1116 3633 erecta
1139 3577 1231 3642 sit,
1257 3576 1482 3632 alteram
1502 3592 1624 3647 qua:
1650 3576 1717 3631 ad
1747 3577 1953 3633 inferos
1975 3593 2149 3649 usque
2171 3589 2290 3635 ten-

2393 3578 2539 3632 κάτω
2601 3579 2682 3641 εἰς
2710 3577 2802 3632 τὸν
2844 3577 3004 3649 ᾅδην,
3032 3577 3130 3629 καὶ
3154 3577 3219 3629 σὺ
3251 3577 3464 3630 ίπασαι
3511 3576 3594 3638 εἰς
3617 3578 3728 3647 τὴν
3771 3578 3887 3647 γῆν
3909 3577 4002 3648 μι-

718 3671 832 3734 dat,
865 3678 922 3724 et
947 3678 1000 3724 te
1025 3668 1169 3724 inter
1195 3668 1384 3722 ambas
1412 3669 1651 3722 medium
1687 3676 1816 3738 puta
1847 3686 1861 3722 :
1894 3683 2076 3724 annon
2109 3679 2288 3724 tecum

2393 3686 2484 3723 σον
2513 3668 2622 3722 τῶν
2647 3669 2743 3724 δύο
2781 3669 3092 3740 κλιμάκων.
3129 3668 3221 3739 Mi;
3250 3668 3480 3742 θελήσῃς
3516 3667 3869 3734 λογίσασθαι
3914 3671 4002 3722 καὶ

719 3761 988 3831 cogitares
1017 3766 1072 3814 et
1102 3759 1348 3814 diceres:
1391 3757 1508 3824 Qua
1548 3775 1768 3826 possum
1801 3760 1888 3814 via
1918 3775 1984 3815 ex
2015 3769 2158 3816 terra
2189 3763 2291 3816 hac

2393 3762 2604 3815 εἰπεῖν·
2634 3761 2760 3825 Πῶς
2805 3760 3043 3831 δύναμαι
3097 3760 3430 3830 πετασθῆναι
3479 3760 3548 3814 ἐκ
3591 3761 3699 3832 τῆς
3735 3763 3874 3832 τῆς,
3912 3764 4000 3815 καὶ

720 3853 774 3905 in
809 3851 1020 3921 apicem
1055 3849 1324 3904 scalarum
1359 3849 1553 3904 harum
1589 3865 1713 3920 qua
1741 3853 1809 3905 ad
1840 3852 2008 3907 cmlos
2041 3853 2287 3925 dirigun-

2393 3853 2682 3926 εὑρεθῆναι
2736 3854 2884 3920 ἅπαξ
2931 3855 3046 3908 ἄνω
3095 3855 3176 3916 εἰς
3208 3853 3270 3906 τὸ
3315 3853 3484 3924 ἀκρον
3524 3851 3632 3921 τῆς
3673 3853 3996 3923 κλιμακίδες

721 3953 830 4007 tur,
859 3942 1114 3996 evolare?
1139 3939 1207 3996 At
1233 3955 1405 4011 ineque
1436 3942 1485 3996 ia
1523 3942 1781 4011 possibile
1810 3942 1973 4015 442
1998 3954 2162 4008 esset,
2195 3961 2290 4000 ne-

2398 3945 2537 3998 Οῦτε
2559 3946 2670 4016 γὰρ
2697 3945 2920 3999 δυνατόν
2943 3946 3112 4007 ἐστιν.
3133 3943 3258 3997 οὔτε
3276 3944 3574 4013 ἀπαιτῆσαι
3598 3945 3631 3996 ὀ
3651 3943 3798 4007 Θεὸς
3819 3944 3996 3997 sorite:

717 4048 826 4099 que
871 4033 1001 4088 talia
1053 4031 1197 4087 Deus
1254 4031 1352 4087 abs
1401 4041 1452 4087 te
1507 4033 1754 4104 requirit.
1819 4033 2068 4105 Requirit
2105 4047 2287 4092 autem

2393 4037 2523 4090 ἀλλὰ
2552 4034 2788 4105 φύλαξαι
2831 4035 2996 4098 τέως,
3031 4035 3106 4105 μὴ
3147 4033 3428 4088 κατελθεῖν
3471 4033 3648 4086 κᾶτι-ι’
3699 4035 3785 4105 μὴ
3829 4052 3997 4087 Itast.)-

721 4125 817 4178 tibi
848 4132 907 4178 ut
931 4137 1125 4179 caveas
1154 4137 1221 4176 ne
1254 4120 1481 4178 inferius
1511 4123 1713 4179 labaris
1739 4131 1794 4178 et
1822 4140 2072 4187 corruas,
2100 4142 2168 4182 ne
2201 4129 2287 4182 in-

2393 4131 2622 4199 ποιήσῃς
2649 4128 2742 4181 τὸν
2777 4127 3006 4197 πλησίον
3028 4169 3044 4191 ,
3081 4127 3157 4197 μὴ
3189 4125 3419 4198 πλήξῃς.
3453 4124 3532 4196 μὴ
3565 4127 3996 4199 κατειλύήης.

715 4216 860 4287 juria
889 4217 1195 4286 proximum
1237 4213 1460 4277 aﬂleias,
1492 4230 1559 4270 ne
1587 4219 1893 4285 percutias.
1925 4233 1992 4272 ne
2021 4219 2288 4290 obloqua-

2393 4219 2469 4289 μὴ
2494 4219 2816 4290 λοιδορήσῃς
2839 4257 2856 4282 ,
2891 4216 2968 4288 μὴ
2997 4215 3362 4287 ἐξουδενὼσῃς
3394 4230 3409 4244 ’
3445 4216 3540 4267 καὶ
3585 4214 3778 4278 οὕτως
3810 4216 3996 4269 λοιπον

721 4311 817 4369 ris,
857 4322 927 4362 ne
963 4307 1308 4370 convicieris,
1346 4322 1411 4360 ne
1436 4307 1744 4376 despicias;
1777 4319 1832 4362 et
1855 4312 1935 4364 sic
1964 4312 2168 4365 sensim
2201 4311 2287 4366 be-

2393 4311 2524 4379 ἄρχε
2556 4309 2650 4361 καὶ
2678 4308 2988 4378 εὐεργετεῖν
3012 4305 3210 4376 μικρὸν
3238 4305 3328 4358 διὰ
3358 4303 3451 4359 τοῦ
3476 4303 3825 4374 θεραπεύειν
3856 4306 3994 4373 λόγῳ

721 4399 972 4454 nefacere
1017 4398 1250 4468 incipis.
1300 4397 1429 4451 dum
1468 4397 1690 4453 fratrem
1740 4409 1893 4454 tuum
1943 4415 2105 4456 curas
2138 4401 2282 4456 dulci

2393 4403 2481 4454 τὸν
2518 4400 2749 4469 ἀδελφόν
2781 4415 2876 4452 σου
2911 4413 2925 4425 ⁸
2953 4397 3044 4450 διὰ
3069 4396 3228 4450 τοῦτο
3277 4397 3623 4465 συμπάσχειν
3654 4397 3823 4465 αὐτῷ
3856 4412 3872 4424 ·
3905 4399 3997 4449 καὶ

719 4505 992 4550 sermone.
1026 4491 1158 4545 dum
1206 4491 1532 4559 compateris
1577 4491 1693 4556 illi;
1729 4500 1784 4545 et
1825 4507 1950 4546 cum
1990 4508 2048 4547 re
2096 4494 2202 4548 ulla
2235 4495 2285 4548 ei

2393 4493 2484 4545 ἐὰν
2533 4491 2715 4562 χρήσῃ
2773 4489 3122 4559 πράγματος,
3165 4487 3454 4541 ἐπιδιδόναι
3505 4486 3684 4557 αὐτῷ·
3741 4487 3851 4540 καὶ
3901 4488 3994 4540 εὖ.

717 4597 856 4653 opus
885 4580 1066 4646 fuerit,
1095 4583 1287 4638 tradis.
1322 4581 1387 4636 Et
1425 4583 1505 4636 sic
1547 4597 1640 4652 per
1669 4583 1869 4652 gradus
1892 4585 2283 4647 conscendens.

2393 4599 2496 4645 τως
2552 4581 2680 4650 μίαν
2729 4579 2965 4649 βαθμίδα
3017 4579 3411 4649 ἀνερχόμενος,
3464 4577 3660 4645 φθάνει
3713 4579 3827 4632 σὺν
3876 4580 3995 4648 Θεῷ

717 4673 935 4729 tandem
962 4674 1258 4727 auxiliante
1288 4673 1515 4728 Domino
1535 4674 1601 4728 ad
1623 4674 1894 4728 scalarum
1917 4681 2282 4731 summitatem

2393 4673 2482 4725 καὶ
2527 4673 2607 4734 είς
2651 4671 2713 4724 τὸ
2749 4671 2920 4738 ἄκρον
2961 4670 3060 4739 τῆς
3095 4669 3380 4736 κλίμακος.
3420 4667 3520 4720 Διὰ
3554 4668 3670 4738 γὰρ
3707 4669 3818 4722 τοῦ
3852 4673 3994 4722 κατὰ

718 4765 1022 4833 pervenies.
1079 4763 1156 4818 Ex
1206 4764 1308 4818 hoc
1335 4765 1481 4819 enim
1519 4763 1734 4818 modico
1766 4765 1973 4820 auxilio
2007 4767 2278 4832 proximi,

2393 4764 2588 4834 μικρὸν
2630 4762 2849 4832 βοηθεῖν
2897 4761 2976 4831 τῷ
3015 4760 3242 4830 πλησίον
3261 4800 3276 4822 ,
3304 4761 3440 4830 ἔρχῃ
3465 4760 3558 4812 καὶ
3590 4762 3676 4820 εἰς
3709 4761 3783 4813 τὸ
3816 4761 3994 4814 θέλειν

720 4854 786 4908 ad
818 4852 871 4907 id
901 4855 1221 4910 conscendis
1253 4863 1311 4908 nt
1334 4862 1486 4924 optes
1526 4854 1870 4909 commodum
1910 4863 1964 4910 et
1994 4857 2281 4911 utilitatem

2393 4855 2444 4908 ιδ
2491 4853 2766 4924 συμφέρον
2811 4851 2982 4923 αὐτῷ,
3024 4851 3102 4914 ὡς
3140 4851 3202 4904 τὺ
3241 4850 3347 4915 σοὶ,
3395 4851 3680 4920 συμφέρον
3719 4869 3857 4915 σοι,
3900 4855 3993 4904 καὶ

721 4942 840 5012 ejus
867 4945 1010 4999 sicut
1035 4954 1220 5010 tuam;
1251 4953 1302 4999 et
1328 4945 1430 4999 hoc
1452 4953 1556 5010 est,
1592 4943 1788 5014 Diliges
1809 4946 2108 5015 proximum
2131 4956 2279 5000 tuum

2393 4947 2487 5016 τὴν
2511 4945 2782 5014 ὼερὲλειαν
2811 4943 2986 5012 αὐτῷ,
3013 4942 3088 5006 ὡς
3116 4941 3216 5012 τὴν
3249 4943 3366 5012 σήν.
3407 4942 3517 4995 Καὶ
3540 4942 3705 4995 τοῦτό
3739 4944 3874 4996 ἐστι
3905 4944 3987 5002 τὸ,

720 5035 858 5088 sicut
897 5045 946 5089 te
986 5036 1178 5105 ipsum.
1208 5033 1546 5090 Inveniemus
1587 5036 1792 5106 absque
1831 5035 2016 5101 dubio,
2046 5037 2092 5092 si
2128 5053 2277 5108 quae-

2397 5035 2756 5106 Ἀγαπήσεις
2805 5034 2914 5088 τὸν
2953 5033 3223 5100 πλησίον
3260 5048 3400 5097 σου,
3447 5034 3526 5099 ὡς
3547 5033 3803 5087 ἑαυτόν.
3865 5035 3988 5087 Ἐὰν

721 5143 946 5193 ramus;
977 5137 1032 5182 et
1066 5129 1110 5182 si
1146 5126 1313 5183 Deum
1342 5129 1409 5182 ad
1432 5143 1586 5198 opem
1619 5127 1892 5182 ferendam
1937 5129 2278 5194 invocemus,

2393 5127 2728 5197 ζητήσωμεν,
2758 5124 3107 5195 εὑρίσκομεν,
3140 5124 3234 5177 καὶ
3265 5125 3361 5177 ἐὰν
3395 5123 3639 5194 αἰτῶμεν
3676 5124 3778 5176 τὸν
3808 5125 3947 5176 Θεὸν
3971 5162 3987 5183 .

724 5221 905 5273 statim
936 5219 1108 5273 aderit
1144 5234 1244 5274 nos
1283 5219 1612 5274 illuminans.
1661 5218 1798 5272 Dicit
1840 5221 1982 5274 enim
2031 5219 2278 5288 Evange-

2393 5218 2608 5286 φωτίζει
2631 5217 2798 5287 ἡμᾶς.
2823 5215 2988 5283 Λέγει
3021 5216 3130 5284 γὰρ
3157 5218 3216 5269 ἐν
3251 5214 3330 5286 τῷ
3362 5214 3682 5286 Εὖαγγελίῳ
3705 5236 3718 5246 ·
3752 5217 3985 5270 Αἰτεῖτε

725 5309 852 5362 iit-tn
878 5327 890 5361 :
921 5307 1090 5362 Petita
1117 5317 1165 5361 et
1189 5309 1452 5375 accipietis
1475 5325 1492 5360 :
1516 5311 1732 5376 q-uerite
1753 5320 1799 5362 et
1831 5309 2133 5372 invenietis;
2155 5309 2276 5377 pul—

2393 5311 2481 5362 καὶ
2501 5309 2819 5374 δοθήσεται
2848 5307 3010 5375 ὑμῖν,
3035 5305 3254 5375 ζητεῖτε
3271 5310 3366 5362 καὶ
3391 5308 3703 5374 εὑρήσετε,
3731 5309 3984 5376 κρούετε

721 5409 834 5452 suto
862 5410 909 5450 et
941 5401 1204 5467 aperietur
1235 5399 1374 5452 vobis
1399 5410 1446 5452 τι.
1483 5397 1651 5451 Potite
1672 5439 1687 5461 ,
1733 5407 1792 5452 ut
1837 5400 2041 5453 scilicet
2069 5402 2275 5453 ovando

2393 5401 2476 5454 uti
2505 5399 2890 5470 ἀνοιγήσεται
2920 5397 3080 5469 ὑμῖν.
3109 5401 3353 5464 Αἰτεῖτε,
3385 5401 3553 5466 λέγει,
3583 5401 3677 5453 ἵνα
3717 5414 3980 5469 παρακαο

799 5565 821 5599 ιλ
856 5551 1020 5605 Levit.
1058 5569 1170 5614 vix,
1207 5552 1264 5604 l8
1289 5594 1299 5610 .
1329 5552 1506 5608 Matth.
1549 5571 1596 5617 ν,
1642 5555 1732 5615 i3;
1761 5553 1919 5610 λίπε.
1959 5571 2054 5616 xu,
2085 5553 2146 5607 51
2183 5571 2197 5616 ;
2232 5552 2292 5608 Ja

2393 5572 2436 5617 ηι,
2474 5557 2529 5609 8.
2607 5565 2634 5604 ιι
2667 5557 2856 5612 Matth.
2887 5573 2984 5621 νη,
3022 5556 3084 5619 7;
3132 5555 3261 5610 Luc.
3293 5572 3354 5618 Il,
3382 5558 3434 5607 ει,

1995 5673 2220 5726 »λινες
2276 5674 2676 5730 LECTIUNES.

798 5775 836 5803 ³⁸
867 5770 1019 5827 Ferte
1048 5777 1201 5846 σξιςῃ.
