4118 6542
125 541 247 608 1781

1440 551 1820 615 DOCTRINA
1884 554 2033 618 XIV.

3218 552 3353 620 1782

118 658 294 728 λῶμεν
334 658 421 714 διὰ
451 662 549 732 τῆς
591 663 778 734 εὐχῆς.
830 664 904 717 Τδ
938 664 1018 729 δὲ,
1064 666 1301 734 Ζητεῖτε
1350 668 1539 730 ἐστὶν,
1596 665 1685 720 ἵνα

1788 680 2086 734 precemur.
2123 667 2356 735 Quaerite
2378 679 2580 735 autem,
2614 669 2718 724 hoc
2747 677 2851 735 est,
2881 671 3199 726 serutamiui
3226 673 3352 727 dili-

116 748 416 820 ὲρευνῶμεν
465 752 585 817 πῶς
621 754 842 825 ἔρχεται
872 755 1013 829 αῦτη
1057 759 1092 828 ἡ
1115 759 1284 830 ἀρετή
1313 775 1329 791 ο
1356 760 1412 814 τί
1446 762 1596 815 ἐστιν
1618 761 1681 814 τδ

114 840 274 910 φέρον
302 842 469 915 αὐτὴν
491 885 508 909 ,
539 846 594 898 τί
631 848 920 920 ὀφείλομεν
949 851 1173 922 ποιῆσαι
1196 893 1213 918 ,
1239 852 1683 925 τναλκτησώμεθα

109 933 293 1003 αὐτήν.
320 934 394 988 Τὸ
432 935 607 1003 οὕτως
642 940 766 994 καθ’
788 941 1027 1015 ἑκάστην
1054 944 1286 1016 ἐρευνᾷν
1312 946 1429 1000 iaci.
1454 945 1538 1011 τὺ,
1565 948 1684 1014 Ζη-

110 1025 257 1080 τεῖτε
285 1026 384 1080 και
400 1030 710 1098 εὑρήσετε.
740 1033 817 1086 Τδ
834 1033 896 1088 δὲ
931 1034 1187 1105 κροῦσαι
1204 1038 1343 1101 ἐστι,
1366 1038 1428 1093 τὸ
1451 1040 1682 1111 ὲνεργῆο

105 1133 193 1171 σαι
233 1118 331 1184 τὰς
379 1122 622 1189 ἐντολάς.
676 1126 947 1193 Ἕκαστος
1005 1129 1116 1198 γὰρ
1157 1129 1391 1202 κρούων,
1432 1131 1523 1186 διὰ
1572 1130 1683 1184 τῶν

104 1210 306 1280 χειρῶν
329 1213 518 1284 κρούει
547 1232 563 1248 ⁸
594 1218 648 1271 ai
676 1216 736 1271 δὲ
762 1221 943 1290 χεῖρες
969 1221 1051 1284 είς
1076 1219 1176 1291 τὴν
1202 1221 1515 1294 πρακτικὴν
1539 1223 1681 1292 λαμ-

102 1301 377 1359 ϐάνονται.
424 1306 663 1379 Θέλομεν
709 1306 806 1365 οὖν
853 1310 930 1382 μὴ
981 1312 1145 1384 μόνον
1171 1316 1360 1377 αἰτεῖν.
1409 1313 1546 1369 ἀλλὰ
1588 1316 1683 1370 καὶ

104 1392 286 1460 ζητεῖν
341 1398 729 1465 σπουδάζοντες
778 1403 872 1457 καὶ
898 1406 1085 1460 ποιεῖν
1112 1402 1270 1471 εἶναι,
1329 1407 1404 1472 ὡς
1451 1402 1604 1462 εἶπεν
1653 1411 1684 1464 ὁ

112 1483 439 1552 Ἀπόστολος
463 1506 477 1520 ο
500 1492 969 1563 [inruperant-iret
994 1496 1083 1563 είς
1106 1496 1232 1553 πᾶν
1243 1499 1420 1569 ἔργον
1433 1499 1682 1571 ἀγαθόν.

100 1573 166 1626 Τί
186 1577 304 1630 ἐστι
321 1582 782 1652 κατηρτισμένοι
802 1584 908 1651 ;"O
917 1603 1009 1641 ταν
1021 1603 1106 1649 τις
1127 1587 1256 1661 θέλῃ
1274 1593 1684 1647 κατασκευᾶσαι

95 1664 303 1732 πλοῖον,
356 1670 578 1742 πρῶτον
629 1674 909 1746 ἑτοιμάζει
957 1680 1139 1733 πᾶσαν
1190 1679 1291 1751 τήν
1346 1683 1537 1753 χρείαν
1583 1682 1682 1737 τοῦ

94 1758 286 1813 πλοίου
313 1760 424 1826 ἕως
455 1764 552 1819 καὶ⁵
579 1767 791 1838 μικρῶν
816 1770 1080 1842 ὴλαρίων,
1099 1772 1195 1826 καὶ
1224 1776 1430 1846 μικρᾶς
1456 1775 1681 1846 πίσσης.

92 1851 191 1903 καὶ
214 1852 425 1926 μικροῦ
461 1858 731 1913 στυππίου
768 1876 784 1890 ·
811 1861 1013 1931 ὁμοίως
1039 1864 1134 1917 καὶ
1160 1848 1402 1937 ἱστάριον
1429 1865 1526 1921 ἰὰν
1552 1867 1682 1941 θέλῃ

89 1945 230 2045 γυνὴ
274 1947 502 2064 stipat,
529 1952 807 2064 evanida:
847 1954 1076 2064 ἒιοςῖιαι
1106 1960 1304 2031 μικροῦ
1350 1962 1640 2032 ῥάμματος
1662 1980 1681 1997 ⁸
1715 2008 1757 2064 Β

86 2036 251 2090 τοῦτο
287 2036 514 2108 λέγεται
555 2043 850 2116 κατάρτιον
869 2046 937 2101 τὺ
963 2045 1110 2119 ἔχειν
1156 2052 1339 2106 πᾶσαν
1367 2052 1467 2124 τὴν
1494 2052 1684 2126 χρείαν

87 2128 518 2205 ἡτοιμασμένην
545 2135 641 2189 τοῦ
678 2138 1021 2209 πράγματος.

158 2316 239 2371 E'.
266 2316 467 2384 Οὕτως
490 2315 584 2376 οῦν
606 2321 694 2376 ἴνα
733 2323 904 2394 ἐσμὲν
933 2325 1030 2378 καὶ
1053 2326 1218 2397 ἡμεῑς
1262 2331 1683 2403 κατηρτισμένοι

80 2408 168 2472 εἰς
195 2410 311 2462 πᾶν
336 2409 510 2482 ἔργον
541 2414 768 2484 ἀγαθὸν,
799 2417 1015 2488 ἔχοντες
1035 2421 1219 2477 πᾶσαν
1235 2422 1335 2494 τὴν
1364 2424 1685 2497 ἑτοιμασίαν

82 2502 271 2571 ἡμῶν,
305 2505 396 2567 εἰς
423 2505 489 2559 τὸ
533 2510 702 2562 ποιεῖν
731 2509 793 2563 τὸ
831 2510 1045 2582 θέλημα
1071 2512 1167 2568 τοῦ
1186 2513 1336 2570 Θεοῦ
1378 2517 1519 2588 μετὰ
1540 2518 1684 2589 γνώ-

81 2610 248 2660 σεως,
272 2596 357 2661 ὡς
391 2597 543 2653 θέλει
568 2600 662 2655 καὶ
686 2600 762 2665 ὥς
797 2603 1022 2674 ἀρέσκει
1055 2607 1225 2679 αὐτῷ.
1260 2609 1327 2663 Τί
1359 2611 1507 2664 εστιν
1528 2611 1558 2666 θ
1591 2610 1682 2666 λέ-

78 2702 171 2752 γει
198 2690 230 2741 ὁ
278 2689 634 2756 Ἀπόστολος’
671 2695 742 2748 Τὸ
768 2694 1000 2765 θέλημα
1024 2692 1134 2753 τοῦ
1179 2699 1329 2755 Θεοῦ
1359 2701 1428 2756 τὸ
1457 2703 1685 2774 ἀγαθὸν

80 2779 187 2832 καὶ
219 2781 573 2850 εὐάρεστον
608 2785 709 2840 καί
758 2781 1027 2850 relator;
1068 2790 1252 2846 Πάντα
1295 2810 1366 2847 τα
1393 2796 1682 2868 γενόμενα,

77 2870 115 2940 ἦ
144 2874 298 2929 κατὰ
321 2874 679 2948 συγχώρησιν
698 2878 834 2933 Θεοῦ
858 2897 1086 2950 γινεται,
1108 2885 1141 2955 ἦ
1166 2886 1289 2940 κατ’
1316 2886 1582 2955 εὐδοκίαν,
1607 2890 1685 2955 ὡς

78 2961 241 3031 λέγει
271 2966 337 3017 ὲν
367 2966 453 3038 τῷ
478 2970 756 3041 προφήτῃ·
803 2972 952 3042 Ἐγὼ
979 2975 1404 3045 Κύριος.ποιῶν
1419 2978 1564 3049 φῶς,
1585 2981 1684 3036 καὶ

78 3054 310 3115 κτίζων
361 3060 592 3126 σκότος
615 3077 630 3092 ’
669 3063 766 3116 καὶ
820 3063 1005 3133 πάλιν,
1056 3069 1178 3122 Οὐκ
1220 3067 1354 3123 ἔστι
1395 3072 1574 3125 κακία
1612 3072 1687 3127 ἐν

76 3145 296 3208 πόλει,
328 3144 420 3212 ἢν
450 3150 484 3201 ό
533 3150 747 3216 Κύριος
775 3153 888 3206 οὐκ
935 3153 1241 3223 ἐποίησεν.
1295 3159 1512 3214 Κακίαν
1538 3160 1686 3231 λέγει

75 3237 276 3290 πάντα
304 3237 383 3291 τὰ
415 3240 704 3294 κακωτικά
726 3257 742 3272 ο
768 3243 932 3297 οἱονεὶ
957 3243 1024 3297 τὰ
1059 3244 1284 3319 θλιὸερὰ
1313 3248 1383 3302 τὰ
1425 3251 1687 3322 γινόμενα

76 3326 230 3398 πρὸς
272 3329 576 3383 παίδευσιν
604 3331 758 3401 ἡμῶν
801 3333 889 3388 διὰ
927 3334 1026 3408 τὴν
1054 3338 1253 3391 κακίαν
1284 3340 1440 3410 ἡμῶν
1467 3358 1484 3373 °
1526 3342 1687 3398 ἅτινά
1710 3350 1754 3408 C

74 3420 225 3483 ἔστι,
256 3420 456 3491 λιμὸς,
485 3423 731 3494 σεισμὸς,
758 3426 1015 3497 ἀϐροχία,
1041 3427 1207 3493 νόσοι,
1230 3430 1473 3503 πόλεμοι.
1498 3431 1686 3488 Ταῦτα

77 3513 144 3565 οὐ
178 3513 451 3581 γίνονται
477 3516 599 3568 κατ’
622 3515 870 3580 εὐδοκίαν
898 3517 1053 3584 Θεοῦ,
1086 3518 1222 3575 ἀλλά
1239 3522 1379 3576 κατὰ
1409 3523 1690 3597 συγχώρη-

72 3615 190 3662 etv.
226 3604 659 3675 συγχωροῦντος
691 3604 786 3658 τοῦ
823 3606 960 3661 Θεοῦ
1002 3608 1361 3682 ἐπενεχθῆναι
1392 3614 1525 3685 ἡμῖν
1550 3614 1691 3687 πρὸς

71 3692 143 3745 τὸ
163 3693 496 3763 συμφέρον.
517 3694 703 3750 Ίάῦτα
723 3691 819 3752 οὖν
844 3698 908 3752 οὐ
927 3697 1072 3754 θέλει
1097 3701 1244 3771 ἡμᾶς
1271 3701 1445 3758 θέλειν
1468 3704 1499 3758 ὁ
1533 3704 1682 3770 Θεὸς,

67 3783 208 3836 οὐδὲ
257 3784 593 3855 συντρέχειν
613 3786 764 3857 αὐτῷ
785 3803 800 3817 ·
845 3783 959 3842 οἷόν
1000 3807 1054 3842 τι
1078 3789 1241 3860 λέγω.
1275 3792 1432 3848 Ἐστι
1477 3792 1691 3868 θέλημα

71 3873 254 3939 Θεοῦ,
299 3872 390 3938 ὡς
416 3875 649 3946 εἰπομεν
682 3878 824 3933 κατά
868 3879 1217 3952 συγχώρησιν
1242 3922 1259 3948 ,
1286 3883 1351 3938 τὸ
1385 3889 1689 3958 στραφῆναι

68 3967 278 4022 πόλιν.
310 3968 401 4021 Οὐ
443 3967 589 4022 θέλει
615 3964 713 4023 οὖν
734 3972 905 4041 ἡμᾶς,
933 3973 1123 4045 ἐπειδὴ
1152 3972 1367 4048 θέλημα
1407 3978 1545 4033 Θεοῦ
1571 3979 1690 4033 εστι

71 4060 429 4131 στραφῆναι
453 4060 645 4132 αὐτὴν,
676 4062 763 4116 ἵνα
804 4063 1054 4135 βάλωμεν
1104 4066 1201 4121 καὶ
1233 4068 1393 4138 ἡμεῖς
1432 4068 1566 4141 πῦρ,
1594 4071 1690 4125 καὶ

66 4149 439 4220 καόσωμεν,
474 4149 509 4220 ἢ
536 4150 622 4205 ἵνα
648 4151 902 4225 λάϐωμεν
946 4153 1136 4221 ἀξίνας
1172 4158 1266 4211 καὶ
1296 4159 1690 4232 καταστρέψωι

69 4258 237 4311 μενς
286 4241 476 4296 Πάλιν
503 4242 811 4315 εὑρίσκεται
852 4246 1197 4318 συγχώρησις
1238 4246 1408 4312 Θεοῦ,
1439 4249 1528 4305 ῐνα
1574 4250 1692 4312 θλιφ

63 4334 145 4405 δῇ
186 4350 319 4396 τις,
375 4332 411 4405 ἧ
449 4333 535 4387 ἵνα
554 4335 906 4408 ἀρρωστήσῃ,
935 4338 1035 4391 οὐκ
1071 4338 1257 4412 insidi]
1287 4339 1501 4413 θέλημα
1527 4342 1691 4397 αὐτοῦ

65 4426 271 4486 ἐστιν,
301 4424 409 4478 ἵνα
438 4423 626 4496 θλισῇ·
655 4425 798 4481 θέλει
838 4428 988 4498 ἡμᾶς
1018 4427 1107 4484 ἴνα
1134 4428 1407 4503 θλίσωμεν
1442 4432 1626 4501 αὐτὸν,
1654 4434 1690 4506 ἦ

65 4518 168 4572 ἵνα
239 4519 537 4588 εἴπωμεν,
585 4518 669 4571 ὅτι
723 4518 910 4591 ἐπειδὴ
956 4519 1168 4593 θέλημα
1216 4522 1354 4578 Θεοῦ
1408 4525 1558 4581 έστιν
1606 4527 1695 4581 ινα

63 4610 422 4681 ασθενήσῃ,
489 4608 565 4681 μὴ
601 4610 914 4682 ἐλεήσωμεν
943 4613 1107 4667 αὐτόν
1129 4632 1144 4682 ;
1168 4614 1341 4670 Τοῦτο
1370 4617 1433 4670 οὐ
1481 4616 1625 4672 θέλει
1663 4620 1695 4673 ὁ
1740 4620 1743 4624 ’

1782 766 1972 828 genter
1998 775 2110 830 quo
2136 760 2390 816 adveniat
2415 761 2592 817 virtus
2623 760 2677 815 in
2699 775 2819 824 vos,
2841 762 2974 831 quid
3000 762 3350 833 potissimum

1782 847 1856 902 sit
1878 850 2022 919 quod
2046 865 2168 906 eam
2201 849 2411 914 all'erat.
2439 852 2569 920 quid
2599 851 2868 922 agendum
2892 852 3071 919 nobis,
3103 862 3163 908 ut
3202 853 3350 909 illam

1782 952 2184 1009 consequamur
2213 949 2269 995 et
2292 938 2700 1010 possideamus:
2727 949 2783 998 et
2813 942 2918 997 hoc
2947 952 3050 1008 est,
3078 945 3225 1015 quod
3252 945 3350 1007 ait,

1780 1030 2020 1095 demite,
2048 1033 2289 1103 quotidie
2311 1033 2559 1090 videlicet
2585 1036 2687 1091 ista
2718 1035 3100 1105 pervestigare.
3130 1035 3353 1092 Pnlsare

1782 1133 1964 1180 autem
2003 1135 2088 1181 est
2128 1137 2393 1198 praecepta
2441 1126 2648 1184 Domini
2698 1130 2988 1185 observare
3033 1136 3090 1183 et
3130 1130 3349 1185 tacere:

1782 1216 1877 1287 qui
1909 1216 2054 1272 enim
2085 1219 2284 1289 pulsat,
2322 1220 2580 1276 manibus
2604 1220 2783 1290 pulsat
2810 1239 2826 1276 :
2856 1236 3057 1276 manus
3091 1219 3259 1291 igitur
3284 1224 3350 1276 ad

1783 1307 2025 1364 actiones
2053 1309 2417 1379 designaudas
2449 1310 2810 1379 accipiuntur.
2844 1308 3029 1364 innuit
3060 1308 3228 1371 icitur
3255 1323 3354 1363 nu-

1784 1398 1869 1454 bis
1899 1413 2009 1453 non
2039 1396 2219 1455 solum
2266 1400 2556 1470 petendum
2599 1414 2740 1465 esse,
2782 1402 2878 1455 sed
2915 1408 2969 1453 et
2999 1397 3351 1470 quaerendum

1783 1501 1838 1547 et
1860 1492 2205 1561 pulsandum,
2240 1491 2318 1547 ita
2344 1489 2423 1558 ut,
2447 1492 2607 1563 juxta
2639 1491 2957 1561 Apostolum
2991 1510 3005 1546 :
3058 1489 3257 1546 Patavi
3278 1491 3353 1546 ai-

1784 1600 1900 1638 unt:
1926 1592 1978 1638 et
2008 1582 2228 1652 perfecti
2253 1583 2310 1639 in
2332 1599 2484 1638 omne
2520 1598 2653 1652 opus
2677 1581 2867 1636 bonum
2896 1591 2944 1638 ι’.
2975 1580 3116 1649 Quid
3138 1592 3222 1637 est
3249 1596 3353 1636 au-

1786 1685 1892 1733 tem
1921 1676 2145 1747 perfecti
2170 1677 2197 1732 2
2238 1674 2632 1732 ΛΕιΙίθοειιιι-ιιε
2670 1676 2794 1747 quis
2836 1690 3069 1740 navem,
3115 1672 3350 1744 primum

1782 1774 2050 1839 praeparat
2089 1780 2428 1837 quacunque
2477 1765 2784 1821 necessaria
2829 1763 2897 1820 ad
2926 1778 3046 1820 eam
3084 1771 3254 1828 sunt,
3297 1773 3353 1818 et

1785 1862 1958 1929 picem
1985 1867 2042 1915 et
2070 1866 2287 1931 stupam
2326 1866 2382 1914 et
2416 1857 2620 1914 clavos.
2666 1857 2733 1912 Et
2771 1855 2970 1912 mulier
2997 1869 3122 1910 cum
3160 1855 3352 1911 textri-

1783 1967 1915 2008 num
1945 1950 2157 2023 erigere
2183 1950 2420 2008 voluerit
2444 1949 2530 2006 vel
2559 1949 2722 2005 telam
2758 1956 2959 2015 texere,
2980 1946 3219 2018 disponit
3242 1946 3353 2016 pri-

1785 2056 1934 2099 mum
1950 2058 2293 2115 quaecunque
2312 2042 2641 2107 necessaria,
2660 2041 2822 2097 etiam
2847 2039 2936 2095 illa
2959 2038 3351 2094 minutissima:

1782 2144 1838 2191 et
1862 2135 1966 2191 hoc
1998 2142 2084 2191 est
2115 2134 2358 2205 perfecti,
2386 2135 2587 2190 habere
2610 2147 2830 2189 onmem
2868 2132 2948 2188 rei
2979 2131 3358 2188 necessitatem

1782 2237 2161 2300 praeparatam.

1858 2317 1921 2377 ν.
1953 2319 2025 2376 Ut
2054 2320 2218 2391 igitur
2246 2320 2420 2376 simus
2452 2326 2508 2375 et
2550 2334 2652 2376 nos
2686 2318 2908 2390 perfecti
2941 2318 2995 2373 in
3029 2332 3189 2374 omne
3215 2331 3356 2388 opus

1783 2411 2009 2478 bonum,
2038 2412 2334 2469 habeamus
2362 2426 2581 2469 omnem
2618 2426 2806 2469 curam
2846 2419 2902 2467 et
2938 2410 3278 2480 diligentiam
3303 2418 3358 2464 et

1783 2505 2268 2578 promptitudinem
2301 2515 2567 2573 nostram,
2598 2506 2668 2563 ad
2696 2505 3079 2576 perficiendam
3114 2502 3355 2559 divinam

1782 2600 2116 2656 voluntatem
2165 2614 2288 2655 cum
2329 2599 2639 2672 cognitione
2665 2639 2683 2666 ,
2710 2611 3036 2670 quacunque
3075 2597 3132 2652 in
3174 2611 3235 2652 re
3279 2595 3359 2651 illi

1783 2693 2043 2765 placitum
2082 2690 2264 2747 fuerit.
2312 2687 2470 2759 Nam,
2497 2698 2559 2747 ut
2600 2691 2679 2746 ait
2716 2691 3055 2762 Apostolus:
3100 2686 3357 2743 Voluntas

1781 2784 1885 2840 Dei
1915 2785 2074 2849 bona,
2101 2782 2436 2854 beneplacens
2468 2792 2517 2838 et
2558 2782 2789 2854 perfecta
2827 2794 2901 2839 est
2932 2793 2981 2838 ³.
3031 2779 3229 2838 Omnia
3256 2796 3360 2836 au-

1782 2886 1890 2933 tem
1915 2891 2252 2947 quaecunque
2292 2875 2428 2931 fiunt
2453 2915 2470 2939 ,
2503 2875 2847 2946 permittente
2890 2871 3000 2930 Deo
3040 2873 3127 2929 vel
3166 2872 3357 2944 dispo-

1783 2978 1946 3025 nente
1974 2970 2130 3034 liunt,
2160 2975 2220 3021 ut
2249 2966 2380 3023 dicit
2405 2968 2520 3038 ipse
2548 2967 2603 3022 in
2630 2969 2933 3039 propheta:
2960 2964 3073 3038 Ego
3104 2965 3358 3020 Dominus

1782 3063 1983 3133 faciens
2011 3060 2181 3115 lucem
2207 3069 2258 3115 et
2288 3076 2472 3115 creans
2502 3058 2739 3115 tenebras
2773 3061 2817 3114 ί.
2867 3061 2936 3115 Ει
2964 3059 3158 3116 iterum
3186 3078 3200 3113 :
3233 3057 3359 3114 Non

1781 3164 1863 3209 est
1897 3153 2098 3207 malum
2125 3153 2180 3208 in
2220 3154 2450 3219 civitate,
2479 3151 2619 3222 quod
2651 3167 2753 3206 non
2795 3152 2976 3220 fecerit
3022 3149 3276 3205 Dominus
3304 3162 3358 3206 ιι.

1784 3245 1984 3301 Malum
2012 3244 2144 3300 dicit
2177 3243 2496 3300 alllictiones
2531 3252 2586 3299 et
2618 3243 2900 3316 angustias
2931 3257 3054 3313 qua:
3083 3242 3150 3296 ad
3191 3241 3362 3298 disci-

1786 3339 1986 3408 plinam
2032 3345 2275 3393 nostram
2321 3336 2458 3390 fiunt
2489 3343 2544 3389 et
2581 3333 2724 3388 mala
2768 3340 2956 3388 nostra
2994 3332 3358 3404 corrigenda:

1787 3441 1851 3487 ut
1866 3428 2060 3493 fames,
2082 3428 2419 3498 pestilentiae,
2443 3425 2681 3491 siccitas,
2704 3423 3078 3496 wgritudines,
3101 3423 3242 3479 bella
3259 3414 3360 3495 (l).

1788 3520 1915 3577 Haec
1943 3536 2050 3576 non
2076 3521 2215 3575 fiunt
2245 3536 2312 3575 ex
2334 3520 2519 3575 divina
2555 3519 2832 3574 voluntate
2858 3526 2956 3573 aut
2984 3517 3361 3588 dispositione,

1788 3613 1882 3669 sed
1928 3613 2288 3684 perinlssione
2336 3610 2512 3682 ipsius
2533 3651 2552 3676 ,
2591 3609 2938 3679 permittente
2969 3607 3082 3664 Deo
3108 3622 3173 3663 ea
3202 3606 3363 3662 nobis

1789 3704 2044 3775 ingruere
2089 3702 2159 3758 ad
2202 3702 2489 3758 utilitatem
2531 3709 2797 3757 nostram.
2840 3698 2965 3755 Haec
3003 3707 3183 3755 tamen
3224 3698 3363 3754 velle

1788 3811 1890 3852 uos
1917 3805 2013 3850 aut
2041 3804 2232 3864 optare
2263 3794 2514 3865 prohibet
2555 3792 2698 3849 Deus
2720 3833 2737 3858 ,
2769 3806 2945 3863 neque
2986 3790 3074 3846 his
3098 3790 3216 3846 vult
3260 3806 3363 3846 nos

1787 3902 2157 3945 concurrere:
2191 3895 2252 3942 ut
2282 3885 2433 3943 verbi
2463 3885 2660 3957 gratia,
2702 3883 2957 3940 voluntas
3000 3880 3097 3938 Dei
3138 3890 3225 3939 est
3269 3897 3365 3952 per

1790 3978 2203 4049 permissionem
2225 3986 2286 4032 ut
2316 3977 2447 4033 urbs
2471 3976 2754 4033 diruatur:
2779 3973 3029 4044 nunquid
3055 3973 3221 4029 etiam
3246 3973 3366 4028 vult

1790 4069 1955 4136 Deus,
1995 4085 2118 4126 cum
2153 4068 2324 4141 ipsius
2355 4069 2605 4123 voluntas
2627 4068 2718 4131 sit,
2756 4075 2816 4121 ut
2844 4066 2977 4122 urhs
3003 4075 3151 4131 ruat,
3183 4073 3243 4120 ut
3263 4079 3366 4121 nos

1791 4161 1998 4235 pariter
2028 4161 2179 4217 faces
2207 4160 2567 4215 immittamus
2594 4169 2650 4215 et
2674 4158 3064 4215 comburamus
3091 4171 3249 4222 eam,
3280 4158 3365 4212 vel

1793 4264 1854 4310 ut
1881 4269 2099 4311 secures
2122 4252 2490 4323 suscipiamus
2514 4259 2569 4306 et
2593 4267 2703 4306 una
2724 4250 3006 4306 diruamus
3033 4248 3223 4304 illam?
3244 4245 3366 4305 Per»

1793 4345 1959 4400 mittit
1988 4345 2114 4399 item
2144 4342 2290 4399 Deus
2315 4342 2551 4412 aliquem
2581 4340 2743 4413 allligi
2779 4341 2861 4396 vel
2888 4352 3191 4413 aegrotare;
3224 4355 3367 4394 nun-

1793 4436 1924 4507 quid
1961 4435 2091 4505 quia
2131 4435 2385 4491 voluntas
2416 4433 2510 4490 Dei
2540 4443 2644 4494 est.
2676 4445 2735 4490 ιιι
2781 4433 2827 4490 is
2865 4432 3157 4504 aﬂ'ligatur,
3200 4431 3366 4487 debe-

1796 4543 1919 4583 mus
1944 4528 2148 4598 pariter
2176 4536 2232 4581 et
2254 4542 2508 4603 noseum
2550 4525 2828 4599 aﬂligere?
2870 4540 2940 4579 au
2970 4524 3098 4594 quia
3130 4522 3367 4578 dicimus

1795 4619 2070 4674 voluntate
2107 4617 2290 4674 divina
2338 4618 2566 4674 alterum
2614 4629 2917 4686 egrotare,
2962 4620 3075 4670 non
3121 4613 3366 4670 misereri

63 4704 224 4768 θεὸς
248 4745 269 4770 .
310 4703 387 4755 οὐ
412 4701 556 4756 θέλει
602 4704 749 4774 ἡμᾶς
776 4703 1118 4777 ὑπουργῆσαι
1153 4707 1232 4778 τῷ
1275 4708 1503 4781 τοιούτῳ
1528 4710 1692 4764 αὐτοῦ

1800 4709 1920 4780 ejus
1943 4708 1997 4763 lu
2029 4707 2215 4778 aliquo
2235 4708 2261 4761 ?
2289 4705 2402 4762 Hoc
2440 4722 2545 4762 non
2574 4706 2690 4760 vult
2734 4705 2899 4770 Deus,
2931 4715 2991 4759 ut
3029 4703 3241 4759 scilicet
3267 4718 3365 4758 vo-

65 4795 414 4866 θελήματι.
458 4792 744 4858 Τοιούτους
792 4795 934 4849 θέλει
964 4799 1111 4868 ἡμᾶς
1155 4793 1299 4854 εἶναι
1324 4801 1586 4870 ἀγαθοὺς,
1609 4803 1694 4858 ὅτι

61 4885 267 4948 αὐτὸς
326 4884 365 4936 ὃ
424 4886 586 4949 ποιεῖ,
620 4884 682 4938 οὐ
708 4884 852 4940 θέλει
878 4887 964 4941 ἵνα
1015 4889 1332 4961 θελήσωμεν
1350 4892 1513 4947 αὐτὼ

61 4981 120 5032 τί
187 4977 410 5040 θέλεις
454 4978 610 5031 ϐέλει
667 4980 814 5050 ἡμᾶς
852 4981 914 5035 τὸ
963 4981 1176 5052 θέλημα
1214 4985 1382 5038 αὐτοῦ
1417 4986 1592 5040 θέλειν
1638 4988 1700 5041 τὸ

63 5072 348 5139 ὶγαθὸν,
407 5070 470 5123 τὺ
538 5072 658 5124 κατ’
699 5072 947 5126 εὐδοκίαν
972 5113 987 5139 ,
1040 5074 1116 5137 ὡς
1160 5071 1335 5139 εἶπον,
1390 5078 1696 5149 γινόμενον.

63 5167 282 5222 Τοῦτο
356 5165 417 5218 δέ
448 5167 593 5235 ἐστι,
640 5166 818 5221 πάντα
873 5168 942 5221 τὰ
986 5171 1117 5222 κατ’
1163 5171 1381 5242 ἐντολὴν
1418 5172 1697 5244 γινόμενα,

63 5259 136 5312 τὸ
217 5254 518 5325 ἀλλήλους
573 5258 816 5327 ἀγαπᾷν,
865 5257 926 5309 τὸ
984 5258 1349 5329 συμπάσχειν,
1405 5259 1468 5313 τὸ
1525 5264 1701 5316 ποιεῖν

65 5345 521 5418 ἐλεημοσύνην,
574 5347 670 5400 καὶ
725 5350 825 5402 ὅσα
867 5346 1116 5404 τοιαῦτα.
1183 5348 1315 5404 ’1δού
1370 5351 1433 5405 τὸ
1486 5351 1701 5424 θέλημα

65 5440 177 5494 τοῦ
222 5435 391 5490 Θεοῦ
423 5435 486 5488 τὸ
511 5436 737 5504 ἀγαθόν·
764 5437 816 5490 τί
842 5437 899 5490 δέ
919 5438 1033 5491 ἐστι
1054 5440 1149 5492 καὶ
1170 5440 1462 5511 εὐάρεστον
1484 5457 1501 5507 ς
1537 5443 1702 5499 Οὐδὲν

63 5536 226 5603 γὰρ,
274 5528 390 5583 καὶ
436 5527 608 5581 ποιῶν
652 5545 737 5591 τις
775 5529 997 5598 ἀγαθὸν,
1030 5531 1245 5595 πάντως
1282 5532 1366 5585 ὅτι
1407 5533 1700 5606 εὐάρεστον

65 5623 233 5677 mea
276 5621 462 5673 ποιεῖ.
508 5620 618 5673 Καὶ
649 5619 794 5688 λέγω
826 5621 964 5684 πῶς·
996 5620 1288 5692 Συμσαίνει
1327 5623 1410 5678 ὅτι
1457 5626 1700 5696 εὑρίσκει

154 5817 186 5844 ι’
235 5803 292 5857 ll
330 5800 461 5855 (lor.
493 5817 568 5863 ts,
595 5804 661 5866 ὃς
689 5801 888 5857 ΙΙΤίιιι.
922 5818 1001 5870 ιιι,
1036 5804 1119 5858 l7.

150 5926 219 5994 (ι
242 5938 262 5987 φ
312 5920 492 5994 (laute
523 5924 640 5992 lnge
668 5942 682 5978 :
711 5940 834 5977 nam
862 5924 1063 5979 malum
1092 5940 1267 5991 nmine
1294 5933 1502 5980 certum
1526 5937 1608 5981 est
1632 5943 1697 5980 ex

69 5992 429 6065 .hcologia,
455 5994 649 6050 nedum
686 5995 1030 6063 permittente
1074 5996 1185 6052 Deo
1208 6035 1223 6063 ,
1259 5997 1353 6054 sed
1391 5996 1554 6054 etiam
1587 5999 1700 6053 clli-

1196 5812 1219 5841 ³
1246 5802 1406 5860 Rom.
1439 5804 1611 5868 sine.
1695 5810 1711 5843 ι
1753 5804 1857 5862 lsa.
1888 5820 2010 5874 xcv,

1799 4800 1989 4854 Iuntati
2017 4813 2130 4854 suae
2157 4797 2566 4855 subserviamus
2595 4805 2690 4851 aut
2712 4810 3107 4851 concurramus
3132 4797 3186 4851 in
3222 4795 3364 4851 istis.

1797 4889 1925 4946 Vult
1955 4905 2055 4944 nos
2084 4888 2227 4945 Deus
2258 4904 2381 4943 esse
2424 4888 2620 4952 bonos,
2669 4903 2775 4943 non
2820 4903 2944 4960 qua:
2981 4887 3099 4957 ipse
3137 4888 3369 4943 voluerit

1797 4983 1904 5038 hoc
1930 4981 2095 5036 modo
2135 4991 2195 5036 ut
2226 4980 2477 5037 velimus.
2518 4981 2658 5043 Ouid
2705 4980 2870 5049 igitur
2912 4978 3050 5035 velle
3081 4994 3181 5035 nos
3210 4979 3369 5034 vult?

1798 5070 2142 5128 Voluntatem
2181 5070 2353 5141 ipsius
2394 5071 2613 5133 bonam,
2654 5082 2711 5126 et
2749 5070 3016 5141 quidquid
3065 5085 3160 5141 per
3202 5068 3366 5143 m

1796 5166 1995 5220 bonam
2026 5165 2358 5218 voluntatem
2393 5162 2514 5233 ejus
2558 5161 2636 5216 lit.
2688 5160 2804 5217 Hoc
2850 5169 2933 5216 est
2961 5201 2977 5227 ,
3027 5175 3370 5231 quaecunque

1796 5264 1930 5311 nutu
1958 5263 2013 5309 et
2043 5262 2314 5325 prmeepto
2346 5253 2468 5323 ejus
2495 5252 2756 5308 eveniunt
2795 5260 2850 5306 et
2896 5251 3054 5318 fiunt,
3092 5259 3153 5306 ut
3181 5265 3370 5307 amare

1796 5362 1917 5403 sese
1945 5355 2155 5409 mutuo,
2177 5345 2828 5417 compati,eleemosynas
2848 5344 3047 5411 facere,
3071 5352 3236 5414 atque
3259 5343 3366 5398 alia

1798 5436 2201 5508 hujuscemodi.
2243 5437 2322 5491 En
2364 5438 2504 5492 bona
2547 5437 2799 5493 voluntas
2839 5436 2957 5492 Dei.
3001 5434 3143 5503 Quid
3184 5447 3368 5491 autem

1803 5540 1889 5587 est
1910 5541 1965 5586 et
1995 5528 2391 5598 beneplaeens?
2437 5527 2611 5584 Omne
2643 5529 2847 5584 bonum
2878 5524 3026 5600 quad
3053 5528 3122 5583 ab
3149 5526 3261 5583 ullo
3287 5527 3363 5595 lit,

1804 5624 1908 5679 etsi
1934 5635 2144 5691 semper
2172 5621 2370 5676 bonum
2395 5620 2484 5688 sit,
2524 5637 2629 5677 non
2665 5636 2878 5693 semper
2909 5630 3091 5676 tamen
3120 5620 3373 5692 benepla-

2177 5819 2204 5847 ιι
2232 5812 2394 5863 Amos
2416 5821 2497 5872 ιιι,
2524 5805 2559 5861 6

1807 5926 2002 5988 ciente,
2056 5927 2342 5984 ordinante
2387 5936 2441 5982 ct
2498 5927 2821 5996 disponente
2854 5923 2969 5980 fieri
3013 5942 3039 5996 εΔ
3096 5936 3194 5978 nec
3232 5922 3373 5977 satis

1806 5996 2055 6068 explicito
2089 5998 2157 6055 ad
2212 5999 2425 6071 regulas
2454 5993 2738 6068 tneologia:
2762 5996 2850 6054 hic
2898 5993 3139 6067 loquitur
3161 6003 3374 6053 auctor.
