4118 6542
717 397 855 462 1783
1892 391 1952 450 S.
2014 387 2403 450 DOROTHEI
2462 391 2777 452 ABBATIS
3832 382 3984 447 1785

710 525 843 567 cens
889 516 947 563 et
987 514 1233 578 gratum.
1284 500 1581 572 Subjiciam
1628 498 1977 571 exemplum:
2024 499 2281 557 Occurrit
2308 507 2336 563 Α

2382 516 2467 563 τις
2498 502 2629 571 μίαν
2658 501 2902 574 ὀρφανὴν
2930 500 3024 555 καὶ
3044 501 3268 570 πτωχὴν
3285 498 3580 569 εὔμορφον,
3605 512 3700 549 και
3732 495 3984 562 αρέσκε-

710 604 838 674 quis
868 600 1128 670 orphanae
1152 595 1345 667 puellae
1370 604 1424 649 et
1450 594 1637 665 inopi:
1672 592 1831 663 cujus
1879 592 2285 663 pulchritudine

2382 608 2474 646 ται
2505 594 2597 648 διὰ
2614 594 2715 666 τὴν
2746 592 3072 665 εὐμορφίαν,
3103 593 3199 645 καὶ
3237 590 3508 661 λαμϐάνει
3539 588 3636 641 καὶ
3663 586 3987 655 ἀνατρέφει

711 702 907 761 captus
936 698 991 744 et
1018 688 1320 743 delectatus
1347 725 1365 750 ,
1402 685 1544 740 illam
1591 684 1821 755 suscipit
1869 684 1922 738 in
1959 684 2183 739 domum
2225 692 2285 738 ut

2382 686 2556 758 αὐτήν
2580 703 2595 718 ο
2631 685 2884 754 δόξαντος
2912 683 3103 750 αὐτοῦ,
3129 684 3207 747 ώς
3244 681 3489 756 ὀρφανὴν
3512 678 3744 749 πτωχὴν
3765 676 3976 745 εὔμορ-

714 782 953 837 nntriat:
978 780 1220 834 exterius
1248 786 1426 831 autem
1455 776 1507 831 in
1536 776 1721 830 animo
1744 786 1801 828 ut
1829 774 1949 844 ejus
1980 774 2282 846 pulchritu-

2382 794 2503 846 φον.
2544 777 2676 831 Ἰδοὺ
2720 776 2819 831 καὶ
2859 776 3073 848 θέλημα
3110 774 3247 829 Θεοῦ
3276 776 3394 828 ἐστι
3418 772 3515 827 καὶ
3545 770 3761 839 άγαθόν
3800 769 3983 825 ἐστιν,

712 874 838 927 dine
882 871 1199 925 delectetur.
1242 866 1323 922 En
1364 869 1453 923 hic
1484 866 1735 921 voluntas
1763 866 1856 920 Dei
1894 875 1979 922 est
2015 876 2072 921 et
2117 867 2282 932 bona,

2382 870 2445 923 οὐ
2501 871 2686 940 μέντοι
2722 870 2820 923 καὶ
2865 870 3180 941 εὐάρεστον.
3234 867 3309 920 τὸ
3358 866 3417 919 δὲ
3476 863 3810 933 εὐάρεστον,
3848 860 3986 912 ὅταν

715 977 820 1015 non
852 971 1031 1016 autem
1060 960 1440 1029 beneplarens.
1470 957 1835 1028 Beneplaccns
1854 958 2001 1013 enim
2025 966 2131 1022 est,
2156 972 2281 1013 cum

2386 965 2516 1034 ποιῇ
2537 980 2623 1026 τις
2657 960 3029 1032 ἐλεημοσύνην
3050 958 3114 1012 οὐ
3145 958 3235 1012 διά
3254 973 3370 1011 τινα
3401 954 3665 1023 λογισμὸν
3688 948 3986 1018 ἀνθρώπι-

713 1054 839 1121 qnis
864 1052 1263 1122 eleemosynam
1294 1049 1502 1111 fecerit,
1536 1064 1644 1103 non
1674 1056 1924 1118 respectu
1950 1047 2135 1118 aliquo
2180 1049 2284 1103 hu-

2383 1067 2495 1115 νον,
2545 1050 2684 1105 me
2712 1050 2783 1103 δι’
2836 1049 2969 1104 αὐτὸ
2986 1047 3050 1101 τὸ
3085 1046 3271 1107 καλὸν,
3314 1045 3404 1099 διὰ
3446 1044 3547 1113 τὴν
3594 1041 3980 1112 συμπάθειαν.

715 1160 900 1210 manu,
929 1143 1023 1198 sed
1055 1144 1129 1198 ob
1166 1143 1343 1213 ipsum
1385 1142 1612 1206 bonum,
1655 1141 1728 1196 ob
1756 1141 1928 1211 ipsam
1972 1141 2285 1197 misericor-

2383 1139 2543 1195 τοῦτό
2574 1142 2723 1196 ἐστιν
2749 1140 3045 1210 εὐάρεστον
3081 1138 3163 1209 τῷ
3186 1136 3328 1208 Θεῷ.
3376 1135 3452 1191 Τὸ
3488 1134 3547 1188 δὲ
3574 1132 3797 1187 τέλειόν
3832 1131 3986 1182 ἐστιν

714 1235 863 1289 diam
894 1243 948 1289 et
990 1235 1444 1305 compassionem.
1496 1233 1739 1289 Perfecta
1774 1244 1956 1291 autem
1998 1243 2123 1301 est,
2157 1250 2282 1291 cum

2382 1234 2514 1288 ὅταν
2562 1233 2690 1303 ποιῇ
2739 1248 2828 1295 τις
2879 1229 3277 1301 ἐλεημοσύνην,
3333 1227 3410 1298 μὴ
3471 1225 3616 1280 κατὰ
3679 1220 3977 1282 κνιπείαν,

715 1326 843 1394 quis
869 1325 1069 1392 petenti
1104 1322 1290 1379 tribuit
1329 1339 1439 1379 non
1482 1340 1660 1394 parce,
1711 1340 1819 1378 non
1847 1323 2141 1390 desidiose,
2174 1339 2281 1378 non

2388 1322 2524 1395 μηδὲ
2552 1322 2692 1376 κατὰ
2720 1323 2900 1386 ὄκνον,
2925 1320 3062 1392 μηδὲ
3106 1318 3249 1375 κατὰ
3285 1315 3598 1389 ὀλιγωρίαν,
3635 1313 3784 1369 ἀλλὰ
3830 1311 3981 1381 πάσῃ

718 1415 1073 1487 negligenter,
1111 1415 1204 1470 sed
1239 1424 1504 1485 prompte,
1540 1415 1673 1469 totis
1701 1416 1930 1478 viribus,
1961 1424 2073 1472 tota
2107 1416 2285 1471 inten-

2385 1415 2631 1484 δυνάμει.
2662 1416 2758 1468 καὶ
2788 1415 2936 1485 πάσῃ
2970 1412 3288 1482 προαιρέσει
3314 1449 3332 1474 ,
3359 1408 3533 1471 οὕτως
3570 1406 3886 1477 παρέχων,
3909 1405 3981 1467 ώς

718 1508 903 1573 tione;
931 1507 1116 1576 sicque
1144 1506 1365 1576 prmbet,
1396 1515 1455 1560 ut
1483 1506 1767 1576 accipere;
1804 1506 1887 1563 sic
1917 1507 2180 1563 beneflcio
2201 1506 2285 1561 af-

2386 1509 2548 1573 αὐτὸς
2588 1507 2906 1578 λαμόάνων,
2954 1504 3127 1568 οὓτως
3153 1501 3477 1574 εὐεργετῶν,
3504 1501 3580 1563 ώς
3618 1499 3797 1561 αὐτὸς
3826 1498 3981 1564 εὐερ-

718 1601 854 1662 licit.
886 1609 944 1654 ut
980 1599 1240 1654 beneficio
1266 1598 1402 1653 allici
1448 1598 1714 1655 videatur.
1750 1598 1828 1654 En
1858 1599 2153 1669 perfectam
2194 1615 2288 1653 vo-

2386 1603 2733 1672 γετούμενος·
2763 1601 2858 1655 καὶ
2893 1598 3015 1653 τότε
3043 1598 3257 1666 γίνεται
3284 1596 3509 1649 τέλειον.
3538 1592 3656 1646 Καὶ
3681 1592 3873 1650 οὕτως
3896 1590 3981 1641 εὑ-

719 1692 978 1747 lnntatem
1027 1690 1142 1745 Dei.
1187 1690 1263 1745 Ita
1294 1690 1602 1747 factitando
1642 1692 1879 1749 divinam
1929 1691 2283 1755 voluntatem,

2388 1694 2642 1765 ρίσκεταί
2669 1710 2755 1757 τις
2786 1692 2957 1746 ποιῶν
2983 1692 3049 1746 τὸ
3090 1690 3301 1760 θελημα
3329 1688 3422 1741 τοῦ
3447 1686 3584 1741 Θεοῦ
3606 1728 3626 1751 ,
3664 1686 3748 1749 ὼς
3778 1684 3935 1751 λέγει
3958 1683 3985 1733 ὀ

719 1784 932 1853 qualem
955 1784 1033 1858 ait
1055 1781 1367 1851 Apostolus,
1390 1782 1609 1847 bonam,
1624 1783 2063 1853 beneplaccntem
2086 1792 2141 1839 et
2163 1798 2287 1853 per-
2321 1852 2345 1858 _

2398 1786 2741 1849 Ἀπόστολος,
2768 1785 2832 1838 τὸ
2872 1781 3078 1852 ἀγαθὸν
3111 1781 3207 1835 καὶ
3252 1780 3562 1850 εὐάρεστον,
3597 1779 3696 1832 καὶ
3745 1776 3980 1829 τέλειον.

718 1852 918 1928 fectam
967 1852 1235 1942 complere
1271 1874 1396 1944 quis
1435 1875 1666 1943 poterit:
1712 1852 1815 1930 hoc
1856 1875 2117 1931 nimirum
2160 1852 2283 1941 est,
2318 1852 2344 1909 ε

1859 1875 2117 1931 nimirum
2160 1852 2246 1932 est
2267 1917 2283 1941 ,
2318 1852 2361 1909 Β
2399 1877 2533 1933 Ἰδοὺ
2562 1877 2722 1932 τοῦτό
2743 1880 2862 1932 ἑστι
2883 1874 2946 1930 τὸ
2976 1876 3037 1929 ὲν
3064 1873 3265 1942 γνώσει
3291 1874 3485 1926 ποιεῖν.

718 1963 865 2034 quod
901 1978 1021 2018 cum
1046 1963 1270 2018 scientia
1296 1970 1351 2018 et
1375 1963 1683 2033 cognitione
1707 1965 1935 2035 geritur.

792 2053 880 2111 Vl.
908 2056 1067 2123 Optat
1094 2070 1224 2109 vero
1271 2054 1470 2125 aliquis
1509 2066 1745 2111 vestrum
1782 2072 2079 2127 agnoscere
2110 2071 2286 2126 quan-

2457 2065 2550 2131 q'.
2584 2060 2742 2115 Θὲλει
2764 2060 2874 2132 γάρ
2903 2076 2988 2123 τις
3014 2057 3303 2126 γινώσκειν
3342 2055 3474 2109 αὐτὸ
3518 2054 3578 2107 τὸ
3625 2051 3849 2120 ἀγαθὸν
3885 2052 3981 2120 τῆς

722 2157 837 2200 tum
873 2145 945 2201 sit
970 2146 1195 2211 bonum,
1227 2154 1426 2215 quanta
1459 2150 1628 2217 gratia
1668 2148 2068 2219 eleentosynaa?
2092 2163 2287 2217 magna

2386 2152 2786 2225 ὲλεημοσύνης,
2835 2149 3007 2222 αὐτὴν
3048 2150 3149 2220 τὴν
3191 2149 3351 2221 χάριν
3395 2147 3566 2216 αὐτῆς
3614 2146 3702 2198 ὃτι
3761 2143 3979 2212 μεγάλη

720 2235 965 2307 profecto
1007 2246 1109 2293 est.
1154 2252 1275 2303 quae
1317 2246 1493 2305 potest
1532 2248 1753 2307 peccata
1792 2239 2086 2301 dimittere,
2119 2248 2179 2293 ut
2212 2240 2290 2294 ait

2386 2246 2556 2311 ἐστὶν,
2581 2246 2663 2301 ὅτι
2683 2244 2906 2300 δύναται
2926 2242 3025 2297 καὶ
3048 2241 3319 2314 ἁμαρτίας
3341 2240 3581 2309 ἀφιέναι,
3605 2236 3806 2299 καθὼς
3830 2236 3979 2303 λέγει

721 2329 984 2399 propheta
1009 2348 1022 2382 :
1055 2327 1355 2396 Redemptio
1392 2330 1512 2392 viri,
1535 2342 1653 2383 sunt
1680 2331 1908 2399 proprite
1927 2332 2125 2385 dieitic
2142 2340 2193 2386 ν.
2226 2331 2291 2385 Ει

2386 2341 2416 2395 6
2439 2340 2729 2412 προφήτης
2746 2354 2762 2370 ’
2791 2338 3026 2404 Λύτρον
3044 2334 3283 2402 ἀνδρὸς.
3308 2334 3342 2386 ὀ
3363 2332 3516 2396 ίδιος
3542 2328 3845 2394 πλοῦτος.
3872 2328 3980 2380 Καὶ

722 2423 833 2477 alio
858 2423 1014 2477 loco:
1051 2419 1119 2475 In
1146 2422 1485 2491 elecmosynis
1527 2423 1724 2477 redime
1766 2434 1982 2490 peccata
2022 2433 2114 2478 tua
2137 2436 2185 2477 ι.
2225 2424 2293 2479 Et

2387 2429 2551 2483 πάλιν
2575 2426 2810 2498 ἀλλαχοῦ
2834 2425 2983 2495 λέγει
3001 2440 3017 2455 ο
3053 2423 3517 2493 Ἒλεημοσύναις
3534 2422 3851 2489 despuant
3874 2420 3980 2483 τὰς

723 2514 839 2584 ipse
869 2512 1131 2568 Dominus
1150 2513 1282 2568 dicit
1306 2532 1318 2565 :
1354 2511 1537 2567 Estote
1558 2514 1937 2577 misericordes,
1962 2517 2101 2570 sicut
2128 2513 2293 2570 Pater

2388 2519 2677 2589 ἁμαρτίας
2700 2533 2838 2574 σου.
2875 2514 2985 2569 Καὶ
3015 2514 3178 2578 αὐτὸς
3208 2516 3238 2566 6
3274 2510 3480 2583 Κύριος
3504 2507 3629 2564 είπε
3650 2525 3668 2541 ο
3712 2511 3982 2563 Γίνεσθε

722 2615 891 2659 vester
921 2603 1140 2657 caelestis
1172 2604 1464 2657 misericors
1490 2614 1566 2657 est
1597 2613 1642 2658 ι.
1690 2602 1807 2659 Non
1845 2604 2003 2671 dixit,
2032 2605 2288 2675 iejunate,

2388 2610 2777 2679 οἰκτίρμονες,
2806 2606 3002 2672 καθὼς
3026 2605 3123 2659 καὶ
3152 2607 3187 2659 ό
3215 2603 3417 2671 [latim
3441 2602 3607 2671 ὑμῶν
3629 2605 3665 2656 ό
3685 2600 3980 2668 οὐράνιος

722 2706 785 2752 ut
819 2693 981 2751 Pater
1004 2705 1182 2751 vester
1209 2694 1447 2751 celestis
1479 2694 1713 2765 jejunat.
1753 2694 1940 2767 Neque
1970 2696 2130 2763 dixit,
2160 2712 2292 2767 pau-

2388 2703 2705 2772 οικτιρμων
2730 2700 2926 2755 ἐστίν.
2958 2699 3075 2752 οὐκ
3101 2693 3253 2757 εἴπεο
3285 2695 3659 2767 Νηστεύσατε,
3693 2694 3774 2756 ώς
3809 2697 3842 2747 6
3874 2696 3980 2748 Πει-

723 2802 883 2857 peres
911 2796 1107 2851 estote,
1136 2799 1194 2841 ut
1221 2786 1380 2841 Pater
1404 2797 1583 2844 vester
1606 2788 1843 2844 caelestis
1871 2789 2028 2861 inops
2053 2799 2155 2845 est.
2186 2791 2290 2846 Sed

2386 2796 2492 2867 τὴρ
2516 2796 2672 2867 ὑμῶν
2710 2797 2740 2849 ὀ
2780 2793 3032 2864 οὐράνιος
3058 2789 3329 2861 νηστεύει.
3371 2790 3508 2843 Οὐδὲ
3534 2784 3694 2842 εἷπε·
3746 2786 3979 2839 Γίνεσθε

723 2880 855 2950 quid
878 2878 977 2933 ait?
994 2877 1179 2934 Estote
1200 2881 1584 2943 misericordes,
1603 2881 1739 2935 sicut
1768 2879 1930 2935 Pater
1956 2892 2124 2937 vester
2140 2886 2293 2939 caele-

2389 2891 2728 2960 άκτήμονες,
2773 2888 2851 2944 ὡς
2880 2890 2911 2940 ὀ
2950 2885 3139 2955 Πατὴρ
3170 2882 3328 2954 ὑμῶν
3356 2884 3387 2936 ὀ
3412 2883 3667 2953 οὐράνιος
3696 2882 3981 2950 ἀκτήμων

722 2971 821 3023 stis
838 2970 1131 3024 misericors
1146 2968 1517 3041 est!.Proprie
1538 2971 1682 3027 enim
1708 2973 1879 3027 virtus
1907 2974 2021 3045 ipsa
2048 2973 2295 3031 imitatur

2390 2982 2555 3037 ἐστίν.
2589 2980 2750 3036 Ἀλλά
2782 2980 2836 3033 τί
2865 2978 3044 3047 λέγεις
3073 2977 3328 3031 Γίνεσθε
3348 2974 3739 3042 οίκτίρμονες,
3776 2971 3982 3037 καθὼς

725 3059 922 3127 Deum,
941 3062 1117 3131 ipsum
1142 3061 1397 3131 exprimit
1415 3071 1469 3118 et
1488 3063 1775 3135 signiﬁcat.
1812 3063 1927 3120 Hoc
1947 3065 2110 3135 igitur
2124 3081 2293 3136 scopo

2392 3073 2491 3128 καὶ
2523 3076 2558 3128 ὁ
2595 3071 2796 3140 Πατὴρ
2831 3069 3001 3141 ὑμῶν
3030 3073 3065 3125 ὀ
3099 3068 3380 3137 οὐράνιος
3420 3066 3744 3133 οἰκτίρμων
3776 3065 3981 3119 ἐστίν.

724 3163 782 3211 et
800 3154 1251 3218 consideratimne,
1277 3165 1337 3209 ut
1360 3154 1493 3222 dixi,
1510 3172 1722 3227 semper
1745 3157 1903 3213 nobis
1923 3172 2065 3227 opus
2094 3170 2210 3222 est;
2235 3169 2290 3212 ut
2316 3189 2350 3247 ε

2355 3191 2360 3246 ς
2411 3164 2615 3228 ’Ῑδικῶς
2650 3164 2761 3235 γὰρ
2803 3165 2839 3234 ἡ
2881 3162 3050 3234 ἀρετὴ
3084 3160 3224 3232 αὕτη
3273 3162 3523 3232 μιμεῖται
3567 3159 3736 3211 θεόνο
3797 3176 3981 3229 lupa-

726 3262 937 3316 semper
959 3246 1151 3302 intenti
1172 3247 1346 3303 simus
1364 3262 1489 3302 cum
1514 3247 1741 3303 scientia
1764 3258 1818 3303 et
1836 3249 2147 3320 cognitione
2170 3264 2293 3320 ope-
2332 3246 2339 3247 ί

2395 3256 2641 3328 κτηρίζει
2666 3256 2850 3309 αὐτόν.
2878 3254 3053 3325 Χρεία
3074 3250 3168 3308 οὖν
3197 3255 3368 3316 ἐστιν,
3398 3251 3476 3313 ὡς
3500 3251 3757 3321 εἴπομεν,
3798 3251 3983 3321 τούτῳ

724 3336 858 3391 rari.
877 3336 1036 3392 Varie
1058 3337 1202 3391 enim
1223 3347 1278 3392 et
1296 3338 1605 3393 dill'erenter
1616 3340 1950 3405 considerari
1995 3340 2156 3403 solet.
2180 3341 2293 3395 ele-

2392 3346 2472 3418 τῷ
2521 3346 2709 3417 σκοπῷ
2757 3346 3048 3417 προσέχειν
3091 3345 3213 3408 ἀεὶ,
3261 3343 3359 3396 καὶ
3400 3344 3461 3396 ιν
3511 3341 3714 3409 γνώσει
3779 3345 3983 3396 ποιεῖν.

725 3443 1009 3499 emosyna.
1039 3428 1194 3484 Alius
1228 3428 1372 3484 enim
1399 3427 1531 3485 facit
1547 3430 1945 3501 eleemosynam
1976 3440 2037 3486 ut
2069 3430 2292 3487 benedi-

2395 3439 2572 3510 Πολλὴ
2598 3439 2709 3510 γάρ
2733 3441 2883 3493 ἔστιν
2908 3440 2944 3507 ἡ
2974 3436 3228 3507 διαφορὰ,
3267 3435 3364 3489 καὶ
3386 3434 3480 3487 ἐπὶ
3507 3433 3599 3488 τοῦ
3630 3434 3857 3487 σκοποῦ
3884 3434 3985 3502 τῆς

727 3525 924 3575 cantur
948 3535 1073 3574 rura
1096 3535 1229 3587 sua;
1251 3529 1307 3575 et
1333 3519 1474 3576 Deus
1500 3520 1686 3591 utique
1712 3521 1873 3592 hujus
1902 3538 2028 3577 rura
2050 3530 2104 3576 et
2130 3538 2293 3592 agros

2393 3530 2785 3602 ὲλεημοσὺνης.
2816 3530 2974 3583 Ἐστι
3005 3527 3117 3598 γάρ
3138 3543 3226 3589 τις
3254 3524 3427 3579 ποιῶν
3454 3524 3865 3594 ἰλεημοσύνην,
3898 3524 3988 3577 διὰ

727 3610 1019 3666 benedicit.
1051 3610 1205 3667 Alius
1234 3610 1631 3682 eleemosynam
1667 3610 1831 3677 facit,
1868 3626 1937 3667 ne
1961 3614 2294 3683 periclitetur

2393 3623 2454 3677 τὸ
2478 3620 2836 3692 εὐλοηθῆναι
2872 3618 2935 3673 τὸ
2958 3617 3159 3689 χωρίον
3183 3614 3370 3678 αὐτοῦ,
3398 3616 3494 3669 καὶ
3524 3617 3555 3668 ὀ
3584 3615 3724 3678 Θεὸς
3752 3616 3985 3682 εὐλογεῑ

728 3703 887 3758 navis
910 3717 1009 3757 sua
1044 3703 1096 3757 in
1123 3702 1291 3769 mari;
1321 3711 1377 3757 et
1408 3704 1547 3757 Deus
1582 3702 1769 3773 utique
1799 3704 1957 3759 istius
1985 3719 2176 3759 navem
2201 3707 2296 3760 de-

2394 3714 2455 3768 τὸ
2482 3712 2680 3785 χωρίον
2710 3709 2877 3765 αὐτοῦ
2908 3724 2926 3740 ·
2974 3709 3135 3773 ἄλλος
3183 3710 3329 3762 ποιεί
3368 3706 3766 3778 ἐλεημοσύνην,
3807 3706 3904 3760 διὰ
3929 3706 3988 3758 τὸ

728 3796 881 3851 ducit
911 3799 964 3850 in
1002 3804 1218 3865 portum
1260 3794 1585 3850 incolumem
1612 3806 1666 3851 et
1692 3796 1883 3851 salvat.
1919 3796 2076 3853 Alius
2107 3805 2168 3851 ut
2194 3812 2294 3851 cu-

2395 3806 2580 3860 πλοῑον
2620 3804 2808 3868 αὐτοῦ,
2854 3802 2950 3857 καὶ
2987 3803 3020 3856 6
3049 3802 3183 3863 Θεὸς
3215 3800 3380 3865 σώζει
3424 3802 3486 3853 τὸ
3536 3801 3724 3854 πλοῖον
3764 3798 3946 3853 αὐτοῦ
3969 3814 3984 3829 ·

730 3888 931 3946 stodiat
980 3887 1119 3944 Dens
1174 3887 1313 3943 lllios
1359 3903 1531 3955 suos;
1571 3898 1626 3943 et
1674 3888 1775 3946 bos
1807 3904 2023 3961 quoque
2058 3889 2297 3945 custodit

2396 3899 2554 3963 ἄλλος
2587 3899 2733 3952 ποιεῖ
2772 3894 2863 3951 διὰ
2903 3894 2975 3949 τὰ
3016 3894 3186 3948 τέκνα
3217 3890 3406 3959 αὐτοῦ,
3455 3890 3551 3945 καὶ
3581 3892 3611 3944 6
3639 3890 3782 3954 Θεὸς
3820 3890 3988 3954 σώζει

729 3981 895 4040 Deus.
924 3982 1078 4038 Alius
1106 3991 1165 4038 ut
1200 3981 1426 4054 gloriam
1456 3994 1862 4053 consequatur;
1902 3990 1959 4039 et
1989 3982 2117 4040 huic
2153 3981 2296 4039 Deus

2396 3989 2761 4061 καὶιφυλάττει
2786 3986 2857 4041 τά
2875 3984 3043 4041 τέκνα
3053 3981 3218 4038 αὐτοῦ
3237 3998 3252 4012 °
3289 3981 3447 4045 ἄλλος
3467 3981 3612 4035 ποιεί
3626 3978 3723 4034 διὰ
3740 3979 3813 4034 τὸ
3830 3978 3988 4045 δοξα-

731 4074 959 4147 gloriam
1008 4073 1258 4147 largitur,
1300 4082 1353 4131 et
1397 4072 1665 4132 nominem
1717 4072 1935 4132 fraudat
1978 4072 2143 4132 Deus.
2190 4073 2295 4132 Sed

2399 4084 2613 4155 σθῆναι,
2649 4081 2745 4137 καὶ
2772 4081 2803 4136 ὀ
2827 4078 2961 4143 Θεὸς
2990 4075 3205 4143 δοξάζει
3245 4073 3427 4138 αὐτὸν,
3461 4073 3555 4128 καὶ
3584 4072 3688 4127 οὐκ
3731 4070 3931 4127 άθετεῐ
3960 4072 3988 4126 ό

730 4164 875 4237 quod
924 4164 1157 4237 quisque
1199 4163 1452 4231 voluerit,
1491 4164 1595 4222 hoc
1639 4163 1716 4220 llll
1758 4163 1874 4229 dat,
1908 4163 2207 4221 dummodo
2242 4163 2293 4221 id

2396 4176 2529 4240 Θεός
2550 4191 2691 4230 τινε.
2732 4170 2895 4227 Ἀλλά
2916 4169 2947 4225 ὀ
2972 4169 3116 4225 θέλει
3141 4168 3370 4233 latam;
3394 4164 3623 4236 παρίκει
3652 4162 3838 4235 αὐτῷ.
3858 4164 3988 4218 ὃταν

731 4257 840 4314 tale
863 4272 969 4313 non
996 4255 1066 4313 sit
1095 4256 1237 4328 quod
1264 4256 1461 4313 anima
1490 4271 1601 4313 sua
1636 4264 1848 4315 noceat.
1886 4255 1990 4313 Sed
2021 4256 2078 4313 hi
2107 4271 2299 4314 omnes

2402 4269 2477 4340 μὴ
2511 4266 2805 4338 βλάπτεται
2837 4264 2904 4319 ὲκ
2927 4259 3121 4317 τούτου
3159 4261 3195 4332 ἡ
3238 4256 3384 4331 ψυχὴ
3414 4254 3602 4311 αὐτοῦ.
3650 4254 3810 4309 Ἀλλ’
3836 4250 3984 4308 οὗτοι

730 4354 1036 4411 mercedem
1065 4369 1219 4411 suam
1251 4354 1544 4411 amittunt:
1581 4353 1788 4410 nullum
1816 4353 1961 4410 enim
1988 4353 2295 4424 depositum

2398 4361 2599 4424 πάντες
2651 4357 2913 4427 ἀπέχουσι
2968 4354 3061 4408 τὸν
3128 4351 3320 4427 μισθὸν
3372 4347 3591 4403 αὐτῶν·
3656 4346 3824 4401 οὐδὲν
3876 4346 3984 4416 γάρ

733 4455 954 4503 servant
1002 4445 1143 4515 apud
1194 4442 1386 4509 Deum,
1423 4459 1548 4501 cum
1600 4444 1816 4500 illorum
1863 4443 2090 4501 intentio
2131 4460 2295 4515 quam

2400 4450 2665 4508 ἁπίθεντο
2687 4448 2899 4511 ιαντοίς
2930 4443 3079 4515 παρά
3106 4442 3187 4515 τῷ
3213 4440 3353 4513 Θεῷ.
3376 4439 3563 4510 insidi)
3592 4440 3689 4493 καὶ
3719 4439 3750 4493 6
3777 4439 3982 4501 σκοπὸς

732 4536 1116 4607 praemiserunt
1140 4576 1154 4601 ,
1189 4550 1296 4591 non
1344 4535 1507 4591 fuerit
1540 4534 1613 4591 ob
1654 4535 1937 4591 utilitatem
1975 4534 2192 4591 animte.
2229 4532 2298 4590 Ut
2330 4532 2358 4589 θ

2354 4535 2371 4585 1
2397 4538 2457 4593 ὃν
2485 4534 2811 4609 προέθεντο,
2857 4532 2961 4588 οὐκ
2988 4527 3059 4606 ἦν
3088 4531 3179 4587 διά
3207 4530 3307 4601 τὴν
3343 4528 3610 4600 ὠφέλειαν
3662 4528 3767 4598 τῆς
3802 4526 3980 4599 ψυχῆς

732 4625 1076 4685 benediceret
1115 4624 1253 4681 Deus
1284 4640 1411 4682 rura
1440 4634 1495 4681 et
1521 4639 1680 4695 agros
1713 4633 1857 4690 tuos,
1887 4624 2095 4691 fecisti;
2132 4625 2297 4680 bene-

2394 4628 2591 4684 οὐτῶν.
2622 4624 2723 4680 Διὰ
2750 4626 2811 4680 τὸ
2834 4621 3197 4696 εὐλογηθῆναι
3218 4621 3280 4675 τὸ
3306 4620 3504 4692 χωρίον
3539 4636 3659 4677 σου.
3687 4619 3978 4691 ιποίησσς.

732 4719 872 4776 dixit
902 4718 991 4773 illa
1028 4715 1166 4772 Deus
1192 4732 1208 4784 ;
1250 4717 1320 4771 ob
1349 4716 1491 4772 llllos
1521 4725 1646 4773 tuos
1673 4712 1890 4781 iecisti;
1918 4714 2211 4771 custodivit
2236 4713 2297 4768 fl-

2394 4720 2685 4790 εὑλόγησεν
2713 4719 2744 4771 ὀ
2781 4715 2917 4782 Θεὸς
2956 4715 3019 4769 τὸ
3055 4712 3255 4785 χωρίον
3285 4726 3416 4765 σου·
3458 4710 3549 4764 διὰ
3577 4709 3645 4763 τά
3677 4709 3853 4763 τίκ-η
3889 4724 3979 4763 σου

732 4807 839 4864 lios
864 4815 990 4862 tnos
1028 4806 1210 4862 Dens:
1248 4814 1307 4862 ut
1339 4807 1569 4878 gloriam
1609 4805 2042 4874 consequereris,
2090 4804 2295 4872 fecisti;

2396 4812 2680 4883 ὶποίησας,
2708 4806 2943 4878 ὶφιίλαξε
2966 4806 3034 4861 τά
3058 4806 3223 4862 τέκνα
3254 4823 3350 4860 σου
3376 4808 3406 4860 6
3428 4804 3581 4866 Θεός.
3610 4804 3714 4879 Διὰ
3739 4803 3810 4857 τὸ
3831 4803 3980 4867 δοξε-

735 4898 962 4967 gloriam
993 4896 1090 4951 tibi
1126 4897 1350 4966 largitus
1375 4904 1459 4952 est
1488 4896 1649 4951 Deus.
1688 4894 1805 4960 Qua
1835 4895 1999 4967 igitur
2026 4896 2079 4951 in
2114 4911 2174 4951 re
2200 4895 2298 4951 de-

2398 4901 2591 4973 σθῆνάι
2620 4898 2905 4969 εποίησας,
2934 4896 3154 4962 {Miami
3177 4913 3238 4950 σε
3262 4899 3292 4951 ὀ
3310 4896 3461 4959 Θεός.
3496 4896 3562 4949 Τί
3588 4891 3684 4948 οὖν
3715 4894 3982 4965 χρεωστεί

734 4988 878 5045 bitor
904 4997 1031 5045 tuus
1057 4996 1141 5043 est
1170 4988 1354 5043 Deus?
1380 4988 1632 5044 Reddidit
1672 4987 1769 5042 tibi
1800 5003 1990 5043 eorum
2017 5002 2140 5058 quae
2170 4985 2301 5041 feci-

2398 5009 2479 5047 σοι
2517 4992 2548 5044 6
2592 4988 2765 5053 Θεόςς
2806 4987 3077 5042 autem
3109 5003 3192 5040 σοι
3233 4987 3325 5040 τὸν
3356 4986 3548 5057 μισθὸν
3577 4980 3658 5039 ὧν
3690 4986 3976 5055 ἐποίησας.

736 5083 829 5146 sti,
860 5098 1023 5152 quam
1070 5081 1287 5138 voluisti
1318 5082 1567 5150 gratiam.
1601 5080 1695 5137 Est
1729 5090 1909 5137 autem
1948 5090 2002 5136 et
2044 5081 2186 5136 alius
2220 5080 2300 5135 ia-

2400 5085 2557 5138 Ἐστι
2587 5080 2646 5135 at
2690 5078 2848 5143 ἄλλος
2886 5077 3060 5132 ποιῶν
3107 5075 3496 5148 ἐλεημοσύνην,
3534 5076 3623 5129 ἴνα
3655 5075 3835 5145 ῥυοθῇ
3875 5075 3980 5127 ἀπὸ

735 5175 889 5231 ciens
918 5174 1315 5245 cleemosynam
1366 5182 1425 5227 ut
1474 5174 1731 5228 liberetur
1776 5187 1808 5227 a
1851 5181 2078 5227 ventura
2121 5187 2300 5242 pmna.

2397 5176 2497 5244 τῆς
2530 5170 2828 5244 μελλούσης
2863 5170 3138 5234 κολάσεως
3162 5187 3177 5202 ·
3232 5170 3339 5222 ἰδοὺ
3380 5163 3533 5233 οὗτος
3569 5170 3718 5221 ποιεῖ
3755 5166 3853 5221 διὰ
3886 5169 3980 5235 τὴν

736 5264 879 5322 Ecce
913 5265 1001 5319 hic
1029 5263 1159 5321 facit
1193 5266 1266 5319 ob
1307 5265 1589 5319 ntilitatem
1628 5264 1826 5319 anima:
1862 5278 1976 5320 sua:
2001 5302 2017 5327 ,
2058 5263 2146 5317 hic
2178 5262 2306 5318 facit

2400 5264 2574 5337 ψυχὴν
2599 5261 2766 5317 αὐτοῦ
2784 5278 2801 5294 ⁸
2835 5257 2991 5325 οὗτος
3022 5259 3166 5315 κατὰ
3192 5260 3326 5313 Θεὸν
3360 5261 3539 5312 ποιεῖ’
3571 5258 3716 5329 πλὴν
3742 5258 3848 5313 οὐκ
3871 5260 3977 5311 ἔστι

738 5366 957 5428 propter
998 5354 1188 5411 Deum.
1242 5353 1359 5411 Non
1414 5365 1589 5411 tamen
1621 5368 1675 5412 et
1712 5355 1803 5410 hic
1834 5354 2059 5410 omnino
2088 5364 2147 5409 nt
2193 5356 2301 5409 vult

2404 5358 2496 5410 καὶ
2524 5354 2708 5418 καθὼς
2736 5354 2881 5408 θέλει
2906 5356 2936 5409 ὀ
2962 5353 3113 5417 Θεός.
3156 5352 3363 5422 Ἀκμὴν
3400 5352 3509 5422 γάρ
3538 5354 3599 5405 ὲν
3638 5355 3711 5423 τῇ
3760 5353 3972 5421 δουλικῇ

745 5449 909 5511 Deus,
944 5448 1091 5504 facit.
1128 5448 1321 5503 Adhuc
1356 5449 1500 5503 enim
1551 5449 1603 5503 in
1651 5448 1832 5504 servili
1881 5457 2025 5502 statu
2060 5457 2144 5503 est
2192 5448 2299 5502 hic.

2406 5448 2737 5503 καταστάσει
2766 5446 2936 5500 ἐστίν.
2976 5445 3035 5498 '0
3066 5442 3253 5506 δοῦλος
3276 5444 3337 5496 οὐ
3368 5446 3513 5496 ποιεῖ
3541 5443 3605 5497 τὸ
3638 5442 3861 5513 θέλημα
3888 5442 3974 5496 τοῦ

741 5540 945 5596 Servus
967 5541 1110 5596 enim
1145 5557 1249 5595 non
1274 5540 1399 5595 facit
1426 5542 1751 5596 voluntatem
1779 5540 1983 5595 domini
2006 5540 2089 5593 sui
2118 5550 2306 5609 sponte

2412 5540 2605 5611 κυρίου
2648 5538 2813 5593 αὐτοῦ
2863 5538 3033 5591 θέλων
3053 5577 3067 5599 ,
3116 5536 3253 5590 ἀλλὰ
3307 5536 3642 5607 φοϐούμενος
3696 5538 3771 5607 μὴ
3821 5536 3971 5609 δειρῇ.

749 5644 805 5689 ct
849 5634 1059 5697 volens,
1094 5635 1185 5690 sed
1226 5637 1421 5688 timens
1453 5650 1519 5689 ne
1568 5634 1804 5705 vapulet.
1845 5632 2107 5687 Similiter
2137 5641 2190 5686 et
2238 5632 2325 5687 hic

2412 5633 2649 5703 Ὁμοίως
2677 5624 2833 5697 οὗτος
2867 5631 3030 5697 ποιεῖ,
3062 5630 3149 5684 ἴνε
3179 5628 3348 5701 ρυσθῇ
3378 5629 3477 5693 τῆς
3506 5628 3809 5693 κολάσεως,
3842 5628 3972 5682 κσίό

814 5826 837 5849 "
869 5817 1000 5873 Τοῦ.
1035 5832 1126 5883 XII,
1153 5820 1200 5871 9.
1281 5832 1300 5855 κ
1335 5815 1471 5873 ιἰυι·
1528 5833 1641 5882 xm,
1674 5819 1724 5872 ὃ.
1801 5823 1824 5864 ἲ
1867 5816 1997 5871 Dan.
2031 5831 2101 5881 tv,
2132 5813 2219 5869 2i.
2300 5825 2314 5850 λ
2352 5811 2440 5868 ιω

1070 5832 1126 5883 tt,
1153 5820 1200 5871 9.
1281 5832 1300 5855 κ
1335 5815 1471 5873 ιἰυι·
1528 5833 1641 5882 xm,
1674 5819 1724 5872 8.
1801 5823 1824 5864 ἲ
1867 5816 1997 5871 Dan.
2031 5831 2101 5881 tv,
2132 5813 2219 5869 2i.
2300 5825 2314 5850 λ
2352 5811 2484 5869 Luc.
2508 5828 2579 5879 Vl,
2608 5812 2693 5866 Sb.
