4118 6542
173 401 302 468 1785

1499 421 1878 483 DOCTRINA
1900 425 2051 488 XIV.

3258 443 3393 514 1786

167 514 293 576 Θεὸς
320 511 505 583 ῥύεται
534 514 699 569 αὑτὸν
725 517 821 571 ἀπ’
841 520 1031 591 αὐτῆς.
1058 523 1249 590 ’Δλλος
1280 530 1545 602 ποιεῖτὴν
1573 531 1703 603 ἑλεηι

1824 529 1993 596 facit,
2022 542 2080 588 ut
2121 551 2151 590 a
2197 550 2356 605 paena
2396 540 2603 596 scilicet
2638 541 2917 609 liberetur,
2955 556 3011 602 et
3043 548 3216 617 ipsum
3248 511 3391 611 Deus

167 604 419 675 μοσύνην,
465 606 551 659 ῖνα
590 606 731 681 λάϐῃ
776 611 987 680 μισθόν.
1025 614 1196 670 Τοῦτο
1246 620 1575 693 ὑψηλότερον
1623 624 1703 693 μέγ

1822 640 1852 676 a
1881 638 2039 693 pmna
2073 604 2343 683 liberabit.
2390 628 2543 687 Facit
2568 633 2709 688 alius
2734 604 3132 710 eleemosynmn
3162 604 3222 695 ut

162 697 274 750 ἐστι
299 697 393 751 τοῦ
424 697 643 769 πρώτου
671 718 685 731 ·
729 701 844 755 ἀλλ’
870 704 991 759 οὐδὲ
1017 707 1150 762 αὐτὸ
1176 711 1378 783 ἀκμὴν,
1417 714 1493 778 ὡς
1520 714 1661 769 θέλει
1693 724 1703 769 ς

1822 715 2009 771 cedem
2045 718 2306 789 recipiat;
2341 721 2445 777 hoc
2482 726 2698 788 quidem
2746 728 2923 798 primo
2952 697 3116 787 altius
3148 743 3250 791 est.
3288 697 3395 795 Sed

157 788 309 853 Θεός.
362 789 529 845 Οὔπω
555 792 662 864 γάρ
693 795 809 849 ἐστι
837 797 897 850 ὲν
921 800 987 868 τῇ
1016 798 1111 854 τοῦ
1143 802 1261 856 υἱοῦ
1288 804 1526 860 διαθέσει
1549 823 1563 837 ο
1605 807 1721 863 ἀλλ’

157 881 345 953 ὥσπερ
388 884 420 937 6
464 885 732 954 μισθωτὸς
777 894 921 944 sum!
954 891 1018 945 τὸ
1059 892 1269 965 θέλημα
1304 897 1398 951 τοῦ
1434 899 1718 965 δεσπότου,

153 971 238 1025 διὰ
286 970 349 1025 τὸ
396 971 585 1030 λαϐεῖν
632 976 725 1029 τὸν
768 976 958 1048 μισθὸν
996 979 1092 1034 τοῦ
1135 982 1398 1038 δεσπότου
1442 987 1537 1041 καὶ
1585 1004 1718 1059 κερ·-

152 1064 306 1118 δᾶναι
337 1077 352 1093 ⁸
396 1066 601 1136 ὁμοίως
630 1068 741 1123 Δκαὶ.
771 1064 925 1136 οὗτος
961 1076 1106 1130 ποιεῖ
1133 1075 1222 1131 διὰ
1247 1078 1308 1132 τὸ
1337 1078 1593 1150 κερδᾶναι
1622 1080 1717 1136 καὶ

151 1156 237 1227 ἔχε
247 1175 295 1210 ιν
326 1159 542 1228 μισθόν.

216 1248 380 1319 Τρεῖς
415 1250 526 1322 γάρ
556 1251 663 1306 εισι
688 1252 958 1321 διαθέσεις
995 1258 1066 1312 δι’
1107 1256 1184 1316 ὧν
1220 1262 1507 1334 ὀφείλομεν
1538 1267 1716 1320 ποιεῖν

145 1340 208 1393 τὸ
235 1341 458 1408 ἀγαθὸν,
489 1343 565 1407 ὡς
593 1344 741 1414 λέγει
768 1349 797 1401 6
825 1347 979 1415 ἅγιος
1016 1351 1313 1423 Γρηγόριος
1340 1372 1355 1386 ·
1401 1356 1572 1411 ταῦτα
1625 1358 1716 1412 sai.

149 1430 336 1485 ἄλλοτε
379 1428 535 1487 εἷπον
564 1435 714 1504 ὑμῖν.
749 1437 820 1490 Ἦ
852 1438 960 1509 γὰρ
1000 1440 1322 1511 φοϐούμενοι
1363 1443 1461 1514 τὴν
1493 1445 1715 1501 κόλασιν

148 1518 411 1589 ποιοῦμεν
444 1522 508 1575 τὸ
537 1524 760 1593 ἀγαθὸν,
793 1528 889 1581 καὶ
920 1530 1088 1600 ἐσμὲν
1116 1533 1175 1585 ἐν
1198 1535 1262 1604 τῇ
1295 1533 1513 1607 δουλικῇ
1544 1554 1711 1592 κατα-

147 1615 335 1668 στάσει
358 1632 373 1647 ο
424 1616 459 1687 ἢ
502 1617 590 1671 διὰ
624 1618 685 1673 τὸ
718 1620 902 1675 λαϐεῖν
945 1624 1037 1677 τὸν
1070 1625 1282 1694 μισθὸν,
1320 1630 1415 1682 καὶ
1450 1631 1613 1701 ἐσμὲν
1654 1633 1713 1686 ἐν

142 1710 209 1778 τῇ
240 1708 481 1764 διαθέσει
508 1711 603 1766 τοῦ
637 1715 904 1784 μισθωτοῦ
928 1731 945 1749 ·
992 1719 1025 1784 ἦ
1058 1719 1125 1773 δι’
1153 1721 1286 1775 αὐτὸ
1307 1722 1369 1776 τὸ
1396 1723 1579 1788 καλὸν,
1620 1727 1712 1780 καὶ

142 1801 308 1871 ἐσμὲν
334 1806 393 1856 ὲν
425 1807 490 1876 τῇ
519 1805 755 1861 διαθέσει
784 1809 879 1863 τοῦ
915 1810 1056 1867 υἱοῦ.
1102 1813 1159 1865 Ὀ
1189 1814 1303 1878 υἱὸς
1330 1815 1438 1887 γὰρ
1464 1817 1529 1870 οὐ
1567 1818 1714 1871 ποιεῖ

1818 815 1875 862 et
1896 808 1990 897 bic
2014 825 2122 866 non
2151 811 2284 868 facit
2310 814 2533 870 omnino
2555 818 2754 885 adhuc,
2789 830 2848 875 ut
2872 823 2989 877 vult
3015 824 3174 880 Deus.
3209 825 3396 897 Neque

1819 896 1967 951 enim
2001 900 2180 957 adhuc
2207 912 2293 957 est
2318 904 2373 957 in
2402 903 2499 957 filii
2525 912 2669 960 statu
2704 926 2719 963 :
2751 911 3208 980 quemadmodum
3245 896 3393 970 enim

1819 991 2189 1046 mercenarius
2218 991 2345 1048 facit
2377 994 2707 1052 voluntatem
2740 999 2948 1057 domini
2986 1004 3114 1071 sui;
3166 1006 3390 1072 scilicet,

1818 1087 1881 1134 ut
1909 1081 2208 1137 mercedem
2239 1085 2465 1154 recipiat
2491 1096 2543 1142 ct
2576 1087 2818 1146 lucretur
2843 1110 2858 1147 :
2893 1094 2965 1149 ita
2995 1094 3082 1150 bic
3103 1096 3237 1151 facit
3260 1113 3391 1167 prae-

1819 1170 1911 1224 mii
1951 1173 2146 1241 gratia.

1890 1262 2052 1337 “4
2109 1263 2218 1318 \‘ll.
2267 1265 2403 1322 Tres
2448 1278 2628 1323 antem
2676 1281 2853 1327 status
2900 1284 2955 1329 et
3005 1276 3390 1347 dispositiones

1812 1368 1959 1423 sunt,
1985 1358 2142 1428 juxta
2166 1375 2304 1429 quas
2333 1376 2400 1416 ex
2432 1362 2450 1393 ⁸
2484 1360 2670 1417 Basilii
2698 1367 2963 1419 sententia
2996 1365 3313 1425 benefacere
3333 1381 3389 1428 et

1812 1447 2066 1504 virtutem
2116 1464 2373 1507 exercere
2419 1452 2723 1516 debemus,
2766 1455 2834 1509 de
2879 1457 3082 1528 quibus
3130 1464 3386 1519 omnibus

1814 1538 1948 1595 alias
1989 1555 2294 1596 sermonem
2336 1558 2421 1598 me
2469 1545 2623 1600 vobis
2669 1543 2863 1601 fecisse
2907 1552 3279 1607 commemini.
3325 1554 3383 1610 Si

1810 1630 1954 1688 enim
1990 1633 2185 1688 timore
2206 1633 2465 1703 gehennae
2487 1636 2919 1706 benefaciamus,
2948 1640 3002 1695 in
3029 1643 3213 1698 servili
3238 1656 3384 1701 stam

1811 1738 2035 1780 sumus:
2066 1725 2113 1780 si
2141 1736 2199 1779 ut
2222 1726 2526 1781 mercedem
2555 1730 2907 1799 recipiamus,
2937 1732 2991 1787 in
3024 1740 3378 1794 mercenarii:

1811 1812 1857 1866 si
1889 1813 2015 1868 boni
2045 1814 2217 1885 ipsius
2237 1817 2432 1885 gratia,
2463 1816 2533 1871 ad
2558 1817 2790 1873 filiorum
2824 1829 3027 1877 statum
3063 1827 3378 1883 transimus.

138 1890 201 1943 τδ
230 1892 445 1964 θέλημα
464 1872 574 1949 ’τοῦ
620 1899 854 1970 πατέρος
899 1901 1010 1955 ἀπὸ
1038 1902 1225 1968 φόϐου,
1260 1872 1379 1959 οὐδὲ
1408 1872 1500 1971 ⁵ὡς
1543 1907 1703 1962 θέλων

1811 1902 1982 1961 Filius
2018 1872 2165 1961 enim
2195 1872 2301 1962 neu
2350 1906 2482 1964 facit
2523 1911 2693 1980 patris
2736 1913 3069 1969 voluntatem
3112 1916 3184 1971 ob
3220 1919 3379 1974 timo-

139 1984 271 2054 παρ’
298 1986 471 2041 αὐτοῦ
500 1986 685 2042 λαϐεῖν
732 1990 944 2060 μισθὸν,
978 1992 1113 2048 ἀλλά
1160 1993 1330 2050 θέλων
1376 1996 1709 2068 θεραπεῦσαι

136 2075 316 2141 αὐτὸν,
365 2077 540 2133 θέλων
589 2080 819 2151 τιμῆσαι
868 2084 962 2138 καὶ
1012 2085 1322 2142 ἀναπαῦσαι
1370 2088 1553 2144 αὐτόν.
1601 2090 1710 2144 Καὶ

133 2169 295 2237 ἡμεῖς
322 2167 420 2225 οὖν
452 2171 623 2238 οὕτως
670 2175 956 2246 ὀφείλομεν
1001 2181 1175 2233 ποιεῖν
1214 2180 1314 2251 τὴν
1342 2180 1711 2253 ἐλεημοσύνην

133 2260 217 2315 διὰ
242 2263 305 2317 τὸ
332 2265 519 2329 καλὸν,
544 2268 951 2338 συμπάσχοντες
976 2270 1245 2342 ἀλλήλοις,
1276 2273 1352 2338 ὡς
1377 2275 1526 2336 ἰδίοις
1554 2275 1711 2346 μέλε-

135 2371 252 2407 σιν·
298 2355 477 2419 οὕτως
506 2358 563 2410 δὲ
593 2357 984 2429 θεραπεύοντές
1016 2380 1152 2426 τινα,
1196 2364 1273 2427 ὡς
1319 2366 1401 2419 ὅτι
1436 2368 1593 2437 ἡμεῖς
1640 2368 1708 2422 δι’

133 2448 344 2502 ἐκείνου
398 2449 817 2522 θεραπευόμεθα
849 2472 863 2485 ο
921 2455 1093 2520 οῦτως
1133 2458 1391 2522 διδόντες,
1432 2459 1508 2521 ὡς
1556 2460 1709 2515 αὐτοὶ

131 2536 525 2609 λαμϐάνοντες.
575 2545 684 2599 Καὶ
728 2545 865 2618 αὕτη
913 2549 1057 2601 ἐστὶν
1085 2551 1118 2619 ἡ
1149 2551 1207 2601 ἐν
1247 2549 1442 2619 γνώσει
1480 2551 1707 2623 ἐλεημος

135 2630 302 2703 σύνη·
364 2635 540 2700 οὕτως
581 2638 949 2710 εὑρισκόμεθα
988 2641 1081 2693 καὶ
1113 2642 1170 2694 ἐν
1200 2643 1266 2713 τῇ
1299 2641 1390 2695 τοῦ
1432 2643 1550 2696 υἱοῦ
1594 2644 1708 2699 δια-

132 2723 297 2787 θέσει,
325 2727 511 2790 καθὼς
535 2728 781 2799 εἴπομεν.
805 2730 992 2796 Οὐδεὶς
1012 2731 1231 2787 δύναται
1254 2734 1426 2788 εἰπεῖν
1443 2751 1459 2766 ο
1488 2737 1705 2808 Πτωχός

129 2814 267 2883 εἰμι,
300 2817 395 2869 καὶ
424 2816 523 2870 οὐκ
552 2817 661 2889 ἔχω
691 2818 855 2873 πόθεν
895 2820 1131 2888 ἐλεῆσαι.
1166 2823 1283 2876 Κᾶν
1318 2824 1426 2896 γὰρ
1453 2825 1515 2877 οὐ
1546 2825 1705 2879 δύναο

133 2923 218 2959 σαι
240 2906 447 2968 δοῦναι,
478 2909 553 2972 ὡς
580 2911 775 2964 ἐκεῖνοι
798 2912 851 2964 οἱ
874 2912 1116 2966 πλούσιοι
1136 2914 1186 2967 οἱ
1213 2914 1445 2978 διδόντες
1471 2915 1537 2969 τὰ
1557 2916 1705 2990 δῶρα

129 2999 307 3052 αὐτῶν
352 3001 439 3063 εἰς
481 3000 542 3053 τὸ
595 3002 1014 3073 γαζοφυλάκιον,
1056 3005 1144 3068 δὸς
1189 3004 1282 3058 δύο
1330 3005 1520 3071 λεπτὰ,
1556 3008 1633 3073 ὼς
1669 3010 1704 3083 ἠ

128 3090 274 3159 χήρα
300 3091 335 3162 ἡ
365 3091 633 3162 πενιχρίν
665 3093 760 3147 καὶ
793 3094 1144 3165 προσδέχεται
1176 3096 1315 3149 αὐτὰ
1339 3097 1367 3149 6
1396 3096 1528 3161 Θεὸς
1553 3100 1704 3170 παρὰ

129 3178 225 3232 σοῦ
261 3181 404 3252 ὑπὲρ
433 3181 503 3235 τὰ
532 3182 678 3254 δῶρα
711 3184 915 3240 ἐκεῖνα.
967 3187 1101 3241 Οὐδὲ
1140 3185 1313 3252 οὕτως
1358 3187 1538 3258 ἔχειςς
1586 3189 1702 3244 ἀλλ’

126 3271 271 3343 ἔχεις
299 3272 530 3344 δύναμιν
560 3275 654 3328 καὶ
690 3274 911 3330 δύνασαι
936 3276 1018 3330 δι*
1031 3278 1333 3350 ὑπηρεσίας
1363 3279 1581 3351 ἐλεῆσαι
1608 3280 1700 3335 τδν

126 3364 480 3419 ἀσθενοῦντα.
518 3366 593 3418 Οὐ
618 3365 841 3420 δύνασαι
867 3367 987 3421 οὐδὲ
1012 3368 1187 3441 τούτῳ
1203 3370 1269 3437 ";
1298 3370 1521 3425 δύνασαι
1556 3371 1700 3445 λόγῳ

128 3454 512 3523 παρακαλέσαι
544 3455 634 3509 τὸν
665 3456 891 3526 ἀδελφόν
921 3474 1034 3511 σου.
1093 3458 1247 3513 Ἐλοῦ
1285 3456 1379 3515 οῦν
1410 3461 1571 3516 αὐτὸν
1611 3463 1700 3519 διὰ

124 3544 218 3600 τοῦ
245 3546 433 3615 λόγου,
466 3548 559 3600 καὶ
597 3547 827 3603 ἄκουσον
854 3548 949 3603 τοῦ
978 3551 1227 3620 λέγοντος
1250 3569 1264 3583 ·
1322 3554 1568 3624 Ἀγαθός
1593 3558 1698 3611 λό-

122 3656 230 3707 γος
254 3639 412 3707 ὑπὲρ
436 3639 612 3709 δῶρα.
649 3641 902 3707 Ὑπόθου,
928 3644 1046 3698 οὐδὲ
1076 3646 1217 3718 λόγῳ
1234 3646 1459 3703 δύνασαι
1484 3649 1698 3723 ὠφελῆ-

125 3747 238 3791 σαι,
267 3731 498 3787 δύνασαι
527 3732 621 3787 ἐὰν
648 3733 954 3807 παροξυνθῇ
987 3737 1128 3790 κατὰ
1157 3737 1249 3791 σοῦ
1271 3741 1300 3792 ό
1321 3740 1546 3810 ἀδελφός
1579 3761 1699 3805 σου.

122 3822 356 3895 ποιῆσαι
389 3824 539 3889 ἔλεος
574 3827 654 3889 εῖς
692 3828 875 3894 αὐτὸν,
920 3828 1015 3882 καὶ
1048 3829 1312 3899 βαστάσαι
1353 3834 1513 3888 αὐτὸν
1539 3837 1598 3889 ιν
1621 3836 1699 3908 τῷ

123 3917 306 3990 καιρῷ
332 3918 436 3990 τῆς
466 3920 711 3991 ταραχῆς
744 3919 931 3987 αὐτοῦ,
964 3920 1177 3993 βλέπων
1207 3925 1365 3981 αὐτὸν
1394 3927 1696 4001 ιπηριαζό-

124 4025 289 4079 μενον
311 4012 378 4066 ὲκ
402 4009 493 4066 τοῦ
516 4010 694 4066 κοινοῦ
715 4010 906 4084 ῖχθροῦ
927 4030 943 4048 ο
981 4016 1074 4071 καὶ
1093 4016 1212 4071 ἀντὶ
1234 4016 1327 4072 τοῦ
1346 4019 1517 4077 εἰπεῖν
1537 4022 1698 4079 αὐτὸν

121 4099 183 4157 Iv
221 4100 382 4174 ῥῆμα
426 4102 521 4158 καὶ
553 4102 715 4158 πλέον
747 4104 977 4177 ταράξαι
1021 4106 1205 4175 αὐτὸν,
1257 4109 1549 4184 σιωπῆσαι.
1603 4114 1697 4173 καὶ

120 4192 298 4248 ιλιιῖν
330 4193 513 4257 αὑτὸν.
544 4194 638 4249 καὶ
679 4194 777 4267 τὴν
804 4194 983 4270 ψυχὴν
1012 4197 1199 4263 αὐτοῦ.
1237 4201 1500 4258 ἀποσπῶν
1534 4206 1698 4264 αὐτὸν

121 4283 233 4339 ἀπὸ
261 4282 362 4340 τοῦ
395 4283 612 4357 ὶχθροῦ.
642 4284 878 4341 Δύνασαι
905 4287 1086 4357 πάλιν,
1110 4288 1204 4345 δαν
1224 4292 1444 4367 ἁμάρτῃ
1472 4296 1555 4362 ιῑς
1587 4296 1644 4353 σι
1667 4297 1697 4353 6

120 4375 358 4447 ἁδελφός
386 4392 502 4441 σου,
535 4377 752 4450 ἐλεῆσαι
780 4377 963 4447 αὐτὸν,
998 4380 1093 4437 καὶ
1142 4383 1363 4457 ἀφιέναι
1411 4385 1560 4461 αὺτῷ
1597 4388 1696 4462 τὴν

122 4467 407 4540 ἁμαρτίαν
428 4467 613 4535 αὐτοῦ,
643 4470 729 4525 ἴνα
757 4470 849 4525 καὶ
871 4471 934 4527 σὺ
964 4473 1156 4543 ἂφισιν
1176 4475 1346 4551 λάϐῃς
1367 4479 1517 4552 παρὰ
1537 4481 1693 4539 Θεοῦ.

1809 2011 1948 2060 rem,
1987 2013 2162 2068 neque
2193 2006 2253 2051 ut
2292 2000 2518 2068 recipiat
2549 2004 2850 2058 mercedem
2897 2006 2967 2059 ab
3013 2006 3125 2071 illo,
3156 1992 3248 2063 sed
3277 2026 3383 2064 vo-'

1809 2088 1931 2143 lens
1962 2087 2041 2143 illi
2081 2088 2377 2156 deservire,
2404 2092 2592 2147 volens
2635 2092 2815 2165 ipsum
2864 2096 3154 2163 honorare,
3192 2100 3380 2155 volens

1808 2181 1910 2248 ipsi
1941 2182 1994 2236 in
2021 2184 2276 2238 omnibus
2314 2183 2541 2254 obsequi
2580 2194 2637 2239 et
2674 2200 2881 2241 morem
2913 2204 3118 2258 gerere.
3158 2189 3246 2246 Sic
3276 2191 3380 2263 igi-

1808 2282 1897 2329 tur
1920 2282 1975 2329 et
1998 2289 2098 2328 nos
2127 2274 2527 2347 eleemosynam
2559 2276 2825 2334 faciamus
2852 2283 2921 2335 ob
2953 2282 3124 2351 ipsius
3151 2284 3382 2340 eleemo-

1805 2381 1952 2435 synas
1983 2366 2184 2420 bonum
2205 2408 2218 2421 .
2248 2370 2637 2437 eompatientes
2661 2380 2851 2425 mutuo
2872 2383 2931 2427 ut
2957 2375 3189 2444 propriis
3206 2392 3380 2431 mem-

1806 2458 1939 2524 bris,
1970 2458 2050 2512 sic
2080 2474 2266 2513 curam
2297 2468 2547 2529 gerentes
2573 2460 3004 2533 uniuscujusque
3030 2482 3088 2519 ἰι
3105 2467 3170 2520 at:
3195 2483 3259 2522 eo
3278 2485 3377 2524 cu-

1805 2549 1913 2603 rari
1944 2564 2043 2603 ncs
2075 2558 2387 2619 optaremus
2415 2567 2430 2615 ;
2463 2549 2544 2605 sic
2571 2550 2783 2619 dantes,
2810 2561 3066 2624 tanquam
3100 2556 3376 2625 accipere-

1804 2657 1925 2695 mus
1961 2660 1975 2707 ;
2018 2649 2072 2696 et
2102 2643 2218 2697 lucc
2254 2650 2337 2698 est
2365 2642 2708 2716 eleemosyna
2746 2660 2869 2716 quae
2912 2662 3029 2699 cum
3067 2649 3377 2718 cognitimtt:

1803 2733 1900 2786 iit:
1931 2732 2026 2796 ita,
2059 2741 2119 2786 ut
2146 2729 2282 2795 dixi,
2322 2730 2376 2785 in
2408 2732 2640 2787 liliorum
2678 2742 2821 2789 statu
2851 2752 2987 2806 t’epe‘
3014 2754 3077 2790 vr
3170 2781 3174 2789 .
3195 2738 3377 2808 .i‘iemo

1802 2830 1981 2876 autem
2010 2831 2183 2891 potest
2210 2821 2387 2878 dicere
2416 2841 2429 2876 :
2454 2823 2665 2894 Pauper
2696 2839 2842 2891 sum,
2874 2836 2928 2881 et
2973 2829 3116 2884 unde
3162 2829 3377 2885 miseri-

1801 2914 2038 2969 cordiam
2078 2913 2297 2982 faciam,
2331 2932 2440 2971 non
2476 2916 2668 2971 habeo.
2701 2916 2757 2972 Si
2791 2919 2940 2972 enim
2975 2936 3083 2974 non
3113 2931 3265 2990 potes
3292 2924 3376 2977 di-

1801 3006 2001 3061 vitibus
2029 3014 2084 3060 et
2112 3005 2421 3076 potentibus
2448 3022 2602 3078 :equa
2631 3008 2983 3071 distribuere.
3014 3012 3082 3066 da
3109 3012 3163 3067 in
3204 3028 3372 3083 gazo-

1804 3097 2111 3169 phylacium
2141 3100 2248 3152 duo
2282 3099 2514 3166 minuta,
2548 3107 2605 3153 ut
2633 3099 2791 3155 vidua
2822 3101 2911 3157 illa
2946 3105 3271 3173 paupercula
3298 3117 3324 3145 ι
3352 3123 3371 3173 ;

1801 3195 1855 3239 et
1886 3187 1972 3240 illa
2004 3188 2197 3256 accipit
2240 3203 2271 3243 a
2317 3196 2370 3242 te
2401 3188 2543 3244 Deus
2576 3205 2736 3258 super
2760 3191 2988 3247 divitum
3019 3193 3184 3248 dona.
3215 3195 3372 3262 Quod

1805 3277 1850 3333 si
1886 3293 1982 3331 nec
2007 3279 2168 3332 etiam
2202 3280 2305 3335 boc
2333 3281 2627 3349 habueris;
2658 3291 2732 3353 lat
2772 3294 2919 3338 certe
2950 3293 3105 3355 potes
3134 3301 3232 3355 per
3267 3288 3373 3341 mi-

1806 3369 2086 3425 nisterium
2128 3372 2439 3441 aegretantis
2479 3374 2747 3429 misereri.
2786 3373 2904 3430 Non
2951 3387 3104 3447 potes
3133 3386 3192 3434 et
3223 3380 3377 3437 hoc?

1807 3471 1961 3531 potes
1999 3462 2164 3517 verbo
2208 3462 2429 3519 fratrem
2467 3476 2617 3519 tuum
2658 3467 2933 3523 consolari
2974 3477 3030 3523 et
3069 3469 3369 3527 adhortari.

1804 3554 2063 3609 Miserere
2091 3554 2253 3621 igitur
2274 3555 2421 3610 illius
2446 3571 2542 3625 pet;
2563 3557 2809 3623 verbum,
2830 3568 2885 3614 et
2908 3561 3037 3615 audi
3067 3562 3371 3621 dicentem:

1815 3642 2038 3699 Verbum
2078 3645 2268 3699 bonum
2312 3662 2469 3716 super
2506 3646 2693 3701 datum
2739 3651 2994 3719 optimum
3021 3652 3075 3710 δ.
3115 3651 3220 3708 Sed
3252 3664 3373 3710 esto

1804 3735 1949 3804 quod
1978 3751 2154 3805 neque
2184 3737 2351 3792 verbo
2389 3737 2567 3807 possis
2602 3738 3031 3795 miscricordiam
3066 3740 3282 3799 facere:
3316 3753 3374 3801 at

1803 3836 1947 3884 certe
1974 3835 2126 3898 potes
2153 3828 2199 3884 si
2240 3829 2295 3884 in
2334 3840 2386 3885 te
2409 3831 2758 3887 excanduerit
2811 3831 3017 3899 frater,
3066 3833 3373 3905 fragilitatis

1802 3921 1948 3978 illius
1976 3921 2217 3977 misereri
2245 3961 2261 3988 ,
2292 3930 2348 3979 et
2376 3937 2494 3979 eam
2524 3922 2666 3979 ferre
2692 3926 2744 3979 in
2782 3933 3020 3995 tempore
3043 3927 3372 3987 turbationis

1802 4027 1937 4078 sum,
1961 4026 2084 4069 cum
2120 4028 2229 4069 non
2263 4014 2479 4085 ignores
2511 4022 2773 4070 tentatqu
2819 4015 2971 4072 illum
3012 4031 3044 4072 ι
3084 4022 3365 4076 communi

1804 4106 1977 4165 hoste.
2015 4105 2259 4178 Cumque
2287 4107 2465 4179 postis
2502 4105 2575 4164 1111
2610 4106 2952 4179 respondere.
2993 4117 3049 4167 et
3085 4111 3361 4169 turbatum

1803 4195 1977 4270 magis
2006 4196 2328 4266 incendere;
2362 4198 2409 4255 si
2438 4206 2639 4263 taceas,
2673 4198 3103 4258 miscricordiam
3144 4200 3279 4261 facis
3307 4204 3363 4262 in

1801 4288 2039 4343 ultimam
2068 4287 2205 4358 ejus,
2233 4299 2289 4345 et
2324 4287 2392 4345 de
2423 4288 2605 4347 hostili
2644 4304 2767 4345 eum
2806 4306 2970 4348 manu
3008 4292 3176 4365 rapis.
3204 4292 3366 4354 Potes

1803 4395 2040 4446 rursum,
2074 4379 2119 4435 si
2154 4379 2208 4436 in
2243 4386 2295 4437 te
2332 4383 2638 4453 peccaverit
2683 4381 2848 4439 frater
2885 4393 3032 4452 tuus,
3067 4385 3145 4442 illi
3183 4386 3368 4445 dimit-

1802 4484 1914 4531 tere
1941 4483 1995 4530 et
2018 4473 2299 4545 ignoscere
2325 4485 2605 4545 peccatum
2637 4475 2776 4546 eius,
2809 4486 2869 4533 ut
2892 4487 2945 4533 et
2970 4485 3025 4533 tu
3062 4494 3093 4535 a
3137 4478 3367 4537 Domino

120 4556 293 4627 Λέγιι
327 4559 470 4632 γάρ’
505 4561 709 4631 Ἄφετε
738 4560 836 4617 καὶ
870 4562 1233 4632 ἀφεθήσεται
1265 4569 1438 4639 ὑμῖν·
1485 4570 1579 4626 καὶ
1606 4570 1695 4626 ιῦ-

1805 4563 2225 4621 miscricordiam
2266 4575 2322 4621 et
2364 4564 2573 4621 veniam
2615 4569 3012 4640 consequaris:
3056 4570 3133 4627 ait
3174 4572 3361 4629 enim:

104 4648 294 4719 pisum
327 4647 498 4702 ποιῶν
537 4647 682 4709 ιλιος
732 4650 790 4715 ἐς
831 4649 929 4723 τὴν
957 4652 1131 4725 ψυχὴν
1179 4654 1274 4710 τοῦ
1318 4657 1548 4731 ἀδελφοῦ
1581 4677 1695 4727 σου,

125 4737 434 4809 συγχωρῶν
462 4738 609 4810 αὑτῷ
632 4738 667 4793 a
694 4740 938 4812 ἥμαρτεν
971 4743 1051 4807 εἰς
1077 4744 1157 4800 σέ.
1195 4747 1400 4803 Ἔδωκε
1430 4750 1539 4824 γὰρ
1567 4752 1697 4824 ἡμῖν

120 4831 151 4883 6
173 4829 313 4892 Θεὸς
336 4828 604 4895 ἱξουσίαν,
630 4832 722 4885 ἐὰν
754 4830 1013 4904 θέλωμεν,
1039 4841 1340 4910 συγχωρεῖν
1362 4841 1608 4913 ἀλλήλοις
1627 4844 1696 4900 τὰ

122 4919 555 4991 παραπτώματα
588 4926 680 4975 καὶ
709 4925 787 4986 εἰς
809 4926 956 4995 ἡμᾶς
984 4929 1241 5000 γινόμενα
1268 4945 1281 4961 ’
1318 4932 1411 4985 καὶ
1431 4934 1529 4988 οὐκ
1554 4934 1697 5005 ἔχεις

123 5011 247 5075 πῶς
280 5010 501 5081 ἐλεῆσαι
533 5012 595 5066 τὸ
626 5013 804 5085 σῶμα,
844 5016 1012 5081 ἐλεεῖς
1052 5018 1110 5072 δὲ
1152 5020 1251 5091 τὴν
1280 5022 1455 5095 ψυχὴν
1485 5025 1650 5080 αὑτοῦ
1674 5042 1689 5059 ⁶

122 5102 221 5156 καὶ
251 5105 403 5156 ποῖον
434 5103 578 5167 ἕλεος
600 5106 763 5175 μέγα,
786 5107 859 5170 ὼς
881 5107 942 5161 τὸ
970 5107 1113 5174 ἔλεος
1137 5110 1234 5179 τῆς
1253 5111 1426 5184 ψυχῆς
1445 5130 1460 5177 ;
1482 5115 1691 5188 Ὥσπερ

121 5196 240 5265 γὰρ
274 5196 311 5266 ἡ
340 5195 484 5267 ψυχὴ
508 5200 806 5269 τιμιωτέρα
834 5201 947 5254 ἐστὶ
978 5201 1072 5255 τοῦ
1103 5202 1370 5275 σώματος,
1393 5206 1563 5271 οὕτως
1599 5211 1691 5264 καὶ

122 5285 282 5350 ἔλεος
311 5286 373 5339 τὸ
398 5286 675 5359 γινόμενον
720 5293 799 5355 εἰς
842 5294 941 5363 τὴν
986 5294 1181 5366 ψυχὴν,
1222 5297 1403 5367 μεῖζόν
1436 5300 1551 5353 ἐστι
1596 5299 1690 5355 τοῦ

1798 4656 2061 4727 Dimittit:
2092 4666 2142 4712 et
2180 4657 2477 4713 dimittetur
2496 4660 2638 4716 vobis
2657 4670 2716 4716 °:
2746 4670 2798 4717 et
2827 4661 2908 4719 sic
2934 4662 3363 4722 misericordiam

1796 4746 1932 4807 facis
1969 4748 2023 4805 in
2054 4748 2292 4805 animam
2318 4747 2502 4807 fratris
2536 4750 2636 4815 tui.
2668 4750 2948 4810 dimittens
2974 4753 3049 4810 illi
3077 4768 3361 4828 peccatum

1794 4838 1941 4911 quod
1973 4838 2030 4895 in
2062 4848 2112 4897 te
2138 4840 2424 4897 commisit.
2460 4838 2687 4898 Videtur
2712 4842 2858 4899 enim
2892 4843 3035 4903 Deus
3065 4846 3225 4903 nobis
3263 4862 3363 4919 po-

1794 4939 2038 4986 testatem
2065 4930 2279 4986 dedisse
2311 4931 2617 4989 dimittendi
2649 4943 2866 5004 peccata
2901 4935 3045 4992 inter
3082 4952 3180 4994 nos
3206 4953 3360 4995 com-

1796 5021 1994 5076 missa:
2032 5021 2107 5078 ita
2141 5031 2200 5078 ut
2225 5022 2270 5078 si
2299 5038 2407 5078 non
2438 5024 2661 5091 habeas,
2683 5026 2955 5097 quomodo
2978 5029 3221 5100 corporis
3238 5030 3361 5100 ejus

1797 5113 2139 5183 miserearis,
2186 5116 2433 5173 misereri
2474 5120 2652 5189 possis
2688 5120 2901 5175 animae.
2949 5118 3016 5176 Et
3058 5123 3226 5192 quod,
3257 5124 3358 5181 ob-

1796 5220 1972 5270 secro,
2008 5207 2396 5264 misericordiae
2428 5209 2606 5280 majus
2644 5226 2813 5280 genus
2837 5221 2920 5267 est
2943 5250 2960 5277 ,
2988 5228 3151 5283 quam
3195 5214 3355 5271 mise-

1793 5305 2026 5361 ricordia
2054 5307 2284 5363 animae?
2318 5308 2386 5366 Ut
2414 5310 2557 5366 enim
2584 5309 2844 5367 illustrior
2872 5322 2955 5369 est
2991 5313 3171 5371 anima
3190 5328 3353 5385 quam

199 5473 233 5503 α
258 5460 425 5518 Marc.
464 5474 559 5529 xit,
609 5465 715 5530 42;
750 5464 880 5523 Luc.
909 5485 1017 5532 xm,
1044 5470 1093 5526 l.
1171 5472 1198 5512 ι·
1226 5470 1391 5529 Eccli.
1417 5489 1569 5541 xvut,
1597 5476 1683 5531 l7.

1819 5476 1951 5534 Luc.
1984 5495 2056 5542 vn,
2092 5480 2177 5535 57.

1407 5652 1640 5710 VARIIE
1663 5653 2062 5716 LECTIONES.

207 5805 253 5837 "
289 5805 490 5863 Basilii.
528 5809 787 5881 (ἔνθεοι-11,
866 5813 908 5843 ³³
942 5810 1111 5867 τοῦτο.
