4118 6542
144 564 268 631 1739
1478 579 1770 640 DOCTRI]

1713 581 1853 641 LI‘NA
1891 584 1993 644 xv
3208 591 3339 657 mo

140 684 253 750 εἴπῃ
274 677 583 741 τις,παντδς.
603 678 698 731 τοῦ
730 679 994 746 ἐνιαυτοῦ,
1010 681 1413 752 ἦν’ὐγείασανίδ
1442 687 1573 755 ἡμῖν
1604 689 1682 749 εἰς
1709 695 1755 749 Α

1709 695 1755 749 Α
1783 694 1993 746 terdum
2015 694 2322 765 contigerit,
2352 698 2433 753 vel
2461 712 2525 752 ex
2560 698 2867 768 fragilitate,
2899 700 2979 756 vel
3007 701 3333 759 inllrmitate.

140 773 404 842 μετάνοιαν
439 773 486 824 οί
530 771 675 839 ἀγιοι
709 772 1018 836 ἀπόστολοι,
1047 774 1343 844 καθάρσιον
1369 772 1532 830 οὖσαν
1563 777 1671 830 τῶν

1774 783 1854 837 Ad
1900 783 2001 841 hoc
2044 788 2188 842 enim
2230 788 2387 842 nobis
2431 790 2578 845 dedit
2628 789 2772 847 Deus
2818 793 3192 847 sanctissimos
3240 794 3337 849 hos

134 865 417 935 ἁμαρτιῶν,
447 864 522 928 ὡς
549 862 724 928 εἶπον,
751 865 951 929 παντὸς
978 865 1071 919 τοῦ
1098 868 1564 932 ὲνιαυτοῦ.“¹οστις
1585 866 1677 923 οὖν

1773 875 1922 933 dies:
1954 886 2012 929 ut
2042 877 2095 932 in
2132 878 2212 933 eis
2250 879 2457 933 scilicet
2499 882 2711 936 studeat
2746 885 3123 955 unusquisque
3165 886 3338 955 ι)ωηὶ-

131 959 371 1026 φυῖιάττει
419 958 610 1010 ἑαυτὸν
659 957 839 1021 καλῶς
871 962 961 1011 καὶ
999 960 1075 1023 ὡς
1119 960 1201 1013 δεῖ
1235 962 1292 1013 ἐν
1324 966 1441 1021 ταῖς
1490 963 1676 1031 ἁγίαις

1774 966 1997 1021 tentiam
2022 983 2201 1039 agere,
2229 978 2284 1024 et
2313 973 2528 1041 purgari
2554 988 2582 1027 a
2613 973 2851 1043 peccatis
2878 984 2989 1028 toto
3017 990 3161 1030 anno
3189 991 3339 1031 com-

129 1050 344 1120 ἡμέραις
374 1049 615 1115 ταύταις,
651 1050 918 1120 μακάριός
950 1052 1119 1117 ἐστιν,
1146 1052 1398 1122 ἀδελφοί·
1424 1054 1527 1108 κᾶν
1569 1056 1676 1126 γὰρ

1773 1058 1996 1125 missis;
2030 1069 2088 1113 ut
2121 1061 2188 1115 ita
2224 1072 2447 1133 purgata
2475 1072 2528 1118 et
2557 1065 2788 1120 relevata
2837 1065 2906 1120 ab
2935 1080 3099 1122 onere
3155 1068 3337 1123 anima

123 1142 321 1211 ἔτυχεν,
370 1141 553 1205 αὑτὸν,
598 1142 673 1205 ὡς
722 1142 1029 1213 ἄνθρωπον,
1075 1145 1413 1216 άμαρτῆσαι,
1461 1147 1569 1199 εἴτε
1617 1149 1676 1212 ἐξ

1772 1149 2143 1204 sacratissimo
2166 1151 2251 1206 die
2279 1155 2701 1210 resurrectionis
2728 1165 2999 1220 occurrat,
3023 1165 3077 1209 et
3103 1159 3306 1212 sanctis

122 1232 412 1297 ἀσθενείας,
442 1232 475 1303 ἢ
501 1234 780 1303 ἀμελείας.
799 1234 929 1288 Ἰδοὺ
957 1235 1155 1289 ἔδωκεν
1183 1238 1212 1289 ὁ
1235 1238 1367 1299 Θεὸς
1389 1238 1488 1300 τὰς
1510 1241 1673 1307 ἁγίας

1771 1238 1909 1292 sima
1944 1238 2197 1308 mysteria
2238 1240 2290 1293 in
2324 1241 2495 1311 gratia
2520 1242 2744 1312 accipiat
2772 1258 2944 1297 novus
2968 1244 3134 1297 homo
3163 1241 3334 1298 factus

117 1326 319 1395 ἡμέρας
337 1325 560 1389 ταύτας,
591 1325 681 1379 ἴνα
711 1326 807 1380 ἐὰν
847 1328 1138 1382 σπουδάσει
1167 1346 1253 1393 τις
1294 1330 1431 1399 μετά
1461 1331 1673 1402 νήψεως

1770 1342 1865 1399 per
1890 1329 2260 1398 paenitentiam
2289 1340 2600 1386 sanctorum
2632 1333 2826 1387 horum
2843 1332 3198 1402 jejuniorum,
3226 1333 3334 1387 sic-

116 1417 207 1469 καὶ
240 1418 737 1488 ταπεινοφροσύνης
780 1420 1063 1489 φροντίσαι
1108 1420 1324 1485 ἐαυτοῦ,
1361 1422 1455 1475 καὶ
1501 1440 1671 1491 μετα-

1767 1428 1885 1490 que'
1907 1436 2030 1476 cum
2064 1421 2263 1493 gaudio
2282 1431 2335 1477 et
2362 1423 2549 1479 laetitia
2578 1425 2845 1494 spirituali
2887 1440 3009 1481 cum
3061 1425 3167 1480 Deo
3196 1426 3336 1480 cele-

111 1511 295 1579 νοῆσαι
339 1513 397 1564 ἐν
442 1512 738 1575 ἐαυταϊς³⁵,
791 1511 1035 1584 καθαρθῇ
1085 1513 1193 1567 ἀπὸ
1239 1515 1348 1566 τῶν
1389 1517 1672 1585 ἁμαρτιῶν

1768 1511 1889 1567 bret
1919 1521 2159 1568 sanctam
2208 1527 2421 1569 omnem
2457 1514 2824 1571 Pentecosten.
2852 1516 3165 1571 Pentecoste
3189 1518 3332 1571 enim

110 1603 229 1655 ὅλου
271 1603 364 1656 τοῦ
411 1604 677 1670 ἐνιαυτοῦ,
711 1605 806 1657 καὶ
834 1605 1018 1657 λοιπὸν
1066 1606 1398 1660 ἀναπαύεται
1448 1610 1480 1679 ἡ
1522 1608 1668 1680 ψυχὴ

1771 1603 1965 1658 animae
1982 1603 2308 1658 resurrectio
2335 1614 2438 1673 est,
2460 1618 2518 1661 ut
2539 1621 2571 1661 e
2600 1606 2899 1661 senioribus
2926 1622 3067 1661 unus
3111 1607 3285 1661 aiebat
3314 1624 3328 1662 :

107 1695 267 1748 αὐτοῦ
293 1696 401 1749 ἀπὸ
431 1697 525 1749 τοῦ
561 1697 776 1767 βάρους,
808 1697 903 1749 καὶ
939 1696 1110 1759 οὕτως
1139 1697 1393 1768 καθαρῶς
1434 1701 1668 1770 προσέρ-

1772 1692 1943 1764 Cujus
1976 1708 2111 1750 sane
2131 1695 2183 1748 in
2208 1695 2420 1764 signum
2447 1708 2529 1752 est
2549 1696 2691 1767 quod
2717 1712 2888 1766 genua
2907 1699 2959 1752 in
2978 1698 3204 1754 ecclesia
3225 1713 3330 1753 non

107 1805 254 1857 χεται
281 1791 344 1858 τῇ
373 1789 504 1859 ἁγίᾳ
529 1789 710 1861 ἡμέρα
733 1794 832 1859 τῆς
863 1789 1228 1853 ἀναστάσεως,
1262 1792 1355 1844 καὶ
1385 1792 1667 1861 μεταλαμ-

1443 1792 1667 1861 ;ταλαμ-
1771 1788 2033 1845 ﬂectimus
2062 1805 2155 1859 per
2185 1803 2426 1844 sanctam
2456 1807 2667 1847 omnem
2700 1791 3069 1848 Pentecosten.

102 1881 258 1934 ϐάνει
322 1882 711 1951 ἀκατακρίτως
755 1881 865 1934 τῶν
909 1882 1077 1950 ἁγίων
1149 1872 1459 1955 μυστηρίων
1504 1885 1622 1948 νέος
1685 1882 1967 1953 ἄνθρωπος
2021 1881 2332 1952 γενόμενος,
2379 1883 2465 1936 διά
2507 1884 2606 1952 τῆς
2679 1896 2967 1956 μετανοίας
3013 1886 3121 1939 τῶν
3166 1886 3336 1953 ἁγῖων

102 1973 367 2042 νηστειῶν
392 1974 616 2036 τούτων,
651 1976 746 2028 καὶ
782 1973 930 2045 μένει
964 1974 1100 2044 μετά
1126 1977 1300 2046 χαρᾶς
1362 1977 1457 2029 καὶ
1498 1975 1835 2047 εὐφροσύνης
1908 1978 2299 2047 πνευματικῆς,
2363 1976 2638 2046 ἑορτάζων
2681 1979 2777 2030 σὺν
2824 1976 2941 2047 Θεῷ
2991 1978 3168 2030 πᾶσαν
3233 1977 3337 2046 τὴν

99 2066 259 2132 ἁγίαν
304 2068 706 2137 Πεντηκοστήν.
739 2068 1081 2138 Πεντηκοστὴ
1151 2071 1259 2140 γάρ
1329 2072 1476 2123 ἐστιν
1534 2070 1824 2133 ἀνάστασις
1883 2068 2079 2140 ψυχῆς,
2105 2070 2181 2132 ὠς
2228 2068 2405 2133 λέγει’
2436 2069 2596 2123 τοῦτο
2637 2069 2744 2139 γάρ
2780 2070 2874 2123 καὶ
2909 2068 3169 2141 σύμὸολόν
3218 2072 3331 2123 ἐστι

96 2159 158 2212 τὺ
186 2159 261 2230 μὴ
288 2159 493 2213 κλίνειν
523 2161 667 2230 ἡμᾶς
687 2159 814 2227 γόνυ
840 2162 897 2213 ἐν
928 2163 993 2232 τῇ
1024 2161 1154 2230 ἁγίᾳ
1184 2161 1446 2233 ἐκκλησίᾳ
1470 2164 1648 2217 πᾶσαν
1685 2161 1781 2233 τὴν
1810 2161 2188 2231 Πεντηκοστὴν

166 2275 242 2328 B'.
268 2274 548 2335 Ἕκαστος
571 2269 663 2325 οὖν
685 2271 852 2326 θέλων
871 2273 1209 2346 καθαρθῆναι
1232 2273 1342 2327 ἀπὸ
1360 2273 1468 2326 τῶν
1491 2276 1669 2345 ἁμαρ-
1699 2261 1743 2316 Β

1704 2261 1743 2316 Β
1841 2271 1907 2328 ll.
1941 2271 2201 2344 Quisquis
2232 2271 2397 2344 igitur
2426 2274 2645 2342 purgari
2678 2273 2909 2328 voluerit
2936 2289 2966 2328 τι
2992 2275 3226 2343 peccatis
3247 2284 3330 2329 to-

94 2366 225 2420 τιῶν
253 2366 426 2419 αὑτοῦ
454 2365 546 2419 τοῦ
577 2364 700 2419 ὅλου
732 2365 1004 2428 ἐνιαυτοῦ,
1030 2366 1117 2418 διά
1161 2365 1268 2420 τῶν
1294 2366 1515 2437 ἡμερῶν
1542 2366 1668 2420 τού·

1771 2368 1880 2424 tius
1906 2368 2055 2435 anni,
2085 2376 2272 2423 caveat
2297 2368 2529 2437 primum
2556 2382 2625 2423 ne
2672 2383 2732 2423 se
2767 2368 2936 2424 nimio
2968 2368 3090 2424 cibo
3119 2379 3213 2425 aut
3238 2386 3334 2440 po-

91 2477 223 2521 των,
258 2458 410 2511 θέλει
460 2458 673 2529 πρῶτον
706 2458 802 2528 μέν
832 2457 1117 2526 φυλάττειν
1156 2457 1344 2512 ἐαυτὸν
1381 2460 1489 2512 ἀπὸ
1515 2460 1670 2513 ἀδια-

1771 2470 1826 2515 ιιι
1852 2460 2164 2531 ingurgitet.
2193 2461 2453 2515 (Siborum
2491 2461 2634 2514 enim
2667 2460 2830 2515 nimia
2875 2462 3240 2531 ingurgitatio,
3272 2475 3333 2518 ut

93 2553 293 2622 φορίας
326 2550 655 2623 βρωμάτων.
673 2548 738 2604 Ἦ
758 2549 866 2622 γὰρ
899 2550 1189 2623 ἀδιαφορία
1214 2551 1321 2605 τῶν
1345 2550 1670 2621 βρωμάτων,

1771 2551 1959 2607 Patres
1997 2553 2167 2608 nostri
2194 2567 2435 2617 sensere,
2481 2553 2713 2622 plurima
2744 2554 2885 2609 mala
2929 2554 3131 2609 homini
3154 2554 3329 2610 affert.

98 2642 289 2709 καθὼς
325 2644 582 2710 λέγουσιν
613 2644 664 2696 οί
686 2644 943 2714 Πατέρες,
974 2644 1138 2716 γεννᾷ
1168 2642 1246 2715 τῷ
1272 2643 1540 2714 ἀνθρώπῳ
1565 2646 1674 2698 πᾶν

1772 2644 1970 2699 Caveat
1991 2660 2205 2714 quoque
2229 2659 2296 2700 ne
2318 2643 2585 2714 jejunium
2616 2645 2822 2714 absque
2862 2660 3055 2715 magna
3094 2647 3330 2702 necessi-

93 2739 290 2790 κακόν.
327 2735 464 2790 Εἶτα
510 2736 652 2790 θέλει
695 2737 898 2807 ὁμοίως
934 2737 1222 2806 φυλάττειν
1264 2737 1325 2789 τὸ
1381 2736 1457 2808 μὴ
1503 2754 1673 2790 κατα-

1774 2746 1883 2790 tale
1908 2736 2185 2800 dissolvat,
2217 2750 2321 2788 non
2360 2745 2568 2805 quazrat
2597 2736 2850 2805 opiparas
2899 2736 3086 2806 dapes,
3133 2753 3231 2792 nec
3274 2753 3331 2791 se

89 2829 242 2882 λύειν
291 2830 398 2900 τὴν
448 2829 702 2900 νηστείαν
735 2830 902 2900 χωρὶς
939 2827 1183 2899 μεγάλης
1211 2829 1479 2902 ἀνάγκης.
1505 2830 1566 2883 τδ
1596 2830 1672 2902 μὴ

1773 2829 1839 2884 ad
1875 2827 2135 2883 vomitum
2155 2827 2366 2897 expleat
2396 2846 2409 2881 :
2436 2844 2540 2881 non
2568 2826 2833 2881 sollicitus
2860 2828 2930 2882 sit
2952 2828 3019 2882 de
3045 2829 3336 2899 generibus

90 2922 386 2991 ἐπιζητεῖν
415 2921 483 2974 τὰ
506 2922 639 2993 ἡδέα
670 2919 956 2993 βρώματα,
989 2920 1049 2974 τὸ
1080 2921 1156 2993 μὴ
1186 2921 1512 2993 καταδαρείν
1546 2924 1672 2975 ἐαυ-

1774 2922 1906 2985 vini,
1939 2937 2044 2975 non
2077 2921 2144 2975 de
2173 2920 2431 2974 varietate
2460 2920 2724 2974 ciborum.
2750 2919 2879 2974 Duas
2905 2921 3047 2975 enim
3080 2921 3334 2976 «ἤθει-επι-

84 3016 181 3068 τὸν
217 3018 290 3086 τῇ
328 3014 619 3085 πλησμονῇ
652 3014 760 3068 τῶν
808 3014 1128 3087 βρωμάτων,
1174 3015 1208 3085 ἢ
1262 3015 1540 3084 πομάτων.
1572 3013 1676 3067 Δύο

1776 3013 1862 3067 tiae
1893 3011 2034 3079 gulae
2086 3020 2235 3065 sunt.
2272 3010 2449 3064 Prima
2479 3020 2562 3065 est
2609 3026 2734 3065 cum
2766 3013 2928 3065 homo
2954 3011 3020 3065 ad
3072 3010 3249 3066 dulcia
3283 3022 3336 3066 et

87 3111 202 3179 γάρ
234 3110 348 3162 είσι
377 3108 638 3179 διαφοραὶ
657 3110 757 3180 τῆς
777 3107 1434 3179 γαστριμαργίας.Ἔστιν
1460 3108 1547 3160 ὅτε
1578 3124 1676 3160 πο-

1779 3113 1942 3173 gustu
1993 3103 2184 3157 suavia
2226 3102 2479 3169 trahitur,
2515 3118 2616 3157 nec
2663 3103 2823 3157 edere
2864 3104 3088 3159 multum
3147 3115 3334 3176 optat;

85 3200 350 3272 λεμείταί
375 3218 461 3263 τις
486 3201 565 3262 είς
590 3199 690 3270 τὴν
718 3198 1084 3271 ἡδύτητα,καὶ
1103 3200 1205 3252 οὐκ
1229 3198 1316 3253 ἀεὶ
1342 3198 1485 3252 θέλει
1507 3199 1677 3253 πολλά

1775 3194 1941 3268 M6
1964 3195 2059 3250 sed
2091 3193 2144 3248 id
2172 3193 2468 3264 pauxillum
2496 3203 2549 3248 et
2589 3195 2860 3248 modicum
2890 3196 3034 3265 quod
3065 3194 3334 3252 edendum

85 3296 331 3362 φαγεῖνο
367 3292 509 3346 ἀλλά
560 3292 703 3346 θέλει
757 3290 824 3346 ἂν
879 3292 1029 3363 ἡδέα.
1077 3290 1187 3345 Καὶ
1252 3290 1537 3360 συμϐαίνει
1594 3291 1678 3344 ὅτι

1776 3300 1879 3352 est,
1936 3300 1995 3342 ut
2032 3301 2193 3357 quam
2232 3286 2709 3356 apparatissimum
2752 3286 2824 3341 sit
2867 3302 2921 3341 et
2950 3289 3335 3345 suavissimum

82 3384 269 3437 ἐσθίει
302 3386 333 3438 6
356 3383 601 3446 τοιοῦτος
628 3381 824 3453 βρῶμα
843 3383 1080 3454 ἀρέσκον
1104 3380 1273 3453 αὐτῷ,
1305 3381 1400 3435 καλ¹
1427 3380 1679 3435 τοσοῦτον

1779 3389 1909 3442 vult.
1954 3388 2018 3441 Et
2064 3386 2193 3441 huic
2227 3394 2284 3440 ιιι
2329 3385 2620 3454 plurimum
2650 3384 2849 3449 evenit,
2897 3399 3019 3439 cum
3062 3386 3336 3457 quidpiam

81 3478 335 3545 ἡττᾶται
365 3478 435 3547 τῇ
469 3475 628 3546 ἡδονῇ
654 3473 840 3537 αὐτοῦ,
863 3474 945 3527 ὅτι
979 3474 1129 3542 μένει
1154 3470 1371 3541 κρατῶν
1395 3472 1458 3523 τί»
1480 3470 1679 3542 βρῶμα

1779 3478 1886 3533 sibi
1926 3486 2137 3547 gratum
2170 3475 2487 3540 comederit,
2526 3486 2643 3530 uta
2677 3476 2950 3546 voluptate
2984 3477 3201 3532 tandem
3243 3494 3338 3533 su-

80 3570 276 3622 ἐκεῖνο
305 3568 394 3629 είς
417 3565 479 3618 τὸ
509 3564 681 3634 στόμα
704 3564 889 3626 αὐτοῦ,
919 3578 1012 3617 και
1046 3562 1402 3634 μασσώμενος
1433 3564 1564 3615 αὐτὸ
1586 3563 1681 3617 ἐπὶ

1715 3614 1747 3638 η
1781 3575 2021 3637 peretur,
2055 3566 2197 3635 quod
2225 3565 2406 3622 cibum
2438 3581 2534 3636 per
2574 3582 2637 3620 os
2678 3581 2818 3636 Saepe
2850 3568 3156 3638 saepiusque
3186 3569 3341 3623 volu-

83 3614 443 3721 ῐξᾷξιιζρξέαι
458 3614 830 3728 μὴ’ἐῐῷυξιξεᾷ
847 3614 1288 3710 ξαζᾶἐτὶειζᾼιζδ
1323 3614 1410 3709 διὲι
1436 3654 1534 3726 τὴν
1558 3655 1681 3727 ήδο-
1706 3634 1709 3655 ‘

1781 3614 2021 3637 ινν-ν---ν
2058 3614 2197 3635 -ι--νν
2229 3614 2406 3622 *η’-’Ἦ
2440 3614 2525 3636 ι-ν-
2581 3614 2635 3620 ⁷-
2679 3614 2817 3636 --Ἶνν
2850 3614 3156 3638 --Ἶν--ν-ι-’σ
3198 3614 3309 3623 ’ν’-

1714 3614 1750 3673 c
1785 3668 1881 3723 tat,
1904 3669 1956 3712 et
1977 3658 2271 3712 contritum
2294 3657 2545 3713 dentibus
2575 3657 2707 3714 satis
2740 3674 3007 3729 superque
3029 3661 3117 3714 vix
3140 3661 3340 3731 patitur

77 3754 209 3821 νῆν.
241 3749 407 3819 Αὕτη
460 3748 679 3815 λέγεται
724 3746 1309 3819 ).αιμαργία³⁶.Ἀλλος
1363 3746 1684 3816 πολεμεῐται

1781 3749 2047 3821 deglutire
2073 3749 2144 3803 ob
2178 3749 2401 3803 nimiam
2430 3764 2591 3819 quam
2630 3749 2682 3802 in
2712 3764 2779 3804 eo
2814 3751 2959 3821 capit
3001 3750 3338 3806 dulcedinem

76 3849 162 3908 είς
214 3842 577 3915 πλησμονὴν,
617 3842 710 3895 καὶ
756 3842 819 3894 οὺ
868 3840 1012 3894 θέλει
1053 3840 1196 3894 καλά
1237 3838 1524 3911 βρώματα,
1562 3839 1683 3893 οὐδὲ

1780 3849 1839 3897 et
1863 3842 2212 3911 voluptatem.
2238 3840 2647 3913 Haeclzemargia
2670 3842 2889 3909 dicitur,
2926 3842 2977 3896 id
3000 3850 3082 3898 est
3109 3843 3340 3912 gutturis

77 3936 251 4003 μέλει
287 3933 451 4005 αὐτῷ
482 3935 611 4004 περὶ
638 3933 900 4004 ὴδὺτητος
918 3949 934 3965 ·
962 3932 1096 3988 ἀλλά
1130 3932 1236 3987 κᾶν
1264 3933 1405 3987 καλά
1434 3934 1684 3996 είσι,κᾶν

1785 3945 1880 3986 seu
1915 3929 2079 4001 palati
2111 3930 2231 3985 volu
2251 3940 2390 4000 ptas.
2420 3929 2600 3984 Altera
2624 3938 2707 3985 est
2732 3944 2854 3999 qua:
2890 3929 2957 3984 ad
3008 3929 3340 3983 saturitatem

76 4030 264 4091 κακὰ,
299 4029 369 4081 οὒ
405 4026 549 4080 θέλει
585 4028 633 4079 εί
674 4026 748 4096 μὴ
791 4026 949 4096 μόνον
980 4027 1195 4095 φαγεῖν,
1230 4026 1333 4080 είτι
1364 4026 1563 4097 δήποτε
1588 4025 1684 4079 ἐὰν

1784 4024 1998 4093 explere
2026 4039 2084 4080 se
2112 4024 2279 4092 cupit,
2310 4038 2485 4091 neque
2501 4031 2649 4091 optat
2678 4030 2965 4093 apparatas
2986 4036 3222 4086 mensas,
3249 4030 3346 4077 aut

74 4117 251 4182 ὦσιν,
286 4120 360 4173 οὐ
413 4118 565 4189 μέλει
596 4117 745 4196 αὑτῷ
794 4118 843 4171 εί
894 4118 969 4187 μὴ
1004 4118 1166 4187 μόνον
1199 4117 1293 4172 τοῦ
1323 4119 1545 4189 γεμίσαι
1585 4116 1686 4188 τὴν

1787 4114 1888 4182 ipsi
1940 4128 2086 4167 curat
2112 4122 2195 4167 est
2223 4114 2452 4168 varietas
2481 4113 2762 4179 ciborum,
2808 4113 2898 4168 sed
2940 4113 3345 4183 qualescunque

70 4214 357 4283 γαστέρα
394 4210 583 4265 αὑτοῦ.
630 4209 778 4279 Αὖιη
826 4209 1043 4277 λέγεται
1095 4209 1524 4280 γαστριμαργία.
1573 4210 1686 4264 Kal.

1787 4209 1915 4269 sint,
1941 4220 2049 4260 non
2078 4205 2356 4271 discernit,
2382 4220 2487 4259 non
2512 4218 2699 4269 curat;
2736 4204 2950 4274 explere
2974 4206 3345 4261 tantummodo

72 4306 239 4373 λέγω
279 4306 423 4375 ὑμῖν
453 4305 547 4357 καὶ
581 4302 678 4373 τὴν
723 4300 904 4356 αἰτίαν
953 4301 1060 4354 τῶν
1108 4301 1388 4371 ὀνομάτων
1435 4300 1639 4354 τούτων
1664 4316 1680 4333 ο

1787 4305 1922 4348 seet
1971 4292 2300 4362 ingurgitare
2342 4293 2510 4362 cupit.
2558 4292 2683 4347 llaec
2712 4292 2909 4347 dicitur
2944 4292 3342 4362 gastrimargia,

69 4397 483 4467 Μαργαίνειν
526 4393 744 4462 λέγεται
774 4391 927 4463 παρά
973 4395 1084 4455 τοῖς
1130 4391 1235 4456 ἔξω
1267 4391 1326 4445 τὸ
1379 4391 1685 4462 μαίνεσθαι,

1789 4388 1977 4449 idest,
2026 4385 2231 4440 ventris
2281 4385 2563 4458 ingluvies.
2602 4386 2841 4452 Quorum
2893 4385 3173 4439 nominum
3222 4385 3348 4440 libet

73 4493 186 4545 καί
228 4490 461 4559 μάργος
490 4486 706 4553 λέγεται
733 4486 762 4537 ό
789 4484 1309 4554 μαινόμενος.”οταν
1341 4484 1439 4552 μὲν
1464 4478 1557 4537 οὖν
1599 4484 1688 4552 γε-

1788 4476 1943 4532 vobis
1972 4476 2235 4531 rationem
2267 4475 2458 4531 aﬂ'erre
2485 4485 2541 4530 et
2563 4475 2789 4545 aperire.
2820 4475 3162 4546 Μαργαίνειν
3183 4490 3348 4544 expo-

66 4600 251 4636 νεται
282 4583 325 4651 ἡ
369 4579 524 4642 νόσος
553 4576 732 4648 ἐκείνη
760 4577 853 4629 καὶ
880 4578 913 4647 ή
949 4578 1117 4645 μανία
1159 4576 1268 4628 τινί
1302 4575 1431 4646 περὶ
1460 4576 1521 4629 τὸ
1546 4576 1687 4647 πλη-

1790 4576 1924 4622 nunt
1954 4566 2163 4637 profani
2204 4567 2509 4638 μαίνεσθαι,
2536 4567 2587 4620 id
2614 4575 2717 4631 est,
2764 4564 2963 4630 furere,
2988 4567 3225 4623 insanire
3251 4584 3266 4632 ;
3294 4578 3349 4623 et

71 4675 348 4746 ροῦσθαι
384 4672 484 4742 τὴν
528 4670 795 4740 γαστέρα,
823 4669 943 4722 τότε
984 4668 1201 4735 λέγεται
1241 4667 1687 4739 γαστριμαργία,

1792 4661 2017 4732 μάργος,
2047 4659 2098 4713 id
2123 4668 2224 4725 est,
2251 4659 2593 4727 μαινόμενος,
2620 4658 2725 4714 hoc
2760 4669 2845 4714 est
2867 4657 3073 4722 furens,
3099 4659 3343 4714 insanus.

66 4772 254 4841 παρὰ
292 4766 369 4819 τὸ
395 4764 718 4836 μαργαίνειν
738 4778 751 4792 ⁸
774 4764 802 4817 ὃ
831 4764 947 4817 ἐστι
977 4761 1265 4832 μαίνεσθαι
1290 4761 1389 4832 τὴν
1424 4761 1686 4832 γαστέρα.

1789 4753 1923 4808 Cum
1958 4752 2117 4821 igitur
2150 4750 2202 4803 in
2237 4750 2453 4804 homine
2483 4750 2544 4803 lit
2572 4750 2618 4804 is
2641 4748 2791 4803 furor
2812 4759 2866 4804 et
2892 4750 3101 4804 insania
3135 4760 3195 4804 ut
3218 4766 3347 4804 ven-

69 4840 281 4915 Ὅταν
334 4857 577 4926 γένηται-
605 4855 734 4925 περὶ
775 4854 867 4907 τὸν
895 4854 1087 4924 λαιμὸν
1113 4855 1208 4908 καὶ
1251 4854 1410 4923 μόνον
1437 4855 1471 4925 ή
1507 4852 1686 4924 ἡδονὴ,

1791 4854 1925 4897 trem
1973 4840 2346 4896 immodestius
2393 4840 2633 4908 impleat,
2676 4840 3109 4911 γαστριμαργία,
3151 4840 3204 4894 id
3245 4850 3345 4904 est,

66 4954 380 5009 καλεῖται
411 4948 750 5018 λαιμαργία,
782 4948 937 5018 παρά
979 4947 1041 5000 τὸ
1084 4946 1403 5019 μαργαίνειν
1444 4946 1534 4999 τὸν
1576 4945 1691 4998 λαι-

1722 4949 1763 5002 D
1794 4934 1996 4989 ventris
2034 4933 2299 5003 ingluvies
2323 4932 2404 4987 vel
2443 4930 2651 4985 insania
2681 4950 2697 4985 ;
2736 4932 2887 5001 παρά
2915 4927 2974 4985 τὶ
3006 4931 3347 5003 μαργαίνειν,

74 5045 224 5116 μόν.
252 5039 462 5096 Ταῦτα
507 5035 599 5094 οὖν
644 5038 748 5109 χρὴ
794 5038 1102 5107 φυλάττειν,
1139 5038 1234 5091 καὶ
1276 5036 1498 5105 φεύγειν
1548 5037 1687 5106 μετὰ
1783 5027 1811 5080 ὅ
1834 5027 1977 5078 ἐστιν
2013 5024 2308 5095 μαίνεσθαι
2337 5025 2437 5091 τὴν
2480 5023 2743 5093 γαστέρα,
2780 5024 2830 5077 id
2860 5034 2963 5086 est,
2994 5024 3139 5093 quod
3170 5034 3353 5116 venter

65 5114 300 5205 στάσης
361 5131 574 5203 νήψεως
619 5130 709 5182 τὸν
758 5127 981 5182 θέλοντα
1032 5125 1368 5198 καθαρθῆναι
1414 5126 1522 5179 ἀπὸ
1579 5124 1688 5177 τῶν

1784 5118 2036 5171 insaniat.
2069 5116 2204 5173 Cum
2236 5133 2363 5171 vero
2391 5117 2461 5171 sit
2506 5116 2652 5172 circa
2692 5116 2863 5171 solam
2917 5116 3152 5185 gutturis
3197 5114 3350 5169 volu-

65 5222 419 5300 ἁμαρτιῶν
446 5220 630 5275 αὐτοῦ.
652 5222 767 5274 Οὐκ
798 5219 907 5273 εἰσὶ
931 5218 1041 5288 γὰρ
1070 5219 1210 5272 κατά
1235 5218 1420 5289 χρείαν
1456 5216 1549 5270 τοῦ
1581 5215 1687 5269 σώ-
1783 5218 2005 5281 ptatem,
2033 5217 2256 5264 vocatur
2277 5209 2582 5279 λαιμαργία
2610 5207 2758 5277 παρὰ
2800 5207 2862 5261 τὸ
2893 5207 3227 5300 μαργαίνειν
3258 5207 3352 5262 τὸν

67 5297 325 5391 ματος,
357 5312 492 5367 ἀλλά
525 5312 667 5366 κατά
700 5310 897 5374 πάθος·
925 5310 1016 5364 καὶ
1033 5311 1127 5363 ἐὰν
1155 5310 1456 5378 ἀνάσχηται
1488 5309 1689 5371 αὐτῶν,

1782 5301 1998 5371 λαιμὸν,
2015 5301 2067 5354 id
2093 5309 2199 5365 est,
2234 5301 2374 5370 quod
2400 5310 2582 5369 guttur
2611 5300 2864 5354 insaniat.
2891 5297 2999 5353 Has
3026 5299 3189 5370 igitur
3215 5300 3352 5370 gulae

63 5390 375 5479 γίνονται
401 5403 549 5473 αὐτῷ
578 5404 658 5465 εἰς
677 5401 1189 5472 ἀμαρτίαν.“οσπερ
1218 5401 1335 5453 ἐστί
1359 5400 1419 5452 τὸ
1444 5399 1689 5469 νομίμως

1792 5393 2001 5463 species
2047 5393 2315 5449 declinare
2366 5408 2499 5447 Mus
2548 5400 2629 5446 est
2668 5408 2712 5443 c-
2748 5391 2839 5461 qui
2886 5406 2916 5445 a
2957 5390 3192 5461 peccatis
3237 5391 3350 5446 suis

64 5500 329 5572 βιῶσαι
362 5496 455 5549 καί
487 5494 549 5548 τὸ
570 5493 893 5564 πορνεῦσαιο
927 5493 1063 5563 ὅτιή
1095 5492 1196 5559 μὲν
1227 5491 1422 5561 πρᾶξις
1452 5494 1485 5559 ἡ
1523 5491 1687 5559 αὑτὴ,

1795 5487 2013 5556 purgari
2062 5487 2309 5541 voluerit.
2352 5485 2466 5539 i‘éou
2521 5486 2665 5540 enim
2712 5492 2839 5540 sunt
2877 5484 2943 5540 ad
2978 5484 3349 5539 necessitatem

66 5599 102 5647 ὁ
147 5592 225 5646 δὲ
272 5585 488 5649 σκοπός
532 5586 679 5638 ἐστιν
714 5586 743 5638 ὁ
776 5583 942 5637 ποιῶν
970 5582 1068 5653 τὴν
1101 5582 1360 5652 διαφοράν
1407 5582 1501 5635 τοῦ
1548 5583 1689 5651 api—

1796 5579 2059 5648 corporis,
2104 5580 2197 5636 sed
2228 5579 2295 5634 ad
2327 5579 2511 5634 vitium
2563 5577 2752 5648 ipsius,
2810 5575 3047 5647 ﬁentque
3076 5575 3128 5630 in
3162 5589 3349 5644 peccato

1430 5782 1660 5838 νΑιιιΑς
1702 5779 2097 5839 LECTIONES.

238 5967 516 6040 ἡγίασαν.
590 5968 632 5999 ³⁵
663 5966 869 6030 αὑταῖς.
950 5966 993 5997 δέ
1035 5963 1350 6035 λαιμαργία.
