  <div class='ocr_page' id='page_1' title='image "/cluster/home/n/w/nwhite01/storage/ocr_20150623/88/nnc1.0046980237/892.png"; bbox 0 0 4118 6542; ppageno 0'>
   <div class='ocr_carea' id='block_1_1' title="bbox 115 381 240 450">
    <p class='ocr_par' dir='ltr' id='par_1_1' title="bbox 115 381 240 450">
     <span class='ocr_line' id='line_1_1' title="bbox 115 381 240 450; baseline -0.032 0"><span class='ocrx_word' id='word_1_1' title='bbox 115 381 240 450; x_wconf 75' lang='grc'><strong>1801</strong></span> 
     </span>
    </p>
   </div>
   <div class='ocr_carea' id='block_1_2' title="bbox 1438 366 2067 429">
    <p class='ocr_par' dir='ltr' id='par_1_2' title="bbox 1438 366 2067 429">
     <span class='ocr_line' id='line_1_2' title="bbox 1438 366 2067 429; baseline -0.006 0"><span class='ocrx_word' id='word_1_2' title='bbox 1438 367 1817 429; x_wconf 81' lang='lat' dir='ltr'><strong>DOCTRINA</strong></span> <span class='ocrx_word' id='word_1_3' title='bbox 1883 366 2067 428; x_wconf 73' lang='lat' dir='ltr'><strong>XVII.</strong></span> 
     </span>
    </p>
   </div>
   <div class='ocr_carea' id='block_1_3' title="bbox 3235 362 3370 428">
    <p class='ocr_par' dir='ltr' id='par_1_3' title="bbox 3235 362 3370 428">
     <span class='ocr_line' id='line_1_3' title="bbox 3235 362 3370 428; baseline -0.015 0"><span class='ocrx_word' id='word_1_4' title='bbox 3235 362 3370 428; x_wconf 74' lang='lat'><strong>1802</strong></span> 
     </span>
    </p>
   </div>
   <div class='ocr_carea' id='block_1_4' title="bbox 113 477 1695 565">
    <p class='ocr_par' dir='ltr' id='par_1_4' title="bbox 113 483 1683 565">
     <span class='ocr_line' id='line_1_4' title="bbox 113 483 1683 565; baseline -0.013 -8"><span class='ocrx_word' id='word_1_5' title='bbox 113 503 200 557; x_wconf 81' lang='grc' dir='ltr'>καὶ</span> <span class='ocrx_word' id='word_1_6' title='bbox 226 498 390 555; x_wconf 72' lang='grc' dir='ltr'>εἰκὼν</span> <span class='ocrx_word' id='word_1_7' title='bbox 418 495 554 552; x_wconf 86' lang='grc' dir='ltr'>Θεοῦ</span> <span class='ocrx_word' id='word_1_8' title='bbox 579 491 999 565; x_wconf 73' lang='grc' dir='ltr'>ἑπηρεαζομένη</span> <span class='ocrx_word' id='word_1_9' title='bbox 1019 488 1127 545; x_wconf 76' lang='grc' dir='ltr'>ὑπὸ</span> <span class='ocrx_word' id='word_1_10' title='bbox 1154 486 1250 544; x_wconf 84' lang='grc' dir='ltr'><strong>τοῦ</strong></span> <span class='ocrx_word' id='word_1_11' title='bbox 1277 485 1460 541; x_wconf 87' lang='grc' dir='ltr'>κοινοῦ</span> <span class='ocrx_word' id='word_1_12' title='bbox 1487 483 1683 556; x_wconf 81' lang='grc' dir='ltr'>ἐχθροῦ</span> 
     </span>
    </p>
   </div>
   <div class='ocr_carea' id='block_1_5' title="bbox 1797 477 3370 565">
    <p class='ocr_par' dir='ltr' id='par_1_5' title="bbox 1797 477 3370 552">
     <span class='ocr_line' id='line_1_5' title="bbox 1797 477 3370 552; baseline 0.002 -17"><span class='ocrx_word' id='word_1_13' title='bbox 1797 484 1916 537; x_wconf 78' lang='lat' dir='ltr'><strong>rlino</strong></span> <span class='ocrx_word' id='word_1_14' title='bbox 1955 496 2081 537; x_wconf 90' lang='lat' dir='ltr'><strong>cum</strong></span> <span class='ocrx_word' id='word_1_15' title='bbox 2137 479 2304 534; x_wconf 90' lang='lat' dir='ltr'><strong>fratre</strong></span> <span class='ocrx_word' id='word_1_16' title='bbox 2333 478 2583 535; x_wconf 89' lang='lat' dir='ltr'><strong>consulta</strong></span> <span class='ocrx_word' id='word_1_17' title='bbox 2621 519 2635 532; x_wconf 92' lang='lat'><strong>.</strong></span> <span class='ocrx_word' id='word_1_18' title='bbox 2679 489 2859 534; x_wconf 86' lang='lat' dir='ltr'><strong>movet</strong></span> <span class='ocrx_word' id='word_1_19' title='bbox 2895 477 3041 536; x_wconf 83' lang='lat' dir='ltr'><strong>cnim</strong></span> <span class='ocrx_word' id='word_1_20' title='bbox 3091 481 3266 552; x_wconf 88' lang='lat' dir='ltr'><strong>magis</strong></span> <span class='ocrx_word' id='word_1_21' title='bbox 3314 495 3370 539; x_wconf 90' lang='lat' dir='ltr'><strong>ct</strong></span> 
     </span>
    </p>
   </div>
   <div class='ocr_carea' id='block_1_6' title="bbox 111 578 1685 662">
    <p class='ocr_par' dir='ltr' id='par_1_6' title="bbox 111 578 1685 662">
     <span class='ocr_line' id='line_1_6' title="bbox 111 578 1685 662; baseline -0.012 -16"><span class='ocrx_word' id='word_1_22' title='bbox 111 592 283 662; x_wconf 75' lang='grc' dir='ltr'>ἡμῶν,</span> <span class='ocrx_word' id='word_1_23' title='bbox 319 590 412 645; x_wconf 82' lang='grc' dir='ltr'><strong>καὶ</strong></span> <span class='ocrx_word' id='word_1_24' title='bbox 459 585 886 656; x_wconf 79' lang='grc' dir='ltr'>σπλαγχνίσθητι</span> <span class='ocrx_word' id='word_1_25' title='bbox 915 584 1001 638; x_wconf 76' lang='grc' dir='ltr'><strong>ἐπ’</strong></span> <span class='ocrx_word' id='word_1_26' title='bbox 1033 582 1195 653; x_wconf 75' lang='grc' dir='ltr'>αὐτῇ,</span> <span class='ocrx_word' id='word_1_27' title='bbox 1227 580 1305 650; x_wconf 84' lang='grc' dir='ltr'>μή</span> <span class='ocrx_word' id='word_1_28' title='bbox 1339 594 1458 642; x_wconf 85' lang='grc' dir='ltr'>πως</span> <span class='ocrx_word' id='word_1_29' title='bbox 1485 578 1685 647; x_wconf 84' lang='grc' dir='ltr'>αἰχμα-</span> 
     </span>
    </p>
   </div>
   <div class='ocr_carea' id='block_1_7' title="bbox 109 663 1685 749">
    <p class='ocr_par' dir='ltr' id='par_1_7' title="bbox 109 663 1685 749">
     <span class='ocr_line' id='line_1_7' title="bbox 109 663 1685 749; baseline -0.012 -13"><span class='ocrx_word' id='word_1_30' title='bbox 109 681 334 744; x_wconf 76' lang='grc' dir='ltr'>λωτίσας</span> <span class='ocrx_word' id='word_1_31' title='bbox 368 678 539 749; x_wconf 79' lang='grc' dir='ltr'>αὐτὴν</span> <span class='ocrx_word' id='word_1_32' title='bbox 569 679 597 731; x_wconf 91' lang='grc' dir='ltr'><strong>ό</strong></span> <span class='ocrx_word' id='word_1_33' title='bbox 626 673 869 738; x_wconf 79' lang='grc' dir='ltr'>διάϐολος</span> <span class='ocrx_word' id='word_1_34' title='bbox 909 671 1020 726; x_wconf 79' lang='grc' dir='ltr'>άπὸ</span> <span class='ocrx_word' id='word_1_35' title='bbox 1066 670 1164 741; x_wconf 90' lang='grc' dir='ltr'><strong>τῆς</strong></span> <span class='ocrx_word' id='word_1_36' title='bbox 1209 667 1424 739; x_wconf 81' lang='grc' dir='ltr'><strong>πληγῆς</strong></span> <span class='ocrx_word' id='word_1_37' title='bbox 1452 663 1546 720; x_wconf 84' lang='grc' dir='ltr'><strong>τοῦ</strong></span> <span class='ocrx_word' id='word_1_38' title='bbox 1592 663 1685 718; x_wconf 88' lang='grc' dir='ltr'>θυ-</span> 
     </span>
    </p>
   </div>
   <div class='ocr_carea' id='block_1_8' title="bbox 111 755 1683 842">
    <p class='ocr_par' dir='ltr' id='par_1_8' title="bbox 111 755 1683 842">
     <span class='ocr_line' id='line_1_8' title="bbox 111 755 1683 842; baseline -0.012 -17"><span class='ocrx_word' id='word_1_39' title='bbox 111 770 232 842; x_wconf 81' lang='grc' dir='ltr'>μοῦ,</span> <span class='ocrx_word' id='word_1_40' title='bbox 263 766 550 838; x_wconf 62' lang='grc' dir='ltr'>θανατώσει</span> <span class='ocrx_word' id='word_1_41' title='bbox 582 770 662 828; x_wconf 82' lang='grc' dir='ltr'><strong>είς</strong></span> <span class='ocrx_word' id='word_1_42' title='bbox 689 762 1078 836; x_wconf 87' lang='grc' dir='ltr'>μνησικακίας,</span> <span class='ocrx_word' id='word_1_43' title='bbox 1107 760 1202 814; x_wconf 67' lang='grc' dir='ltr'><strong>καὶ</strong></span> <span class='ocrx_word' id='word_1_44' title='bbox 1234 759 1516 812; x_wconf 79' lang='grc' dir='ltr'>ἀπολεῖται</span> <span class='ocrx_word' id='word_1_45' title='bbox 1537 755 1683 825; x_wconf 80' lang='grc' dir='ltr'>ψυχὴ</span> 
     </span>
    </p>
   </div>
   <div class='ocr_carea' id='block_1_9' title="bbox 109 845 1682 932">
    <p class='ocr_par' dir='ltr' id='par_1_9' title="bbox 109 845 1682 932">
     <span class='ocr_line' id='line_1_9' title="bbox 109 845 1682 932; baseline -0.028 7"><span class='ocrx_word' id='word_1_46' title='bbox 109 863 168 927; x_wconf 66' lang='grc' dir='ltr'>ἐξ</span> <span class='ocrx_word' id='word_1_47' title='bbox 218 858 548 932; x_wconf 72' lang='grc' dir='ltr'><strong>ἀπροσεξίας</strong></span> <span class='ocrx_word' id='word_1_48' title='bbox 593 855 753 928; x_wconf 71' lang='grc' dir='ltr'><strong>ἡμῶν</strong></span> <span class='ocrx_word' id='word_1_49' title='bbox 804 854 946 925; x_wconf 71' lang='grc' dir='ltr'>ὑπὲρ</span> <span class='ocrx_word' id='word_1_50' title='bbox 993 847 1061 924; x_wconf 80' lang='grc' dir='ltr'>ἦς</span> <span class='ocrx_word' id='word_1_51' title='bbox 1114 849 1349 923; x_wconf 78' lang='grc' dir='ltr'>Χριστὸς</span> <span class='ocrx_word' id='word_1_52' title='bbox 1404 845 1682 902; x_wconf 79' lang='grc' dir='ltr'>ἀπέθανε·</span> 
     </span>
    </p>
   </div>
   <div class='ocr_carea' id='block_1_10' title="bbox 111 940 1686 1025">
    <p class='ocr_par' dir='ltr' id='par_1_10' title="bbox 111 940 1686 1025">
     <span class='ocr_line' id='line_1_10' title="bbox 111 940 1686 1025; baseline -0.008 -18"><span class='ocrx_word' id='word_1_53' title='bbox 111 953 380 1025; x_wconf 82' lang='grc' dir='ltr'>μνήσθητι</span> <span class='ocrx_word' id='word_1_54' title='bbox 407 951 465 1004; x_wconf 83' lang='grc' dir='ltr'>δὲ</span> <span class='ocrx_word' id='word_1_55' title='bbox 492 951 572 1004; x_wconf 82' lang='grc' dir='ltr'>ὅτι</span> <span class='ocrx_word' id='word_1_56' title='bbox 597 950 694 1002; x_wconf 76' lang='grc' dir='ltr'>καὶ</span> <span class='ocrx_word' id='word_1_57' title='bbox 728 949 792 1002; x_wconf 81' lang='grc' dir='ltr'><strong>σὺ</strong></span> <span class='ocrx_word' id='word_1_58' title='bbox 841 943 1232 1014; x_wconf 76' lang='grc' dir='ltr'>ὑπόκεισαι¹τῷ</span> <span class='ocrx_word' id='word_1_59' title='bbox 1260 942 1412 1013; x_wconf 84' lang='grc' dir='ltr'>αὐτῷ</span> <span class='ocrx_word' id='word_1_60' title='bbox 1457 940 1686 1012; x_wconf 78' lang='grc' dir='ltr'><strong>κρίματι</strong></span> 
     </span>
    </p>
   </div>
   <div class='ocr_carea' id='block_1_11' title="bbox 107 1032 1687 1116">
    <p class='ocr_par' dir='ltr' id='par_1_11' title="bbox 107 1032 1687 1116">
     <span class='ocr_line' id='line_1_11' title="bbox 107 1032 1687 1116; baseline -0.008 -19"><span class='ocrx_word' id='word_1_61' title='bbox 107 1045 204 1115; x_wconf 85' lang='grc' dir='ltr'><strong>τῆς</strong></span> <span class='ocrx_word' id='word_1_62' title='bbox 249 1043 442 1116; x_wconf 84' lang='grc' dir='ltr'>όργῆς,</span> <span class='ocrx_word' id='word_1_63' title='bbox 470 1041 568 1095; x_wconf 79' lang='grc' dir='ltr'>καὶ</span> <span class='ocrx_word' id='word_1_64' title='bbox 611 1042 678 1094; x_wconf 81' lang='grc' dir='ltr'>ἐκ</span> <span class='ocrx_word' id='word_1_65' title='bbox 725 1039 823 1110; x_wconf 87' lang='grc' dir='ltr'><strong>σῆς</strong></span> <span class='ocrx_word' id='word_1_66' title='bbox 867 1038 1148 1100; x_wconf 77' lang='grc' dir='ltr'><strong>ἀσθενείας</strong></span> <span class='ocrx_word' id='word_1_67' title='bbox 1202 1035 1562 1106; x_wconf 87' lang='grc' dir='ltr'>συμπάθησον</span> <span class='ocrx_word' id='word_1_68' title='bbox 1609 1032 1687 1104; x_wconf 82' lang='grc' dir='ltr'>τῷ</span> 
     </span>
    </p>
   </div>
   <div class='ocr_carea' id='block_1_12' title="bbox 106 1117 1688 1204">
    <p class='ocr_par' dir='ltr' id='par_1_12' title="bbox 106 1117 1688 1204">
     <span class='ocr_line' id='line_1_12' title="bbox 106 1117 1688 1204; baseline -0.008 -16"><span class='ocrx_word' id='word_1_69' title='bbox 106 1133 319 1204; x_wconf 80' lang='grc' dir='ltr'><strong>ἀδελφῷ</strong></span> <span class='ocrx_word' id='word_1_70' title='bbox 347 1150 463 1197; x_wconf 90' lang='grc' dir='ltr'>σου,</span> <span class='ocrx_word' id='word_1_71' title='bbox 487 1131 584 1185; x_wconf 76' lang='grc' dir='ltr'>καὶ</span> <span class='ocrx_word' id='word_1_72' title='bbox 607 1130 919 1201; x_wconf 82' lang='grc' dir='ltr'>εὐχαρίστει</span> <span class='ocrx_word' id='word_1_73' title='bbox 949 1128 1032 1182; x_wconf 85' lang='grc' dir='ltr'>ὅτι</span> <span class='ocrx_word' id='word_1_74' title='bbox 1056 1117 1215 1198; x_wconf 72' lang='grc' dir='ltr'>εὗρες</span> <span class='ocrx_word' id='word_1_75' title='bbox 1238 1125 1493 1195; x_wconf 75' lang='grc' dir='ltr'>ἀφορμὴν</span> <span class='ocrx_word' id='word_1_76' title='bbox 1520 1122 1600 1186; x_wconf 87' lang='grc' dir='ltr'><strong>είς</strong></span> <span class='ocrx_word' id='word_1_77' title='bbox 1626 1121 1688 1176; x_wconf 80' lang='grc' dir='ltr'><strong>τὸ</strong></span> 
     </span>
    </p>
   </div>
   <div class='ocr_carea' id='block_1_13' title="bbox 109 1215 1690 1296">
    <p class='ocr_par' dir='ltr' id='par_1_13' title="bbox 109 1215 1690 1296">
     <span class='ocr_line' id='line_1_13' title="bbox 109 1215 1690 1296; baseline -0.006 -17"><span class='ocrx_word' id='word_1_78' title='bbox 109 1225 485 1296; x_wconf 85' lang='grc' dir='ltr'>συγχωρῆσαι,</span> <span class='ocrx_word' id='word_1_79' title='bbox 511 1224 598 1276; x_wconf 81' lang='grc' dir='ltr'>ἴνα</span> <span class='ocrx_word' id='word_1_80' title='bbox 624 1223 718 1276; x_wconf 59' lang='grc' dir='ltr'><strong>καὶ⁸</strong></span> <span class='ocrx_word' id='word_1_81' title='bbox 741 1222 804 1274; x_wconf 81' lang='grc' dir='ltr'><strong>σὺ</strong></span> <span class='ocrx_word' id='word_1_82' title='bbox 827 1221 897 1274; x_wconf 84' lang='grc' dir='ltr'>τὰ</span> <span class='ocrx_word' id='word_1_83' title='bbox 925 1219 1147 1292; x_wconf 78' lang='grc' dir='ltr'>μείζονα</span> <span class='ocrx_word' id='word_1_84' title='bbox 1173 1218 1268 1272; x_wconf 79' lang='grc' dir='ltr'>καὶ</span> <span class='ocrx_word' id='word_1_85' title='bbox 1291 1215 1512 1270; x_wconf 79' lang='grc' dir='ltr'><strong>πλείονα</strong></span> <span class='ocrx_word' id='word_1_86' title='bbox 1536 1215 1690 1287; x_wconf 86' lang='grc' dir='ltr'><strong>παρὰ</strong></span> 
     </span>
    </p>
   </div>
   <div class='ocr_carea' id='block_1_14' title="bbox 105 1305 1688 1384">
    <p class='ocr_par' dir='ltr' id='par_1_14' title="bbox 105 1305 1688 1384">
     <span class='ocr_line' id='line_1_14' title="bbox 105 1305 1688 1384; baseline -0.009 -13"><span class='ocrx_word' id='word_1_87' title='bbox 105 1317 202 1371; x_wconf 86' lang='grc' dir='ltr'><strong>τοῦ</strong></span> <span class='ocrx_word' id='word_1_88' title='bbox 235 1314 372 1368; x_wconf 84' lang='grc' dir='ltr'>Θεοῦ</span> <span class='ocrx_word' id='word_1_89' title='bbox 406 1312 1002 1384; x_wconf 73' lang='grc' dir='ltr'>συγχωρηθῇς.Ἂφετε</span> <span class='ocrx_word' id='word_1_90' title='bbox 1039 1307 1171 1380; x_wconf 86' lang='grc' dir='ltr'>γὰρ,</span> <span class='ocrx_word' id='word_1_91' title='bbox 1201 1305 1301 1362; x_wconf 76' lang='grc' dir='ltr'>καὶ</span> <span class='ocrx_word' id='word_1_92' title='bbox 1321 1305 1688 1374; x_wconf 67' lang='grc' dir='ltr'>ἀφεθήσεται</span> 
     </span>
    </p>
   </div>
   <div class='ocr_carea' id='block_1_15' title="bbox 106 1397 1692 1479">
    <p class='ocr_par' dir='ltr' id='par_1_15' title="bbox 106 1397 1692 1479">
     <span class='ocr_line' id='line_1_15' title="bbox 106 1397 1692 1479; baseline -0.01 -15"><span class='ocrx_word' id='word_1_93' title='bbox 106 1407 273 1479; x_wconf 80' lang='grc' dir='ltr'><strong>ὑμῖν.</strong></span> <span class='ocrx_word' id='word_1_94' title='bbox 304 1406 464 1460; x_wconf 80' lang='grc' dir='ltr'>Ἀλλά</span> <span class='ocrx_word' id='word_1_95' title='bbox 494 1403 735 1476; x_wconf 76' lang='grc' dir='ltr'><strong>νομίζεις</strong></span> <span class='ocrx_word' id='word_1_96' title='bbox 762 1400 1098 1474; x_wconf 77' lang='grc' dir='ltr'>βλάπτεσθαι</span> <span class='ocrx_word' id='word_1_97' title='bbox 1130 1398 1222 1454; x_wconf 76' lang='grc' dir='ltr'><strong>τὸν</strong></span> <span class='ocrx_word' id='word_1_98' title='bbox 1251 1397 1478 1466; x_wconf 80' lang='grc' dir='ltr'>ἀδελφόν</span> <span class='ocrx_word' id='word_1_99' title='bbox 1510 1413 1603 1450; x_wconf 90' lang='grc' dir='ltr'><strong>σου</strong></span> <span class='ocrx_word' id='word_1_100' title='bbox 1627 1397 1692 1449; x_wconf 80' lang='grc' dir='ltr'><strong>ὲκ</strong></span> 
     </span>
    </p>
   </div>
   <div class='ocr_carea' id='block_1_16' title="bbox 103 1490 1692 1574">
    <p class='ocr_par' dir='ltr' id='par_1_16' title="bbox 103 1490 1692 1574">
     <span class='ocr_line' id='line_1_16' title="bbox 103 1490 1692 1574; baseline -0.009 -16"><span class='ocrx_word' id='word_1_101' title='bbox 103 1503 206 1574; x_wconf 87' lang='grc' dir='ltr'><strong>τῆς</strong></span> <span class='ocrx_word' id='word_1_102' title='bbox 238 1503 336 1573; x_wconf 87' lang='grc' dir='ltr'><strong>σῆς</strong></span> <span class='ocrx_word' id='word_1_103' title='bbox 369 1499 784 1572; x_wconf 87' lang='grc' dir='ltr'>μακροθυμίας;</span> <span class='ocrx_word' id='word_1_104' title='bbox 824 1496 938 1552; x_wconf 85' lang='grc' dir='ltr'>ἀλλ’</span> <span class='ocrx_word' id='word_1_105' title='bbox 963 1498 992 1551; x_wconf 91' lang='grc' dir='ltr'><strong>ό</strong></span> <span class='ocrx_word' id='word_1_106' title='bbox 1034 1493 1354 1555; x_wconf 83' lang='grc' dir='ltr'>Ἀπόστολος</span> <span class='ocrx_word' id='word_1_107' title='bbox 1378 1490 1692 1563; x_wconf 88' lang='grc' dir='ltr'>παραγγέλ-</span> 
     </span>
    </p>
   </div>
   <div class='ocr_carea' id='block_1_17' title="bbox 105 1582 1693 1666">
    <p class='ocr_par' dir='ltr' id='par_1_17' title="bbox 105 1582 1693 1666">
     <span class='ocr_line' id='line_1_17' title="bbox 105 1582 1693 1666; baseline -0.011 -16"><span class='ocrx_word' id='word_1_108' title='bbox 105 1597 212 1662; x_wconf 78' lang='grc' dir='ltr'>λει,</span> <span class='ocrx_word' id='word_1_109' title='bbox 234 1597 390 1666; x_wconf 76' lang='grc' dir='ltr'>νικᾷν</span> <span class='ocrx_word' id='word_1_110' title='bbox 417 1598 474 1648; x_wconf 80' lang='grc' dir='ltr'>ἐν</span> <span class='ocrx_word' id='word_1_111' title='bbox 494 1593 572 1664; x_wconf 84' lang='grc' dir='ltr'>τῷ</span> <span class='ocrx_word' id='word_1_112' title='bbox 599 1591 788 1662; x_wconf 80' lang='grc' dir='ltr'>ἀγαθῷ</span> <span class='ocrx_word' id='word_1_113' title='bbox 809 1590 870 1643; x_wconf 83' lang='grc' dir='ltr'><strong>τὸ</strong></span> <span class='ocrx_word' id='word_1_114' title='bbox 895 1589 1084 1655; x_wconf 79' lang='grc' dir='ltr'>κακὸν,</span> <span class='ocrx_word' id='word_1_115' title='bbox 1110 1588 1203 1641; x_wconf 74' lang='grc' dir='ltr'><strong>καὶ</strong></span> <span class='ocrx_word' id='word_1_116' title='bbox 1229 1587 1329 1640; x_wconf 75' lang='grc' dir='ltr'><strong>οὐκ</strong></span> <span class='ocrx_word' id='word_1_117' title='bbox 1353 1586 1412 1639; x_wconf 82' lang='grc' dir='ltr'><strong>ἐν</strong></span> <span class='ocrx_word' id='word_1_118' title='bbox 1438 1583 1516 1656; x_wconf 81' lang='grc' dir='ltr'>τῷ</span> <span class='ocrx_word' id='word_1_119' title='bbox 1539 1582 1693 1654; x_wconf 80' lang='grc' dir='ltr'>κακῷ</span> 
     </span>
    </p>
   </div>
   <div class='ocr_carea' id='block_1_18' title="bbox 103 1685 422 1754">
    <p class='ocr_par' dir='ltr' id='par_1_18' title="bbox 103 1685 422 1754">
     <span class='ocr_line' id='line_1_18' title="bbox 103 1685 422 1754; baseline 0 -14"><span class='ocrx_word' id='word_1_120' title='bbox 103 1685 169 1740; x_wconf 79' lang='grc' dir='ltr'><strong>τὸ</strong></span> <span class='ocrx_word' id='word_1_121' title='bbox 193 1685 422 1754; x_wconf 82' lang='grc' dir='ltr'>ἀγαθόν.</span> 
     </span>
    </p>
   </div>
   <div class='ocr_carea' id='block_1_19' title="bbox 1789 572 3371 644">
    <p class='ocr_par' dir='ltr' id='par_1_19' title="bbox 1789 572 3371 644">
     <span class='ocr_line' id='line_1_19' title="bbox 1789 572 3371 644; baseline 0 -15"><span class='ocrx_word' id='word_1_122' title='bbox 1789 573 2062 629; x_wconf 88' lang='lat' dir='ltr'><strong>elﬁcacior</strong></span> <span class='ocrx_word' id='word_1_123' title='bbox 2091 572 2160 628; x_wconf 90' lang='lat' dir='ltr'><strong>ad</strong></span> <span class='ocrx_word' id='word_1_124' title='bbox 2191 572 2624 644; x_wconf 81' lang='lat' dir='ltr'><strong>persuadendum</strong></span> <span class='ocrx_word' id='word_1_125' title='bbox 2657 585 2842 627; x_wconf 83' lang='lat' dir='ltr'><strong>sermo</strong></span> <span class='ocrx_word' id='word_1_126' title='bbox 2885 573 3286 642; x_wconf 87' lang='lat' dir='ltr'><strong>hujuscemodi,</strong></span> <span class='ocrx_word' id='word_1_127' title='bbox 3317 588 3371 629; x_wconf 89' lang='lat' dir='ltr'><strong>ct</strong></span> 
     </span>
    </p>
   </div>
   <div class='ocr_carea' id='block_1_20' title="bbox 1793 662 3374 732">
    <p class='ocr_par' dir='ltr' id='par_1_20' title="bbox 1793 662 3374 732">
     <span class='ocr_line' id='line_1_20' title="bbox 1793 662 3374 732; baseline -0.001 -12"><span class='ocrx_word' id='word_1_128' title='bbox 1793 663 2039 720; x_wconf 90' lang='lat' dir='ltr'><strong>turbatos</strong></span> <span class='ocrx_word' id='word_1_129' title='bbox 2063 663 2280 718; x_wconf 90' lang='lat' dir='ltr'><strong>animos</strong></span> <span class='ocrx_word' id='word_1_130' title='bbox 2308 662 2480 717; x_wconf 81' lang='lat' dir='ltr'><strong>sedat.</strong></span> <span class='ocrx_word' id='word_1_131' title='bbox 2518 662 2578 717; x_wconf 92' lang='lat' dir='ltr'><strong>ln</strong></span> <span class='ocrx_word' id='word_1_132' title='bbox 2613 672 2859 732; x_wconf 90' lang='lat' dir='ltr'><strong>tempore</strong></span> <span class='ocrx_word' id='word_1_133' title='bbox 2888 673 3067 718; x_wconf 82' lang='lat' dir='ltr'><strong>autent</strong></span> <span class='ocrx_word' id='word_1_134' title='bbox 3119 662 3374 720; x_wconf 69' lang='lat' dir='ltr'><strong>fraternae</strong></span> 
     </span>
    </p>
   </div>
   <div class='ocr_carea' id='block_1_21' title="bbox 1793 754 3374 823">
    <p class='ocr_par' dir='ltr' id='par_1_21' title="bbox 1793 754 3374 823">
     <span class='ocr_line' id='line_1_21' title="bbox 1793 754 3374 823; baseline -0.003 -11"><span class='ocrx_word' id='word_1_135' title='bbox 1793 755 2120 813; x_wconf 73' lang='lat' dir='ltr'><strong>turbationis</strong></span> <span class='ocrx_word' id='word_1_136' title='bbox 2147 756 2197 812; x_wconf 87' lang='lat' dir='ltr'><strong>si</strong></span> <span class='ocrx_word' id='word_1_137' title='bbox 2233 763 2424 811; x_wconf 90' lang='lat' dir='ltr'><strong>contra</strong></span> <span class='ocrx_word' id='word_1_138' title='bbox 2457 754 2668 822; x_wconf 86' lang='lat' dir='ltr'><strong>nititur,</strong></span> <span class='ocrx_word' id='word_1_139' title='bbox 2699 763 2756 809; x_wconf 94' lang='lat' dir='ltr'><strong>tu</strong></span> <span class='ocrx_word' id='word_1_140' title='bbox 2796 754 3035 823; x_wconf 84' lang='lat' dir='ltr'><strong>linguam</strong></span> <span class='ocrx_word' id='word_1_141' title='bbox 3084 765 3235 810; x_wconf 85' lang='lat' dir='ltr'><strong>tuam</strong></span> <span class='ocrx_word' id='word_1_142' title='bbox 3276 772 3374 810; x_wconf 83' lang='lat' dir='ltr'><strong>cu-</strong></span> 
     </span>
    </p>
   </div>
   <div class='ocr_carea' id='block_1_22' title="bbox 1795 847 3375 920">
    <p class='ocr_par' dir='ltr' id='par_1_22' title="bbox 1795 847 3375 920">
     <span class='ocr_line' id='line_1_22' title="bbox 1795 847 3375 920; baseline -0.002 -15"><span class='ocrx_word' id='word_1_143' title='bbox 1795 851 1920 906; x_wconf 90' lang='lat' dir='ltr'><strong>hibe</strong></span> <span class='ocrx_word' id='word_1_144' title='bbox 1947 859 2003 906; x_wconf 87' lang='lat' dir='ltr'><strong>et</strong></span> <span class='ocrx_word' id='word_1_145' title='bbox 2027 849 2330 914; x_wconf 86' lang='lat' dir='ltr'><strong>moderare,</strong></span> <span class='ocrx_word' id='word_1_146' title='bbox 2364 863 2434 904; x_wconf 89' lang='lat' dir='ltr'><strong>ne</strong></span> <span class='ocrx_word' id='word_1_147' title='bbox 2459 847 2588 918; x_wconf 91' lang='lat' dir='ltr'><strong>quid</strong></span> <span class='ocrx_word' id='word_1_148' title='bbox 2616 847 2849 904; x_wconf 89' lang='lat' dir='ltr'><strong>fortasse</strong></span> <span class='ocrx_word' id='word_1_149' title='bbox 2877 848 3149 918; x_wconf 89' lang='lat' dir='ltr'><strong>perditum</strong></span> <span class='ocrx_word' id='word_1_150' title='bbox 3177 849 3375 920; x_wconf 79' lang='lat' dir='ltr'><strong>loqua-</strong></span> 
     </span>
    </p>
   </div>
   <div class='ocr_carea' id='block_1_23' title="bbox 1793 939 3373 1014">
    <p class='ocr_par' dir='ltr' id='par_1_23' title="bbox 1793 939 3373 1014">
     <span class='ocr_line' id='line_1_23' title="bbox 1793 939 3373 1014; baseline -0.001 -15"><span class='ocrx_word' id='word_1_151' title='bbox 1793 955 1886 999; x_wconf 89' lang='lat' dir='ltr'><strong>tur</strong></span> <span class='ocrx_word' id='word_1_152' title='bbox 1926 943 2088 1008; x_wconf 85' lang='lat' dir='ltr'><strong>irata,</strong></span> <span class='ocrx_word' id='word_1_153' title='bbox 2129 957 2308 1014; x_wconf 86' lang='lat' dir='ltr'><strong>neque</strong></span> <span class='ocrx_word' id='word_1_154' title='bbox 2335 941 2488 997; x_wconf 86' lang='lat' dir='ltr'><strong>sinas</strong></span> <span class='ocrx_word' id='word_1_155' title='bbox 2517 939 2695 996; x_wconf 72' lang='lat' dir='ltr'><strong>eﬂerri</strong></span> <span class='ocrx_word' id='word_1_156' title='bbox 2739 957 2835 996; x_wconf 88' lang='lat' dir='ltr'><strong>cor</strong></span> <span class='ocrx_word' id='word_1_157' title='bbox 2883 950 3038 996; x_wconf 89' lang='lat' dir='ltr'><strong>tuum</strong></span> <span class='ocrx_word' id='word_1_158' title='bbox 3082 941 3136 995; x_wconf 91' lang='lat' dir='ltr'><strong>in</strong></span> <span class='ocrx_word' id='word_1_159' title='bbox 3171 941 3373 1012; x_wconf 88' lang='lat' dir='ltr'><strong>ipsum.</strong></span> 
     </span>
    </p>
   </div>
   <div class='ocr_carea' id='block_1_24' title="bbox 1797 1034 3374 1093">
    <p class='ocr_par' dir='ltr' id='par_1_24' title="bbox 1797 1034 3374 1093">
     <span class='ocr_line' id='line_1_24' title="bbox 1797 1034 3374 1093; baseline -0.003 0"><span class='ocrx_word' id='word_1_160' title='bbox 1797 1034 1906 1093; x_wconf 86' lang='lat' dir='ltr'><strong>Sed</strong></span> <span class='ocrx_word' id='word_1_161' title='bbox 1937 1035 2254 1092; x_wconf 89' lang='lat' dir='ltr'><strong>memineris</strong></span> <span class='ocrx_word' id='word_1_162' title='bbox 2287 1034 2511 1090; x_wconf 82' lang='lat' dir='ltr'><strong>fratrem</strong></span> <span class='ocrx_word' id='word_1_163' title='bbox 2552 1043 2704 1089; x_wconf 85' lang='lat' dir='ltr'><strong>tuum</strong></span> <span class='ocrx_word' id='word_1_164' title='bbox 2735 1049 2858 1090; x_wconf 87' lang='lat' dir='ltr'><strong>esse</strong></span> <span class='ocrx_word' id='word_1_165' title='bbox 2883 1045 2940 1089; x_wconf 90' lang='lat' dir='ltr'><strong>et</strong></span> <span class='ocrx_word' id='word_1_166' title='bbox 2973 1035 3280 1090; x_wconf 81' lang='lat' dir='ltr'><strong>membrum</strong></span> <span class='ocrx_word' id='word_1_167' title='bbox 3322 1037 3374 1089; x_wconf 90' lang='lat' dir='ltr'><strong>in</strong></span> 
     </span>
    </p>
   </div>
   <div class='ocr_carea' id='block_1_25' title="bbox 1796 1126 3374 1198">
    <p class='ocr_par' dir='ltr' id='par_1_25' title="bbox 1796 1126 3374 1198">
     <span class='ocr_line' id='line_1_25' title="bbox 1796 1126 3374 1198; baseline -0.002 -14"><span class='ocrx_word' id='word_1_168' title='bbox 1796 1128 2051 1197; x_wconf 90' lang='lat' dir='ltr'><strong>Domino,</strong></span> <span class='ocrx_word' id='word_1_169' title='bbox 2081 1136 2137 1182; x_wconf 88' lang='lat' dir='ltr'><strong>et</strong></span> <span class='ocrx_word' id='word_1_170' title='bbox 2160 1128 2452 1198; x_wconf 84' lang='lat' dir='ltr'><strong>imaginem</strong></span> <span class='ocrx_word' id='word_1_171' title='bbox 2486 1126 2577 1182; x_wconf 87' lang='lat' dir='ltr'><strong>Dei</strong></span> <span class='ocrx_word' id='word_1_172' title='bbox 2603 1130 2671 1182; x_wconf 89' lang='lat' dir='ltr'><strong>ab</strong></span> <span class='ocrx_word' id='word_1_173' title='bbox 2691 1128 2848 1183; x_wconf 90' lang='lat' dir='ltr'><strong>hoste</strong></span> <span class='ocrx_word' id='word_1_174' title='bbox 2877 1139 3067 1184; x_wconf 88' lang='lat' dir='ltr'><strong>nostro</strong></span> <span class='ocrx_word' id='word_1_175' title='bbox 3093 1131 3374 1184; x_wconf 90' lang='lat' dir='ltr'><strong>communi</strong></span> 
     </span>
    </p>
   </div>
   <div class='ocr_carea' id='block_1_26' title="bbox 1796 1219 3380 1292">
    <p class='ocr_par' dir='ltr' id='par_1_26' title="bbox 1796 1219 3380 1292">
     <span class='ocr_line' id='line_1_26' title="bbox 1796 1219 3380 1292; baseline -0.003 -13"><span class='ocrx_word' id='word_1_176' title='bbox 1796 1230 2060 1279; x_wconf 87' lang='lat' dir='ltr'><strong>tentatam</strong></span> <span class='ocrx_word' id='word_1_177' title='bbox 2090 1231 2144 1277; x_wconf 91' lang='lat' dir='ltr'><strong>et</strong></span> <span class='ocrx_word' id='word_1_178' title='bbox 2170 1230 2547 1292; x_wconf 87' lang='lat' dir='ltr'><strong>provocatatn,</strong></span> <span class='ocrx_word' id='word_1_179' title='bbox 2577 1220 2820 1291; x_wconf 84' lang='lat' dir='ltr'><strong>velisque</strong></span> <span class='ocrx_word' id='word_1_180' title='bbox 2848 1219 3026 1291; x_wconf 87' lang='lat' dir='ltr'><strong>potius</strong></span> <span class='ocrx_word' id='word_1_181' title='bbox 3056 1221 3109 1276; x_wconf 92' lang='lat' dir='ltr'><strong>in</strong></span> <span class='ocrx_word' id='word_1_182' title='bbox 3138 1236 3202 1276; x_wconf 89' lang='lat' dir='ltr'><strong>ea</strong></span> <span class='ocrx_word' id='word_1_183' title='bbox 3227 1237 3380 1275; x_wconf 87' lang='lat' dir='ltr'><strong>man-</strong></span> 
     </span>
    </p>
   </div>
   <div class='ocr_carea' id='block_1_27' title="bbox 1797 1301 3376 1383">
    <p class='ocr_par' dir='ltr' id='par_1_27' title="bbox 1797 1301 3376 1383">
     <span class='ocr_line' id='line_1_27' title="bbox 1797 1301 3376 1383; baseline -0.003 -14"><span class='ocrx_word' id='word_1_184' title='bbox 1797 1327 2052 1370; x_wconf 88' lang='lat' dir='ltr'><strong>suescere</strong></span> <span class='ocrx_word' id='word_1_185' title='bbox 2078 1351 2094 1378; x_wconf 88' lang='lat'><strong>,</strong></span> <span class='ocrx_word' id='word_1_186' title='bbox 2142 1311 2475 1382; x_wconf 74' lang='lat' dir='ltr'><strong>benignitate</strong></span> <span class='ocrx_word' id='word_1_187' title='bbox 2519 1326 2648 1383; x_wconf 88' lang='lat' dir='ltr'><strong>erga</strong></span> <span class='ocrx_word' id='word_1_188' title='bbox 2683 1301 2802 1366; x_wconf 81' lang='lat' dir='ltr'><strong>cam</strong></span> <span class='ocrx_word' id='word_1_189' title='bbox 2854 1311 2932 1366; x_wconf 90' lang='lat' dir='ltr'><strong>uti</strong></span> <span class='ocrx_word' id='word_1_190' title='bbox 2985 1312 3170 1382; x_wconf 87' lang='lat' dir='ltr'><strong>potius</strong></span> <span class='ocrx_word' id='word_1_191' title='bbox 3211 1327 3376 1383; x_wconf 89' lang='lat' dir='ltr'><strong>quam</strong></span> 
     </span>
    </p>
   </div>
   <div class='ocr_carea' id='block_1_28' title="bbox 1793 1405 3378 1476">
    <p class='ocr_par' dir='ltr' id='par_1_28' title="bbox 1793 1405 3378 1476">
     <span class='ocr_line' id='line_1_28' title="bbox 1793 1405 3378 1476; baseline -0.002 -14"><span class='ocrx_word' id='word_1_192' title='bbox 1793 1405 2006 1472; x_wconf 73' lang='lat' dir='ltr'><strong>saevire,</strong></span> <span class='ocrx_word' id='word_1_193' title='bbox 2041 1420 2111 1461; x_wconf 89' lang='lat' dir='ltr'><strong>ne</strong></span> <span class='ocrx_word' id='word_1_194' title='bbox 2140 1405 2410 1475; x_wconf 87' lang='lat' dir='ltr'><strong>captivam</strong></span> <span class='ocrx_word' id='word_1_195' title='bbox 2447 1405 2594 1458; x_wconf 85' lang='lat' dir='ltr'><strong>illam</strong></span> <span class='ocrx_word' id='word_1_196' title='bbox 2621 1412 2748 1476; x_wconf 87' lang='lat' dir='ltr'><strong>agat</strong></span> <span class='ocrx_word' id='word_1_197' title='bbox 2777 1405 3030 1461; x_wconf 79' lang='lat' dir='ltr'><strong>diabolus</strong></span> <span class='ocrx_word' id='word_1_198' title='bbox 3057 1420 3124 1461; x_wconf 79' lang='lat' dir='ltr'><strong>ex</strong></span> <span class='ocrx_word' id='word_1_199' title='bbox 3153 1405 3378 1460; x_wconf 83' lang='lat' dir='ltr'><strong>vulnere</strong></span> 
     </span>
    </p>
   </div>
   <div class='ocr_carea' id='block_1_29' title="bbox 1790 1492 3374 1564">
    <p class='ocr_par' dir='ltr' id='par_1_29' title="bbox 1790 1492 3374 1564">
     <span class='ocr_line' id='line_1_29' title="bbox 1790 1492 3374 1564; baseline -0.002 -14"><span class='ocrx_word' id='word_1_200' title='bbox 1790 1494 2288 1556; x_wconf 59' lang='lat' dir='ltr'><strong>excandescentia.</strong></span> <span class='ocrx_word' id='word_1_201' title='bbox 2349 1503 2405 1549; x_wconf 92' lang='lat' dir='ltr'><strong>ct</strong></span> <span class='ocrx_word' id='word_1_202' title='bbox 2456 1502 2631 1549; x_wconf 89' lang='lat' dir='ltr'><strong>morte</strong></span> <span class='ocrx_word' id='word_1_203' title='bbox 2675 1492 2872 1548; x_wconf 79' lang='lat' dir='ltr'><strong>alliciat</strong></span> <span class='ocrx_word' id='word_1_204' title='bbox 2916 1495 3266 1564; x_wconf 85' lang='lat' dir='ltr'><strong>postmodum</strong></span> <span class='ocrx_word' id='word_1_205' title='bbox 3321 1495 3374 1548; x_wconf 91' lang='lat' dir='ltr'><strong>iu</strong></span> 
     </span>
    </p>
   </div>
   <div class='ocr_carea' id='block_1_30' title="bbox 1793 1585 3376 1658">
    <p class='ocr_par' dir='ltr' id='par_1_30' title="bbox 1793 1585 3376 1658">
     <span class='ocr_line' id='line_1_30' title="bbox 1793 1585 3376 1658; baseline -0.003 -17"><span class='ocrx_word' id='word_1_206' title='bbox 1793 1587 2020 1642; x_wconf 86' lang='lat' dir='ltr'><strong>vulnere</strong></span> <span class='ocrx_word' id='word_1_207' title='bbox 2047 1585 2366 1650; x_wconf 65' lang='lat' dir='ltr'><strong>iracundias,</strong></span> <span class='ocrx_word' id='word_1_208' title='bbox 2402 1585 2590 1656; x_wconf 84' lang='lat' dir='ltr'><strong>sicque</strong></span> <span class='ocrx_word' id='word_1_209' title='bbox 2619 1597 2806 1657; x_wconf 85' lang='lat' dir='ltr'><strong>pereat</strong></span> <span class='ocrx_word' id='word_1_210' title='bbox 2833 1587 3015 1642; x_wconf 89' lang='lat' dir='ltr'><strong>anima</strong></span> <span class='ocrx_word' id='word_1_211' title='bbox 3053 1587 3376 1658; x_wconf 81' lang='lat' dir='ltr'><strong>negligentia</strong></span> 
     </span>
    </p>
   </div>
   <div class='ocr_carea' id='block_1_31' title="bbox 1794 1675 3380 1749">
    <p class='ocr_par' dir='ltr' id='par_1_31' title="bbox 1794 1675 3380 1749">
     <span class='ocr_line' id='line_1_31' title="bbox 1794 1675 3380 1749; baseline 0.001 -19"><span class='ocrx_word' id='word_1_212' title='bbox 1794 1688 2001 1744; x_wconf 91' lang='lat' dir='ltr'><strong>nostra,</strong></span> <span class='ocrx_word' id='word_1_213' title='bbox 2029 1692 2131 1749; x_wconf 91' lang='lat' dir='ltr'><strong>pro</strong></span> <span class='ocrx_word' id='word_1_214' title='bbox 2160 1692 2269 1748; x_wconf 90' lang='lat' dir='ltr'><strong>qua</strong></span> <span class='ocrx_word' id='word_1_215' title='bbox 2318 1686 2572 1732; x_wconf 90' lang='lat' dir='ltr'><strong>mortuus</strong></span> <span class='ocrx_word' id='word_1_216' title='bbox 2616 1685 2702 1732; x_wconf 89' lang='lat' dir='ltr'><strong>est</strong></span> <span class='ocrx_word' id='word_1_217' title='bbox 2740 1677 3015 1733; x_wconf 77' lang='lat' dir='ltr'><strong>Christus.</strong></span> <span class='ocrx_word' id='word_1_218' title='bbox 3066 1675 3380 1733; x_wconf 87' lang='lat' dir='ltr'><strong>Mentincris</strong></span> 
     </span>
    </p>
   </div>
   <div class='ocr_carea' id='block_1_32' title="bbox 102 1768 3378 1846">
    <p class='ocr_par' dir='ltr' id='par_1_32' title="bbox 102 1768 3378 1846">
     <span class='ocr_line' id='line_1_32' title="bbox 102 1768 3378 1846; baseline -0.002 -12"><span class='ocrx_word' id='word_1_219' title='bbox 102 1781 274 1834; x_wconf 89' lang='lat' dir='ltr'><strong>ctiatn</strong></span> <span class='ocrx_word' id='word_1_220' title='bbox 307 1777 480 1833; x_wconf 88' lang='lat' dir='ltr'><strong>eidem</strong></span> <span class='ocrx_word' id='word_1_221' title='bbox 507 1775 716 1846; x_wconf 87' lang='lat' dir='ltr'><strong>judicio</strong></span> <span class='ocrx_word' id='word_1_222' title='bbox 741 1775 836 1829; x_wconf 65' lang='lat' dir='ltr'><strong>irae</strong></span> <span class='ocrx_word' id='word_1_223' title='bbox 901 1781 952 1827; x_wconf 90' lang='lat' dir='ltr'><strong>te</strong></span> <span class='ocrx_word' id='word_1_224' title='bbox 1016 1770 1242 1826; x_wconf 86' lang='lat' dir='ltr'><strong>subesse</strong></span> <span class='ocrx_word' id='word_1_225' title='bbox 1268 1788 1282 1825; x_wconf 88' lang='lat'><strong>:</strong></span> <span class='ocrx_word' id='word_1_226' title='bbox 1337 1779 1392 1825; x_wconf 90' lang='lat' dir='ltr'><strong>et</strong></span> <span class='ocrx_word' id='word_1_227' title='bbox 1430 1786 1496 1826; x_wconf 79' lang='lat' dir='ltr'><strong>ex</strong></span> <span class='ocrx_word' id='word_1_228' title='bbox 1549 1768 1763 1840; x_wconf 85' lang='lat' dir='ltr'><strong>propria</strong></span> <span class='ocrx_word' id='word_1_229' title='bbox 1805 1768 2117 1825; x_wconf 89' lang='lat' dir='ltr'><strong>inﬁrmitate</strong></span> <span class='ocrx_word' id='word_1_230' title='bbox 2147 1768 2301 1825; x_wconf 87' lang='lat' dir='ltr'><strong>fratri</strong></span> <span class='ocrx_word' id='word_1_231' title='bbox 2327 1778 2422 1824; x_wconf 93' lang='lat' dir='ltr'><strong>tuo</strong></span> <span class='ocrx_word' id='word_1_232' title='bbox 2449 1779 2782 1839; x_wconf 76' lang='lat' dir='ltr'><strong>compatet&#39;e,</strong></span> <span class='ocrx_word' id='word_1_233' title='bbox 2808 1777 2862 1824; x_wconf 92' lang='lat' dir='ltr'><strong>ct</strong></span> <span class='ocrx_word' id='word_1_234' title='bbox 2881 1785 2981 1840; x_wconf 90' lang='lat' dir='ltr'><strong>age</strong></span> <span class='ocrx_word' id='word_1_235' title='bbox 3007 1772 3208 1842; x_wconf 80' lang='lat' dir='ltr'><strong>gratias</strong></span> <span class='ocrx_word' id='word_1_236' title='bbox 3232 1773 3378 1842; x_wconf 88' lang='lat' dir='ltr'><strong>quod</strong></span> 
     </span>
    </p>
   </div>
   <div class='ocr_carea' id='block_1_33' title="bbox 103 1862 3379 1936">
    <p class='ocr_par' dir='ltr' id='par_1_33' title="bbox 103 1862 3379 1936">
     <span class='ocr_line' id='line_1_33' title="bbox 103 1862 3379 1936; baseline -0.004 -8"><span class='ocrx_word' id='word_1_237' title='bbox 103 1872 348 1928; x_wconf 81' lang='lat' dir='ltr'><strong>facultas</strong></span> <span class='ocrx_word' id='word_1_238' title='bbox 374 1870 466 1925; x_wconf 87' lang='lat' dir='ltr'><strong>tibi</strong></span> <span class='ocrx_word' id='word_1_239' title='bbox 497 1870 621 1924; x_wconf 84' lang='lat' dir='ltr'><strong>data</strong></span> <span class='ocrx_word' id='word_1_240' title='bbox 651 1867 725 1922; x_wconf 92' lang='lat' dir='ltr'><strong>sit</strong></span> <span class='ocrx_word' id='word_1_241' title='bbox 749 1866 1089 1936; x_wconf 85' lang='lat' dir='ltr'><strong>ignoscendi,</strong></span> <span class='ocrx_word' id='word_1_242' title='bbox 1117 1875 1174 1920; x_wconf 90' lang='lat' dir='ltr'><strong>ut</strong></span> <span class='ocrx_word' id='word_1_243' title='bbox 1205 1865 1302 1920; x_wconf 87' lang='lat' dir='ltr'><strong>tibi</strong></span> <span class='ocrx_word' id='word_1_244' title='bbox 1329 1877 1513 1935; x_wconf 87' lang='lat' dir='ltr'><strong>postea</strong></span> <span class='ocrx_word' id='word_1_245' title='bbox 1542 1867 1694 1933; x_wconf 82' lang='lat' dir='ltr'><strong>plura</strong></span> <span class='ocrx_word' id='word_1_246' title='bbox 1732 1873 1786 1918; x_wconf 90' lang='lat' dir='ltr'><strong>ct</strong></span> <span class='ocrx_word' id='word_1_247' title='bbox 1815 1863 2025 1934; x_wconf 85' lang='lat' dir='ltr'><strong>majora</strong></span> <span class='ocrx_word' id='word_1_248' title='bbox 2086 1863 2440 1935; x_wconf 88' lang='lat' dir='ltr'><strong>ignoscantur</strong></span> <span class='ocrx_word' id='word_1_249' title='bbox 2465 1872 2520 1919; x_wconf 89' lang='lat' dir='ltr'><strong>et</strong></span> <span class='ocrx_word' id='word_1_250' title='bbox 2546 1863 2893 1918; x_wconf 88' lang='lat' dir='ltr'><strong>dimittantur</strong></span> <span class='ocrx_word' id='word_1_251' title='bbox 2917 1879 2949 1919; x_wconf 89' lang='lat' dir='ltr'><strong>a</strong></span> <span class='ocrx_word' id='word_1_252' title='bbox 2977 1862 3086 1920; x_wconf 86' lang='lat' dir='ltr'><strong>Deo</strong></span> <span class='ocrx_word' id='word_1_253' title='bbox 3137 1883 3151 1920; x_wconf 91' lang='lat'>:</span> <span class='ocrx_word' id='word_1_254' title='bbox 3185 1865 3379 1919; x_wconf 80' lang='lat' dir='ltr'><strong>Dimit-</strong></span> 
     </span>
    </p>
   </div>
   <div class='ocr_carea' id='block_1_34' title="bbox 103 1957 3380 2031">
    <p class='ocr_par' dir='ltr' id='par_1_34' title="bbox 103 1957 3380 2031">
     <span class='ocr_line' id='line_1_34' title="bbox 103 1957 3380 2031; baseline -0.001 -11"><span class='ocrx_word' id='word_1_255' title='bbox 103 1966 207 2020; x_wconf 77' lang='lat' dir='ltr'><strong>tite</strong></span> <span class='ocrx_word' id='word_1_256' title='bbox 234 1963 404 2025; x_wconf 88' lang='lat' dir='ltr'><strong>enim.</strong></span> <span class='ocrx_word' id='word_1_257' title='bbox 447 1962 546 2027; x_wconf 90' lang='lat' dir='ltr'><strong>ait,</strong></span> <span class='ocrx_word' id='word_1_258' title='bbox 615 1971 665 2014; x_wconf 86' lang='lat' dir='ltr'><strong>et</strong></span> <span class='ocrx_word' id='word_1_259' title='bbox 705 1960 1010 2014; x_wconf 81' lang='lat' dir='ltr'><strong>dimittetur</strong></span> <span class='ocrx_word' id='word_1_260' title='bbox 1073 1959 1282 2014; x_wconf 79' lang='lat' dir='ltr'><strong>robisi.</strong></span> <span class='ocrx_word' id='word_1_261' title='bbox 1314 1959 1450 2026; x_wconf 83' lang='lat' dir='ltr'><strong>Quia</strong></span> <span class='ocrx_word' id='word_1_262' title='bbox 1485 1958 1528 2012; x_wconf 87' lang='lat' dir='ltr'><strong>si</strong></span> <span class='ocrx_word' id='word_1_263' title='bbox 1563 1961 1770 2028; x_wconf 88' lang='lat' dir='ltr'><strong>cogitas</strong></span> <span class='ocrx_word' id='word_1_264' title='bbox 1807 1972 2008 2014; x_wconf 80' lang='lat' dir='ltr'><strong>nocere</strong></span> <span class='ocrx_word' id='word_1_265' title='bbox 2040 1957 2192 2014; x_wconf 91' lang='lat' dir='ltr'><strong>fratri</strong></span> <span class='ocrx_word' id='word_1_266' title='bbox 2221 1959 2480 2031; x_wconf 88' lang='lat' dir='ltr'><strong>patientia</strong></span> <span class='ocrx_word' id='word_1_267' title='bbox 2514 1968 2568 2014; x_wconf 85' lang='lat' dir='ltr'><strong>et</strong></span> <span class='ocrx_word' id='word_1_268' title='bbox 2594 1958 2897 2013; x_wconf 83' lang='lat' dir='ltr'><strong>constantia</strong></span> <span class='ocrx_word' id='word_1_269' title='bbox 2927 1968 3041 2027; x_wconf 91' lang='lat' dir='ltr'><strong>tua,</strong></span> <span class='ocrx_word' id='word_1_270' title='bbox 3067 1959 3380 2018; x_wconf 84' lang='lat' dir='ltr'><strong>memineris</strong></span> 
     </span>
    </p>
   </div>
   <div class='ocr_carea' id='block_1_35' title="bbox 97 2054 2149 2131">
    <p class='ocr_par' dir='ltr' id='par_1_35' title="bbox 97 2054 2149 2131">
     <span class='ocr_line' id='line_1_35' title="bbox 97 2054 2149 2131; baseline -0.003 -15"><span class='ocrx_word' id='word_1_271' title='bbox 97 2064 174 2118; x_wconf 80' lang='lat' dir='ltr'><strong>ab</strong></span> <span class='ocrx_word' id='word_1_272' title='bbox 218 2060 484 2131; x_wconf 84' lang='lat' dir='ltr'><strong>Apustolo</strong></span> <span class='ocrx_word' id='word_1_273' title='bbox 513 2058 719 2114; x_wconf 90' lang='lat' dir='ltr'><strong>dictum</strong></span> <span class='ocrx_word' id='word_1_274' title='bbox 745 2057 794 2125; x_wconf 67' lang='grc' dir='ltr'>ι,</span> <span class='ocrx_word' id='word_1_275' title='bbox 833 2067 892 2112; x_wconf 91' lang='lat' dir='ltr'><strong>nt</strong></span> <span class='ocrx_word' id='word_1_276' title='bbox 918 2059 1058 2112; x_wconf 81' lang='lat' dir='ltr'><strong>bono</strong></span> <span class='ocrx_word' id='word_1_277' title='bbox 1091 2059 1293 2111; x_wconf 89' lang='lat' dir='ltr'><strong>tnalum</strong></span> <span class='ocrx_word' id='word_1_278' title='bbox 1331 2057 1542 2119; x_wconf 88' lang='lat' dir='ltr'><strong>vincas,</strong></span> <span class='ocrx_word' id='word_1_279' title='bbox 1582 2070 1693 2110; x_wconf 89' lang='lat' dir='ltr'><strong>non</strong></span> <span class='ocrx_word' id='word_1_280' title='bbox 1729 2054 1876 2111; x_wconf 90' lang='lat' dir='ltr'><strong>malo</strong></span> <span class='ocrx_word' id='word_1_281' title='bbox 1916 2055 2149 2111; x_wconf 57' lang='lat' dir='ltr'><strong>bonum:</strong></span> 
     </span>
    </p>
   </div>
   <div class='ocr_carea' id='block_1_36' title="bbox 175 2223 1695 2299">
    <p class='ocr_par' dir='ltr' id='par_1_36' title="bbox 175 2224 1691 2299">
     <span class='ocr_line' id='line_1_36' title="bbox 175 2224 1691 2299; baseline -0.003 -13"><span class='ocrx_word' id='word_1_282' title='bbox 175 2228 260 2285; x_wconf 67' lang='grc' dir='ltr'><strong>Β.</strong></span> <span class='ocrx_word' id='word_1_283' title='bbox 298 2228 409 2283; x_wconf 81' lang='grc' dir='ltr'>Και</span> <span class='ocrx_word' id='word_1_284' title='bbox 435 2227 486 2280; x_wconf 83' lang='grc' dir='ltr'><strong>οί</strong></span> <span class='ocrx_word' id='word_1_285' title='bbox 513 2224 754 2299; x_wconf 78' lang='grc' dir='ltr'>ιιατέρες</span> <span class='ocrx_word' id='word_1_286' title='bbox 778 2225 836 2280; x_wconf 77' lang='grc' dir='ltr'>δὲ</span> <span class='ocrx_word' id='word_1_287' title='bbox 869 2224 1146 2296; x_wconf 80' lang='grc' dir='ltr'>λέγουσιν’</span> <span class='ocrx_word' id='word_1_288' title='bbox 1190 2226 1316 2284; x_wconf 84' lang='grc' dir='ltr'>Ἐαν</span> <span class='ocrx_word' id='word_1_289' title='bbox 1354 2224 1526 2298; x_wconf 78' lang='grc' dir='ltr'>ἑτέρῳ</span> <span class='ocrx_word' id='word_1_290' title='bbox 1568 2226 1691 2282; x_wconf 77' lang='grc' dir='ltr'>ἐπι-</span> 
     </span>
    </p>
   </div>
   <div class='ocr_carea' id='block_1_37' title="bbox 1797 2223 3378 2299">
    <p class='ocr_par' dir='ltr' id='par_1_37' title="bbox 1859 2223 3378 2299">
     <span class='ocr_line' id='line_1_37' title="bbox 1859 2223 3378 2299; baseline 0.001 -17"><span class='ocrx_word' id='word_1_291' title='bbox 1859 2226 1924 2284; x_wconf 92' lang='lat' dir='ltr'><strong>ll.</strong></span> <span class='ocrx_word' id='word_1_292' title='bbox 1964 2226 2201 2284; x_wconf 86' lang='lat' dir='ltr'><strong>Aiebant</strong></span> <span class='ocrx_word' id='word_1_293' title='bbox 2232 2240 2415 2283; x_wconf 90' lang='lat' dir='ltr'><strong>autem</strong></span> <span class='ocrx_word' id='word_1_294' title='bbox 2450 2240 2686 2297; x_wconf 71' lang='lat' dir='ltr'><strong>majores</strong></span> <span class='ocrx_word' id='word_1_295' title='bbox 2711 2239 2766 2282; x_wconf 88' lang='lat' dir='ltr'><strong>et</strong></span> <span class='ocrx_word' id='word_1_296' title='bbox 2794 2223 2984 2282; x_wconf 88' lang='lat' dir='ltr'><strong>Patres</strong></span> <span class='ocrx_word' id='word_1_297' title='bbox 3009 2227 3204 2292; x_wconf 80' lang='lat' dir='ltr'><strong>nostri,</strong></span> <span class='ocrx_word' id='word_1_298' title='bbox 3234 2230 3378 2299; x_wconf 90' lang='lat' dir='ltr'><strong>quod</strong></span> 
     </span>
    </p>
   </div>
   <div class='ocr_carea' id='block_1_38' title="bbox 95 2317 1690 2396">
    <p class='ocr_par' dir='ltr' id='par_1_38' title="bbox 95 2317 1690 2396">
     <span class='ocr_line' id='line_1_38' title="bbox 95 2317 1690 2396; baseline -0.004 -18"><span class='ocrx_word' id='word_1_299' title='bbox 95 2323 287 2396; x_wconf 83' lang='grc' dir='ltr'>τιμῶν</span> <span class='ocrx_word' id='word_1_300' title='bbox 331 2322 413 2385; x_wconf 81' lang='grc' dir='ltr'><strong>είς</strong></span> <span class='ocrx_word' id='word_1_301' title='bbox 454 2318 627 2392; x_wconf 80' lang='grc' dir='ltr'>ὀργὴν</span> <span class='ocrx_word' id='word_1_302' title='bbox 658 2318 908 2391; x_wconf 80' lang='grc' dir='ltr'>κινηθῇς,</span> <span class='ocrx_word' id='word_1_303' title='bbox 949 2318 1079 2375; x_wconf 84' lang='grc' dir='ltr'>ῐδιον</span> <span class='ocrx_word' id='word_1_304' title='bbox 1130 2319 1302 2382; x_wconf 81' lang='grc' dir='ltr'>πάθος</span> <span class='ocrx_word' id='word_1_305' title='bbox 1344 2317 1690 2390; x_wconf 83' lang='grc' dir='ltr'>ὲπλήρωσας,</span> 
     </span>
    </p>
   </div>
   <div class='ocr_carea' id='block_1_39' title="bbox 99 2408 1693 2481">
    <p class='ocr_par' dir='ltr' id='par_1_39' title="bbox 99 2408 1693 2481">
     <span class='ocr_line' id='line_1_39' title="bbox 99 2408 1693 2481; baseline -0.001 -15"><span class='ocrx_word' id='word_1_306' title='bbox 99 2413 207 2470; x_wconf 79' lang='grc' dir='ltr'><strong>καὶ</strong></span> <span class='ocrx_word' id='word_1_307' title='bbox 243 2411 416 2472; x_wconf 73' lang='grc' dir='ltr'>οὐδεὶς</span> <span class='ocrx_word' id='word_1_308' title='bbox 452 2409 669 2474; x_wconf 80' lang='grc' dir='ltr'>συνετὸς</span> <span class='ocrx_word' id='word_1_309' title='bbox 715 2409 832 2464; x_wconf 83' lang='grc' dir='ltr'>λύει</span> <span class='ocrx_word' id='word_1_310' title='bbox 877 2408 978 2481; x_wconf 82' lang='grc' dir='ltr'>τὴν</span> <span class='ocrx_word' id='word_1_311' title='bbox 1019 2409 1215 2464; x_wconf 83' lang='grc' dir='ltr'>ἑαυτοῦ</span> <span class='ocrx_word' id='word_1_312' title='bbox 1242 2410 1444 2478; x_wconf 82' lang='grc' dir='ltr'>οἰκίαν,</span> <span class='ocrx_word' id='word_1_313' title='bbox 1470 2409 1559 2464; x_wconf 80' lang='grc' dir='ltr'><strong>ἵνα</strong></span> <span class='ocrx_word' id='word_1_314' title='bbox 1595 2408 1693 2464; x_wconf 88' lang='grc' dir='ltr'><strong>τοῦ</strong></span> 
     </span>
    </p>
   </div>
   <div class='ocr_carea' id='block_1_40' title="bbox 99 2500 1691 2576">
    <p class='ocr_par' dir='ltr' id='par_1_40' title="bbox 99 2500 1691 2576">
     <span class='ocr_line' id='line_1_40' title="bbox 99 2500 1691 2576; baseline -0.002 -17"><span class='ocrx_word' id='word_1_315' title='bbox 99 2504 342 2576; x_wconf 82' lang='grc' dir='ltr'>πλησίον</span> <span class='ocrx_word' id='word_1_316' title='bbox 378 2500 1144 2575; x_wconf 76' lang='grc' dir='ltr'>οἰκοδομήσῃ.Ἐπιμενούσης</span> <span class='ocrx_word' id='word_1_317' title='bbox 1185 2501 1243 2556; x_wconf 76' lang='grc' dir='ltr'>δὲ</span> <span class='ocrx_word' id='word_1_318' title='bbox 1277 2501 1378 2572; x_wconf 84' lang='grc' dir='ltr'><strong>τῆς</strong></span> <span class='ocrx_word' id='word_1_319' title='bbox 1421 2501 1691 2574; x_wconf 88' lang='grc' dir='ltr'>ταραχῆς,</span> 
     </span>
    </p>
   </div>
   <div class='ocr_carea' id='block_1_41' title="bbox 101 2588 1694 2666">
    <p class='ocr_par' dir='ltr' id='par_1_41' title="bbox 101 2588 1694 2666">
     <span class='ocr_line' id='line_1_41' title="bbox 101 2588 1694 2666; baseline -0.004 -16"><span class='ocrx_word' id='word_1_320' title='bbox 101 2596 298 2666; x_wconf 81' lang='grc' dir='ltr'>βίασαι</span> <span class='ocrx_word' id='word_1_321' title='bbox 315 2594 413 2664; x_wconf 80' lang='grc' dir='ltr'>τὴν</span> <span class='ocrx_word' id='word_1_322' title='bbox 430 2592 656 2664; x_wconf 81' lang='grc' dir='ltr'>καρδίαν</span> <span class='ocrx_word' id='word_1_323' title='bbox 673 2608 792 2658; x_wconf 90' lang='grc' dir='ltr'>σου,</span> <span class='ocrx_word' id='word_1_324' title='bbox 803 2591 898 2645; x_wconf 80' lang='grc' dir='ltr'><strong>καὶ</strong></span> <span class='ocrx_word' id='word_1_325' title='bbox 913 2590 1067 2656; x_wconf 83' lang='grc' dir='ltr'>εῦξαι</span> <span class='ocrx_word' id='word_1_326' title='bbox 1081 2591 1254 2660; x_wconf 89' lang='grc' dir='ltr'>λέγων</span> <span class='ocrx_word' id='word_1_327' title='bbox 1268 2589 1461 2654; x_wconf 77' lang='grc' dir='ltr'>οὕτως·</span> <span class='ocrx_word' id='word_1_328' title='bbox 1491 2588 1550 2643; x_wconf 82' lang='lat'><strong>&#39;0</strong></span> <span class='ocrx_word' id='word_1_329' title='bbox 1561 2589 1694 2654; x_wconf 83' lang='grc' dir='ltr'>θεὸς</span> 
     </span>
    </p>
   </div>
   <div class='ocr_carea' id='block_1_42' title="bbox 97 2683 1695 2759">
    <p class='ocr_par' dir='ltr' id='par_1_42' title="bbox 97 2683 1695 2759">
     <span class='ocr_line' id='line_1_42' title="bbox 97 2683 1695 2759; baseline -0.004 -16"><span class='ocrx_word' id='word_1_330' title='bbox 97 2691 132 2743; x_wconf 91' lang='lat'><strong>6</strong></span> <span class='ocrx_word' id='word_1_331' title='bbox 166 2686 554 2759; x_wconf 75' lang='grc' dir='ltr'>φιλάνθρωπος</span> <span class='ocrx_word' id='word_1_332' title='bbox 579 2687 672 2740; x_wconf 78' lang='grc' dir='ltr'><strong>καὶ</strong></span> <span class='ocrx_word' id='word_1_333' title='bbox 702 2685 1017 2757; x_wconf 78' lang='grc' dir='ltr'><strong>φιλόψυχος,</strong></span> <span class='ocrx_word' id='word_1_334' title='bbox 1049 2685 1080 2739; x_wconf 87' lang='lat'><strong>6</strong></span> <span class='ocrx_word' id='word_1_335' title='bbox 1109 2687 1176 2756; x_wconf 77' lang='grc' dir='ltr'>τῇ</span> <span class='ocrx_word' id='word_1_336' title='bbox 1203 2684 1395 2756; x_wconf 82' lang='grc' dir='ltr'>ἀφάτῳ</span> <span class='ocrx_word' id='word_1_337' title='bbox 1438 2700 1533 2738; x_wconf 93' lang='grc' dir='ltr'><strong>σου</strong></span> <span class='ocrx_word' id='word_1_338' title='bbox 1563 2683 1695 2753; x_wconf 81' lang='grc' dir='ltr'>ἀγα-</span> 
     </span>
    </p>
   </div>
   <div class='ocr_carea' id='block_1_43' title="bbox 99 2774 1694 2850">
    <p class='ocr_par' dir='ltr' id='par_1_43' title="bbox 99 2774 1694 2850">
     <span class='ocr_line' id='line_1_43' title="bbox 99 2774 1694 2850; baseline -0.003 -15"><span class='ocrx_word' id='word_1_339' title='bbox 99 2779 302 2850; x_wconf 81' lang='grc' dir='ltr'>θότητι</span> <span class='ocrx_word' id='word_1_340' title='bbox 332 2782 395 2833; x_wconf 82' lang='grc' dir='ltr'>ὲκ</span> <span class='ocrx_word' id='word_1_341' title='bbox 421 2778 516 2833; x_wconf 92' lang='grc' dir='ltr'><strong>τοῦ</strong></span> <span class='ocrx_word' id='word_1_342' title='bbox 547 2777 625 2849; x_wconf 86' lang='grc' dir='ltr'>μὴ</span> <span class='ocrx_word' id='word_1_343' title='bbox 648 2777 802 2842; x_wconf 74' lang='grc' dir='ltr'>ὄντος</span> <span class='ocrx_word' id='word_1_344' title='bbox 835 2779 1068 2848; x_wconf 81' lang='grc' dir='ltr'><strong>ποιήσας</strong></span> <span class='ocrx_word' id='word_1_345' title='bbox 1099 2777 1132 2847; x_wconf 77' lang='grc' dir='ltr'><strong>ἡ</strong></span> <span class='ocrx_word' id='word_1_346' title='bbox 1142 2777 1247 2848; x_wconf 83' lang='grc' dir='ltr'>μᾶς</span> <span class='ocrx_word' id='word_1_347' title='bbox 1275 2777 1370 2830; x_wconf 76' lang='grc' dir='ltr'>ἐπὶ</span> <span class='ocrx_word' id='word_1_348' title='bbox 1394 2774 1694 2848; x_wconf 80' lang='grc' dir='ltr'>μεταλήψει</span> 
     </span>
    </p>
   </div>
   <div class='ocr_carea' id='block_1_44' title="bbox 96 2867 1696 2941">
    <p class='ocr_par' dir='ltr' id='par_1_44' title="bbox 96 2867 1696 2941">
     <span class='ocr_line' id='line_1_44' title="bbox 96 2867 1696 2941; baseline 0 -16"><span class='ocrx_word' id='word_1_349' title='bbox 96 2872 224 2926; x_wconf 80' lang='grc' dir='ltr'>τῶν</span> <span class='ocrx_word' id='word_1_350' title='bbox 259 2871 368 2924; x_wconf 85' lang='grc' dir='ltr'>σῶν</span> <span class='ocrx_word' id='word_1_351' title='bbox 396 2869 640 2940; x_wconf 82' lang='grc' dir='ltr'><strong>ἀγαθῶν,</strong></span> <span class='ocrx_word' id='word_1_352' title='bbox 668 2869 764 2923; x_wconf 78' lang='grc' dir='ltr'>καὶ</span> <span class='ocrx_word' id='word_1_353' title='bbox 791 2869 1206 2941; x_wconf 83' lang='grc' dir='ltr'>ἀποστήσαντας</span> <span class='ocrx_word' id='word_1_354' title='bbox 1237 2869 1389 2939; x_wconf 77' lang='grc' dir='ltr'>ἡμᾶς</span> <span class='ocrx_word' id='word_1_355' title='bbox 1431 2867 1542 2923; x_wconf 74' lang='grc' dir='ltr'><strong>ἀπὸ</strong></span> <span class='ocrx_word' id='word_1_356' title='bbox 1588 2869 1696 2925; x_wconf 84' lang='grc' dir='ltr'>τῶν</span> 
     </span>
    </p>
   </div>
   <div class='ocr_carea' id='block_1_45' title="bbox 97 2957 1696 3030">
    <p class='ocr_par' dir='ltr' id='par_1_45' title="bbox 97 2957 1696 3030">
     <span class='ocr_line' id='line_1_45' title="bbox 97 2957 1696 3030; baseline -0.004 -12"><span class='ocrx_word' id='word_1_357' title='bbox 97 2962 348 3018; x_wconf 72' lang='grc' dir='ltr'>ιντολῶν</span> <span class='ocrx_word' id='word_1_358' title='bbox 378 2979 472 3016; x_wconf 91' lang='grc' dir='ltr'><strong>σου</strong></span> <span class='ocrx_word' id='word_1_359' title='bbox 501 2959 841 3026; x_wconf 82' lang='grc' dir='ltr'>ἀνακαλέσας</span> <span class='ocrx_word' id='word_1_360' title='bbox 859 2959 950 3015; x_wconf 77' lang='grc' dir='ltr'>διὰ</span> <span class='ocrx_word' id='word_1_361' title='bbox 973 2958 1070 3013; x_wconf 85' lang='grc' dir='ltr'><strong>τοῦ</strong></span> <span class='ocrx_word' id='word_1_362' title='bbox 1095 2959 1324 3030; x_wconf 78' lang='grc' dir='ltr'>αἵματος</span> <span class='ocrx_word' id='word_1_363' title='bbox 1349 2957 1443 3012; x_wconf 90' lang='grc' dir='ltr'><strong>τοῦ</strong></span> <span class='ocrx_word' id='word_1_364' title='bbox 1471 2975 1696 3029; x_wconf 88' lang='grc' dir='ltr'>μονογε-</span> 
     </span>
    </p>
   </div>
   <div class='ocr_carea' id='block_1_46' title="bbox 99 3051 1695 3128">
    <p class='ocr_par' dir='ltr' id='par_1_46' title="bbox 99 3051 1695 3128">
     <span class='ocr_line' id='line_1_46' title="bbox 99 3051 1695 3128; baseline -0.004 -17"><span class='ocrx_word' id='word_1_365' title='bbox 99 3056 243 3123; x_wconf 79' lang='grc' dir='ltr'>νοῦς</span> <span class='ocrx_word' id='word_1_366' title='bbox 275 3073 370 3110; x_wconf 84' lang='grc' dir='ltr'><strong>σου</strong></span> <span class='ocrx_word' id='word_1_367' title='bbox 389 3055 522 3109; x_wconf 85' lang='grc' dir='ltr'>Υίοῦ</span> <span class='ocrx_word' id='word_1_368' title='bbox 550 3054 803 3128; x_wconf 86' lang='grc' dir='ltr'>Σωτῆρος</span> <span class='ocrx_word' id='word_1_369' title='bbox 829 3053 1020 3126; x_wconf 76' lang='grc' dir='ltr'>ἡμῶνο</span> <span class='ocrx_word' id='word_1_370' title='bbox 1049 3052 1144 3108; x_wconf 74' lang='grc' dir='ltr'><strong>καὶ</strong></span> <span class='ocrx_word' id='word_1_371' title='bbox 1167 3051 1264 3107; x_wconf 89' lang='grc' dir='ltr'><strong>νῦν</strong></span> <span class='ocrx_word' id='word_1_372' title='bbox 1290 3051 1602 3124; x_wconf 82' lang='grc' dir='ltr'>παράστηθι</span> <span class='ocrx_word' id='word_1_373' title='bbox 1627 3054 1695 3124; x_wconf 79' lang='grc' dir='ltr'>τῇ</span> 
     </span>
    </p>
   </div>
   <div class='ocr_carea' id='block_1_47' title="bbox 98 3143 1696 3219">
    <p class='ocr_par' dir='ltr' id='par_1_47' title="bbox 98 3143 1696 3219">
     <span class='ocr_line' id='line_1_47' title="bbox 98 3143 1696 3219; baseline -0.004 -17"><span class='ocrx_word' id='word_1_374' title='bbox 98 3147 378 3219; x_wconf 73' lang='grc' dir='ltr'>ἀσθενείᾳ</span> <span class='ocrx_word' id='word_1_375' title='bbox 431 3146 609 3218; x_wconf 76' lang='grc' dir='ltr'>ἡμῶν,</span> <span class='ocrx_word' id='word_1_376' title='bbox 639 3145 736 3200; x_wconf 77' lang='grc' dir='ltr'><strong>καὶ</strong></span> <span class='ocrx_word' id='word_1_377' title='bbox 783 3145 1110 3218; x_wconf 71' lang='grc' dir='ltr'>ἐπιτίμησον</span> <span class='ocrx_word' id='word_1_378' title='bbox 1135 3143 1326 3216; x_wconf 83' lang='grc' dir='ltr'>ὥσπερ</span> <span class='ocrx_word' id='word_1_379' title='bbox 1355 3143 1484 3198; x_wconf 78' lang='grc' dir='ltr'>ποτὲ</span> <span class='ocrx_word' id='word_1_380' title='bbox 1515 3161 1696 3215; x_wconf 85' lang='grc' dir='ltr'>κυμα-</span> 
     </span>
    </p>
   </div>
   <div class='ocr_carea' id='block_1_48' title="bbox 95 3234 1697 3311">
    <p class='ocr_par' dir='ltr' id='par_1_48' title="bbox 95 3234 1697 3311">
     <span class='ocr_line' id='line_1_48' title="bbox 95 3234 1697 3311; baseline -0.004 -17"><span class='ocrx_word' id='word_1_381' title='bbox 95 3239 360 3311; x_wconf 78' lang='grc' dir='ltr'>τουμένῃ</span> <span class='ocrx_word' id='word_1_382' title='bbox 389 3240 454 3310; x_wconf 77' lang='grc' dir='ltr'>τῇ</span> <span class='ocrx_word' id='word_1_383' title='bbox 485 3237 752 3310; x_wconf 79' lang='grc' dir='ltr'>θαλάσσῃ,</span> <span class='ocrx_word' id='word_1_384' title='bbox 780 3234 952 3300; x_wconf 81' lang='grc' dir='ltr'>οὕτως</span> <span class='ocrx_word' id='word_1_385' title='bbox 980 3235 1077 3290; x_wconf 87' lang='grc' dir='ltr'><strong>νῦν</strong></span> <span class='ocrx_word' id='word_1_386' title='bbox 1099 3236 1165 3307; x_wconf 77' lang='grc' dir='ltr'>τῇ</span> <span class='ocrx_word' id='word_1_387' title='bbox 1195 3237 1408 3308; x_wconf 80' lang='grc' dir='ltr'>ταραχῇ</span> <span class='ocrx_word' id='word_1_388' title='bbox 1438 3235 1540 3306; x_wconf 86' lang='grc' dir='ltr'><strong>τῆς</strong></span> <span class='ocrx_word' id='word_1_389' title='bbox 1559 3251 1697 3306; x_wconf 81' lang='grc' dir='ltr'>καρ-</span> 
     </span>
    </p>
   </div>
   <div class='ocr_carea' id='block_1_49' title="bbox 95 3325 1698 3404">
    <p class='ocr_par' dir='ltr' id='par_1_49' title="bbox 95 3325 1698 3404">
     <span class='ocr_line' id='line_1_49' title="bbox 95 3325 1698 3404; baseline -0.005 -17"><span class='ocrx_word' id='word_1_390' title='bbox 95 3333 238 3398; x_wconf 80' lang='grc' dir='ltr'>δίας</span> <span class='ocrx_word' id='word_1_391' title='bbox 267 3331 446 3404; x_wconf 74' lang='grc' dir='ltr'>ἡμῶν,</span> <span class='ocrx_word' id='word_1_392' title='bbox 479 3331 573 3385; x_wconf 73' lang='grc' dir='ltr'><strong>καὶ</strong></span> <span class='ocrx_word' id='word_1_393' title='bbox 613 3331 688 3402; x_wconf 80' lang='grc' dir='ltr'><strong>μὴ</strong></span> <span class='ocrx_word' id='word_1_394' title='bbox 719 3327 1035 3400; x_wconf 76' lang='grc' dir='ltr'>ἁτεκνωθῇς</span> <span class='ocrx_word' id='word_1_395' title='bbox 1069 3329 1128 3383; x_wconf 83' lang='grc' dir='ltr'>ὲν</span> <span class='ocrx_word' id='word_1_396' title='bbox 1153 3327 1254 3400; x_wconf 79' lang='grc' dir='ltr'>μιᾷ</span> <span class='ocrx_word' id='word_1_397' title='bbox 1281 3326 1401 3398; x_wconf 79' lang='grc' dir='ltr'><strong>ὥρᾳ</strong></span> <span class='ocrx_word' id='word_1_398' title='bbox 1428 3325 1489 3392; x_wconf 77' lang='grc' dir='ltr'>ἐξ</span> <span class='ocrx_word' id='word_1_399' title='bbox 1519 3326 1698 3397; x_wconf 82' lang='grc' dir='ltr'>ἀμφο-</span> 
     </span>
    </p>
   </div>
   <div class='ocr_carea' id='block_1_50' title="bbox 93 3417 1700 3496">
    <p class='ocr_par' dir='ltr' id='par_1_50' title="bbox 93 3417 1700 3496">
     <span class='ocr_line' id='line_1_50' title="bbox 93 3417 1700 3496; baseline -0.005 -18"><span class='ocrx_word' id='word_1_400' title='bbox 93 3425 166 3479; x_wconf 80' lang='grc' dir='ltr'><strong>τέ</strong></span> <span class='ocrx_word' id='word_1_401' title='bbox 175 3441 295 3496; x_wconf 85' lang='grc' dir='ltr'>ρων</span> <span class='ocrx_word' id='word_1_402' title='bbox 331 3425 364 3494; x_wconf 78' lang='grc' dir='ltr'>ἡ</span> <span class='ocrx_word' id='word_1_403' title='bbox 373 3421 487 3494; x_wconf 85' lang='grc' dir='ltr'>μῶν</span> <span class='ocrx_word' id='word_1_404' title='bbox 513 3421 926 3477; x_wconf 81' lang='grc' dir='ltr'>θανατωθέντων</span> <span class='ocrx_word' id='word_1_405' title='bbox 946 3422 1014 3493; x_wconf 76' lang='grc' dir='ltr'>τῇ</span> <span class='ocrx_word' id='word_1_406' title='bbox 1038 3417 1411 3492; x_wconf 75' lang='grc' dir='ltr'>άμαρτίᾳ,καὶ</span> <span class='ocrx_word' id='word_1_407' title='bbox 1437 3417 1514 3490; x_wconf 81' lang='grc' dir='ltr'>μὴ</span> <span class='ocrx_word' id='word_1_408' title='bbox 1537 3417 1700 3490; x_wconf 72' lang='grc' dir='ltr'>εἴπης</span> 
     </span>
    </p>
   </div>
   <div class='ocr_carea' id='block_1_51' title="bbox 1793 2317 3382 2391">
    <p class='ocr_par' dir='ltr' id='par_1_51' title="bbox 1793 2317 3382 2391">
     <span class='ocr_line' id='line_1_51' title="bbox 1793 2317 3382 2391; baseline -0.003 -13"><span class='ocrx_word' id='word_1_409' title='bbox 1793 2320 1841 2378; x_wconf 88' lang='lat' dir='ltr'><strong>si</strong></span> <span class='ocrx_word' id='word_1_410' title='bbox 1870 2321 1995 2391; x_wconf 90' lang='lat' dir='ltr'><strong>quis</strong></span> <span class='ocrx_word' id='word_1_411' title='bbox 2020 2320 2252 2374; x_wconf 86' lang='lat' dir='ltr'><strong>alterum</strong></span> <span class='ocrx_word' id='word_1_412' title='bbox 2284 2317 2579 2388; x_wconf 87' lang='lat' dir='ltr'><strong>increpans</strong></span> <span class='ocrx_word' id='word_1_413' title='bbox 2604 2317 2971 2374; x_wconf 79' lang='lat' dir='ltr'><strong>excandescat</strong></span> <span class='ocrx_word' id='word_1_414' title='bbox 2995 2326 3051 2373; x_wconf 93' lang='lat' dir='ltr'><strong>et</strong></span> <span class='ocrx_word' id='word_1_415' title='bbox 3075 2319 3382 2376; x_wconf 91' lang='lat' dir='ltr'><strong>concitetur</strong></span> 
     </span>
    </p>
   </div>
   <div class='ocr_carea' id='block_1_52' title="bbox 1795 2410 3379 2483">
    <p class='ocr_par' dir='ltr' id='par_1_52' title="bbox 1795 2410 3379 2483">
     <span class='ocr_line' id='line_1_52' title="bbox 1795 2410 3379 2483; baseline 0.001 -15"><span class='ocrx_word' id='word_1_416' title='bbox 1795 2413 1850 2468; x_wconf 91' lang='lat' dir='ltr'><strong>in</strong></span> <span class='ocrx_word' id='word_1_417' title='bbox 1879 2413 2040 2478; x_wconf 86' lang='lat' dir='ltr'><strong>iram,</strong></span> <span class='ocrx_word' id='word_1_418' title='bbox 2073 2410 2452 2483; x_wconf 89' lang='lat' dir='ltr'><strong>hujuscemodi</strong></span> <span class='ocrx_word' id='word_1_419' title='bbox 2486 2411 2763 2467; x_wconf 83' lang='lat' dir='ltr'><strong>hominem</strong></span> <span class='ocrx_word' id='word_1_420' title='bbox 2795 2411 2986 2466; x_wconf 89' lang='lat' dir='ltr'><strong>vitium</strong></span> <span class='ocrx_word' id='word_1_421' title='bbox 3014 2427 3175 2468; x_wconf 91' lang='lat' dir='ltr'><strong>suum</strong></span> <span class='ocrx_word' id='word_1_422' title='bbox 3205 2415 3379 2482; x_wconf 88' lang='lat' dir='ltr'><strong>palam</strong></span> 
     </span>
    </p>
   </div>
   <div class='ocr_carea' id='block_1_53' title="bbox 1794 2502 3380 2574">
    <p class='ocr_par' dir='ltr' id='par_1_53' title="bbox 1794 2502 3380 2574">
     <span class='ocr_line' id='line_1_53' title="bbox 1794 2502 3380 2574; baseline 0.001 -14"><span class='ocrx_word' id='word_1_423' title='bbox 1794 2503 2034 2561; x_wconf 85' lang='lat' dir='ltr'><strong>fecisse:</strong></span> <span class='ocrx_word' id='word_1_424' title='bbox 2085 2514 2139 2560; x_wconf 88' lang='lat' dir='ltr'><strong>et</strong></span> <span class='ocrx_word' id='word_1_425' title='bbox 2175 2503 2387 2559; x_wconf 92' lang='lat' dir='ltr'><strong>nullum</strong></span> <span class='ocrx_word' id='word_1_426' title='bbox 2417 2502 2511 2574; x_wconf 89' lang='lat' dir='ltr'><strong>qui</strong></span> <span class='ocrx_word' id='word_1_427' title='bbox 2559 2503 2632 2558; x_wconf 93' lang='lat' dir='ltr'><strong>sit</strong></span> <span class='ocrx_word' id='word_1_428' title='bbox 2672 2502 2940 2574; x_wconf 89' lang='lat' dir='ltr'><strong>prudens,</strong></span> <span class='ocrx_word' id='word_1_429' title='bbox 2985 2504 3380 2562; x_wconf 73' lang='lat' dir='ltr'><strong>diSSOIlllul&#39;um</strong></span> 
     </span>
    </p>
   </div>
   <div class='ocr_carea' id='block_1_54' title="bbox 1794 2597 3381 2669">
    <p class='ocr_par' dir='ltr' id='par_1_54' title="bbox 1794 2597 3381 2669">
     <span class='ocr_line' id='line_1_54' title="bbox 1794 2597 3381 2669; baseline 0.001 -14"><span class='ocrx_word' id='word_1_430' title='bbox 1794 2599 2134 2656; x_wconf 88' lang='lat' dir='ltr'><strong>domicilium</strong></span> <span class='ocrx_word' id='word_1_431' title='bbox 2167 2613 2352 2664; x_wconf 91' lang='lat' dir='ltr'><strong>suum,</strong></span> <span class='ocrx_word' id='word_1_432' title='bbox 2385 2611 2447 2653; x_wconf 92' lang='lat' dir='ltr'><strong>ut</strong></span> <span class='ocrx_word' id='word_1_433' title='bbox 2483 2597 2615 2654; x_wconf 91' lang='lat' dir='ltr'><strong>illud</strong></span> <span class='ocrx_word' id='word_1_434' title='bbox 2647 2598 2882 2669; x_wconf 79' lang='lat' dir='ltr'><strong>proximi</strong></span> <span class='ocrx_word' id='word_1_435' title='bbox 2922 2599 3132 2656; x_wconf 90' lang='lat' dir='ltr'><strong>reﬁciat</strong></span> <span class='ocrx_word' id='word_1_436' title='bbox 3162 2612 3219 2656; x_wconf 91' lang='lat' dir='ltr'><strong>et</strong></span> <span class='ocrx_word' id='word_1_437' title='bbox 3261 2616 3381 2657; x_wconf 87' lang='lat' dir='ltr'><strong>sar-</strong></span> 
     </span>
    </p>
   </div>
   <div class='ocr_carea' id='block_1_55' title="bbox 1793 2691 3380 2764">
    <p class='ocr_par' dir='ltr' id='par_1_55' title="bbox 1793 2691 3380 2764">
     <span class='ocr_line' id='line_1_55' title="bbox 1793 2691 3380 2764; baseline -0.001 -15"><span class='ocrx_word' id='word_1_438' title='bbox 1793 2694 1922 2749; x_wconf 89' lang='lat' dir='ltr'><strong>ciat.</strong></span> <span class='ocrx_word' id='word_1_439' title='bbox 1939 2692 1995 2749; x_wconf 90' lang='lat' dir='ltr'><strong>Si</strong></span> <span class='ocrx_word' id='word_1_440' title='bbox 2015 2692 2310 2764; x_wconf 77' lang='lat' dir='ltr'><strong>perrexerit</strong></span> <span class='ocrx_word' id='word_1_441' title='bbox 2332 2691 2570 2747; x_wconf 87' lang='lat' dir='ltr'><strong>turbatio</strong></span> <span class='ocrx_word' id='word_1_442' title='bbox 2585 2699 2639 2748; x_wconf 89' lang='lat' dir='ltr'><strong>et</strong></span> <span class='ocrx_word' id='word_1_443' title='bbox 2657 2693 2759 2760; x_wconf 89' lang='lat' dir='ltr'><strong>ira,</strong></span> <span class='ocrx_word' id='word_1_444' title='bbox 2775 2694 3077 2764; x_wconf 89' lang='lat' dir='ltr'><strong>comprime</strong></span> <span class='ocrx_word' id='word_1_445' title='bbox 3090 2710 3186 2750; x_wconf 90' lang='lat' dir='ltr'><strong>cor</strong></span> <span class='ocrx_word' id='word_1_446' title='bbox 3204 2704 3380 2756; x_wconf 90' lang='lat' dir='ltr'><strong>tuum,</strong></span> 
     </span>
    </p>
   </div>
   <div class='ocr_carea' id='block_1_56' title="bbox 1793 2785 3384 2858">
    <p class='ocr_par' dir='ltr' id='par_1_56' title="bbox 1793 2785 3384 2858">
     <span class='ocr_line' id='line_1_56' title="bbox 1793 2785 3384 2858; baseline 0.001 -14"><span class='ocrx_word' id='word_1_447' title='bbox 1793 2785 1954 2858; x_wconf 68' lang='grc'><strong>451</strong></span> <span class='ocrx_word' id='word_1_448' title='bbox 1989 2795 2045 2840; x_wconf 88' lang='lat' dir='ltr'><strong>et</strong></span> <span class='ocrx_word' id='word_1_449' title='bbox 2085 2800 2180 2841; x_wconf 85' lang='lat' dir='ltr'><strong>ora</strong></span> <span class='ocrx_word' id='word_1_450' title='bbox 2229 2785 2521 2840; x_wconf 91' lang='lat' dir='ltr'><strong>Dominum</strong></span> <span class='ocrx_word' id='word_1_451' title='bbox 2565 2786 2619 2840; x_wconf 91' lang='lat' dir='ltr'><strong>in</strong></span> <span class='ocrx_word' id='word_1_452' title='bbox 2652 2786 2769 2842; x_wconf 62' lang='lat' dir='ltr'><strong>haec</strong></span> <span class='ocrx_word' id='word_1_453' title='bbox 2801 2787 3006 2844; x_wconf 83' lang='lat' dir='ltr'><strong>verba:</strong></span> <span class='ocrx_word' id='word_1_454' title='bbox 3059 2787 3384 2846; x_wconf 88' lang='lat' dir='ltr'><strong>Clementis-</strong></span> 
     </span>
    </p>
   </div>
   <div class='ocr_carea' id='block_1_57' title="bbox 1797 2875 3384 2948">
    <p class='ocr_par' dir='ltr' id='par_1_57' title="bbox 1797 2875 3384 2948">
     <span class='ocr_line' id='line_1_57' title="bbox 1797 2875 3384 2948; baseline 0.001 -15"><span class='ocrx_word' id='word_1_455' title='bbox 1797 2879 1936 2934; x_wconf 88' lang='lat' dir='ltr'><strong>sime</strong></span> <span class='ocrx_word' id='word_1_456' title='bbox 1967 2875 2110 2932; x_wconf 85' lang='lat' dir='ltr'><strong>Deus</strong></span> <span class='ocrx_word' id='word_1_457' title='bbox 2135 2886 2191 2932; x_wconf 91' lang='lat' dir='ltr'><strong>et</strong></span> <span class='ocrx_word' id='word_1_458' title='bbox 2221 2888 2434 2933; x_wconf 87' lang='lat' dir='ltr'><strong>amator</strong></span> <span class='ocrx_word' id='word_1_459' title='bbox 2472 2875 2803 2943; x_wconf 86' lang='lat' dir='ltr'><strong>animarum,</strong></span> <span class='ocrx_word' id='word_1_460' title='bbox 2854 2877 2949 2948; x_wconf 91' lang='lat' dir='ltr'><strong>qui</strong></span> <span class='ocrx_word' id='word_1_461' title='bbox 2990 2878 3237 2935; x_wconf 90' lang='lat' dir='ltr'><strong>bonitate</strong></span> <span class='ocrx_word' id='word_1_462' title='bbox 3289 2890 3384 2936; x_wconf 84' lang='lat' dir='ltr'><strong>tua</strong></span> 
     </span>
    </p>
   </div>
   <div class='ocr_carea' id='block_1_58' title="bbox 1799 2967 3380 3039">
    <p class='ocr_par' dir='ltr' id='par_1_58' title="bbox 1799 2967 3380 3039">
     <span class='ocr_line' id='line_1_58' title="bbox 1799 2967 3380 3039; baseline 0.003 -16"><span class='ocrx_word' id='word_1_463' title='bbox 1799 2969 2056 3024; x_wconf 84' lang='lat' dir='ltr'><strong>ineﬂ&#39;abili</strong></span> <span class='ocrx_word' id='word_1_464' title='bbox 2081 2983 2204 3035; x_wconf 92' lang='lat' dir='ltr'><strong>nos,</strong></span> <span class='ocrx_word' id='word_1_465' title='bbox 2232 2983 2360 3024; x_wconf 91' lang='lat' dir='ltr'><strong>cum</strong></span> <span class='ocrx_word' id='word_1_466' title='bbox 2389 2983 2497 3023; x_wconf 91' lang='lat' dir='ltr'><strong>non</strong></span> <span class='ocrx_word' id='word_1_467' title='bbox 2523 2983 2794 3033; x_wconf 87' lang='lat' dir='ltr'><strong>essemus,</strong></span> <span class='ocrx_word' id='word_1_468' title='bbox 2824 2967 3002 3026; x_wconf 85' lang='lat' dir='ltr'><strong>fecisti</strong></span> <span class='ocrx_word' id='word_1_469' title='bbox 3026 2979 3089 3025; x_wconf 92' lang='lat' dir='ltr'><strong>ut</strong></span> <span class='ocrx_word' id='word_1_470' title='bbox 3108 2986 3380 3039; x_wconf 89' lang='lat' dir='ltr'><strong>essemus,</strong></span> 
     </span>
    </p>
   </div>
   <div class='ocr_carea' id='block_1_59' title="bbox 1797 3058 3381 3134">
    <p class='ocr_par' dir='ltr' id='par_1_59' title="bbox 1797 3058 3381 3134">
     <span class='ocr_line' id='line_1_59' title="bbox 1797 3058 3381 3134; baseline 0.003 -21"><span class='ocrx_word' id='word_1_471' title='bbox 1797 3058 2212 3115; x_wconf 82' lang='lat' dir='ltr'><strong>communicatis</strong></span> <span class='ocrx_word' id='word_1_472' title='bbox 2242 3059 2526 3115; x_wconf 90' lang='lat' dir='ltr'><strong>nobiscum</strong></span> <span class='ocrx_word' id='word_1_473' title='bbox 2559 3059 2702 3115; x_wconf 92' lang='lat' dir='ltr'><strong>bona</strong></span> <span class='ocrx_word' id='word_1_474' title='bbox 2738 3071 2853 3127; x_wconf 89' lang='lat' dir='ltr'><strong>tua,</strong></span> <span class='ocrx_word' id='word_1_475' title='bbox 2903 3061 3110 3132; x_wconf 88' lang='lat' dir='ltr'><strong>quique</strong></span> <span class='ocrx_word' id='word_1_476' title='bbox 3157 3073 3381 3134; x_wconf 82' lang='lat' dir='ltr'><strong>aposta-</strong></span> 
     </span>
    </p>
   </div>
   <div class='ocr_carea' id='block_1_60' title="bbox 1798 3150 3382 3226">
    <p class='ocr_par' dir='ltr' id='par_1_60' title="bbox 1798 3150 3382 3226">
     <span class='ocr_line' id='line_1_60' title="bbox 1798 3150 3382 3226; baseline 0.004 -22"><span class='ocrx_word' id='word_1_477' title='bbox 1798 3160 1978 3206; x_wconf 80' lang='lat' dir='ltr'><strong>tantes</strong></span> <span class='ocrx_word' id='word_1_478' title='bbox 2009 3150 2356 3220; x_wconf 90' lang='lat' dir='ltr'><strong>postmodum</strong></span> <span class='ocrx_word' id='word_1_479' title='bbox 2388 3166 2417 3207; x_wconf 91' lang='lat' dir='ltr'><strong>a</strong></span> <span class='ocrx_word' id='word_1_480' title='bbox 2450 3151 2738 3222; x_wconf 63' lang='lat' dir='ltr'><strong>praeceptis</strong></span> <span class='ocrx_word' id='word_1_481' title='bbox 2782 3152 2892 3210; x_wconf 91' lang='lat' dir='ltr'><strong>tuis</strong></span> <span class='ocrx_word' id='word_1_482' title='bbox 2939 3155 3208 3209; x_wconf 82' lang='lat' dir='ltr'><strong>revocasti</strong></span> <span class='ocrx_word' id='word_1_483' title='bbox 3255 3170 3382 3226; x_wconf 86' lang='lat' dir='ltr'><strong>pre-</strong></span> 
     </span>
    </p>
   </div>
   <div class='ocr_carea' id='block_1_61' title="bbox 1799 3242 3380 3316">
    <p class='ocr_par' dir='ltr' id='par_1_61' title="bbox 1799 3242 3380 3316">
     <span class='ocr_line' id='line_1_61' title="bbox 1799 3242 3380 3316; baseline 0.004 -19"><span class='ocrx_word' id='word_1_484' title='bbox 1799 3244 1938 3298; x_wconf 91' lang='lat' dir='ltr'><strong>tioso</strong></span> <span class='ocrx_word' id='word_1_485' title='bbox 1981 3242 2248 3314; x_wconf 88' lang='lat' dir='ltr'><strong>sanguine</strong></span> <span class='ocrx_word' id='word_1_486' title='bbox 2274 3244 2538 3316; x_wconf 89' lang='lat' dir='ltr'><strong>unigeniti</strong></span> <span class='ocrx_word' id='word_1_487' title='bbox 2575 3244 2696 3302; x_wconf 84' lang='lat' dir='ltr'><strong>Filii</strong></span> <span class='ocrx_word' id='word_1_488' title='bbox 2735 3245 2812 3300; x_wconf 91' lang='lat' dir='ltr'><strong>tui</strong></span> <span class='ocrx_word' id='word_1_489' title='bbox 2854 3244 3162 3302; x_wconf 86' lang='lat' dir='ltr'><strong>Servatoris</strong></span> <span class='ocrx_word' id='word_1_490' title='bbox 3187 3249 3380 3315; x_wconf 79' lang='lat' dir='ltr'><strong>nostri;</strong></span> 
     </span>
    </p>
   </div>
   <div class='ocr_carea' id='block_1_62' title="bbox 1797 3332 3380 3405">
    <p class='ocr_par' dir='ltr' id='par_1_62' title="bbox 1797 3332 3380 3405">
     <span class='ocr_line' id='line_1_62' title="bbox 1797 3332 3380 3405; baseline 0.003 -19"><span class='ocrx_word' id='word_1_491' title='bbox 1797 3341 1853 3386; x_wconf 91' lang='lat' dir='ltr'><strong>et</strong></span> <span class='ocrx_word' id='word_1_492' title='bbox 1880 3347 2023 3387; x_wconf 88' lang='lat' dir='ltr'><strong>nunc</strong></span> <span class='ocrx_word' id='word_1_493' title='bbox 2051 3332 2283 3388; x_wconf 89' lang='lat' dir='ltr'><strong>obsecro</strong></span> <span class='ocrx_word' id='word_1_494' title='bbox 2314 3333 2509 3389; x_wconf 87' lang='lat' dir='ltr'><strong>adesse</strong></span> <span class='ocrx_word' id='word_1_495' title='bbox 2543 3333 2786 3405; x_wconf 83' lang='lat' dir='ltr'><strong>digneris</strong></span> <span class='ocrx_word' id='word_1_496' title='bbox 2816 3333 3118 3390; x_wconf 89' lang='lat' dir='ltr'><strong>inﬁrmitati</strong></span> <span class='ocrx_word' id='word_1_497' title='bbox 3153 3344 3380 3398; x_wconf 74' lang='lat' dir='ltr'><strong>nostrae.</strong></span> 
     </span>
    </p>
   </div>
   <div class='ocr_carea' id='block_1_63' title="bbox 1799 3421 3382 3495">
    <p class='ocr_par' dir='ltr' id='par_1_63' title="bbox 1799 3421 3382 3495">
     <span class='ocr_line' id='line_1_63' title="bbox 1799 3421 3382 3495; baseline 0.003 -20"><span class='ocrx_word' id='word_1_498' title='bbox 1799 3430 1855 3475; x_wconf 88' lang='lat' dir='ltr'><strong>et</strong></span> <span class='ocrx_word' id='word_1_499' title='bbox 1881 3433 1941 3476; x_wconf 87' lang='lat' dir='ltr'><strong>ut</strong></span> <span class='ocrx_word' id='word_1_500' title='bbox 1966 3421 2242 3489; x_wconf 90' lang='lat' dir='ltr'><strong>quondam</strong></span> <span class='ocrx_word' id='word_1_501' title='bbox 2268 3422 2519 3478; x_wconf 68' lang='lat' dir='ltr'><strong>aestuanti</strong></span> <span class='ocrx_word' id='word_1_502' title='bbox 2553 3423 2766 3495; x_wconf 84' lang='lat' dir='ltr'><strong>pelago,</strong></span> <span class='ocrx_word' id='word_1_503' title='bbox 2801 3427 2884 3479; x_wconf 89' lang='lat' dir='ltr'><strong>sic</strong></span> <span class='ocrx_word' id='word_1_504' title='bbox 2912 3439 3061 3479; x_wconf 92' lang='lat' dir='ltr'><strong>nunc</strong></span> <span class='ocrx_word' id='word_1_505' title='bbox 3087 3423 3382 3480; x_wconf 90' lang='lat' dir='ltr'><strong>turbationi</strong></span> 
     </span>
    </p>
   </div>
   <div class='ocr_carea' id='block_1_64' title="bbox 93 3509 1695 3591">
    <p class='ocr_par' dir='ltr' id='par_1_64' title="bbox 93 3509 1695 3591">
     <span class='ocr_line' id='line_1_64' title="bbox 93 3509 1695 3591; baseline -0.005 -19"><span class='ocrx_word' id='word_1_506' title='bbox 93 3519 287 3591; x_wconf 72' lang='grc' dir='ltr'><strong>ήμῖντ</strong></span> <span class='ocrx_word' id='word_1_507' title='bbox 322 3519 418 3583; x_wconf 83' lang='grc' dir='ltr'>Τίς</span> <span class='ocrx_word' id='word_1_508' title='bbox 444 3515 696 3585; x_wconf 65' lang='grc' dir='ltr'>ὠφέλεια</span> <span class='ocrx_word' id='word_1_509' title='bbox 720 3514 792 3568; x_wconf 74' lang='grc' dir='ltr'><strong>ἐν</strong></span> <span class='ocrx_word' id='word_1_510' title='bbox 819 3512 901 3580; x_wconf 82' lang='grc' dir='ltr'>τῷ</span> <span class='ocrx_word' id='word_1_511' title='bbox 923 3513 1126 3583; x_wconf 80' lang='grc' dir='ltr'>αἵματί</span> <span class='ocrx_word' id='word_1_512' title='bbox 1147 3530 1288 3584; x_wconf 79' lang='grc' dir='ltr'>μου,</span> <span class='ocrx_word' id='word_1_513' title='bbox 1320 3511 1392 3566; x_wconf 79' lang='grc' dir='ltr'><strong>ἐν</strong></span> <span class='ocrx_word' id='word_1_514' title='bbox 1413 3509 1494 3577; x_wconf 84' lang='grc' dir='ltr'>τῷ</span> <span class='ocrx_word' id='word_1_515' title='bbox 1525 3526 1695 3566; x_wconf 81' lang='grc' dir='ltr'>κατα-</span> 
     </span>
    </p>
   </div>
   <div class='ocr_carea' id='block_1_65' title="bbox 1797 3509 3385 3591">
    <p class='ocr_par' dir='ltr' id='par_1_65' title="bbox 1800 3513 3385 3585">
     <span class='ocr_line' id='line_1_65' title="bbox 1800 3513 3385 3585; baseline 0.003 -16"><span class='ocrx_word' id='word_1_516' title='bbox 1800 3514 1980 3570; x_wconf 90' lang='lat' dir='ltr'><strong>cordis</strong></span> <span class='ocrx_word' id='word_1_517' title='bbox 2027 3513 2200 3569; x_wconf 88' lang='lat' dir='ltr'><strong>nostri</strong></span> <span class='ocrx_word' id='word_1_518' title='bbox 2253 3513 2482 3585; x_wconf 88' lang='lat' dir='ltr'><strong>impera,</strong></span> <span class='ocrx_word' id='word_1_519' title='bbox 2535 3531 2638 3572; x_wconf 87' lang='lat' dir='ltr'><strong>nec</strong></span> <span class='ocrx_word' id='word_1_520' title='bbox 2679 3517 2818 3572; x_wconf 86' lang='lat' dir='ltr'><strong>velis</strong></span> <span class='ocrx_word' id='word_1_521' title='bbox 2866 3517 3055 3572; x_wconf 88' lang='lat' dir='ltr'><strong>eodem</strong></span> <span class='ocrx_word' id='word_1_522' title='bbox 3106 3526 3385 3573; x_wconf 89' lang='lat' dir='ltr'><strong>momento</strong></span> 
     </span>
    </p>
   </div>
   <div class='ocr_carea' id='block_1_66' title="bbox 94 3581 1695 3678">
    <p class='ocr_par' dir='ltr' id='par_1_66' title="bbox 94 3581 1695 3677">
     <span class='ocr_line' id='line_1_66' title="bbox 94 3581 1695 3677; baseline -0.007 -12"><span class='ocrx_word' id='word_1_523' title='bbox 94 3581 432 3677; x_wconf 57' lang='grc' dir='ltr'>ἐξάγειν</span> <span class='ocrx_word' id='word_1_524' title='bbox 453 3581 543 3672; x_wconf 69' lang='grc' dir='ltr'><strong>είς</strong></span> <span class='ocrx_word' id='word_1_525' title='bbox 555 3604 844 3676; x_wconf 74' lang='grc' dir='ltr'>διαφοράν</span> <span class='ocrx_word' id='word_1_526' title='bbox 859 3603 905 3638; x_wconf 71' lang='grc'><strong>⁸¹</strong></span> <span class='ocrx_word' id='word_1_527' title='bbox 926 3623 943 3673; x_wconf 89' lang='lat'><strong>;</strong></span> <span class='ocrx_word' id='word_1_528' title='bbox 971 3581 1082 3658; x_wconf 67' lang='grc' dir='ltr'>Καί</span> <span class='ocrx_word' id='word_1_529' title='bbox 1097 3619 1113 3634; x_wconf 78' lang='grc'><strong>⁸</strong></span> <span class='ocrx_word' id='word_1_530' title='bbox 1146 3581 1333 3674; x_wconf 64' lang='grc' dir='ltr'><strong>Ἆμὴν</strong></span> <span class='ocrx_word' id='word_1_531' title='bbox 1351 3603 1508 3674; x_wconf 71' lang='grc' dir='ltr'>λέγω</span> <span class='ocrx_word' id='word_1_532' title='bbox 1530 3602 1695 3672; x_wconf 75' lang='grc' dir='ltr'>ἡμῖν,</span> 
     </span>
    </p>
   </div>
   <div class='ocr_carea' id='block_1_67' title="bbox 1797 3581 3380 3678">
    <p class='ocr_par' dir='ltr' id='par_1_67' title="bbox 1801 3581 3380 3678">
     <span class='ocr_line' id='line_1_67' title="bbox 1801 3581 3380 3678; baseline 0.003 -20"><span class='ocrx_word' id='word_1_533' title='bbox 1801 3605 1984 3659; x_wconf 86' lang='lat' dir='ltr'><strong>orbari</strong></span> <span class='ocrx_word' id='word_1_534' title='bbox 2015 3605 2231 3661; x_wconf 90' lang='lat' dir='ltr'><strong>duobus</strong></span> <span class='ocrx_word' id='word_1_535' title='bbox 2263 3581 2411 3672; x_wconf 44' lang='lat' dir='ltr'><strong>ﬁli-is,</strong></span> <span class='ocrx_word' id='word_1_536' title='bbox 2444 3606 2538 3677; x_wconf 92' lang='lat' dir='ltr'><strong>qui</strong></span> <span class='ocrx_word' id='word_1_537' title='bbox 2574 3616 2751 3662; x_wconf 88' lang='lat' dir='ltr'><strong>morte</strong></span> <span class='ocrx_word' id='word_1_538' title='bbox 2791 3607 2998 3678; x_wconf 88' lang='lat' dir='ltr'><strong>peccati</strong></span> <span class='ocrx_word' id='word_1_539' title='bbox 3050 3607 3380 3664; x_wconf 80' lang='lat' dir='ltr'><strong>afﬁciuntur.</strong></span> 
     </span>
    </p>
   </div>
   <div class='ocr_carea' id='block_1_68' title="bbox 93 3692 1698 3767">
    <p class='ocr_par' dir='ltr' id='par_1_68' title="bbox 93 3692 1698 3767">
     <span class='ocr_line' id='line_1_68' title="bbox 93 3692 1698 3767; baseline -0.005 -13"><span class='ocrx_word' id='word_1_540' title='bbox 93 3701 232 3755; x_wconf 69' lang='grc' dir='ltr'>οὐκ</span> <span class='ocrx_word' id='word_1_541' title='bbox 290 3694 426 3752; x_wconf 74' lang='grc' dir='ltr'>οῖδα</span> <span class='ocrx_word' id='word_1_542' title='bbox 469 3695 644 3767; x_wconf 82' lang='grc' dir='ltr'>ὑμᾶς,</span> <span class='ocrx_word' id='word_1_543' title='bbox 689 3695 778 3750; x_wconf 79' lang='grc' dir='ltr'>διὰ</span> <span class='ocrx_word' id='word_1_544' title='bbox 822 3695 884 3750; x_wconf 85' lang='grc' dir='ltr'><strong>τδ</strong></span> <span class='ocrx_word' id='word_1_545' title='bbox 929 3693 1220 3767; x_wconf 79' lang='grc' dir='ltr'>σϐεσθῆναι</span> <span class='ocrx_word' id='word_1_546' title='bbox 1267 3694 1368 3758; x_wconf 84' lang='grc' dir='ltr'>τὰς</span> <span class='ocrx_word' id='word_1_547' title='bbox 1408 3692 1698 3764; x_wconf 84' lang='grc' dir='ltr'>λαμπάδας</span> 
     </span>
    </p>
   </div>
   <div class='ocr_carea' id='block_1_69' title="bbox 97 3783 1702 3862">
    <p class='ocr_par' dir='ltr' id='par_1_69' title="bbox 97 3783 1702 3862">
     <span class='ocr_line' id='line_1_69' title="bbox 97 3783 1702 3862; baseline -0.004 -16"><span class='ocrx_word' id='word_1_548' title='bbox 97 3789 280 3862; x_wconf 81' lang='grc' dir='ltr'>ὑμῶν</span> <span class='ocrx_word' id='word_1_549' title='bbox 317 3789 497 3843; x_wconf 78' lang='grc' dir='ltr'>ἐλαίου</span> <span class='ocrx_word' id='word_1_550' title='bbox 523 3785 824 3856; x_wconf 73' lang='grc' dir='ltr'>λείψαντος.</span> <span class='ocrx_word' id='word_1_551' title='bbox 860 3785 971 3840; x_wconf 69' lang='grc' dir='ltr'>Καὶ</span> <span class='ocrx_word' id='word_1_552' title='bbox 1002 3784 1141 3857; x_wconf 84' lang='grc' dir='ltr'>μετὰ</span> <span class='ocrx_word' id='word_1_553' title='bbox 1169 3784 1270 3855; x_wconf 79' lang='grc' dir='ltr'>τὴν</span> <span class='ocrx_word' id='word_1_554' title='bbox 1301 3783 1465 3857; x_wconf 79' lang='grc' dir='ltr'>εὐχὴν</span> <span class='ocrx_word' id='word_1_555' title='bbox 1494 3785 1702 3857; x_wconf 83' lang='grc' dir='ltr'>ταύτην</span> 
     </span>
    </p>
   </div>
   <div class='ocr_carea' id='block_1_70' title="bbox 93 3875 1702 3954">
    <p class='ocr_par' dir='ltr' id='par_1_70' title="bbox 93 3875 1702 3954">
     <span class='ocr_line' id='line_1_70' title="bbox 93 3875 1702 3954; baseline -0.002 -18"><span class='ocrx_word' id='word_1_556' title='bbox 93 3881 494 3954; x_wconf 70' lang='grc' dir='ltr'>πραῦνθείσης</span> <span class='ocrx_word' id='word_1_557' title='bbox 523 3895 615 3931; x_wconf 90' lang='grc' dir='ltr'><strong>σου</strong></span> <span class='ocrx_word' id='word_1_558' title='bbox 656 3880 757 3950; x_wconf 87' lang='grc' dir='ltr'><strong>τῆς</strong></span> <span class='ocrx_word' id='word_1_559' title='bbox 786 3877 1032 3949; x_wconf 88' lang='grc' dir='ltr'>καρδίας,</span> <span class='ocrx_word' id='word_1_560' title='bbox 1056 3876 1279 3932; x_wconf 85' lang='grc' dir='ltr'>δύνασαι</span> <span class='ocrx_word' id='word_1_561' title='bbox 1326 3875 1511 3931; x_wconf 74' lang='grc' dir='ltr'>λοιπὸν</span> <span class='ocrx_word' id='word_1_562' title='bbox 1563 3876 1702 3950; x_wconf 87' lang='grc' dir='ltr'><strong>μετὰ</strong></span> 
     </span>
    </p>
   </div>
   <div class='ocr_carea' id='block_1_71' title="bbox 96 3967 1702 4042">
    <p class='ocr_par' dir='ltr' id='par_1_71' title="bbox 96 3967 1702 4042">
     <span class='ocr_line' id='line_1_71' title="bbox 96 3967 1702 4042; baseline -0.003 -13"><span class='ocrx_word' id='word_1_563' title='bbox 96 3973 396 4037; x_wconf 82' lang='grc' dir='ltr'>συνέσεως</span> <span class='ocrx_word' id='word_1_564' title='bbox 420 3971 668 4042; x_wconf 81' lang='grc' dir='ltr'>καρδίας,</span> <span class='ocrx_word' id='word_1_565' title='bbox 689 3968 831 4024; x_wconf 78' lang='grc' dir='ltr'>κατὰ</span> <span class='ocrx_word' id='word_1_566' title='bbox 854 3970 916 4023; x_wconf 87' lang='grc' dir='ltr'><strong>τδ</strong></span> <span class='ocrx_word' id='word_1_567' title='bbox 938 3968 1296 4023; x_wconf 82' lang='grc' dir='ltr'>ἀποστολικδν</span> <span class='ocrx_word' id='word_1_568' title='bbox 1330 3967 1702 4042; x_wconf 81' lang='grc' dir='ltr'>παράγγελμα</span> 
     </span>
    </p>
   </div>
   <div class='ocr_carea' id='block_1_72' title="bbox 92 4061 1703 4134">
    <p class='ocr_par' dir='ltr' id='par_1_72' title="bbox 92 4061 1703 4134">
     <span class='ocr_line' id='line_1_72' title="bbox 92 4061 1703 4134; baseline -0.002 -15"><span class='ocrx_word' id='word_1_569' title='bbox 92 4064 345 4134; x_wconf 72' lang='grc' dir='ltr'>ἐλέγξαι</span> <span class='ocrx_word' id='word_1_570' title='bbox 384 4064 480 4119; x_wconf 77' lang='grc' dir='ltr'>καὶ</span> <span class='ocrx_word' id='word_1_571' title='bbox 528 4063 872 4134; x_wconf 76' lang='grc' dir='ltr'>ἐπιτιμῆσαι,</span> <span class='ocrx_word' id='word_1_572' title='bbox 901 4062 998 4117; x_wconf 74' lang='grc' dir='ltr'>καὶ</span> <span class='ocrx_word' id='word_1_573' title='bbox 1051 4061 1191 4134; x_wconf 84' lang='grc' dir='ltr'>μετὰ</span> <span class='ocrx_word' id='word_1_574' title='bbox 1235 4061 1601 4133; x_wconf 81' lang='grc' dir='ltr'>συμπαθείας,</span> <span class='ocrx_word' id='word_1_575' title='bbox 1627 4062 1703 4126; x_wconf 83' lang='grc' dir='ltr'><strong>ὡς</strong></span> 
     </span>
    </p>
   </div>
   <div class='ocr_carea' id='block_1_73' title="bbox 94 4152 1702 4230">
    <p class='ocr_par' dir='ltr' id='par_1_73' title="bbox 94 4152 1702 4230">
     <span class='ocr_line' id='line_1_73' title="bbox 94 4152 1702 4230; baseline -0.001 -20"><span class='ocrx_word' id='word_1_576' title='bbox 94 4156 294 4230; x_wconf 76' lang='grc' dir='ltr'>μέλος</span> <span class='ocrx_word' id='word_1_577' title='bbox 341 4153 567 4219; x_wconf 82' lang='grc' dir='ltr'>ἀσθενὲς</span> <span class='ocrx_word' id='word_1_578' title='bbox 611 4152 947 4222; x_wconf 86' lang='grc' dir='ltr'>θεραπεῦσαι</span> <span class='ocrx_word' id='word_1_579' title='bbox 976 4153 1074 4208; x_wconf 80' lang='grc' dir='ltr'><strong>καὶ</strong></span> <span class='ocrx_word' id='word_1_580' title='bbox 1116 4153 1534 4226; x_wconf 84' lang='grc' dir='ltr'>διορθώσασθαι.</span> <span class='ocrx_word' id='word_1_581' title='bbox 1567 4155 1702 4209; x_wconf 82' lang='grc' dir='ltr'>Τότε</span> 
     </span>
    </p>
   </div>
   <div class='ocr_carea' id='block_1_74' title="bbox 89 4245 1706 4320">
    <p class='ocr_par' dir='ltr' id='par_1_74' title="bbox 89 4245 1706 4320">
     <span class='ocr_line' id='line_1_74' title="bbox 89 4245 1706 4320; baseline -0.001 -17"><span class='ocrx_word' id='word_1_582' title='bbox 89 4251 230 4320; x_wconf 78' lang='grc' dir='ltr'><strong>γὰρ</strong></span> <span class='ocrx_word' id='word_1_583' title='bbox 267 4248 362 4301; x_wconf 62' lang='grc' dir='ltr'><strong>καὶ⁵</strong></span> <span class='ocrx_word' id='word_1_584' title='bbox 392 4248 422 4300; x_wconf 91' lang='lat'><strong>6</strong></span> <span class='ocrx_word' id='word_1_585' title='bbox 453 4245 677 4316; x_wconf 79' lang='grc' dir='ltr'>ἀδελφὸς</span> <span class='ocrx_word' id='word_1_586' title='bbox 721 4245 1075 4316; x_wconf 83' lang='grc' dir='ltr'>καταδέχεται</span> <span class='ocrx_word' id='word_1_587' title='bbox 1107 4245 1208 4317; x_wconf 79' lang='grc' dir='ltr'>τὴν</span> <span class='ocrx_word' id='word_1_588' title='bbox 1249 4245 1532 4319; x_wconf 87' lang='grc' dir='ltr'>διόρθωσιν</span> <span class='ocrx_word' id='word_1_589' title='bbox 1566 4249 1706 4319; x_wconf 80' lang='grc' dir='ltr'>μετὰ</span> 
     </span>
    </p>
   </div>
   <div class='ocr_carea' id='block_1_75' title="bbox 92 4337 1700 4413">
    <p class='ocr_par' dir='ltr' id='par_1_75' title="bbox 92 4337 1700 4413">
     <span class='ocr_line' id='line_1_75' title="bbox 92 4337 1700 4413; baseline -0.002 -16"><span class='ocrx_word' id='word_1_590' title='bbox 92 4341 525 4413; x_wconf 78' lang='grc' dir='ltr'>πληροφορίας,</span> <span class='ocrx_word' id='word_1_591' title='bbox 554 4339 860 4408; x_wconf 84' lang='grc' dir='ltr'>καταγνοὺς</span> <span class='ocrx_word' id='word_1_592' title='bbox 884 4337 1078 4392; x_wconf 77' lang='grc' dir='ltr'>ἑαυτοῦ</span> <span class='ocrx_word' id='word_1_593' title='bbox 1113 4338 1210 4393; x_wconf 72' lang='grc' dir='ltr'><strong>ἐπὶ</strong></span> <span class='ocrx_word' id='word_1_594' title='bbox 1234 4342 1301 4410; x_wconf 83' lang='grc' dir='ltr'>τῇ</span> <span class='ocrx_word' id='word_1_595' title='bbox 1334 4339 1662 4412; x_wconf 79' lang='grc' dir='ltr'>σκληρότητι</span> <span class='ocrx_word' id='word_1_596' title='bbox 1685 4357 1700 4371; x_wconf 77' lang='grc' dir='ltr'><strong>ο</strong></span> 
     </span>
    </p>
   </div>
   <div class='ocr_carea' id='block_1_76' title="bbox 88 4430 1708 4504">
    <p class='ocr_par' dir='ltr' id='par_1_76' title="bbox 88 4430 1708 4504">
     <span class='ocr_line' id='line_1_76' title="bbox 88 4430 1708 4504; baseline -0.002 -13"><span class='ocrx_word' id='word_1_597' title='bbox 88 4437 212 4491; x_wconf 70' lang='grc' dir='ltr'>καὶ</span> <span class='ocrx_word' id='word_1_598' title='bbox 233 4433 438 4503; x_wconf 81' lang='grc' dir='ltr'>διὰτῆς</span> <span class='ocrx_word' id='word_1_599' title='bbox 454 4430 1020 4504; x_wconf 72' lang='grc' dir='ltr'>είρήνηςείρηνεύσεις</span> <span class='ocrx_word' id='word_1_600' title='bbox 1036 4430 1134 4502; x_wconf 79' lang='grc' dir='ltr'><strong>τὴν</strong></span> <span class='ocrx_word' id='word_1_601' title='bbox 1145 4431 1310 4485; x_wconf 77' lang='grc' dir='ltr'>αὑτοῦ</span> <span class='ocrx_word' id='word_1_602' title='bbox 1327 4431 1571 4504; x_wconf 83' lang='grc' dir='ltr'>καρδίαν.</span> <span class='ocrx_word' id='word_1_603' title='bbox 1585 4434 1677 4504; x_wconf 87' lang='grc' dir='ltr'>Μη</span> <span class='ocrx_word' id='word_1_604' title='bbox 1690 4464 1708 4474; x_wconf 87' lang='grc'><strong>--</strong></span> 
     </span>
    </p>
   </div>
   <div class='ocr_carea' id='block_1_77' title="bbox 86 4522 1708 4597">
    <p class='ocr_par' dir='ltr' id='par_1_77' title="bbox 86 4522 1708 4597">
     <span class='ocr_line' id='line_1_77' title="bbox 86 4522 1708 4597; baseline -0.002 -14"><span class='ocrx_word' id='word_1_605' title='bbox 86 4529 202 4583; x_wconf 77' lang='grc' dir='ltr'>δὲν</span> <span class='ocrx_word' id='word_1_606' title='bbox 226 4525 418 4580; x_wconf 79' lang='grc' dir='ltr'>τοίνυν</span> <span class='ocrx_word' id='word_1_607' title='bbox 437 4524 718 4596; x_wconf 80' lang='grc' dir='ltr'><strong>χωριζέτω</strong></span> <span class='ocrx_word' id='word_1_608' title='bbox 735 4540 795 4577; x_wconf 85' lang='grc' dir='ltr'><strong>σε</strong></span> <span class='ocrx_word' id='word_1_609' title='bbox 805 4523 905 4594; x_wconf 86' lang='grc' dir='ltr'><strong>τῆς</strong></span> <span class='ocrx_word' id='word_1_610' title='bbox 927 4522 1086 4592; x_wconf 85' lang='grc' dir='ltr'>ἁγίας</span> <span class='ocrx_word' id='word_1_611' title='bbox 1104 4523 1197 4578; x_wconf 86' lang='grc' dir='ltr'><strong>τοῦ</strong></span> <span class='ocrx_word' id='word_1_612' title='bbox 1216 4523 1454 4596; x_wconf 86' lang='grc' dir='ltr'>Χριστοῦ</span> <span class='ocrx_word' id='word_1_613' title='bbox 1473 4525 1708 4597; x_wconf 83' lang='grc' dir='ltr'>παραδό-</span> 
     </span>
    </p>
   </div>
   <div class='ocr_carea' id='block_1_78' title="bbox 88 4613 1709 4686">
    <p class='ocr_par' dir='ltr' id='par_1_78' title="bbox 88 4613 1709 4686">
     <span class='ocr_line' id='line_1_78' title="bbox 88 4613 1709 4686; baseline -0.005 -9"><span class='ocrx_word' id='word_1_614' title='bbox 88 4637 270 4683; x_wconf 81' lang='grc' dir='ltr'>σεως</span> <span class='ocrx_word' id='word_1_615' title='bbox 286 4636 302 4651; x_wconf 90' lang='grc'><strong>·</strong></span> <span class='ocrx_word' id='word_1_616' title='bbox 327 4617 558 4674; x_wconf 79' lang='grc' dir='ltr'>ΙΙάΟετε</span> <span class='ocrx_word' id='word_1_617' title='bbox 577 4616 679 4673; x_wconf 70' lang='grc' dir='ltr'><strong>ἀπ’</strong></span> <span class='ocrx_word' id='word_1_618' title='bbox 697 4615 843 4686; x_wconf 82' lang='grc' dir='ltr'>ἐμοῦ</span> <span class='ocrx_word' id='word_1_619' title='bbox 863 4615 951 4669; x_wconf 86' lang='grc' dir='ltr'>ὅτι</span> <span class='ocrx_word' id='word_1_620' title='bbox 965 4613 1156 4683; x_wconf 78' lang='grc' dir='ltr'>πρᾶός</span> <span class='ocrx_word' id='word_1_621' title='bbox 1172 4621 1287 4686; x_wconf 81' lang='grc' dir='ltr'>ειμι</span> <span class='ocrx_word' id='word_1_622' title='bbox 1308 4615 1406 4670; x_wconf 73' lang='grc' dir='ltr'><strong>καί</strong></span> <span class='ocrx_word' id='word_1_623' title='bbox 1430 4616 1709 4683; x_wconf 79' lang='grc' dir='ltr'>ταπεινὸς</span> 
     </span>
    </p>
   </div>
   <div class='ocr_carea' id='block_1_79' title="bbox 83 4706 1709 4783">
    <p class='ocr_par' dir='ltr' id='par_1_79' title="bbox 83 4706 1709 4783">
     <span class='ocr_line' id='line_1_79' title="bbox 83 4706 1709 4783; baseline -0.002 -18"><span class='ocrx_word' id='word_1_624' title='bbox 83 4713 187 4783; x_wconf 73' lang='grc' dir='ltr'><strong>τῇ</strong></span> <span class='ocrx_word' id='word_1_625' title='bbox 223 4709 470 4778; x_wconf 77' lang='grc' dir='ltr'>καρδίᾳ.</span> <span class='ocrx_word' id='word_1_626' title='bbox 489 4707 892 4780; x_wconf 72' lang='grc' dir='ltr'>Ἐπιμελιῖσθαι</span> <span class='ocrx_word' id='word_1_627' title='bbox 919 4706 1028 4779; x_wconf 85' lang='grc' dir='ltr'>γὰρ</span> <span class='ocrx_word' id='word_1_628' title='bbox 1055 4707 1162 4777; x_wconf 82' lang='grc' dir='ltr'><strong>χρὴ</strong></span> <span class='ocrx_word' id='word_1_629' title='bbox 1192 4707 1406 4779; x_wconf 82' lang='grc' dir='ltr'>πρῶτον</span> <span class='ocrx_word' id='word_1_630' title='bbox 1427 4709 1709 4780; x_wconf 84' lang='grc' dir='ltr'>εἰρηνικῆς</span> 
     </span>
    </p>
   </div>
   <div class='ocr_carea' id='block_1_80' title="bbox 1798 3695 3384 3772">
    <p class='ocr_par' dir='ltr' id='par_1_80' title="bbox 1798 3695 3384 3772">
     <span class='ocr_line' id='line_1_80' title="bbox 1798 3695 3384 3772; baseline 0.003 -22"><span class='ocrx_word' id='word_1_631' title='bbox 1798 3695 1877 3752; x_wconf 84' lang='lat' dir='ltr'><strong>Nc</strong></span> <span class='ocrx_word' id='word_1_632' title='bbox 1902 3697 2053 3754; x_wconf 88' lang='lat' dir='ltr'><strong>dicas</strong></span> <span class='ocrx_word' id='word_1_633' title='bbox 2086 3699 2243 3754; x_wconf 90' lang='lat' dir='ltr'><strong>nobis</strong></span> <span class='ocrx_word' id='word_1_634' title='bbox 2271 3718 2283 3754; x_wconf 97' lang='lat'>:</span> <span class='ocrx_word' id='word_1_635' title='bbox 2316 3699 2450 3766; x_wconf 66' lang='lat' dir='ltr'><strong>Qum</strong></span> <span class='ocrx_word' id='word_1_636' title='bbox 2478 3700 2687 3756; x_wconf 77' lang='lat' dir='ltr'><strong>utilitas</strong></span> <span class='ocrx_word' id='word_1_637' title='bbox 2718 3702 2774 3755; x_wconf 84' lang='lat' dir='ltr'><strong>in</strong></span> <span class='ocrx_word' id='word_1_638' title='bbox 2801 3703 3059 3772; x_wconf 80' lang='lat' dir='ltr'><strong>sanguine</strong></span> <span class='ocrx_word' id='word_1_639' title='bbox 3089 3719 3222 3766; x_wconf 73' lang='lat' dir='ltr'><strong>meo,</strong></span> <span class='ocrx_word' id='word_1_640' title='bbox 3256 3703 3384 3755; x_wconf 85' lang='lat' dir='ltr'><strong>dum</strong></span> 
     </span>
    </p>
   </div>
   <div class='ocr_carea' id='block_1_81' title="bbox 1799 3791 3382 3860">
    <p class='ocr_par' dir='ltr' id='par_1_81' title="bbox 1799 3791 3382 3860">
     <span class='ocr_line' id='line_1_81' title="bbox 1799 3791 3382 3860; baseline 0.002 -17"><span class='ocrx_word' id='word_1_641' title='bbox 1799 3791 2052 3844; x_wconf 74' lang='lat' dir='ltr'><strong>descendo</strong></span> <span class='ocrx_word' id='word_1_642' title='bbox 2087 3791 2139 3844; x_wconf 81' lang='lat' dir='ltr'><strong>in</strong></span> <span class='ocrx_word' id='word_1_643' title='bbox 2189 3792 2577 3860; x_wconf 79' lang='lat' dir='ltr'><strong>corruptionem</strong></span> <span class='ocrx_word' id='word_1_644' title='bbox 2601 3791 2642 3846; x_wconf 78' lang='lat'><strong>‘?</strong></span> <span class='ocrx_word' id='word_1_645' title='bbox 2701 3791 2768 3848; x_wconf 85' lang='lat' dir='ltr'><strong>Et</strong></span> <span class='ocrx_word' id='word_1_646' title='bbox 2802 3811 2816 3847; x_wconf 91' lang='lat'><strong>:</strong></span> <span class='ocrx_word' id='word_1_647' title='bbox 2854 3793 3019 3848; x_wconf 77' lang='lat' dir='ltr'><strong>Amen</strong></span> <span class='ocrx_word' id='word_1_648' title='bbox 3065 3794 3185 3848; x_wconf 82' lang='lat' dir='ltr'><strong>dico</strong></span> <span class='ocrx_word' id='word_1_649' title='bbox 3217 3794 3382 3860; x_wconf 80' lang='lat' dir='ltr'><strong>vobis,</strong></span> 
     </span>
    </p>
   </div>
   <div class='ocr_carea' id='block_1_82' title="bbox 1801 3883 3386 3955">
    <p class='ocr_par' dir='ltr' id='par_1_82' title="bbox 1801 3883 3386 3955">
     <span class='ocr_line' id='line_1_82' title="bbox 1801 3883 3386 3955; baseline 0.003 -18"><span class='ocrx_word' id='word_1_650' title='bbox 1801 3883 1973 3938; x_wconf 83' lang='lat' dir='ltr'><strong>nescio</strong></span> <span class='ocrx_word' id='word_1_651' title='bbox 2006 3899 2095 3938; x_wconf 77' lang='lat' dir='ltr'><strong>vos</strong></span> <span class='ocrx_word' id='word_1_652' title='bbox 2110 3895 2180 3940; x_wconf 75' lang='grc' dir='ltr'><strong>ωε</strong></span> <span class='ocrx_word' id='word_1_653' title='bbox 2217 3884 2286 3940; x_wconf 92' lang='lat' dir='ltr'><strong>ob</strong></span> <span class='ocrx_word' id='word_1_654' title='bbox 2310 3884 2590 3955; x_wconf 88' lang='lat' dir='ltr'><strong>lampades</strong></span> <span class='ocrx_word' id='word_1_655' title='bbox 2613 3884 2822 3941; x_wconf 88' lang='lat' dir='ltr'><strong>scilicet</strong></span> <span class='ocrx_word' id='word_1_656' title='bbox 2849 3895 3061 3942; x_wconf 84' lang='lat' dir='ltr'><strong>vestras</strong></span> <span class='ocrx_word' id='word_1_657' title='bbox 3084 3886 3386 3943; x_wconf 85' lang='lat' dir='ltr'><strong>exstinctas</strong></span> 
     </span>
    </p>
   </div>
   <div class='ocr_carea' id='block_1_83' title="bbox 1801 3976 3388 4048">
    <p class='ocr_par' dir='ltr' id='par_1_83' title="bbox 1801 3976 3388 4048">
     <span class='ocr_line' id='line_1_83' title="bbox 1801 3976 3388 4048; baseline 0.004 -17"><span class='ocrx_word' id='word_1_658' title='bbox 1801 3977 1924 4032; x_wconf 91' lang='lat' dir='ltr'><strong>oleo</strong></span> <span class='ocrx_word' id='word_1_659' title='bbox 1962 3976 2264 4032; x_wconf 88' lang='lat' dir='ltr'><strong>deﬁciente.</strong></span> <span class='ocrx_word' id='word_1_660' title='bbox 2315 3978 2445 4034; x_wconf 87' lang='lat' dir='ltr'><strong>Post</strong></span> <span class='ocrx_word' id='word_1_661' title='bbox 2486 3977 2864 4048; x_wconf 85' lang='lat' dir='ltr'><strong>hujuscemodi</strong></span> <span class='ocrx_word' id='word_1_662' title='bbox 2905 3979 3208 4036; x_wconf 88' lang='lat' dir='ltr'><strong>orationem</strong></span> <span class='ocrx_word' id='word_1_663' title='bbox 3253 3983 3388 4037; x_wconf 83' lang='lat' dir='ltr'><strong>red-</strong></span> 
     </span>
    </p>
   </div>
   <div class='ocr_carea' id='block_1_84' title="bbox 1799 4069 3386 4145">
    <p class='ocr_par' dir='ltr' id='par_1_84' title="bbox 1799 4069 3386 4145">
     <span class='ocr_line' id='line_1_84' title="bbox 1799 4069 3386 4145; baseline 0.003 -19"><span class='ocrx_word' id='word_1_664' title='bbox 1799 4079 1962 4126; x_wconf 87' lang='lat' dir='ltr'><strong>eunte</strong></span> <span class='ocrx_word' id='word_1_665' title='bbox 2005 4069 2394 4140; x_wconf 86' lang='lat' dir='ltr'><strong>tranquillitate</strong></span> <span class='ocrx_word' id='word_1_666' title='bbox 2443 4080 2500 4126; x_wconf 87' lang='lat' dir='ltr'><strong>et</strong></span> <span class='ocrx_word' id='word_1_667' title='bbox 2550 4080 2970 4129; x_wconf 84' lang='lat' dir='ltr'><strong>mansuescente</strong></span> <span class='ocrx_word' id='word_1_668' title='bbox 3019 4073 3185 4129; x_wconf 86' lang='lat' dir='ltr'><strong>corde</strong></span> <span class='ocrx_word' id='word_1_669' title='bbox 3229 4085 3386 4145; x_wconf 84' lang='lat' dir='ltr'><strong>potes</strong></span> 
     </span>
    </p>
   </div>
   <div class='ocr_carea' id='block_1_85' title="bbox 1802 4161 3386 4233">
    <p class='ocr_par' dir='ltr' id='par_1_85' title="bbox 1802 4161 3386 4233">
     <span class='ocr_line' id='line_1_85' title="bbox 1802 4161 3386 4233; baseline 0.003 -16"><span class='ocrx_word' id='word_1_670' title='bbox 1802 4163 2060 4233; x_wconf 86' lang='lat' dir='ltr'><strong>deinceps</strong></span> <span class='ocrx_word' id='word_1_671' title='bbox 2092 4178 2218 4218; x_wconf 89' lang='lat' dir='ltr'><strong>cum</strong></span> <span class='ocrx_word' id='word_1_672' title='bbox 2250 4161 2538 4232; x_wconf 84' lang='lat' dir='ltr'><strong>prudentia</strong></span> <span class='ocrx_word' id='word_1_673' title='bbox 2573 4171 2629 4219; x_wconf 91' lang='lat' dir='ltr'><strong>et</strong></span> <span class='ocrx_word' id='word_1_674' title='bbox 2655 4163 2967 4220; x_wconf 85' lang='lat' dir='ltr'><strong>humilitate</strong></span> <span class='ocrx_word' id='word_1_675' title='bbox 2995 4165 3203 4231; x_wconf 90' lang='lat' dir='ltr'><strong>cordis,</strong></span> <span class='ocrx_word' id='word_1_676' title='bbox 3229 4165 3386 4233; x_wconf 77' lang='lat' dir='ltr'><strong>juxta</strong></span> 
     </span>
    </p>
   </div>
   <div class='ocr_carea' id='block_1_86' title="bbox 1803 4254 3390 4328">
    <p class='ocr_par' dir='ltr' id='par_1_86' title="bbox 1803 4254 3390 4328">
     <span class='ocr_line' id='line_1_86' title="bbox 1803 4254 3390 4328; baseline 0.003 -19"><span class='ocrx_word' id='word_1_677' title='bbox 1803 4265 2130 4328; x_wconf 62' lang='lat' dir='ltr'><strong>preceptutn</strong></span> <span class='ocrx_word' id='word_1_678' title='bbox 2166 4254 2528 4324; x_wconf 89' lang='lat' dir='ltr'><strong>apostolicum</strong></span> <span class='ocrx_word' id='word_1_679' title='bbox 2548 4264 2578 4294; x_wconf 82' lang='grc' dir='ltr'>ιι</span> <span class='ocrx_word' id='word_1_680' title='bbox 2615 4271 2867 4327; x_wconf 88' lang='lat' dir='ltr'><strong>arguere,</strong></span> <span class='ocrx_word' id='word_1_681' title='bbox 2895 4256 3202 4328; x_wconf 89' lang='lat' dir='ltr'><strong>increpare,</strong></span> <span class='ocrx_word' id='word_1_682' title='bbox 3231 4258 3390 4314; x_wconf 80' lang='lat' dir='ltr'><strong>obsc-</strong></span> 
     </span>
    </p>
   </div>
   <div class='ocr_carea' id='block_1_87' title="bbox 1804 4345 3384 4413">
    <p class='ocr_par' dir='ltr' id='par_1_87' title="bbox 1804 4345 3384 4413">
     <span class='ocr_line' id='line_1_87' title="bbox 1804 4345 3384 4413; baseline 0 -10"><span class='ocrx_word' id='word_1_683' title='bbox 1804 4362 1979 4413; x_wconf 86' lang='lat' dir='ltr'><strong>crare,</strong></span> <span class='ocrx_word' id='word_1_684' title='bbox 2009 4356 2216 4401; x_wconf 90' lang='lat' dir='ltr'><strong>etcum</strong></span> <span class='ocrx_word' id='word_1_685' title='bbox 2251 4345 2625 4403; x_wconf 82' lang='lat' dir='ltr'><strong>misericordia</strong></span> <span class='ocrx_word' id='word_1_686' title='bbox 2662 4356 2724 4402; x_wconf 91' lang='lat' dir='ltr'><strong>ut</strong></span> <span class='ocrx_word' id='word_1_687' title='bbox 2758 4346 3037 4403; x_wconf 90' lang='lat' dir='ltr'><strong>inﬁrmum</strong></span> <span class='ocrx_word' id='word_1_688' title='bbox 3077 4349 3384 4404; x_wconf 87' lang='lat' dir='ltr'><strong>membrum</strong></span> 
     </span>
    </p>
   </div>
   <div class='ocr_carea' id='block_1_88' title="bbox 1805 4435 3386 4509">
    <p class='ocr_par' dir='ltr' id='par_1_88' title="bbox 1805 4435 3386 4509">
     <span class='ocr_line' id='line_1_88' title="bbox 1805 4435 3386 4509; baseline 0.001 -18"><span class='ocrx_word' id='word_1_689' title='bbox 1805 4452 1999 4492; x_wconf 86' lang='lat' dir='ltr'><strong>curare</strong></span> <span class='ocrx_word' id='word_1_690' title='bbox 2026 4447 2080 4490; x_wconf 90' lang='lat' dir='ltr'><strong>et</strong></span> <span class='ocrx_word' id='word_1_691' title='bbox 2104 4437 2335 4508; x_wconf 90' lang='lat' dir='ltr'><strong>erigere.</strong></span> <span class='ocrx_word' id='word_1_692' title='bbox 2365 4435 2519 4492; x_wconf 90' lang='lat' dir='ltr'><strong>Tunc</strong></span> <span class='ocrx_word' id='word_1_693' title='bbox 2541 4436 2687 4492; x_wconf 90' lang='lat' dir='ltr'><strong>enim</strong></span> <span class='ocrx_word' id='word_1_694' title='bbox 2715 4446 2770 4492; x_wconf 89' lang='lat' dir='ltr'><strong>et</strong></span> <span class='ocrx_word' id='word_1_695' title='bbox 2791 4437 2960 4493; x_wconf 89' lang='lat' dir='ltr'><strong>frater</strong></span> <span class='ocrx_word' id='word_1_696' title='bbox 2986 4439 3386 4509; x_wconf 89' lang='lat' dir='ltr'><strong>correptionem</strong></span> 
     </span>
    </p>
   </div>
   <div class='ocr_carea' id='block_1_89' title="bbox 1807 4523 3390 4597">
    <p class='ocr_par' dir='ltr' id='par_1_89' title="bbox 1807 4523 3390 4597">
     <span class='ocr_line' id='line_1_89' title="bbox 1807 4523 3390 4597; baseline 0 -19"><span class='ocrx_word' id='word_1_697' title='bbox 1807 4533 1956 4578; x_wconf 90' lang='lat' dir='ltr'><strong>tuam</strong></span> <span class='ocrx_word' id='word_1_698' title='bbox 1987 4524 2238 4579; x_wconf 87' lang='lat' dir='ltr'><strong>admittet</strong></span> <span class='ocrx_word' id='word_1_699' title='bbox 2269 4540 2394 4580; x_wconf 90' lang='lat' dir='ltr'><strong>cum</strong></span> <span class='ocrx_word' id='word_1_700' title='bbox 2426 4523 2625 4580; x_wconf 88' lang='lat' dir='ltr'><strong>ﬁducia</strong></span> <span class='ocrx_word' id='word_1_701' title='bbox 2659 4535 2713 4580; x_wconf 90' lang='lat' dir='ltr'><strong>et</strong></span> <span class='ocrx_word' id='word_1_702' title='bbox 2743 4524 3100 4597; x_wconf 84' lang='lat' dir='ltr'><strong>persuasione</strong></span> <span class='ocrx_word' id='word_1_703' title='bbox 3132 4535 3304 4593; x_wconf 88' lang='lat' dir='ltr'><strong>certa,</strong></span> <span class='ocrx_word' id='word_1_704' title='bbox 3337 4538 3390 4578; x_wconf 72' lang='grc' dir='ltr'>«ιι</span> 
     </span>
    </p>
   </div>
   <div class='ocr_carea' id='block_1_90' title="bbox 1808 4616 3385 4688">
    <p class='ocr_par' dir='ltr' id='par_1_90' title="bbox 1808 4616 3385 4688">
     <span class='ocr_line' id='line_1_90' title="bbox 1808 4616 3385 4688; baseline 0 -17"><span class='ocrx_word' id='word_1_705' title='bbox 1808 4617 2047 4685; x_wconf 86' lang='lat' dir='ltr'><strong>seipsum</strong></span> <span class='ocrx_word' id='word_1_706' title='bbox 2079 4631 2203 4671; x_wconf 90' lang='lat' dir='ltr'><strong>cum</strong></span> <span class='ocrx_word' id='word_1_707' title='bbox 2232 4616 2524 4687; x_wconf 88' lang='lat' dir='ltr'><strong>asperitate</strong></span> <span class='ocrx_word' id='word_1_708' title='bbox 2557 4625 2836 4688; x_wconf 89' lang='lat' dir='ltr'><strong>coarguet,</strong></span> <span class='ocrx_word' id='word_1_709' title='bbox 2884 4617 3074 4688; x_wconf 91' lang='lat' dir='ltr'><strong>sicque</strong></span> <span class='ocrx_word' id='word_1_710' title='bbox 3119 4633 3254 4686; x_wconf 88' lang='lat' dir='ltr'><strong>pace</strong></span> <span class='ocrx_word' id='word_1_711' title='bbox 3298 4629 3385 4671; x_wconf 86' lang='lat' dir='ltr'><strong>tua</strong></span> 
     </span>
    </p>
   </div>
   <div class='ocr_carea' id='block_1_91' title="bbox 1809 4704 3386 4777">
    <p class='ocr_par' dir='ltr' id='par_1_91' title="bbox 1809 4704 3386 4777">
     <span class='ocr_line' id='line_1_91' title="bbox 1809 4704 3386 4777; baseline -0.002 -16"><span class='ocrx_word' id='word_1_712' title='bbox 1809 4722 1994 4777; x_wconf 89' lang='lat' dir='ltr'><strong>pacem</strong></span> <span class='ocrx_word' id='word_1_713' title='bbox 2024 4705 2180 4760; x_wconf 89' lang='lat' dir='ltr'><strong>dabis</strong></span> <span class='ocrx_word' id='word_1_714' title='bbox 2203 4704 2356 4760; x_wconf 86' lang='lat' dir='ltr'><strong>fratri</strong></span> <span class='ocrx_word' id='word_1_715' title='bbox 2384 4717 2437 4762; x_wconf 92' lang='lat' dir='ltr'><strong>et</strong></span> <span class='ocrx_word' id='word_1_716' title='bbox 2459 4721 2556 4762; x_wconf 87' lang='lat' dir='ltr'><strong>cor</strong></span> <span class='ocrx_word' id='word_1_717' title='bbox 2575 4705 2692 4774; x_wconf 81' lang='lat' dir='ltr'><strong>eius</strong></span> <span class='ocrx_word' id='word_1_718' title='bbox 2717 4706 3068 4762; x_wconf 82' lang='lat' dir='ltr'><strong>cxhilarabis.</strong></span> <span class='ocrx_word' id='word_1_719' title='bbox 3095 4705 3386 4776; x_wconf 87' lang='lat' dir='ltr'><strong>Nunquam</strong></span> 
     </span>
    </p>
   </div>
   <div class='ocr_carea' id='block_1_92' title="bbox 85 4798 1695 4872">
    <p class='ocr_par' dir='ltr' id='par_1_92' title="bbox 85 4798 1695 4871">
     <span class='ocr_line' id='line_1_92' title="bbox 85 4798 1695 4871; baseline -0.004 -13"><span class='ocrx_word' id='word_1_720' title='bbox 85 4800 546 4864; x_wconf 76' lang='grc' dir='ltr'>καταστάσεως,</span> <span class='ocrx_word' id='word_1_721' title='bbox 564 4799 704 4854; x_wconf 85' lang='grc' dir='ltr'>ὥστε</span> <span class='ocrx_word' id='word_1_722' title='bbox 735 4799 870 4871; x_wconf 76' lang='grc' dir='ltr'>μηδὲ</span> <span class='ocrx_word' id='word_1_723' title='bbox 907 4799 999 4852; x_wconf 77' lang='grc' dir='ltr'><strong>ἐπὶ</strong></span> <span class='ocrx_word' id='word_1_724' title='bbox 1016 4798 1250 4863; x_wconf 86' lang='grc' dir='ltr'>δικαίαις</span> <span class='ocrx_word' id='word_1_725' title='bbox 1291 4799 1695 4871; x_wconf 70' lang='grc' dir='ltr'>προφάσεσιν,ῆ</span> 
     </span>
    </p>
   </div>
   <div class='ocr_carea' id='block_1_93' title="bbox 1797 4798 3388 4872">
    <p class='ocr_par' dir='ltr' id='par_1_93' title="bbox 1809 4798 3388 4856">
     <span class='ocr_line' id='line_1_93' title="bbox 1809 4798 3388 4856; baseline -0.003 -1"><span class='ocrx_word' id='word_1_726' title='bbox 1809 4816 1839 4855; x_wconf 89' lang='lat' dir='ltr'><strong>a</strong></span> <span class='ocrx_word' id='word_1_727' title='bbox 1870 4809 1922 4854; x_wconf 89' lang='lat' dir='ltr'><strong>te</strong></span> <span class='ocrx_word' id='word_1_728' title='bbox 1948 4798 2193 4854; x_wconf 87' lang='lat' dir='ltr'><strong>discedat</strong></span> <span class='ocrx_word' id='word_1_729' title='bbox 2223 4810 2408 4855; x_wconf 86' lang='lat' dir='ltr'><strong>sancta</strong></span> <span class='ocrx_word' id='word_1_730' title='bbox 2437 4799 2528 4854; x_wconf 88' lang='lat' dir='ltr'><strong>illa</strong></span> <span class='ocrx_word' id='word_1_731' title='bbox 2565 4799 2772 4856; x_wconf 80' lang='lat' dir='ltr'><strong>Christi</strong></span> <span class='ocrx_word' id='word_1_732' title='bbox 2803 4799 3052 4856; x_wconf 90' lang='lat' dir='ltr'><strong>doctrina</strong></span> <span class='ocrx_word' id='word_1_733' title='bbox 3081 4818 3096 4854; x_wconf 91' lang='lat'><strong>:</strong></span> <span class='ocrx_word' id='word_1_734' title='bbox 3128 4798 3328 4853; x_wconf 81' lang='lat' dir='ltr'><strong>Discite</strong></span> <span class='ocrx_word' id='word_1_735' title='bbox 3356 4817 3388 4850; x_wconf 79' lang='grc' dir='ltr'><strong>ιι</strong></span> 
     </span>
    </p>
   </div>
   <div class='ocr_carea' id='block_1_94' title="bbox 85 4888 1695 4965">
    <p class='ocr_par' dir='ltr' id='par_1_94' title="bbox 85 4891 1695 4965">
     <span class='ocr_line' id='line_1_94' title="bbox 85 4891 1695 4965; baseline -0.002 -15"><span class='ocrx_word' id='word_1_736' title='bbox 85 4893 356 4965; x_wconf 71' lang='grc' dir='ltr'>ἐντολῆς</span> <span class='ocrx_word' id='word_1_737' title='bbox 371 4892 530 4964; x_wconf 83' lang='grc' dir='ltr'>δῆθεν</span> <span class='ocrx_word' id='word_1_738' title='bbox 548 4893 706 4963; x_wconf 87' lang='grc' dir='ltr'>χάριν</span> <span class='ocrx_word' id='word_1_739' title='bbox 722 4893 824 4963; x_wconf 81' lang='grc' dir='ltr'><strong>τὴν</strong></span> <span class='ocrx_word' id='word_1_740' title='bbox 843 4893 1070 4964; x_wconf 87' lang='grc' dir='ltr'>καρδίαν</span> <span class='ocrx_word' id='word_1_741' title='bbox 1090 4891 1296 4959; x_wconf 85' lang='grc' dir='ltr'>θολοῦν,</span> <span class='ocrx_word' id='word_1_742' title='bbox 1310 4893 1695 4964; x_wconf 76' lang='grc' dir='ltr'>πεπεισμένους</span> 
     </span>
    </p>
   </div>
   <div class='ocr_carea' id='block_1_95' title="bbox 1797 4888 3389 4965">
    <p class='ocr_par' dir='ltr' id='par_1_95' title="bbox 1812 4888 3389 4961">
     <span class='ocr_line' id='line_1_95' title="bbox 1812 4888 3389 4961; baseline -0.002 -16"><span class='ocrx_word' id='word_1_743' title='bbox 1812 4908 1893 4946; x_wconf 78' lang='lat' dir='ltr'><strong>me</strong></span> <span class='ocrx_word' id='word_1_744' title='bbox 1940 4891 2066 4961; x_wconf 85' lang='lat' dir='ltr'><strong>quia</strong></span> <span class='ocrx_word' id='word_1_745' title='bbox 2096 4890 2240 4944; x_wconf 82' lang='lat' dir='ltr'><strong>mitis</strong></span> <span class='ocrx_word' id='word_1_746' title='bbox 2267 4907 2386 4944; x_wconf 84' lang='lat' dir='ltr'><strong>sum</strong></span> <span class='ocrx_word' id='word_1_747' title='bbox 2412 4899 2462 4944; x_wconf 82' lang='lat' dir='ltr'><strong>et</strong></span> <span class='ocrx_word' id='word_1_748' title='bbox 2493 4890 2708 4945; x_wconf 75' lang='lat' dir='ltr'><strong>Immitis</strong></span> <span class='ocrx_word' id='word_1_749' title='bbox 2739 4891 2895 4945; x_wconf 83' lang='lat' dir='ltr'><strong>corde</strong></span> <span class='ocrx_word' id='word_1_750' title='bbox 2915 4899 2964 4946; x_wconf 88' lang='lat'><strong>°.</strong></span> <span class='ocrx_word' id='word_1_751' title='bbox 2998 4888 3056 4946; x_wconf 87' lang='lat' dir='ltr'><strong>In</strong></span> <span class='ocrx_word' id='word_1_752' title='bbox 3087 4889 3389 4960; x_wconf 88' lang='lat' dir='ltr'><strong>primisque</strong></span> 
     </span>
    </p>
   </div>
   <div class='ocr_carea' id='block_1_96' title="bbox 82 4979 1695 5057">
    <p class='ocr_par' dir='ltr' id='par_1_96' title="bbox 82 4984 1695 5057">
     <span class='ocr_line' id='line_1_96' title="bbox 82 4984 1695 5057; baseline -0.002 -14"><span class='ocrx_word' id='word_1_753' title='bbox 82 4990 182 5052; x_wconf 80' lang='grc' dir='ltr'>ὡς</span> <span class='ocrx_word' id='word_1_754' title='bbox 223 4985 421 5048; x_wconf 85' lang='grc' dir='ltr'>πάσας</span> <span class='ocrx_word' id='word_1_755' title='bbox 441 4985 535 5048; x_wconf 74' lang='grc' dir='ltr'>τὰς</span> <span class='ocrx_word' id='word_1_756' title='bbox 556 4984 774 5049; x_wconf 68' lang='grc' dir='ltr'>ἐντολὰς</span> <span class='ocrx_word' id='word_1_757' title='bbox 799 4985 1189 5057; x_wconf 70' lang='grc' dir='ltr'>ἐπιτηδεύομεν</span> <span class='ocrx_word' id='word_1_758' title='bbox 1215 4986 1435 5056; x_wconf 83' lang='grc' dir='ltr'>ἀγάπης</span> <span class='ocrx_word' id='word_1_759' title='bbox 1452 4985 1616 5040; x_wconf 76' lang='grc' dir='ltr'>ἓνεκα</span> <span class='ocrx_word' id='word_1_760' title='bbox 1638 5003 1695 5039; x_wconf 85' lang='grc' dir='ltr'><strong>κο</strong></span> 
     </span>
    </p>
   </div>
   <div class='ocr_carea' id='block_1_97' title="bbox 1797 4979 3390 5057">
    <p class='ocr_par' dir='ltr' id='par_1_97' title="bbox 1813 4979 3390 5051">
     <span class='ocr_line' id='line_1_97' title="bbox 1813 4979 3390 5051; baseline -0.004 -14"><span class='ocrx_word' id='word_1_761' title='bbox 1813 4982 1908 5038; x_wconf 90' lang='lat' dir='ltr'><strong>tibi</strong></span> <span class='ocrx_word' id='word_1_762' title='bbox 1939 4979 2041 5050; x_wconf 89' lang='lat' dir='ltr'><strong>ipsi</strong></span> <span class='ocrx_word' id='word_1_763' title='bbox 2073 4995 2308 5050; x_wconf 91' lang='lat' dir='ltr'><strong>procura</strong></span> <span class='ocrx_word' id='word_1_764' title='bbox 2356 4981 2602 5051; x_wconf 88' lang='lat' dir='ltr'><strong>quietum</strong></span> <span class='ocrx_word' id='word_1_765' title='bbox 2643 4989 2844 5036; x_wconf 79' lang='lat' dir='ltr'><strong>statuat</strong></span> <span class='ocrx_word' id='word_1_766' title='bbox 2890 4990 2946 5036; x_wconf 91' lang='lat' dir='ltr'><strong>et</strong></span> <span class='ocrx_word' id='word_1_767' title='bbox 2977 4980 3284 5051; x_wconf 89' lang='lat' dir='ltr'><strong>paciﬁcum,</strong></span> <span class='ocrx_word' id='word_1_768' title='bbox 3331 4989 3390 5032; x_wconf 81' lang='grc' dir='ltr'><strong>ιιι</strong></span> 
     </span>
    </p>
   </div>
   <div class='ocr_carea' id='block_1_98' title="bbox 81 5072 1695 5151">
    <p class='ocr_par' dir='ltr' id='par_1_98' title="bbox 81 5076 1695 5151">
     <span class='ocr_line' id='line_1_98' title="bbox 81 5076 1695 5151; baseline -0.005 -14"><span class='ocrx_word' id='word_1_769' title='bbox 81 5082 221 5151; x_wconf 80' lang='grc' dir='ltr'><strong>τῆς</strong></span> <span class='ocrx_word' id='word_1_770' title='bbox 253 5077 636 5150; x_wconf 81' lang='grc' dir='ltr'>καθαρότητος</span> <span class='ocrx_word' id='word_1_771' title='bbox 655 5078 753 5149; x_wconf 87' lang='grc' dir='ltr'><strong>τῆς</strong></span> <span class='ocrx_word' id='word_1_772' title='bbox 778 5078 1024 5148; x_wconf 66' lang='grc' dir='ltr'>καρδίας</span> <span class='ocrx_word' id='word_1_773' title='bbox 1050 5077 1193 5132; x_wconf 77' lang='grc' dir='ltr'>οὕτω</span> <span class='ocrx_word' id='word_1_774' title='bbox 1210 5077 1302 5134; x_wconf 80' lang='grc' dir='ltr'>τὸν</span> <span class='ocrx_word' id='word_1_775' title='bbox 1322 5076 1551 5148; x_wconf 80' lang='grc' dir='ltr'>ἀδελφὺν</span> <span class='ocrx_word' id='word_1_776' title='bbox 1578 5076 1695 5131; x_wconf 86' lang='grc' dir='ltr'>διοι-</span> 
     </span>
    </p>
   </div>
   <div class='ocr_carea' id='block_1_99' title="bbox 1797 5072 3391 5151">
    <p class='ocr_par' dir='ltr' id='par_1_99' title="bbox 1813 5072 3391 5144">
     <span class='ocr_line' id='line_1_99' title="bbox 1813 5072 3391 5144; baseline -0.004 -13"><span class='ocrx_word' id='word_1_777' title='bbox 1813 5073 2020 5131; x_wconf 89' lang='lat' dir='ltr'><strong>scilicet</strong></span> <span class='ocrx_word' id='word_1_778' title='bbox 2049 5088 2327 5144; x_wconf 87' lang='lat' dir='ltr'><strong>nunquam</strong></span> <span class='ocrx_word' id='word_1_779' title='bbox 2359 5089 2467 5127; x_wconf 90' lang='lat' dir='ltr'><strong>non</strong></span> <span class='ocrx_word' id='word_1_780' title='bbox 2493 5075 2657 5144; x_wconf 91' lang='lat' dir='ltr'><strong>justis</strong></span> <span class='ocrx_word' id='word_1_781' title='bbox 2691 5073 3094 5139; x_wconf 89' lang='lat' dir='ltr'><strong>occasionibus,</strong></span> <span class='ocrx_word' id='word_1_782' title='bbox 3143 5087 3250 5127; x_wconf 90' lang='lat' dir='ltr'><strong>non</strong></span> <span class='ocrx_word' id='word_1_783' title='bbox 3285 5072 3357 5126; x_wconf 90' lang='lat' dir='ltr'><strong>itn</strong></span> <span class='ocrx_word' id='word_1_784' title='bbox 3377 5099 3391 5110; x_wconf 84' lang='lat'><strong>-</strong></span> 
     </span>
    </p>
   </div>
   <div class='ocr_carea' id='block_1_100' title="bbox 82 5160 1695 5242">
    <p class='ocr_par' dir='ltr' id='par_1_100' title="bbox 82 5165 1695 5242">
     <span class='ocr_line' id='line_1_100' title="bbox 82 5165 1695 5242; baseline -0.003 -13"><span class='ocrx_word' id='word_1_785' title='bbox 82 5173 266 5240; x_wconf 84' lang='grc' dir='ltr'>κῶν,</span> <span class='ocrx_word' id='word_1_786' title='bbox 304 5171 556 5235; x_wconf 79' lang='grc' dir='ltr'>ἅκούσεις</span> <span class='ocrx_word' id='word_1_787' title='bbox 594 5170 695 5242; x_wconf 88' lang='grc' dir='ltr'><strong>τῆς</strong></span> <span class='ocrx_word' id='word_1_788' title='bbox 731 5167 994 5239; x_wconf 78' lang='grc' dir='ltr'>λεγούσης</span> <span class='ocrx_word' id='word_1_789' title='bbox 1035 5169 1251 5240; x_wconf 78' lang='grc' dir='ltr'>φωνῆς’</span> <span class='ocrx_word' id='word_1_790' title='bbox 1307 5168 1451 5226; x_wconf 80' lang='grc' dir='ltr'><strong>Ἐὰν</strong></span> <span class='ocrx_word' id='word_1_791' title='bbox 1494 5165 1695 5234; x_wconf 70' lang='grc' dir='ltr'><strong>ἐξανά·</strong></span> 
     </span>
    </p>
   </div>
   <div class='ocr_carea' id='block_1_101' title="bbox 1797 5160 3390 5242">
    <p class='ocr_par' dir='ltr' id='par_1_101' title="bbox 1813 5160 3390 5238">
     <span class='ocr_line' id='line_1_101' title="bbox 1813 5160 3390 5238; baseline -0.003 -18"><span class='ocrx_word' id='word_1_792' title='bbox 1813 5165 2035 5238; x_wconf 89' lang='lat' dir='ltr'><strong>perandi</strong></span> <span class='ocrx_word' id='word_1_793' title='bbox 2083 5165 2294 5235; x_wconf 86' lang='lat' dir='ltr'><strong>gratia,</strong></span> <span class='ocrx_word' id='word_1_794' title='bbox 2344 5165 2638 5236; x_wconf 83' lang='lat' dir='ltr'><strong>aliquando</strong></span> <span class='ocrx_word' id='word_1_795' title='bbox 2688 5167 2744 5220; x_wconf 92' lang='lat' dir='ltr'><strong>in</strong></span> <span class='ocrx_word' id='word_1_796' title='bbox 2796 5164 3158 5220; x_wconf 84' lang='lat' dir='ltr'><strong>turbationem</strong></span> <span class='ocrx_word' id='word_1_797' title='bbox 3208 5160 3390 5218; x_wconf 86' lang='lat' dir='ltr'><strong>cordis</strong></span> 
     </span>
    </p>
   </div>
   <div class='ocr_carea' id='block_1_102' title="bbox 179 5317 1695 5392">
    <p class='ocr_par' dir='ltr' id='par_1_102' title="bbox 179 5322 1695 5392">
     <span class='ocr_line' id='line_1_102' title="bbox 179 5322 1695 5392; baseline -0.002 -7"><span class='ocrx_word' id='word_1_798' title='bbox 179 5330 202 5385; x_wconf 76' lang='grc' dir='ltr'><strong><em>ἰ</em></strong></span> <span class='ocrx_word' id='word_1_799' title='bbox 249 5327 394 5384; x_wconf 86' lang='lat' dir='ltr'><strong>Luc.</strong></span> <span class='ocrx_word' id='word_1_800' title='bbox 418 5341 493 5392; x_wconf 89' lang='lat' dir='ltr'><strong>vt,</strong></span> <span class='ocrx_word' id='word_1_801' title='bbox 523 5327 613 5383; x_wconf 77' lang='lat'><strong>37.</strong></span> <span class='ocrx_word' id='word_1_802' title='bbox 689 5323 900 5381; x_wconf 73' lang='lat' dir='ltr'><strong>llRom.</strong></span> <span class='ocrx_word' id='word_1_803' title='bbox 959 5339 1076 5389; x_wconf 70' lang='grc' dir='ltr'>ιιι,</span> <span class='ocrx_word' id='word_1_804' title='bbox 1114 5323 1205 5379; x_wconf 78' lang='lat' dir='ltr'><strong>2i.</strong></span> <span class='ocrx_word' id='word_1_805' title='bbox 1287 5322 1486 5380; x_wconf 75' lang='lat' dir='ltr'><strong>1Psal.</strong></span> <span class='ocrx_word' id='word_1_806' title='bbox 1555 5337 1695 5382; x_wconf 57' lang='lat' dir='ltr'><strong>una</strong></span> 
     </span>
    </p>
   </div>
   <div class='ocr_carea' id='block_1_103' title="bbox 1797 5317 3386 5392">
    <p class='ocr_par' dir='ltr' id='par_1_103' title="bbox 1797 5317 3386 5387">
     <span class='ocr_line' id='line_1_103' title="bbox 1797 5317 3386 5387; baseline -0.003 -11"><span class='ocrx_word' id='word_1_807' title='bbox 1797 5319 1838 5376; x_wconf 76' lang='lat' dir='ltr'><strong>El.</strong></span> <span class='ocrx_word' id='word_1_808' title='bbox 1916 5319 2180 5376; x_wconf 60' lang='lat' dir='ltr'><strong>&quot;Matth.</strong></span> <span class='ocrx_word' id='word_1_809' title='bbox 2241 5333 2367 5387; x_wconf 74' lang='lat' dir='ltr'><strong>xxv,</strong></span> <span class='ocrx_word' id='word_1_810' title='bbox 2420 5319 2506 5376; x_wconf 74' lang='grc'><strong>15.</strong></span> <span class='ocrx_word' id='word_1_811' title='bbox 2583 5319 2812 5376; x_wconf 72' lang='lat' dir='ltr'><strong>l&#39;Galat.</strong></span> <span class='ocrx_word' id='word_1_812' title='bbox 2853 5334 2930 5384; x_wconf 75' lang='lat' dir='ltr'><strong>v1,</strong></span> <span class='ocrx_word' id='word_1_813' title='bbox 2997 5335 3036 5374; x_wconf 88' lang='grc' dir='ltr'>ι.</span> <span class='ocrx_word' id='word_1_814' title='bbox 3113 5327 3139 5355; x_wconf 83' lang='grc' dir='ltr'><strong><em>ο</em></strong></span> <span class='ocrx_word' id='word_1_815' title='bbox 3199 5317 3386 5372; x_wconf 70' lang='lat' dir='ltr'><strong>Matth.</strong></span> 
     </span>
    </p>
   </div>
   <div class='ocr_carea' id='block_1_104' title="bbox 79 5398 352 5470">
    <p class='ocr_par' dir='ltr' id='par_1_104' title="bbox 79 5398 352 5470">
     <span class='ocr_line' id='line_1_104' title="bbox 79 5398 352 5470; baseline -0.007 -15"><span class='ocrx_word' id='word_1_816' title='bbox 79 5424 184 5470; x_wconf 63' lang='grc' dir='ltr'><strong>χι,</strong></span> <span class='ocrx_word' id='word_1_817' title='bbox 250 5398 352 5454; x_wconf 80' lang='lat'><strong>29.</strong></span> 
     </span>
    </p>
   </div>
   <div class='ocr_carea' id='block_1_105' title="bbox 1437 5595 2096 5657">
    <p class='ocr_par' dir='ltr' id='par_1_105' title="bbox 1437 5595 2096 5657">
     <span class='ocr_line' id='line_1_105' title="bbox 1437 5595 2096 5657; baseline 0 -5"><span class='ocrx_word' id='word_1_818' title='bbox 1437 5597 1670 5656; x_wconf 74' lang='lat' dir='ltr'><strong>VARUE</strong></span> <span class='ocrx_word' id='word_1_819' title='bbox 1693 5595 2096 5657; x_wconf 81' lang='lat' dir='ltr'><strong>LECTIONES.</strong></span> 
     </span>
    </p>
   </div>
   <div class='ocr_carea' id='block_1_106' title="bbox 288 5741 607 5814">
    <p class='ocr_par' dir='ltr' id='par_1_106' title="bbox 288 5741 607 5814">
     <span class='ocr_line' id='line_1_106' title="bbox 288 5741 607 5814; baseline -0.006 -17"><span class='ocrx_word' id='word_1_820' title='bbox 288 5741 607 5814; x_wconf 77' lang='grc' dir='ltr'>διαφθοράν.</span> 
     </span>
    </p>
   </div>
   <div class='ocr_carea' id='block_1_107' title="bbox 434 5914 3022 5982">
    <p class='ocr_par' dir='ltr' id='par_1_107' title="bbox 434 5914 3022 5982">
     <span class='ocr_line' id='line_1_107' title="bbox 434 5914 3022 5982; baseline -0.002 0"><span class='ocrx_word' id='word_1_821' title='bbox 434 5917 703 5982; x_wconf 71' lang='grc' dir='ltr'>ιἰτιιοι..</span> <span class='ocrx_word' id='word_1_822' title='bbox 747 5917 862 5979; x_wconf 73' lang='lat' dir='ltr'><strong>Gtt.</strong></span> <span class='ocrx_word' id='word_1_823' title='bbox 891 5916 1262 5981; x_wconf 74' lang='lat' dir='ltr'><strong>LXXXVIII.</strong></span> <span class='ocrx_word' id='word_1_824' title='bbox 2955 5914 3022 5977; x_wconf 68' lang='lat'><strong>57</strong></span> 
     </span>
    </p>
   </div>
  </div>
