4118 6542
765 361 901 426 1803

1942 361 2000 420 S.
2058 358 2451 421 DOROTHEI
2499 361 2817 423 ABBATIS

3888 365 4013 429 1801

764 493 1087 560 inducaris;
1147 492 1241 548 sed
1292 492 1495 562 impera
1556 492 1738 546 omnia
1768 491 1960 549 eﬂectu
2022 494 2305 549 cliaritatis

2422 518 2562 569 ,τῃς
2613 498 2812 567 τίμιον
2860 494 2929 559 ἐξ
2965 494 3240 561 ἀναξίου,
3319 495 3401 562 ὼς
3456 495 3649 564 στόμα
3703 510 3835 563 μου
3878 498 4015 563 ἔσῃ.

758 586 986 653 amoris,
1036 585 1427 641 benevolentia:
1477 594 1532 640 et
1586 585 1869 640 munditia:
1933 585 2102 640 animi
2168 602 2357 645 causa.
2397 593 2490 648 Sic
2527 592 2749 647 fratrem
2784 589 3075 645 mdilicabis
3114 600 3169 644 ct
3195 590 3466 661 [instrues,
3521 598 3577 643 ct
3619 590 3820 644 audies
3871 602 4015 659 post-

760 680 981 735 modum
1007 693 1128 735 eam
1159 695 1342 736 vocem
1368 694 1489 749 quae
1508 680 1615 734 ait:
1641 677 1702 734 Si
1728 681 2019 734 extraxeris
2046 683 2329 746 pretiosum
2356 688 2422 740 ab
2451 689 2742 754 immundo,
2772 698 2829 740 ut
2856 703 2914 741 os
2944 703 3119 740 meum
3157 686 3333 741 θείειν.

831 769 917 825 ιιι.
961 770 1019 827 Si
1048 780 1229 827 autem
1264 770 1434 826 lueris
1466 771 1571 827 sub
1619 772 1926 843 obedientia
1974 772 2221 838 alterius,
2275 783 2330 829 tu

759 877 1042 931 nunquam
1068 864 1219 918 cordi
1252 872 1348 919 tuo
1379 862 1573 919 credas
1601 880 1616 918 :
1654 864 1947 921 excecaris
1978 865 2123 920 enim
2158 883 2188 920 a
2217 866 2329 936 pri-

760 953 919 1010 stinis
976 954 1374 1012 ati'ectionibus.
1441 953 1630 1026 Neque
1681 956 1974 1027 aliquando
2032 961 2330 1015 secundum

752 1048 1022 1116 judicium
1047 1046 1130 1103 vel
1156 1046 1438 1104 scientiam
1469 1056 1618 1103 tuam
1647 1058 1699 1104 te
1726 1048 1904 1119 ipsum
1934 1050 1987 1104 in
2025 1051 2206 1120 aliquo
2246 1053 2331 1106 in-

757 1142 973 1207 stituas,
994 1149 1089 1195 aut
1108 1141 1407 1195 constituas
1434 1140 1714 1211 quidpiam
1739 1142 1883 1212 apud
1911 1150 1963 1197 te
1990 1143 2195 1213 absque
2219 1161 2334 1198 ma-

752 1237 933 1304 jorum
983 1237 1378 1292 consultatione
1423 1245 1478 1292 et
1525 1237 1815 1307 sententia,
1868 1253 2003 1295 neve
2048 1242 2331 1300 existimes

756 1336 848 1380 aut
871 1336 1026 1397 putes
1050 1327 1454 1383 rationabiliora
1482 1336 1535 1383 et
1556 1328 1788 1398 justiora
1811 1343 1933 1386 esse
1952 1346 2073 1400 quae
2096 1334 2326 1404 cogitas,

714 1448 719 1461 ε
753 1432 917 1487 quam
948 1434 1071 1489 quas
1104 1427 1231 1475 tuus
1255 1418 1589 1490 gubernator
1611 1428 1668 1474 et
1693 1430 1891 1476 rector.
1921 1418 2108 1494 Neque
2134 1438 2331 1479 censor

754 1509 999 1579 etjudex
1028 1510 1126 1566 tias
1163 1525 1390 1582 operum
1431 1519 1487 1567 et
1534 1511 1806 1567 actionum
1852 1512 1996 1583 ejus,
2045 1513 2329 1586 decipieris

742 1604 898 1655 cnim
923 1601 1254 1673 plerumque
1300 1611 1392 1658 tua
1422 1602 1744 1674 probatione
1784 1620 1799 1656 :
1839 1614 1895 1659 et
1927 1603 2086 1660 dolus
2127 1605 2328 1661 diaboli

751 1702 853 1756 est,
883 1702 945 1748 ut
975 1693 1201 1752 insidias
1233 1695 1319 1751 bis
1375 1704 1542 1766 ponat
1567 1695 1661 1767 qui
1689 1710 1811 1752 sese
1837 1696 1892 1751 in
1919 1697 2175 1754 omnibus
2201 1714 2327 1754 eum

750 1785 901 1838 omni
930 1783 1037 1840 [ide
1060 1796 1115 1839 et
1140 1793 1285 1841 certa
1316 1784 1508 1840 salutis
1545 1799 1642 1856 spe
1680 1783 1982 1855 majoribus
2022 1801 2328 1857 supposue-

751 1876 882 1930 t'int-
919 1874 1183 1932 Subditus
1215 1886 1396 1932 autem
1435 1886 1554 1933 esto
1588 1877 1643 1932 in
1674 1877 1951 1941 omnibus,
2000 1885 2056 1933 et
2089 1879 2171 1934 sic
2198 1894 2324 1934 cum

748 1983 887 2038 pace
930 1977 985 2024 et
1021 1969 1139 2024 sine
1165 1966 1407 2038 periculo
1444 1975 1499 2023 et
1530 1982 1718 2024 errore
1758 1968 1904 2024 viam
1944 1966 2170 2025 Patrum
2220 1978 2326 2023 nos

748 2068 987 2112 strornm
1020 2058 1144 2114 ibis.
1175 2055 1322 2130 Coge
1365 2066 1417 2115 te
1443 2061 1619 2129 ipsum
1649 2057 1702 2112 in
1733 2060 1945 2115 cunctis
1969 2068 2025 2116 et
2068 2060 2247 2129 vince,
2272 2068 2327 2115 et

2509 781 2584 836 l".
2630 780 2718 833 ’Ev
2746 781 2991 851 ὑποταγῇ
3032 778 3089 831 δὲ
3125 776 3222 845 ὣν,
3278 777 3547 849 μηδεποτε
3591 775 3910 847 πιστεύσῃς
3951 780 4009 843 τῇ

2430 870 2627 945 καρδίᾳ
2666 886 2793 923 σουο
2816 870 3099 941 τυφλώττῃ
3128 869 3235 940 γὰρ
3268 869 3376 922 ἀπὸ
3409 868 3519 921 τῶν
3553 867 3818 920 παλαιῶν
3842 883 4007 935 προσ»

2430 963 2691 1017 παθειῶν.
2732 963 2841 1016 Καὶ
2873 963 2951 1035 μὴ
2989 963 3280 1035 στοιχήσῃς
3318 959 3377 1013 ἐν
3425 976 3535 1013 τινι
3563 960 3633 1027 τῇ
3661 957 3781 1029 ἰδίᾳ
3809 958 4006 1025 κρίσει,

2430 1055 2524 1108 καὶ
2547 1042 2623 1127 μὴ
2645 1056 2849 1127 στήσῃς
2867 1055 3018 1128 παρὰ
3038 1053 3251 1124 σεαυτῷ
3287 1051 3453 1124 μηδὲν
3477 1051 3653 1122 χωρὶς
3677 1049 4010 1120 ἐρωτήσεως

2431 1147 2530 1200 καὶ
2561 1145 2809 1217 γνώμης,
2836 1148 2932 1201 καὶ
2986 1148 3062 1217 μὴ
3099 1144 3319 1215 λογίζου
3345 1143 3382 1214 ἢ
3428 1142 3619 1213 νόμιζε
3660 1141 4007 1211 εὐλογώτερα

2428 1239 2524 1294 καὶ
2550 1239 2866 1310 δικαιότερα
2922 1237 3014 1292 τοῦ
3065 1234 3394 1300 διοικοῦντός
3425 1250 3508 1299 σε,
3544 1232 3682 1305 μηδὲ
3729 1232 3894 1303 γίνου
3927 1234 4006 1299 ἐξ·

2428 1328 2660 1400 εταστὴς
2684 1327 2795 1381 τῶν
2815 1326 2992 1398 ἔργων
3010 1325 3193 1393 αὐτοῦ,
3221 1326 3319 1380 καὶ
3346 1323 3780 1393 πεπλανημένος
3810 1323 4003 1377 πολλὰ·

2429 1433 2518 1480 κις
2542 1417 2863 1490 δοκιμάσῃς.
2900 1416 3106 1487 ’Δπάτη
3133 1417 3243 1487 γάρ
3270 1416 3411 1488 αὕτη
3446 1414 3544 1470 τοῦ
3577 1415 3839 1487 πονηροῦ
3876 1416 4001 1485 πρὸς

2426 1508 2488 1563 τὸ
2517 1508 2811 1579 ἐμποδίσαι
2834 1512 2902 1580 τῇ
2930 1509 3066 1581 μετά
3082 1509 3321 1573 πίστεως
3346 1508 3490 1563 κατά
3514 1510 3695 1564 πάντα
3729 1510 3999 1579 ὑποταγῇ.

2427 1600 2522 1657 καὶ
2546 1603 2615 1673 τῇ
2634 1601 2755 1655 κατ’
2775 1600 2947 1673 αὐτὴν
2989 1600 3224 1669 ἀσφαλεῖ
3267 1602 3531 1675 σωτηρίᾳ,
3575 1600 3675 1656 καὶ
3719 1601 4002 1674 {imissa

2430 1692 2572 1765 μετά
2622 1691 3000 1758 ἀναπαύσεως,
3031 1694 3127 1748 καὶ
3162 1691 3459 1756 ἀκινδύνως
3477 1692 3687 1758 esse“;
3710 1694 3820 1748 καὶ
3842 1695 4002 1747 em.

2427 1785 2531 1849 νῶς
2560 1785 2660 1857 τὴν
2691 1785 2810 1840 ὁδὸν
2841 1784 2950 1840 τῶν
2986 1787 3263 1856 Πατέρων.
3317 1784 3513 1850 Βιάζου
3552 1784 3614 1839 δὲ
3661 1787 3905 1839 σεαυτὸν
3933 1789 4003 1845 εἰς

2427 1878 2627 1941 πάντα,
2650 1880 2744 1933 καὶ
2766 1880 3016 1952 κόπτείιὸ
3040 1878 3254 1949 θέλημά
3279 1895 3398 1944 σου,
3430 1878 3524 1932 καὶ
3545 1878 3745 1950 χάριτι
3769 1877 4002 1947 Χριστσῶ

2424 1968 2514 2023 διὰ
2567 1970 2668 2040 τῆς
2718 1954 3003 2038 συνηθείας
3047 1970 3105 2021 ἐν
3155 1968 3268 2036 ἕξει
3321 1967 3417 2023 τοῦ
3458 1969 3688 2023 κόπτειν
3711 1970 4005 2039 γενόμενος

2426 2060 2703 2126 ἀϐιάστως
2729 2061 2826 2116 τοῦ
2860 2060 3054 2116 λοιποῦ
3084 2060 3180 2115 καὶ
3204 2059 3479 2126 ἀθλίπτως
3515 2061 3655 2116 αὐτὸ
3692 2064 3902 2126 ποιεῖς,
3935 2062 4003 2123 ὡς

746 2152 1078 2206 voluntatem
1108 2124 1343 2205 tuam'in
1377 2124 1570 2221 primis
1602 2149 1878 2206 abscinde.
1916 2149 1973 2205 Si
2011 2149 2158 2206 enim
2190 2124 2324 2207 con-

2426 2124 2746 2222 συμϐαίνειν
2773 2150 2837 2204 τὸ
2858 2149 2951 2206 σδν
2970 2150 3201 2205 πάντοτε
3223 2124 3491 2220 γίνεσθαι,
3510 2150 3586 2214 ὡς
3607 2148 3817 2213 θέλεις.

746 2244 990 2299 sucveris
1017 2242 1292 2312 propriam
1316 2242 1649 2298 voluntatem
1674 2251 1979 2313 amputare,
2002 2256 2101 2313 per
2121 2241 2323 2298 Christi

743 2335 973 2406 gratiam
1020 2343 1076 2389 et
1133 2332 1568 2390 misericordiam
1622 2333 1865 2390 habitum
1924 2334 2208 2405 acquires,
2264 2345 2326 2392 ut

745 2428 926 2484 omnia
948 2428 1074 2484 sine
1101 2429 1372 2495 molestia,
1409 2431 1531 2486 sine
1560 2430 1928 2487 controversia
1968 2429 2157 2499 facias,
2193 2430 2324 2487 tias-

744 2535 853 2591 que
891 2520 1115 2577 omnino
1166 2523 1242 2577 tui
1284 2521 1446 2592 juris.
1489 2521 1568 2578 Ne
1617 2530 1773 2592 optes
1821 2521 1890 2578 ad
1935 2532 2060 2578 vota
2098 2532 2193 2580 tua
2235 2539 2324 2579 res

743 2613 980 2679 evenire,
1011 2614 1107 2669 sed
1137 2629 1230 2670 eas
1256 2614 1388 2671 velis
1413 2624 1469 2671 et
1512 2625 1687 2686 optes,
1724 2623 1786 2671 ut
1809 2614 2107 2683 eveniunt;
2150 2624 2205 2672 et
2243 2617 2325 2673 sic

744 2706 799 2760 in
830 2707 1083 2763 omnibus
1111 2723 1298 2780 pacem
1338 2707 1530 2765 babes.
1563 2706 1689 2764 Hac
1727 2717 1907 2763 autem
1944 2706 2070 2763 dico
2116 2707 2184 2763 de
2231 2708 2318 2764 his

744 2800 799 2854 in
827 2799 1029 2871 quibus
1059 2816 1166 2856 non
1196 2811 1279 2857 cst
1302 2802 1663 2871 transgressio
1684 2809 2078 2871 praeceptorum
2104 2799 2201 2855 Dei
2230 2811 2325 2856 aut

732 2891 989 2947 ‘l‘ntrum.
1034 2890 1180 2948 Inter
1212 2908 1406 2949 omnes
1453 2891 1722 2948 contende
1767 2901 1830 2947 ut
1883 2891 2061 2962 ipsum
2108 2906 2325 2962 semper

743 2998 990 3049 accuses,
1023 2996 1078 3039 et
1103 2985 1375 3055 suspende
1403 2985 1549 3056 quod
1570 2999 1678 3040 non
1708 2993 1793 3041 est
1812 2985 2174 3042 deliberatum
2196 3001 2320 3042 curn

742 3076 1074 3144 cognitione.
1138 3076 1359 3133 Certum
1414 3079 1589 3142 habe,
1649 3091 1987 3150 quaecunque
2042 3077 2098 3135 in
2163 3081 2324 3137 nobis

743 3169 882 3225 tium
904 3178 1000 3225 aut
1024 3173 1301 3235 eveniunt,
1328 3172 1540 3228 etiamsi
1572 3173 1796 3226 minima
1825 3180 1880 3226 et
1906 3172 2168 3229 vilissima
2199 3173 2320 3229 fue-

743 3266 875 3328 rint,
908 3278 976 3319 οι
1008 3263 1192 3319 divina
1221 3263 1567 3320 Providentia
1594 3265 1832 3331 evenire,
1865 3273 1920 3319 et
1966 3266 2149 3320 omnia
2194 3282 2323 3338 per-

745 3355 891 3411 ieras
914 3356 1396 3412 constantissime:
1437 3356 1767 3426 persuadeas
1794 3356 1892 3411 tibi
1937 3357 2039 3426 ipsi
2067 3372 2189 3414 esse
2218 3374 2320 3414 an-

2424 2241 2602 2306 θέλεις
2642 2241 2719 2307 ὡς
2765 2243 3000 2312 γίνεται,
3053 2243 3149 2296 καὶ
3197 2241 3501 2315 είρηνεύεις
3570 2242 3717 2312 μετά
3764 2243 4003 2297 πάντων.

2423 2334 2608 2390 Ταῦτα
2647 2334 2830 2406 μέντοι
2877 2335 2938 2389 ὲν
2990 2328 3074 2399 οἷς
3129 2336 3230 2389 οὐκ
3262 2334 3380 2389 εστι
3422 2333 3747 2407 παράϐασις
3788 2334 4005 2402 ἐντολῆς

2422 2426 2584 2493 Θεοῦ,
2606 2427 2642 2500 ῆ
2684 2428 2964 2500 Πατέρων.
3027 2426 3314 2496 ’Δγωνίζου
3338 2427 3613 2497 εὑρίσκειν
3643 2428 3707 2480 ὲν
3752 2429 3928 2480 παντὶ
3956 2429 4010 2479 τὸ

2424 2518 2735 2590 μέμφεσθαι
2767 2519 2978 2585 ἑαυτὸν,
3004 2520 3097 2573 καὶ
3121 2518 3315 2590 κράτει
3343 2517 3406 2574 τὸ
3443 2518 3762 2589 ἀψήφιστον
3786 2519 3850 2572 ὲν
3878 2517 4010 2586 γνώ-

2423 2632 2545 2670 σει·
2594 2616 2691 2670 καὶ
2734 2617 2958 2670 πίστευε
2992 2616 3077 2671 ὅτι
3113 2613 3220 2670 ὑπὸ
3262 2615 3520 2687 πρόνοιαν
3570 2615 3713 2670 Θεοῦ
3765 2616 3897 2669 ἐστι
3925 2620 4012 2669 καὶ

2425 2709 2587 2781 μέχρι
2616 2710 2727 2764 τῶν
2756 2709 3156 2765 εὐτελεστάτων
3185 2707 3253 2763 τὰ
3294 2708 3418 2764 καθ’
3457 2710 3629 2781 ἡμᾶς,
3675 2711 3782 2765 καὶ
3827 2711 4011 2782 φέρειξ

2422 2800 2492 2854 τά
2518 2800 2866 2874 ὲπερχόμενά
2891 2817 2975 2855 σοι
3004 2800 3298 2873 ἀταράχως
3315 2816 3332 2832 ·
3360 2800 3583 2856 πίστευε
3621 2800 3710 2854 ὅτι
3730 2801 4012 2873 φάρμακά

2421 2892 2560 2944 εἰσιν
2600 2892 2819 2963 ἰατρικά
2848 2893 2949 2963 τῆς
2985 2891 3363 2963 ὑπερηφανίας
3396 2891 3497 2963 τῆς
3557 2893 3750 2963 ψυχῆς
3792 2909 3922 2957 σου,
3961 2894 4014 2946 αξ

2421 2984 2642 3058 ἀτιμίαι
2670 2987 2768 3041 καὶ
2783 2983 2993 3060 ὕϐρεις,
3020 2985 3117 3041 καὶ
3135 2983 3438 3057 ὑπερεύχου
3457 2983 3568 3037 τῶν
3586 2984 4011 3056 λοιδορούντων,

2420 3077 2498 3140 ὡς
2533 3076 2738 3148 ἰατρῶν
2764 3077 3036 3148 ἀληθινῶν
3059 3094 3072 3107 ·
3103 3077 3469 3148 πεπεισμένος
3500 3077 3577 3139 ὡς
3599 3078 3633 3131 ὁ
3660 3078 3856 3148 μισῶν
3900 3079 4015 3131 ἀτιο

2423 3169 2577 3239 μίαν,
2615 3169 2767 3239 μισεῖ
2791 3168 3148 3235 ταπείνωσιν,
3185 3168 3331 3222 καὶό
3375 3167 3592 3236 φεύγων
3630 3167 4015 3238 ἐρεθίζοντας,

2421 3261 2612 3330 φεύγει
2637 3260 3071 3332 πραΰτηταῖΜὴ
3108 3260 3230 3316 θέλε
3276 3258 3474 3314 ειδέναι
3515 3259 3617 3328 τὴν
3668 3262 3888 3315 κακίαν
3924 3260 4014 3314 τοῦ

2422 3353 2649 3424 πλησίον
2683 3364 2800 3419 σου,
2836 3354 2932 3408 καὶ
2965 3352 3043 3426 μὴ
3071 3352 3370 3425 προσδέχου
3393 3351 3492 3415 τὰς
3521 3353 3649 3405 κατ’
3674 3352 3863 3407 αὑτοῦ
3888 3354 4016 3408 ὕπο-

740 3448 915 3503 tidota
950 3457 1004 3503 et
1043 3447 1344 3504 medicinas
1383 3456 1577 3503 contra
1610 3447 1919 3518 superbiam
1950 3448 2148 3505 animae
2192 3458 2320 3515 tum,

2423 3447 2572 3508 νοίας
2585 3464 2601 3477 ο
2633 3447 2683 3500 εί
2708 3445 2764 3499 δὲ
2781 3446 2877 3499 καὶ
2899 3445 3149 3517 σπαρῶσι
3169 3444 3257 3499 διὰ
3276 3443 3375 3514 τὴν
3392 3444 3594 3499 κακίαν
3616 3442 3814 3515 ἡμῶν,
3849 3444 4015 3499 σπού-

742 3539 1011 3609 quidquid
1041 3538 1294 3606 convicii,
1320 3540 1665 3595 contumeliae
1686 3548 1742 3594 et
1766 3538 2042 3608 approbrii
2070 3538 2164 3596 tibi
2190 3555 2323 3597 cor.-

749 3629 970 3701 tigerit;
998 3639 1052 3684 et
1073 3637 1229 3686 orato
1258 3644 1358 3700 pro
1393 3630 1479 3686 bis
1519 3630 1612 3699 qui
1642 3627 1738 3683 tibi
1764 3628 2160 3695 conviciantur,
2196 3638 2317 3685 tan-

744 3738 910 3793 quam
938 3737 1041 3791 pro
1065 3722 1214 3778 veris
1240 3722 1485 3778 medicis.
1517 3721 1622 3788 Qui
1648 3721 1794 3776 enim
1826 3720 2022 3791 probra
2048 3730 2103 3776 et
2129 3736 2317 3777 contu-

746 3815 937 3871 tnelias
964 3815 1092 3871 odio
1131 3815 1312 3881 habet,
1350 3813 1479 3870 odio
1503 3814 1672 3869 habet
1694 3813 2057 3869 humilitatem
2083 3830 2101 3876 ;
2140 3822 2195 3869 et
2222 3818 2315 3883 qui

746 3917 1103 3978 provocantes
1131 3921 1211 3971 se,
1241 3908 1470 3963 declinat
1507 3917 1561 3961 et
1599 3905 1757 3977 fugit,
1810 3905 1947 3974 fugit
1998 3916 2315 3962 mansuetu-

744 4001 949 4054 dinem.
965 3995 1038 4052 Ut
1054 3997 1199 4052 enim
1223 3995 1347 4066 quis
1372 3996 1569 4066 probro
1587 3994 1812 4049 aﬂ'ectus
1837 3993 1895 4047 tit
1920 3993 2162 4059 humilis,
2178 3993 2247 4047 ita
2266 4006 2321 4048 et

744 4089 837 4160 qui
877 4088 1143 4153 irritatur,
1170 4086 1333 4160 5.52
1366 4087 1412 4142 si
1446 4087 1713 4157 patienter
1732 4084 1865 4149 fert,
1890 4084 1951 4138 tit
1983 4093 2315 4142 mansuetus.

745 4179 864 4235 Noli
893 4194 1222 4250 cognoscere
1268 4177 1469 4233 malum
1515 4177 1749 4248 proximi
1780 4177 1884 4242 tui,
1934 4191 2112 4247 neque
2140 4178 2320 4246 suspi-

744 4273 929 4327 ciosus
977 4272 1053 4327 sis
1092 4271 1145 4325 in
1185 4272 1384 4341 ipsum.
1430 4269 1584 4337 Quod
1632 4270 1682 4324 si
1716 4268 2051 4340 malignitate
2079 4268 2311 4324 aliorum

2417 3537 2547 3605 δαξε
2567 3538 2923 3610 μεταϐάλλειν
2944 3540 3114 3601 αὑτὰς
3131 3539 3209 3600 είς
3229 3534 3605 3606 καλονοησίαν,
3646 3536 3747 3590 καὶ
3764 3539 3833 3589 ὲν
3856 3538 4016 3592 παντὶ

2416 3635 2748 3707 εὐχαρίστει,
2773 3631 3039 3688 καὶκατὰ
3074 3632 3176 3703 τὴν
3216 3629 3530 3700 ἀγαθότητα
3568 3629 3672 3683 καὶ⁷
3710 3631 3824 3703 τὴν
3855 3632 4015 3701 ἁγίαν

2413 3729 2658 3801 ἀγάπην.
2692 3729 2807 3800 Πρὸ
2831 3728 2890 3781 δὲ
2917 3728 3133 3782 πάντων
3159 3724 3487 3797 φυλάξωμεν
3523 3723 3733 3787 πάντες
3748 3722 3868 3795 τὴν
3901 3741 4013 3778 συνυ

2413 3821 2622 3891 είδησιν
2678 3819 2834 3891 ἡμῶν
2874 3821 2934 3874 ὲν
2976 3819 3135 3886 πᾶσι,
3187 3819 3301 3879 τοίς
3330 3832 3389 3870 τε
3426 3814 3562 3887 πρὸς
3600 3815 3701 3868 τὸν
3738 3815 3891 3869 Θεὸν
3925 3814 4016 3870 καὶ

2415 3921 2510 3976 τὸν
2549 3919 2779 3989 πλησίον
2830 3920 2925 3973 καὶ
2962 3918 3022 3972 ὲν
3057 3919 3181 3982 ταῖς
3211 3916 3366 3981 ὕλαις
3387 3932 3403 3948 ·
3440 3916 3531 3969 καὶ
3568 3914 3708 3985 πρὶν
3756 3916 3950 3968 εἰπεῖν
3980 3916 4011 3984 ἦ

2418 4022 2641 4093 ποιῆσαί
2676 4039 2752 4089 τι,
2808 4020 3157 4090 ἐξετάσωμεν
3193 4017 3245 4071 εἰ
3286 4015 3430 4070 κατά
3480 4015 3701 4086 θέλημά
3745 4016 3883 4071 ἐστι
3920 4016 4013 4070 τοῦ

2414 4120 2587 4176 Θεοῦ·
2617 4123 2714 4177 καὶ
2744 4119 2918 4184 οὕτως
2957 4119 3269 4191 εὐξάμενοι,
3309 4118 3553 4189 εἴπωμεν
3582 4117 3617 4186 ἢ
3655 4118 4011 4189 ποιήσωμεν,

2416 4228 2513 4282 καὶ
2550 4224 2942 4297 προρῥίψωμεν
2976 4223 3079 4295 τὴν
3101 4220 3406 4293 ἀδυναμίαν
3431 4218 3589 4291 ἡμῶν
3630 4217 3887 4274 ἐνώπιον
3916 4220 4011 4273 τοῦ

2413 4328 2552 4383 Θεοῦ
2577 4345 2591 4359 ο
2648 4329 2740 4381 καὶ
2781 4329 2817 4397 ὴ
2858 4323 3131 4394 ἀγαθότης
3169 4318 3338 4376 αὐτοῦ
3395 4318 3721 4391 συνέρχεται
3765 4320 3913 4390 ἡμῖν
3952 4321 4010 4372 ἐν

744 4361 923 4430 aliqua
957 4358 1405 4424 disseminantur,
1439 4357 1595 4413 stude
1623 4355 1714 4410 illa
1744 4363 2081 4411 commutare
2106 4353 2163 4408 in
2197 4367 2311 4408 me-

747 4452 933 4506 liorem
962 4464 1205 4506 sensum.
1232 4448 1290 4503 ln
1324 4449 1579 4504 omnibus
1609 4446 1813 4518 gratias
1841 4461 1961 4516 age,
1992 4453 2048 4501 et
2087 4443 2308 4516 posside
2414 4455 2432 4489 τ

746 4543 1042 4598 bonitatem
1070 4554 1124 4597 et
1152 4549 1397 4596 sanctam
1438 4512 1781 4594 claritatem.
1815 4512 1956 4592 Ante
1978 4512 2161 4591 omnia
2201 4550 2334 4590 vero
2379 4526 2750 4587 custodiamus
2809 4518 2991 4573 cuncti
3029 4512 3417 4571 conscientiam
3445 4519 3807 4576 nosti-amyci.
3834 4513 3893 4566 in
3923 4513 4008 4566 his

744 4652 867 4709 quae
889 4636 960 4692 ad
987 4634 1175 4701 Deum,
1207 4648 1331 4705 quae
1357 4633 1423 4688 ad
1448 4631 1779 4703 proximum,
1816 4642 1941 4700 qua
1971 4628 2038 4683 ad
2066 4641 2155 4683 res
2186 4626 2481 4697 pertinent.
2512 4616 2579 4672 Et
2641 4623 2934 4709 antequam
2956 4609 3221 4709 dicamus
3283 4604 3626 4709 iaciamusve.
3683 4604 4003 4709 quidpiam,

747 4695 1053 4790 scrutemur
1075 4732 1121 4787 si
1155 4695 1465 4786 secundum.
1486 4728 1821 4783 voluntatem
1835 4695 1948 4779 -Dei
1973 4732 2078 4787 est,
2114 4728 2170 4777 et
2189 4695 2416 4776 oremus
2475 4724 2690 4781 semper
2724 4722 2849 4762 cum
2920 4704 2972 4758 id
3004 4703 3083 4758 vel
3112 4700 3345 4757 dicimus
3374 4695 3487 4790 vel-
3522 4696 3783 4790 facitnus,
3830 4699 4001 4768 [tagi-

750 4787 1064 4893 litateiitque
1093 4830 1330 4876 nostram
1350 4818 1619 4889 jaciamus
1651 4824 1781 4871 ante
1800 4822 2151 4885 conspectum
2177 4811 2269 4866 Dei
2296 4829 2310 4865 :
2350 4817 2402 4864 et
2425 4805 2548 4875 ejus
2576 4800 2788 4856 bonitas
2818 4809 2871 4853 el
2899 4794 3183 4852 clemenlia
3223 4792 3277 4845 ίιι
3309 4787 3520 4844 “uilem
3584 4787 3753 4844 ³0⁸³⁵⁵
3824 4792 4002 4845 idem

745 4926 803 4970 et
838 4930 993 4986 opem
1034 4912 1192 4970 feret.
1236 4909 1344 4982 Ipsi
1393 4908 1564 4979 gloria
1616 4908 1673 4964 in
1722 4907 1921 4964 saecula
1967 4905 2313 4962 saeculorum.
2352 4900 2550 4954 Amen.

1236 5020 1578 5078 DOCTRINA
1635 5019 1679 5074 Χ
1691 5018 1817 5074 VIII.

2964 4999 3366 5056 ΔΙΔΛΣΚΑΛΙΑ
3388 5001 3492 5054 IH'.

889 5133 1142 5204 Dialogus
1188 5133 1258 5188 ad
1301 5148 1418 5185 eum
1450 5130 1541 5202 qui
1584 5145 1771 5201 penum
1813 5129 2172 5183 administrat.

2422 5127 2552 5195 Περὶ
2609 5125 2717 5179 τοῦ
2765 5125 3013 5191 ἔχοντος
3075 5118 3191 5203 sint:
3238 5113 3550 5169 διακονίαν
3594 5112 3705 5167 τοῦ
3766 5118 3997 5168 κελαρ-

3124 5204 3282 5256 ρίου.

822 5294 879 5349 Si
904 5294 958 5349 in
984 5293 1123 5348 iram
1152 5301 1208 5348 et
1242 5293 1298 5347 in
1323 5290 1753 5347 recordationem
1782 5289 2107 5360 injuriarum
2146 5289 2319 5344 relabi

2501 5288 2586 5341 'Ev
2604 5283 2760 5355 θυμῷ
2790 5283 2885 5337 καὶ
2913 5278 3244 5353 μνησικακίᾳ
3283 5276 3634 5348 περιπίπτειν
3679 5275 3743 5328 οὺ
3773 5274 3993 5339 θέλεις;

754 5401 860 5442 non
911 5386 1013 5450 vis,
1066 5400 1136 5441 ne
1180 5385 1409 5439 nimium
1444 5382 1696 5439 aﬂiciaris
1740 5381 1903 5437 rebus
1948 5381 2320 5436 materialibns

2422 5375 2796 5447 [lpocmitietav
2818 5372 2881 5426 τδ
2900 5370 3125 5425 καθόλον
3159 5370 3232 5438 μὴ
3256 5366 3347 5438 ἔχε
3375 5365 3505 5438 περὶ
3530 5364 3631 5436 τὴν
3666 5363 3829 5434 ὓλην,
3861 5367 3993 5436 μηδὲ

752 5477 1114 5545 monasterii,
1170 5491 1346 5547 neque
1398 5492 1496 5532 vas
1548 5474 1765 5545 aliquod
1817 5473 1980 5530 etiam
2031 5472 2316 5526 minimum

2422 5465 2700 5522 ἀντιποιοῦ
2758 5463 2989 5525 σκεύους
3034 5460 3372 5529 οἱανδήποτε,
3428 5457 3567 5528 μήτε
3611 5455 3671 5510 δὲ
3702 5457 3893 5522 πάλιν,
3922 5458 3994 5517 ὡς

753 5571 972 5625 all'eetes
1000 5546 1376 5631 immoderate,
1417 5583 1590 5639 neque
1612 5582 1808 5624 rursus
1844 5576 1901 5621 ut
1928 5564 2130 5621 nullius
2160 5562 2316 5633 pretii

2423 5559 2705 5630 ἐλαχίστου
2741 5555 3103 5625 καταφρόνει·
3127 5551 3263 5607 ἀλλά
3300 5549 3405 5606 κᾶν
3436 5547 3583 5604 θέλει
3626 5563 3716 5611 τις
3741 5547 3857 5600 ἀπὸ
3878 5546 3990 5604 σοῦ,

751 5673 1060 5726 contemne,
1092 5661 1186 5717 sed
1224 5645 1486 5732 quidquid
1518 5659 1748 5716 voluerit
1770 5668 1866 5712 aut
1893 5656 2110 5729 petierit
2134 5655 2233 5709 abs
2266 5663 2319 5707 te

2423 5651 2587 5712 δίδου,
2635 5649 2735 5703 κᾶν
2782 5648 2839 5702 δὲ
2883 5647 2991 5701 ἀπὸ
3028 5642 3413 5715 ἀστστροφίας,
3452 5640 3488 5712 ἢ
3527 5639 3989 5710 καταφρονήσεως

828 5828 856 5868 ιι
876 5813 1071 5872 Jcrctn.
1103 5832 1189 5879 xv,
1221 5816 1309 5869 29.
