4118 6542
130 389 260 455 1805

1407 388 1783 449 DOCTRINA
1848 388 2067 449 XVIII.

3230 387 3365 453 1806

126 499 389 571 κλασθῇ,ἢ
412 497 729 563 ἀπόλλυται,
756 500 831 571 μὴ
856 502 1219 574 μεριμνήσῃς.
1242 501 1415 556 Τοῦτο
1431 503 1489 556 δὲ
1519 504 1694 557 ποιεῖν

1803 500 1982 567 frater,
2014 501 2159 556 dato.
2215 498 2272 553 Si
2301 501 2429 570 quid
2478 500 2712 555 fractum
2744 501 2824 556 vel
2870 499 3132 556 amissum
3179 500 3364 568 fuerit,

124 588 369 656 ὀφείλεις,
420 590 517 659 οὐχ
563 588 638 652 ὠς
686 590 1045 659 καταφρονῶν
1093 591 1204 645 τῶν
1223 592 1430 645 σκευῶν
1465 590 1561 645 τοῦ
1595 610 1693 663 μο-

126 681 428 751 ναστηρίου·
458 685 754 751 χρεωστεῖς
785 682 894 753 γὰρ
947 683 1097 755 πάσῃ
1144 684 1371 755 δυνάμει
1415 685 1513 739 καὶ
1544 685 1696 760 πάσῃ

126 773 319 843 σπουδῇ
348 773 655 843 φροντίζειν
680 776 860 829 αὐτῶν
880 791 894 807 ·
928 777 1044 831 ἀλλ’
1072 778 1150 841 ώς
1193 777 1363 833 θέλων
1392 778 1455 832 τὸ
1483 779 1695 851 ἀτάρα-

122 881 213 932 χον
238 864 332 916 καὶ
364 863 631 935 ἀθόρυϐον
660 866 854 920 ἑαυτοῦ
876 869 1183 937 φυλάττειν·
1220 871 1481 927 δεικνύων
1506 873 1593 925 ἀεὶ
1618 873 1697 945 τῷ

123 954 238 1025 Θεῷ
257 956 319 1010 τὸ
346 958 490 1010 κατά
518 956 768 1030 δύναμιν.
801 960 972 1016 Τοῦτο
1012 963 1068 1017 δὲ
1091 965 1436 1036 κατορθῶσαι
1466 966 1693 1039 δυνήσῃ,

123 1048 215 1100 ἐὰν
244 1048 320 1119 μὴ
348 1048 424 1112 ὼς
447 1050 556 1104 ίδια
589 1053 745 1122 οίκῇς
772 1052 841 1105 τά
874 1055 1196 1126 πράγματα,
1231 1058 1348 1111 ἀλλ’
1369 1059 1445 1123 ὡς
1464 1059 1541 1131 τῷ
1576 1060 1696 1132 Θεῷ

121 1140 472 1212 ἀνακείμενα,
514 1145 611 1196 καὶ
646 1144 807 1214 μόνον
825 1146 1031 1201 τούτων
1063 1150 1371 1215 πιστευθεὶς
1395 1151 1493 1223 τὴν
1536 1169 1699 1223 φρον-

122 1232 258 1285 τίδα.
287 1233 360 1286 Τὸ
401 1235 500 1304 μὲν
538 1237 647 1309 γάρ
676 1239 814 1305 ἐστι,
862 1241 937 1310 μὴ
973 1243 1369 1314 προσπάσχειν,
1409 1242 1592 1311 καθὼς
1617 1242 1696 1299 εῖ-

126 1342 245 1386 πον,
269 1323 331 1377 τὸ
357 1325 436 1391 δὲ,
462 1327 537 1396 μὴ
562 1333 930 1400 καταφρονεῖν
959 1334 1389 1404 παρασκευάζει.
1413 1335 1476 1388 Εἰ
1495 1335 1553 1389 δὲ
1576 1337 1698 1390 τοῦ-

124 1433 213 1467 τον
240 1416 339 1469 οὐκ
378 1416 509 1487 ἔχῃς
536 1419 625 1472 τὸν
653 1422 876 1487 σκοπὸν,
922 1420 1138 1492 θάρσει,
1181 1425 1241 1478 οὑ
1284 1426 1362 1496 μὴ
1393 1424 1577 1500 παύσῃ
1599 1445 1698 1481 τα-

129 1508 457 1578 ρασσόμενος
518 1512 613 1565 καὶ
639 1513 944 1585 ταράσσων.

799 1793 1134 1865 Ἐρώτησις.

1797 602 1892 647 aut
1926 607 1991 647 ex
2032 593 2378 664 negligentia,
2428 603 2524 648 aut
2578 610 2643 649 ex
2708 594 3012 649 inversione
3058 593 3371 662 supellecti-

1796 683 1951 748 lium,
1983 698 2052 737 ne
2075 697 2235 739 cures
2279 694 2338 738 et
2363 684 2600 753 angaris.
2638 684 2813 738 Debes
2846 694 3024 738 autem
3057 684 3160 738 hoe
3190 682 3373 737 facere

1796 790 1905 831 non
1936 782 1996 829 ut
2028 786 2373 846 contemptor
2419 790 2600 830 rerum
2648 774 2985 839 monasterii,
3037 790 3175 845 quas
3222 774 3372 829 omni

1794 881 1927 922 cura
1955 874 2011 921 et
2037 868 2216 922 studio
2248 880 2442 921 curare
2474 882 2572 936 per
2598 876 2703 932 est,
2735 866 2829 921 sed
2860 875 2921 921 ut
2949 866 3181 931 teipsum
3224 874 3372 919 tran-

1794 959 2026 1032 quillum
2071 970 2124 1015 et
2163 961 2283 1016 sine
2308 960 2545 1014 tumultu
2592 970 2686 1015 aut
2730 958 3142 1030 perturbatione
3192 957 3374 1027 aliqua

1796 1053 2022 1107 habeas.
2076 1051 2401 1108 Demonstra
2440 1066 2658 1121 semper
2703 1049 2813 1106 Deo
2861 1049 3127 1121 quidquid
3178 1057 3371 1118 poles:

1795 1142 1901 1200 hoc
1927 1151 2106 1198 autem
2142 1154 2286 1199 recte
2329 1141 2531 1213 poteris
2563 1141 2762 1207 facere,
2809 1140 2857 1195 si
2902 1156 2990 1195 res
3022 1138 3379 1195 administra-

1796 1240 1940 1296 veris
1972 1254 2079 1294 non
2104 1250 2360 1311 tanquam
2390 1238 2662 1311 proprias,
2692 1237 2788 1293 sed
2818 1237 2897 1292 uti
2927 1235 3040 1292 Deo
3065 1236 3343 1306 subiectas
3362 1276 3375 1289 .

1796 1341 1852 1386 et
1876 1340 2026 1388 certo
2049 1335 2240 1387 credas
2266 1332 2458 1387 harum
2491 1341 2700 1386 tantum
2729 1344 2914 1385 veram
2946 1344 2977 1383 a
3004 1328 3163 1384 nobis
3188 1341 3376 1384 curam

1798 1423 2124 1479 habendam.
2169 1422 2284 1479 Hoc
2317 1424 2461 1479 enim
2504 1424 2525 1494 (
2548 1433 2609 1478 ut
2642 1422 2796 1490 dixi)
2832 1420 2983 1485 facit,
3011 1435 3081 1474 ne
3129 1419 3213 1473 his
3263 1416 3376 1471 alli-

1798 1513 1986 1579 ciaris,
2010 1529 2187 1585 neque
2212 1525 2557 1570 contemnas:
2590 1514 2736 1585 quod
2767 1515 2814 1570 si
2839 1509 3218 1583 hujuscemodi
3252 1524 3381 1563 cou-

1798 1606 2180 1662 sideratlonem
2216 1621 2326 1661 non
2385 1606 2663 1670 habueris,
2710 1615 2916 1659 certum
2966 1602 3108 1657 habe
3153 1600 3283 1670 quia
3331 1608 3383 1653 et

1798 1707 1856 1755 tu
1886 1700 2024 1757 alios
2072 1709 2126 1756 et
2158 1708 2210 1755 te
2238 1698 2331 1754 alii
2360 1699 2611 1770 pluribus
2659 1696 2896 1752 afticient
2925 1695 3214 1751 molestiis.

2404 1791 2785 1863 Interrogatio.

191 1874 301 1929 Τοῦ
346 1877 614 1951 λογισμοῦ
665 1883 945 1955 χαίροντος
993 1889 1054 1942 ὲν
1097 1891 1207 1954 τοῖς
1258 1892 1439 1962 λόγοις
1467 1894 1699 1961 τούτοις,

1872 1888 2024 1943 Mens
2070 1902 2187 1943 mea
2220 1888 2274 1942 in
2319 1886 2405 1942 his
2448 1885 2629 1941 verbis
2667 1885 2775 1939 tuis
2821 1881 3079 1947 exsultat,
3127 1886 3383 1962 etAoptat

122 1969 218 2022 καὶ
250 1968 503 2058 θέλοντος
540 1970 678 2027 εἶναι
713 1978 920 2046 οὕτως,
958 1981 1125 2036 πόθεν
1149 1986 1248 2057 οὐχ
1270 1986 1595 2058 εὑρίσκομαι
1621 1992 1703 2055 είς

120 2058 219 2129 τὴν
244 2057 397 2131 ὥραν
432 2061 528 2116 τοῦ
561 2067 884 2139 πράγματος
924 2071 1141 2144 ἕτοιμος
1172 2094 1187 2144 ἲ

760 2161 1114 2234 Ἀπόκρισις.

200 2248 424 2324 Ἐπειδὴ
457 2252 518 2306 οὐ
571 2253 802 2328 μελετᾷς
840 2258 980 2314 αὐτὰ
1028 2263 1277 2322 πάντοτε.
1329 2267 1390 2322 Et
1430 2268 1488 2323 δὲ
1527 2269 1702 2333 θέλεις

119 2338 263 2412 ἔχειν
307 2343 456 2399 αὐτὰ
496 2346 556 2399 ἐν
594 2345 794 2418 καιρῷ,
830 2349 1065 2404 πάντοτε
1093 2352 1235 2407 αὐτὰ
1284 2356 1484 2426 μελέτα
1514 2359 1610 2412 καὶ
1644 2361 1703 2411 ὲν

115 2434 327 2500 τούτοις
360 2435 474 2491 ῖσθι
503 2453 519 2467 ο
558 2439 653 2493 καὶ
668 2441 909 2496 πιστεύω
944 2442 1022 2514 τῷ
1043 2444 1187 2517 Θεῷ,
1210 2448 1293 2501 ὅτι
1323 2448 1540 2519 μέλλεις
1563 2467 1702 2520 προ-

119 2528 360 2583 κόπτειν.
397 2530 511 2603 Τὴν
542 2531 851 2605 προσευχὴν
887 2535 1146 2608 σύγκρινε
1184 2541 1252 2609 τῇ
1310 2540 1511 2614 μελέτῃ
1536 2556 1550 2571 ·
1578 2544 1706 2608 τοὺς

119 2618 367 2685 ἀσθενεῖς
395 2622 675 2693 θεράπευε
702 2642 716 2656 ’
751 2627 969 2698 πρῶτον
1000 2630 1119 2701 μὲν,
1162 2631 1253 2685 ἵνα
1287 2635 1464 2706 κτήσῃ
1494 2637 1559 2689 ἐκ
1579 2637 1706 2690 τού-

119 2726 215 2765 του
249 2714 621 2783 συμπάθειαν,
660 2717 737 2782 ώς
769 2720 1032 2785 πολλάκις
1077 2717 1253 2789 εἷπον,
1283 2723 1475 2780 ἔπειτα
1501 2727 1580 2793 δὲ,
1616 2728 1705 2783 ἴνα

121 2805 217 2859 καὶ
241 2807 307 2861 σὺ
338 2809 431 2862 ὅτε
467 2809 666 2880 δήποτε
692 2812 1033 2883 άσθενήσεις,
1073 2816 1263 2889 ἐγείρῃ
1291 2819 1318 2871 ὁ
1349 2818 1481 2882 Θεὸς
1508 2819 1603 2873 τὸν
1624 2821 1707 2873 θε-

123 2902 440 2971 ραπεύοντα
462 2921 542 2959 σε.
581 2906 676 2959 Ἐν
717 2901 765 2973 ᾧ
788 2908 897 2977 γὰρ
940 2909 1156 2978 μέτρῳ,
1226 2912 1380 2982 φησὶ,
1416 2913 1704 2982 μετρεῖτε,

120 2994 693 3066 ἀντιμετρηθήσεται
704 3000 999 3069 ὐμῖν.Ἐάν
1017 3003 1264 3075 σπεύσῃς
1284 3009 1458 3061 ποιεῖν
1473 3010 1706 3080 πρᾶγμα

124 3088 267 3157 μετὰ
302 3089 404 3161 τῆς
428 3091 790 3162 συνειδήσεως
830 3094 967 3165 πρὸς
997 3095 1098 3167 τὴν
1147 3095 1379 3168 δύναμίν
1412 3117 1530 3165 σου,
1567 3101 1706 3155 ειδέ-

1802 1980 1929 2035 talis
1957 1993 2078 2034 esse
2110 1978 2327 2048 qualem
2374 1978 2644 2043 instruis;
2686 1976 2922 2031 miratur
2964 1984 3145 2028 autem
3186 1958 3284 2029 cur
3330 1973 3383 2025 in

1803 2073 1935 2129 hora
1972 2072 2145 2143 ipsius
2178 2071 2255 2125 rei
2287 2085 2394 2125 non
2427 2070 2500 2125 sit
2529 2080 2776 2138 prompta
2808 2077 2863 2123 et
2891 2076 3100 2137 parata.

2431 2159 2717 2231 Responsio
2732 2200 2745 2214 .

1872 2257 1948 2313 Ea
1986 2272 2148 2313 causa
2195 2265 2280 2312 est
2308 2254 2451 2326 quod
2488 2252 2581 2308 illa
2623 2252 2883 2307 continue
2920 2265 3029 2305 non
3061 2248 3380 2304 meditaris:

1805 2367 1929 2406 nam
1956 2352 2003 2407 si
2034 2351 2149 2405 hazc
2179 2360 2367 2419 parata
2397 2345 2635 2402 volueris
2666 2344 2723 2399 in
2756 2352 2998 2414 tempore
3027 2357 3127 2398 suo
3158 2342 3382 2405 habere,

1806 2456 1865 2499 ut
1888 2444 2277 2515 praemediteris
2305 2441 2392 2497 illa
2417 2454 2640 2496 necesse
2662 2446 2766 2503 est,
2789 2446 2844 2493 et
2871 2437 2926 2492 in
2960 2437 3048 2493 his
3070 2452 3382 2507 persevera.

1803 2537 2023 2593 Certum
2060 2537 2231 2591 habeo
2257 2546 2311 2590 et
2342 2534 2507 2590 credo
2552 2533 2663 2589 Deo
2708 2541 2761 2588 te
2807 2529 3202 2602 profecturum.
3250 2529 3386 2587 Ora-

1804 2632 2007 2687 tionem
2046 2629 2381 2685 meditationi
2416 2638 2667 2683 anueete.
2700 2625 2955 2681 Iullrmos
2987 2639 3122 2680 cura
3151 2623 3384 2694 diligen-

1804 2733 1905 2790 ter,
1950 2732 2007 2777 et
2049 2723 2134 2777 his
2162 2730 2472 2790 compatere
2516 2726 2571 2774 et
2603 2718 2883 2784 miserere,
2938 2726 2997 2772 ut
3042 2732 3184 2787 saepe
3226 2716 3382 2784 dixi;

1804 2832 1914 2886 quo
1953 2824 2008 2871 te
2040 2826 2225 2885 postea
2256 2814 2506 2869 fortassis
2541 2819 2838 2891 aegrotante
2864 2811 3063 2867 excitet
3107 2810 3251 2867 Deus
3280 2811 3384 2865 ali-

1805 2924 1967 2979 quem
2000 2910 2093 2979 qui
2137 2908 2231 2963 tibi
2278 2908 2550 2963 ministret
2594 2916 2649 2961 et
2702 2905 2940 2961 serviat:
2983 2903 3051 2958 In
3084 2921 3189 2975 qua
3237 2902 3383 2959 enim

1807 3020 2073 3070 mensura,
2106 3004 2199 3068 ait,
2234 3004 2397 3056 mensi
2444 3002 2676 3071 fueritis,
2708 3001 3010 3055 remetietur
3041 3009 3093 3053 et
3139 3000 3281 3054 vobis
3310 3008 3337 3049 'l
3365 3035 3383 3053 .

1810 3097 1978 3152 Stude
2007 3098 2192 3154 Omnia
2234 3112 2358 3150 cum
2406 3094 2741 3151 conscientia
2794 3091 3016 3158 facere,
3064 3100 3118 3147 et
3173 3100 3382 3147 eertum

122 3195 211 3233 ναι
239 3181 482 3250 ὀφείλεις
520 3184 616 3237 καὶ
667 3184 860 3239 ἑαυτὸν
895 3186 1279 3261 πληροφορεῖν,
1326 3191 1409 3244 ὅτι
1436 3192 1534 3263 τὴν
1574 3193 1704 3264 ἀλη-

1809 3190 1949 3245 habe
1992 3200 2043 3245 te
2086 3190 2329 3244 nondum
2367 3189 2510 3243 viam
2564 3202 2727 3258 quam
2775 3185 3042 3252 ambules,
3096 3184 3362 3251 reperisse

124 3272 279 3345 θινὴν
298 3275 419 3331 ὁδὸν
447 3275 602 3331 οὔπω
635 3273 806 3345 οἶδας,
852 3281 947 3334 καὶ
994 3281 1232 3351 ὀφείλεις
1267 3285 1561 3356 ἀταράχως
1606 3290 1704 3342 καὶ

124 3364 408 3431 ὰθλίπτως
449 3369 545 3422 καὶ
587 3370 725 3439 μετὰ
762 3372 939 3440 χαρᾶς
972 3371 1250 3442 δέχεσθαι,
1296 3375 1385 3427 ὅτε
1428 3375 1702 3444 ἀκούσεις,

124 3453 206 3507 ὃτι
240 3456 492 3526 ἐσφάλης
525 3459 605 3521 εἰς
644 3460 821 3513 ἐκεῖνο
847 3459 875 3513 ὃ
895 3460 1154 3531 ἐνόμισας
1180 3468 1357 3518 ποιεῖν
1407 3468 1548 3536 μετὰ
1579 3484 1706 3520 συν-

124 3546 411 3617 ειδήσεως.
443 3549 523 3620 Τῇ
556 3550 665 3621 γάρ
695 3552 878 3621 κρίσει
907 3551 1016 3606 τῶν
1044 3554 1383 3626 συνεταίρων
1419 3574 1535 3623 σου,
1576 3558 1709 3612 πάν-

122 3652 228 3699 τως
256 3636 293 3708 ἢ
343 3637 411 3690 τὸ
465 3638 896 3710 ἀπολειπόμενον
962 3641 1290 3717 διορθοῦται,
1342 3644 1376 3715 ἢ
1420 3644 1482 3698 τὸ
1526 3646 1709 3711 καλῶς

120 3727 416 3799 γινόμενον
451 3729 855 3801 ἀσφαλέστερον
900 3732 1133 3801 γίνεται.
1176 3735 1455 3802 Σπούδαζε
1507 3739 1710 3809 προκό-

120 3820 243 3888 ψαι,
277 3821 367 3875 ἴνα
399 3820 500 3874 ἐὰν
532 3823 715 3894 συμϐῇ
746 3840 827 3877 σοι
846 3824 1097 3897 θλίψις,ἢ
1135 3829 1465 3898 σωματικῶς
1485 3830 1518 3902 ἢ
1542 3848 1711 3884 πνευ-

126 3912 397 3982 ματικῶς,
460 3912 733 3977 ἁθλίπτως
790 3917 887 3970 καὶ
930 3916 1156 3990 ἁδαρῶς
1211 3920 1307 3973 καὶ
1349 3921 1472 3991 μεθ’
1505 3922 1711 3993 ὑπομο-

123 4006 220 4075 νῆς
243 4005 484 4077 δυνηθῇς
520 4005 809 4077 βαστάσαι.
863 4006 989 4061 Ἐάν
1018 4009 1260 4082 ἀκούσῃς
1315 4011 1398 4064 ὄτι
1444 4013 1711 4082 ἐποίησας

124 4097 362 4168 πρᾶγμα
392 4097 530 4165 ὅπερ
558 4098 659 4151 οὐκ
683 4099 969 4170 ἐποίησας,
1006 4102 1082 4173 μὴ
1115 4101 1352 4173 θροηθῇς
1397 4103 1532 4166 ὅλως
1573 4104 1710 4174 μηδὲ

122 4191 308 4261 πυρῇς
334 4206 350 4221 ·
388 4189 503 4245 ἀλλ’
536 4190 738 4254 εὐθέως
768 4191 898 4261 βάλε
926 4194 1220 4264 μετάνοιαν
1255 4194 1334 4264 τῷ
1367 4197 1575 4249 εἰπόντι
1601 4212 1707 4262 σοι,

126 4280 271 4349 μετὰ
308 4282 696 4346 ταπεινώσεως
736 4282 911 4352 λέγων
960 4285 1113 4357 αὐτῷ
1139 4303 1153 4319 ο
1180 4285 1545 4357 Συγχώρησόν
1592 4304 1705 4358 μοι,

122 4371 221 4424 καὶ
244 4367 404 4437 εὖξαι
427 4372 570 4443 ὑπὲρ
609 4373 767 4443 ἐμοῦ,
799 4375 896 4428 καὶ
930 4374 1111 4430 σιώπα
1143 4376 1307 4449 μέχρι
1350 4378 1573 4432 τούτουο
1609 4396 1708 4432 κα-

126 4461 237 4526 θὼς
272 4465 375 4517 καὶ
410 4465 460 4516 οἱ
492 4464 737 4538 Πατέρες
776 4460 951 4521 εἶπον.
1011 4467 1135 4520 Ἐὰν
1170 4466 1227 4520 δὲ
1269 4470 1565 4539 ἐρωτηθεὶς
1612 4468 1708 4523 ὑπ’

1805 3297 1927 3336 cum
1960 3280 2199 3335 audieris
2230 3281 2282 3334 in
2315 3281 2367 3335 id
2410 3280 2731 3349 collapsum,
2772 3276 2921 3348 quod
2957 3288 3007 3332 te
3038 3276 3384 3332 existimaras

1806 3376 1984 3429 facere
2005 3390 2129 3430 cum
2157 3374 2508 3431 conscientia.
2538 3372 2730 3427 Omnia
2753 3370 2873 3426 sine
2899 3370 3233 3433 turbatione,
3265 3369 3385 3425 sine

1808 3467 2077 3531 molestia,
2108 3481 2232 3520 cum
2264 3465 2465 3536 gaudio
2490 3464 2727 3533 suscipe.
2767 3461 2984 3518 Judicio
3020 3461 3382 3531 cozequalium

1807 3570 1860 3614 te
1889 3558 2067 3623 crede,
2100 3574 2224 3613 cum
2255 3558 2355 3613 vel'
2376 3558 2522 3628 quod
2562 3555 2743 3611 minus
2783 3554 3091 3621 videbatur,
3140 3553 3381 3619 additur,

1806 3648 1891 3703 vel
1919 3647 2063 3719 quod
2092 3648 2229 3703 bene
2258 3656 2439 3705 actum
2483 3645 2681 3713 fuerat,
2712 3645 2910 3701 melius
2943 3655 2997 3700 et
3030 3644 3232 3700 rectius
3279 3647 3383 3699 ite-

1806 3747 1979 3794 ratur.
2012 3737 2086 3792 Da
2116 3754 2336 3807 Operam
2365 3748 2427 3795 ut
2455 3738 2711 3808 proﬁcias
2739 3756 2753 3792 :
2786 3746 2848 3792 ut
2888 3753 3014 3792 cum
3044 3737 3139 3792 tibi
3164 3737 3383 3793 aﬂlictio

1807 3831 1988 3900 aliqua
2016 3832 2101 3885 vel
2126 3831 2427 3900 spiritualis
2454 3830 2539 3886 vel
2564 3829 2865 3900 corporalis
2896 3830 3208 3900 contigerit,
3236 3831 3381 3885 illam

1806 3936 1931 3976 cum
1980 3923 2129 3975 omni
2186 3921 2445 3993 patientia
2485 3919 2627 3977 ferre
2666 3929 2721 3977 et
2762 3923 3034 3977 sustinere
3079 3937 3272 3991 queas.
3326 3920 3384 3977 Si

1807 4014 2047 4070 audieris
2071 4014 2178 4070 dici
2208 4013 2403 4069 fecisse
2425 4024 2477 4069 te
2499 4029 2615 4068 rem
2642 4012 2808 4068 ullam
2838 4028 3000 4084 quam
3029 4028 3137 4067 non
3168 4013 3381 4081 feceris,

1807 4121 1876 4162 ne
1905 4105 2161 4169 turberis,
2192 4120 2258 4159 ne
2285 4105 2705 4169 commovearis,
2737 4103 2830 4159 sed
2858 4103 3002 4158 illico
3032 4103 3385 4159 inclinatione

1809 4198 2053 4269 corporis
2083 4199 2344 4253 honorem
2356 4197 2640 4262 exhibens,
2663 4196 2814 4252 illum
2839 4195 2931 4267 qui
2964 4195 3061 4251 tibi
3089 4194 3143 4249 id
3165 4195 3383 4263 dixerit,

1809 4300 1871 4345 ut
1897 4290 1995 4344 tibi
2022 4290 2257 4345 dimittat
2283 4299 2337 4345 et
2368 4299 2487 4345 oret
2520 4304 2619 4361 pro
2652 4299 2701 4344 te
2735 4304 2859 4345 eum
2894 4289 3201 4345 humilitate
3233 4304 3381 4360 roga,

1807 4387 1864 4433 et
1890 4377 2153 4447 posthaec
2180 4378 2403 4432 omnino
2431 4377 2707 4431 silentium
2732 4377 2899 4448 agito.
2934 4375 3031 4431 Sin
3056 4391 3186 4431 vero
3215 4376 3381 4431 inter-

1808 4480 2031 4541 rogatus
2078 4468 2245 4524 fueris
2292 4483 2554 4524 verumne
2601 4468 2672 4524 sit
2715 4468 2860 4539 quod
2909 4466 3101 4524 fecisse
3137 4468 3383 4535 diceris;

125 4555 324 4619 αὑτοῦ,
359 4557 411 4609 εί
440 4555 641 4627 ἀληθές
682 4558 800 4610 ἐστι
839 4558 902 4611 τὸ
949 4560 1202 4629 πρᾶγμα,
1241 4558 1388 4631 ἢοῦ,
1427 4560 1549 4614 τότε
1583 4561 1704 4633 βάλε

1815 4573 1935 4634 post
1981 4562 2391 4618 inclinationem
2446 4564 2694 4634 corporis
2738 4578 2863 4618 cum
2922 4563 3381 4628 mansuetudine,

131 4646 431 4716 μετάνοιαν
463 4646 601 4717 μετὰ
621 4648 1026 4714 ταπεινώσεως,
1049 4650 1225 4719 λέγων
1276 4654 1416 4720 μετὰ
1448 4652 1710 4724 ἀληθείας

127 4738 249 4802 πῶς
271 4736 344 4807 ἦν
365 4739 428 4792 τὸ
457 4740 712 4810 πρᾶγμα.
742 4743 851 4795 Καὶ
881 4742 1000 4811 μεθ’
1022 4743 1050 4796 ὃ
1071 4743 1251 4812 λέγειν
1282 4744 1444 4797 πάλιν
1463 4744 1592 4815 βάλε
1615 4765 1711 4817 με-

123 4833 355 4885 τάνοιαν
404 4835 545 4903 μετὰ
613 4834 1020 4904 ταπεινώσεως,
1090 4836 1290 4908 λέγων,
1338 4839 1710 4913 Συγχώρησόν

126 4942 222 4995 μοι
254 4930 355 4981 καὶ
377 4922 531 4995 εὖξαι
564 4927 714 4998 μένοι
744 4927 810 4983 ⁸³.

778 5020 1115 5090 Ἐρώτησις.

199 5112 266 5164 Τί
307 5113 538 5182 ποιήσω,
570 5115 653 5167 ὅτι
680 5115 742 5168 οὐ
783 5115 882 5186 τὴν
911 5115 1080 5188 αὐτὴν
1124 5118 1233 5187 ἔχω
1277 5117 1611 5172 κατάστασιν
1654 5120 1713 5171 ἐν

126 5206 195 5272 τῇ
240 5206 550 5277 ἀπαντήσει
578 5206 687 5259 τῶν
713 5207 959 5276 ἀδελφῶν
986 5226 1001 5273 ;

778 5392 1135 5462 Ἀπόκρισις.

204 5479 322 5547 Τὴν
356 5480 455 5548 μὲν
488 5482 658 5553 αὐτὴν
692 5485 1023 5539 κατάστασιν
1070 5487 1129 5540 ἐν
1162 5488 1227 5558 τῇ
1273 5487 1573 5558 ἀπαντήσει
1604 5489 1711 5542 τῶν

199 5626 226 5665 q
256 5614 450 5671 Matth.
492 5633 588 5684 vu,
635 5620 689 5672 2.

1812 4655 1973 4727 453
2008 4672 2122 4711 rem
2168 4672 2384 4711 omnem
2417 4656 2609 4709 ordine
2648 4670 2750 4711 suo
2781 4669 2902 4709 cum
2947 4655 3174 4711 veritate
3205 4656 3387 4710 mani-

1814 4750 1974 4804 festa.
2001 4747 2066 4803 Et
2102 4750 2204 4804 hoc
2231 4748 2401 4813 dicto,
2432 4763 2647 4802 rursum
2684 4763 2913 4819 corpore
2942 4748 3201 4804 inclinato
3229 4764 3385 4803 reve-

1813 4838 2044 4894 rentiam
2080 4839 2365 4906 exhibens,
2397 4848 2457 4894 ut
2490 4854 2588 4911 pro
2618 4848 2669 4895 te
2713 4839 2981 4910 supplicet
3020 4839 3304 4904 altissimo,
3334 4851 3386 4895 et

1818 4931 2033 4987 veniam
2061 4932 2172 5000 det,
2199 4942 2407 5003 rogato.

2407 5023 2780 5096 Interrogatio.

1890 5117 2028 5184 Quid
2063 5117 2301 5173 faciam?
2328 5115 2447 5172 Non
2476 5117 2622 5172 enim
2660 5118 2711 5172 id
2759 5116 2890 5171 mihi
2925 5123 3009 5171 est
3050 5116 3218 5170 animi
3259 5132 3385 5171 cum

1817 5211 2014 5266 fratres
2046 5212 2236 5265 obvios
2262 5212 2524 5276 habuero,
2550 5219 2644 5265 aut
2670 5210 2735 5265 ad
2771 5211 2875 5265 hoc
2898 5224 2983 5265 me
3006 5220 3309 5281 promptum
3332 5220 3387 5267 et

1814 5310 2060 5373 paratum
2093 5301 2325 5357 oﬂ‘endo.

2446 5394 2753 5465 Responsio.

1884 5489 1940 5544 In
1969 5490 2159 5545 eodem
2192 5500 2332 5546 statu
2366 5504 2486 5545 esse
2509 5505 2723 5559 semper
2753 5488 2892 5544 haud
2924 5497 3094 5559 potes,
3127 5486 3255 5544 dum
3279 5486 3388 5541 fra-

1432 5732 1665 5790 VARlA-J
1696 5734 2103 5795 LECTIONES.

207 5845 255 5876 “
297 5843 483 5900 Μὲνοι.
524 5845 662 5911 ὑπὲρ
691 5849 845 5909 ἐμοῦ.
