4118 6542
752 408 887 474 1807
1933 402 1992 462 S.
2051 397 2436 461 DAROTHEI
2476 398 2793 460 ABBATIS
3894 397 4022 463 1808

745 521 920 575 tribus
953 518 1062 573 tuis
1090 514 1281 571 obvias
1306 532 1319 570 :
1350 512 1444 568 sed
1473 512 1690 567 interim
1720 509 1788 567 da
1810 523 2030 582 Operam
2061 526 2129 566 ne
2155 526 2307 567 scan-
2341 513 2371 570 Α

2415 508 2662 578 ἀδελφῶν
2699 507 2855 564 οὔπω
2883 505 3111 565 δύνασαι
3140 509 3286 580 ἔχειν
3305 527 3320 540 ·
3367 510 3504 566 ἀλλὰ
3531 511 3676 572 τέως
3716 509 4021 576 σπούδαζε.

745 611 999 667 dalizeris
1033 609 1087 663 in
1115 608 1322 677 aliquo,
1364 619 1541 675 neque
1581 603 1794 672 judiccs
1836 616 2190 672 quemquam,
2221 609 2316 655 aut

2423 599 2500 669 μὴ
2540 599 3000 672 σκανδαλισθῆναι
3032 601 3092 655 ἐν
3124 617 3255 666 τινι,
3291 602 3428 672 μηδὲ
3474 601 3859 668 κατακρίνειν
3889 605 4020 663 τινα,

745 698 1060 771 ubloqnaris
1103 697 1172 752 de
1219 696 1420 765 aliquo.
1474 693 1618 749 Neve
1662 694 1914 749 advertas
1958 692 2200 747 animum
2246 691 2313 746 ad

2418 688 2556 761 μηδὲ
2576 690 2904 747 καταλαλεῖν
2927 709 3094 756 τινος,
3115 693 3250 762 μηδὲ
3274 693 3562 762 προσέχειν
3582 693 3768 762 λόγῳ,
3793 691 3832 760 ἢ
3859 690 4019 761 ἔργῳ,

745 803 1074 854 sermonem,
1116 795 1202 841 aut
1233 799 1392 855 opus,
1425 792 1521 838 aut
1550 791 1759 836 motum
1791 781 1961 835 ullum
1990 777 2314 844 fraternum,

2416 779 2450 851 ἦ
2471 781 2738 852 κινήματι
2759 781 3006 851 ἀδελφῶν
3037 781 3115 853 μὴ
3133 781 3469 850 ὠφελοῦντος
3501 783 3548 814 ⁸³
3571 799 3631 836 σε
3650 797 3671 812 ·
3717 781 3874 835 ἀλλὰ
3897 781 4021 850 μελ-

745 885 1040 954 quominus
1073 877 1394 944 aedificeris;
1439 875 1533 931 sed
1561 883 1620 930 tu
1659 885 1710 930 te
1749 873 1921 944 magis
1960 875 2015 927 in
2062 872 2318 927 omnibus

2416 873 2507 926 λον
2552 873 2824 938 σπούδαζε
2866 877 2927 929 ἐν
2975 876 3142 928 πᾶσιν
3181 874 3490 944 οἰκοδομεῖν
3532 873 3772 936 ἑαυτὸν,
3818 872 3921 925 καὶ
3954 872 4019 939 μὴ

745 989 876 1031 cura
900 984 1246 1043 componere.
1283 966 1472 1038 Neque
1499 966 1633 1022 velis
1666 966 1936 1037 gloriosus
1964 964 2158 1030 videri,
2186 963 2315 1018 dum

2416 964 2539 1019 θέλε
2569 967 2841 1038 φανητιᾷν
2863 968 2923 1022 ὲν
2947 967 3114 1038 λόγῳ,
3135 967 3169 1037 ἢ
3193 967 3360 1039 ἔργῳ,
3383 967 3480 1020 καὶ
3502 966 3856 1031 κενοδοξεῖν.
3885 964 4021 1028 Kef;

745 1067 987 1137 loqueris
1009 1108 1026 1132 ,
1056 1065 1186 1120 dum
1215 1062 1350 1117 facis
1376 1060 1674 1131 quidpiam.
1720 1059 2048 1113 Libertatem
2095 1057 2150 1111 in
2180 1071 2318 1112 cun-

2416 1073 2508 1109 σαι
2535 1056 2855 1127 ἐλευθερίαν
2892 1059 2975 1122 είς
2999 1058 3098 1130 τὴν
3125 1057 3340 1112 διαίταν
3375 1075 3494 1123 σου,
3535 1059 3634 1110 καὶ
3665 1059 3762 1119 εἰς
3804 1055 3906 1107 τὸν
3938 1055 4016 1105 λό-

747 1161 849 1214 ctis
876 1156 1114 1230 posside,
1145 1156 1200 1211 in
1222 1154 1653 1217 conversatione,
1681 1151 1734 1206 in
1758 1165 2010 1206 sermone
2030 1159 2086 1204 et
2110 1148 2164 1203 in
2184 1161 2318 1203 una-

2415 1164 2513 1217 γον
2536 1164 2655 1212 σου,
2684 1149 2790 1212 ἓως
2811 1148 3011 1203 λεπτοῦ
3035 1151 3384 1222 πράγματος.
3409 1149 3648 1203 Γίνωσκε
3677 1149 3802 1211 ὅτι,
3818 1147 3921 1202 ἐὰν
3937 1163 4021 1197 πο-

745 1265 962 1322 quaque
995 1263 1055 1304 re
1097 1246 1417 1304 tenuissima
1459 1255 1516 1300 et
1551 1243 1796 1298 minima.
1830 1240 1966 1296 Cum
2008 1242 2152 1296 enim
2192 1239 2318 1309 quis

2417 1236 2650 1308 λεμῆταῑ
2674 1256 2780 1302 τις.
2820 1239 2855 1310 ἦ
2889 1238 3136 1293 θλίϐεται
3182 1239 3288 1292 ὑπό
3323 1256 3469 1301 τινος
3512 1235 3825 1308 sps-.3605;
3868 1237 4009 1301 λογι-

746 1351 1090 1414 oppugnatur
1115 1340 1198 1394 vel
1245 1337 1498 1408 afﬂigitur
1541 1337 1610 1391 ab
1650 1334 1832 1404 aliqua
1871 1333 2065 1388 vitiosa
2115 1331 2320 1403 cogita-

2419 1329 2583 1401 σμοῦ,
2618 1331 2714 1385 καὶ
2733 1331 3038 1403 ἐξαγορεύσῃ
3066 1331 3253 1396 αὐτὸν,
3280 1331 3442 1394 αὐτὸς
3480 1331 3844 1400 ἰσχυροποιεῖ
3872 1326 4019 1380 αὐτὴν

747 1432 915 1494 tione,
946 1439 1000 1484 et
1031 1444 1149 1483 eam
1190 1428 1256 1482 ad
1293 1439 1471 1482 actum
1505 1425 1789 1494 perducit,
1820 1424 2104 1479 invalescit
2127 1422 2318 1476 vitium

2419 1420 2545 1474 καθ’
2576 1421 2776 1476 ἑαυτοῦ
2800 1439 2814 1452 ·
2847 1422 3014 1474 οἱονεὶ
3061 1421 3294 1493 δύναμιν
3338 1421 3599 1493 παρέχων
3643 1419 3814 1488 αὐτῷ
3860 1419 3942 1480 εἰς
3968 1417 4019 1469 τὲ

733 1521 802 1577 ’ἱη
841 1523 1015 1592 ipsum
1046 1538 1059 1574 :
1092 1528 1146 1574 et
1186 1519 1302 1589 ipse
1328 1519 1376 1574 ei
1405 1516 1774 1571 fortitudinem
1811 1516 1952 1570 hanc
1979 1524 2219 1585 prtestat,
2261 1522 2322 1569 ut

2427 1512 2593 1566 πλέον
2652 1513 2906 1584 πολεμεῖν
2947 1513 3043 1567 καὶ
3083 1511 3291 1566 θλίϐειν
3338 1512 3526 1567 αὐτόν.
3577 1511 3712 1565 Ἐὰν
3756 1510 3822 1564 δὲ
3849 1511 4019 1592 ’πάλιν

746 1586 1000 1684 deinceps
1041 1586 1238 1668 fortius
1282 1618 1625 1681 oppugnetur
1661 1619 1716 1663 ct
1756 1608 2045 1679 aﬂligatur.
2092 1605 2230 1674 Quia
2272 1605 2320 1661 si

2427 1603 2790 1675 ἀγωνίσηται,
2825 1605 2924 1659 καὶ
2973 1605 3270 1677 ἐναντιωθῇ
3302 1605 3380 1674 τῷ
3405 1603 3658 1675 λογισμῷ
3700 1586 3908 1666 αὑτοῗὶ,
3940 1602 4020 1653 καὶ

747 1720 844 1776 pro
878 1704 1018 1758 virili
1051 1713 1202 1774 parte
1234 1700 1548 1771 cogitationi
1590 1699 1992 1768 repugnaverit,
2021 1705 2075 1752 et
2103 1705 2322 1751 contra-

2421 1699 2695 1771 ὲνεργήσῃ
2726 1699 2798 1752 τὰ
2847 1697 3237 1769 ἐναντιούμενα
3292 1697 3443 1768 αὐτῷ
3467 1737 3483 1760 ,
3515 1697 3710 1760 καθὼς
3765 1697 4021 1757 πολλάκις

746 1797 827 1852 ria
860 1797 936 1850 illi
970 1793 1305 1865 opposuerit,
1350 1792 1665 1847 debilitatur
1695 1791 1910 1852 vitium,
1949 1798 2005 1844 et
2047 1788 2319 1858 impotens
2353 1859 2372 1865 _

2421 1791 2670 1859 εἴπομεν,
2705 1788 2989 1854 ἐξασθενεῖ
3014 1789 3078 1843 τὸ
3108 1789 3300 1854 πάθος,
3333 1789 3431 1843 καὶ
3454 1789 3766 1858 ἀνίσχυρον
3810 1788 4015 1855 γίνεται

747 1891 808 1942 lit
835 1859 1021 1942 denuo
1040 1859 1105 1938 ad
1137 1883 1560 1955 oppugnandum
1590 1896 1716 1937 eum
1745 1898 1760 1948 ;
1801 1881 1989 1951 sicque
2023 1888 2240 1936 certans
2269 1888 2324 1934 ει
2352 1859 2373 1915 Ῑ

2395 1896 2396 1902 ‘
2422 1885 2504 1946 είς
2531 1882 2591 1934 τὸ
2619 1881 2882 1952 πολεμεῖν
2912 1880 3008 1934 καὶ
3056 1880 3261 1934 θλίϐειν
3293 1881 3456 1934 αὐτόν
3478 1897 3494 1911 ο
3533 1881 3635 1934 καὶ
3671 1878 3864 1941 οὕτως
3893 1878 4021 1930 κατὰ

749 1994 781 2035 a
827 1977 936 2034 Deo
973 1976 1193 2046 adjutus
1235 1975 1290 2029 in
1326 1972 1642 2038 certamine,
1681 1971 1886 2028 sensim
1925 1971 2116 2026 vitium
2145 1970 2324 2042 ipsum

2423 1972 2622 2045 μικρὸν
2643 1972 3066 2041 ἀγωνιζόμενος,
3098 1972 3195 2026 καὶ
3219 1971 3588 2043 βοηθούμενος
3608 1970 3722 2024 ὑπὸ
3744 1971 3848 2024 τοῦ
3869 1968 4018 2028 θεοῦ,

749 2073 974 2128 omnino
1006 2078 1226 2140 superat
1254 2078 1310 2122 et
1338 2065 1589 2121 conterit.
1627 2064 1768 2118 Deus
1803 2079 1902 2120 nos
1929 2072 2179 2135 protegat
2201 2079 2327 2134 pre-

2421 2064 2769 2138 περιγίνεται
2803 2065 2899 2118 καὶ
2925 2063 3092 2118 αὐτοῦ
3131 2063 3225 2118 τοῦ
3256 2065 3484 2128 πάθους.
3529 2065 3590 2117 Ὀ
3647 2063 3792 2127 Θεὸς
3825 2062 4021 2117 σκεπά-

747 2163 906 2218 cibus
941 2161 1186 2215 ninnium
1228 2165 1564 2213 sanctorum.
1603 2154 1796 2208 Amen.

2428 2175 2511 2211 σει
2546 2159 2695 2228 ἡμᾶς
2709 2157 2898 2228 εὐχαῖς
2918 2157 3140 2212 πάντων
3175 2157 3284 2210 τῶν
3316 2158 3510 2226 ἁγίων.
3557 2157 3765 2227 ’Λμήν,

2195 2284 2568 2358 Interrogatio.

826 2383 893 2440 Ut
917 2383 1048 2453 quid
1079 2382 1249 2437 abbas
1285 2381 1479 2436 Pastor
1504 2381 1680 2436 dixit:
1710 2378 1834 2433 Tria
1867 2392 1987 2432 esse
2018 2376 2303 2447 principia,
2345 2379 2536 2435 timere
2570 2379 2881 2448 Dominum,
2908 2383 3218 2453 supplicare
3254 2381 3381 2448 Deo,
3411 2391 3465 2436 et
3495 2382 3549 2437 in
3581 2381 3910 2452 proximum
3955 2381 4023 2434 ίι-

750 2493 874 2535 cere
904 2479 1334 2532 misericordiam
1358 2475 1382 2529 ?

2215 2565 2520 2636 Responsio.

821 2666 1148 2722 Timendum
1179 2679 1302 2721 esse
1333 2661 1625 2718 Dominum
1653 2659 1792 2716 dixit
1841 2673 2006 2714 senex
2030 2697 2048 2726 ,
2090 2657 2221 2729 quia
2255 2658 2416 2715 timor
2461 2658 2558 2714 Dei
2597 2661 2852 2716 virtutem
2890 2677 3109 2718 omnem
3157 2664 3433 2736 praecedit.
3482 2664 3840 2736 Principium
3884 2663 4022 2718 enim

752 2763 1029 2833 sapientite
1055 2771 1132 2816 est
1167 2761 1325 2812 timor
1356 2756 1659 2819 Domini';
1693 2763 1748 2810 et
1789 2755 1974 2808 nullus
2017 2752 2226 2821 absque
2255 2751 2454 2808 timore
2499 2751 2595 2808 Dei
2625 2754 2881 2808 virtutem
2909 2755 3113 2826 dirigit,
3163 2769 3256 2812 aut
3307 2758 3512 2813 bonum
3560 2758 3803 2830 aliquod
3846 2774 3863 2812 :
3912 2771 4026 2810 cum

757 2857 954 2910 timore
983 2852 1073 2908 Dei
1103 2850 1338 2905 declinet
1361 2849 1539 2919 quivis
1567 2863 1598 2902 a
1643 2847 1806 2902 malo.
1855 2845 2284 2916 Supplieandum
2325 2853 2506 2899 autem
2551 2859 2676 2900 esse
2712 2845 2944 2901 Domino
2973 2847 3147 2914 dixit,
3181 2849 3308 2920 quia
3342 2864 3518 2921 neque
3553 2850 3832 2904 virtutem
3865 2855 4030 2916 potest

756 2945 1036 3017 possidere
1067 2943 1252 3008 homo,
1279 2954 1454 3010 neque
1476 2938 1710 3010 quodvis
1741 2937 1886 2992 aliud
1919 2937 2122 2991 bonum
2159 2933 2339 2990 facere
2365 2936 2446 3004 (ut
2475 2935 2635 3005 dixi),
2661 2938 2874 2994 etiamsi
2905 2938 2960 2993 id
2989 2939 3119 2995 velit
3145 2949 3201 2996 et
3225 2951 3442 3013 appetat
3464 2959 3563 3014 per
3619 2943 3895 2997 timorem
3920 2939 4025 3003 Dei,

755 3038 964 3107 absque
993 3047 1095 3105 ope
1128 3041 1183 3088 et
1209 3030 1415 3088 auxilio
1445 3029 1650 3086 divino.
1699 3027 1850 3098 Opus
1895 3028 2040 3082 enim
2069 3038 2153 3082 est
2172 3026 2466 3097 diligentia:
2499 3038 2556 3083 et
2597 3029 2783 3084 studio
2812 3039 3001 3086 nostro
3029 3032 3197 3088 etiam
3235 3034 3479 3089 divinum
3520 3036 3832 3090 auxilium.
3865 3032 4032 3099 Quare

756 3144 978 3188 necesse
1005 3137 1089 3184 est
1124 3127 1316 3198 quavis
1346 3126 1399 3180 in
1441 3140 1500 3180 re
1531 3124 1695 3180 etiam
1727 3123 1951 3178 minima
1992 3121 2302 3193 supplicare
2331 3129 2387 3176 et
2429 3137 2588 3178 orare
2620 3122 2934 3191 Dominum,
2965 3133 3024 3180 ut
3066 3125 3378 3196 cuicunque
3413 3127 3617 3183 actioni
3650 3138 3874 3184 nostra:
3903 3130 4032 3185 adsit

755 3232 812 3280 et
837 3236 994 3293 opem
1032 3218 1191 3275 ferat.
1229 3217 1558 3275 Benefacere
1583 3224 1763 3272 autem
1810 3214 2081 3286 proximo,
2109 3215 2216 3268 hoc
2257 3213 2540 3268 cbaritatis
2561 3225 2647 3270 est
2669 3223 2725 3269 et
2753 3217 2979 3274 amoris.
3014 3217 3288 3284 Quoniam
3330 3217 3499 3289 igitur
3527 3219 3624 3289 qui
3662 3218 3848 3275 Deum
3891 3218 4032 3276 ιὶπιει

756 3327 811 3374 ει
833 3316 1073 3371 Domino
1105 3313 1396 3384 supplicat,
1429 3310 1534 3366 sibi
1568 3311 1671 3365 soli
1715 3307 1957 3380 prodest,
1987 3315 2044 3362 et
2069 3305 2245 3362 virtus
2272 3305 2454 3361 omnis
2500 3321 2599 3376 per
2641 3307 2966 3364 cbaritatem
3011 3324 3140 3381 erga
3172 3309 3485 3381 proximum
3532 3311 3839 3382 perficitur
3868 3331 3886 3380 ;
3925 3315 4031 3369 ideo

757 3413 896 3468 dixit
936 3426 1104 3468 senex
1135 3409 1300 3465 etiam
1353 3407 1600 3477 proximo
1638 3403 2107 3460 benefaciendum.
2163 3399 2299 3455 Nam
2337 3400 2432 3472 qui
2477 3399 2645 3456 Deum
2693 3402 2846 3458 timet
2888 3413 2946 3458 et
2992 3403 3169 3460 eidem
3225 3405 3515 3476 supplicat,
3568 3404 3742 3460 debet
3797 3407 3895 3461 hic
3941 3405 4035 3460 uti-

757 3522 865 3578 que
891 3506 1144 3577 proximo
1174 3502 1430 3574 prodesse
1455 3511 1510 3556 ει
1551 3499 1890 3556 benefacere.
1932 3496 2047 3552 lloc
2070 3505 2153 3553 est
2178 3494 2324 3552 enim
2367 3495 2470 3566 (ιιι
2507 3495 2664 3568 dixi)
2712 3497 3002 3554 cbaritatis
3044 3507 3101 3553 et
3137 3498 3345 3555 amoris
3389 3497 3700 3570 proprium.
3749 3496 3892 3555 Haec
3927 3514 4033 3570 per-

761 3606 925 3662 fectio
951 3607 1216 3662 virtutum
1246 3611 1369 3670 est,
1403 3614 1463 3657 ut
1505 3602 1580 3656 ait
1624 3609 1848 3657 sanctus
1894 3598 2189 3670 Apostolus
2219 3608 2268 3652 ε.
2301 3596 2485 3653 Gloria
2516 3599 2590 3654 sit
2634 3597 2745 3655 Deo
2785 3609 2998 3662 nostro,
3045 3609 3194 3652 nunc
3225 3601 3282 3648 et
3323 3593 3377 3648 in
3418 3590 3621 3646 szecula
3676 3593 4030 3646 steculorum.

760 3701 955 3756 Amen.

1291 3811 1637 3868 DOCTRINA
1663 3811 1804 3867 xm.
2361 3791 2408 3852 ϐ
2915 3851 2917 3862 .

2361 3791 2408 3852 ο
2915 3805 3326 3864 ΔΙΔΑΣΚΔΛΙᾹ
3383 3805 3482 3860 ιε’.

906 3910 1158 3982 Ejusdem
1200 3909 1370 3963 breves
1401 3918 1450 3962 et
1492 3907 1871 3977 compendiosa:
1901 3903 2193 3959 sententia.

2549 3902 2660 3960 Τοῦ
2698 3901 2887 3958 αὐτοῦ
2921 3902 3161 3972 ῥήματα
3191 3898 3465 3969 διάφορα,
3506 3897 3578 3949 ἑν
3607 3897 3935 3965 συντόμῳ,

835 4001 1028 4055 Aiebat
1061 4000 1231 4054 abbas
1259 3997 1568 4052 Dorotbeus
1595 4012 1720 4051 eum
1767 3996 1859 4066 qui
1896 3995 2100 4065 proprii
2141 4009 2336 4049 sensus

2517 3996 2577 4050 '0
2599 3995 2773 4060 ἀϐϐἄς
2802 3995 3083 4067 Δωρόθεος
3123 3993 3309 4061 ἔλεγεν
3349 3991 3432 4044 ὅτι
3460 3988 3737 4043 ἀδύνατόν
3795 3990 3923 4043 ἐστι
3959 3989 4031 4042 τιν

762 4099 818 4148 ει
845 4089 1148 4146 voluntatis
1180 4098 1344 4154 esset,
1378 4087 1522 4142 haud
1569 4102 1808 4158 unquam
1843 4101 2029 4156 parere
2061 4099 2223 4156 posse
2254 4085 2336 4138 vel

2437 4089 2629 4160 ἔχοντα
2673 4089 2812 4144 ἰδίαν
2842 4089 3084 4154 σύνεσιν,
3117 4087 3152 4158 ἢ
3201 4085 3333 4139 ίδιον
3361 4080 3655 4153 λογισμὸν,
3688 4081 4032 4153 ὑποταγῆναι

765 4181 1044 4236 ³6³1³31³0Γο
1072 4177 1304 4247 ΡΓΟΧῘῐη³
1340 4177 1580 4232 “limam
2440 4186 2535 4240 καὶ
2559 4183 2925 4255 ἀκολουθῆσαι
2943 4183 3006 4238 τὺ
3030 4181 3197 4236 καλὸν
3223 4178 3320 4234 τοῦ
3352 4177 3607 4249 πλησίον.

837 4272 1023 4328 Aiebat
1054 4273 1238 4334 etiam,
1272 4286 1396 4326 cum
1434 4270 1609 4325 simus
1644 4284 1834 4325 omnes
1866 4278 2198 4340 peccatores,
2231 4285 2339 4323 non

2511 4275 2706 4343 Ἔλεγε
2736 4265 2921 4339 πάλιν,
2948 4276 3034 4329 ὅτι
3083 4271 3353 4345 ἐμπαθεῖς
3381 4270 3557 4332 ὄντες,
3591 4269 3705 4322 οὐκ
3746 4271 4032 4340 ὀτξεῖλομεν

765 4365 963 4420 debere
1003 4380 1105 4419 nos
1138 4378 1350 4432 semper
1375 4372 1430 4419 et
1472 4363 1524 4416 in
1552 4362 1764 4417 cunctis
1795 4362 1961 4415 tuenti
1991 4371 2187 4416 nostrzv
2219 4379 2336 4416 cre-

2441 4369 2577 4430 ὃλως
2609 4366 2888 4421 πιστεύειν
2912 4369 2980 4439 τῇ
3012 4367 3120 4438 ἰδίᾳ
3160 4364 3358 4436 καρδίᾳ
3381 4381 3397 4396 ·
3427 4365 3685 4434 σκαμϐὸς
3721 4366 3846 4434 γὰρ
3875 4361 4036 4417 κανὼν

765 4461 928 4514 dere:
959 4458 1235 4528 obliquam
1262 4456 1406 4513 enim
1436 4455 1676 4527 regulam
1701 4471 1819 4526 qum
1845 4468 1990 4510 recta
2024 4466 2226 4520 essent,
2257 4454 2341 4508 in-

1615 4471 1676 4509 im
1701 4471 1819 4526 qum
1845 4468 1990 4510 reeta
2024 4466 2226 4520 essmtt,
2257 4454 2341 4508 in-
2441 4461 2537 4515 καὶ
2560 4459 2632 4514 τὰ
2659 4460 2796 4530 ὀρθὰ
2825 4459 3052 4530 σκαμϐἁ
3077 4461 3241 4511 ποιεῖ.

768 4549 988 4605 flectere
1016 4558 1072 4604 et
1106 4549 1440 4618 intorquere.

841 4640 996 4696 llaud
1038 4655 1160 4696 esse
1201 4654 1456 4710 magnum
1501 4651 1610 4693 non
1639 4637 1885 4708 judicare
1911 4679 1927 4703 ,
1967 4648 2064 4694 aut
2108 4639 2344 4709 compati

2519 4645 2713 4715 Ἔλεγε
2761 4644 2951 4709 πάλιν,
2995 4643 3080 4696 ὅτι
3106 4641 3209 4695 οὐκ
3235 4640 3350 4693 ἐστι
3373 4638 3515 4710 μέγα
3544 4638 3606 4691 τὺ
3652 4639 3734 4710 μὴ
3769 4644 3984 4710 κρῖναι,
4011 4641 4033 4707 ἦ

773 4733 972 4789 alllicto
991 4739 1045 4788 et
1072 4731 1288 4788 subdito
1311 4730 1444 4799 tibi;
1481 4730 1576 4786 sed
1603 4745 1857 4800 magnum
1894 4745 2001 4784 non
2038 4730 2222 4797 irasci,
2251 4738 2347 4784 aut

2445 4737 2540 4791 καὶ
2567 4735 2927 4806 συμπαθῆσαι
2953 4733 3032 4806 τῷ
3067 4735 3127 4787 ὲν
3151 4732 3326 4803 θλίψει
3369 4731 3484 4784 δντι
3516 4731 3615 4784 καὶ
3670 4731 4035 4784 ὑποπίπτπί

771 4823 1009 4881 conferri
1056 4823 1104 4878 ei
1146 4823 1240 4894 qui
1287 4821 1359 4877 ob
1396 4815 1583 4875 vitium
1623 4836 1784 4876 suum
1829 4820 1922 4874 tibi
1967 4820 2149 4890 aliqua
2190 4820 2244 4874 in
2273 4836 2349 4876 .re

2449 4845 2532 4882 σοι
2559 4844 2574 4859 ⁶
2600 4827 2745 4898 μέγα
2772 4826 2832 4880 δέ
2867 4827 2986 4879 ἐστι
3029 4825 3094 4877 τδ
3135 4826 3212 4896 μὴ
3242 4826 3447 4896 κρῖναι,
3478 4821 3512 4892 ἢ
3545 4823 3937 4893 ἀντιπατῆσαι
3975 4823 4037 4890 τῷ

772 4915 1164 4973 contradixerit
1187 4956 1202 4982 ,
1244 4928 1420 4985 neque
1459 4916 1748 4970 convenire
1787 4929 1912 4969 cum
1958 4928 2024 4968 eo
2055 4913 2149 4984 qui
2193 4913 2346 4968 illum

2445 4919 2536 4974 διὰ
2576 4919 2748 4982 πάθος
2778 4919 2912 4973 ῐδιον
2935 4916 3276 4985 ἀντιλέγοντί
3307 4933 3410 4978 σοι,
3449 4914 3585 4984 μηδὲ
3629 4916 4038 4985 auguste-Digna

770 5008 1116 5081 judicaverit,
1149 5006 1233 5061 vel
1263 5006 1628 5079 eongratulari
1684 5006 1762 5062 illi
1801 5005 1896 5076 qui
1962 5013 2015 5062 te
2075 5006 2124 5062 ei
2191 5014 2347 5061 ante-

2453 5008 2592 5081 μετὰ
2607 5008 2702 5062 τοῦ
2731 5009 3016 5081 κρίναντος
3037 5007 3221 5074 αὐτὸν,
3243 5006 3338 5059 καὶ.
3368 5005 3429 5059 τὸ
3452 5007 3814 5076 συγχαρῆναι
3832 5007 3912 5077 τῷ
3930 5023 4039 5077 προ

776 5101 982 5164 tulerit,
1017 5101 1120 5154 boc
1154 5098 1340 5168 utique
1367 5113 1648 5170 magnum.
2372 5143 2402 5172 ν

1267 5114 1340 5168 ue
1367 5113 1648 5170 magnum.
2372 5143 2421 5172 ἢ
2450 5100 2748 5172 τιμωμένῳ
2790 5117 2893 5156 σοι,

846 5193 1011 5269 ‘5‘
1057 5193 1161 5261 Qui
1205 5207 1313 5250 non
1355 5191 1741 5261 euntempserit
1785 5190 1969 5245 mundi
2009 5189 2234 5260 gloriam
2280 5199 2336 5246 et
2368 5186 2420 5205 ⁶’

2410 5186 2420 5200 ’
2531 5195 2730 5262 Ἔλεγε
2761 5194 2945 5256 πάλιν,
2979 5193 3061 5246 ὅτι
3088 5193 3118 5246 ὁ
3157 5189 3234 5262 μὴ
3282 5186 3645 5259 καταφρονῶν
3692 5188 3894 5258 πάσης
3930 5191 4036 5256 ὕλῃ

777 5287 1026 5358 corporis
1051 5286 1307 5357 quietem,
1347 5294 1400 5340 et
1425 5285 1666 5354 justitias
1689 5281 1925 5354 denique
1956 5297 2174 5346 omnes,
2206 5283 2351 5338 baud

2455 5286 2550 5340 καὶ
2607 5285 2789 5354 δόξης,
2848 5285 2943 5339 καὶ
2992 5281 3311 5355 σωματικῆς
3367 5278 3758 5344 ἀναπαύσεως,
3814 5279 3900 5332 ἔτι
3953 5284 4036 5349 μὴν

779 5395 943 5458 posse
971 5395 1210 5450 unquam
1243 5379 1517 5451 propriam
1545 5377 1880 5433 voluntatem
1914 5394 1942 5432 a
1967 5393 2025 5433 se
2051 5390 2355 5442 removere,

2458 5376 2688 5432 καὶτῶν
2718 5376 3130 5448 δικαιωμάτων,
3176 5374 3238 5428 οὐ
3297 5371 3523 5428 δύναται
3571 5371 3743 5441 κόψαι
3785 5371 3863 5425 τὰ
3906 5372 4017 5437 θεὶή

859 5567 882 5597 π
913 5558 1052 5615 Psal.
1104 5573 1194 5619 cx.
1248 5556 1332 5612 ιο.
1366 5567 1388 5596 ι
1431 5555 1588 5611 llom.
1615 5572 1735 5620 xm,
1768 5556 1853 5610 l0.

2079 5710 2308 5766 VARI/1‘3
2342 5707 2745 5767 LECTIONES.

869 5877 913 5908 "
930 5873 1294 5945 Ὠφελοῦντος.
1338 5871 1610 5943 tis-95105“
1624 5891 1658 5926 ι.
