4118 6542
95 397 223 462 1809

1395 378 1779 449 DOCTRINA
1822 377 1983 439 XIX.

3169 360 3309 428 1810

95 533 228 588 ματα
258 511 444 578 αὐτοῦ,
488 509 614 564 οὐδὲ
661 507 1069 564 ἀπαλλάσσεται
1104 503 1274 576 ὀργῆς
1323 506 1418 558 καὶ
1449 503 1646 573 λύπης,

1770 494 1835 549 rel
1863 490 2081 548 liberari
2111 490 2181 545 ah
2219 489 2296 544 ira
2319 499 2373 544 et
2398 485 2640 552 tristitia,
2671 499 2768 539 aut
2796 480 3047 554 proximo
3074 478 3311 550 quietem

95 608 203 661 οὐδὲ
232 602 500 658 ἀναπαύει
529 601 621 655 τὸν
656 599 908 670 πλησίον.

150 698 317 752 Πάλιν
376 691 519 758 εἷπε,
558 693 652 765 Μὴ
698 691 920 747 ἀπαίτει
963 689 1185 759 ἀγάπην
1216 689 1368 760 παρὰ
1390 686 1485 741 τοῦ
1509 686 1651 757 πλη.

95 790 212 843 τίον.
255 790 313 843 '0
336 786 445 859 γάρ
464 784 713 841 ἀπαιτῶν
730 782 1083 854 ταράσσεται,
1107 782 1204 835 ὲάν
1230 782 1305 854 μὴ
1326 780 1614 852 ἀπαντήσῃ
1632 793 1649 811 ⁶

1750 585 1965 643 afferre.

1824 677 1943 736 Non
1966 690 2088 732 esse
2118 672 2441 745 poscendam
2468 686 2496 724 a
2540 668 2791 741 proximo
2819 664 3144 727 cbaritatem
3174 678 3191 728 ;
3231 659 3319 715 iu-

1754 779 1935 826 turum
1963 768 2107 824 enim
2136 764 2445 830 molestum,
2477 762 2533 818 ni
2557 760 2806 817 eamdem
2826 756 3141 828 rependeris
3171 771 3187 808 :
3220 751 3317 807 sed

95 884 214 937 me
246 847 448 954 μᾶλλον
471 882 536 935 σὺ
572 879 745 947 δεῖξον
768 847 868 950 τήν
902 877 1126 948 ἀγάπην
1167 847 1246 947 et};
1272 847 1537 948 πλησίον,
1558 847 1654 927 καὶ

1770 860 1950 917 lebere
1972 873 2071 916 nos
2092 855 2268 929 magis
2285 854 2340 909 in
2363 855 2665 925 proximum
2688 847 3120 907 benevolentiam
3142 852 3323 913 osten-

95 935 368 1037 ἱναπάύει,
402 935 520 1025 καὶ
561 935 736 1033 ούτίος
794 935 978 1039 clipea;
1030 935 1125 1019 κάὶ
1160 935 1253 1018 τὸν
1304 935 1532 1037 πλησίον
1573 963 1656 1027 εἰς

1770 953 1904 1018 lere,
1933 958 1989 1006 et
2008 948 2349 1019 postmodum
2377 946 2702 1001 destituros:
2734 942 2809 997 ita
2837 938 2987 997 enim
3012 935 3318 1009 proximum

95 1068 319 1135 ίγάπην.

149 1158 317 1211 Πάλιν
339 1152 513 1220 εἶπεν,
534 1154 617 1208 ὅτι
632 1153 726 1209 ἐάν
743 1154 947 1226 ποιήσῃ
973 1170 1059 1218 τις
1078 1154 1314 1225 πρᾶγμα
1334 1148 1476 1206 κατά
1498 1147 1654 1213 Θεδν,

95 1252 293 1315 πάντως
321 1251 545 1321 ἔρχεται
571 1248 721 1320 αὐτῷ
740 1246 1046 1319 πειρασμός
1069 1263 1085 1280 ·
1113 1245 1276 1302 παντὶ
1300 1244 1411 1316 γὰρ
1439 1240 1654 1313 ἀγαθῷ,

95 1343 489 1413 ὶπροηγεῖται,
534 1337 569 1410 ἢ
614 1336 974 1392 ἐπακολουθεῖ
1028 1333 1375 1407 πειρασμός·
1428 1330 1552 1386 οὕτε
1598 1329 1659 1385 δὲ

95 1434 295 1488 ίέϐαιόν
327 1436 451 1488 ἐστι
472 1431 535 1485 τὸ
568 1430 714 1485 κατά
740 1429 875 1483 Θεὸν
901 1429 1210 1500 γινόμενον,
1241 1428 1292 1480 εἰ
1317 1425 1395 1498 μὴ
1426 1424 1657 1496 δοκιμα-

95 1528 173 1598 ιοῇ
197 1526 288 1580 διὰ
322 1519 658 1596 πειρασμοῦ.

143 1620 317 1674 Πάλιν
376 1615 534 1674 εἴπεν
559 1634 575 1650 ο
600 1618 766 1673 Οὐδὲν
817 1616 991 1681 οὕτως
1039 1614 1187 1670 ποιεῖ
1230 1613 1447 1679 ἕνωσιν,
1490 1611 1568 1675 ὡς
1597 1608 1662 1666 τὸ

100 1716 179 1774 οῖς
212 1712 403 1775 αὐτοῖς
434 1710 668 1783 χαίρειν,
698 1711 797 1766 καὶ
823 1709 893 1765 τὰ
912 1706 1055 1766 αὐτὰ
1088 1707 1329 1780 φρονεῖν.

141 1804 314 1858 Πάλιν
342 1799 471 1859 εἷπε
494 1820 508 1835 ο
538 1804 614 1858 Τὸ
653 1804 728 1877 μὴ
763 1800 1119 1867 ὲξουδενῶσαί
1171 1816 1299 1855 τινα
1350 1796 1454 1871 τὴν
1495 1796 1660 1868 χάριν

100 1898 163 1953 ού
198 1901 456 1973 πλησίον,
503 1898 1005 1973 ταπεινοφροσύνης
1037 1897 1187 1952 ἐστί’
1234 1897 1316 1951 δεῖ
1343 1894 1454 1966 γὰρ
1488 1909 1661 1947 κατα-

95 1994 334 2064 ἱέχεσθαι
384 1995 561 2068 αὐτὴν
604 1994 746 2067 μετά
794 1992 1198 2066 εύχαριστείας,
1236 1990 1341 2045 κᾶν
1369 1987 1544 2059 μικρὰ
1570 1988 1665 2042 καὶ

99 2087 364 2159 λάχιστός
397 2089 492 2142 εστ
504 2105 542 2143 ι.

143 2178 257 2232 Καὶ
286 2178 458 2234 πάλιν
485 2174 639 2232 εῐπεν
663 2192 680 2209 ο
720 2174 884 2246 Ἐγὼ,
921 2175 1021 2230 ὶάν
1068 2172 1250 2245 συμϐῇ
1280 2189 1372 2243 μοι
1409 2171 1664 2243 πρᾶγμα,

95 2271 242 2340 ιδέως
271 2270 390 2342 ἔχω
414 2269 662 2340 γίνεσθαι
688 2268 884 2342 γνώμῃ
903 2266 1000 2321 τοῦ
1033 2265 1263 2337 πλησίον
1295 2264 1388 2320 καὶ
1407 2250 1668 2335 ἀσύστροο

95 2362 246 2431 »ἧσαι
306 2361 455 2434 μετὰ
491 2360 718 2433 γνώμης
768 2359 959 2427 αὐτοῦ,
1009 2358 1107 2414 ὲάν
1148 2357 1438 2430 ἀπαντήσῃ
1484 2356 1520 2429 ἢ
1568 2355 1667 2411 καὶ

95 2454 370 2525 τοιχῆσαι
407 2456 476 2527 τῇ
512 2453 619 2526 ίδίᾳ
647 2450 845 2524 γνώμῃ
875 2450 971 2505 καὶ
999 2448 1465 2523 εύσυστροφῆσαι.

141 2544 319 2598 Πάλιν
350 2542 499 2612 εἶπε,
532 2542 711 2598 Καλόν
746 2543 900 2596 ἐστιν
931 2541 990 2594 ὲν
1011 2538 1232 2610 ἑκάστῳ
1268 2538 1560 2609 πράγματι
1603 2533 1670 2589 τδ

95 2634 225 2707 ιαρά
249 2638 463 2708 μικρὸν
483 2636 584 2706 τῆς
604 2634 795 2705 χρείας
817 2632 1162 2705 ἐπιτηδεύειν
1186 2631 1420 2693 ἑαυτοῖς.
1451 2628 1528 2684 Ού
1559 2626 1669 2701 γάρ

95 2727 363 2800 τυμφέρει
398 2726 507 2782 τινὶ
538 2727 683 2781 κατά
714 2726 894 2782 πάντα.
912 2722 1251 2779 ἀναπαῦσαι.

140 2819 321 2877 Πάλιν
347 2816 500 2882 εἷπε,
533 2819 623 2875 Ἐν
654 2817 821 2873 παντὶ
848 2818 1140 2889 πράγματι
1175 2812 1527 2885 συμϐαίνοντί
1554 2829 1670 2882 μοι,

96 2911 344 2967 νύδέποτε
370 2911 617 2984 ἠθέλησα
636 2909 956 2982 ἀνθρωπίνῃ
1001 2907 1263 2980 φρονήσει
1307 2904 1671 2978 περιδραμεῖν

100 3004 306 3076 μαυτῷ
332 3018 349 3033 ⁸
386 3003 503 3059 ἀλλ’
525 3004 616 3057 ἀεὶ
638 3002 778 3055 ποιῶ
807 3002 1002 3074 μικρὸν
1034 2999 1132 3071 τὴν
1174 2997 1404 3069 δύναμίν
1440 3015 1566 3068 μου,
1590 2996 1674 3061 είς

98 3096 175 3150 ττι
197 3096 434 3168 δήποτε,
465 3096 561 3149 καὶ
584 3094 710 3164 ἀφῶ
735 3094 798 3149 τὸ
826 3094 936 3149 πᾶν
957 3092 1036 3164 τῷ
1063 3089 1203 3163 Θεῷ.

142 3188 331 3243 Πάλιν
358 3182 516 3241 εἶπεν
534 3202 550 3217 ⁶
595 3185 656 3241 '0
690 3188 767 3257 μὴ
813 3185 953 3257 ἔχων
992 3184 1123 3238 ίδιον
1161 3182 1395 3255 θέλημα,
1442 3180 1673 3237 πάντοτε

100 3282 129 3333 ὸ
153 3280 299 3334 ἴδιον
335 3281 513 3334 ποιεῖ·
560 3277 828 3351 ἐξώτερον
862 3277 971 3348 γὰρ
1001 3277 1133 3330 ῐδιον
1167 3275 1268 3329 οὐκ
1308 3274 1420 3345 ἔχει
1445 3289 1460 3304 ο
1493 3274 1599 3327 εἴτι

95 3376 142 3422 ιν
198 3369 301 3423 καὶ
364 3369 613 3440 γένηται,
655 3366 928 3423 ἀναπαύει
985 3367 1170 3431 αὐτὸν,
1221 3365 1317 3419 καὶ
1361 3364 1677 3435 εὑρίσκεται

95 3464 325 3516 πάντοτε
348 3461 411 3515 τὸ
441 3460 574 3515 ίδιον
607 3460 799 3515 ποιῶν.
840 3460 915 3513 υύ
940 3458 1051 3529 γὰρ
1091 3457 1240 3512 θέλει
1266 3456 1339 3511 τὰ
1377 3456 1680 3529 πράγματα

96 3554 371 3618 ὥνεσθαι,
394 3551 472 3615 ὼς
502 3551 670 3616 θέλει,
701 3548 839 3605 ἀλλά
871 3550 1036 3613 θέλει,
1061 3548 1139 3612 ὡς
1166 3549 1398 3617 γίνεται.

149 3646 338 3700 Πάλιν
362 3639 536 3709 εἷπεν,
569 3644 646 3697 Οὐ
684 3643 766 3697 δεῖ
796 3660 915 3696 τινα
942 3643 1002 3695 ὲν
1031 3640 1179 3711 αύτῷ
1209 3640 1288 3712 τῷ
1332 3637 1509 3710 καιρῷ
1551 3639 1610 3691 ὲν
1634 3629 1681 3706 ᾧ

95 3738 409 3808 ιμαρτάνει
439 3738 470 3791 ὁ
504 3735 754 3805 ἀδελφὸς,
795 3736 919 3789 κατ’
959 3731 1126 3788 αὐτοῦ
1162 3732 1457 3804 διορθῶσαι
1495 3730 1678 3796 αὐτὸν,

95 3830 199 3883 ιλλ’
254 3828 390 3883 οὐδὲ
429 3828 489 3882 ὲν
530 3812 695 3897 mm.
715 3826 893 3897 καιρῷ
947 3826 1110 3898 χάριν
1146 3825 1246 3897 τῆς
1289 3824 1424 3888 ιδίας
1461 3820 1681 3895 ἐκδική-

95 3939 261 3986 ιεως.

152 4016 371 4084 Ἔλεγε
441 4012 632 4077 πάλιν,
671 4013 757 4067 ὅτι
783 4013 818 4084 ή
849 4012 990 4067 κατά
1036 4010 1170 4066 Θεὸν
1216 4010 1409 4082 ἀγάπη
1439 4009 1679 4063 δυνατω-

95 4109 224 4179 ῖέρα
257 4106 395 4161 ἐστὶ
421 4104 515 4159 καὶ
542 4105 645 4176 τῆς
673 4103 932 4174 φυσικῆς.

155 4197 378 4265 Ἔλεγε
416 4195 602 4261 πάλιν,
652 4194 806 4266 Μηδὲ
865 4194 926 4249 ὲν
980 4192 1174 4265 γελοίῳ
1223 4192 1288 4247 τὸ
1312 4191 1502 4247 κακόν.
1531 4192 1679 4261 Συμ-

95 4290 310 4354 Ξαίνει,
339 4289 425 4341 ὅτι
455 4287 518 4352 ἐξ
549 4287 723 4358 ἀρχῆς
772 4286 875 4358 μὲν
911 4288 1060 4340 ποιεῖ
1087 4303 1171 4350 τις
1202 4285 1373 4340 κακὸν
1419 4283 1559 4356 μετά
1585 4282 1679 4352 γέ-

95 4400 273 4447 εωτος
311 4396 329 4411 °
380 4378 610 4451 ὕστερον
660 4379 721 4433 δὲ
778 4378 876 4434 καὶ
926 4378 1005 4451 μὴ
1057 4378 1231 4433 θέλων
1276 4379 1549 4451 πήγνυται
1598 4377 1681 4443 είς

95 4474 254 4528 ιύτό.

1757 1043 1825 1100 ad
1858 1050 2103 1095 tnutuum
2131 1051 2375 1094 amorem
2406 1033 2791 1090 inducendum.

1829 1132 1896 1187 Et
1920 1133 2013 1203 qui
2043 1144 2181 1201 opus
2207 1124 2428 1199 aliquod
2456 1123 2643 1179 fecerit
2663 1119 2961 1176 secundum
2990 1116 3185 1179 Deum,
3205 1128 3322 1169 om-

1760 1224 1893 1279 nino
1921 1218 2270 1292 supervenire
2301 1213 2652 1273 tentationem
2684 1212 2944 1282 aliquam,
2973 1209 3103 1281 quia
3135 1220 3325 1263 neces-

1758 1315 1906 1372 sario
1932 1313 2134 1368 bonum
2171 1324 2335 1365 omne
2362 1305 2621 1379 praecedit
2646 1312 2741 1360 aut
2771 1302 3021 1373 sequitur
3049 1298 3281 1355 tentatio
3306 1313 3323 1352 :

1759 1422 1937 1479 neque
1969 1406 2172 1461 bonum
2201 1401 2309 1458 diei
2335 1414 2498 1472 posse
2521 1405 2619 1453 aut
2643 1395 2945 1454 secundum
2981 1392 3178 1461 Deum,
3217 1388 3325 1446 nisi

1759 1499 2089 1573 approbetur
2123 1494 2443 1551 tentatione.

1830 1589 1981 1645 Nihil
2021 1588 2160 1643 adeo
2185 1585 2534 1641 concordiam
2565 1591 2621 1638 et
2649 1579 2913 1636 unitatem
2939 1576 3156 1644 aﬂ'errc,
3186 1574 3331 1631 sicut

1758 1685 1947 1742 eadem
1981 1694 2194 1753 sapere,
2221 1687 2277 1735 et
2304 1678 2508 1735 eisdem
2542 1673 2908 1746 eongaudere.

1828 1774 2047 1830 Nullam
2102 1770 2337 1843 proximi
2385 1770 2617 1841 gratiam
2665 1778 2959 1837 spernere,
3008 1759 3333 1816 humilitatis

1695 1882 1735 1939 Β
1762 1880 1993 1923 summae
2017 1877 2180 1930 esse;
2223 1871 2581 1932 Oportet-eque
2609 1873 2775 1931 quam
2821 1855 3051 1911 libenter
3075 1864 3334 1921 suscepe-

1762 1959 1861 2025 ris,
1892 1957 2058 2012 etiam
2089 1964 2336 2027 prompte
2373 1951 2600 2018 referre,
2630 1949 2846 2007 etiamsi
2872 1959 3043 2019 prava
3068 1953 3134 2000 et-
3153 1942 3336 1998 tenuis

1763 2048 1947 2106 fuerit.

1833 2141 2060 2198 Dicebat
2102 2154 2320 2213 quoque
2383 2152 2445 2194 se
2494 2136 2564 2192 de
2618 2147 2947 2206 unaquaque
2999 2146 3061 2186 re
3103 2129 3336 2185 libenter

1762 2232 2076 2293 consultare
2114 2248 2240 2288 eum
2269 2231 2541 2304 proximo,
2580 2236 2635 2284 et
2676 2226 2825 2282 illius
2856 2222 3140 2281 sententiae
3177 2235 3334 2276 suam

1764 2324 2205 2392 accommodare,
2231 2322 2450 2381 etiamsi
2479 2320 2756 2379 contraria
2784 2324 2840 2373 et
2871 2315 3097 2373 adversa
3124 2311 3337 2369 videre-

1765 2429 1878 2477 "If.

1836 2510 2112 2584 Optimum
2142 2525 2266 2569 esse
2293 2519 2739 2578 unamquamque
2764 2517 2876 2558 rem
2906 2515 3003 2571 pro
3028 2514 3131 2555 usu
3157 2507 3214 2553 et
3239 2511 3340 2551 ne-

1766 2605 2021 2662 cessitate
2050 2612 2238 2661 nostra
2267 2601 2564 2666 affectare;
2613 2597 2819 2653 malum
2862 2602 3043 2649 autem
3082 2591 3153 2646 ad
3190 2603 3341 2661 qua-

1766 2710 1985 2769 cunque
2012 2696 2322 2751 discurrere
2355 2706 2456 2747 nee
2485 2703 2729 2761 unquam
2753 2686 3059 2759 quiescere.

1838 2772 2117 2856 Quidquid
2160 2783 2266 2839 sibi
2295 2780 2636 2852 contigisset,
2669 2790 2950 2846 nunquam
2990 2787 3112 2829 sese
3151 2769 3208 2826 id
3242 2784 3342 2826 vo-

1768 2878 1940 2934 luisse
1983 2877 2227 2933 humano
2264 2889 2431 2931 sensu
2462 2872 2775 2935 discutere;
2823 2867 2919 2924 sed
2962 2880 3089 2922 cum
3124 2862 3345 2919 fecisset

1770 2984 1873 3041 pro
1925 2969 2122 3025 virtute
2172 2982 2273 3024 sua
2301 3005 2318 3033 ,
2376 2979 2541 3021 omne
2596 2959 2944 3034 postmodum
2999 2955 3347 3014 commisisse

1771 3059 1903 3115 Deo.

1817 3074 1983 3206 e:th
2012 3148 2108 3221 qui
2137 3164 2247 3204 non
2289 3145 2543 3203 habuerit
2584 3143 2859 3214 propriam
2895 3141 3251 3204 voluntatem,
3281 3137 3348 3192 il—

1626 3232 1671 3326 ἐξ
1699 3232 1742 3292 C
1775 3243 1888 3300 lum
1916 3243 2080 3299 etiam
2123 3240 2258 3296 nihil
2288 3236 2529 3294 exterius
2561 3234 2843 3306 proprium
2876 3232 3097 3294 habere,
3128 3239 3185 3285 et
3214 3244 3347 3285 eon-

1779 3343 1986 3391 tentum
2017 3347 2139 3389 esse
2163 3343 2491 3402 quacunque
2516 3342 2610 3393 re;
2636 3332 2692 3380 et
2723 3325 2797 3379 ita
2824 3337 3041 3393 semper
3072 3319 3350 3392 propriam

1776 3428 2107 3484 voluntatem
2137 3422 2357 3484 facere;
2392 3434 2568 3490 neque
2593 3416 2731 3472 velle
2770 3429 2861 3470 res
2886 3411 3108 3469 evenire
3140 3408 3244 3467 sibi
3280 3409 3351 3464 ad

1778 3529 1931 3583 vota,
1956 3517 2053 3573 sed
2081 3531 2176 3571 eas
2204 3513 2343 3570 velle
2374 3521 2437 3566 ut
2460 3509 2759 3567 evenerint.

1848 3608 1967 3665 Non
2001 3616 2255 3679 oportere
2293 3606 2347 3659 in
2378 3603 2495 3673 ipsa
2537 3600 2670 3655 hora
2708 3613 2818 3669 qua
2858 3593 3202 3667 peccaverit,
3239 3591 3354 3647 fra—

1781 3712 1919 3759 trem
1969 3701 2285 3771 corrigere,
2330 3711 2508 3765 neque
2545 3694 2656 3749 ullo
2701 3691 2811 3746 alio
2859 3700 3098 3760 tempore
3131 3684 3354 3742 ultionis

1815 3795 1973 3849 ratis.

1815 3812 1973 3849 raua.

1779 3812 1813 3867 Β
1848 3886 1950 3953 Qui
1973 3881 2273 3942 secundum
2297 3881 2465 3935 Deum
2491 3886 2636 3934 esset
2657 3891 2832 3942 amor,
2858 3874 3213 3947 potentiorem
3231 3882 3356 3927 esse

1776 3992 1844 4033 eo
1869 3976 1965 4047 qui
2000 3974 2298 4031 secundum
2331 3982 2582 4026 naturam
2615 3978 2719 4024 est.

1855 4187 1971 4242 Non
1994 4200 2117 4242 esse
2143 4185 2346 4240 malum
2372 4198 2497 4239 cum
2521 4182 2635 4237 risu
2661 4177 3116 4251 perpetrandum:
3139 4175 3359 4231 evenire

1778 4280 1925 4337 enim
1953 4288 2035 4342 ut,
2057 4291 2182 4333 cum
2205 4276 2332 4347 quis
2360 4273 2565 4329 malum
2592 4271 2774 4326 ridens
2796 4267 2985 4339 egerit,
3013 4274 3138 4338 post
3165 4264 3357 4323 nolens

1784 4375 1843 4430 in
1875 4375 2053 4443 ipsum
2085 4368 2371 4441 deligatur.

159 4565 384 4630 Ἔλεγε
408 4563 592 4629 πάλιν,
621 4564 704 4617 ὅτι
733 4562 794 4616 ού
824 4562 906 4616 δεῖ
951 4561 1174 4632 θελῆσαι
1217 4581 1339 4617 τινα
1369 4562 1675 4633 ἀπαλλαγῆ-

1772 4554 1777 4557 “
1855 4557 2009 4613 llaud
2054 4554 2352 4627 optandum
2396 4550 2560 4607 alicui
2584 4589 2600 4612 ,
2628 4532 2688 4605 ut
2714 4565 2746 4604 a
2775 4549 2908 4603 vitio
2937 4547 3217 4610 liberetur,
3248 4560 3360 4614 quo

95 4676 177 4711 ιαι
236 4655 480 4718 πάθους,
533 4656 608 4719 ὡς
653 4646 827 4709 θέλων
869 4657 1060 4725 φυγεῖν
1095 4656 1196 4723 τὴν
1248 4653 1428 4724 θλίψιν
1480 4652 1683 4708 αὐτοῦ*

95 4748 238 4803 ιλλὰ
309 4746 557 4818 ἀκριϐῶς
618 4746 882 4817 μισοῦντα
937 4746 1092 4811 αὐτὸ,
1138 4746 1217 4809 ὡς
1244 4745 1413 4814 λέγει,
1454 4744 1689 4799 Τέλειον

95 4843 293 4907 ιῖσος
342 4839 601 4908 ἐμίσουν
664 4837 908 4905 αὐτοὺς,
958 4840 1046 4905 εις
1110 4838 1362 4907 ἐχθροὺς
1409 4834 1710 4908 ἐγένοντό

95 4951 218 4989 ιοι.

170 5050 392 5118 Ἔλεγε
417 5049 601 5115 πάλιν,
631 5050 714 5105 ὃτι
736 5048 1001 5104 ἀδύνατόν
1026 5050 1177 5103 ἐστιν
1206 5047 1530 5121 ὀργισθῆναί
1565 5064 1688 5101 τινα

95 5142 249 5200 ιατά
284 5140 384 5194 τοῦ
411 5140 659 5211 πλησίον,
681 5142 730 5195 εί
782 5140 859 5213 μὴ
897 5140 1112 5211 πρῶτον
1158 5139 1371 5211 ἐπαρθῇ
1420 5140 1456 5210 ή
1493 5138 1691 5210 καρδία

95 5230 285 5289 ιύτοῦ
307 5233 430 5285 κατ’
465 5231 654 5293 αὑτοῦ,
689 5232 783 5286 καὶ
816 5231 1164 5297 ὲξουδενώσει
1210 5230 1394 5296 αὐτὸν,
1430 5231 1525 5284 καὶ
1578 5230 1691 5303 ἔχει

95 5324 312 5383 αυτὸν
337 5324 675 5396 ὑπερέχοντα
700 5322 890 5379 αὐτοῦ.

164 5438 614 5519 Ἐλεγεπάλιν,
650 5438 887 5508 Σημεῖόν
932 5456 1081 5494 εστιν
1123 5439 1208 5493 ὅτι
1237 5437 1502 5503 ἑκουσίως
1534 5439 1689 5510 ἔνερ-

95 5537 185 5605 ςεϊ
210 5549 315 5597 τις
345 5531 542 5597 πάθος,
568 5532 657 5586 ὅτε
686 5531 1062 5603 ἐλεγχόμενος,
1097 5531 1133 5603 ἢ
1162 5531 1541 5606 διορθούμενος
1564 5530 1693 5603 περὶ

95 5623 289 5681 ιὺτοῠ
335 5625 694 5696 ταράσσεται.
732 5624 807 5680 Τὸ
851 5624 909 5680 δὲ
936 5624 1227 5698 ἀταράχως
1275 5623 1566 5697 βαστάζειν
1596 5624 1689 5680 τὸν

178 5838 204 5869 ι
246 5829 396 5889 Psal.
439 5846 698 5901 cxxxvm,
729 5834 816 5888 ‘22.

1784 4653 1905 4723 ejus
1929 4649 2275 4705 aﬂlietionem
2304 4654 2360 4700 et
2390 4644 2694 4699 molestiam
2723 4643 2915 4713 fugiat,
2945 4640 3038 4695 sed
3070 4640 3199 4710 quia
3227 4636 3357 4693 illud

1786 4744 2023 4800 maxime
2054 4739 2251 4804 oderit,
2275 4738 2431 4809 juxta
2467 4737 2615 4808 quod
2648 4737 2909 4806 scriptum
2952 4742 3077 4788 est:
3117 4730 3358 4801 Perfecto

1785 4837 1907 4892 odio
1931 4836 2148 4891 oderam
2179 4833 2297 4887 illos
2323 4848 2342 4886 :
2373 4831 2579 4885 inimici
2609 4831 2740 4899 facti
2770 4838 2895 4884 sunt
2920 4829 3048 4882 milu
3079 4828 3120 4883 ί.

1858 5038 2194 5111 lmpossibile
2221 5052 2344 5092 esse
2374 5035 2610 5105 aliquem
2635 5033 2689 5088 in
2721 5032 3031 5104 proximum
3057 5046 3217 5084 suum
3248 5030 3359 5084 ira-

1787 5135 1867 5191 sci
1904 5134 1990 5189 vel
2029 5128 2445 5194 excandescere,
2474 5127 2577 5183 nisi
2610 5127 2763 5196 prius
2793 5126 2972 5181 elatus
3002 5123 3167 5177 fuerit
3197 5122 3361 5178 corde

1786 5236 1841 5280 et
1875 5221 2265 5293 contempserit
2296 5236 2447 5286 eum,
2486 5228 2540 5274 ct
2570 5216 2662 5272 illo
2693 5231 2755 5274 se
2784 5216 3048 5285 potiorem
3077 5213 3360 5269 existima-

1786 5318 1944 5373 verit.

1868 5435 2094 5507 Signum
2141 5445 2264 5487 esse
2295 5426 2637 5501 potissimum
2667 5424 2903 5494 aliquem
2933 5429 3126 5492 sponte
3158 5421 3361 5476 malum

1796 5529 1995 5600 egisse,
2023 5539 2148 5582 cum
2176 5531 2456 5580 correctus
2480 5526 2535 5575 et
2562 5516 2936 5588 deprehensus
2964 5513 3215 5568 turbatus
3244 5512 3364 5567 luc-

1795 5622 1888 5678 rit.
1936 5615 2337 5675 Correctionem
2380 5621 2559 5670 autem
2602 5618 2658 5667 et
2697 5605 3174 5679 reprehensionem
3225 5603 3368 5659 ferre
