4118 6542
736 357 869 424 1811

1917 356 2010 436 s._
2030 353 2417 415 DOROTHEI
2474 354 2788 414 ABBATIS

3866 349 3971 409 1812

731 471 936 538 absque
966 467 1046 521 ira
1105 473 1159 519 et
1196 464 1505 519 turbatione
1529 505 1543 528 ,
1584 461 1635 515 id
1683 463 1977 515 maximum
2015 478 2302 532 argumen-

2421 463 2533 532 περὶ
2560 462 2726 516 αὑτοῦ
2758 460 3000 529 ἔλεγχον,
3029 462 3196 531 ἢγουν
3219 460 3525 531 διόρθωσιν,
3555 457 3811 527 σημεῖόν
3829 458 3971 522 ἐστιν,

731 571 844 614 tum
887 574 1028 622 esse,
1059 555 1205 628 quod
1240 559 1322 611 vel
1361 557 1534 609 victus
1580 555 1659 607 vel
1701 554 1952 623 ignorans
1996 556 2048 609 id
2095 555 2294 608 malum

733 652 920 722 egerit.

1279 737 1620 792 DOCTRINA
1649 737 1765 791 XX.

740 833 986 897 Eiusdem
1029 833 1251 900 epistola
1303 833 1372 884 ad
1412 833 1651 899 fratrem,
1713 847 1829 884 eum
1892 833 2300 895 interrogantem

803 904 866 956 de
892 904 1292 956 insensibilitate
1327 904 1516 956 anima:
1542 912 1590 956 et
1626 901 1896 968 refriqerio
1933 902 2226 956 cliaritatis.

805 1059 884 1112 Ad
914 1057 1378 1113 insensibilitatcm
1407 1057 1623 1118 animm,
1651 1055 1834 1121 frater,
1861 1055 2119 1126 frequens
2146 1057 2301 1112 lectio

737 1149 1041 1204 divinarum
1078 1145 1481 1217 Scripturarum
1518 1145 1663 1200 utilis
1695 1154 1798 1211 est,
1838 1153 1962 1216 post
1987 1156 2305 1209 .nocturnos

741 1255 1015 1296 sermones
1060 1238 1387 1293 deil'erorum
1435 1235 1656 1291 Patrum
1685 1277 1699 1301 ,
1741 1247 1796 1291 et
1838 1237 1999 1310 455
2041 1239 2306 1294 memoria

743 1331 1059 1386 terribilium
1097 1329 1424 1400 iudiciorum
1471 1328 1608 1393 Dei;
1647 1338 1700 1382 et
1736 1344 1986 1400 egressus
2033 1332 2228 1386 anima:
2276 1347 2306 1386 a

740 1439 991 1494 corpore,
1021 1433 1074 1478 et
1101 1421 1422 1478 terribilium
1465 1430 1791 1492 potestatum
1828 1439 1948 1492 qua:
1990 1423 2067 1477 illi
2115 1423 2310 1479 futura:

740 1515 956 1568 obviam
1005 1519 1168 1576 sunt,
1220 1512 1543 1581 quibuscum
1592 1511 1929 1581 iniquitatem
1981 1511 2149 1581 fecit,
2179 1515 2309 1571 dum

743 1603 841 1659 fuit
871 1605 926 1659 in
957 1604 1060 1657 hac
1089 1602 1236 1657 brevi
1271 1612 1325 1657 et
1350 1602 1644 1656 miserabili
1679 1603 1808 1657 vita.
1842 1603 2125 1670 Quomodo
2145 1607 2308 1660 etiam

744 1696 799 1748 in
835 1693 1020 1748 futuro
1049 1693 1122 1748 sit
1149 1693 1616 1763 expavescendum
1653 1705 1778 1749 ante
1807 1694 2041 1750 tribunal
2083 1694 2309 1759 Christi,

2401 553 2484 606 δτι
2511 553 2821 624 ήττώμενός
2850 553 2883 623 ἢ
2911 552 3122 619 ἀγνοῶν
3159 553 3463 623 ἐνήργησεν
3492 553 3666 604 αὑτό.

2927 739 3335 795 ΔΙΔΛΣΚΔΛΙΑ
3355 743 3438 795 K'.

2407 833 2516 886 Τοῦ
2561 831 2733 899 ἁγίου
2792 832 3083 897 ἐπιστολὴ
3145 832 3291 900 πρὸς
3352 832 3638 899 ἀδελφὲν
3697 832 3975 897 ἐπερωτή-

2480 915 2676 972 σαντα
2725 902 2911 955 αὐτὸν
2967 903 3096 972 περὶ
3146 903 3549 970 ἀναισθησίας
3597 901 3856 972 ψυχῆς,
3898 905 3978 954 aui

2485 970 2619 1038 περὶ
2644 972 2881 1038 ψύξεως
2910 971 3167 1040 ἀγάπης.

2481 1063 2562 1117 Α’.
2596 1061 2731 1129 Περὶ
2786 1063 2887 1130 τῆς
2929 1061 3286 1132 ἀναισθησίας
3335 1062 3435 1131 τῆς
3487 1060 3714 1132 ψυχῆς,

2403 1152 2632 1224 συνεχὴς
2661 1151 2966 1222 ἀνάγνωσις
3002 1153 3111 1207 τῶν
3134 1153 3291 1206 θείων
3338 1154 3575 1224 Γραφῶν
3612 1152 3978 1222 συμϐάλλεται

2407 1243 2546 1314 μετὰ
2583 1241 2998 1296 κατανυκτικῶν
3027 1241 3242 1310 λογίων,
3274 1241 3382 1294 τῶν
3408 1242 3713 1313 θεοφόρων
3739 1241 3976 1310 Πατρῶν.

2407 1334 2505 1386 καὶ
2534 1333 2568 1403 ή
2597 1332 2785 1402 μνήμη
2808 1331 2917 1384 τῶν
2945 1330 3194 1402 φοσερῶν
3218 1332 3507 1402 κριμάτων
3544 1331 3651 1384 τοῦ
3701 1331 3869 1396 Θεοῦ,
3903 1351 3962 1384 κα

2405 1423 2506 1492 τῆς
2541 1422 2724 1494 ψυχῆς
2773 1422 2881 1476 ἀπὸ
2927 1422 3022 1475 τοῦ
3077 1423 3349 1492 σώματος,
3380 1422 3476 1476 καὶ
3519 1421 3643 1474 τῶν
3689 1423 3979 1492 μελλουσῶν

2405 1512 2652 1578 ἀπαντᾷν
2671 1511 2807 1580 αὐτῇ
2827 1507 3072 1579 φοϐερῶν
3087 1509 3382 1578 δυνάμεων,
3405 1509 3526 1580 μεθ’
3550 1502 3635 1563 ὧν
3660 1509 3878 1579 ἔπραξε
3904 1512 3982 1577 τὴν

2409 1599 2670 1670 πονηρίαν
2709 1601 2768 1651 ὲν
2800 1603 2866 1670 τῇ
2900 1599 3240 1672 ὀλιγοχρονίᾳ
3275 1601 3368 1652 καὶ
3393 1601 3608 1672 ὲλεεινῇ
3648 1601 3776 1671 ζωῇ
3811 1601 3981 1667 ταύτῃ.

2414 1692 2535 1744 Ἔτι
2565 1689 2622 1744 δὲ
2668 1689 2762 1743 καὶ
2794 1689 2889 1742 τοῦ
2925 1689 3138 1760 μέλλειν
3177 1689 3523 1758 παραστῆναι
3557 1691 3641 1761 τῷ
3668 1690 3890 1761 φρικτῷ
3911 1695 3985 1741 καὶ

743 1796 797 1840 et
818 1786 1272 1857 quemadmodum
1300 1785 1372 1839 sit
1397 1785 1658 1856 exigenda
1685 1787 1824 1842 ratio
1845 1801 1954 1842 non
1983 1787 2154 1842 solum
2177 1801 2306 1856 ope-

2421 1781 2682 1851 ὶδεκὰστῳ
2713 1780 2914 1852 βήματι
2949 1781 3045 1834 τοῦ
3093 1779 3350 1852 Χριστοῦ,
3408 1781 3505 1833 καὶ
3563 1781 3646 1851 μὴ
3693 1784 3860 1852 μόνον
3882 1782 3986 1849 περὶ

747 1879 1043 1942 rationum,
1080 1878 1173 1930 sed
1208 1876 1370 1931 etiam
1407 1891 1719 1931 sermonum
1751 1887 1804 1932 et
1831 1877 2218 1948 cogitationum
2254 1878 2310 1932 in

745 1980 1038 2038 conspectu
1064 1967 1155 2023 Dei
1177 1976 1232 2022 et
1252 1967 1495 2022 onmium
1521 1967 1832 2038 angelorum
1852 1969 1992 2039 ejus,
2011 1979 2083 2035 et,
2111 1978 2172 2024 ut
2191 1971 2312 2026 bre-

747 2061 883 2115 viter
907 2060 1105 2125 dicam,
1134 2059 1313 2114 omnis
1336 2070 1620 2114 creaturae.
1650 2058 1959 2116 Memineris
1988 2070 2170 2117 autem
2193 2077 2315 2117 con-

750 2152 894 2205 tinue
923 2150 1038 2220 ejus
1063 2151 1236 2217 vocis,
1267 2165 1430 2220 quam
1466 2150 1722 2207 terribilis
1750 2159 1803 2206 et
1829 2153 2012 2223 justus
2035 2152 2204 2209 Judex
2228 2155 2313 2210 his

751 2245 994 2302 οξοωωδ
1025 2253 1127 2308 est,
1169 2242 1263 2315 qui
1295 2258 1324 2298 a
1358 2242 1594 2298 sinistris
1627 2253 1784 2298 erunt
1815 2262 1827 2298 :
1859 2245 2119 2300 Discedite
2143 2263 2177 2299 a
2210 2263 2312 2310 me,

763 2351 790 2389 ν
807 2335 1041 2400 αιεάὲεη,
1065 2335 1119 2389 in
1147 2334 1318 2406 ignem
1344 2345 1618 2400 azternum,
1651 2337 1739 2406 qui
1766 2347 1984 2405 paratus
2013 2349 2086 2392 est
2107 2337 2314 2392 diabolo

753 2439 799 2481 et
840 2427 1038 2496 angelis
1064 2425 1174 2494 ejus
1205 2433 1254 2478 ιι.
1296 2425 1506 2480 Bonum
1540 2426 1702 2480 etiam
1732 2436 1816 2481 est
1843 2427 2205 2482 humanarum
2233 2427 2316 2483 af-

751 2517 1049 2570 ﬂictionum
1079 2514 1351 2569 reminisci
1379 2534 1391 2568 :
1428 2515 1508 2569 sic
1543 2515 1704 2570 etiam
1731 2515 1867 2570 dura
1906 2529 1959 2570 et
1988 2517 2317 2573 insensibilis

753 2609 931 2664 anima
961 2608 1271 2664 emollescet
1293 2650 1307 2673 ,
1342 2616 1396 2662 et
1425 2607 1492 2662 ad
1533 2623 1756 2662 sensum
1796 2610 2074 2678 perveniet
2113 2609 2316 2679 proprii

755 2706 930 2750 status
975 2705 1030 2751 et
1072 2696 1290 2750 malitiae
1329 2710 1461 2750 suae.
1516 2693 1762 2750 Desidem
1805 2705 1984 2750 autem
2019 2711 2142 2752 esse
2175 2697 2318 2752 circa

754 2786 1048 2840 fraternam
1082 2786 1423 2849 charitatem,
1454 2793 1510 2840 et
1549 2787 1650 2840 hoc
1690 2787 1976 2855 provenire
2015 2801 2080 2840 ex
2111 2787 2318 2857 cogita-

754 2877 994 2932 tionibus
1035 2877 1355 2945 suspieiosis
1389 2875 1443 2929 in
1486 2876 1727 2930 animum
1774 2877 2062 2942 admissis,
2101 2886 2155 2931 et
2193 2893 2320 2947 pro-

755 2969 886 3039 priae
914 2967 1110 3022 mentis
1137 2967 1497 3023 credulitate:
1547 2966 1674 3021 hinc
1714 2967 1873 3022 etiam
1924 2967 2037 3022 fieri
2079 2978 2135 3022 ut
2187 2969 2322 3023 nihil

754 3061 985 3115 velimus
1018 3059 1356 3129 inopinatum
1386 3059 1518 3128 pati.
1546 3056 1643 3113 Vis
1667 3057 1830 3128 igitur
1857 3058 1949 3112 tibi
1978 3074 2007 3112 a
2039 3058 2146 3113 Deo
2166 3075 2320 3129 opem

2417 1871 2684 1942 πράξεων,
2715 1871 2851 1926 ἀλλὰ
2892 1872 2988 1926 καὶ
3040 1873 3217 1941 λόγων
3255 1874 3348 1928 καὶ
3399 1872 3628 1926 ἐννοιῶν
3647 1873 3982 1926 ἁπαιτεῖεθιί

2414 1967 2572 2037 λόγον
2613 1965 2846 2021 ἐνώπιον
2901 1965 2994 2018 τοῦ
3019 1963 3174 2029 Θεοῦ,
3208 1965 3301 2020 καὶ
3346 1966 3572 2021 πάντων
3593 1964 3719 2018 τῶν
3760 1965 3987 2032 ἀγγέλων

2417 2061 2604 2127 αὐτοῦ,
2645 2061 2742 2114 καὶ
2789 2058 2972 2128 πάσης
3010 2057 3196 2120 ἁπλῶς
3232 2057 3332 2127 τῆς
3374 2057 3637 2121 κτίσεως.
3673 2057 3988 2127 hri-rugosas:

2415 2152 2473 2205 δὲ
2507 2151 2744 2222 συνεχῶς
2772 2151 2866 2204 καὶ
2891 2149 2994 2220 τῆς
3039 2151 3368 2219 ἀποφάσεως
3416 2149 3673 2219 ἐκείνης,
3717 2150 3789 2219 ἦν
3839 2149 3992 2217 ἐρεῐό

2417 2245 2646 2316 φοϐερὸς
2673 2246 2767 2298 καὶ
2792 2245 3002 2308 δίκαιος
3030 2244 3237 2315 Κριτὴς
3258 2244 3371 2305 τοῖς
3401 2241 3726 2312 εὐωνύμοις
3746 2256 3761 2269 ⁸
3808 2238 3992 2294 Ἀπέλ-

2419 2338 2557 2392 θατε
2582 2336 2684 2390 ἀπ’
2704 2333 2872 2404 ἐμοῦ,
2892 2335 2948 2387 oi
2975 2330 3389 2400 κατηραμένοι,
3409 2333 3496 2395 εις
3519 2331 3598 2384 τὸ
3628 2329 3763 2397 πῦρ
3785 2330 3855 2383 τὸ
3883 2327 3995 2378 αἰώ-

2419 2443 2574 2491 νιον,
2599 2427 2664 2479 τὸ
2694 2424 3136 2495 ἡτοιμασμένον
3173 2424 3272 2476 καὶ
3308 2421 3388 2488 τῷ
3425 2421 3706 2488 διαϐόλῳ
3742 2422 3845 2474 καὶ
3891 2417 3995 2481 τοῖς

2419 2517 2696 2590 ἀγγέλοις
2723 2519 2930 2573 αὑτοῦ.
2964 2517 3143 2572 Καλὸν
3199 2516 3256 2569 δὲ
3290 2517 3386 2569 καὶ
3436 2515 3552 2568 τῶν
3593 2515 3867 2585 μεγάλων
3895 2512 3994 2564 eis-

2421 2607 2569 2677 ψεων
2632 2607 2743 2660 τῶν
2787 2606 3145 2678 ἀνθρωπίνων
3199 2602 3650 2676 μνημονηεύειν·
3712 2605 3873 2674 piat;
3907 2603 3999 2669 γὰρ

2421 2702 2592 2764 οὕτως
2620 2701 2708 2754 ἵνα
2732 2701 2766 2770 ἠ
2798 2698 3012 2772 σκληρὰ
3035 2701 3131 2752 καὶ
3167 2697 3492 2768 ἀναίσθητος
3541 2695 3819 2766 μαλαχθῇ
3850 2693 3998 2763 ψυχὴ.

2423 2793 2519 2846 καὶ
2541 2793 2621 2854 εἰς
2648 2789 2901 2861 αἴσθησιν
2925 2789 3055 2861 ἔλθῃ
3077 2789 3179 2858 τῆς
3220 2787 3354 2848 ἰδίας
3388 2785 3566 2856 αὐτῆς
3605 2785 3803 2854 κακῆς
3848 2800 4002 2836 κατα-

2427 2883 2688 2944 στάσεως.
2718 2881 2792 2934 Τὸ
2818 2882 2876 2933 δὲ
2897 2879 3140 2934 ἀσθενεῖν
3170 2881 3299 2950 περὶ
3328 2875 3426 2948 τὴν
3445 2875 3688 2946 ἀγάπην
3729 2875 3846 2928 τῶν
3870 2873 4004 2928 ἀδελ-

2427 2973 2566 3042 φῶν,
2595 2975 2662 3027 ὲκ
2689 2972 2784 3027 τοῦ
2825 2971 3078 3042 δέχεσθαί
3119 2987 3181 3024 σε
3233 2970 3360 3033 τοὺς
3409 2967 3471 3032 ἐξ
3503 2967 3848 3037 ὑποψυχίας
3874 2968 4006 3033 λογι-

2433 3067 2566 3136 μυὺς
2598 3065 3000 3118 καὶ-πιστεύειν
3019 3065 3088 3134 τῇ
3125 3063 3232 3134 ἰδίᾳ
3254 3061 3477 3132 καρδίᾳ,
3515 3061 3750 3128 γίνεται
3788 3076 3898 3123 σοι,
3929 3058 4006 3111 καί

756 3151 927 3206 ferri?
958 3149 1231 3221 Principio
1258 3160 1313 3206 et
1342 3159 1469 3205 ante
1489 3150 1671 3204 omnia
1710 3165 1980 3216 nusquam
2012 3152 2119 3206 tuis
2147 3153 2318 3222 suspi-

2426 3159 2491 3210 ἑκ
2514 3155 2608 3210 τοῦ
2654 3157 2822 3226 μηδὲν
2850 3156 3028 3209 θέλειν
3054 3156 3288 3224 πάσχειν
3333 3152 3475 3205 κατά
3523 3153 3893 3222 προαίρεσιν.
3920 3150 4008 3202 Θε-

755 3243 1006 3300 cionibus
1029 3244 1242 3309 credas,
1270 3251 1326 3298 et
1363 3241 1513 3296 omni
1542 3256 1671 3304 cura
1701 3241 1768 3296 da
1799 3258 2016 3312 operam
2048 3245 2242 3314 subjici
2275 3255 2330 3300 et

756 3332 1001 3388 submitti
1031 3330 1291 3388 fratribus
1318 3329 1448 3393 tuis,
1476 3344 1541 3384 ac
1571 3329 1903 3384 voluntatem
1933 3343 2149 3382 omnem
2183 3339 2328 3384 tuam

758 3435 1018 3496 amputa;
1049 3435 1102 3480 et
1139 3425 1185 3480 si
1223 3424 1348 3495 quis
1392 3430 1444 3475 te
1491 3420 1784 3489 ignominia
1819 3419 2058 3475 ali'ecerit
2085 3422 2164 3474 vel
2205 3435 2331 3491 pro-

758 3519 876 3582 hrn,
910 3532 1010 3587 pro
1037 3516 1130 3570 illo
1159 3515 1238 3570 sic
1268 3522 1423 3569 orato
1448 3520 1709 3581 tanquam
1745 3525 1843 3580 pro
1873 3526 1939 3564 eo
1967 3511 2059 3580 qui
2091 3519 2140 3566 te
2168 3512 2328 3565 innu-

762 3607 928 3663 meris
951 3605 1226 3662 beneﬁciis
1255 3603 1544 3666 aliecisset,
1569 3601 1663 3670 qui
1696 3600 1935 3654 libidinis
1958 3612 2066 3656 tua:
2092 3601 2332 3656 medicus

763 3700 997 3754 luisset:
1033 3710 1097 3750 ex
1133 3695 1218 3749 his
1257 3695 1404 3748 enim
1451 3691 1532 3744 ira
1573 3689 1875 3752 minuitur,
1911 3689 2070 3758 cujus
2117 3687 2331 3743 frenum

761 3787 999 3842 charitas
1018 3794 1104 3839 est
1124 3783 1424 3840 secundum
1447 3781 1655 3836 Patres.
1673 3778 1729 3847 In
1752 3779 1942 3849 primis
1961 3788 2141 3833 autem
2166 3777 2334 3834 Deum

763 3895 916 3948 roga,
938 3885 999 3931 ut
1019 3875 1108 3931 det
1135 3875 1231 3930 tibi
1257 3874 1588 3929 intellectum
1620 3880 1676 3928 et
1706 3870 1947 3926 studium
1973 3872 2334 3940 cognoscendi

763 3985 882 4040 qna:
917 3972 987 4022 sit
1016 3972 1256 4021 voluntas
1281 3965 1591 4029 eius'bona,
1627 3963 1951 4032 beneplacita
1977 3972 2133 4032 atque
2167 3963 2336 4032 perfe-

740 4071 851 4122 ,cta
879 4069 946 4123 τ,
994 4067 1050 4112 et
1096 4066 1314 4128 praestet
1361 4055 1566 4126 pariter
1608 4053 1971 4111 constantiam
2022 4053 2332 4125 perﬁciendi

767 4165 930 4206 omne
956 4165 1093 4220 opus
1118 4150 1343 4204 bonum.

841 4436 871 4466 ι
900 4425 1090 4480 Matth.
1121 4441 1252 4488 xxv.
1294 4426 1381 4480 41.
1461 4435 1487 4462 '
1531 4424 1690 4479 Rom.
1743 4441 1841 4492 xu,
1878 4424 1946 4489 ,2.

2424 3247 2536 3311 λεις
2555 3243 2648 3300 οὖν
2672 3245 3032 3317 βοηθούμενος
3059 3243 3166 3297 ὑπὸ
3207 3241 3304 3296 τοῦ
3335 3239 3512 3305 Θεοῦ;
3548 3242 4003 3312 Προηγουμένως

2429 3340 2506 3410 μὴ
2531 3337 2814 3392 πιστεύειν
2842 3339 2981 3400 ὅλως
3010 3338 3132 3400 ταῖς
3169 3335 3330 3398 ἰδίαις
3371 3334 3691 3396 ὑπονοίαις,
3724 3337 3831 3388 καὶ
3878 3334 4010 3401 πασῃ

2425 3430 2654 3501 δυνάμει
2685 3427 3012 3494 σπουδάζειν
3030 3424 3420 3482 ταπεινοῦσθαι
3444 3427 3562 3489 τοῖς
3610 3425 3911 3496 ἀδελφοῖς,
3937 3425 4012 3477 πό-

2428 3539 2586 3574 πτειν
2649 3521 2835 3584 αὐτοῖς
2882 3520 2946 3573 τὺ
2993 3517 3126 3572 ἴδιον
3177 3517 3391 3588 θέλημα
3415 3533 3430 3549 ο
3454 3519 3552 3571 ἐὰν
3576 3517 3799 3589 ὑϐρίσῃ
3839 3519 3902 3570 σέ
3944 3532 4014 3576 τις

2428 3610 2630 3672 αὐτῶν,
2661 3609 2695 3681 ἦ
2733 3609 2909 3673 ἄλλως
2939 3607 3124 3680 θλίψῃ,
3158 3606 3460 3678 ὑπερεύχου
3494 3607 3682 3676 αὐτῷ,
3746 3607 3836 3672 ὡς
3878 3601 4013 3659 εἷπον

2427 3701 2478 3752 οἱ
2509 3698 2746 3770 Πάτρες,
2798 3699 2876 3761 ὡς
2911 3697 3124 3768 μεγάλα
3154 3713 3214 3750 σε
3268 3695 3688 3768 εὐεργετοῦντι,
3739 3697 3827 3762 ὡς
3863 3693 4015 3766 ἰατρῷ

2429 3791 2527 3860 τῆς
2555 3789 2867 3860 φιληδονίας
2905 3806 3023 3844 σου.
3062 3789 3160 3843 Ἐκ
3186 3789 3379 3842 τούτου
3417 3789 3447 3841 ό
3468 3787 3653 3857 θυμός
3681 3805 3788 3842 σου
3845 3787 4017 3859 μειοῦ-

2436 3898 2554 3948 ται,
2585 3880 2700 3950 εἴγε
2730 3881 2872 3935 κατὰ
2900 3882 3028 3945 τοὺς
3067 3881 3258 3950 ἀγῑους
3279 3881 3532 3950 Πατέρας
3574 3879 3773 3950 θυμοῦ
3815 3881 4018 3952 χαλινοῖ

2437 3975 2474 4044 ἠ
2507 3973 2699 4042 ἀγάπη
2726 3989 2742 4004 ο
2774 3973 2885 4046 πρὸ
2908 3973 2968 4027 δὲ
2989 3973 3210 4028 πάντων
3230 3973 3544 4044 παρακάλει
3583 3971 3688 4025 τὸν
3739 3973 3888 4026 Θεὸν
3910 3971 3995 4025 δοῦ

2439 4065 2527 4119 ναί
2555 4081 2638 4117 σοι
2678 4064 2840 4136 νῆψιν
2868 4067 2962 4120 καὶ
2989 4066 3206 4121 σύνεσιν
3233 4065 3328 4120 τοῦ
3352 4065 3555 4119 εἰδέναι
3588 4065 3658 4118 τι
3688 4066 3765 4119 τὸ
3802 4066 4020 4134 θέλημα

2439 4154 2626 4208 αὐτοῦ
2654 4153 2722 4208 τὸ
2751 4155 2996 4225 ἀγαθὸν,
3026 4155 3126 4210 καὶ
3146 4153 3474 4223 εὐάρεστον
3492 4153 3593 4207 καὶ
3625 4153 3908 4218 τέλειον,
3953 4154 4022 4206 ἔτι

2366 4226 2412 4283 ι)
2441 4246 2499 4299 δὲ
2523 4245 2620 4299 καὶ
2651 4245 2884 4319 δύναμιν
2918 4247 3000 4312 εἰς
3031 4247 3095 4301 τὸ
3125 4246 3558 4320 κατασεισθῆναι
3591 4246 3743 4318 πρὸς
3790 4249 3909 4303 πᾶν
3941 4246 4022 4318 ερ-

2441 4355 2539 4408 γον
2564 4337 2786 4406 ἀγαθόν.

1688 4588 2221 4676 ΕΡΩΤΗΣΙΣ
2287 4533 2481 4675 ΚΑΙ
2522 4593 3116 4680 ΑΠΟΚΡΙΣΙΣ

1058 4767 1362 4826 EIUSDEM
1386 4767 1674 4823 ABBATIS
1697 4767 2064 4824 DOROTHEI.

779 4911 856 4970 Ad
893 4925 1147 4981 magnum
1183 4924 1364 4981 senem
1405 4907 2150 4981 sanctum_Barsanuphium,
2184 4919 2239 4964 et
2278 4909 2348 4964 ad

850 4983 968 5047 ejus
987 4977 1339 5049 'discipulum
1376 4980 1622 5033 abbatem
1659 4977 1943 5044 Joannem,
1989 4992 2349 5038 cognomento

860 5051 1182 5173 Prlpphetam
1210 5089 1224 5114 ,
1265 5051 1336 5104 ob
1369 5049 1716 5120 perspicacia:
1751 5051 1954 5104 donum
1983 5050 2125 5120 quod
2161 5051 2351 5106 habuit

860 5136 883 5173 a
959 5135 1044 5173 eo.

853 5136 883 5174 a
917 5135 1044 5176 υοο.

1239 5255 1798 5314 INTERROGATIO
1845 5256 1890 5310 1.

985 5329 1204 5384 Abbati:
1230 5329 1479 5384 Dorotltei
1512 5329 1579 5382 ad
1606 5330 1845 5382 abbatem
1870 5327 2148 5383 Joannem.

1313 5463 1658 5520 DOCTRINA
1699 5464 1841 5521 XXI.

1355 5577 1708 5649 Interrogatio
1734 5580 1784 5633 l.

865 5693 1146 5760 Quomodo
1176 5709 1399 5764 possum
1426 5693 1647 5746 nimiam
1682 5691 1984 5749 libertatem
2032 5691 2358 5763 restringere

796 5796 850 5844 et
882 5787 1117 5857 linguam
1153 5801 1328 5844 meam
1359 5784 1660 5842 moderari?

2725 4773 2861 4826 ΤΟΥ
2891 4775 3126 4828 ΑΥΤΟΥ
3151 4774 3331 4828 ABBA
3363 4771 3748 4830 ΔΩΡΟΘΕΟΥ.

2450 4907 2605 4974 Πρὸς
2647 4909 2755 4960 τὸν
2794 4908 2987 4978 μέγαν
3025 4910 3304 4978 γέροντα,
3332 4911 3439 4964 τὸν
3465 4909 3638 4979 ἅγιον
3673 4911 4028 4978 Βαρσανού-

2519 4995 2679 5049 sator,
2710 4981 2808 5033 καὶ
2838 4981 2986 5047 πρὸς
3011 4981 3118 5033 τὸν
3150 4981 3338 5034 αὑτοῦ
3371 4979 3669 5049 μαθητὴν,
3702 4983 3819 5034 τὸν
3846 4981 4028 5035 ἁεεᾶν

2534 5047 2832 5116 Ἰωάννην,
2871 5049 2978 5102 τὸν
3006 5047 3405 5118 ἐπικληθέντα
3438 5050 3790 5118 Προφήτην.
3831 5051 3932 5105 διὰ
3967 5050 4028 5103 τὸ

2528 5118 2862 5186 διορατικὸν
2882 5119 3162 5189 χάρισμα,
3193 5120 3225 5174 ὃ
3261 5116 3383 5190 εἶχε
3417 5116 3576 5188 παρᾶ
3604 5116 3721 5174 τοῦ
3749 5122 3927 5175 Θεοῦ.

2454 5253 2598 5308 ειτο
2609 5253 2819 5307 ΤΗΣιΣ
2858 5249 2939 5306 A’.
3004 5251 3117 5305 Τοῦ
3155 5249 3306 5306 ἀϐὄᾶ
3365 5251 3664 5319 Δωροθέου
3720 5251 3881 5320 πρὸς
3928 5251 4024 5304 τιν

2981 5321 3170 5377 ἁϐὄᾶν
3199 5320 3492 5388 Ἰωάννην.

2952 5461 3364 5516 ΔῐΔΑΣΚΛΔΙΑ
3399 5461 3496 5513 ΚΔ
3516 5498 3531 5512 .

3030 5570 3350 5642 Ἐμὶιτησις
3377 5575 3426 5624 α’

2527 5687 2652 5751 Πῶς
2681 5687 2978 5756 δυνήσομαι
3009 5683 3239 5746 ἐκκόψαι
3262 5681 3599 5754 παρρησίαν,
3628 5679 3730 5735 καὶ
3763 5680 4019 5752 κρατῆσαι

2458 5781 2556 5852 τῆς
2592 5777 2841 5850 γλώσσης
2865 5794 2968 5848 μου
2987 5793 3002 5842 ;
