4118 6542
102 399 228 464 1821
1379 402 1756 463 DOCTRINA
1815 404 2003 463 XXII.
3184 386 3320 450 1822

92 537 183 571 σου
219 517 252 588 ἦ
286 517 467 587 χρεία,
517 515 612 570 καὶ
656 516 717 568 οὐ
756 515 978 570 δύνασαι
1029 517 1250 570 καθίσαι
1298 517 1371 588 μὴ
1402 518 1648 588 τρώγων,
1677 527 1718 583 Α

1691 527 1728 583 Α
1752 526 1806 574 et
1832 532 1937 571 non
1976 525 2128 584 potes
2171 513 2360 568 sedere
2395 527 2502 566 non
2525 508 2835 574 comedens,
2866 519 3046 576 surge.
3087 503 3194 559 Sed
3227 519 3317 559 se-

91 608 314 661 ἀνάστα·
343 606 404 660 τὺ
429 607 489 660 δὲ
513 605 734 660 καθίσαι
774 606 865 660 καὶ
912 609 985 676 μὴ
1032 611 1245 674 φαγεῖν,
1279 609 1462 677 μεῖζον
1490 607 1652 680 αὐτοῦ

1756 609 1881 662 dere
1929 618 1982 662 et
2015 623 2120 661 non
2153 604 2457 668 comedere,
2509 601 2689 671 majus
2724 607 2827 653 est.
2897 597 3001 653 Sed
3055 595 3320 666 intingere

88 701 223 750 ἑετι·
264 699 326 750 τὸ
354 697 413 750 δὲ
441 699 758 750 ἁπεκτεῖναι
803 696 862 749 τὸ
907 696 1119 766 βουκίον
1147 698 1192 731 ⁸⁷
1224 693 1317 750 σου
1351 699 1430 761 εἰς
1457 698 1558 752 ὅλα
1584 698 1655 751 τὰ

1755 701 2050 754 hucccllam
2083 707 2231 752 tuam
2259 695 2314 750 in
2353 696 2539 750 omnia
2571 691 2826 755 obsonia,
2851 691 2935 746 bis
2962 688 3177 744 duobus
3202 700 3320 742 meo

87 788 286 860 ὲψητὰ,
312 788 535 842 κάλλιον
564 788 672 842 τῶν
703 789 796 843 δύο
821 789 990 842 ἐστίν.

364 788 535 842 ἰλλιον
564 788 672 842 τῶν
703 789 796 843 δύο
821 789 990 842 ἐστίν.
1755 792 1860 848 lius
1889 803 1990 846 est.

676 924 996 993 Ἐρώτησις
1023 925 1088 978 θ’.

2327 917 2680 986 Interrogatio
2710 913 2763 969 9.

155 1058 224 1112 Τί
246 1059 462 1128 ποιήσω
483 1058 564 1112 ὅτι
590 1056 857 1128 φοϐοῦμαι
882 1057 978 1126 τὴν
1003 1054 1264 1126 αἰσχύνην
1289 1055 1389 1124 τῆς
1406 1052 1650 1123 ἀτιμίας,

1821 1060 1960 1129 Quid
1997 1058 2212 1124 faciam,
2268 1056 2394 1127 quia
2436 1057 2598 1108 timeo
2639 1051 2899 1120 pudorem
2935 1044 3316 1114 contemptus?

85 1150 178 1202 καὶ
209 1150 288 1212 είς
319 1149 610 1219 συντυχίαν
641 1149 706 1202 δὲ
751 1147 816 1201 ἂν
848 1147 1071 1218 ἐμπέσω
1108 1148 1246 1216 μετά
1285 1162 1468 1210 τινων,
1511 1144 1652 1197 πάνυ

1751 1161 1806 1208 et
1854 1153 1900 1208 si
1951 1156 2168 1222 quando
2217 1164 2343 1206 cum
2409 1144 2686 1216 aliquibus
2748 1155 3075 1212 congressus
3132 1137 3310 1201 fuero,

83 1241 317 1310 ἕλκομαι
360 1242 442 1303 εἰς
481 1239 669 1310 αὐτὴν,
712 1241 806 1293 καὶ
840 1237 1328 1309 αἰχμαλωτίζομαι,
1363 1236 1439 1298 ὡς
1469 1236 1652 1306 σχεδὸν

1753 1259 1976 1314 prorsus
2027 1242 2204 1297 incido
2261 1241 2316 1294 in
2343 1252 2468 1292 eum
2505 1244 2558 1289 et
2585 1234 2831 1304 captivus
2881 1231 2972 1294 ilo,
3031 1239 3090 1284 ut
3147 1229 3315 1283 ferme

80 1331 538 1386 ἐπιλανθάνεσθαι
581 1332 839 1404 ἐμαυτοῦ,
879 1332 967 1386 ἀεὶ
1001 1331 1058 1384 δὲ
1085 1332 1176 1385 καὶ
1213 1331 1288 1394 ὡς
1326 1329 1652 1400 αἰσχύνομαι

1752 1335 2042 1389 obliviscar
2091 1333 2193 1388 mei
2224 1329 2420 1402 ipsius,
2469 1338 2524 1382 et
2557 1337 2732 1382 tamen
2765 1337 2958 1380 vereor
2988 1337 3082 1378 eos
3124 1319 3314 1377 dimit-

77 1423 296 1489 ἀφεῖναι
328 1421 530 1485 αὐτούς
551 1439 567 1488 ;
1755 1424 1902 1478 gere?

755 1557 1106 1628 Ἀπόκρισις.
2380 1602 2381 1605 η

1058 1578 1106 1624 ς’·
2380 1550 2684 1621 Responsio.

156 1695 286 1748 Ἐὰν
329 1693 582 1766 συντείνῃ
628 1695 707 1758 είς
739 1695 1045 1766 οἰκοδομὴν,
1079 1694 1174 1748 καὶ
1211 1693 1272 1748 σύ
1312 1694 1521 1763 γίνεται
1561 1694 1654 1748 ὲκ-

1825 1689 1881 1745 Si
1908 1689 1973 1744 ad
1995 1687 2406 1744 aediﬁcationem
2443 1684 2572 1740 facit
2609 1692 2665 1739 et
2693 1695 2800 1736 non
2835 1679 3123 1749 impeditur
3144 1677 3317 1766 magis

73 1785 220 1856 κοπὴ
250 1765 684 1856 ἀναγκαιοτέρου
713 1785 1058 1858 πράγματος,
1096 1784 1253 1854 στῆθι
1293 1785 1398 1848 ἕως
1445 1779 1507 1838 οὗ
1537 1786 1653 1839 δια-

1752 1780 2118 1836 neeessarium
2194 1776 2470 1847 negotium
2496 1817 2511 1841 ,
2564 1787 2725 1827 mane
2769 1768 3016 1842 quandiu
3047 1765 3317 1835 colloqui-

71 1855 314 1944 ).ἑγεται’
364 1878 415 1930 εί
448 1877 504 1930 δὲ
551 1855 805 1948 ἀνόνητος
858 1879 1024 1942 ἐστιν,
1075 1879 1215 1931 είπέ’
1270 1867 1697 1948 Συγχώρησον,1

1692 1867 1722 1921 Β
1751 1879 1864 1924 tur:
1901 1870 1948 1924 si
1979 1883 2104 1924 vero
2130 1866 2447 1937 imprudens
2501 1873 2583 1919 est
2641 1861 2972 1931 colloquium
2995 1899 3011 1925 ,
3043 1857 3170 1911 dic:
3227 1855 3318 1908 Di-

71 1968 184 2038 ὲγὼ
237 1970 381 2034 τέως
426 1971 663 2042 ἀσθενής
705 1972 839 2041 είμι.
877 1971 1011 2040 Περὶ
1051 1970 1107 2023 δὲ
1142 1971 1239 2038 τῆς
1269 1969 1530 2041 αἰσχύνης
1565 1971 1653 2023 ὲνο

1749 1958 1902 2012 mitte
1957 1973 2063 2023 me,
2111 1971 2212 2028 ego
2247 1954 2530 2009 imbecillis
2576 1968 2718 2006 sum.
2770 1950 2844 2005 De
2866 1949 3073 2020 pudore
3108 1955 3309 2009 autem,

69 2035 182 2114 νύει
213 2035 726 2132 πῳπάνδημοννὲπὶ
754 2035 848 2114 τοῦ
881 2035 1084 2132 Κυρίου
1112 2035 1408 2132 μέλλουσαν
1434 2035 1652 2118 ἔσεσθαι

1750 2050 1926 2118 cogita
1956 2061 2303 2102 communem
2329 2046 2382 2100 in
2406 2045 2656 2107 Domino,
2687 2043 2781 2113 qui
2810 2042 2914 2096 erit
2940 2041 2997 2094 in
3027 2035 3320 2108 peccatori-

67 2157 182 2218 τοῖς
226 2155 602 2228 ἁμαρτωλοῖς,
651 2155 742 2208 καὶ
780 2156 880 2227 τὴν
924 2157 1254 2229 πρόσκαιρον
1291 2158 1405 2212 ἀντ’
1443 2156 1652 2220 οὐδενὸς

1249 2175 1254 2200 ι
1291 2158 1405 2212 ἀντ’
1443 2156 1652 2220 οὐδενὸς
1751 2143 1887 2198 bus:
1911 2149 1966 2196 et
1995 2139 2348 2210 temporalem
2381 2139 2534 2193 illum
2567 2143 2875 2212 contemne.

65 2248 301 2319 ἥγησαι.

588 2380 999 2435 ΔΙΔΑΣΚΑΛΙΛ
1030 2381 1158 2435 KB'.

2266 2355 2611 2414 DOCTRINA
2643 2353 2810 2410 XXII.

70 2495 183 2551 Τοῦ
209 2495 408 2551 αὐτοῦ
429 2497 601 2564 ἁγίου
624 2495 936 2562 Δωροθέου,
957 2495 1238 2562 ἑρμηνεία
1254 2493 1433 2547 τινῶν
1451 2493 1651 2563 ῥητῶν

1752 2474 2288 2564 Ετροεὶιὶοηεζιιεᾱρηι
2332 2474 2502 2556 sancti
2537 2471 2782 2564 Dorothei
2820 2473 2873 2524 in
2896 2471 3136 2541 quaedam
3174 2470 3317 2564 diem

137 2567 247 2621 τοῦ
277 2538 851 2636 ἀγίουιΐρηγοῑίου,
897 2538 1296 2635 ᾦαῆίὶδμένων
1328 2538 1488 2635 μετᾶ
1515 2538 1650 2634 Ιτρο-

1821 2538 2056 2615 Gregorii
2079 2538 2414 2636 :Na‘zianzeni
2450 2561 2468 2598 :
2490 2559 2639 2636 “quoi
2660 2538 2918 2596 cantatur
2951 2558 3040 2610 per
3078 2542 3316 2595 modulos

131 2614 376 2706 παριών
411 2640 499 2702 εἰς
525 2614 590 2689 τῖ)
612 2614 793 2705 ιοῗγῖοεν
814 2614 1048 2705 ἠὰἓχα.
1100 2614 1120 2635 τ
1328 2614 1356 2635 1
1549 2614 1582 2634 τ

1079 2614 1190 2635 ἐ’--
1220 2614 1272 2618 ”’
1328 2614 1478 2635 """
1527 2614 1615 2634 τ’
1819 2614 2072 2687 quosdam
2101 2617 2169 2670 ad
2204 2626 2446 2669 sanctum
2480 2614 2705 2668 ΡαδεΙιασ

136 2755 217 2805 A'.
267 2750 482 2814 Ἡδέως
516 2750 737 2804 ἐλάλουν
785 2750 913 2820 ὑμῖν
954 2749 1108 2818 ὀλίγα
1132 2748 1258 2821 περὶ
1287 2749 1393 2802 τῶν
1419 2746 1648 2819 ψαλμῶν

1819 2729 1861 2784 1.
1912 2731 2058 2784 Libet
2084 2731 2236 2796 mihi,
2272 2729 2488 2791 fratres,
2514 2744 2686 2799 pauca
2718 2726 2967 2798 quaedam
2998 2726 3065 2782 de
3085 2725 3317 2783 Psalmis

59 2836 138 2898 ὧν
164 2841 480 2915 ψάλλομεν,
515 2843 602 2896 ἶνα
633 2842 706 2913 μὴ
739 2819 1275 2912 ἀπομετεωρίζεσθαι
1300 2841 1433 2912 πρὸς
1460 2839 1521 2893 τὸ
1549 2838 1647 2909 μέ-

1751 2840 1856 2878 non
1887 2822 2149 2878 inutiliter
2197 2823 2354 2878 vobis
2383 2821 2594 2885 θηεῖτο,
2625 2829 2684 2876 ut
2713 2836 2821 2875 non
2853 2819 2975 2876 sitis
3015 2828 3223 2874 tantum
3251 2820 3320 2875 ad

59 2913 327 3000 λος-ἀλλ’
356 2936 449 2989 ἵνα
480 2936 574 2988 καὶ
602 2934 767 2998 αὐτὸς
800 2937 827 2987 ὀ
857 2935 978 2998 νοῦς
1007 2935 1160 3003 ὑμῶν
1193 2933 1333 2987 κατὰ
1363 2930 1649 2999 ἀναλογίαν

1749 2926 1941 2971 cantus
1967 2916 2287 2971 suavitatem
2306 2914 2519 2977 intenti,
2548 2913 2641 2969 sed
2668 2922 2720 2968 et
2738 2914 2920 2969 omnis
2936 2929 3089 2971 mens
3104 2930 3322 2985 quoque

59 3025 520 3098 συμπεπύρωται
550 3028 616 3096 τῇ
646 3025 871 3096 δυνάμει
902 3026 1010 3079 τῶν
1037 3025 1230 3094 λόγων.
1255 3024 1318 3077 Τί
1347 3023 1650 3094 ἐψάλλομεν

1749 3020 1946 3074 vestra,
1982 3019 2043 3063 ut
2067 3024 2164 3080 par
2193 3018 2295 3074 est,
2329 3009 2624 3064 incalescat
2649 3009 2702 3063 in
2752 3010 2952 3064 virtute
2983 3025 3317 3064 sermonum.

57 3119 230 3187 ἄρτις
277 3117 665 3181 Ἀναστάσεως
711 3116 912 3189 ἡμέρα·
947 3116 1459 3187 καρποφορήσωμεν
1503 3115 1650 3184 ἡμᾶς

1752 3103 1889 3169 Quid
1931 3103 2093 3173 igitur
2122 3102 2174 3157 id
2228 3113 2312 3159 est
2338 3101 2482 3174 quod
2517 3117 2660 3156 nunc
2693 3101 3007 3172 psallimus?
3058 3101 3321 3157 Resurre-

55 3211 287 3276 αὐτούς.
333 3211 556 3282 Ἐπειδὴ
583 3211 644 3264 τὸ
673 3209 900 3264 παλαιὸν
928 3210 976 3263 oi
997 3209 1103 3262 υἱοὶ
1135 3206 1346 3279 Ἰσραὴλ
1371 3208 1582 3277 ἑορταῖς
1612 3205 1646 3275 ἦ
1675 3246 1681 3280 η

1695 3233 1716 3290 3
1751 3195 1943 3250 ctionis
1979 3195 2139 3250 hodie
2187 3195 2304 3251 dies
2355 3204 2438 3251 est
2478 3214 2492 3250 :
2542 3193 2849 3251 Oil‘eramus
2886 3211 2989 3251 nos
3028 3196 3178 3266 ipsos
3209 3196 3321 3267 pri-

55 3307 183 3368 ταῖς
215 3302 567 3374 πανηγύρεσι
611 3302 947 3372 προσέφερον
995 3299 1142 3371 δῶρα
1181 3297 1259 3369 τῷ
1292 3297 1477 3369 Κυρίῳ
1509 3295 1650 3349 κατά

1694 3287 1713 3290 ί
1749 3288 1930 3342 mitias
1965 3287 2096 3343 Deo.
2153 3288 2623 3355 Quemadmodum
2649 3289 2791 3357 apud
2820 3288 3058 3357 majores
3099 3294 3320 3344 nOsIros

53 3396 254 3466 νόμον,
277 3390 422 3458 οἷον,
446 3393 655 3459 θυσίας,
678 3391 1105 3462 ὀλοκαυτόματα,
1133 3389 1408 3459 ἀπαρχὰς,
1433 3387 1526 3441 καὶ
1549 3387 1650 3440 ὅσα

1749 3379 1844 3434 ﬁlii
1871 3380 2033 3435 Israel
2065 3381 2120 3435 in
2151 3382 2590 3437 solemnitatibus
2619 3382 2702 3436 vel
2749 3381 3091 3452 panegyricis
3128 3381 3321 3437 oil‘erc—

53 3487 321 3541 τοιαῦταο
357 3486 618 3555 παραινεῖ
647 3485 774 3553 ὑμῖν
808 3485 837 3535 ὁ
867 3483 1020 3553 ἅγιος
1055 3482 1350 3552 Γρηγόριος
1395 3477 1649 3548 ἑορτάσαι

1751 3473 1878 3528 bant
1933 3472 2076 3528 dona
2125 3472 2354 3530 Domino
2384 3474 2682 3529 secundum
2710 3473 2903 3543 legem,
2939 3482 3126 3544 utpote
3149 3475 3320 3530 sacri-

52 3574 260 3646 ὥσπερ
288 3576 495 3628 ἐκεῖνοι
524 3572 602 3642 τῷ
629 3571 840 3641 Κυρίῳ,
871 3572 961 3625 καὶ
991 3569 1422 3642 παρακελεύεται
1454 3567 1644 3636 λέγων·

1750 3565 1890 3629 ﬁcia,
1931 3565 2268 3630 holocausta,
2340 3565 2610 3636 primitias
2656 3575 2710 3621 et
2761 3565 2866 3621 alia
2910 3565 3317 3636 hujuscemodi:

64 3666 471 3727 Ἀναστάσεως
496 3662 694 3734 ἡμέρα·
742 3662 880 3728 ἀντὶ,
908 3661 1004 3731 τῆς
1043 3661 1204 3728 ἁγίας
1232 3659 1422 3728 ἑορτῆς
1450 3657 1650 3733 ἡμέρα,

1751 3657 1825 3711 ita
1854 3672 1954 3712 nos
1985 3656 2146 3713 hodie
2193 3658 2554 3713 admonemur
2590 3673 2621 3712 a
2662 3658 2822 3713 beato
2858 3657 3123 3730 Gregorio
3165 3659 3321 3729 juxta

52 3758 220 3822 θείας
264 3755 635 3826 πανηγύρεως
678 3754 877 3825 ἡμέρα,
926 3752 1019 3805 τοῦ
1054 3752 1248 3822 Πάσχα
1289 3749 1383 3803 τοῦ
1413 3748 1648 3821 Χριστοῦ

1749 3765 1937 3804 eorum
2002 3765 2232 3815 morem,
2270 3751 2668 3806 solemnitatem
2726 3765 2887 3822 agere
2941 3750 3220 3807 Domino:
3268 3761 3322 3806 et

48 3849 275 3921 ἡμέρα.
309 3847 383 3900 Τί
413 3846 744 3914 ὲστιΠάσ-χα
768 3843 1043 3915 Χριστοῦ;
1075 3843 1150 3895 Τὸ
1181 3841 1358 3912 Φασὲχ
1390 3839 1650 3908 ἐποίησαν

1751 3842 2044 3910 generatim
2102 3843 2359 3897 omnibus
2412 3842 2807 3898 solemnitatem
2864 3843 3079 3909 indicit,
3134 3853 3190 3899 et
3213 3844 3314 3897 ait:

52 3943 170 3994 υίοὶ
207 3937 463 4010 Ἰσραὴλ,
497 3937 586 3990 ὅτε
617 3935 835 4004 ἐξῆλθον
863 3937 927 3989 ὲκ
950 3935 1051 4003 τῆς
1072 3935 1368 4004 Αἰγύπτου·
1391 3934 1452 3988 τὸ
1477 3934 1533 3987 δὲ
1557 3933 1651 3988 νῦν

1750 3932 2190 3990 Resurrcctionis
2228 3935 2339 3990 dies
2369 3943 2471 3999 est,
2495 3935 2597 3988 hoc
2621 3945 2721 3999 est,
2752 3935 2866 3990 dies
2890 3943 3092 3990 sancta:
3117 3936 3321 3991 solem-

49 4033 266 4104 Πάσχα
311 4031 346 4083 ὃ
377 4028 744 4100 προτρέπεται
771 4028 919 4097 ἡμᾶς
961 4028 990 4080 ὁ
1022 4026 1177 4095 ἅγιος
1207 4026 1504 4096 Γρηγόριος
1533 4027 1652 4096 ἑορ-

1751 4025 1957 4091 ηζιειίς,
2000 4027 2115 4080 dies
2145 4025 2340 4081 divinae
2371 4027 2741 4092 mercationis,
2770 4027 2885 4081 dies
2919 4027 3163 4094 Paschaz,
3201 4028 3317 4086 dies

48 4125 257 4188 τάσαι,
293 4123 333 4193 ἠ
358 4119 505 4191 ψυχὴ
538 4119 793 4184 ἐπιτελεῖ,
818 4119 850 4192 ἢ
878 4119 1154 4189 ἐξέρχεται
1191 4118 1298 4171 ἀπὸ
1327 4117 1426 4188 τῆς
1453 4116 1652 4188 νοητῆς

1749 4114 1973 4172 Christi.
2021 4117 2159 4184 Quid
2193 4126 2277 4172 est
2309 4119 2506 4187 pascha
2537 4115 2779 4173 Christi?
2840 4115 3016 4174 Phase
3072 4118 3320 4176 fecerunt

45 4215 383 4285 Αἰγύπτου,
422 4211 564 4266 τοῦτ’
598 4211 734 4276 ἐστι,
769 4210 866 4281 τῆς
905 4211 1196 4282 ἁμαρτίας.
1229 4209 1362 4263 Ὅτε
1389 4209 1503 4279 γὰρ
1536 4207 1652 4263 δια-

1749 4207 1847 4262 tilii
1871 4207 2056 4274 Israel,
2089 4224 2213 4265 cum
2239 4209 2447 4264 exirent
2477 4225 2544 4264 ex
2578 4207 2832 4282 Egypto.
2866 4208 3113 4266 Praesens
3137 4222 3317 4267 autem

49 4307 247 4359 ϐαίνει
277 4305 318 4375 ἡ
351 4301 496 4374 ψυχὴ
527 4301 634 4356 ἀπὺ
669 4300 768 4370 τῆς
792 4290 1066 4372 ἁμαρτίας
1113 4301 1248 4373 πρὸς
1284 4301 1384 4372 τὴν
1431 4299 1650 4372 ἀρετὴν,

1752 4298 1965 4356 Pascha
2033 4301 2177 4370 quod
2249 4315 2352 4356 nos
2409 4298 2662 4355 hortatur
2734 4309 2955 4357 sanctus
3025 4301 3320 4374 Gregorius

43 4399 183 4451 τότε
226 4395 391 4449 ποιεί
418 4393 479 4446 τὸ
499 4392 674 4463 Φασὲχ
708 4391 788 4462 τῷ
828 4393 1042 4462 Κυρίῳ,
1073 4392 1150 4456 ὡς
1184 4389 1336 4446 εἷπεν
1363 4390 1648 4463 Εὐάγριος.

1752 4391 2021 4448 celebrare
2047 4433 2063 4459 ,
2105 4391 2290 4448 anima
2343 4403 2490 4448 recte
2549 4393 2786 4448 celebrat
2838 4403 2893 4449 et
2928 4394 3161 4462 perlicit,
3195 4411 3318 4451 cum

48 4492 270 4558 Πάσχα
319 4482 552 4556 Κυρίου,
593 4483 838 4547 διάϐασις
880 4483 987 4537 ἀπὸ
1019 4484 1237 4548 κακίας.
1284 4486 1530 4558 Σήμερον
1560 4479 1652 4538 οῦν

1750 4483 2022 4554 egreditur
2044 4498 2074 4538 a
2092 4485 2508 4556 cogitationibus
2525 4483 2766 4556 Egypti,
2794 4486 2898 4540 hoc
2914 4497 2995 4542 est
3024 4502 3054 4541 a
3075 4496 3316 4556 peccato.

43 4583 266 4648 Πάσχα
291 4575 531 4646 Κυρίου,
557 4574 817 4646 λαμπρᾶς
845 4574 1035 4646 ἑορτῆς
1058 4576 1265 4646 ἡμέρα.
1291 4576 1392 4647 τῆς
1418 4575 1654 4647 Χριστοῦ

1694 4572 1730 4628 D
1758 4573 1984 4641 Quoties
2027 4575 2176 4631 enim
2232 4576 2534 4646 digreditur
2559 4579 2758 4633 anima
2807 4594 2837 4632 a
2867 4588 3087 4649 peccato
3109 4579 3175 4634 ad
3204 4579 3320 4634 vir-

43 4669 440 4730 ἀναστάσεως
487 4667 693 4739 ἡμέρα,
730 4665 823 4720 τοῦ
859 4665 959 4736 τὴν
989 4667 1264 4737 ἁμαρτίαν
1301 4667 1653 4740 ἀνασταυρώ-

1756 4674 1948 4734 ιιιιεω,
2003 4667 2164 4722 toties
2211 4667 2442 4722 Domino
2498 4668 2742 4723 celebrat
2778 4667 2953 4726 Phase
3020 4672 3103 4740 (ut.
3143 4671 3321 4727 aiebat

45 4778 300 4826 σαντος,
328 4757 425 4811 καὶ
458 4757 596 4828 ὑπὲρ
617 4755 772 4827 ἡμῶν
797 4755 1156 4819 ἀποθανόντος
1188 4757 1282 4810 καὶ
1301 4757 1649 4822 ἀναστάντος.

1758 4757 2068 4830 Evagrius).
2129 4758 2339 4816 Pascha
2374 4758 2590 4814 Domini
2621 4763 2839 4832 proprie
2876 4763 3145 4832 digressio
3173 4772 3257 4818 est
3286 4779 3319 4818 a

43 4851 552 4927 Προσενέγκωμεν
569 4843 663 4902 οὖν
682 4847 776 4902 καὶ
795 4848 955 4918 ἡμεῖς
975 4846 1123 4919 δῶρα
1139 4846 1217 4918 τῷ
1232 4848 1421 4920 Κυρίῳ
1440 4848 1651 4915 θυσίας,

1758 4851 1922 4924 460
1947 4850 2110 4906 malo.
2144 4850 2316 4907 Hodie
2335 4851 2497 4922 igitur
2522 4851 2728 4907 Pascha
2769 4853 2984 4909 Domini
3013 4865 3116 4920 est,
3140 4855 3321 4925 Splen-

40 4941 520 5004 ὁλοκαυτώσεις,
565 4939 640 5010 μὴ
690 4937 897 5007 ἀλόγων
951 4937 1136 5003 ζώων,
1188 4929 1262 4992 ὧν
1310 4940 1544 5010 Χριστὸς
1591 4941 1652 4994 ού

1759 4941 1900 4997 (Ιίἀεε
1918 4940 2277 4996 solemnitatis
2313 4941 2451 5008 dies,
2497 4941 2936 5000 Resurrectionis
2953 4943 3156 5000 Christi
3178 4946 3317 5010 dies,

46 5035 365 5108 βούλεται·
413 5027 602 5081 θυσίαν
645 5027 755 5098 γὰρ
803 5025 898 5079 καὶ
940 5026 1254 5098 προσφορὰν
1300 5027 1512 5096 ἀλόγων
1555 5030 1658 5084 οὐκ

1752 5033 1846 5103 qui
1873 5040 2156 5100 peccatum
2206 5041 2456 5108 nostrum
2510 5035 2658 5088 cruci
2688 5034 2876 5100 allixit,
2930 5044 2984 5090 et
3031 5049 3132 5104 pro
3162 5035 3321 5091 nobis

38 5124 343 5191 ἐθέλησε,
378 5118 472 5170 καὶ
517 5115 938 5185 ὁλοκαυτώματα
978 5115 1192 5185 μόσχων
1239 5116 1331 5169 καὶ
1373 5117 1658 5189 προσάτων

1753 5134 1999 5178 mortuus
2025 5133 2175 5179 estet
2207 5124 2528 5179 resurrexit.
2560 5125 2863 5183 Oﬂ‘eramus
2900 5127 3063 5197 igitur
3091 5125 3319 5182 Domino

41 5220 165 5272 οὐκ
212 5210 518 5277 εὖδόκησε.
570 5207 682 5261 Καὶ
711 5209 938 5268 Ἡσαΐας
978 5206 1145 5275 λέγει’
1196 5207 1258 5261 Τί
1293 5226 1394 5277 μοι
1428 5209 1660 5277 πλῆθος

1753 5220 1808 5268 et
1860 5228 1962 5267 nos
2011 5213 2298 5279 sacriﬁcia,
2355 5215 2673 5271 holocausta
2709 5233 2817 5271 non
2861 5216 3316 5272 irrationabilium

39 5305 187 5360 τῶν
213 5297 461 5356 θυσιῶν
481 5294 682 5365 ὑμῶν;
705 5295 865 5363 λέγει
888 5297 1117 5362 Κύριος,
1148 5297 1240 5351 καὶ
1269 5297 1336 5352 τά
1357 5299 1502 5368 ἑξῆς.
1521 5299 1659 5355 Ἀλλ’

1761 5305 2122 5370 animalium,
2177 5306 2359 5375 qualia
2418 5323 2526 5362 non
2583 5309 2783 5378 appetit
2845 5307 2989 5364 Deus
3045 5323 3078 5363 a
3136 5309 3315 5364 nobis.

39 5397 198 5453 ἐπεὶ
230 5395 268 5447 ὁ
329 5389 520 5460 ’Λμνὸς
545 5387 635 5442 τοῦ
661 5387 794 5441 Θεοῦ
816 5386 978 5458 ἐτύθη
1014 5387 1154 5459 ὑπὲρ
1189 5387 1364 5459 ἡμῶν,
1400 5390 1540 5444 κατὰ
1565 5393 1657 5447 τὸν

1764 5394 2100 5451 Sacriﬁcium
2133 5397 2280 5451 enim
2315 5408 2368 5453 et
2421 5400 2749 5454 oblationem
2803 5400 3084 5455 brutorum
3145 5399 3321 5454 noluit

47 5494 114 5547 Ἀ
129 5484 422 5544 τεόστολον
439 5481 685 5552 λέγοντα·
705 5479 816 5534 Καὶ
839 5479 948 5550 τὰρ
974 5479 1040 5534 τὸ
1057 5479 1274 5551 Πάσχα
1297 5481 1464 5552 ἡμῶν
1477 5482 1656 5554 ἐτύθη

1761 5487 2059 5556 Dominus,
2087 5497 2141 5544 et
2186 5487 2500 5547 holocausta
2532 5491 2822 5546 vitulorum
2859 5501 2914 5546 et
2973 5491 3155 5546 ovium
3209 5505 3319 5546 non

1366 5659 1601 5716 VARle
1654 5660 2059 5726 LECTIONES.

140 5845 201 5881 ιτ
235 5841 495 5896 Βουκίον.
532 5840 663 5898 \‘ide
692 5856 855 5912 supra
892 5849 1072 5899 notam
1101 5841 1167 5900 ad
1193 5839 1376 5896 Doctr.
1413 5838 1502 5909 Xl,
1537 5841 1642 5912 ξε.
