4118 6542
80 383 211 450 1825

1391 374 1772 438 noenum
1804 325 1998 436 xm.

3169 377 3304 444 1826

79 519 183 572 χεν,
214 498 247 569 ἢ
278 494 614 569 περιουσίαν,
660 492 930 548 κάκείνων
977 488 1322 563 κατεφρόνει,
1354 488 1450 544 καὶ
1494 488 1635 561 ἄρας

1736 494 1791 542 et
1808 499 2049 540 amorem
2069 483 2358 554 przesentis
2391 483 2598 542 saeculi.
2627 483 2843 542 Certum
2864 496 2950 544 est
2969 495 3150 544 autem
3173 505 3309 560 quo-

79 593 158 646 τδν
192 587 442 659 σταυρὸν,
487 585 820 658 ἠκολούθησε
863 583 942 655 τῷ
971 583 1212 655 Χριστῷ,
1247 582 1339 636 καὶ
1381 580 1522 636 κατά
1547 581 1630 634 τό·

79 682 162 736 Ζῶ
183 680 270 745 δὲ,
308 680 422 734 οὐκ
457 679 546 732 ἐτι
568 675 702 747 ἐγὼ,
731 674 799 744 ζῆ
828 674 897 728 δὲ
918 675 989 728 ἐν
1023 674 1153 744 ἐμοὶ
1192 673 1466 742 Χριστός.
1503 670 1632 725 Ἰδοὺ

79 773 237 836 οὕτως
259 770 716 842 ὲκαρποφόρησαν
737 767 982 831 ἑαυτοὺς,
1014 769 1063 820 οἰ
1093 765 1237 834 ἆγιοι
1262 764 1634 836 νεκρώσαντες

79 861 314 925 ἑαυτοὺς,
359 858 436 922 ὡς
464 858 714 929 εἴπομεν,
745 857 853 910 ἀπὸ
897 858 1079 927 πάσης
1117 855 1489 926 προπαθείας
1539 855 1634 909 καὶ

79 953 202 1007 ἰδίου
226 952 547 1024 θελήματος,
581 951 676 1005 καὶ
700 950 846 1022 μόνῳ
873 950 1094 1022 Χριστῷ
1126 950 1219 1005 καὶ
1242 952 1365 1016 ταῖς
1395 949 1634 1012 ἐντολαῖς

79 1044 228 1101 κὺτοῦ
259 1045 324 1116 ζή
335 1061 542 1108 σαντες.
572 1042 760 1104 Οὕτως
791 1043 886 1098 καὶ
915 1045 1080 1114 ἡμεῖς
1121 1043 1633 1114 καρποφορήσωμεν

79 1135 259 1197 ιὺτοὺς
286 1136 456 1206 ἡμᾶς,
483 1133 560 1198 ὡς
599 1135 839 1189 διδάσκει
884 1138 912 1189 ό
951 1135 1108 1203 ἅγιος
1134 1135 1451 1207 Γρηγόριοςο
1487 1135 1634 1206 ἡμᾶς

79 1227 172 1298 γὰρ
197 1225 340 1280 θέλει
391 1226 455 1280 τὸ
496 1225 824 1298 τιμιώτατον
852 1226 947 1280 τοῦ
968 1226 1104 1281 Θεοῦ
1145 1229 1347 1298 κτῆμα.
1393 1226 1633 1298 Ἀληθῶς

79 1317 280 1371 πάντων
315 1317 426 1372 τῶν
447 1318 742 1390 δρωμένων
769 1320 1083 1389 κτισμάτων
1107 1318 1434 1391 τιμιώτερον
1479 1321 1508 1373 6
1534 1320 1632 1375 ἀν-

79 1413 300 1485 )ρωπος.
338 1415 552 1469 Ἐκεῖνα
594 1415 692 1483 μὲν
723 1415 833 1487 γὰρ
870 1415 1012 1487 λόγῳ
1040 1416 1362 1488 παρήγαγεν
1398 1416 1429 1469 6
1469 1414 1633 1486 δημι-

79 1506 275 1578 ιυργὸς,
321 1505 514 1560 εἰπών’
549 1507 870 1577 Γενηθήτω
918 1507 1073 1575 τόδε,
1110 1507 1209 1562 καί
1242 1507 1498 1576 ἐγένετο·
1536 1507 1632 1562 καὶ

79 1597 242 1651 τάλιν·
292 1599 662 1671 Ἐξαγαγέτω
698 1601 738 1669 ἠ
783 1598 861 1671 γῆ
911 1600 1052 1662 τόδε,
1099 1599 1196 1654 καὶ
1237 1599 1474 1670 ἐγένετο·
1513 1599 1627 1653 καί·

79 1689 434 1761 Ἐξαγαγέτω
463 1691 536 1746 τὰ
559 1691 768 1745 ὕδαταο
801 1691 896 1745 καὶ
923 1691 1023 1744 ὅσα
1041 1687 1283 1746 τοιαῦτα.
1323 1689 1429 1744 Τὸν
1456 1689 1514 1744 δὲ
1537 1689 1633 1745 ἄν-

79 1783 276 1853 ἰρωπον
319 1783 481 1846 ἰδίαις
512 1785 699 1854 χερσὶν
731 1784 934 1837 ἔπλασε
968 1783 1062 1838 καὶ
1095 1784 1494 1855 κατεκόσμησε,
1537 1783 1632 1836 καὶ

79 1873 237 1928 τάντα
282 1874 384 1946 μὲν
416 1877 599 1929 ὲκεῖνα
632 1877 710 1939 εἰς
737 1875 1036 1946 ὑπηρεσίαν
1065 1876 1159 1929 καὶ
1188 1875 1498 1930 ἀνάπαυσιν
1535 1874 1631 1928 τοῦ

79 1964 346 2038 ἰνθρώπου
379 1955 596 2033 έταξενέ
619 1967 780 2020 αὑτὸν
805 1967 861 2020 δὲ
890 1967 982 2022 καὶ
1016 1966 1240 2038 βασιλέα
1266 1967 1471 2022 τούτων
1496 1969 1632 2022 πάν-

79 2075 165 2111 των
189 2058 515 2129 κατέστησε,
545 2061 638 2114 καὶ
665 2063 765 2131 τῆς
787 2065 998 2133 τρυφῆς
1024 2060 1118 2115 τοῦ
1143 2062 1473 2134 παραδείσου
1501 2064 1633 2117 ἀπο-

79 2150 243 2205 λαύειν
272 2151 521 2223 ἐποίησε.
558 2153 668 2206 Καὶ
695 2151 758 2206 τὸ
786 2153 1255 2224 θαυμασιώτερον,
1291 2155 1374 2209 ὅτι
1416 2156 1512 2210 καὶ
1537 2157 1630 2211 ὲκ-

79 2244 315 2309 τεσόντος
358 2243 529 2300 αὐτοῦ
572 2245 780 2299 ἐκεῖθεν
813 2246 903 2301 διὰ
948 2247 1084 2311 ἰδίας
1118 2249 1415 2320 ἁμαρτίας,
1468 2249 1631 2304 πάλιν

79 2336 144 2390 ἱιὰ
167 2335 260 2391 τοῦ
286 2337 522 2408 αἵματος
555 2336 648 2392 τοῦ
684 2338 1008 2410 μονογενοῦς
1028 2339 1158 2394 Υἰοῦ
1183 2340 1348 2395 αὑτοῦ
1374 2342 1632 2397 ἀνεκαλέ-

79 2443 218 2481 ιατοο
269 2427 416 2483 ὥστε
477 2430 696 2485 πάντων
763 2430 871 2485 τῶν
948 2433 1243 2505 ὁρωμένων
1300 2433 1633 2502 τιμιώτατον

79 2520 160 2590 ιτῆ
169 2538 246 2590 μα
270 2521 392 2594 Θεῷ
415 2523 444 2577 ό
463 2523 560 2579 ἀνθ
569 2541 770 2596 ρωπος,
795 2527 888 2579 καὶ
910 2528 969 2580 οὐ
1002 2528 1164 2599 μόνον
1184 2528 1531 2600 τιμιώτατον,
1555 2530 1633 2594 ὡς

79 2606 209 2664 ιῖπεν
235 2613 264 2665 6
287 2612 467 2682 ἅγιος,
483 2612 620 2668 ἀλλά
645 2615 739 2667 καὶ
766 2615 1118 2682 οἰκειότατον,
1146 2619 1497 2689 Ποιήσωμεν
1522 2623 1630 2694 γὰρ

79 2702 374 2772 ἱνθρωπον
401 2707 531 2758 κατ’
556 2705 762 2759 εἰκόνα
787 2706 1100 2777 ἡμετέραν,
1132 2709 1231 2763 καὶ
1263 2710 1395 2766 καθ’
1424 2711 1630 2780 ομοίω-

79 2810 182 2849 ην.
203 2796 316 2850 Καὶ
340 2795 523 2851 πάλινο
566 2797 888 2867 Ἐποίησεν
915 2802 950 2854 ὁ
980 2799 1124 2867 Θεὸς
1157 2801 1263 2855 τὸν
1292 2801 1625 2873 ἅνθρωπονο

79 2888 128 2941 ir
149 2890 340 2944 εἰκόνι
379 2888 529 2943 Θεοῦ
563 2891 852 2960 ἐποίησεν
879 2893 1088 2961 αὑτὸν,
1112 2894 1212 2949 καί
1246 2894 1632 2964 ἐνεφύσησεν

79 2982 144 3047 εἰς
169 2981 237 3034 τὸ
264 2983 594 3050 πρόσωπον
635 2983 822 3038 αὑτοῦ
866 2983 1066 3054 πνοὴν
1103 2984 1270 3055 ζωῆς.
1299 2987 1468 3053 Αὐτὸς
1505 2989 1563 3043 δὲ
1600 2989 1630 3043 6

79 3075 263 3146 ίύριος
315 3074 478 3146 ἡμῶν
515 3073 856 3148 ἐπιδημήσας
915 3077 1054 3147 πρὸς
1095 3078 1280 3150 ἡμᾶς.
1341 3080 1630 3153 ἀνθρώπου

79 3166 275 3239 ιορφὴν
302 3167 560 3231 ἀνέλαϐε,
579 3167 758 3239 σάρκα
781 3167 1092 3240 ἀνθρώπου,
1109 3171 1299 3226 καινοῦ
1317 3172 1628 3245 ἀνθρώπου,
1659 3201 1704 3264 c

79 3257 156 3309 ιαὶ
182 3258 372 3324 ἁπλῶς
399 3260 596 3326 εἰπεῖν,
625 3259 804 3315 πάντα
823 3261 1054 3331 γίνεται,
1076 3261 1216 3336 πλήν
1240 3263 1340 3335 τῆς
1360 3264 1633 3338 ἁμαρτίας

79 3348 92 3401 i
118 3348 431 3422 ἄνθρωπος.

131 3619 206 3671 Δ’.
230 3616 742 3690 Προσῳκειὼσαμεν
775 3617 870 3671 καὶ
894 3617 984 3672 διὰ
1016 3617 1176 3673 τοῦτο
1204 3618 1296 3673 τὸν
1327 3619 1634 3692 ἄνθρωπον,

79 3702 173 3762 ιῖον
205 3711 403 3773 εἰπεῖν,
437 3708 868 3782 ἰδιοποιήσαμεν.
897 3710 1094 3776 Καλῶς
1115 3707 1211 3766 οὖν
1239 3713 1336 3765 καὶ
1361 3713 1637 3785 ἁρμοδίως

79 3795 216 3855 εἶπεν
234 3803 264 3855 6
288 3802 464 3870 ἅγιος,
488 3801 563 3854 Τὸ
583 3799 912 3873 τιμιώτατον
932 3801 1119 3874 κτῆμα
1138 3807 1168 3858 6
1189 3804 1492 3875 ἄνθρωπος·
1520 3799 1641 3858 εἶτα

79 3891 144 3944 ἔτι
196 3894 534 3963 σαφέστερον
586 3893 858 3964 ἐπιφέρει·
899 3891 1218 3964 Ἀποδειμεν
1261 3898 1326 3967 τῇ
1365 3884 1536 3950 εἰκόνι
1578 3895 1640 3950 τὸ

79 3984 185 4038 ιατ⁹
213 3985 420 4040 εἰκόνα·
467 3984 584 4049 πῶς
623 3982 719 4039 καὶ
745 3985 937 4053 τοῦτο;
985 3987 1146 4058 Παρά
1183 3987 1278 4041 τοῦ
1316 3987 1638 4042 ’Λποστόλου

79 4075 335 4146 ιάθωμεν
395 4075 664 4146 λέγοντος·
729 4078 1152 4148 Καθαρίσωμεν
1213 4077 1468 4145 ἑαυτοὺς
1518 4078 1641 4132 ἀπὸ

79 4169 291 4235 παντὸς
320 4168 641 4237 μολυσμοῦ
678 4169 906 4238 σαρκὸς
937 4169 1040 4224 καί
1081 4169 1439 4240 πνεύματος·
1477 4171 1641 4243 ποιή-

79 4275 250 4330 τωμεν
284 4259 532 4330 καθαρὰν
572 4258 672 4329 τὴν
715 4257 900 4312 εἰκόνα
936 4259 1118 4329 ἡμῶν,
1151 4258 1335 4324 καθὼς
1376 4259 1643 4332 ἐλάϐομεν

79 4351 256 4422 ιύτήνο
288 4350 692 4421 ἀποσμύξωμεν
713 4352 884 4422 αὐτὴν
905 4351 999 4405 τοῦ
1026 4351 1200 4423 ῥύπου
1223 4353 1324 4423 τῆς
1346 4353 1640 4422 ἁμαρτίας,

79 4445 153 4496 ἵνα
206 4446 352 4514 φανῇ
408 4446 469 4496 τὸ
525 4445 722 4508 κάλλος
754 4445 924 4515 αὐτῆς
965 4443 1056 4498 διὰ
1095 4443 1204 4498 τῶν
1241 4445 1473 4516 ἀρετῶν.
1507 4446 1643 4518 Περὶ

1735 577 1882 633 niam
1912 577 2014 632 etsi
2069 578 2333 648 pecunias
2361 585 2422 632 ut
2454 577 2559 634 alia
2597 578 2740 634 bona
2782 578 3064 637 habuisset
3086 621 3104 648 ,
3144 581 3306 654 46],

1733 667 1918 723 omnia
1945 666 2382 738 contempsisset,
2405 678 2460 724 et
2489 668 2688 725 tollens
2713 683 2931 726 crucem
2961 681 3184 729 secutus
3217 689 3309 728 es-

1733 769 1815 815 set
1843 758 2116 814 Christum
2143 777 2158 828 ;
2185 759 2338 830 juxta
2367 764 2512 830 quod
2536 763 2614 817 ait
2643 778 2658 813 :
2692 760 2820 816 Vivo
2845 774 3040 830 autem,
3062 765 3182 834 jam
3203 782 3312 821 non

1731 867 1846 922 ego,
1874 852 1965 906 sed
1997 852 2117 906 vivit
2145 852 2202 906 in
2228 868 2308 906 me
2339 850 2463 907 Chri
2494 863 2578 909 tus
2601 863 2651 908 ιι.
2705 854 2783 909 lta
2816 854 3027 926 seipsos
3056 857 3166 913 Deo
3193 859 3309 929 pri-

1733 944 1915 999 mitias
1959 943 2204 1000 obtulere
2241 944 2457 1011 sancti,
2493 945 2882 1004 mortificantes
2908 987 2925 1014 ,
2955 956 3016 1002 ut
3057 949 3168 1004 dixi
3193 991 3210 1017 ,
3249 965 3309 1006 se

1733 1034 1882 1106 ipsos
1905 1035 1974 1091 ab
2012 1037 2162 1091 omni
2199 1036 2485 1093 atfeetione
2505 1047 2561 1094 et
2592 1040 2813 1110 propria
2843 1041 3144 1107 voluntate,
3175 1043 3307 1098 soli-

1731 1141 1840 1198 que
1866 1125 2086 1183 Christo
2113 1137 2168 1183 et
2203 1129 2488 1200 praeceptis
2534 1130 2655 1200 ejus
2697 1131 2962 1190 viventes.
3011 1132 3104 1190 Sic
3145 1134 3309 1205 igitur

1730 1226 1788 1272 et
1810 1231 1914 1272 nos
1939 1215 2052 1272 Deo
2077 1219 2342 1289 primitias
2370 1218 2684 1288 olferamus,
2719 1230 2779 1276 ut
2810 1231 3032 1278 sanctus
3059 1223 3221 1279 docet
3251 1232 3309 1279 et

1731 1317 1918 1364 monet
1941 1307 2259 1379 Gregorius,
2288 1325 2391 1368 nos
2419 1310 2566 1382 ipsos
2589 1313 2840 1369 videlicet
2863 1332 2878 1369 :
2903 1328 3007 1370 nos
3029 1317 3172 1369 enim
3194 1317 3311 1372 vult

1731 1397 1998 1456 Dominus
2028 1400 2479 1472 pretiosissimam
2507 1404 2752 1458 omnium
2780 1405 3203 1474 possessionem.
3241 1405 3310 1462 Et

1731 1506 1859 1548 vere
1890 1501 2264 1549 creaturarum
2285 1495 2532 1549 omnium
2571 1509 2692 1564 qua:
2719 1496 2990 1562 videntur,
3025 1498 3307 1568 pretiosis-

1731 1583 1905 1641 simus
1929 1586 2096 1642 homo
2128 1595 2232 1642 est.
2263 1585 2388 1642 Illas
2418 1586 2563 1641 enim
2603 1597 2817 1642 creator
2846 1590 3089 1644 omnium
3121 1590 3310 1646 condi-

1731 1679 1813 1736 dit
1836 1682 2023 1749 verbo,
2045 1682 2264 1738 dicens:
2289 1680 2416 1736 Fiat
2439 1683 2557 1750 hoc,
2584 1692 2634 1737 et
2659 1683 2862 1752 factum
2889 1696 2965 1739 est
2985 1695 3033 1747 τ.
3054 1697 3109 1742 et
3129 1689 3256 1743 item
3291 1705 3306 1741 :

1733 1771 2003 1829 Producat
2025 1785 2168 1830 terra
2190 1783 2214 1812 ³
2247 1775 2373 1842 hoc,
2393 1784 2448 1830 et
2472 1775 2758 1846 produxit:
2786 1775 3062 1833 Producat
3085 1797 3226 1851 aqua
3246 1784 3264 1820 ι
3292 1802 3304 1837 :

1735 1875 1789 1920 et
1813 1865 1921 1920 alia
1949 1865 2347 1934 hujuscemodi.
2383 1865 2671 1922 Hominem
2700 1876 2882 1924 autem
2912 1870 3030 1926 suis
3055 1873 3309 1928 manibus

1737 1958 1995 2014 formavit
2022 1960 2363 2030 ornavitque.
2397 1959 2466 2015 Et
2497 1961 2587 2016 illa
2613 1962 2830 2032 quidem
2855 1963 2922 2019 ad
2949 1965 3232 2021 servitium
3255 1978 3309 2022 et

1735 2052 2148 2109 delectationem
2181 2053 2418 2110 hominis
2451 2056 2676 2122 statuit;
2713 2055 2891 2126 ipsum
2919 2070 3100 2113 autem
3135 2059 3311 2114 homi-

1737 2159 1860 2200 nem
1891 2145 2087 2200 horum
2125 2147 2370 2202 omnium
2408 2162 2588 2218 regem
2625 2159 2681 2204 et
2707 2150 3008 2222 principem
3043 2151 3190 2216 fecit,
3224 2163 3312 2208 ut-

1737 2252 1844 2308 que
1863 2237 2074 2295 deliciis
2099 2239 2339 2309 paradisi
2368 2239 2662 2306 frueretur,
2683 2241 2873 2298 voluit.
2904 2242 3056 2299 Fecit
3083 2253 3138 2299 et
3162 2245 3310 2302 aliud

1735 2330 1882 2402 quod
1918 2330 2093 2401 magis
2124 2332 2326 2386 mirum
2359 2341 2460 2388 est.
2488 2331 2625 2388 Nam
2655 2333 2808 2389 illum
2848 2336 3132 2392 cadentem
3155 2352 3186 2392 a
3219 2353 3313 2408 pa-

1735 2421 1921 2477 radiso
1946 2421 2018 2478 ob
2045 2433 2350 2495 peccatum,
2394 2441 2614 2482 rursum
2644 2440 2742 2497 per
2775 2429 3094 2499 sanguinem
3123 2431 3312 2503 unige-

1735 2513 1836 2570 niti
1881 2513 2005 2571 Filii
2042 2515 2128 2571 sui
2177 2516 2409 2573 redemit
2450 2526 2507 2574 et
2545 2518 2858 2575 revocavit:
2902 2519 2975 2575 ita
3012 2528 3071 2576 ut
3106 2522 3313 2594 absque

1735 2607 1911 2664 dubio
1940 2609 2184 2664 omnium
2217 2623 2339 2680 quae
2365 2610 2638 2676 videntur,
2668 2611 3061 2682 pretiosissima
3085 2614 3156 2671 sit
3183 2630 3313 2686 pos~

1735 2701 1909 2758 sessio
1937 2700 2049 2757 Deo
2090 2701 2275 2758 homo.
2311 2701 2497 2774 Neque
2525 2704 2703 2759 solum
2746 2704 3142 2775 pretiosissima
3169 2747 3184 2774 ,
3216 2709 3313 2765 sed

1733 2793 1902 2848 etiam
1929 2802 2123 2866 praeter
2153 2808 2367 2863 omnes,
2413 2796 2712 2852 domestica
2756 2805 2811 2853 et
2847 2795 3132 2855 familiaris
3160 2815 3313 2856 crea-

1734 2891 1878 2938 tura.
1923 2883 2212 2939 Faciamus
2237 2925 2254 2952 ,
2285 2885 2501 2956 inquit,
2531 2886 2794 2940 hominem
2835 2887 2906 2940 ad
2939 2887 3222 2959 imaginem
3260 2897 3314 2944 et

1735 2975 2138 3031 similitudinem
2167 2986 2410 3032 nostram
2433 2989 2486 3032 υ.
2511 2976 2578 3033 Ει
2609 2978 2805 3034 iterum
2831 2997 2847 3035 :
2879 2977 3031 3034 Fecit
3052 2979 3193 3036 Deus
3213 2981 3313 3036 ho-

1734 3069 1923 3124 minem
1945 3086 1966 3136 ;
1996 3070 2066 3128 ad
2094 3069 2380 3141 imaginem
2408 3071 2596 3142 quippe
2636 3070 2731 3126 Dei
2773 3073 2898 3143 fecit
2926 3071 3083 3127 illum
3105 3114 3122 3142 ,
3149 3082 3201 3128 et
3230 3075 3314 3130 in-

1734 3161 1956 3231 spiravit
1985 3163 2040 3216 in
2081 3163 2272 3232 faciem
2312 3163 2426 3231 ejus
2471 3163 2801 3233 spiraculum
2835 3165 2954 3221 vim
2979 3173 3028 3220 ν.
3081 3165 3149 3222 Et
3195 3167 3314 3238 ipse

1735 3251 2000 3310 Dominus
2033 3262 2220 3310 noster
2248 3255 2405 3311 exsul
2448 3256 2514 3311 ad
2554 3270 2656 3313 nos
2696 3257 2939 3327 veniens,
2983 3257 3214 3315 formam
3257 3273 3312 3317 et

1735 3359 1972 3403 mentem
2016 3346 2254 3402 hominis
2279 3348 2594 3418 assumpsit,
2625 3349 2749 3404 novi
2791 3350 3029 3406 hominis
3066 3366 3309 3418 carnem,

1735 3445 1812 3501 et,
1843 3445 1905 3492 ut
1931 3437 2109 3494 dicam
2135 3438 2390 3504 breviter,
2417 3440 2684 3512 quidquid
2708 3443 2904 3498 eratin
2931 3443 3150 3500 homine
3170 3459 3310 3515 prte-

1736 3539 1820 3585 ter
1843 3540 2148 3599 peccatum.

1809 3616 1898 3674 IV.
1924 3619 2106 3686 Quare
2129 3627 2277 3675 recte
2297 3619 2537 3676 diximus
2563 3622 2770 3678 nullum
2792 3638 2913 3680 esse
2936 3624 3137 3681 animal
3161 3627 3308 3697 quod

1739 3709 1849 3766 Deo
1876 3721 2026 3766 esset
2051 3711 2227 3783 magis
2275 3714 2592 3770 accommod
2611 3748 2614 3752 ί
2633 3724 2746 3770 tum
2771 3755 2788 3781 ,
2836 3716 3012 3788 magis
3044 3719 3312 3775 domesti-

1738 3815 1906 3867 cum,
1967 3803 2144 3873 magis
2191 3802 2452 3858 familiare
2512 3807 2630 3870 ipse
2681 3805 2922 3862 homine.
2971 3805 3038 3862 Et
3086 3817 3310 3866 sanctus

1739 3901 1927 3949 uoster
1957 3893 2164 3950 nullam
2190 3905 2374 3950 creato
2395 3916 2405 3924 ·
2423 3913 2494 3950 ι..-
2528 3898 2908 3968 pretiosiorem
2933 3899 3068 3955 dixit
3095 3917 3112 3956 :
3141 3916 3312 3972 quare

1739 3984 2030 4042 manifeste
2076 3987 2384 4053 subintulit,
2431 3996 2490 4044 ut
2539 3991 2744 4044 sciiieet
2784 3990 3131 4048 redderemus
3172 3992 3311 4048 ima-

1740 4076 1877 4147 gini,
1911 4077 2053 4147 quod
2081 4085 2228 4132 esset
2259 4079 2561 4136 secundum
2596 4079 2908 4151 imaginem.
2954 4080 3112 4148 Quod
3148 4083 3310 4153 quale

1740 4169 1833 4233 sit,
1861 4167 2138 4225 discamus
2164 4169 2234 4225 ab
2257 4169 2520 4241 Apostolo
2565 4172 2662 4243 qui
2703 4171 2819 4227 ait:
2851 4170 3166 4229 Hundemus
3213 4191 3308 4232 nos

1740 4258 1880 4328 ipsos
1932 4259 1996 4313 ab
2053 4261 2196 4313 omni
2241 4259 2639 4331 inquinamento
2690 4265 2867 4318 carnis
2911 4275 2961 4320 et
3015 4267 3234 4336 spiritus
3255 4274 3306 4322 ι.

1743 4349 2100 4406 Puriﬁcemus
2123 4353 2414 4421 imaginem
2451 4363 2719 4422 nostram,
2755 4365 2814 4410 ut
2850 4357 3068 4427 qualem
3095 4359 3309 4429 accepi-

1745 4459 1888 4509 mus,
1919 4445 2080 4499 talem
2109 4445 2424 4500 reddamus.
2463 4445 2855 4516 Ahstergamus
2882 4447 3059 4518 ipsum
3089 4451 3308 4519 squalo-

79 4536 256 4590 ςούτου
305 4536 400 4590 τοῦ
440 4536 670 4600 κάλλους
698 4535 915 4608 εῡχεται
946 4539 975 4590 6
1015 4536 1181 4590 Δαόὶδ
1209 4537 1403 4606 λέγων·
1439 4539 1638 4608 Κύριε,

1742 4549 1859 4591 rem
1888 4534 2118 4605 peccati,
2150 4543 2210 4589 ut
2238 4534 2419 4589 omnis
2445 4534 2568 4606 ejus
2591 4536 2941 4606 pulchritudo
2964 4553 3061 4608 per
3080 4539 3307 4596 virtutes

79 4627 136 4680 ir
154 4627 236 4693 τῷ
255 4627 544 4696 aediﬁcati
573 4644 691 4682 σου
717 4629 1035 4699 παράσχου
1059 4628 1140 4695 τῷ
1167 4629 1380 4684 κάλλει
1393 4647 1514 4700 μου
1533 4630 1639 4685 δύ-

79 4737 270 4790 ναμιν.
301 4719 731 4792 Ἐκκαθάρωμεν
751 4719 844 4776 οὖν
859 4722 922 4776 τὸ
936 4725 1058 4777 κατ’
1071 4723 1255 4777 εἰκόνα
1283 4723 1461 4794 ήμῶνο
1494 4723 1638 4777 θέλει

79 4812 177 4880 γὰρ
195 4810 346 4882 αὑτῷ
366 4810 410 4842 δ’
431 4813 560 4881 παρ’
577 4811 735 4883 ἡμῶν
748 4813 776 4866 ὀ
794 4812 947 4880 Θεὸς,
970 4814 1064 4867 καὶ
1087 4813 1252 4867 ἔδωκε
1276 4813 1349 4884 μὴ
1371 4814 1492 4885 ἕχον
1513 4816 1639 4867 σπῖ-

79 4906 182 4969 λον,
211 4902 247 4974 ἦ
281 4902 502 4973 ρυπίδα,
533 4905 568 4974 ἦ
601 4921 652 4957 τι
679 4903 789 4957 τῶν
813 4904 1092 4958 τοιούτων.
1133 4904 1445 4976 Ἀποδῶμεν
1471 4909 1536 4976 τῇ
1559 4907 1640 4959 εἰ·

79 4997 186 5050 ιιόνι
211 4995 294 5067 τῷ
311 4995 356 5028 ⁸⁸
377 4995 497 5049 κατ’
522 4996 726 5051 εἰκόνα.
753 4996 1111 5069 Γνωρίσωμεν
1139 4997 1296 5069 ἡμῶν
1319 4997 1380 5051 τὸ
1398 4996 1637 5068 ἀξίωμα·

79 5087 340 5159 μάθωμεν
371 5086 540 5142 ποίων
562 5088 816 5158 μεγάλων
845 5089 1065 5159 ἀγαθῶν
1089 5087 1420 5161 ἠξιώθημεν
1455 5087 1641 5158 μάθω-

79 5198 176 5252 μεν
201 5182 326 5235 κατ’
355 5181 537 5234 εἰκόνα
557 5181 702 5246 τίνος
731 5183 1055 5253 γεγόναμεν·
1085 5182 1162 5254 μὴ
1185 5183 1541 5254 ἀγνοήσωμεν
1571 5182 1641 5237 τὰ

79 5271 290 5343 μεγάλα
330 5271 400 5326 τά
445 5273 575 5343 παρ’
609 5272 774 5326 αὑτοῦ
808 5273 1118 5345 δωρηθέντα
1157 5276 1311 5344 ἡμῖν,
1348 5273 1437 5326 διὰ
1472 5273 1644 5345 μόνην

79 5367 170 5436 τὴν
226 5365 393 5420 αὑτοῦ
439 5364 770 5436 ἀγαθότητα,
809 5368 870 5420 οὐ
900 5367 988 5421 διὰ
1015 5367 1115 5439 τὴν
1155 5367 1432 5439 ἡμετέραν
1461 5367 1639 5433 ἀξίανο

142 5555 171 5594 ιι
199 5544 376 5600 Galat.
407 5545 576 5610 ".20.
653 5553 675 5584 τ
713 5543 848 5600 ch.
883 5561 922 5614 ι,
945 5549 999 5602 3.
1076 5555 1098 5586 ⁸
1133 5546 1262 5603 ibid.
1290 5563 1350 5603 ll.
1433 5549 1450 5584 ⁸
1486 5547 1616 5603 ibid.
1646 5547 1734 5603 20.

79 5632 227 5670 ιῑλιι.
284 5618 339 5671 8.

1739 4637 2012 4698 appareat.
2061 4626 2138 4682 De
2184 4641 2293 4698 qua
2323 4641 2456 4683 sane
2500 4627 2906 4699 pulchritudine
2953 4631 3154 4700 gratias
3194 4633 3305 4702 agit

1739 4721 1909 4776 David
1940 4719 2130 4775 dicens
2164 4738 2180 4776 :
2220 4719 2464 4786 Domine,
2502 4722 2558 4776 in
2589 4721 2858 4778 voluntate
2888 4734 2980 4778 tua
3006 4724 3305 4794 prwstitisti

1739 4815 1918 4870 decori
1946 4829 2060 4868 meo
2091 4815 2336 4870 uirtutem
2361 4822 2412 4869 γ.
2459 4813 2760 4886 Purgemus
2805 4819 2971 4888 igitur
3015 4819 3304 4889 imaginem

1741 4913 2017 4970 nostram;
2049 4903 2166 4959 vult
2195 4903 2340 4958 enim
2371 4903 2521 4960 illam
2548 4919 2580 4960 a
2606 4907 2764 4962 nobis
2795 4904 2940 4962 Deus
2969 4906 3171 4978 absque
3193 4921 3308 4962 ma-

1742 4995 1865 5050 cula
1895 5002 1951 5049 et
1981 5010 2139 5066 ruga,
2168 5003 2262 5050 aut
2306 4994 2488 5066 aliqua
2531 4996 2914 5068 hujuscemodi
2951 4998 3305 5069 turpitudine.

1742 5085 2054 5144 Reddamus
2082 5087 2304 5159 imagini
2333 5089 2481 5159 quod
2505 5097 2587 5144 est
2615 5089 2683 5144 ad
2725 5089 3040 5161 imaginem.
3088 5089 3306 5162 Cogno-

1741 5195 1961 5236 seamus
1977 5179 2292 5252 dignitatem
2313 5191 2578 5236 nostram.
2599 5182 2884 5239 Diseamus
2906 5197 3070 5256 quam
3095 5187 3308 5256 magnis

1742 5274 1900 5328 bonis
1925 5273 2072 5345 digni
2113 5274 2430 5330 habeamur.
2481 5274 2766 5333 Diseamus
2799 5277 2866 5332 ad
2908 5277 3069 5348 cujus
3114 5279 3306 5347 imagi-

1743 5380 1865 5422 nem
1898 5366 2105 5422 conditi
2134 5379 2350 5423 sumus.
2379 5367 2454 5424 Ne
2483 5367 2799 5440 ignoremus
2846 5385 3071 5426 munera
3117 5381 3304 5426 nostua

1811 5558 1839 5587 ιι
1864 5546 1994 5602 ibid.
2025 5545 2114 5600 36.
2191 5554 2218 5583 ν
2246 5546 2377 5604 ibid.
2404 5545 2494 5603 27.
2570 5553 2597 5584 ι
2627 5546 2669 5601 ll
2699 5547 2827 5605 Cor.
2861 5564 2954 5616 vn,
2987 5560 3025 5604 I.
3099 5555 3129 5597 1
3157 5546 3300 5603 Psal.

1353 5726 1588 5786 vanus
1621 5726 1915 5814 LECTION
1931 5729 2034 5787 es.

147 5856 195 5887 ⁵⁷³
233 5852 407 5925 Αὐτῷ.
438 5853 626 5923 αὑτήν.
705 5852 749 5884 ⁸³
779 5849 888 5920 Τῷ.
922 5848 998 5903 τό.
