  <div class='ocr_page' id='page_1' title='image "/cluster/home/n/w/nwhite01/storage/ocr_20150623/88/nnc1.0046980237/906.png"; bbox 0 0 4118 6542; ppageno 0'>
   <div class='ocr_carea' id='block_1_1' title="bbox 49 403 176 468">
    <p class='ocr_par' dir='ltr' id='par_1_1' title="bbox 49 403 176 468">
     <span class='ocr_line' id='line_1_1' title="bbox 49 403 176 468; baseline 0 0"><span class='ocrx_word' id='word_1_1' title='bbox 49 403 176 468; x_wconf 76' lang='grc'><strong>1829</strong></span> 
     </span>
    </p>
   </div>
   <div class='ocr_carea' id='block_1_2' title="bbox 1309 387 1976 453">
    <p class='ocr_par' dir='ltr' id='par_1_2' title="bbox 1309 387 1976 453">
     <span class='ocr_line' id='line_1_2' title="bbox 1309 387 1976 453; baseline -0.006 0"><span class='ocrx_word' id='word_1_2' title='bbox 1309 387 1692 453; x_wconf 82' lang='lat' dir='ltr'><strong>DOCTRINA</strong></span> <span class='ocrx_word' id='word_1_3' title='bbox 1752 389 1976 449; x_wconf 82' lang='lat' dir='ltr'><strong>XXIII.</strong></span> 
     </span>
    </p>
   </div>
   <div class='ocr_carea' id='block_1_3' title="bbox 3123 379 3258 443">
    <p class='ocr_par' dir='ltr' id='par_1_3' title="bbox 3123 379 3258 443">
     <span class='ocr_line' id='line_1_3' title="bbox 3123 379 3258 443; baseline 0 -1"><span class='ocrx_word' id='word_1_4' title='bbox 3123 379 3258 443; x_wconf 86' lang='lat'><strong>1830</strong></span> 
     </span>
    </p>
   </div>
   <div class='ocr_carea' id='block_1_4' title="bbox 43 491 1610 585">
    <p class='ocr_par' dir='ltr' id='par_1_4' title="bbox 43 508 1596 585">
     <span class='ocr_line' id='line_1_4' title="bbox 43 508 1596 585; baseline -0.01 -12"><span class='ocrx_word' id='word_1_5' title='bbox 43 518 264 582; x_wconf 74' lang='grc' dir='ltr'>ἑαυτοὺς</span> <span class='ocrx_word' id='word_1_6' title='bbox 293 515 399 571; x_wconf 79' lang='grc' dir='ltr'><strong>ἀπὸ</strong></span> <span class='ocrx_word' id='word_1_7' title='bbox 426 516 522 585; x_wconf 82' lang='grc' dir='ltr'>τῆς</span> <span class='ocrx_word' id='word_1_8' title='bbox 549 530 653 568; x_wconf 90' lang='grc' dir='ltr'><strong>κατ</strong></span> <span class='ocrx_word' id='word_1_9' title='bbox 698 512 978 584; x_wconf 77' lang='grc' dir='ltr'><strong>ἐνέργειαν</strong></span> <span class='ocrx_word' id='word_1_10' title='bbox 1017 508 1308 581; x_wconf 85' lang='grc' dir='ltr'>ἁμαρτίας.</span> <span class='ocrx_word' id='word_1_11' title='bbox 1330 509 1596 580; x_wconf 86' lang='grc' dir='ltr'>Προείπον</span> 
     </span>
    </p>
   </div>
   <div class='ocr_carea' id='block_1_5' title="bbox 1711 491 3258 585">
    <p class='ocr_par' dir='ltr' id='par_1_5' title="bbox 1711 491 3258 567">
     <span class='ocr_line' id='line_1_5' title="bbox 1711 491 3258 567; baseline -0.006 -13"><span class='ocrx_word' id='word_1_12' title='bbox 1711 502 2076 556; x_wconf 76' lang='lat' dir='ltr'><strong>custodiamus</strong></span> <span class='ocrx_word' id='word_1_13' title='bbox 2106 512 2208 553; x_wconf 92' lang='lat' dir='ltr'><strong>nos</strong></span> <span class='ocrx_word' id='word_1_14' title='bbox 2241 496 2412 567; x_wconf 87' lang='lat' dir='ltr'><strong>ipsos,</strong></span> <span class='ocrx_word' id='word_1_15' title='bbox 2457 508 2526 549; x_wconf 91' lang='lat' dir='ltr'><strong>ne</strong></span> <span class='ocrx_word' id='word_1_16' title='bbox 2558 508 2747 547; x_wconf 83' lang='lat' dir='ltr'><strong>rursus</strong></span> <span class='ocrx_word' id='word_1_17' title='bbox 2792 492 2843 546; x_wconf 93' lang='lat' dir='ltr'><strong>in</strong></span> <span class='ocrx_word' id='word_1_18' title='bbox 2890 491 3096 561; x_wconf 90' lang='lat' dir='ltr'><strong>peccati</strong></span> <span class='ocrx_word' id='word_1_19' title='bbox 3149 510 3258 545; x_wconf 91' lang='lat' dir='ltr'><strong>rm-</strong></span> 
     </span>
    </p>
   </div>
   <div class='ocr_carea' id='block_1_6' title="bbox 43 600 1598 680">
    <p class='ocr_par' dir='ltr' id='par_1_6' title="bbox 43 600 1598 680">
     <span class='ocr_line' id='line_1_6' title="bbox 43 600 1598 680; baseline -0.006 -18"><span class='ocrx_word' id='word_1_20' title='bbox 43 611 148 680; x_wconf 81' lang='grc' dir='ltr'>γὰρ</span> <span class='ocrx_word' id='word_1_21' title='bbox 204 609 332 679; x_wconf 78' lang='grc' dir='ltr'>ὑμῖν</span> <span class='ocrx_word' id='word_1_22' title='bbox 387 605 666 671; x_wconf 82' lang='grc' dir='ltr'><strong>πολλάκις,</strong></span> <span class='ocrx_word' id='word_1_23' title='bbox 724 605 805 658; x_wconf 79' lang='grc' dir='ltr'>ὅτι</span> <span class='ocrx_word' id='word_1_24' title='bbox 860 605 1007 657; x_wconf 85' lang='grc' dir='ltr'>πᾶσα</span> <span class='ocrx_word' id='word_1_25' title='bbox 1058 605 1091 674; x_wconf 83' lang='grc' dir='ltr'><strong>ή</strong></span> <span class='ocrx_word' id='word_1_26' title='bbox 1151 601 1270 655; x_wconf 81' lang='grc' dir='ltr'>κατ’</span> <span class='ocrx_word' id='word_1_27' title='bbox 1321 600 1598 671; x_wconf 77' lang='grc' dir='ltr'><strong>ἐνέργειαν</strong></span> 
     </span>
    </p>
   </div>
   <div class='ocr_carea' id='block_1_7' title="bbox 43 690 1600 772">
    <p class='ocr_par' dir='ltr' id='par_1_7' title="bbox 43 690 1600 772">
     <span class='ocr_line' id='line_1_7' title="bbox 43 690 1600 772; baseline -0.007 -17"><span class='ocrx_word' id='word_1_28' title='bbox 43 699 282 772; x_wconf 82' lang='grc' dir='ltr'>ἁμαρτία</span> <span class='ocrx_word' id='word_1_29' title='bbox 338 697 502 752; x_wconf 89' lang='grc' dir='ltr'>πάλιν</span> <span class='ocrx_word' id='word_1_30' title='bbox 571 695 916 766; x_wconf 78' lang='grc' dir='ltr'><strong>ὑποχειρίους</strong></span> <span class='ocrx_word' id='word_1_31' title='bbox 975 696 1123 765; x_wconf 83' lang='grc' dir='ltr'>ἡμᾶς</span> <span class='ocrx_word' id='word_1_32' title='bbox 1191 694 1356 746; x_wconf 76' lang='grc' dir='ltr'>ποιεῖ’</span> <span class='ocrx_word' id='word_1_33' title='bbox 1414 690 1600 763; x_wconf 82' lang='grc' dir='ltr'>ἐπειδὴ</span> 
     </span>
    </p>
   </div>
   <div class='ocr_carea' id='block_1_8' title="bbox 43 783 1595 855">
    <p class='ocr_par' dir='ltr' id='par_1_8' title="bbox 43 783 1595 855">
     <span class='ocr_line' id='line_1_8' title="bbox 43 783 1595 855; baseline -0.006 -9"><span class='ocrx_word' id='word_1_34' title='bbox 43 793 256 855; x_wconf 89' lang='grc' dir='ltr'>ἐκόντες</span> <span class='ocrx_word' id='word_1_35' title='bbox 307 791 536 855; x_wconf 81' lang='grc' dir='ltr'>ἐαυτοὺς</span> <span class='ocrx_word' id='word_1_36' title='bbox 580 786 988 854; x_wconf 80' lang='grc' dir='ltr'>καταϐάλλομεν</span> <span class='ocrx_word' id='word_1_37' title='bbox 1045 786 1139 838; x_wconf 74' lang='grc' dir='ltr'>καὶ</span> <span class='ocrx_word' id='word_1_38' title='bbox 1166 783 1595 855; x_wconf 83' lang='grc' dir='ltr'>καταδηλοῦμεν.</span> 
     </span>
    </p>
   </div>
   <div class='ocr_carea' id='block_1_9' title="bbox 43 875 1601 952">
    <p class='ocr_par' dir='ltr' id='par_1_9' title="bbox 43 875 1601 952">
     <span class='ocr_line' id='line_1_9' title="bbox 43 875 1601 952; baseline -0.006 -15"><span class='ocrx_word' id='word_1_39' title='bbox 43 885 155 938; x_wconf 81' lang='grc' dir='ltr'><strong>ῦὺκ</strong></span> <span class='ocrx_word' id='word_1_40' title='bbox 177 883 427 952; x_wconf 76' lang='grc' dir='ltr'>ἔστιγὰρ</span> <span class='ocrx_word' id='word_1_41' title='bbox 449 882 675 952; x_wconf 85' lang='grc' dir='ltr'><strong>αἰσχύνη</strong></span> <span class='ocrx_word' id='word_1_42' title='bbox 704 881 796 934; x_wconf 77' lang='grc' dir='ltr'>καὶ</span> <span class='ocrx_word' id='word_1_43' title='bbox 824 877 1032 948; x_wconf 78' lang='grc' dir='ltr'><strong>μεγάλη</strong></span> <span class='ocrx_word' id='word_1_44' title='bbox 1059 875 1401 947; x_wconf 79' lang='grc' dir='ltr'>ταλαιπωρία</span> <span class='ocrx_word' id='word_1_45' title='bbox 1427 875 1544 947; x_wconf 87' lang='grc' dir='ltr'>μεθ’</span> <span class='ocrx_word' id='word_1_46' title='bbox 1572 875 1601 928; x_wconf 88' lang='grc' dir='ltr'><strong>δ</strong></span> 
     </span>
    </p>
   </div>
   <div class='ocr_carea' id='block_1_10' title="bbox 39 967 1599 1046">
    <p class='ocr_par' dir='ltr' id='par_1_10' title="bbox 39 967 1599 1046">
     <span class='ocr_line' id='line_1_10' title="bbox 39 967 1599 1046; baseline -0.006 -18"><span class='ocrx_word' id='word_1_47' title='bbox 39 974 381 1046; x_wconf 86' lang='grc' dir='ltr'>ἐλυτρώσατο</span> <span class='ocrx_word' id='word_1_48' title='bbox 410 975 558 1045; x_wconf 80' lang='grc' dir='ltr'>ἡμᾶς</span> <span class='ocrx_word' id='word_1_49' title='bbox 595 973 660 1025; x_wconf 86' lang='grc' dir='ltr'><strong>ἐκ</strong></span> <span class='ocrx_word' id='word_1_50' title='bbox 680 969 776 1025; x_wconf 81' lang='grc' dir='ltr'>τοῦ</span> <span class='ocrx_word' id='word_1_51' title='bbox 802 971 927 1042; x_wconf 73' lang='grc' dir='ltr'>ᾅδου</span> <span class='ocrx_word' id='word_1_52' title='bbox 958 968 1044 1023; x_wconf 74' lang='grc' dir='ltr'>διὰ</span> <span class='ocrx_word' id='word_1_53' title='bbox 1061 968 1157 1022; x_wconf 81' lang='grc' dir='ltr'><strong>τοῦ</strong></span> <span class='ocrx_word' id='word_1_54' title='bbox 1193 967 1319 1022; x_wconf 88' lang='grc' dir='ltr'>ίδίου</span> <span class='ocrx_word' id='word_1_55' title='bbox 1348 969 1599 1040; x_wconf 86' lang='grc' dir='ltr'>αἵματος,</span> 
     </span>
    </p>
   </div>
   <div class='ocr_carea' id='block_1_11' title="bbox 44 1059 1603 1136">
    <p class='ocr_par' dir='ltr' id='par_1_11' title="bbox 44 1059 1603 1136">
     <span class='ocr_line' id='line_1_11' title="bbox 44 1059 1603 1136; baseline -0.004 -18"><span class='ocrx_word' id='word_1_56' title='bbox 44 1066 133 1120; x_wconf 73' lang='grc' dir='ltr'>καὶ</span> <span class='ocrx_word' id='word_1_57' title='bbox 164 1065 284 1136; x_wconf 85' lang='grc' dir='ltr'>μεθ’</span> <span class='ocrx_word' id='word_1_58' title='bbox 309 1065 339 1119; x_wconf 85' lang='grc' dir='ltr'><strong>ὃ</strong></span> <span class='ocrx_word' id='word_1_59' title='bbox 369 1064 642 1131; x_wconf 82' lang='grc' dir='ltr'>ἀκούομεν</span> <span class='ocrx_word' id='word_1_60' title='bbox 690 1062 881 1129; x_wconf 80' lang='grc' dir='ltr'>ταῦτα,</span> <span class='ocrx_word' id='word_1_61' title='bbox 937 1060 1032 1113; x_wconf 83' lang='grc' dir='ltr'>ἐὰν</span> <span class='ocrx_word' id='word_1_62' title='bbox 1066 1059 1227 1113; x_wconf 84' lang='grc' dir='ltr'>πάλιν</span> <span class='ocrx_word' id='word_1_63' title='bbox 1281 1059 1603 1129; x_wconf 80' lang='grc' dir='ltr'><strong>ἀπέλθωμεν</strong></span> 
     </span>
    </p>
   </div>
   <div class='ocr_carea' id='block_1_12' title="bbox 39 1149 1604 1227">
    <p class='ocr_par' dir='ltr' id='par_1_12' title="bbox 39 1149 1604 1227">
     <span class='ocr_line' id='line_1_12' title="bbox 39 1149 1604 1227; baseline -0.006 -17"><span class='ocrx_word' id='word_1_64' title='bbox 39 1158 263 1221; x_wconf 80' lang='grc' dir='ltr'>ἑαυτοὺς</span> <span class='ocrx_word' id='word_1_65' title='bbox 299 1158 379 1221; x_wconf 81' lang='grc' dir='ltr'>εἰς</span> <span class='ocrx_word' id='word_1_66' title='bbox 405 1157 496 1211; x_wconf 79' lang='grc' dir='ltr'>τὸν</span> <span class='ocrx_word' id='word_1_67' title='bbox 522 1155 691 1227; x_wconf 71' lang='grc' dir='ltr'>ᾆδηνς</span> <span class='ocrx_word' id='word_1_68' title='bbox 720 1150 788 1208; x_wconf 68' lang='grc' dir='ltr'><strong>*Α</strong></span> <span class='ocrx_word' id='word_1_69' title='bbox 802 1170 870 1226; x_wconf 85' lang='grc' dir='ltr'><strong>ρα</strong></span> <span class='ocrx_word' id='word_1_70' title='bbox 906 1152 1004 1205; x_wconf 84' lang='grc' dir='ltr'>οὐκ</span> <span class='ocrx_word' id='word_1_71' title='bbox 1033 1150 1200 1222; x_wconf 85' lang='grc' dir='ltr'>ἐσμὲν</span> <span class='ocrx_word' id='word_1_72' title='bbox 1236 1149 1374 1215; x_wconf 79' lang='grc' dir='ltr'>ἄξιοι</span> <span class='ocrx_word' id='word_1_73' title='bbox 1408 1151 1499 1204; x_wconf 80' lang='grc' dir='ltr'>καὶ</span> <span class='ocrx_word' id='word_1_74' title='bbox 1522 1149 1604 1202; x_wconf 76' lang='grc' dir='ltr'>ἔτι</span> 
     </span>
    </p>
   </div>
   <div class='ocr_carea' id='block_1_13' title="bbox 38 1243 1604 1319">
    <p class='ocr_par' dir='ltr' id='par_1_13' title="bbox 38 1243 1604 1319">
     <span class='ocr_line' id='line_1_13' title="bbox 38 1243 1604 1319; baseline -0.002 -21"><span class='ocrx_word' id='word_1_75' title='bbox 38 1247 281 1319; x_wconf 83' lang='grc' dir='ltr'>χείρονος</span> <span class='ocrx_word' id='word_1_76' title='bbox 307 1249 410 1302; x_wconf 80' lang='grc' dir='ltr'>παὶ</span> <span class='ocrx_word' id='word_1_77' title='bbox 435 1247 798 1318; x_wconf 89' lang='grc' dir='ltr'>ἐλεεινοτέρας</span> <span class='ocrx_word' id='word_1_78' title='bbox 823 1245 1127 1308; x_wconf 85' lang='grc' dir='ltr'>κολάσεως;</span> <span class='ocrx_word' id='word_1_79' title='bbox 1174 1243 1228 1296; x_wconf 92' lang='grc' dir='ltr'>Ὁ</span> <span class='ocrx_word' id='word_1_80' title='bbox 1261 1243 1390 1307; x_wconf 82' lang='grc' dir='ltr'>Θεὸς</span> <span class='ocrx_word' id='word_1_81' title='bbox 1419 1245 1448 1296; x_wconf 85' lang='grc' dir='ltr'>ὁ</span> <span class='ocrx_word' id='word_1_82' title='bbox 1485 1243 1604 1312; x_wconf 81' lang='grc' dir='ltr'>φιλ-</span> 
     </span>
    </p>
   </div>
   <div class='ocr_carea' id='block_1_14' title="bbox 39 1335 1603 1412">
    <p class='ocr_par' dir='ltr' id='par_1_14' title="bbox 39 1335 1603 1412">
     <span class='ocr_line' id='line_1_14' title="bbox 39 1335 1603 1412; baseline -0.004 -18"><span class='ocrx_word' id='word_1_83' title='bbox 39 1340 326 1411; x_wconf 83' lang='grc' dir='ltr'>άνθρωπος</span> <span class='ocrx_word' id='word_1_84' title='bbox 360 1339 575 1410; x_wconf 87' lang='grc' dir='ltr'>ἐλεήσει</span> <span class='ocrx_word' id='word_1_85' title='bbox 611 1342 781 1412; x_wconf 78' lang='grc' dir='ltr'>ἡμᾶς,</span> <span class='ocrx_word' id='word_1_86' title='bbox 821 1341 916 1393; x_wconf 76' lang='grc' dir='ltr'>καὶ</span> <span class='ocrx_word' id='word_1_87' title='bbox 954 1339 1111 1393; x_wconf 87' lang='grc' dir='ltr'>δώσει</span> <span class='ocrx_word' id='word_1_88' title='bbox 1155 1337 1285 1408; x_wconf 81' lang='grc' dir='ltr'>ἡμῖν</span> <span class='ocrx_word' id='word_1_89' title='bbox 1313 1336 1473 1407; x_wconf 73' lang='grc' dir='ltr'>νῆψιν</span> <span class='ocrx_word' id='word_1_90' title='bbox 1508 1335 1603 1389; x_wconf 84' lang='grc' dir='ltr'>τοῦ</span> 
     </span>
    </p>
   </div>
   <div class='ocr_carea' id='block_1_15' title="bbox 39 1424 1605 1502">
    <p class='ocr_par' dir='ltr' id='par_1_15' title="bbox 39 1424 1605 1502">
     <span class='ocr_line' id='line_1_15' title="bbox 39 1424 1605 1502; baseline 0.001 -22"><span class='ocrx_word' id='word_1_91' title='bbox 39 1428 278 1482; x_wconf 76' lang='grc' dir='ltr'><strong>συνιέναι</strong></span> <span class='ocrx_word' id='word_1_92' title='bbox 316 1430 413 1484; x_wconf 82' lang='grc' dir='ltr'>καὶ</span> <span class='ocrx_word' id='word_1_93' title='bbox 453 1430 668 1502; x_wconf 78' lang='grc' dir='ltr'><strong>βοηθεῖν</strong></span> <span class='ocrx_word' id='word_1_94' title='bbox 708 1432 936 1496; x_wconf 75' lang='grc' dir='ltr'><strong>ἑαυτοῖς,</strong></span> <span class='ocrx_word' id='word_1_95' title='bbox 985 1429 1071 1484; x_wconf 80' lang='grc' dir='ltr'>ἵνα</span> <span class='ocrx_word' id='word_1_96' title='bbox 1111 1424 1362 1499; x_wconf 77' lang='grc' dir='ltr'>εὕρωμεν</span> <span class='ocrx_word' id='word_1_97' title='bbox 1411 1427 1605 1498; x_wconf 78' lang='grc' dir='ltr'>μικρὸν</span> 
     </span>
    </p>
   </div>
   <div class='ocr_carea' id='block_1_16' title="bbox 35 1520 205 1584">
    <p class='ocr_par' dir='ltr' id='par_1_16' title="bbox 35 1520 205 1584">
     <span class='ocr_line' id='line_1_16' title="bbox 35 1520 205 1584; baseline 0.018 -11"><span class='ocrx_word' id='word_1_98' title='bbox 35 1520 205 1584; x_wconf 80' lang='grc' dir='ltr'>ἕλεος.</span> 
     </span>
    </p>
   </div>
   <div class='ocr_carea' id='block_1_17' title="bbox 505 1639 1173 1704">
    <p class='ocr_par' dir='ltr' id='par_1_17' title="bbox 505 1639 1173 1704">
     <span class='ocr_line' id='line_1_17' title="bbox 505 1639 1173 1704; baseline 0.019 -14"><span class='ocrx_word' id='word_1_99' title='bbox 505 1639 912 1696; x_wconf 78' lang='grc' dir='ltr'><strong>ΔΙΔΑΣΚΔΛΙΑ</strong></span> <span class='ocrx_word' id='word_1_100' title='bbox 953 1641 1082 1698; x_wconf 76' lang='lat' dir='ltr'><strong>KI&quot;.</strong></span> <span class='ocrx_word' id='word_1_101' title='bbox 1168 1699 1173 1704; x_wconf 85' lang='lat'><strong>.</strong></span> 
     </span>
    </p>
   </div>
   <div class='ocr_carea' id='block_1_18' title="bbox 45 1747 1605 1827">
    <p class='ocr_par' dir='ltr' id='par_1_18' title="bbox 45 1747 1605 1827">
     <span class='ocr_line' id='line_1_18' title="bbox 45 1747 1605 1827; baseline -0.001 -12"><span class='ocrx_word' id='word_1_102' title='bbox 45 1747 364 1827; x_wconf 64' lang='grc' dir='ltr'>Ἑρμηνξία</span> <span class='ocrx_word' id='word_1_103' title='bbox 391 1749 512 1827; x_wconf 56' lang='grc' dir='ltr'><strong>τῶν</strong></span> <span class='ocrx_word' id='word_1_104' title='bbox 526 1753 862 1827; x_wconf 21' lang='grc' dir='ltr'><strong>ρητῶνλτοῦ</strong></span> <span class='ocrx_word' id='word_1_105' title='bbox 883 1756 1056 1824; x_wconf 73' lang='grc' dir='ltr'>ἁγίου</span> <span class='ocrx_word' id='word_1_106' title='bbox 1089 1758 1418 1827; x_wconf 68' lang='grc' dir='ltr'>Γρηγορέου</span> <span class='ocrx_word' id='word_1_107' title='bbox 1444 1760 1605 1827; x_wconf 74' lang='grc' dir='ltr'><strong>ψαλ-</strong></span> 
     </span>
    </p>
   </div>
   <div class='ocr_carea' id='block_1_19' title="bbox 249 1822 1394 1898">
    <p class='ocr_par' dir='ltr' id='par_1_19' title="bbox 249 1822 1394 1898">
     <span class='ocr_line' id='line_1_19' title="bbox 249 1822 1394 1898; baseline 0.008 -25"><span class='ocrx_word' id='word_1_108' title='bbox 249 1822 528 1891; x_wconf 71' lang='grc' dir='ltr'>λομένων</span> <span class='ocrx_word' id='word_1_109' title='bbox 555 1826 642 1890; x_wconf 81' lang='grc' dir='ltr'>εις</span> <span class='ocrx_word' id='word_1_110' title='bbox 664 1825 804 1892; x_wconf 83' lang='grc' dir='ltr'>τοὺς</span> <span class='ocrx_word' id='word_1_111' title='bbox 829 1822 1038 1896; x_wconf 69' lang='grc' dir='ltr'>ἁγίους</span> <span class='ocrx_word' id='word_1_112' title='bbox 1067 1822 1394 1898; x_wconf 61' lang='grc' dir='ltr'>μᾶρὲίιρας.</span> 
     </span>
    </p>
   </div>
   <div class='ocr_carea' id='block_1_20' title="bbox 104 1911 1609 1992">
    <p class='ocr_par' dir='ltr' id='par_1_20' title="bbox 104 1911 1609 1992">
     <span class='ocr_line' id='line_1_20' title="bbox 104 1911 1609 1992; baseline 0.009 -29"><span class='ocrx_word' id='word_1_113' title='bbox 104 1912 185 1964; x_wconf 83' lang='grc' dir='ltr'><strong>Α’.</strong></span> <span class='ocrx_word' id='word_1_114' title='bbox 217 1911 322 1966; x_wconf 76' lang='grc' dir='ltr'>Διὰ</span> <span class='ocrx_word' id='word_1_115' title='bbox 346 1914 506 1968; x_wconf 79' lang='grc' dir='ltr'>τοῦτο</span> <span class='ocrx_word' id='word_1_116' title='bbox 541 1915 704 1971; x_wconf 88' lang='grc' dir='ltr'>καλόν</span> <span class='ocrx_word' id='word_1_117' title='bbox 729 1918 847 1972; x_wconf 74' lang='grc' dir='ltr'>ἐστι</span> <span class='ocrx_word' id='word_1_118' title='bbox 875 1919 935 1974; x_wconf 86' lang='grc' dir='ltr'>τὸ</span> <span class='ocrx_word' id='word_1_119' title='bbox 966 1921 1188 1991; x_wconf 78' lang='grc' dir='ltr'>ψάλλειν</span> <span class='ocrx_word' id='word_1_120' title='bbox 1213 1923 1279 1978; x_wconf 90' lang='grc' dir='ltr'><strong>ἐκ</strong></span> <span class='ocrx_word' id='word_1_121' title='bbox 1311 1925 1418 1978; x_wconf 85' lang='grc' dir='ltr'><strong>τῶν</strong></span> <span class='ocrx_word' id='word_1_122' title='bbox 1437 1923 1609 1992; x_wconf 85' lang='grc' dir='ltr'>λόγων</span> 
     </span>
    </p>
   </div>
   <div class='ocr_carea' id='block_1_21' title="bbox 34 2002 1610 2086">
    <p class='ocr_par' dir='ltr' id='par_1_21' title="bbox 34 2002 1610 2086">
     <span class='ocr_line' id='line_1_21' title="bbox 34 2002 1610 2086; baseline 0.01 -32"><span class='ocrx_word' id='word_1_123' title='bbox 34 2002 143 2055; x_wconf 82' lang='grc' dir='ltr'>τῶν</span> <span class='ocrx_word' id='word_1_124' title='bbox 181 2005 360 2073; x_wconf 80' lang='grc' dir='ltr'>ἁγίων</span> <span class='ocrx_word' id='word_1_125' title='bbox 385 2006 677 2080; x_wconf 83' lang='grc' dir='ltr'>θεοφόρων,</span> <span class='ocrx_word' id='word_1_126' title='bbox 709 2011 895 2084; x_wconf 79' lang='grc' dir='ltr'>ἐπειδὴ</span> <span class='ocrx_word' id='word_1_127' title='bbox 918 2014 1193 2086; x_wconf 85' lang='grc' dir='ltr'>πανταχοῦ</span> <span class='ocrx_word' id='word_1_128' title='bbox 1221 2015 1610 2082; x_wconf 77' lang='grc' dir='ltr'>σπουδάζουσιν</span> 
     </span>
    </p>
   </div>
   <div class='ocr_carea' id='block_1_22' title="bbox 33 2093 1606 2178">
    <p class='ocr_par' dir='ltr' id='par_1_22' title="bbox 33 2093 1606 2178">
     <span class='ocr_line' id='line_1_22' title="bbox 33 2093 1606 2178; baseline 0.009 -31"><span class='ocrx_word' id='word_1_129' title='bbox 33 2094 123 2147; x_wconf 80' lang='grc' dir='ltr'><strong>ἀεὶ</strong></span> <span class='ocrx_word' id='word_1_130' title='bbox 151 2093 436 2150; x_wconf 71' lang='grc' dir='ltr'>διδάσκειν</span> <span class='ocrx_word' id='word_1_131' title='bbox 468 2099 614 2169; x_wconf 78' lang='grc' dir='ltr'>ἡμᾶς</span> <span class='ocrx_word' id='word_1_132' title='bbox 649 2099 828 2156; x_wconf 83' lang='grc' dir='ltr'>πάντα</span> <span class='ocrx_word' id='word_1_133' title='bbox 850 2101 921 2156; x_wconf 81' lang='grc' dir='ltr'>τὰ</span> <span class='ocrx_word' id='word_1_134' title='bbox 967 2105 1307 2160; x_wconf 81' lang='grc' dir='ltr'>συντείνοντα</span> <span class='ocrx_word' id='word_1_135' title='bbox 1342 2106 1476 2178; x_wconf 82' lang='grc' dir='ltr'>πρὸς</span> <span class='ocrx_word' id='word_1_136' title='bbox 1499 2123 1606 2176; x_wconf 82' lang='grc' dir='ltr'>φω-</span> 
     </span>
    </p>
   </div>
   <div class='ocr_carea' id='block_1_23' title="bbox 33 2185 1609 2270">
    <p class='ocr_par' dir='ltr' id='par_1_23' title="bbox 33 2185 1609 2270">
     <span class='ocr_line' id='line_1_23' title="bbox 33 2185 1609 2270; baseline 0.011 -35"><span class='ocrx_word' id='word_1_137' title='bbox 33 2185 232 2254; x_wconf 86' lang='grc' dir='ltr'>τισμὸν</span> <span class='ocrx_word' id='word_1_138' title='bbox 264 2185 382 2242; x_wconf 83' lang='grc' dir='ltr'><strong>τῶν</strong></span> <span class='ocrx_word' id='word_1_139' title='bbox 408 2188 594 2260; x_wconf 82' lang='grc' dir='ltr'>ψυχῶν</span> <span class='ocrx_word' id='word_1_140' title='bbox 626 2191 805 2262; x_wconf 77' lang='grc' dir='ltr'><strong>ὴμῶνο</strong></span> <span class='ocrx_word' id='word_1_141' title='bbox 840 2195 900 2249; x_wconf 90' lang='grc' dir='ltr'><strong>ἐν</strong></span> <span class='ocrx_word' id='word_1_142' title='bbox 933 2191 1014 2260; x_wconf 78' lang='grc' dir='ltr'><strong>οἷς</strong></span> <span class='ocrx_word' id='word_1_143' title='bbox 1039 2197 1135 2250; x_wconf 72' lang='grc' dir='ltr'>καὶ</span> <span class='ocrx_word' id='word_1_144' title='bbox 1163 2196 1447 2269; x_wconf 84' lang='grc' dir='ltr'>πρόκειται</span> <span class='ocrx_word' id='word_1_145' title='bbox 1479 2199 1609 2270; x_wconf 78' lang='grc' dir='ltr'>ἡμῖν</span> 
     </span>
    </p>
   </div>
   <div class='ocr_carea' id='block_1_24' title="bbox 33 2275 1609 2362">
    <p class='ocr_par' dir='ltr' id='par_1_24' title="bbox 33 2275 1609 2362">
     <span class='ocr_line' id='line_1_24' title="bbox 33 2275 1609 2362; baseline 0.01 -33"><span class='ocrx_word' id='word_1_146' title='bbox 33 2275 93 2341; x_wconf 79' lang='grc' dir='ltr'>ἐξ</span> <span class='ocrx_word' id='word_1_147' title='bbox 129 2277 319 2333; x_wconf 80' lang='grc' dir='ltr'>αὐτῶν</span> <span class='ocrx_word' id='word_1_148' title='bbox 347 2280 461 2334; x_wconf 84' lang='grc' dir='ltr'><strong>τῶν</strong></span> <span class='ocrx_word' id='word_1_149' title='bbox 493 2284 817 2356; x_wconf 79' lang='grc' dir='ltr'>προσφόρων</span> <span class='ocrx_word' id='word_1_150' title='bbox 845 2285 1039 2356; x_wconf 88' lang='grc' dir='ltr'>λόγων,</span> <span class='ocrx_word' id='word_1_151' title='bbox 1068 2290 1164 2343; x_wconf 74' lang='grc' dir='ltr'>καὶ</span> <span class='ocrx_word' id='word_1_152' title='bbox 1193 2291 1361 2362; x_wconf 83' lang='grc' dir='ltr'>αὐτὴν</span> <span class='ocrx_word' id='word_1_153' title='bbox 1392 2290 1490 2361; x_wconf 78' lang='grc' dir='ltr'>τὴν</span> <span class='ocrx_word' id='word_1_154' title='bbox 1519 2290 1609 2344; x_wconf 82' lang='grc' dir='ltr'><strong>δύ-</strong></span> 
     </span>
    </p>
   </div>
   <div class='ocr_carea' id='block_1_25' title="bbox 35 2372 1607 2454">
    <p class='ocr_par' dir='ltr' id='par_1_25' title="bbox 35 2372 1607 2454">
     <span class='ocr_line' id='line_1_25' title="bbox 35 2372 1607 2454; baseline 0.01 -33"><span class='ocrx_word' id='word_1_155' title='bbox 35 2387 202 2440; x_wconf 86' lang='grc' dir='ltr'>ναμιν</span> <span class='ocrx_word' id='word_1_156' title='bbox 240 2372 350 2443; x_wconf 82' lang='grc' dir='ltr'>τῆς</span> <span class='ocrx_word' id='word_1_157' title='bbox 394 2375 824 2450; x_wconf 82' lang='grc' dir='ltr'><strong>ἐπιτελουμένης</strong></span> <span class='ocrx_word' id='word_1_158' title='bbox 877 2381 1101 2453; x_wconf 85' lang='grc' dir='ltr'><strong>μνήμης</strong></span> <span class='ocrx_word' id='word_1_159' title='bbox 1150 2383 1239 2437; x_wconf 80' lang='grc' dir='ltr'><strong>ἀεὶ</strong></span> <span class='ocrx_word' id='word_1_160' title='bbox 1295 2384 1607 2454; x_wconf 81' lang='grc' dir='ltr'>μανθάνειν,</span> 
     </span>
    </p>
   </div>
   <div class='ocr_carea' id='block_1_26' title="bbox 33 2460 1608 2545">
    <p class='ocr_par' dir='ltr' id='par_1_26' title="bbox 33 2460 1608 2545">
     <span class='ocr_line' id='line_1_26' title="bbox 33 2460 1608 2545; baseline 0.016 -34"><span class='ocrx_word' id='word_1_161' title='bbox 33 2460 146 2514; x_wconf 75' lang='grc' dir='ltr'>εἴτε</span> <span class='ocrx_word' id='word_1_162' title='bbox 182 2464 500 2538; x_wconf 84' lang='grc' dir='ltr'>Δεσποτική</span> <span class='ocrx_word' id='word_1_163' title='bbox 543 2467 689 2522; x_wconf 89' lang='grc' dir='ltr'>ἐστιν</span> <span class='ocrx_word' id='word_1_164' title='bbox 730 2471 912 2541; x_wconf 82' lang='grc' dir='ltr'>ἑορτὴ,</span> <span class='ocrx_word' id='word_1_165' title='bbox 941 2473 1051 2527; x_wconf 74' lang='grc' dir='ltr'>εἴτε</span> <span class='ocrx_word' id='word_1_166' title='bbox 1083 2474 1254 2542; x_wconf 82' lang='grc' dir='ltr'>ἁγίων</span> <span class='ocrx_word' id='word_1_167' title='bbox 1292 2474 1608 2545; x_wconf 82' lang='grc' dir='ltr'>μαρτύρων,</span> 
     </span>
    </p>
   </div>
   <div class='ocr_carea' id='block_1_27' title="bbox 30 2553 1612 2638">
    <p class='ocr_par' dir='ltr' id='par_1_27' title="bbox 30 2553 1612 2638">
     <span class='ocr_line' id='line_1_27' title="bbox 30 2553 1612 2638; baseline 0.011 -35"><span class='ocrx_word' id='word_1_168' title='bbox 30 2569 54 2603; x_wconf 87' lang='grc' dir='ltr'><strong>ε</strong></span> <span class='ocrx_word' id='word_1_169' title='bbox 65 2553 144 2605; x_wconf 83' lang='grc' dir='ltr'>ἴτε</span> <span class='ocrx_word' id='word_1_170' title='bbox 171 2555 436 2627; x_wconf 81' lang='grc' dir='ltr'><strong>πατέρων</strong></span> <span class='ocrx_word' id='word_1_171' title='bbox 451 2557 658 2626; x_wconf 78' lang='grc' dir='ltr'>ἁπλῶς,</span> <span class='ocrx_word' id='word_1_172' title='bbox 680 2561 769 2616; x_wconf 77' lang='grc' dir='ltr'><strong>οἵα</strong></span> <span class='ocrx_word' id='word_1_173' title='bbox 781 2562 981 2634; x_wconf 84' lang='grc' dir='ltr'>δήποτε</span> <span class='ocrx_word' id='word_1_174' title='bbox 997 2565 1178 2638; x_wconf 77' lang='grc' dir='ltr'>ἡμέρα</span> <span class='ocrx_word' id='word_1_175' title='bbox 1190 2565 1321 2634; x_wconf 83' lang='grc' dir='ltr'>ἁγία</span> <span class='ocrx_word' id='word_1_176' title='bbox 1345 2565 1437 2619; x_wconf 72' lang='grc' dir='ltr'>καὶ</span> <span class='ocrx_word' id='word_1_177' title='bbox 1453 2584 1612 2637; x_wconf 88' lang='grc' dir='ltr'>περι-</span> 
     </span>
    </p>
   </div>
   <div class='ocr_carea' id='block_1_28' title="bbox 30 2643 1613 2729">
    <p class='ocr_par' dir='ltr' id='par_1_28' title="bbox 30 2643 1613 2729">
     <span class='ocr_line' id='line_1_28' title="bbox 30 2643 1613 2729; baseline 0.01 -31"><span class='ocrx_word' id='word_1_178' title='bbox 30 2646 235 2718; x_wconf 81' lang='grc' dir='ltr'>φανής.</span> <span class='ocrx_word' id='word_1_179' title='bbox 281 2649 608 2722; x_wconf 78' lang='grc' dir='ltr'>Ὀφείλομεν</span> <span class='ocrx_word' id='word_1_180' title='bbox 637 2643 732 2708; x_wconf 70' lang='grc' dir='ltr'>οὖν</span> <span class='ocrx_word' id='word_1_181' title='bbox 760 2656 854 2710; x_wconf 76' lang='grc' dir='ltr'>καὶ</span> <span class='ocrx_word' id='word_1_182' title='bbox 878 2658 1041 2727; x_wconf 79' lang='grc' dir='ltr'>ἡμεῖς</span> <span class='ocrx_word' id='word_1_183' title='bbox 1072 2657 1209 2728; x_wconf 83' lang='grc' dir='ltr'>μετὰ</span> <span class='ocrx_word' id='word_1_184' title='bbox 1234 2658 1447 2728; x_wconf 83' lang='grc' dir='ltr'>νήψεως</span> <span class='ocrx_word' id='word_1_185' title='bbox 1474 2659 1613 2729; x_wconf 80' lang='grc' dir='ltr'>ψάλ-</span> 
     </span>
    </p>
   </div>
   <div class='ocr_carea' id='block_1_29' title="bbox 29 2739 1612 2822">
    <p class='ocr_par' dir='ltr' id='par_1_29' title="bbox 29 2739 1612 2822">
     <span class='ocr_line' id='line_1_29' title="bbox 29 2739 1612 2822; baseline 0.008 -30"><span class='ocrx_word' id='word_1_186' title='bbox 29 2739 169 2807; x_wconf 83' lang='grc' dir='ltr'>λειν,</span> <span class='ocrx_word' id='word_1_187' title='bbox 205 2743 306 2797; x_wconf 74' lang='grc' dir='ltr'>καὶ</span> <span class='ocrx_word' id='word_1_188' title='bbox 344 2743 556 2798; x_wconf 77' lang='grc' dir='ltr'>τιθέναι</span> <span class='ocrx_word' id='word_1_189' title='bbox 582 2745 672 2800; x_wconf 79' lang='grc' dir='ltr'><strong>τὸν</strong></span> <span class='ocrx_word' id='word_1_190' title='bbox 700 2746 825 2802; x_wconf 79' lang='grc' dir='ltr'>νοῦν</span> <span class='ocrx_word' id='word_1_191' title='bbox 845 2747 1001 2820; x_wconf 75' lang='grc' dir='ltr'>ἡμῶν</span> <span class='ocrx_word' id='word_1_192' title='bbox 1031 2749 1113 2813; x_wconf 87' lang='grc' dir='ltr'><strong>είς</strong></span> <span class='ocrx_word' id='word_1_193' title='bbox 1136 2749 1234 2822; x_wconf 80' lang='grc' dir='ltr'><strong>τὴν</strong></span> <span class='ocrx_word' id='word_1_194' title='bbox 1259 2750 1483 2821; x_wconf 86' lang='grc' dir='ltr'>δύναμιν</span> <span class='ocrx_word' id='word_1_195' title='bbox 1505 2751 1612 2805; x_wconf 87' lang='grc' dir='ltr'><strong>τῶν</strong></span> 
     </span>
    </p>
   </div>
   <div class='ocr_carea' id='block_1_30' title="bbox 23 2829 1615 2911">
    <p class='ocr_par' dir='ltr' id='par_1_30' title="bbox 23 2829 1615 2911">
     <span class='ocr_line' id='line_1_30' title="bbox 23 2829 1615 2911; baseline 0.008 -29"><span class='ocrx_word' id='word_1_196' title='bbox 23 2829 213 2901; x_wconf 77' lang='grc' dir='ltr'>λόγων</span> <span class='ocrx_word' id='word_1_197' title='bbox 247 2832 364 2886; x_wconf 84' lang='grc' dir='ltr'><strong>τῶν</strong></span> <span class='ocrx_word' id='word_1_198' title='bbox 396 2833 585 2901; x_wconf 79' lang='grc' dir='ltr'>ἁγίωνο</span> <span class='ocrx_word' id='word_1_199' title='bbox 623 2836 708 2890; x_wconf 75' lang='grc' dir='ltr'>ἵνα</span> <span class='ocrx_word' id='word_1_200' title='bbox 758 2836 834 2909; x_wconf 79' lang='grc' dir='ltr'>μὴ</span> <span class='ocrx_word' id='word_1_201' title='bbox 885 2838 1045 2909; x_wconf 88' lang='grc' dir='ltr'>μόνον</span> <span class='ocrx_word' id='word_1_202' title='bbox 1081 2839 1142 2893; x_wconf 82' lang='grc' dir='ltr'>τὸ</span> <span class='ocrx_word' id='word_1_203' title='bbox 1184 2840 1379 2911; x_wconf 84' lang='grc' dir='ltr'>στόμα,</span> <span class='ocrx_word' id='word_1_204' title='bbox 1431 2841 1615 2906; x_wconf 87' lang='grc' dir='ltr'>καθὼς</span> 
     </span>
    </p>
   </div>
   <div class='ocr_carea' id='block_1_31' title="bbox 25 2916 1616 3004">
    <p class='ocr_par' dir='ltr' id='par_1_31' title="bbox 25 2916 1616 3004">
     <span class='ocr_line' id='line_1_31' title="bbox 25 2916 1616 3004; baseline 0.007 -29"><span class='ocrx_word' id='word_1_205' title='bbox 25 2921 186 2992; x_wconf 84' lang='grc' dir='ltr'>λέγει</span> <span class='ocrx_word' id='word_1_206' title='bbox 222 2925 310 2989; x_wconf 78' lang='grc' dir='ltr'><strong>εἰς</strong></span> <span class='ocrx_word' id='word_1_207' title='bbox 349 2924 416 2978; x_wconf 80' lang='grc' dir='ltr'>τὸ</span> <span class='ocrx_word' id='word_1_208' title='bbox 438 2916 814 2994; x_wconf 60' lang='grc' dir='ltr'>Γεροντικὸκ,</span> <span class='ocrx_word' id='word_1_209' title='bbox 857 2929 991 2985; x_wconf 81' lang='grc' dir='ltr'>ἀλλὰ</span> <span class='ocrx_word' id='word_1_210' title='bbox 1036 2930 1131 2985; x_wconf 77' lang='grc' dir='ltr'>καὶ</span> <span class='ocrx_word' id='word_1_211' title='bbox 1172 2933 1206 3002; x_wconf 84' lang='grc' dir='ltr'><strong>ἡ</strong></span> <span class='ocrx_word' id='word_1_212' title='bbox 1237 2932 1433 3003; x_wconf 79' lang='grc' dir='ltr'>καρδία</span> <span class='ocrx_word' id='word_1_213' title='bbox 1459 2932 1616 3004; x_wconf 78' lang='grc' dir='ltr'>ἡμῶν</span> 
     </span>
    </p>
   </div>
   <div class='ocr_carea' id='block_1_32' title="bbox 31 3015 1617 3094">
    <p class='ocr_par' dir='ltr' id='par_1_32' title="bbox 31 3015 1617 3094">
     <span class='ocr_line' id='line_1_32' title="bbox 31 3015 1617 3094; baseline 0.008 -26"><span class='ocrx_word' id='word_1_214' title='bbox 31 3015 178 3085; x_wconf 77' lang='grc' dir='ltr'>μετὰ</span> <span class='ocrx_word' id='word_1_215' title='bbox 215 3015 495 3088; x_wconf 75' lang='grc' dir='ltr'>πόματος</span> <span class='ocrx_word' id='word_1_216' title='bbox 519 3017 718 3092; x_wconf 57' lang='lat' dir='ltr'><strong>eam.</strong></span> <span class='ocrx_word' id='word_1_217' title='bbox 756 3020 1061 3094; x_wconf 81' lang='grc' dir='ltr'>Ἐμάθομεν</span> <span class='ocrx_word' id='word_1_218' title='bbox 1091 3018 1184 3079; x_wconf 79' lang='grc' dir='ltr'>οὖν</span> <span class='ocrx_word' id='word_1_219' title='bbox 1209 3025 1276 3078; x_wconf 88' lang='grc' dir='ltr'><strong>ἐκ</strong></span> <span class='ocrx_word' id='word_1_220' title='bbox 1298 3023 1392 3078; x_wconf 79' lang='grc' dir='ltr'><strong>τοῦ</strong></span> <span class='ocrx_word' id='word_1_221' title='bbox 1419 3026 1617 3094; x_wconf 76' lang='grc' dir='ltr'>προτέ-</span> 
     </span>
    </p>
   </div>
   <div class='ocr_carea' id='block_1_33' title="bbox 31 3105 1614 3187">
    <p class='ocr_par' dir='ltr' id='par_1_33' title="bbox 31 3105 1614 3187">
     <span class='ocr_line' id='line_1_33' title="bbox 31 3105 1614 3187; baseline 0.007 -29"><span class='ocrx_word' id='word_1_222' title='bbox 31 3123 132 3176; x_wconf 90' lang='grc' dir='ltr'>ρου</span> <span class='ocrx_word' id='word_1_223' title='bbox 163 3105 397 3176; x_wconf 75' lang='grc' dir='ltr'>ψαλμοῦ</span> <span class='ocrx_word' id='word_1_224' title='bbox 428 3107 585 3177; x_wconf 83' lang='grc' dir='ltr'>ὀλίγα</span> <span class='ocrx_word' id='word_1_225' title='bbox 614 3108 756 3164; x_wconf 84' lang='grc' dir='ltr'>κατὰ</span> <span class='ocrx_word' id='word_1_226' title='bbox 779 3110 880 3182; x_wconf 80' lang='grc' dir='ltr'>τὴν</span> <span class='ocrx_word' id='word_1_227' title='bbox 914 3111 1144 3183; x_wconf 87' lang='grc' dir='ltr'>δύναμιν</span> <span class='ocrx_word' id='word_1_228' title='bbox 1173 3114 1332 3185; x_wconf 77' lang='grc' dir='ltr'>ἡμῶν</span> <span class='ocrx_word' id='word_1_229' title='bbox 1367 3117 1494 3187; x_wconf 82' lang='grc' dir='ltr'>περὶ</span> <span class='ocrx_word' id='word_1_230' title='bbox 1520 3115 1614 3169; x_wconf 78' lang='grc' dir='ltr'><strong>τοῦ</strong></span> 
     </span>
    </p>
   </div>
   <div class='ocr_carea' id='block_1_34' title="bbox 1698 583 3232 654">
    <p class='ocr_par' dir='ltr' id='par_1_34' title="bbox 1698 583 3232 654">
     <span class='ocr_line' id='line_1_34' title="bbox 1698 583 3232 654; baseline -0.006 -7"><span class='ocrx_word' id='word_1_231' title='bbox 1698 608 1825 647; x_wconf 85' lang='lat' dir='ltr'><strong>nam</strong></span> <span class='ocrx_word' id='word_1_232' title='bbox 1855 592 2175 648; x_wconf 84' lang='lat' dir='ltr'><strong>decidamus</strong></span> <span class='ocrx_word' id='word_1_233' title='bbox 2206 607 2220 643; x_wconf 90' lang='lat'><strong>:</strong></span> <span class='ocrx_word' id='word_1_234' title='bbox 2251 600 2310 644; x_wconf 87' lang='lat' dir='ltr'><strong>ut</strong></span> <span class='ocrx_word' id='word_1_235' title='bbox 2344 587 2490 642; x_wconf 89' lang='lat' dir='ltr'><strong>enim</strong></span> <span class='ocrx_word' id='word_1_236' title='bbox 2532 585 2687 640; x_wconf 89' lang='lat' dir='ltr'><strong>vobis</strong></span> <span class='ocrx_word' id='word_1_237' title='bbox 2717 586 2914 654; x_wconf 71' lang='lat' dir='ltr'><strong>smpius</strong></span> <span class='ocrx_word' id='word_1_238' title='bbox 2943 583 3057 638; x_wconf 80' lang='lat' dir='ltr'><strong>dixi</strong></span> <span class='ocrx_word' id='word_1_239' title='bbox 3086 598 3102 638; x_wconf 88' lang='lat'><strong>:</strong></span> <span class='ocrx_word' id='word_1_240' title='bbox 3136 601 3232 654; x_wconf 83' lang='lat' dir='ltr'><strong>pec</strong></span> 
     </span>
    </p>
   </div>
   <div class='ocr_carea' id='block_1_35' title="bbox 1699 677 3260 747">
    <p class='ocr_par' dir='ltr' id='par_1_35' title="bbox 1699 677 3260 747">
     <span class='ocr_line' id='line_1_35' title="bbox 1699 677 3260 747; baseline -0.006 -7"><span class='ocrx_word' id='word_1_241' title='bbox 1699 687 1804 740; x_wconf 89' lang='lat' dir='ltr'><strong>cati</strong></span> <span class='ocrx_word' id='word_1_242' title='bbox 1828 685 1969 740; x_wconf 90' lang='lat' dir='ltr'><strong>actio</strong></span> <span class='ocrx_word' id='word_1_243' title='bbox 1991 698 2180 740; x_wconf 88' lang='lat' dir='ltr'><strong>servos</strong></span> <span class='ocrx_word' id='word_1_244' title='bbox 2204 698 2305 738; x_wconf 92' lang='lat' dir='ltr'><strong>nos</strong></span> <span class='ocrx_word' id='word_1_245' title='bbox 2330 680 2480 747; x_wconf 76' lang='lat' dir='ltr'><strong>facit,</strong></span> <span class='ocrx_word' id='word_1_246' title='bbox 2512 689 2566 734; x_wconf 85' lang='lat' dir='ltr'><strong>et</strong></span> <span class='ocrx_word' id='word_1_247' title='bbox 2585 689 2777 747; x_wconf 89' lang='lat' dir='ltr'><strong>sponte</strong></span> <span class='ocrx_word' id='word_1_248' title='bbox 2806 689 2992 734; x_wconf 84' lang='lat' dir='ltr'><strong>nostra</strong></span> <span class='ocrx_word' id='word_1_249' title='bbox 3014 677 3260 733; x_wconf 74' lang='lat' dir='ltr'><strong>servituti</strong></span> 
     </span>
    </p>
   </div>
   <div class='ocr_carea' id='block_1_36' title="bbox 1700 769 3258 848">
    <p class='ocr_par' dir='ltr' id='par_1_36' title="bbox 1700 769 3258 848">
     <span class='ocr_line' id='line_1_36' title="bbox 1700 769 3258 848; baseline -0.009 -14"><span class='ocrx_word' id='word_1_250' title='bbox 1700 779 1827 834; x_wconf 83' lang='lat' dir='ltr'><strong>huic</strong></span> <span class='ocrx_word' id='word_1_251' title='bbox 1869 778 2209 848; x_wconf 84' lang='lat' dir='ltr'><strong>subjicimur.</strong></span> <span class='ocrx_word' id='word_1_252' title='bbox 2258 777 2453 830; x_wconf 83' lang='lat' dir='ltr'><strong>Annon</strong></span> <span class='ocrx_word' id='word_1_253' title='bbox 2498 775 2698 844; x_wconf 83' lang='lat' dir='ltr'><strong>pudeat</strong></span> <span class='ocrx_word' id='word_1_254' title='bbox 2743 785 2844 825; x_wconf 90' lang='lat' dir='ltr'><strong>nos</strong></span> <span class='ocrx_word' id='word_1_255' title='bbox 2883 770 3096 825; x_wconf 86' lang='lat' dir='ltr'><strong>nostri?</strong></span> <span class='ocrx_word' id='word_1_256' title='bbox 3141 769 3258 824; x_wconf 83' lang='lat' dir='ltr'><strong>Non</strong></span> 
     </span>
    </p>
   </div>
   <div class='ocr_carea' id='block_1_37' title="bbox 1701 863 3259 936">
    <p class='ocr_par' dir='ltr' id='par_1_37' title="bbox 1701 863 3259 936">
     <span class='ocr_line' id='line_1_37' title="bbox 1701 863 3259 936; baseline -0.008 -10"><span class='ocrx_word' id='word_1_257' title='bbox 1701 873 2056 926; x_wconf 88' lang='lat' dir='ltr'><strong>misercamur</strong></span> <span class='ocrx_word' id='word_1_258' title='bbox 2087 869 2269 936; x_wconf 87' lang='lat' dir='ltr'><strong>nobis,</strong></span> <span class='ocrx_word' id='word_1_259' title='bbox 2326 877 2384 922; x_wconf 92' lang='lat' dir='ltr'><strong>ut</strong></span> <span class='ocrx_word' id='word_1_260' title='bbox 2426 868 2655 922; x_wconf 83' lang='lat' dir='ltr'><strong>extracti</strong></span> <span class='ocrx_word' id='word_1_261' title='bbox 2691 866 2759 921; x_wconf 91' lang='lat' dir='ltr'><strong>ab</strong></span> <span class='ocrx_word' id='word_1_262' title='bbox 2790 863 2978 918; x_wconf 78' lang='lat' dir='ltr'><strong>inferis</strong></span> <span class='ocrx_word' id='word_1_263' title='bbox 3012 879 3104 931; x_wconf 90' lang='lat' dir='ltr'><strong>per</strong></span> <span class='ocrx_word' id='word_1_264' title='bbox 3132 878 3259 916; x_wconf 84' lang='lat' dir='ltr'><strong>san-</strong></span> 
     </span>
    </p>
   </div>
   <div class='ocr_carea' id='block_1_38' title="bbox 1701 956 3262 1035">
    <p class='ocr_par' dir='ltr' id='par_1_38' title="bbox 1701 956 3262 1035">
     <span class='ocr_line' id='line_1_38' title="bbox 1701 956 3262 1035; baseline -0.007 -16"><span class='ocrx_word' id='word_1_265' title='bbox 1701 965 1918 1035; x_wconf 82' lang='lat' dir='ltr'><strong>guinem</strong></span> <span class='ocrx_word' id='word_1_266' title='bbox 1949 962 2190 1026; x_wconf 85' lang='lat' dir='ltr'><strong>Christi,</strong></span> <span class='ocrx_word' id='word_1_267' title='bbox 2243 976 2466 1016; x_wconf 83' lang='lat' dir='ltr'><strong>rursum</strong></span> <span class='ocrx_word' id='word_1_268' title='bbox 2514 960 2823 1013; x_wconf 79' lang='lat' dir='ltr'><strong>relabamur</strong></span> <span class='ocrx_word' id='word_1_269' title='bbox 2857 965 2913 1012; x_wconf 89' lang='lat' dir='ltr'><strong>et</strong></span> <span class='ocrx_word' id='word_1_270' title='bbox 2955 956 3262 1024; x_wconf 85' lang='lat' dir='ltr'><strong>rejicianms</strong></span> 
     </span>
    </p>
   </div>
   <div class='ocr_carea' id='block_1_39' title="bbox 1702 1048 3264 1126">
    <p class='ocr_par' dir='ltr' id='par_1_39' title="bbox 1702 1048 3264 1126">
     <span class='ocr_line' id='line_1_39' title="bbox 1702 1048 3264 1126; baseline -0.009 -15"><span class='ocrx_word' id='word_1_271' title='bbox 1702 1072 1804 1111; x_wconf 91' lang='lat' dir='ltr'><strong>nos</strong></span> <span class='ocrx_word' id='word_1_272' title='bbox 1833 1056 1986 1126; x_wconf 87' lang='lat' dir='ltr'><strong>ipsos</strong></span> <span class='ocrx_word' id='word_1_273' title='bbox 2037 1055 2091 1109; x_wconf 92' lang='lat' dir='ltr'><strong>in</strong></span> <span class='ocrx_word' id='word_1_274' title='bbox 2121 1052 2438 1108; x_wconf 82' lang='lat' dir='ltr'><strong>infernum?</strong></span> <span class='ocrx_word' id='word_1_275' title='bbox 2483 1052 2677 1106; x_wconf 79' lang='lat' dir='ltr'><strong>Annon</strong></span> <span class='ocrx_word' id='word_1_276' title='bbox 2723 1051 2794 1104; x_wconf 89' lang='lat' dir='ltr'><strong>ita</strong></span> <span class='ocrx_word' id='word_1_277' title='bbox 2841 1048 2989 1120; x_wconf 80' lang='lat' dir='ltr'><strong>digni</strong></span> <span class='ocrx_word' id='word_1_278' title='bbox 3018 1048 3264 1101; x_wconf 80' lang='lat' dir='ltr'><strong>videmur</strong></span> 
     </span>
    </p>
   </div>
   <div class='ocr_carea' id='block_1_40' title="bbox 1702 1141 3266 1217">
    <p class='ocr_par' dir='ltr' id='par_1_40' title="bbox 1702 1141 3266 1217">
     <span class='ocr_line' id='line_1_40' title="bbox 1702 1141 3266 1217; baseline -0.008 -15"><span class='ocrx_word' id='word_1_279' title='bbox 1702 1147 1910 1217; x_wconf 85' lang='lat' dir='ltr'><strong>majore</strong></span> <span class='ocrx_word' id='word_1_280' title='bbox 1933 1145 2201 1216; x_wconf 91' lang='lat' dir='ltr'><strong>supplicio</strong></span> <span class='ocrx_word' id='word_1_281' title='bbox 2223 1154 2276 1200; x_wconf 88' lang='lat' dir='ltr'><strong>et</strong></span> <span class='ocrx_word' id='word_1_282' title='bbox 2299 1145 2494 1215; x_wconf 62' lang='lat' dir='ltr'><strong>pinna?</strong></span> <span class='ocrx_word' id='word_1_283' title='bbox 2518 1141 2660 1198; x_wconf 87' lang='lat' dir='ltr'><strong>Deus</strong></span> <span class='ocrx_word' id='word_1_284' title='bbox 2683 1143 2921 1196; x_wconf 85' lang='lat' dir='ltr'><strong>clemens</strong></span> <span class='ocrx_word' id='word_1_285' title='bbox 2944 1141 3266 1196; x_wconf 78' lang='lat' dir='ltr'><strong>misereatur</strong></span> 
     </span>
    </p>
   </div>
   <div class='ocr_carea' id='block_1_41' title="bbox 1703 1230 3263 1305">
    <p class='ocr_par' dir='ltr' id='par_1_41' title="bbox 1703 1230 3263 1305">
     <span class='ocr_line' id='line_1_41' title="bbox 1703 1230 3263 1305; baseline -0.006 -15"><span class='ocrx_word' id='word_1_286' title='bbox 1703 1237 1896 1300; x_wconf 87' lang='lat' dir='ltr'><strong>nostri,</strong></span> <span class='ocrx_word' id='word_1_287' title='bbox 1916 1245 1971 1292; x_wconf 89' lang='lat' dir='ltr'><strong>et</strong></span> <span class='ocrx_word' id='word_1_288' title='bbox 2001 1237 2090 1290; x_wconf 87' lang='lat' dir='ltr'><strong>det</strong></span> <span class='ocrx_word' id='word_1_289' title='bbox 2115 1249 2213 1305; x_wconf 91' lang='lat' dir='ltr'><strong>pro</strong></span> <span class='ocrx_word' id='word_1_290' title='bbox 2233 1234 2391 1288; x_wconf 86' lang='lat' dir='ltr'><strong>nobis</strong></span> <span class='ocrx_word' id='word_1_291' title='bbox 2411 1233 2650 1287; x_wconf 88' lang='lat' dir='ltr'><strong>studium</strong></span> <span class='ocrx_word' id='word_1_292' title='bbox 2681 1230 3012 1301; x_wconf 79' lang='lat' dir='ltr'><strong>intelligendi</strong></span> <span class='ocrx_word' id='word_1_293' title='bbox 3035 1239 3090 1285; x_wconf 89' lang='lat' dir='ltr'><strong>et</strong></span> <span class='ocrx_word' id='word_1_294' title='bbox 3108 1244 3263 1300; x_wconf 88' lang='lat' dir='ltr'><strong>opem</strong></span> 
     </span>
    </p>
   </div>
   <div class='ocr_carea' id='block_1_42' title="bbox 1703 1321 3268 1393">
    <p class='ocr_par' dir='ltr' id='par_1_42' title="bbox 1703 1321 3268 1393">
     <span class='ocr_line' id='line_1_42' title="bbox 1703 1321 3268 1393; baseline -0.003 -14"><span class='ocrx_word' id='word_1_295' title='bbox 1703 1323 1911 1379; x_wconf 81' lang='lat' dir='ltr'><strong>ferendi</strong></span> <span class='ocrx_word' id='word_1_296' title='bbox 1943 1325 2097 1379; x_wconf 89' lang='lat' dir='ltr'><strong>nobis</strong></span> <span class='ocrx_word' id='word_1_297' title='bbox 2123 1323 2275 1393; x_wconf 88' lang='lat' dir='ltr'><strong>ipsis,</strong></span> <span class='ocrx_word' id='word_1_298' title='bbox 2302 1323 2378 1376; x_wconf 88' lang='lat' dir='ltr'><strong>ita</strong></span> <span class='ocrx_word' id='word_1_299' title='bbox 2402 1331 2463 1376; x_wconf 92' lang='lat' dir='ltr'><strong>ut</strong></span> <span class='ocrx_word' id='word_1_300' title='bbox 2479 1323 2700 1392; x_wconf 85' lang='lat' dir='ltr'><strong>paulum</strong></span> <span class='ocrx_word' id='word_1_301' title='bbox 2725 1322 2856 1393; x_wconf 92' lang='lat' dir='ltr'><strong>quid</strong></span> <span class='ocrx_word' id='word_1_302' title='bbox 2883 1321 3268 1378; x_wconf 71' lang='lat' dir='ltr'><strong>misericordiae</strong></span> 
     </span>
    </p>
   </div>
   <div class='ocr_carea' id='block_1_43' title="bbox 1705 1412 2509 1469">
    <p class='ocr_par' dir='ltr' id='par_1_43' title="bbox 1705 1412 2509 1469">
     <span class='ocr_line' id='line_1_43' title="bbox 1705 1412 2509 1469; baseline -0.002 -1"><span class='ocrx_word' id='word_1_303' title='bbox 1705 1427 2012 1469; x_wconf 89' lang='lat' dir='ltr'><strong>mereamur</strong></span> <span class='ocrx_word' id='word_1_304' title='bbox 2041 1414 2111 1469; x_wconf 89' lang='lat' dir='ltr'><strong>ab</strong></span> <span class='ocrx_word' id='word_1_305' title='bbox 2140 1427 2207 1469; x_wconf 89' lang='lat' dir='ltr'><strong>eo</strong></span> <span class='ocrx_word' id='word_1_306' title='bbox 2243 1412 2509 1467; x_wconf 88' lang='lat' dir='ltr'><strong>invenire.</strong></span> 
     </span>
    </p>
   </div>
   <div class='ocr_carea' id='block_1_44' title="bbox 2197 1613 2771 1671">
    <p class='ocr_par' dir='ltr' id='par_1_44' title="bbox 2197 1613 2771 1671">
     <span class='ocr_line' id='line_1_44' title="bbox 2197 1613 2771 1671; baseline 0.002 -3"><span class='ocrx_word' id='word_1_307' title='bbox 2197 1613 2544 1671; x_wconf 81' lang='lat' dir='ltr'><strong>DOCTRINA</strong></span> <span class='ocrx_word' id='word_1_308' title='bbox 2581 1613 2771 1670; x_wconf 79' lang='lat' dir='ltr'>XXIII.</span> 
     </span>
    </p>
   </div>
   <div class='ocr_carea' id='block_1_45' title="bbox 1807 1723 3169 1800">
    <p class='ocr_par' dir='ltr' id='par_1_45' title="bbox 1807 1723 3169 1800">
     <span class='ocr_line' id='line_1_45' title="bbox 1807 1723 3169 1800; baseline -0.001 -14"><span class='ocrx_word' id='word_1_309' title='bbox 1807 1728 2087 1800; x_wconf 72' lang='lat' dir='ltr'><strong>Expositio</strong></span> <span class='ocrx_word' id='word_1_310' title='bbox 2119 1731 2175 1786; x_wconf 80' lang='lat' dir='ltr'><strong>in</strong></span> <span class='ocrx_word' id='word_1_311' title='bbox 2203 1731 2359 1786; x_wconf 81' lang='lat' dir='ltr'><strong>verba</strong></span> <span class='ocrx_word' id='word_1_312' title='bbox 2399 1732 2507 1786; x_wconf 79' lang='lat' dir='ltr'><strong>divi</strong></span> <span class='ocrx_word' id='word_1_313' title='bbox 2533 1730 2772 1800; x_wconf 79' lang='lat' dir='ltr'><strong>Gregorii</strong></span> <span class='ocrx_word' id='word_1_314' title='bbox 2802 1729 3083 1786; x_wconf 84' lang='lat' dir='ltr'><strong>decantata</strong></span> <span class='ocrx_word' id='word_1_315' title='bbox 3113 1723 3169 1786; x_wconf 71' lang='lat' dir='ltr'><strong>in</strong></span> 
     </span>
    </p>
   </div>
   <div class='ocr_carea' id='block_1_46' title="bbox 2228 1811 2753 1873">
    <p class='ocr_par' dir='ltr' id='par_1_46' title="bbox 2228 1811 2753 1873">
     <span class='ocr_line' id='line_1_46' title="bbox 2228 1811 2753 1873; baseline 0.002 -18"><span class='ocrx_word' id='word_1_316' title='bbox 2228 1812 2436 1856; x_wconf 67' lang='grc' dir='ltr'>εαηαιοε</span> <span class='ocrx_word' id='word_1_317' title='bbox 2475 1811 2753 1873; x_wconf 80' lang='lat' dir='ltr'><strong>martyres.</strong></span> 
     </span>
    </p>
   </div>
   <div class='ocr_carea' id='block_1_47' title="bbox 1780 1895 3272 1966">
    <p class='ocr_par' dir='ltr' id='par_1_47' title="bbox 1780 1895 3272 1966">
     <span class='ocr_line' id='line_1_47' title="bbox 1780 1895 3272 1966; baseline 0.001 -17"><span class='ocrx_word' id='word_1_318' title='bbox 1780 1895 1824 1949; x_wconf 91' lang='lat' dir='ltr'><strong>I.</strong></span> <span class='ocrx_word' id='word_1_319' title='bbox 1856 1895 2062 1950; x_wconf 86' lang='lat' dir='ltr'><strong>Bonum</strong></span> <span class='ocrx_word' id='word_1_320' title='bbox 2089 1904 2174 1950; x_wconf 89' lang='lat' dir='ltr'><strong>est</strong></span> <span class='ocrx_word' id='word_1_321' title='bbox 2218 1910 2434 1966; x_wconf 87' lang='lat' dir='ltr'><strong>semper</strong></span> <span class='ocrx_word' id='word_1_322' title='bbox 2473 1895 2678 1965; x_wconf 88' lang='lat' dir='ltr'><strong>aliquid</strong></span> <span class='ocrx_word' id='word_1_323' title='bbox 2720 1896 3012 1952; x_wconf 81' lang='lat' dir='ltr'><strong>decantare</strong></span> <span class='ocrx_word' id='word_1_324' title='bbox 3051 1912 3115 1952; x_wconf 84' lang='lat' dir='ltr'><strong>ex</strong></span> <span class='ocrx_word' id='word_1_325' title='bbox 3155 1911 3272 1951; x_wconf 90' lang='lat' dir='ltr'><strong>ser-</strong></span> 
     </span>
    </p>
   </div>
   <div class='ocr_carea' id='block_1_48' title="bbox 1710 1986 3274 2058">
    <p class='ocr_par' dir='ltr' id='par_1_48' title="bbox 1710 1986 3274 2058">
     <span class='ocr_line' id='line_1_48' title="bbox 1710 1986 3274 2058; baseline 0 -15"><span class='ocrx_word' id='word_1_326' title='bbox 1710 1987 1964 2044; x_wconf 89' lang='lat' dir='ltr'><strong>monibus</strong></span> <span class='ocrx_word' id='word_1_327' title='bbox 1989 1997 2301 2042; x_wconf 86' lang='lat' dir='ltr'><strong>sanctorum</strong></span> <span class='ocrx_word' id='word_1_328' title='bbox 2346 1986 2591 2044; x_wconf 85' lang='lat' dir='ltr'><strong>Patrum.</strong></span> <span class='ocrx_word' id='word_1_329' title='bbox 2638 1987 2696 2042; x_wconf 92' lang='lat' dir='ltr'><strong>In</strong></span> <span class='ocrx_word' id='word_1_330' title='bbox 2742 1989 2828 2044; x_wconf 89' lang='lat' dir='ltr'><strong>bis</strong></span> <span class='ocrx_word' id='word_1_331' title='bbox 2871 1989 3016 2043; x_wconf 90' lang='lat' dir='ltr'><strong>enim</strong></span> <span class='ocrx_word' id='word_1_332' title='bbox 3061 2004 3274 2058; x_wconf 78' lang='lat' dir='ltr'><strong>semper</strong></span> 
     </span>
    </p>
   </div>
   <div class='ocr_carea' id='block_1_49' title="bbox 1709 2077 3274 2152">
    <p class='ocr_par' dir='ltr' id='par_1_49' title="bbox 1709 2077 3274 2152">
     <span class='ocr_line' id='line_1_49' title="bbox 1709 2077 3274 2152; baseline -0.001 -17"><span class='ocrx_word' id='word_1_333' title='bbox 1709 2095 1899 2136; x_wconf 90' lang='lat' dir='ltr'><strong>eorum</strong></span> <span class='ocrx_word' id='word_1_334' title='bbox 1950 2079 2191 2136; x_wconf 84' lang='lat' dir='ltr'><strong>studium</strong></span> <span class='ocrx_word' id='word_1_335' title='bbox 2234 2077 2339 2134; x_wconf 81' lang='lat' dir='ltr'><strong>fuit</strong></span> <span class='ocrx_word' id='word_1_336' title='bbox 2368 2095 2468 2135; x_wconf 90' lang='lat' dir='ltr'><strong>nos</strong></span> <span class='ocrx_word' id='word_1_337' title='bbox 2498 2080 2725 2135; x_wconf 89' lang='lat' dir='ltr'><strong>edocere</strong></span> <span class='ocrx_word' id='word_1_338' title='bbox 2748 2090 2801 2135; x_wconf 89' lang='lat' dir='ltr'><strong>et</strong></span> <span class='ocrx_word' id='word_1_339' title='bbox 2840 2081 3075 2148; x_wconf 89' lang='lat' dir='ltr'><strong>erudire,</strong></span> <span class='ocrx_word' id='word_1_340' title='bbox 3124 2097 3274 2152; x_wconf 76' lang='lat' dir='ltr'><strong>qua:-</strong></span> 
     </span>
    </p>
   </div>
   <div class='ocr_carea' id='block_1_50' title="bbox 1710 2171 3261 2244">
    <p class='ocr_par' dir='ltr' id='par_1_50' title="bbox 1710 2171 3261 2244">
     <span class='ocr_line' id='line_1_50' title="bbox 1710 2171 3261 2244; baseline -0.001 -16"><span class='ocrx_word' id='word_1_341' title='bbox 1710 2187 1927 2244; x_wconf 91' lang='lat' dir='ltr'><strong>cunque</strong></span> <span class='ocrx_word' id='word_1_342' title='bbox 1956 2173 2377 2228; x_wconf 77' lang='lat' dir='ltr'><strong>extenderentur</strong></span> <span class='ocrx_word' id='word_1_343' title='bbox 2399 2171 2467 2226; x_wconf 89' lang='lat' dir='ltr'><strong>ad</strong></span> <span class='ocrx_word' id='word_1_344' title='bbox 2492 2173 2675 2229; x_wconf 88' lang='lat' dir='ltr'><strong>lumen</strong></span> <span class='ocrx_word' id='word_1_345' title='bbox 2711 2173 3020 2228; x_wconf 88' lang='lat' dir='ltr'><strong>animarum</strong></span> <span class='ocrx_word' id='word_1_346' title='bbox 3063 2184 3261 2230; x_wconf 86' lang='lat' dir='ltr'><strong>nostra-</strong></span> 
     </span>
    </p>
   </div>
   <div class='ocr_carea' id='block_1_51' title="bbox 1709 2267 3275 2337">
    <p class='ocr_par' dir='ltr' id='par_1_51' title="bbox 1709 2267 3275 2337">
     <span class='ocr_line' id='line_1_51' title="bbox 1709 2267 3275 2337; baseline -0.001 -13"><span class='ocrx_word' id='word_1_347' title='bbox 1709 2283 1854 2324; x_wconf 92' lang='lat' dir='ltr'><strong>rum.</strong></span> <span class='ocrx_word' id='word_1_348' title='bbox 1886 2267 2066 2336; x_wconf 84' lang='lat' dir='ltr'><strong>Quare</strong></span> <span class='ocrx_word' id='word_1_349' title='bbox 2111 2267 2374 2323; x_wconf 88' lang='lat' dir='ltr'><strong>debemus</strong></span> <span class='ocrx_word' id='word_1_350' title='bbox 2411 2277 2466 2323; x_wconf 87' lang='lat' dir='ltr'><strong>et</strong></span> <span class='ocrx_word' id='word_1_351' title='bbox 2511 2281 2612 2322; x_wconf 88' lang='lat' dir='ltr'><strong>nos</strong></span> <span class='ocrx_word' id='word_1_352' title='bbox 2651 2267 2822 2336; x_wconf 83' lang='lat' dir='ltr'><strong>parati</strong></span> <span class='ocrx_word' id='word_1_353' title='bbox 2870 2282 2993 2324; x_wconf 84' lang='lat' dir='ltr'><strong>esse</strong></span> <span class='ocrx_word' id='word_1_354' title='bbox 3031 2282 3096 2323; x_wconf 77' lang='lat' dir='ltr'><strong>ex</strong></span> <span class='ocrx_word' id='word_1_355' title='bbox 3141 2270 3275 2337; x_wconf 86' lang='lat' dir='ltr'><strong>ipsis</strong></span> 
     </span>
    </p>
   </div>
   <div class='ocr_carea' id='block_1_52' title="bbox 1711 2361 3273 2435">
    <p class='ocr_par' dir='ltr' id='par_1_52' title="bbox 1711 2361 3273 2435">
     <span class='ocr_line' id='line_1_52' title="bbox 1711 2361 3273 2435; baseline -0.001 -17"><span class='ocrx_word' id='word_1_356' title='bbox 1711 2363 2060 2418; x_wconf 88' lang='lat' dir='ltr'><strong>sermonibus</strong></span> <span class='ocrx_word' id='word_1_357' title='bbox 2093 2363 2344 2417; x_wconf 87' lang='lat' dir='ltr'><strong>virtutem</strong></span> <span class='ocrx_word' id='word_1_358' title='bbox 2376 2361 2571 2416; x_wconf 83' lang='lat' dir='ltr'><strong>elicere</strong></span> <span class='ocrx_word' id='word_1_359' title='bbox 2607 2377 2727 2431; x_wconf 61' lang='lat' dir='ltr'><strong>quae</strong></span> <span class='ocrx_word' id='word_1_360' title='bbox 2759 2363 3076 2417; x_wconf 76' lang='lat' dir='ltr'><strong>memoriam</strong></span> <span class='ocrx_word' id='word_1_361' title='bbox 3111 2361 3273 2435; x_wconf 59' lang='grc' dir='ltr'><strong>ιϐιδ</strong></span> 
     </span>
    </p>
   </div>
   <div class='ocr_carea' id='block_1_53' title="bbox 1715 2453 3274 2525">
    <p class='ocr_par' dir='ltr' id='par_1_53' title="bbox 1715 2453 3274 2525">
     <span class='ocr_line' id='line_1_53' title="bbox 1715 2453 3274 2525; baseline 0.001 -16"><span class='ocrx_word' id='word_1_362' title='bbox 1715 2464 1960 2511; x_wconf 83' lang='lat' dir='ltr'><strong>nostram</strong></span> <span class='ocrx_word' id='word_1_363' title='bbox 1993 2464 2340 2525; x_wconf 88' lang='lat' dir='ltr'><strong>mentemque</strong></span> <span class='ocrx_word' id='word_1_364' title='bbox 2380 2453 2642 2524; x_wconf 86' lang='lat' dir='ltr'><strong>perﬁciat.</strong></span> <span class='ocrx_word' id='word_1_365' title='bbox 2676 2457 2853 2525; x_wconf 81' lang='lat' dir='ltr'><strong>Atque</strong></span> <span class='ocrx_word' id='word_1_366' title='bbox 2897 2456 2997 2511; x_wconf 76' lang='lat' dir='ltr'><strong>hoc</strong></span> <span class='ocrx_word' id='word_1_367' title='bbox 3038 2458 3274 2512; x_wconf 79' lang='lat' dir='ltr'><strong>maxime</strong></span> 
     </span>
    </p>
   </div>
   <div class='ocr_carea' id='block_1_54' title="bbox 1711 2547 3268 2608">
    <p class='ocr_par' dir='ltr' id='par_1_54' title="bbox 1711 2547 3268 2608">
     <span class='ocr_line' id='line_1_54' title="bbox 1711 2547 3268 2608; baseline 0.003 -5"><span class='ocrx_word' id='word_1_368' title='bbox 1711 2547 2020 2604; x_wconf 64' lang='lat' dir='ltr'><strong>faciendum</strong></span> <span class='ocrx_word' id='word_1_369' title='bbox 2067 2559 2152 2605; x_wconf 88' lang='lat' dir='ltr'><strong>est</strong></span> <span class='ocrx_word' id='word_1_370' title='bbox 2181 2565 2306 2605; x_wconf 85' lang='lat' dir='ltr'><strong>cum</strong></span> <span class='ocrx_word' id='word_1_371' title='bbox 2350 2549 2634 2604; x_wconf 80' lang='lat' dir='ltr'><strong>Dominica</strong></span> <span class='ocrx_word' id='word_1_372' title='bbox 2679 2550 3000 2606; x_wconf 86' lang='lat' dir='ltr'><strong>solemnitas</strong></span> <span class='ocrx_word' id='word_1_373' title='bbox 3029 2553 3112 2608; x_wconf 88' lang='lat' dir='ltr'><strong>vel</strong></span> <span class='ocrx_word' id='word_1_374' title='bbox 3143 2569 3268 2607; x_wconf 71' lang='grc' dir='ltr'>εοιιι</span> 
     </span>
    </p>
   </div>
   <div class='ocr_carea' id='block_1_55' title="bbox 1713 2643 3275 2714">
    <p class='ocr_par' dir='ltr' id='par_1_55' title="bbox 1713 2643 3275 2714">
     <span class='ocr_line' id='line_1_55' title="bbox 1713 2643 3275 2714; baseline 0.005 -18"><span class='ocrx_word' id='word_1_375' title='bbox 1713 2653 1925 2696; x_wconf 85' lang='lat' dir='ltr'><strong>ctorum</strong></span> <span class='ocrx_word' id='word_1_376' title='bbox 1971 2652 2314 2713; x_wconf 81' lang='lat' dir='ltr'><strong>martyrum,</strong></span> <span class='ocrx_word' id='word_1_377' title='bbox 2386 2643 2471 2697; x_wconf 86' lang='lat' dir='ltr'><strong>vel</strong></span> <span class='ocrx_word' id='word_1_378' title='bbox 2517 2657 2857 2714; x_wconf 69' lang='lat' dir='ltr'><strong>quaecunque</strong></span> <span class='ocrx_word' id='word_1_379' title='bbox 2921 2645 3039 2703; x_wconf 88' lang='lat' dir='ltr'><strong>dies</strong></span> <span class='ocrx_word' id='word_1_380' title='bbox 3087 2661 3275 2704; x_wconf 84' lang='lat' dir='ltr'><strong>sancta</strong></span> 
     </span>
    </p>
   </div>
   <div class='ocr_carea' id='block_1_56' title="bbox 1712 2733 3278 2804">
    <p class='ocr_par' dir='ltr' id='par_1_56' title="bbox 1712 2733 3278 2804">
     <span class='ocr_line' id='line_1_56' title="bbox 1712 2733 3278 2804; baseline 0.003 -15"><span class='ocrx_word' id='word_1_381' title='bbox 1712 2733 1878 2789; x_wconf 79' lang='lat' dir='ltr'><strong>fuerit</strong></span> <span class='ocrx_word' id='word_1_382' title='bbox 1908 2741 1964 2789; x_wconf 86' lang='lat' dir='ltr'><strong>et</strong></span> <span class='ocrx_word' id='word_1_383' title='bbox 1993 2734 2274 2803; x_wconf 66' lang='lat' dir='ltr'><strong>praeclara.</strong></span> <span class='ocrx_word' id='word_1_384' title='bbox 2308 2733 2383 2788; x_wconf 88' lang='lat' dir='ltr'><strong>Ita</strong></span> <span class='ocrx_word' id='word_1_385' title='bbox 2413 2743 2471 2788; x_wconf 90' lang='lat' dir='ltr'><strong>ut</strong></span> <span class='ocrx_word' id='word_1_386' title='bbox 2496 2736 2811 2804; x_wconf 64' lang='lat' dir='ltr'><strong>psalmodiae</strong></span> <span class='ocrx_word' id='word_1_387' title='bbox 2836 2740 3074 2795; x_wconf 61' lang='lat' dir='ltr'><strong>studium</strong></span> <span class='ocrx_word' id='word_1_388' title='bbox 3106 2753 3160 2798; x_wconf 87' lang='lat' dir='ltr'><strong>et</strong></span> <span class='ocrx_word' id='word_1_389' title='bbox 3182 2759 3278 2798; x_wconf 76' lang='lat' dir='ltr'><strong>Cr.-</strong></span> 
     </span>
    </p>
   </div>
   <div class='ocr_carea' id='block_1_57' title="bbox 1715 2827 3278 2892">
    <p class='ocr_par' dir='ltr' id='par_1_57' title="bbox 1715 2827 3278 2892">
     <span class='ocr_line' id='line_1_57' title="bbox 1715 2827 3278 2892; baseline 0.006 -11"><span class='ocrx_word' id='word_1_390' title='bbox 1715 2841 1832 2881; x_wconf 81' lang='lat' dir='ltr'><strong>rarn</strong></span> <span class='ocrx_word' id='word_1_391' title='bbox 1861 2827 2239 2892; x_wconf 58' lang='lat' dir='ltr'><strong>adhibeamus,</strong></span> <span class='ocrx_word' id='word_1_392' title='bbox 2266 2835 2321 2882; x_wconf 90' lang='lat' dir='ltr'><strong>et</strong></span> <span class='ocrx_word' id='word_1_393' title='bbox 2342 2836 2572 2882; x_wconf 83' lang='lat' dir='ltr'><strong>mentem</strong></span> <span class='ocrx_word' id='word_1_394' title='bbox 2606 2837 2784 2884; x_wconf 70' lang='lat' dir='ltr'><strong>tamen</strong></span> <span class='ocrx_word' id='word_1_395' title='bbox 2814 2846 2921 2887; x_wconf 88' lang='lat' dir='ltr'><strong>non</strong></span> <span class='ocrx_word' id='word_1_396' title='bbox 2945 2833 3278 2892; x_wconf 85' lang='lat' dir='ltr'><strong>divertamus</strong></span> 
     </span>
    </p>
   </div>
   <div class='ocr_carea' id='block_1_58' title="bbox 1714 2918 3277 2997">
    <p class='ocr_par' dir='ltr' id='par_1_58' title="bbox 1714 2918 3277 2997">
     <span class='ocr_line' id='line_1_58' title="bbox 1714 2918 3277 2997; baseline 0.005 -23"><span class='ocrx_word' id='word_1_397' title='bbox 1714 2936 1746 2974; x_wconf 66' lang='grc' dir='ltr'><strong>ιιι</strong></span> <span class='ocrx_word' id='word_1_398' title='bbox 1773 2927 1975 2974; x_wconf 63' lang='lat' dir='ltr'><strong>vri-tute</strong></span> <span class='ocrx_word' id='word_1_399' title='bbox 2005 2929 2320 2974; x_wconf 66' lang='lat' dir='ltr'><strong>sanctorum</strong></span> <span class='ocrx_word' id='word_1_400' title='bbox 2370 2919 2682 2975; x_wconf 80' lang='lat' dir='ltr'><strong>verborum.</strong></span> <span class='ocrx_word' id='word_1_401' title='bbox 2736 2918 2810 2978; x_wconf 85' lang='lat' dir='ltr'><strong>Ut</strong></span> <span class='ocrx_word' id='word_1_402' title='bbox 2851 2922 3058 2980; x_wconf 84' lang='lat' dir='ltr'><strong>scilicet</strong></span> <span class='ocrx_word' id='word_1_403' title='bbox 3085 2942 3277 2997; x_wconf 81' lang='lat' dir='ltr'><strong>quem-</strong></span> 
     </span>
    </p>
   </div>
   <div class='ocr_carea' id='block_1_59' title="bbox 1715 3008 3279 3081">
    <p class='ocr_par' dir='ltr' id='par_1_59' title="bbox 1715 3008 3279 3081">
     <span class='ocr_line' id='line_1_59' title="bbox 1715 3008 3279 3081; baseline 0.005 -17"><span class='ocrx_word' id='word_1_404' title='bbox 1715 3010 2009 3064; x_wconf 86' lang='lat' dir='ltr'><strong>admodum</strong></span> <span class='ocrx_word' id='word_1_405' title='bbox 2043 3009 2097 3063; x_wconf 90' lang='lat' dir='ltr'><strong>in</strong></span> <span class='ocrx_word' id='word_1_406' title='bbox 2125 3009 2355 3064; x_wconf 85' lang='lat' dir='ltr'><strong>historia</strong></span> <span class='ocrx_word' id='word_1_407' title='bbox 2384 3008 2608 3064; x_wconf 87' lang='lat' dir='ltr'><strong>Patrum</strong></span> <span class='ocrx_word' id='word_1_408' title='bbox 2646 3019 3002 3081; x_wconf 89' lang='lat' dir='ltr'><strong>memoratur,</strong></span> <span class='ocrx_word' id='word_1_409' title='bbox 3036 3022 3090 3069; x_wconf 90' lang='lat' dir='ltr'><strong>et</strong></span> <span class='ocrx_word' id='word_1_410' title='bbox 3124 3029 3188 3070; x_wconf 88' lang='lat' dir='ltr'><strong>os</strong></span> <span class='ocrx_word' id='word_1_411' title='bbox 3224 3028 3279 3072; x_wconf 73' lang='lat' dir='ltr'><strong>et</strong></span> 
     </span>
    </p>
   </div>
   <div class='ocr_carea' id='block_1_60' title="bbox 1718 3100 3278 3176">
    <p class='ocr_par' dir='ltr' id='par_1_60' title="bbox 1718 3100 3278 3176">
     <span class='ocr_line' id='line_1_60' title="bbox 1718 3100 3278 3176; baseline 0.004 -20"><span class='ocrx_word' id='word_1_412' title='bbox 1718 3116 1812 3156; x_wconf 68' lang='lat' dir='ltr'><strong>eor</strong></span> <span class='ocrx_word' id='word_1_413' title='bbox 1857 3102 2062 3172; x_wconf 84' lang='lat' dir='ltr'><strong>pariter</strong></span> <span class='ocrx_word' id='word_1_414' title='bbox 2120 3102 2375 3174; x_wconf 86' lang='lat' dir='ltr'><strong>psallant.</strong></span> <span class='ocrx_word' id='word_1_415' title='bbox 2412 3100 2726 3159; x_wconf 78' lang='lat' dir='ltr'><strong>Didicimus</strong></span> <span class='ocrx_word' id='word_1_416' title='bbox 2777 3104 2939 3176; x_wconf 72' lang='lat' dir='ltr'><strong>igitur</strong></span> <span class='ocrx_word' id='word_1_417' title='bbox 2993 3121 3061 3162; x_wconf 84' lang='lat' dir='ltr'><strong>ex</strong></span> <span class='ocrx_word' id='word_1_418' title='bbox 3100 3108 3278 3175; x_wconf 88' lang='lat' dir='ltr'><strong>primo</strong></span> 
     </span>
    </p>
   </div>
   <div class='ocr_carea' id='block_1_61' title="bbox 29 3191 1610 3280">
    <p class='ocr_par' dir='ltr' id='par_1_61' title="bbox 29 3197 1610 3280">
     <span class='ocr_line' id='line_1_61' title="bbox 29 3197 1610 3280; baseline 0.008 -30"><span class='ocrx_word' id='word_1_419' title='bbox 29 3197 197 3266; x_wconf 80' lang='grc' dir='ltr'>ἁγίου</span> <span class='ocrx_word' id='word_1_420' title='bbox 230 3198 452 3270; x_wconf 80' lang='grc' dir='ltr'>Πάσχα’</span> <span class='ocrx_word' id='word_1_421' title='bbox 500 3199 696 3270; x_wconf 75' lang='grc' dir='ltr'>ἴδωμεν</span> <span class='ocrx_word' id='word_1_422' title='bbox 728 3202 889 3257; x_wconf 85' lang='grc' dir='ltr'>πάλιν</span> <span class='ocrx_word' id='word_1_423' title='bbox 935 3203 989 3257; x_wconf 92' lang='grc' dir='ltr'><strong>τί</strong></span> <span class='ocrx_word' id='word_1_424' title='bbox 1029 3205 1170 3260; x_wconf 87' lang='grc' dir='ltr'>θέλει</span> <span class='ocrx_word' id='word_1_425' title='bbox 1217 3206 1425 3273; x_wconf 79' lang='grc' dir='ltr'>διδάξαι</span> <span class='ocrx_word' id='word_1_426' title='bbox 1462 3211 1610 3280; x_wconf 76' lang='grc' dir='ltr'>ἡμᾶς</span> 
     </span>
    </p>
   </div>
   <div class='ocr_carea' id='block_1_62' title="bbox 1711 3191 3280 3280">
    <p class='ocr_par' dir='ltr' id='par_1_62' title="bbox 1716 3195 3280 3266">
     <span class='ocr_line' id='line_1_62' title="bbox 1716 3195 3280 3266; baseline 0.005 -16"><span class='ocrx_word' id='word_1_427' title='bbox 1716 3197 1928 3265; x_wconf 80' lang='lat' dir='ltr'><strong>psalmo</strong></span> <span class='ocrx_word' id='word_1_428' title='bbox 1973 3195 2218 3265; x_wconf 68' lang='lat' dir='ltr'><strong>quaedam</strong></span> <span class='ocrx_word' id='word_1_429' title='bbox 2261 3207 2360 3264; x_wconf 94' lang='lat' dir='ltr'><strong>pro</strong></span> <span class='ocrx_word' id='word_1_430' title='bbox 2406 3197 2704 3260; x_wconf 89' lang='lat' dir='ltr'><strong>capacitate</strong></span> <span class='ocrx_word' id='word_1_431' title='bbox 2751 3196 2950 3266; x_wconf 75' lang='lat' dir='ltr'><strong>ingenii</strong></span> <span class='ocrx_word' id='word_1_432' title='bbox 2996 3201 3169 3256; x_wconf 88' lang='lat' dir='ltr'><strong>nostri</strong></span> <span class='ocrx_word' id='word_1_433' title='bbox 3211 3203 3280 3258; x_wconf 90' lang='lat' dir='ltr'><strong>de</strong></span> 
     </span>
    </p>
   </div>
   <div class='ocr_carea' id='block_1_63' title="bbox 27 3289 1612 3372">
    <p class='ocr_par' dir='ltr' id='par_1_63' title="bbox 27 3289 1612 3372">
     <span class='ocr_line' id='line_1_63' title="bbox 27 3289 1612 3372; baseline 0.009 -31"><span class='ocrx_word' id='word_1_434' title='bbox 27 3289 130 3344; x_wconf 75' lang='grc' dir='ltr'>καὶ</span> <span class='ocrx_word' id='word_1_435' title='bbox 165 3292 307 3361; x_wconf 78' lang='grc' dir='ltr'>περὶ</span> <span class='ocrx_word' id='word_1_436' title='bbox 339 3289 451 3344; x_wconf 84' lang='grc' dir='ltr'><strong>τῶν</strong></span> <span class='ocrx_word' id='word_1_437' title='bbox 485 3291 656 3361; x_wconf 79' lang='grc' dir='ltr'>ἁγίων</span> <span class='ocrx_word' id='word_1_438' title='bbox 699 3294 990 3365; x_wconf 82' lang='grc' dir='ltr'>μαρτύρων</span> <span class='ocrx_word' id='word_1_439' title='bbox 1033 3297 1062 3350; x_wconf 85' lang='grc' dir='ltr'><strong>δ</strong></span> <span class='ocrx_word' id='word_1_440' title='bbox 1100 3297 1253 3366; x_wconf 83' lang='grc' dir='ltr'>ἆγιος</span> <span class='ocrx_word' id='word_1_441' title='bbox 1295 3299 1612 3372; x_wconf 84' lang='grc' dir='ltr'>Γρηγόριος.</span> 
     </span>
    </p>
   </div>
   <div class='ocr_carea' id='block_1_64' title="bbox 26 3380 1617 3464">
    <p class='ocr_par' dir='ltr' id='par_1_64' title="bbox 26 3380 1617 3464">
     <span class='ocr_line' id='line_1_64' title="bbox 26 3380 1617 3464; baseline 0.008 -30"><span class='ocrx_word' id='word_1_442' title='bbox 26 3380 204 3451; x_wconf 85' lang='grc' dir='ltr'>Λέγει</span> <span class='ocrx_word' id='word_1_443' title='bbox 235 3381 356 3454; x_wconf 80' lang='grc' dir='ltr'><strong>γὰρ</strong></span> <span class='ocrx_word' id='word_1_444' title='bbox 386 3382 480 3436; x_wconf 79' lang='grc' dir='ltr'>καὶ</span> <span class='ocrx_word' id='word_1_445' title='bbox 509 3384 539 3436; x_wconf 84' lang='grc' dir='ltr'><strong>δ</strong></span> <span class='ocrx_word' id='word_1_446' title='bbox 567 3385 647 3448; x_wconf 86' lang='grc' dir='ltr'><strong>είς</strong></span> <span class='ocrx_word' id='word_1_447' title='bbox 674 3385 870 3449; x_wconf 80' lang='grc' dir='ltr'>αὐτοὺς</span> <span class='ocrx_word' id='word_1_448' title='bbox 899 3387 1113 3457; x_wconf 73' lang='grc' dir='ltr'>ψαλμδς</span> <span class='ocrx_word' id='word_1_449' title='bbox 1151 3389 1211 3443; x_wconf 84' lang='grc' dir='ltr'>ὃν</span> <span class='ocrx_word' id='word_1_450' title='bbox 1239 3390 1466 3462; x_wconf 86' lang='grc' dir='ltr'>είπομεν</span> <span class='ocrx_word' id='word_1_451' title='bbox 1491 3393 1617 3464; x_wconf 76' lang='grc' dir='ltr'>ἄρτι</span> 
     </span>
    </p>
   </div>
   <div class='ocr_carea' id='block_1_65' title="bbox 27 3473 1618 3555">
    <p class='ocr_par' dir='ltr' id='par_1_65' title="bbox 27 3473 1618 3555">
     <span class='ocr_line' id='line_1_65' title="bbox 27 3473 1618 3555; baseline 0.008 -29"><span class='ocrx_word' id='word_1_452' title='bbox 27 3475 96 3527; x_wconf 84' lang='grc' dir='ltr'><strong>ἐκ</strong></span> <span class='ocrx_word' id='word_1_453' title='bbox 125 3473 248 3527; x_wconf 83' lang='grc' dir='ltr'><strong>τῶν</strong></span> <span class='ocrx_word' id='word_1_454' title='bbox 269 3473 456 3542; x_wconf 88' lang='grc' dir='ltr'>λόγων</span> <span class='ocrx_word' id='word_1_455' title='bbox 483 3474 671 3529; x_wconf 74' lang='grc' dir='ltr'>αὐτοῦ’</span> <span class='ocrx_word' id='word_1_456' title='bbox 711 3476 905 3548; x_wconf 86' lang='grc' dir='ltr'>Ὶερεῖα</span> <span class='ocrx_word' id='word_1_457' title='bbox 929 3477 1168 3552; x_wconf 77' lang='grc' dir='ltr'>ἔμψυχα,</span> <span class='ocrx_word' id='word_1_458' title='bbox 1196 3482 1618 3555; x_wconf 84' lang='grc' dir='ltr'>ὁλοκαυτώματα</span> 
     </span>
    </p>
   </div>
   <div class='ocr_carea' id='block_1_66' title="bbox 26 3563 1618 3647">
    <p class='ocr_par' dir='ltr' id='par_1_66' title="bbox 26 3563 1618 3647">
     <span class='ocr_line' id='line_1_66' title="bbox 26 3563 1618 3647; baseline 0.009 -31"><span class='ocrx_word' id='word_1_459' title='bbox 26 3563 259 3631; x_wconf 80' lang='grc' dir='ltr'>λογικά’</span> <span class='ocrx_word' id='word_1_460' title='bbox 285 3565 389 3618; x_wconf 76' lang='grc' dir='ltr'>καὶ</span> <span class='ocrx_word' id='word_1_461' title='bbox 401 3565 470 3618; x_wconf 76' lang='grc' dir='ltr'><strong>τὰ</strong></span> <span class='ocrx_word' id='word_1_462' title='bbox 494 3563 638 3637; x_wconf 81' lang='grc' dir='ltr'>ἐξῆς.</span> <span class='ocrx_word' id='word_1_463' title='bbox 666 3567 734 3621; x_wconf 87' lang='grc' dir='ltr'>Τί</span> <span class='ocrx_word' id='word_1_464' title='bbox 756 3569 924 3634; x_wconf 90' lang='grc' dir='ltr'>ἐστιν,</span> <span class='ocrx_word' id='word_1_465' title='bbox 950 3571 1119 3642; x_wconf 81' lang='grc' dir='ltr'>ἱερεῖα</span> <span class='ocrx_word' id='word_1_466' title='bbox 1139 3571 1386 3643; x_wconf 81' lang='grc' dir='ltr'>ἕμψυχα;</span> <span class='ocrx_word' id='word_1_467' title='bbox 1405 3575 1618 3647; x_wconf 83' lang='grc' dir='ltr'>Ἰερείόν</span> 
     </span>
    </p>
   </div>
   <div class='ocr_carea' id='block_1_67' title="bbox 26 3655 1616 3736">
    <p class='ocr_par' dir='ltr' id='par_1_67' title="bbox 26 3655 1616 3736">
     <span class='ocr_line' id='line_1_67' title="bbox 26 3655 1616 3736; baseline 0.008 -27"><span class='ocrx_word' id='word_1_468' title='bbox 26 3657 188 3710; x_wconf 88' lang='grc' dir='ltr'>ἐστιν</span> <span class='ocrx_word' id='word_1_469' title='bbox 225 3659 347 3711; x_wconf 80' lang='grc' dir='ltr'>πᾶν</span> <span class='ocrx_word' id='word_1_470' title='bbox 378 3655 438 3709; x_wconf 83' lang='grc' dir='ltr'>τὸ</span> <span class='ocrx_word' id='word_1_471' title='bbox 465 3658 512 3690; x_wconf 79' lang='grc'><strong>⁸⁸</strong></span> <span class='ocrx_word' id='word_1_472' title='bbox 542 3660 914 3732; x_wconf 83' lang='grc' dir='ltr'>ἀφιερωμένον</span> <span class='ocrx_word' id='word_1_473' title='bbox 938 3663 1018 3727; x_wconf 84' lang='grc' dir='ltr'><strong>είς</strong></span> <span class='ocrx_word' id='word_1_474' title='bbox 1043 3662 1230 3718; x_wconf 86' lang='grc' dir='ltr'>θυσίαν</span> <span class='ocrx_word' id='word_1_475' title='bbox 1253 3665 1390 3736; x_wconf 89' lang='grc' dir='ltr'><strong>Θεῷ·</strong></span> <span class='ocrx_word' id='word_1_476' title='bbox 1419 3666 1616 3722; x_wconf 84' lang='grc' dir='ltr'>ὑπόθου</span> 
     </span>
    </p>
   </div>
   <div class='ocr_carea' id='block_1_68' title="bbox 28 3747 1614 3821">
    <p class='ocr_par' dir='ltr' id='par_1_68' title="bbox 28 3747 1614 3821">
     <span class='ocr_line' id='line_1_68' title="bbox 28 3747 1614 3821; baseline 0.009 -22"><span class='ocrx_word' id='word_1_477' title='bbox 28 3747 348 3819; x_wconf 78' lang='grc' dir='ltr'>πρόϐατον,</span> <span class='ocrx_word' id='word_1_478' title='bbox 389 3747 421 3818; x_wconf 82' lang='grc' dir='ltr'><strong>ἣ</strong></span> <span class='ocrx_word' id='word_1_479' title='bbox 452 3747 598 3819; x_wconf 85' lang='grc' dir='ltr'>βοῦς,</span> <span class='ocrx_word' id='word_1_480' title='bbox 631 3751 665 3821; x_wconf 76' lang='grc' dir='ltr'><strong>ἡ</strong></span> <span class='ocrx_word' id='word_1_481' title='bbox 688 3769 741 3805; x_wconf 92' lang='grc' dir='ltr'><strong>τι</strong></span> <span class='ocrx_word' id='word_1_482' title='bbox 767 3752 874 3806; x_wconf 84' lang='grc' dir='ltr'><strong>τῶν</strong></span> <span class='ocrx_word' id='word_1_483' title='bbox 898 3753 1173 3810; x_wconf 86' lang='grc' dir='ltr'>τοιούτων.</span> <span class='ocrx_word' id='word_1_484' title='bbox 1208 3756 1304 3811; x_wconf 74' lang='grc' dir='ltr'><strong>Διὰ</strong></span> <span class='ocrx_word' id='word_1_485' title='bbox 1333 3759 1384 3810; x_wconf 89' lang='grc' dir='ltr'><strong>τί</strong></span> <span class='ocrx_word' id='word_1_486' title='bbox 1415 3754 1507 3812; x_wconf 79' lang='grc' dir='ltr'><strong>οὖν</strong></span> <span class='ocrx_word' id='word_1_487' title='bbox 1527 3759 1614 3813; x_wconf 77' lang='grc' dir='ltr'>λέ-</span> 
     </span>
    </p>
   </div>
   <div class='ocr_carea' id='block_1_69' title="bbox 25 3839 1617 3921">
    <p class='ocr_par' dir='ltr' id='par_1_69' title="bbox 25 3839 1617 3921">
     <span class='ocr_line' id='line_1_69' title="bbox 25 3839 1617 3921; baseline 0.009 -30"><span class='ocrx_word' id='word_1_488' title='bbox 25 3856 123 3908; x_wconf 89' lang='grc' dir='ltr'><strong>γει</strong></span> <span class='ocrx_word' id='word_1_489' title='bbox 171 3840 319 3910; x_wconf 76' lang='grc' dir='ltr'>περὶ</span> <span class='ocrx_word' id='word_1_490' title='bbox 357 3839 466 3893; x_wconf 84' lang='grc' dir='ltr'><strong>τῶν</strong></span> <span class='ocrx_word' id='word_1_491' title='bbox 499 3841 667 3911; x_wconf 83' lang='grc' dir='ltr'>ἁγίων</span> <span class='ocrx_word' id='word_1_492' title='bbox 694 3844 1002 3918; x_wconf 85' lang='grc' dir='ltr'>μαρτύρων,</span> <span class='ocrx_word' id='word_1_493' title='bbox 1036 3846 1207 3918; x_wconf 74' lang='grc' dir='ltr'>ἱερεῖα</span> <span class='ocrx_word' id='word_1_494' title='bbox 1235 3848 1617 3921; x_wconf 76' lang='grc' dir='ltr'>ἐμψυχα;’οτι</span> 
     </span>
    </p>
   </div>
   <div class='ocr_carea' id='block_1_70' title="bbox 25 3931 1618 4012">
    <p class='ocr_par' dir='ltr' id='par_1_70' title="bbox 25 3931 1618 4012">
     <span class='ocr_line' id='line_1_70' title="bbox 25 3931 1618 4012; baseline 0.008 -29"><span class='ocrx_word' id='word_1_495' title='bbox 25 3931 92 3984; x_wconf 84' lang='grc' dir='ltr'>τὸ</span> <span class='ocrx_word' id='word_1_496' title='bbox 152 3931 444 4000; x_wconf 80' lang='grc' dir='ltr'>πρόὸατον</span> <span class='ocrx_word' id='word_1_497' title='bbox 495 3931 558 3985; x_wconf 83' lang='grc' dir='ltr'>τὸ</span> <span class='ocrx_word' id='word_1_498' title='bbox 615 3934 695 3995; x_wconf 83' lang='grc' dir='ltr'><strong>είς</strong></span> <span class='ocrx_word' id='word_1_499' title='bbox 739 3932 928 3988; x_wconf 89' lang='grc' dir='ltr'>θυσίαν</span> <span class='ocrx_word' id='word_1_500' title='bbox 961 3939 1368 4008; x_wconf 88' lang='grc' dir='ltr'>προσαγόμενον</span> <span class='ocrx_word' id='word_1_501' title='bbox 1403 3942 1618 4012; x_wconf 85' lang='grc' dir='ltr'>πρῶτον</span> 
     </span>
    </p>
   </div>
   <div class='ocr_carea' id='block_1_71' title="bbox 25 4015 1619 4098">
    <p class='ocr_par' dir='ltr' id='par_1_71' title="bbox 25 4015 1619 4098">
     <span class='ocr_line' id='line_1_71' title="bbox 25 4015 1619 4098; baseline 0.009 -30"><span class='ocrx_word' id='word_1_502' title='bbox 25 4015 327 4084; x_wconf 77' lang='grc' dir='ltr'>σφάζεται</span> <span class='ocrx_word' id='word_1_503' title='bbox 361 4016 457 4071; x_wconf 83' lang='grc' dir='ltr'>καὶ</span> <span class='ocrx_word' id='word_1_504' title='bbox 495 4018 843 4088; x_wconf 85' lang='grc' dir='ltr'>ἀποθνήσκει·</span> <span class='ocrx_word' id='word_1_505' title='bbox 874 4017 974 4076; x_wconf 81' lang='grc' dir='ltr'>εἷθ’</span> <span class='ocrx_word' id='word_1_506' title='bbox 1006 4024 1179 4089; x_wconf 79' lang='grc' dir='ltr'>οὕτως</span> <span class='ocrx_word' id='word_1_507' title='bbox 1213 4027 1491 4098; x_wconf 78' lang='grc' dir='ltr'>μερίζεται</span> <span class='ocrx_word' id='word_1_508' title='bbox 1525 4031 1619 4084; x_wconf 74' lang='grc' dir='ltr'>καὶ</span> 
     </span>
    </p>
   </div>
   <div class='ocr_carea' id='block_1_72' title="bbox 27 4108 1619 4189">
    <p class='ocr_par' dir='ltr' id='par_1_72' title="bbox 27 4108 1619 4189">
     <span class='ocr_line' id='line_1_72' title="bbox 27 4108 1619 4189; baseline 0.008 -28"><span class='ocrx_word' id='word_1_509' title='bbox 27 4109 462 4178; x_wconf 84' lang='grc' dir='ltr'>κατατέμνεται</span> <span class='ocrx_word' id='word_1_510' title='bbox 487 4108 565 4180; x_wconf 88' lang='grc' dir='ltr'>τῷ</span> <span class='ocrx_word' id='word_1_511' title='bbox 594 4112 729 4182; x_wconf 63' lang='grc' dir='ltr'><strong>Θεῷ.</strong></span> <span class='ocrx_word' id='word_1_512' title='bbox 764 4113 825 4166; x_wconf 76' lang='lat' dir='ltr'><strong>Oi</strong></span> <span class='ocrx_word' id='word_1_513' title='bbox 849 4113 906 4167; x_wconf 86' lang='grc' dir='ltr'>δὲ</span> <span class='ocrx_word' id='word_1_514' title='bbox 939 4113 1084 4183; x_wconf 75' lang='grc' dir='ltr'>ἅγιοι</span> <span class='ocrx_word' id='word_1_515' title='bbox 1117 4133 1391 4189; x_wconf 70' lang='grc' dir='ltr'>μαρτυρες</span> <span class='ocrx_word' id='word_1_516' title='bbox 1419 4118 1619 4184; x_wconf 76' lang='grc' dir='ltr'>ζῶντες</span> 
     </span>
    </p>
   </div>
   <div class='ocr_carea' id='block_1_73' title="bbox 21 4199 1618 4279">
    <p class='ocr_par' dir='ltr' id='par_1_73' title="bbox 21 4199 1618 4279">
     <span class='ocr_line' id='line_1_73' title="bbox 21 4199 1618 4279; baseline 0.006 -26"><span class='ocrx_word' id='word_1_517' title='bbox 21 4199 455 4268; x_wconf 84' lang='grc' dir='ltr'>κατετέμνοντο</span> <span class='ocrx_word' id='word_1_518' title='bbox 495 4199 594 4262; x_wconf 79' lang='grc' dir='ltr'>τὰς</span> <span class='ocrx_word' id='word_1_519' title='bbox 636 4201 842 4272; x_wconf 87' lang='grc' dir='ltr'>σάρκας</span> <span class='ocrx_word' id='word_1_520' title='bbox 878 4202 1140 4276; x_wconf 81' lang='grc' dir='ltr'>ξεόμενοι,</span> <span class='ocrx_word' id='word_1_521' title='bbox 1180 4206 1618 4279; x_wconf 81' lang='grc' dir='ltr'>βασανιζόμενοι,</span> 
     </span>
    </p>
   </div>
   <div class='ocr_carea' id='block_1_74' title="bbox 1716 3285 3281 3362">
    <p class='ocr_par' dir='ltr' id='par_1_74' title="bbox 1716 3285 3281 3362">
     <span class='ocr_line' id='line_1_74' title="bbox 1716 3285 3281 3362; baseline 0.005 -19"><span class='ocrx_word' id='word_1_522' title='bbox 1716 3295 1909 3343; x_wconf 75' lang='lat' dir='ltr'><strong>Sancto</strong></span> <span class='ocrx_word' id='word_1_523' title='bbox 1935 3287 2216 3342; x_wconf 75' lang='lat' dir='ltr'><strong>Paschate.</strong></span> <span class='ocrx_word' id='word_1_524' title='bbox 2242 3285 2541 3344; x_wconf 77' lang='lat' dir='ltr'><strong>Videamus</strong></span> <span class='ocrx_word' id='word_1_525' title='bbox 2569 3290 2730 3346; x_wconf 88' lang='lat' dir='ltr'><strong>etiam</strong></span> <span class='ocrx_word' id='word_1_526' title='bbox 2762 3307 2904 3348; x_wconf 92' lang='lat' dir='ltr'><strong>nunc</strong></span> <span class='ocrx_word' id='word_1_527' title='bbox 2929 3292 3056 3362; x_wconf 89' lang='lat' dir='ltr'><strong>quid</strong></span> <span class='ocrx_word' id='word_1_528' title='bbox 3081 3293 3281 3352; x_wconf 87' lang='lat' dir='ltr'><strong>docere</strong></span> 
     </span>
    </p>
   </div>
   <div class='ocr_carea' id='block_1_75' title="bbox 1716 3379 3278 3454">
    <p class='ocr_par' dir='ltr' id='par_1_75' title="bbox 1716 3379 3278 3454">
     <span class='ocr_line' id='line_1_75' title="bbox 1716 3379 3278 3454; baseline 0.005 -20"><span class='ocrx_word' id='word_1_529' title='bbox 1716 3393 1819 3435; x_wconf 88' lang='lat' dir='ltr'><strong>nos</strong></span> <span class='ocrx_word' id='word_1_530' title='bbox 1848 3379 2044 3449; x_wconf 75' lang='lat' dir='ltr'><strong>gestiat</strong></span> <span class='ocrx_word' id='word_1_531' title='bbox 2069 3380 2228 3435; x_wconf 84' lang='lat' dir='ltr'><strong>divus</strong></span> <span class='ocrx_word' id='word_1_532' title='bbox 2259 3379 2556 3451; x_wconf 79' lang='lat' dir='ltr'><strong>Gregorius</strong></span> <span class='ocrx_word' id='word_1_533' title='bbox 2589 3385 2654 3437; x_wconf 86' lang='lat' dir='ltr'><strong>de</strong></span> <span class='ocrx_word' id='word_1_534' title='bbox 2686 3385 2892 3440; x_wconf 89' lang='lat' dir='ltr'><strong>sanctis</strong></span> <span class='ocrx_word' id='word_1_535' title='bbox 2917 3387 3278 3454; x_wconf 69' lang='lat' dir='ltr'><strong>martyribus;</strong></span> 
     </span>
    </p>
   </div>
   <div class='ocr_carea' id='block_1_76' title="bbox 1717 3468 3276 3540">
    <p class='ocr_par' dir='ltr' id='par_1_76' title="bbox 1717 3468 3276 3540">
     <span class='ocr_line' id='line_1_76' title="bbox 1717 3468 3276 3540; baseline 0.006 -18"><span class='ocrx_word' id='word_1_536' title='bbox 1717 3469 1795 3523; x_wconf 88' lang='lat' dir='ltr'><strong>ait</strong></span> <span class='ocrx_word' id='word_1_537' title='bbox 1819 3469 1965 3522; x_wconf 90' lang='lat' dir='ltr'><strong>enim</strong></span> <span class='ocrx_word' id='word_1_538' title='bbox 1991 3468 2059 3523; x_wconf 91' lang='lat' dir='ltr'><strong>de</strong></span> <span class='ocrx_word' id='word_1_539' title='bbox 2083 3469 2151 3523; x_wconf 90' lang='lat' dir='ltr'><strong>iis</strong></span> <span class='ocrx_word' id='word_1_540' title='bbox 2179 3469 2420 3539; x_wconf 88' lang='lat' dir='ltr'><strong>psalmus</strong></span> <span class='ocrx_word' id='word_1_541' title='bbox 2464 3487 2624 3540; x_wconf 89' lang='lat' dir='ltr'><strong>quem</strong></span> <span class='ocrx_word' id='word_1_542' title='bbox 2658 3474 2817 3528; x_wconf 72' lang='lat' dir='ltr'><strong>mode</strong></span> <span class='ocrx_word' id='word_1_543' title='bbox 2864 3477 3276 3532; x_wconf 68' lang='lat' dir='ltr'><strong>concznuimus:</strong></span> 
     </span>
    </p>
   </div>
   <div class='ocr_carea' id='block_1_77' title="bbox 1719 3552 3274 3628">
    <p class='ocr_par' dir='ltr' id='par_1_77' title="bbox 1719 3552 3274 3628">
     <span class='ocr_line' id='line_1_77' title="bbox 1719 3552 3274 3628; baseline 0.006 -12"><span class='ocrx_word' id='word_1_544' title='bbox 1719 3552 2015 3617; x_wconf 35' lang='lat' dir='ltr'><strong>Sacriﬁcia.</strong></span> <span class='ocrx_word' id='word_1_545' title='bbox 2056 3561 2324 3628; x_wconf 88' lang='lat' dir='ltr'><strong>viventia,</strong></span> <span class='ocrx_word' id='word_1_546' title='bbox 2395 3563 2834 3621; x_wconf 87' lang='lat' dir='ltr'><strong>holocautomata</strong></span> <span class='ocrx_word' id='word_1_547' title='bbox 2909 3569 3274 3626; x_wconf 87' lang='lat' dir='ltr'><strong>rationabilia.</strong></span> 
     </span>
    </p>
   </div>
   <div class='ocr_carea' id='block_1_78' title="bbox 1715 3654 3271 3726">
    <p class='ocr_par' dir='ltr' id='par_1_78' title="bbox 1715 3654 3271 3726">
     <span class='ocr_line' id='line_1_78' title="bbox 1715 3654 3271 3726; baseline 0.004 -17"><span class='ocrx_word' id='word_1_548' title='bbox 1715 3654 1856 3721; x_wconf 84' lang='lat' dir='ltr'><strong>Quid</strong></span> <span class='ocrx_word' id='word_1_549' title='bbox 1899 3661 2003 3721; x_wconf 87' lang='lat' dir='ltr'><strong>est,</strong></span> <span class='ocrx_word' id='word_1_550' title='bbox 2051 3655 2320 3710; x_wconf 86' lang='lat' dir='ltr'><strong>sacriﬁcia</strong></span> <span class='ocrx_word' id='word_1_551' title='bbox 2349 3655 2624 3712; x_wconf 85' lang='lat' dir='ltr'><strong>viventia?</strong></span> <span class='ocrx_word' id='word_1_552' title='bbox 2674 3656 3010 3714; x_wconf 88' lang='lat' dir='ltr'><strong>Sacriﬁcium</strong></span> <span class='ocrx_word' id='word_1_553' title='bbox 3052 3660 3271 3726; x_wconf 89' lang='lat' dir='ltr'><strong>dicitur,</strong></span> 
     </span>
    </p>
   </div>
   <div class='ocr_carea' id='block_1_79' title="bbox 1717 3746 3278 3821">
    <p class='ocr_par' dir='ltr' id='par_1_79' title="bbox 1717 3746 3278 3821">
     <span class='ocr_line' id='line_1_79' title="bbox 1717 3746 3278 3821; baseline 0.004 -22"><span class='ocrx_word' id='word_1_554' title='bbox 1717 3746 1982 3817; x_wconf 86' lang='lat' dir='ltr'><strong>quidquid</strong></span> <span class='ocrx_word' id='word_1_555' title='bbox 2029 3761 2244 3802; x_wconf 87' lang='lat' dir='ltr'><strong>sacrum</strong></span> <span class='ocrx_word' id='word_1_556' title='bbox 2292 3748 2403 3803; x_wconf 91' lang='lat' dir='ltr'><strong>Deo</strong></span> <span class='ocrx_word' id='word_1_557' title='bbox 2448 3748 2676 3816; x_wconf 85' lang='lat' dir='ltr'><strong>libatur;</strong></span> <span class='ocrx_word' id='word_1_558' title='bbox 2725 3749 2934 3820; x_wconf 72' lang='lat' dir='ltr'><strong>subiice</strong></span> <span class='ocrx_word' id='word_1_559' title='bbox 2976 3766 3278 3821; x_wconf 82' lang='lat' dir='ltr'><strong>vervecem,</strong></span> 
     </span>
    </p>
   </div>
   <div class='ocr_carea' id='block_1_80' title="bbox 1715 3838 3280 3911">
    <p class='ocr_par' dir='ltr' id='par_1_80' title="bbox 1715 3838 3280 3911">
     <span class='ocr_line' id='line_1_80' title="bbox 1715 3838 3280 3911; baseline 0.006 -19"><span class='ocrx_word' id='word_1_560' title='bbox 1715 3839 1800 3893; x_wconf 87' lang='lat' dir='ltr'><strong>vel</strong></span> <span class='ocrx_word' id='word_1_561' title='bbox 1828 3838 2041 3904; x_wconf 90' lang='lat' dir='ltr'><strong>bovem,</strong></span> <span class='ocrx_word' id='word_1_562' title='bbox 2085 3840 2171 3894; x_wconf 89' lang='lat' dir='ltr'><strong>vel</strong></span> <span class='ocrx_word' id='word_1_563' title='bbox 2214 3841 2360 3895; x_wconf 88' lang='lat' dir='ltr'><strong>aliud</strong></span> <span class='ocrx_word' id='word_1_564' title='bbox 2403 3841 2532 3911; x_wconf 90' lang='lat' dir='ltr'><strong>quid</strong></span> <span class='ocrx_word' id='word_1_565' title='bbox 2575 3842 2773 3897; x_wconf 86' lang='lat' dir='ltr'><strong>simile.</strong></span> <span class='ocrx_word' id='word_1_566' title='bbox 2812 3841 2952 3908; x_wconf 84' lang='lat' dir='ltr'><strong>Quid</strong></span> <span class='ocrx_word' id='word_1_567' title='bbox 2987 3854 3166 3900; x_wconf 88' lang='lat' dir='ltr'><strong>autem</strong></span> <span class='ocrx_word' id='word_1_568' title='bbox 3203 3847 3280 3901; x_wconf 87' lang='lat' dir='ltr'><strong>ait</strong></span> 
     </span>
    </p>
   </div>
   <div class='ocr_carea' id='block_1_81' title="bbox 1716 3933 3280 4005">
    <p class='ocr_par' dir='ltr' id='par_1_81' title="bbox 1716 3933 3280 4005">
     <span class='ocr_line' id='line_1_81' title="bbox 1716 3933 3280 4005; baseline 0.004 -18"><span class='ocrx_word' id='word_1_569' title='bbox 1716 3933 1785 3987; x_wconf 90' lang='lat' dir='ltr'><strong>de</strong></span> <span class='ocrx_word' id='word_1_570' title='bbox 1827 3933 2031 3989; x_wconf 87' lang='lat' dir='ltr'><strong>sanctis</strong></span> <span class='ocrx_word' id='word_1_571' title='bbox 2075 3935 2407 4005; x_wconf 83' lang='lat' dir='ltr'><strong>martyribus</strong></span> <span class='ocrx_word' id='word_1_572' title='bbox 2455 3936 2722 3990; x_wconf 89' lang='lat' dir='ltr'><strong>sacriﬁcia</strong></span> <span class='ocrx_word' id='word_1_573' title='bbox 2772 3937 3062 3992; x_wconf 87' lang='lat' dir='ltr'><strong>viventia?</strong></span> <span class='ocrx_word' id='word_1_574' title='bbox 3124 3936 3280 3997; x_wconf 77' lang='lat' dir='ltr'><strong>Aries</strong></span> 
     </span>
    </p>
   </div>
   <div class='ocr_carea' id='block_1_82' title="bbox 1717 4024 3282 4098">
    <p class='ocr_par' dir='ltr' id='par_1_82' title="bbox 1717 4024 3282 4098">
     <span class='ocr_line' id='line_1_82' title="bbox 1717 4024 3282 4098; baseline 0.004 -20"><span class='ocrx_word' id='word_1_575' title='bbox 1717 4024 1911 4081; x_wconf 83' lang='lat' dir='ltr'><strong>ductus</strong></span> <span class='ocrx_word' id='word_1_576' title='bbox 1954 4025 2024 4080; x_wconf 88' lang='lat' dir='ltr'><strong>ad</strong></span> <span class='ocrx_word' id='word_1_577' title='bbox 2063 4026 2392 4082; x_wconf 88' lang='lat' dir='ltr'><strong>sacriﬁcium</strong></span> <span class='ocrx_word' id='word_1_578' title='bbox 2430 4027 2709 4098; x_wconf 70' lang='lat' dir='ltr'><strong>jugulatur</strong></span> <span class='ocrx_word' id='word_1_579' title='bbox 2742 4029 2977 4097; x_wconf 91' lang='lat' dir='ltr'><strong>primum</strong></span> <span class='ocrx_word' id='word_1_580' title='bbox 3016 4039 3070 4084; x_wconf 88' lang='lat' dir='ltr'><strong>et</strong></span> <span class='ocrx_word' id='word_1_581' title='bbox 3111 4029 3282 4084; x_wconf 90' lang='lat' dir='ltr'><strong>inter-</strong></span> 
     </span>
    </p>
   </div>
   <div class='ocr_carea' id='block_1_83' title="bbox 1717 4113 3276 4187">
    <p class='ocr_par' dir='ltr' id='par_1_83' title="bbox 1717 4113 3276 4187">
     <span class='ocr_line' id='line_1_83' title="bbox 1717 4113 3276 4187; baseline 0.003 -19"><span class='ocrx_word' id='word_1_582' title='bbox 1717 4113 1917 4180; x_wconf 84' lang='lat' dir='ltr'><strong>ﬁcitur,</strong></span> <span class='ocrx_word' id='word_1_583' title='bbox 1972 4118 2172 4187; x_wconf 84' lang='lat' dir='ltr'><strong>postea‘</strong></span> <span class='ocrx_word' id='word_1_584' title='bbox 2219 4116 2482 4170; x_wconf 90' lang='lat' dir='ltr'><strong>dividitur</strong></span> <span class='ocrx_word' id='word_1_585' title='bbox 2534 4125 2587 4171; x_wconf 86' lang='lat' dir='ltr'><strong>et</strong></span> <span class='ocrx_word' id='word_1_586' title='bbox 2634 4117 2689 4171; x_wconf 92' lang='lat' dir='ltr'><strong>in</strong></span> <span class='ocrx_word' id='word_1_587' title='bbox 2743 4116 2913 4172; x_wconf 81' lang='lat' dir='ltr'><strong>frusta</strong></span> <span class='ocrx_word' id='word_1_588' title='bbox 2953 4118 3276 4184; x_wconf 87' lang='lat' dir='ltr'><strong>conciditur,</strong></span> 
     </span>
    </p>
   </div>
   <div class='ocr_carea' id='block_1_84' title="bbox 1718 4209 3280 4282">
    <p class='ocr_par' dir='ltr' id='par_1_84' title="bbox 1718 4209 3280 4282">
     <span class='ocr_line' id='line_1_84' title="bbox 1718 4209 3280 4282; baseline 0.004 -20"><span class='ocrx_word' id='word_1_589' title='bbox 1718 4219 1880 4279; x_wconf 88' lang='lat' dir='ltr'><strong>atque</strong></span> <span class='ocrx_word' id='word_1_590' title='bbox 1929 4209 2002 4264; x_wconf 86' lang='lat' dir='ltr'><strong>ita</strong></span> <span class='ocrx_word' id='word_1_591' title='bbox 2049 4210 2362 4264; x_wconf 85' lang='lat' dir='ltr'><strong>immolatur</strong></span> <span class='ocrx_word' id='word_1_592' title='bbox 2392 4210 2521 4264; x_wconf 88' lang='lat' dir='ltr'><strong>Deo.</strong></span> <span class='ocrx_word' id='word_1_593' title='bbox 2573 4209 2756 4266; x_wconf 89' lang='lat' dir='ltr'><strong>Sancti</strong></span> <span class='ocrx_word' id='word_1_594' title='bbox 2797 4221 2976 4268; x_wconf 88' lang='lat' dir='ltr'><strong>autem</strong></span> <span class='ocrx_word' id='word_1_595' title='bbox 3014 4221 3280 4282; x_wconf 73' lang='lat' dir='ltr'><strong>martyres</strong></span> 
     </span>
    </p>
   </div>
   <div class='ocr_carea' id='block_1_85' title="bbox 27 4287 1610 4373">
    <p class='ocr_par' dir='ltr' id='par_1_85' title="bbox 27 4287 1610 4371">
     <span class='ocr_line' id='line_1_85' title="bbox 27 4287 1610 4371; baseline 0.009 -30"><span class='ocrx_word' id='word_1_596' title='bbox 27 4287 542 4361; x_wconf 82' lang='grc' dir='ltr'>μελοκοπούμενοι.</span> <span class='ocrx_word' id='word_1_597' title='bbox 571 4291 722 4344; x_wconf 86' lang='grc' dir='ltr'>Ἐσθ’</span> <span class='ocrx_word' id='word_1_598' title='bbox 748 4292 836 4346; x_wconf 78' lang='grc' dir='ltr'>ὅτε</span> <span class='ocrx_word' id='word_1_599' title='bbox 866 4294 974 4365; x_wconf 83' lang='grc' dir='ltr'><strong>γὰρ</strong></span> <span class='ocrx_word' id='word_1_600' title='bbox 1004 4297 1098 4350; x_wconf 73' lang='grc' dir='ltr'>καὶ</span> <span class='ocrx_word' id='word_1_601' title='bbox 1117 4300 1303 4371; x_wconf 82' lang='grc' dir='ltr'>χεῖρας</span> <span class='ocrx_word' id='word_1_602' title='bbox 1323 4300 1499 4355; x_wconf 83' lang='grc' dir='ltr'>αὐτῶν</span> <span class='ocrx_word' id='word_1_603' title='bbox 1521 4303 1610 4356; x_wconf 82' lang='grc' dir='ltr'><strong>ἀπ·</strong></span> 
     </span>
    </p>
   </div>
   <div class='ocr_carea' id='block_1_86' title="bbox 1711 4287 3277 4373">
    <p class='ocr_par' dir='ltr' id='par_1_86' title="bbox 1717 4302 3277 4373">
     <span class='ocr_line' id='line_1_86' title="bbox 1717 4302 3277 4373; baseline 0.003 -19"><span class='ocrx_word' id='word_1_604' title='bbox 1717 4302 1961 4358; x_wconf 85' lang='lat' dir='ltr'><strong>viventes</strong></span> <span class='ocrx_word' id='word_1_605' title='bbox 1983 4303 2341 4357; x_wconf 87' lang='lat' dir='ltr'><strong>conciderunt</strong></span> <span class='ocrx_word' id='word_1_606' title='bbox 2377 4317 2570 4358; x_wconf 90' lang='lat' dir='ltr'><strong>carnes</strong></span> <span class='ocrx_word' id='word_1_607' title='bbox 2600 4319 2749 4368; x_wconf 87' lang='lat' dir='ltr'><strong>suas,</strong></span> <span class='ocrx_word' id='word_1_608' title='bbox 2781 4304 3063 4373; x_wconf 81' lang='lat' dir='ltr'><strong>excoriati,</strong></span> <span class='ocrx_word' id='word_1_609' title='bbox 3106 4307 3234 4362; x_wconf 88' lang='lat' dir='ltr'><strong>secti</strong></span> <span class='ocrx_word' id='word_1_610' title='bbox 3261 4345 3277 4369; x_wconf 95' lang='lat'><strong>,</strong></span> 
     </span>
    </p>
   </div>
   <div class='ocr_carea' id='block_1_87' title="bbox 19 4380 1610 4467">
    <p class='ocr_par' dir='ltr' id='par_1_87' title="bbox 19 4380 1610 4458">
     <span class='ocr_line' id='line_1_87' title="bbox 19 4380 1610 4458; baseline 0.008 -24"><span class='ocrx_word' id='word_1_611' title='bbox 19 4381 290 4435; x_wconf 84' lang='grc' dir='ltr'>έκοπτον</span> <span class='ocrx_word' id='word_1_612' title='bbox 351 4380 400 4432; x_wconf 79' lang='lat' dir='ltr'><strong>oi</strong></span> <span class='ocrx_word' id='word_1_613' title='bbox 455 4381 658 4451; x_wconf 88' lang='grc' dir='ltr'>δήμιοι,</span> <span class='ocrx_word' id='word_1_614' title='bbox 719 4384 815 4436; x_wconf 72' lang='grc' dir='ltr'>καὶ</span> <span class='ocrx_word' id='word_1_615' title='bbox 874 4385 1039 4450; x_wconf 84' lang='grc' dir='ltr'>πόδας</span> <span class='ocrx_word' id='word_1_616' title='bbox 1075 4389 1171 4441; x_wconf 74' lang='grc' dir='ltr'>καὶ</span> <span class='ocrx_word' id='word_1_617' title='bbox 1221 4389 1493 4458; x_wconf 70' lang='grc' dir='ltr'>γλώσσας,</span> <span class='ocrx_word' id='word_1_618' title='bbox 1524 4393 1610 4446; x_wconf 67' lang='grc' dir='ltr'>καῖ</span> 
     </span>
    </p>
   </div>
   <div class='ocr_carea' id='block_1_88' title="bbox 1711 4380 3282 4467">
    <p class='ocr_par' dir='ltr' id='par_1_88' title="bbox 1719 4394 3282 4467">
     <span class='ocr_line' id='line_1_88' title="bbox 1719 4394 3282 4467; baseline 0.002 -17"><span class='ocrx_word' id='word_1_619' title='bbox 1719 4395 1972 4462; x_wconf 84' lang='lat' dir='ltr'><strong>cruciati,</strong></span> <span class='ocrx_word' id='word_1_620' title='bbox 1995 4394 2182 4450; x_wconf 89' lang='lat' dir='ltr'><strong>multis</strong></span> <span class='ocrx_word' id='word_1_621' title='bbox 2212 4394 2490 4450; x_wconf 88' lang='lat' dir='ltr'><strong>laboribus</strong></span> <span class='ocrx_word' id='word_1_622' title='bbox 2515 4404 2569 4450; x_wconf 88' lang='lat' dir='ltr'><strong>et</strong></span> <span class='ocrx_word' id='word_1_623' title='bbox 2594 4397 2879 4454; x_wconf 86' lang='lat' dir='ltr'><strong>tormentis</strong></span> <span class='ocrx_word' id='word_1_624' title='bbox 2906 4398 3107 4455; x_wconf 79' lang='lat' dir='ltr'><strong>amicti.</strong></span> <span class='ocrx_word' id='word_1_625' title='bbox 3134 4399 3282 4467; x_wconf 85' lang='lat' dir='ltr'><strong>Quo-</strong></span> 
     </span>
    </p>
   </div>
   <div class='ocr_carea' id='block_1_89' title="bbox 17 4469 1610 4580">
    <p class='ocr_par' dir='ltr' id='par_1_89' title="bbox 17 4469 1610 4577">
     <span class='ocr_line' id='line_1_89' title="bbox 17 4469 1610 4577; baseline 0.008 -53"><span class='ocrx_word' id='word_1_626' title='bbox 17 4470 389 4577; x_wconf 54' lang='grc' dir='ltr'>ὀιρθαλμοὺς.</span> <span class='ocrx_word' id='word_1_627' title='bbox 405 4469 727 4543; x_wconf 78' lang='grc' dir='ltr'>ἐξώρυττον,</span> <span class='ocrx_word' id='word_1_628' title='bbox 769 4475 862 4528; x_wconf 77' lang='grc' dir='ltr'>καὶ</span> <span class='ocrx_word' id='word_1_629' title='bbox 903 4477 996 4530; x_wconf 74' lang='grc' dir='ltr'>ἐπὶ</span> <span class='ocrx_word' id='word_1_630' title='bbox 1029 4477 1089 4531; x_wconf 80' lang='grc' dir='ltr'>τὸ</span> <span class='ocrx_word' id='word_1_631' title='bbox 1117 4481 1322 4534; x_wconf 88' lang='grc' dir='ltr'>τούτων</span> <span class='ocrx_word' id='word_1_632' title='bbox 1346 4480 1495 4545; x_wconf 77' lang='grc' dir='ltr'>ἔξεον</span> <span class='ocrx_word' id='word_1_633' title='bbox 1520 4485 1610 4548; x_wconf 82' lang='grc' dir='ltr'>τὰς</span> 
     </span>
    </p>
   </div>
   <div class='ocr_carea' id='block_1_90' title="bbox 1711 4469 3275 4580">
    <p class='ocr_par' dir='ltr' id='par_1_90' title="bbox 1723 4486 3275 4562">
     <span class='ocr_line' id='line_1_90' title="bbox 1723 4486 3275 4562; baseline 0.004 -22"><span class='ocrx_word' id='word_1_634' title='bbox 1723 4501 1846 4541; x_wconf 91' lang='lat' dir='ltr'><strong>rum</strong></span> <span class='ocrx_word' id='word_1_635' title='bbox 1873 4486 1994 4541; x_wconf 89' lang='lat' dir='ltr'><strong>aliis</strong></span> <span class='ocrx_word' id='word_1_636' title='bbox 2014 4496 2244 4542; x_wconf 83' lang='lat' dir='ltr'><strong>tortores</strong></span> <span class='ocrx_word' id='word_1_637' title='bbox 2267 4501 2462 4541; x_wconf 89' lang='lat' dir='ltr'><strong>manus</strong></span> <span class='ocrx_word' id='word_1_638' title='bbox 2490 4488 2859 4553; x_wconf 83' lang='lat' dir='ltr'><strong>absciderunt,</strong></span> <span class='ocrx_word' id='word_1_639' title='bbox 2890 4491 3011 4547; x_wconf 80' lang='lat' dir='ltr'><strong>aliis</strong></span> <span class='ocrx_word' id='word_1_640' title='bbox 3039 4491 3275 4562; x_wconf 79' lang='lat' dir='ltr'><strong>linguam</strong></span> 
     </span>
    </p>
   </div>
   <div class='ocr_carea' id='block_1_91' title="bbox 17 4560 1610 4648">
    <p class='ocr_par' dir='ltr' id='par_1_91' title="bbox 17 4560 1610 4645">
     <span class='ocr_line' id='line_1_91' title="bbox 17 4560 1610 4645; baseline 0.007 -27"><span class='ocrx_word' id='word_1_641' title='bbox 17 4561 325 4636; x_wconf 77' lang='grc' dir='ltr'>πλευρὰς,</span> <span class='ocrx_word' id='word_1_642' title='bbox 355 4560 496 4614; x_wconf 83' lang='grc' dir='ltr'>ὥστε</span> <span class='ocrx_word' id='word_1_643' title='bbox 528 4563 620 4616; x_wconf 83' lang='grc' dir='ltr'>καὶ</span> <span class='ocrx_word' id='word_1_644' title='bbox 646 4564 815 4637; x_wconf 83' lang='grc' dir='ltr'>αὐτὴν</span> <span class='ocrx_word' id='word_1_645' title='bbox 841 4565 1126 4637; x_wconf 84' lang='grc' dir='ltr'>φαίνεσθαι</span> <span class='ocrx_word' id='word_1_646' title='bbox 1151 4571 1248 4642; x_wconf 81' lang='grc' dir='ltr'>τὴν</span> <span class='ocrx_word' id='word_1_647' title='bbox 1277 4573 1610 4645; x_wconf 73' lang='grc' dir='ltr'>κατασκευὴν</span> 
     </span>
    </p>
   </div>
   <div class='ocr_carea' id='block_1_92' title="bbox 1711 4560 3277 4648">
    <p class='ocr_par' dir='ltr' id='par_1_92' title="bbox 1728 4560 3277 4648">
     <span class='ocr_line' id='line_1_92' title="bbox 1728 4560 3277 4648; baseline 0.004 -16"><span class='ocrx_word' id='word_1_648' title='bbox 1728 4585 2102 4643; x_wconf 80' lang='lat' dir='ltr'><strong>extraxerunt,</strong></span> <span class='ocrx_word' id='word_1_649' title='bbox 2153 4577 2276 4633; x_wconf 86' lang='lat' dir='ltr'><strong>aliis</strong></span> <span class='ocrx_word' id='word_1_650' title='bbox 2323 4577 2509 4632; x_wconf 86' lang='lat' dir='ltr'><strong>oculos</strong></span> <span class='ocrx_word' id='word_1_651' title='bbox 2547 4577 2889 4648; x_wconf 75' lang='lat' dir='ltr'><strong>eﬂoderunt,</strong></span> <span class='ocrx_word' id='word_1_652' title='bbox 2941 4582 3062 4640; x_wconf 88' lang='lat' dir='ltr'><strong>aliis</strong></span> <span class='ocrx_word' id='word_1_653' title='bbox 3109 4560 3277 4638; x_wconf 72' lang='lat' dir='ltr'><strong>latera</strong></span> 
     </span>
    </p>
   </div>
   <div class='ocr_carea' id='block_1_93' title="bbox 16 4654 1610 4737">
    <p class='ocr_par' dir='ltr' id='par_1_93' title="bbox 16 4654 1610 4727">
     <span class='ocr_line' id='line_1_93' title="bbox 16 4654 1610 4727; baseline 0.006 -16"><span class='ocrx_word' id='word_1_654' title='bbox 16 4658 131 4712; x_wconf 76' lang='grc' dir='ltr'>καὶ</span> <span class='ocrx_word' id='word_1_655' title='bbox 164 4654 282 4727; x_wconf 81' lang='grc' dir='ltr'>τὴν</span> <span class='ocrx_word' id='word_1_656' title='bbox 317 4655 585 4726; x_wconf 81' lang='grc' dir='ltr'>ἁρμονίαν</span> <span class='ocrx_word' id='word_1_657' title='bbox 627 4656 739 4710; x_wconf 85' lang='grc' dir='ltr'><strong>τῶν</strong></span> <span class='ocrx_word' id='word_1_658' title='bbox 785 4659 1070 4714; x_wconf 85' lang='grc' dir='ltr'>ἐντοσθίων</span> <span class='ocrx_word' id='word_1_659' title='bbox 1103 4663 1302 4716; x_wconf 84' lang='grc' dir='ltr'>αὐτῶν.</span> <span class='ocrx_word' id='word_1_660' title='bbox 1349 4665 1533 4720; x_wconf 83' lang='grc' dir='ltr'>Ταῦτα</span> <span class='ocrx_word' id='word_1_661' title='bbox 1561 4667 1610 4720; x_wconf 74' lang='grc' dir='ltr'>δὲ</span> 
     </span>
    </p>
   </div>
   <div class='ocr_carea' id='block_1_94' title="bbox 1711 4654 3279 4737">
    <p class='ocr_par' dir='ltr' id='par_1_94' title="bbox 1723 4671 3279 4737">
     <span class='ocr_line' id='line_1_94' title="bbox 1723 4671 3279 4737; baseline 0.003 -12"><span class='ocrx_word' id='word_1_662' title='bbox 1723 4671 2055 4737; x_wconf 85' lang='lat' dir='ltr'><strong>disauerunt,</strong></span> <span class='ocrx_word' id='word_1_663' title='bbox 2093 4672 2168 4726; x_wconf 91' lang='lat' dir='ltr'><strong>ita</strong></span> <span class='ocrx_word' id='word_1_664' title='bbox 2209 4671 2529 4726; x_wconf 87' lang='lat' dir='ltr'><strong>utordincm</strong></span> <span class='ocrx_word' id='word_1_665' title='bbox 2561 4681 2615 4727; x_wconf 88' lang='lat' dir='ltr'><strong>et</strong></span> <span class='ocrx_word' id='word_1_666' title='bbox 2635 4672 2973 4729; x_wconf 88' lang='lat' dir='ltr'><strong>harmoniam</strong></span> <span class='ocrx_word' id='word_1_667' title='bbox 2994 4676 3279 4731; x_wconf 82' lang='lat' dir='ltr'><strong>intestino-</strong></span> 
     </span>
    </p>
   </div>
   <div class='ocr_carea' id='block_1_95' title="bbox 13 4740 1610 4834">
    <p class='ocr_par' dir='ltr' id='par_1_95' title="bbox 13 4740 1610 4829">
     <span class='ocr_line' id='line_1_95' title="bbox 13 4740 1610 4829; baseline 0.006 -27"><span class='ocrx_word' id='word_1_668' title='bbox 13 4749 252 4811; x_wconf 84' lang='grc' dir='ltr'>πάντα,</span> <span class='ocrx_word' id='word_1_669' title='bbox 287 4746 366 4806; x_wconf 81' lang='grc' dir='ltr'>ὡς</span> <span class='ocrx_word' id='word_1_670' title='bbox 392 4740 564 4811; x_wconf 73' lang='grc' dir='ltr'>εἷπον,</span> <span class='ocrx_word' id='word_1_671' title='bbox 597 4745 795 4810; x_wconf 79' lang='grc' dir='ltr'>ζῶντες</span> <span class='ocrx_word' id='word_1_672' title='bbox 815 4750 1084 4822; x_wconf 81' lang='grc' dir='ltr'>ὑπέμενον</span> <span class='ocrx_word' id='word_1_673' title='bbox 1109 4755 1157 4806; x_wconf 93' lang='grc' dir='ltr'><strong>οί</strong></span> <span class='ocrx_word' id='word_1_674' title='bbox 1183 4755 1326 4823; x_wconf 80' lang='grc' dir='ltr'>ἅγιοι</span> <span class='ocrx_word' id='word_1_675' title='bbox 1355 4756 1436 4810; x_wconf 75' lang='grc' dir='ltr'>ἔτι</span> <span class='ocrx_word' id='word_1_676' title='bbox 1466 4757 1610 4829; x_wconf 80' lang='grc' dir='ltr'>ἔχον-</span> 
     </span>
    </p>
   </div>
   <div class='ocr_carea' id='block_1_96' title="bbox 1711 4740 3278 4834">
    <p class='ocr_par' dir='ltr' id='par_1_96' title="bbox 1725 4763 3278 4834">
     <span class='ocr_line' id='line_1_96' title="bbox 1725 4763 3278 4834; baseline 0.005 -15"><span class='ocrx_word' id='word_1_677' title='bbox 1725 4779 1848 4819; x_wconf 91' lang='lat' dir='ltr'><strong>rum</strong></span> <span class='ocrx_word' id='word_1_678' title='bbox 1874 4779 2093 4820; x_wconf 88' lang='lat' dir='ltr'><strong>suorum</strong></span> <span class='ocrx_word' id='word_1_679' title='bbox 2116 4771 2336 4834; x_wconf 88' lang='lat' dir='ltr'><strong>possent</strong></span> <span class='ocrx_word' id='word_1_680' title='bbox 2362 4779 2603 4820; x_wconf 87' lang='lat' dir='ltr'><strong>cernere.</strong></span> <span class='ocrx_word' id='word_1_681' title='bbox 2622 4763 2753 4830; x_wconf 56' lang='lat' dir='ltr'><strong>Quae</strong></span> <span class='ocrx_word' id='word_1_682' title='bbox 2768 4767 2950 4822; x_wconf 85' lang='lat' dir='ltr'><strong>omnia</strong></span> <span class='ocrx_word' id='word_1_683' title='bbox 2965 4776 3018 4823; x_wconf 90' lang='lat' dir='ltr'><strong>et</strong></span> <span class='ocrx_word' id='word_1_684' title='bbox 3038 4768 3278 4826; x_wconf 86' lang='lat' dir='ltr'><strong>viventes</strong></span> 
     </span>
    </p>
   </div>
   <div class='ocr_carea' id='block_1_97' title="bbox 13 4836 1610 4930">
    <p class='ocr_par' dir='ltr' id='par_1_97' title="bbox 13 4836 1610 4919">
     <span class='ocr_line' id='line_1_97' title="bbox 13 4836 1610 4919; baseline 0.009 -30"><span class='ocrx_word' id='word_1_685' title='bbox 13 4857 121 4902; x_wconf 79' lang='grc' dir='ltr'><strong>τες</strong></span> <span class='ocrx_word' id='word_1_686' title='bbox 158 4838 280 4901; x_wconf 81' lang='grc' dir='ltr'><strong>τὰς</strong></span> <span class='ocrx_word' id='word_1_687' title='bbox 307 4836 515 4890; x_wconf 82' lang='grc' dir='ltr'>ἐαυτών</span> <span class='ocrx_word' id='word_1_688' title='bbox 539 4837 736 4908; x_wconf 78' lang='grc' dir='ltr'>ψυχὰς,</span> <span class='ocrx_word' id='word_1_689' title='bbox 753 4841 848 4894; x_wconf 72' lang='grc' dir='ltr'>καὶ</span> <span class='ocrx_word' id='word_1_690' title='bbox 875 4841 963 4896; x_wconf 75' lang='grc' dir='ltr'><strong>διὰ</strong></span> <span class='ocrx_word' id='word_1_691' title='bbox 987 4842 1144 4898; x_wconf 82' lang='grc' dir='ltr'>τοῦτο</span> <span class='ocrx_word' id='word_1_692' title='bbox 1166 4844 1412 4913; x_wconf 73' lang='grc' dir='ltr'>λέγονται</span> <span class='ocrx_word' id='word_1_693' title='bbox 1443 4849 1610 4919; x_wconf 75' lang='grc' dir='ltr'>ἱερεῖα</span> 
     </span>
    </p>
   </div>
   <div class='ocr_carea' id='block_1_98' title="bbox 1711 4836 3274 4930">
    <p class='ocr_par' dir='ltr' id='par_1_98' title="bbox 1722 4856 3274 4930">
     <span class='ocr_line' id='line_1_98' title="bbox 1722 4856 3274 4930; baseline 0.002 -17"><span class='ocrx_word' id='word_1_694' title='bbox 1722 4867 1776 4914; x_wconf 87' lang='lat' dir='ltr'><strong>et</strong></span> <span class='ocrx_word' id='word_1_695' title='bbox 1801 4857 2064 4912; x_wconf 86' lang='lat' dir='ltr'><strong>habentes</strong></span> <span class='ocrx_word' id='word_1_696' title='bbox 2093 4857 2272 4912; x_wconf 87' lang='lat' dir='ltr'><strong>adhuc</strong></span> <span class='ocrx_word' id='word_1_697' title='bbox 2301 4856 2360 4910; x_wconf 87' lang='lat' dir='ltr'><strong>in</strong></span> <span class='ocrx_word' id='word_1_698' title='bbox 2390 4857 2713 4927; x_wconf 89' lang='lat' dir='ltr'><strong>corporibus</strong></span> <span class='ocrx_word' id='word_1_699' title='bbox 2744 4858 2954 4914; x_wconf 88' lang='lat' dir='ltr'><strong>animas</strong></span> <span class='ocrx_word' id='word_1_700' title='bbox 2994 4860 3274 4930; x_wconf 83' lang='lat' dir='ltr'><strong>patieban-</strong></span> 
     </span>
    </p>
   </div>
   <div class='ocr_carea' id='block_1_99' title="bbox 13 4927 1610 5022">
    <p class='ocr_par' dir='ltr' id='par_1_99' title="bbox 13 4927 1610 5013">
     <span class='ocr_line' id='line_1_99' title="bbox 13 4927 1610 5013; baseline 0.011 -34"><span class='ocrx_word' id='word_1_701' title='bbox 13 4931 303 5003; x_wconf 61' lang='grc' dir='ltr'>ἔμψυχα,</span> <span class='ocrx_word' id='word_1_702' title='bbox 331 4927 754 5002; x_wconf 82' lang='grc' dir='ltr'>ὁλοκαυτώματα</span> <span class='ocrx_word' id='word_1_703' title='bbox 784 4931 842 4986; x_wconf 86' lang='grc' dir='ltr'>δὲ</span> <span class='ocrx_word' id='word_1_704' title='bbox 865 4931 1075 5003; x_wconf 82' lang='grc' dir='ltr'>λογικά.</span> <span class='ocrx_word' id='word_1_705' title='bbox 1114 4936 1213 4990; x_wconf 78' lang='grc' dir='ltr'>Διὰ</span> <span class='ocrx_word' id='word_1_706' title='bbox 1254 4937 1342 5006; x_wconf 82' lang='grc' dir='ltr'>τί;</span> <span class='ocrx_word' id='word_1_707' title='bbox 1400 4941 1610 5013; x_wconf 78' lang='grc' dir='ltr'>Ἐπειδὴ</span> 
     </span>
    </p>
   </div>
   <div class='ocr_carea' id='block_1_100' title="bbox 1711 4927 3271 5022">
    <p class='ocr_par' dir='ltr' id='par_1_100' title="bbox 1727 4927 3271 5022">
     <span class='ocr_line' id='line_1_100' title="bbox 1727 4927 3271 5022; baseline 0.003 -17"><span class='ocrx_word' id='word_1_708' title='bbox 1727 4959 1835 5005; x_wconf 91' lang='lat' dir='ltr'><strong>tur.</strong></span> <span class='ocrx_word' id='word_1_709' title='bbox 1865 4947 2048 5016; x_wconf 86' lang='lat' dir='ltr'><strong>Quare</strong></span> <span class='ocrx_word' id='word_1_710' title='bbox 2072 4949 2273 5019; x_wconf 89' lang='lat' dir='ltr'><strong>optime</strong></span> <span class='ocrx_word' id='word_1_711' title='bbox 2303 4948 2570 5004; x_wconf 76' lang='lat' dir='ltr'><strong>sacriﬁcia</strong></span> <span class='ocrx_word' id='word_1_712' title='bbox 2589 4949 2820 5005; x_wconf 81' lang='lat' dir='ltr'><strong>viventia</strong></span> <span class='ocrx_word' id='word_1_713' title='bbox 2847 4927 3098 5022; x_wconf 81' lang='lat' dir='ltr'><strong>appellati</strong></span> <span class='ocrx_word' id='word_1_714' title='bbox 3125 4965 3271 5010; x_wconf 86' lang='lat' dir='ltr'><strong>sunt.</strong></span> 
     </span>
    </p>
   </div>
   <div class='ocr_carea' id='block_1_101' title="bbox 13 5020 1610 5113">
    <p class='ocr_par' dir='ltr' id='par_1_101' title="bbox 13 5020 1610 5100">
     <span class='ocr_line' id='line_1_101' title="bbox 13 5020 1610 5100; baseline 0.004 -20"><span class='ocrx_word' id='word_1_715' title='bbox 13 5024 166 5080; x_wconf 74' lang='grc' dir='ltr'>ἄλλο</span> <span class='ocrx_word' id='word_1_716' title='bbox 189 5021 327 5076; x_wconf 78' lang='grc' dir='ltr'>ἐστὶ</span> <span class='ocrx_word' id='word_1_717' title='bbox 350 5020 528 5076; x_wconf 88' lang='grc' dir='ltr'>θυσία.</span> <span class='ocrx_word' id='word_1_718' title='bbox 559 5021 744 5076; x_wconf 80' lang='grc' dir='ltr'>Ἔστιν</span> <span class='ocrx_word' id='word_1_719' title='bbox 769 5024 858 5077; x_wconf 83' lang='grc' dir='ltr'>ὅτε</span> <span class='ocrx_word' id='word_1_720' title='bbox 885 5024 947 5078; x_wconf 85' lang='grc' dir='ltr'>οὐ</span> <span class='ocrx_word' id='word_1_721' title='bbox 977 5028 1377 5100; x_wconf 72' lang='grc' dir='ltr'>προσφέρουσιν</span> <span class='ocrx_word' id='word_1_722' title='bbox 1408 5032 1524 5086; x_wconf 70' lang='grc' dir='ltr'>ὅλον</span> <span class='ocrx_word' id='word_1_723' title='bbox 1557 5033 1610 5087; x_wconf 73' lang='grc' dir='ltr'>τὸ</span> 
     </span>
    </p>
   </div>
   <div class='ocr_carea' id='block_1_102' title="bbox 1711 5020 3276 5113">
    <p class='ocr_par' dir='ltr' id='par_1_102' title="bbox 1719 5020 3276 5113">
     <span class='ocr_line' id='line_1_102' title="bbox 1719 5020 3276 5113; baseline 0.003 -17"><span class='ocrx_word' id='word_1_724' title='bbox 1719 5041 2168 5098; x_wconf 84' lang='lat' dir='ltr'><strong>Holocautomata</strong></span> <span class='ocrx_word' id='word_1_725' title='bbox 2208 5055 2338 5096; x_wconf 86' lang='lat' dir='ltr'><strong>vero</strong></span> <span class='ocrx_word' id='word_1_726' title='bbox 2376 5042 2719 5098; x_wconf 90' lang='lat' dir='ltr'><strong>rationabilia</strong></span> <span class='ocrx_word' id='word_1_727' title='bbox 2749 5020 3086 5113; x_wconf 41' lang='lat' dir='ltr'><strong>quare—dicta</strong></span> <span class='ocrx_word' id='word_1_728' title='bbox 3112 5047 3276 5101; x_wconf 74' lang='lat' dir='ltr'><strong>sunt?</strong></span> 
     </span>
    </p>
   </div>
   <div class='ocr_carea' id='block_1_103' title="bbox 13 5121 1610 5205">
    <p class='ocr_par' dir='ltr' id='par_1_103' title="bbox 13 5121 1610 5201">
     <span class='ocr_line' id='line_1_103' title="bbox 13 5121 1610 5201; baseline -0.008 -14"><span class='ocrx_word' id='word_1_729' title='bbox 13 5126 356 5201; x_wconf 74' lang='grc' dir='ltr'>πρόϐατον,</span> <span class='ocrx_word' id='word_1_730' title='bbox 375 5121 510 5176; x_wconf 80' lang='grc' dir='ltr'>ἀλλὰ</span> <span class='ocrx_word' id='word_1_731' title='bbox 531 5123 690 5194; x_wconf 88' lang='grc' dir='ltr'>μόνον</span> <span class='ocrx_word' id='word_1_732' title='bbox 713 5125 812 5195; x_wconf 82' lang='grc' dir='ltr'><strong>τὴν</strong></span> <span class='ocrx_word' id='word_1_733' title='bbox 839 5126 1092 5199; x_wconf 78' lang='grc' dir='ltr'>ἀπαρχὴν</span> <span class='ocrx_word' id='word_1_734' title='bbox 1111 5129 1297 5188; x_wconf 79' lang='grc' dir='ltr'>αὑτοῦ.</span> <span class='ocrx_word' id='word_1_735' title='bbox 1335 5131 1514 5197; x_wconf 51' lang='lat' dir='ltr'><strong>mihi);</strong></span> <span class='ocrx_word' id='word_1_736' title='bbox 1541 5133 1610 5187; x_wconf 78' lang='grc' dir='ltr'>λέ.</span> 
     </span>
    </p>
   </div>
   <div class='ocr_carea' id='block_1_104' title="bbox 1711 5121 3274 5205">
    <p class='ocr_par' dir='ltr' id='par_1_104' title="bbox 1719 5133 3274 5205">
     <span class='ocr_line' id='line_1_104' title="bbox 1719 5133 3274 5205; baseline 0.003 -14"><span class='ocrx_word' id='word_1_737' title='bbox 1719 5134 1983 5191; x_wconf 79' lang='lat' dir='ltr'><strong>Sacriﬁcii</strong></span> <span class='ocrx_word' id='word_1_738' title='bbox 2017 5148 2185 5205; x_wconf 81' lang='lat' dir='ltr'><strong>genus</strong></span> <span class='ocrx_word' id='word_1_739' title='bbox 2212 5133 2359 5188; x_wconf 89' lang='lat' dir='ltr'><strong>aliud</strong></span> <span class='ocrx_word' id='word_1_740' title='bbox 2389 5141 2491 5202; x_wconf 84' lang='lat' dir='ltr'><strong>est,</strong></span> <span class='ocrx_word' id='word_1_741' title='bbox 2522 5135 2665 5205; x_wconf 92' lang='lat' dir='ltr'><strong>quod</strong></span> <span class='ocrx_word' id='word_1_742' title='bbox 2688 5149 2902 5204; x_wconf 86' lang='lat' dir='ltr'><strong>vocant,</strong></span> <span class='ocrx_word' id='word_1_743' title='bbox 2925 5153 3046 5192; x_wconf 92' lang='lat' dir='ltr'><strong>cum</strong></span> <span class='ocrx_word' id='word_1_744' title='bbox 3068 5137 3274 5195; x_wconf 87' lang='lat' dir='ltr'><strong>scilicet</strong></span> 
     </span>
    </p>
   </div>
   <div class='ocr_carea' id='block_1_105' title="bbox 13 5224 1610 5302">
    <p class='ocr_par' dir='ltr' id='par_1_105' title="bbox 13 5224 1610 5302">
     <span class='ocr_line' id='line_1_105' title="bbox 13 5224 1610 5302; baseline 0.003 -18"><span class='ocrx_word' id='word_1_745' title='bbox 13 5249 109 5302; x_wconf 86' lang='grc' dir='ltr'><strong>γει</strong></span> <span class='ocrx_word' id='word_1_746' title='bbox 145 5229 216 5282; x_wconf 88' lang='grc' dir='ltr'><strong>ἐν</strong></span> <span class='ocrx_word' id='word_1_747' title='bbox 241 5224 331 5295; x_wconf 82' lang='grc' dir='ltr'><strong>τῷ</strong></span> <span class='ocrx_word' id='word_1_748' title='bbox 359 5224 528 5296; x_wconf 73' lang='grc' dir='ltr'>νόμῳο</span> <span class='ocrx_word' id='word_1_749' title='bbox 564 5226 674 5280; x_wconf 82' lang='grc' dir='ltr'><strong>Τὸν</strong></span> <span class='ocrx_word' id='word_1_750' title='bbox 694 5227 992 5299; x_wconf 79' lang='grc' dir='ltr'>βραχίονα</span> <span class='ocrx_word' id='word_1_751' title='bbox 1015 5232 1122 5286; x_wconf 82' lang='grc' dir='ltr'><strong>τὸν</strong></span> <span class='ocrx_word' id='word_1_752' title='bbox 1152 5232 1369 5299; x_wconf 77' lang='grc' dir='ltr'>δεξιὸν,</span> <span class='ocrx_word' id='word_1_753' title='bbox 1394 5234 1490 5288; x_wconf 67' lang='grc' dir='ltr'>καὶ</span> <span class='ocrx_word' id='word_1_754' title='bbox 1515 5235 1610 5289; x_wconf 72' lang='grc' dir='ltr'>τὸν</span> 
     </span>
    </p>
   </div>
   <div class='ocr_carea' id='block_1_106' title="bbox 1711 5224 3274 5302">
    <p class='ocr_par' dir='ltr' id='par_1_106' title="bbox 1719 5225 3274 5300">
     <span class='ocr_line' id='line_1_106' title="bbox 1719 5225 3274 5300; baseline 0.001 -16"><span class='ocrx_word' id='word_1_755' title='bbox 1719 5237 1889 5284; x_wconf 88' lang='lat' dir='ltr'><strong>totum</strong></span> <span class='ocrx_word' id='word_1_756' title='bbox 1931 5227 2155 5284; x_wconf 89' lang='lat' dir='ltr'><strong>arietem</strong></span> <span class='ocrx_word' id='word_1_757' title='bbox 2187 5241 2296 5280; x_wconf 91' lang='lat' dir='ltr'><strong>non</strong></span> <span class='ocrx_word' id='word_1_758' title='bbox 2333 5225 2590 5291; x_wconf 71' lang='lat' dir='ltr'><strong>offerunt,</strong></span> <span class='ocrx_word' id='word_1_759' title='bbox 2620 5227 2717 5282; x_wconf 89' lang='lat' dir='ltr'><strong>sed</strong></span> <span class='ocrx_word' id='word_1_760' title='bbox 2755 5230 3022 5298; x_wconf 88' lang='lat' dir='ltr'><strong>primitias</strong></span> <span class='ocrx_word' id='word_1_761' title='bbox 3054 5230 3274 5300; x_wconf 85' lang='lat' dir='ltr'><strong>ejus,ut</strong></span> 
     </span>
    </p>
   </div>
   <div class='ocr_carea' id='block_1_107' title="bbox 13 5316 1610 5394">
    <p class='ocr_par' dir='ltr' id='par_1_107' title="bbox 13 5316 1610 5394">
     <span class='ocr_line' id='line_1_107' title="bbox 13 5316 1610 5394; baseline 0.005 -21"><span class='ocrx_word' id='word_1_762' title='bbox 13 5319 234 5378; x_wconf 73' lang='grc' dir='ltr'><em>λοϐὸν</em></span> <span class='ocrx_word' id='word_1_763' title='bbox 261 5316 372 5372; x_wconf 81' lang='grc' dir='ltr'><strong>τοῦ</strong></span> <span class='ocrx_word' id='word_1_764' title='bbox 400 5317 647 5386; x_wconf 83' lang='grc' dir='ltr'>ἥπατος,</span> <span class='ocrx_word' id='word_1_765' title='bbox 693 5320 791 5373; x_wconf 79' lang='grc' dir='ltr'>καὶ</span> <span class='ocrx_word' id='word_1_766' title='bbox 830 5320 972 5388; x_wconf 82' lang='grc' dir='ltr'>τοὺς</span> <span class='ocrx_word' id='word_1_767' title='bbox 992 5321 1100 5378; x_wconf 86' lang='grc' dir='ltr'><strong>δύο</strong></span> <span class='ocrx_word' id='word_1_768' title='bbox 1127 5325 1400 5394; x_wconf 72' lang='grc' dir='ltr'>νεφροὺς,</span> <span class='ocrx_word' id='word_1_769' title='bbox 1426 5327 1520 5381; x_wconf 76' lang='grc' dir='ltr'>καὶ</span> <span class='ocrx_word' id='word_1_770' title='bbox 1546 5326 1610 5380; x_wconf 81' lang='grc' dir='ltr'>τὰ</span> 
     </span>
    </p>
   </div>
   <div class='ocr_carea' id='block_1_108' title="bbox 1711 5316 3275 5394">
    <p class='ocr_par' dir='ltr' id='par_1_108' title="bbox 1718 5321 3275 5393">
     <span class='ocr_line' id='line_1_108' title="bbox 1718 5321 3275 5393; baseline 0.001 -15"><span class='ocrx_word' id='word_1_771' title='bbox 1718 5323 1913 5378; x_wconf 88' lang='lat' dir='ltr'><strong>dicitur</strong></span> <span class='ocrx_word' id='word_1_772' title='bbox 1941 5323 1998 5377; x_wconf 86' lang='lat' dir='ltr'><strong>in</strong></span> <span class='ocrx_word' id='word_1_773' title='bbox 2041 5322 2155 5391; x_wconf 76' lang='lat' dir='ltr'><strong>lege</strong></span> <span class='ocrx_word' id='word_1_774' title='bbox 2186 5339 2199 5352; x_wconf 92' lang='grc'><strong>·</strong></span> <span class='ocrx_word' id='word_1_775' title='bbox 2237 5321 2524 5376; x_wconf 82' lang='lat' dir='ltr'><strong>Bracltium</strong></span> <span class='ocrx_word' id='word_1_776' title='bbox 2567 5321 2846 5387; x_wconf 76' lang='lat' dir='ltr'><strong>dextrum,</strong></span> <span class='ocrx_word' id='word_1_777' title='bbox 2896 5332 2946 5379; x_wconf 84' lang='lat' dir='ltr'><strong>et</strong></span> <span class='ocrx_word' id='word_1_778' title='bbox 2991 5325 3190 5393; x_wconf 75' lang='lat' dir='ltr'><strong>ﬁbras,</strong></span> <span class='ocrx_word' id='word_1_779' title='bbox 3225 5335 3275 5379; x_wconf 85' lang='lat' dir='ltr'><strong>et</strong></span> 
     </span>
    </p>
   </div>
   <div class='ocr_carea' id='block_1_109' title="bbox 13 5407 1610 5489">
    <p class='ocr_par' dir='ltr' id='par_1_109' title="bbox 13 5407 1610 5489">
     <span class='ocr_line' id='line_1_109' title="bbox 13 5407 1610 5489; baseline 0.004 -25"><span class='ocrx_word' id='word_1_780' title='bbox 13 5417 204 5482; x_wconf 69' lang='grc' dir='ltr'>ὅμοια</span> <span class='ocrx_word' id='word_1_781' title='bbox 246 5407 482 5472; x_wconf 79' lang='grc' dir='ltr'>τούτοις·</span> <span class='ocrx_word' id='word_1_782' title='bbox 513 5408 684 5464; x_wconf 83' lang='grc' dir='ltr'>ταῦτα</span> <span class='ocrx_word' id='word_1_783' title='bbox 706 5412 757 5464; x_wconf 88' lang='grc' dir='ltr'><strong>οἱ</strong></span> <span class='ocrx_word' id='word_1_784' title='bbox 782 5414 1197 5486; x_wconf 83' lang='grc' dir='ltr'>προσφέροντες,</span> <span class='ocrx_word' id='word_1_785' title='bbox 1230 5415 1417 5479; x_wconf 83' lang='grc' dir='ltr'>θυσίας</span> <span class='ocrx_word' id='word_1_786' title='bbox 1450 5434 1610 5489; x_wconf 92' lang='grc' dir='ltr'>προσ-</span> 
     </span>
    </p>
   </div>
   <div class='ocr_carea' id='block_1_110' title="bbox 1711 5407 3273 5489">
    <p class='ocr_par' dir='ltr' id='par_1_110' title="bbox 1717 5417 3273 5488">
     <span class='ocr_line' id='line_1_110' title="bbox 1717 5417 3273 5488; baseline 0.001 -16"><span class='ocrx_word' id='word_1_787' title='bbox 1717 5420 1849 5472; x_wconf 70' lang='lat' dir='ltr'><strong>duo:</strong></span> <span class='ocrx_word' id='word_1_788' title='bbox 1886 5435 2031 5473; x_wconf 83' lang='lat' dir='ltr'><strong>renes</strong></span> <span class='ocrx_word' id='word_1_789' title='bbox 2056 5428 2102 5483; x_wconf 80' lang='grc' dir='ltr'>ο,</span> <span class='ocrx_word' id='word_1_790' title='bbox 2149 5423 2203 5471; x_wconf 82' lang='lat' dir='ltr'><strong>et</strong></span> <span class='ocrx_word' id='word_1_791' title='bbox 2233 5417 2317 5471; x_wconf 90' lang='lat' dir='ltr'><strong>his</strong></span> <span class='ocrx_word' id='word_1_792' title='bbox 2351 5417 2548 5472; x_wconf 85' lang='lat' dir='ltr'><strong>similia</strong></span> <span class='ocrx_word' id='word_1_793' title='bbox 2581 5435 2595 5472; x_wconf 91' lang='lat'>:</span> <span class='ocrx_word' id='word_1_794' title='bbox 2631 5418 2724 5488; x_wconf 88' lang='lat' dir='ltr'><strong>qui</strong></span> <span class='ocrx_word' id='word_1_795' title='bbox 2774 5417 2891 5474; x_wconf 65' lang='lat' dir='ltr'><strong>hac</strong></span> <span class='ocrx_word' id='word_1_796' title='bbox 2935 5418 3233 5474; x_wconf 78' lang='lat' dir='ltr'><strong>oﬂ‘erebant</strong></span> <span class='ocrx_word' id='word_1_797' title='bbox 3257 5461 3273 5482; x_wconf 88' lang='lat'><em>.</em></span> 
     </span>
    </p>
   </div>
   <div class='ocr_carea' id='block_1_111' title="bbox 13 5501 1610 5582">
    <p class='ocr_par' dir='ltr' id='par_1_111' title="bbox 13 5501 1610 5581">
     <span class='ocr_line' id='line_1_111' title="bbox 13 5501 1610 5581; baseline -0.009 -3"><span class='ocrx_word' id='word_1_798' title='bbox 13 5508 173 5578; x_wconf 70' lang='grc' dir='ltr'>ἦγον</span> <span class='ocrx_word' id='word_1_799' title='bbox 204 5521 224 5537; x_wconf 80' lang='grc'><strong><em>⁸</em></strong></span> <span class='ocrx_word' id='word_1_800' title='bbox 268 5501 431 5554; x_wconf 75' lang='grc' dir='ltr'>οἱονεὶ</span> <span class='ocrx_word' id='word_1_801' title='bbox 459 5501 556 5574; x_wconf 80' lang='grc' dir='ltr'>τὴν</span> <span class='ocrx_word' id='word_1_802' title='bbox 577 5503 830 5576; x_wconf 78' lang='grc' dir='ltr'>ἀπαρχὴν</span> <span class='ocrx_word' id='word_1_803' title='bbox 863 5508 1215 5581; x_wconf 80' lang='grc' dir='ltr'>προσέφερονο</span> <span class='ocrx_word' id='word_1_804' title='bbox 1236 5511 1330 5565; x_wconf 79' lang='grc' dir='ltr'>καὶ</span> <span class='ocrx_word' id='word_1_805' title='bbox 1355 5510 1492 5581; x_wconf 74' lang='grc' dir='ltr'>αὕτη</span> <span class='ocrx_word' id='word_1_806' title='bbox 1525 5509 1610 5564; x_wconf 82' lang='grc' dir='ltr'><strong>λέ-</strong></span> 
     </span>
    </p>
   </div>
   <div class='ocr_carea' id='block_1_112' title="bbox 1711 5501 3270 5582">
    <p class='ocr_par' dir='ltr' id='par_1_112' title="bbox 1716 5508 3270 5582">
     <span class='ocr_line' id='line_1_112' title="bbox 1716 5508 3270 5582; baseline -0.002 -15"><span class='ocrx_word' id='word_1_807' title='bbox 1716 5511 2047 5567; x_wconf 87' lang='lat' dir='ltr'><strong>sacrilicium</strong></span> <span class='ocrx_word' id='word_1_808' title='bbox 2078 5508 2274 5566; x_wconf 72' lang='lat' dir='ltr'><strong>offerre</strong></span> <span class='ocrx_word' id='word_1_809' title='bbox 2304 5509 2643 5578; x_wconf 84' lang='lat' dir='ltr'><strong>dicebantur,</strong></span> <span class='ocrx_word' id='word_1_810' title='bbox 2683 5511 2788 5566; x_wconf 86' lang='lat' dir='ltr'><strong>hoc</strong></span> <span class='ocrx_word' id='word_1_811' title='bbox 2822 5519 2924 5579; x_wconf 89' lang='lat' dir='ltr'><strong>est,</strong></span> <span class='ocrx_word' id='word_1_812' title='bbox 2964 5512 3270 5582; x_wconf 83' lang='lat' dir='ltr'><strong>primitias:</strong></span> 
     </span>
    </p>
   </div>
   <div class='ocr_carea' id='block_1_113' title="bbox 106 5655 639 5725">
    <p class='ocr_par' dir='ltr' id='par_1_113' title="bbox 106 5655 639 5725">
     <span class='ocr_line' id='line_1_113' title="bbox 106 5655 639 5725; baseline -0.004 -11"><span class='ocrx_word' id='word_1_813' title='bbox 106 5699 132 5718; x_wconf 88' lang='grc'>.</span> <span class='ocrx_word' id='word_1_814' title='bbox 156 5655 356 5714; x_wconf 83' lang='lat' dir='ltr'><strong>Levit.</strong></span> <span class='ocrx_word' id='word_1_815' title='bbox 392 5672 474 5722; x_wconf 90' lang='grc' dir='ltr'>ιιι,</span> <span class='ocrx_word' id='word_1_816' title='bbox 502 5657 556 5725; x_wconf 72' lang='grc' dir='ltr'>ὅ,</span> <span class='ocrx_word' id='word_1_817' title='bbox 585 5657 639 5713; x_wconf 70' lang='grc' dir='ltr'>δ.</span> 
     </span>
    </p>
   </div>
   <div class='ocr_carea' id='block_1_114' title="bbox 1340 5751 2011 5815">
    <p class='ocr_par' dir='ltr' id='par_1_114' title="bbox 1340 5751 2011 5815">
     <span class='ocr_line' id='line_1_114' title="bbox 1340 5751 2011 5815; baseline 0.009 -6"><span class='ocrx_word' id='word_1_818' title='bbox 1340 5751 1573 5811; x_wconf 68' lang='lat' dir='ltr'>VARIE</span> <span class='ocrx_word' id='word_1_819' title='bbox 1602 5751 2011 5815; x_wconf 83' lang='lat' dir='ltr'><strong>LECTIONES.</strong></span> 
     </span>
    </p>
   </div>
   <div class='ocr_carea' id='block_1_115' title="bbox 91 5845 681 5911">
    <p class='ocr_par' dir='ltr' id='par_1_115' title="bbox 91 5845 681 5911">
     <span class='ocr_line' id='line_1_115' title="bbox 91 5845 681 5911; baseline 0.002 -9"><span class='ocrx_word' id='word_1_820' title='bbox 91 5849 152 5882; x_wconf 78' lang='grc'><strong><em>⁸⁸</em></strong></span> <span class='ocrx_word' id='word_1_821' title='bbox 184 5845 322 5902; x_wconf 79' lang='grc' dir='ltr'><strong>Πᾶν</strong></span> <span class='ocrx_word' id='word_1_822' title='bbox 341 5845 420 5902; x_wconf 85' lang='grc' dir='ltr'>τό.</span> <span class='ocrx_word' id='word_1_823' title='bbox 452 5848 681 5911; x_wconf 81' lang='grc' dir='ltr'>πάντως.</span> 
     </span>
    </p>
   </div>
  </div>
