4118 6542
801 390 935 459 1831

801 618 1059 665 caustum
1092 613 1277 658 autem
1314 608 1399 655 est
1428 612 1554 652 cum
1594 603 1741 650 totus
1772 593 1915 648 aries
1938 632 1954 657 ,
1993 590 2079 646 vel
2113 591 2213 645 bos
2235 629 2252 655 ,
2289 587 2375 643 vel

800 698 1071 772 quidquid
1102 695 1350 761 oﬁ‘ertur,
1381 691 1608 746 omnino
1636 688 1907 753 exuritur,
1963 695 2024 739 ut
2064 682 2377 754 praecipitur

802 814 856 852 ιιι
890 798 1046 869 lege:
1081 793 1255 863 Caput
1297 806 1416 844 cum
1454 788 1672 859 pedibus
1707 796 1755 840 et
1801 784 2066 839 intestinis
2101 781 2374 835 combure-

804 891 873 943 tis
901 888 929 929 ἀ
962 905 978 945 :
1015 899 1413 953 nonnunquam
1470 883 1632 937 etiam
1681 881 1872 951 pellem
1918 899 1932 934 :
1974 886 2049 945 et,
2079 884 2143 932 ut
2187 874 2374 939 brevi,

801 980 990 1036 omnia
1025 977 1452 1040 comburebant;
1485 983 1540 1029 et
1577 974 1683 1027 hoc
1710 980 1827 1026 erat
1857 971 2075 1041 proprie
2113 968 2377 1022 holocau-

803 1082 973 1129 stum.
1023 1072 1103 1127 lta
1136 1069 1469 1140 peragebant
1504 1066 1773 1122 sacriﬁcia
1806 1074 1862 1120 et
1914 1063 2233 1118 holocausta
2279 1060 2377 1115 ﬁlii

806 1166 972 1223 Israel
1002 1163 1303 1220 secundum
1334 1163 1503 1230 legem
1516 1200 1531 1214 .

875 1257 941 1315 ll.
981 1257 1238 1329 Symbola
1288 1263 1444 1308 erant
1489 1251 1759 1308 sacriﬁcia
1809 1251 1900 1305 illa
1951 1259 2006 1305 et
2058 1249 2377 1303 holocausta

805 1352 1117 1408 animarum
1143 1349 1373 1405 salutem
1405 1346 1785 1417 quaerentium,
1808 1355 1863 1399 et
1891 1358 2012 1399 sese
2035 1341 2377 1397 offerentium

807 1445 939 1510 Deo,
970 1447 1039 1500 de
1065 1443 1263 1513 quibus
1290 1440 1455 1496 etiam
1488 1454 1588 1509 ego
1618 1452 1765 1492 nunc
1807 1438 1964 1491 vobis
2008 1451 2181 1507 pauca
2232 1450 2380 1504 quae-

807 1541 933 1596 dam
961 1538 1255 1603 reserabo;
1298 1547 1359 1590 ut
1392 1550 1515 1590 cum
1555 1548 1619 1588 ea
1654 1531 1894 1603 legeritis
1931 1542 1985 1586 et
2024 1530 2381 1603 cogitationes

806 1642 1018 1687 vestras
1050 1631 1104 1686 in
1132 1630 1223 1684 illa
1255 1627 1622 1689 intenderitis,
1650 1624 1879 1681 foveatis
1908 1625 2121 1679 animas
2148 1635 2381 1678 vestras.

808 1724 1102 1783 Brachium
1155 1722 1223 1777 de
1270 1737 1379 1791 quo
1419 1720 1807 1790 praediximus,
1860 1715 2201 1787 interpretati
2253 1724 2383 1770 sunt

808 1819 1046 1889 majores
1072 1814 1245 1870 nostri
1271 1814 1517 1869 actiones
1549 1827 1691 1868 esse.
1734 1810 2085 1880 Aceipiamus
2113 1815 2295 1863 autem
2325 1816 2381 1861 et

809 1926 911 1983 pro
938 1910 1128 1967 eadem
1161 1922 1220 1963 re
1251 1923 1499 1974 manum,
1524 1915 1585 1960 ut
1611 1905 1849 1960 solemus
1872 1903 2074 1968 dicere,
2098 1902 2379 1958 brachium

811 2006 1068 2060 virtutem
1099 2016 1221 2057 esse
1269 2014 1489 2055 manus.
1536 1998 1867 2053 ()btulerunt
1909 1995 2072 2066 igitur
2126 1995 2381 2050 virtutem

808 2113 932 2153 esse
978 2110 1176 2151 manus
1213 2094 1439 2158 dextra,
1492 2091 1598 2147 hoc
1632 2096 1758 2154 est,
1810 2090 2079 2144 bonorum
2120 2103 2380 2158 Opernm;

809 2190 1090 2246 dexteram
1119 2187 1264 2242 enim
1312 2201 1412 2256 pro
1440 2185 1586 2239 bono
1618 2182 1915 2252 accipiunt.
1952 2180 2019 2235 Et
2064 2180 2169 2234 alia
2199 2180 2383 2235 omnia

811 2293 1152 2352 quacunque
1180 2276 1445 2340 diximus,
1477 2274 1662 2339 ﬁbras,
1692 2288 1852 2329 renes
1880 2272 2019 2328 duos
2045 2311 2062 2336 ,
2114 2271 2383 2327 abdomen

811 2384 1027 2433 eorum,
1060 2368 1296 2431 lumbos,
1326 2379 1515 2420 sevum
1544 2378 1794 2429 crurum,
1824 2377 1942 2427 cor,
1975 2363 2381 2434 pectusculum:

813 2463 971 2534 signa
1000 2471 1159 2518 erant
1191 2462 1306 2516 haec
1335 2460 1542 2524 omnia,
1575 2471 1633 2514 ut
1660 2459 1807 2514 enim
1851 2459 1930 2514 ait
1961 2458 2124 2513 etiam
2154 2458 2386 2528 Aposto-

814 2556 903 2613 lus
948 2572 963 2610 :
1018 2553 1087 2609 In
1134 2554 1313 2625 ﬁgura
1348 2554 1459 2608 lucc
1507 2553 1687 2607 omnia
1733 2552 2101 2623 contingebant
2152 2552 2306 2606 illis:
2336 2560 2387 2605 et

815 2648 1015 2717 scripta
1064 2656 1186 2700 sunt
1236 2644 1305 2700 ad
1338 2645 1640 2700 doctrinam
1674 2652 1909 2698 nostram
1936 2655 1981 2699 ο.
2023 2646 2091 2699 Ει
2118 2646 2242 2710 hoc,
2275 2659 2388 2714 quo

815 2747 1013 2809 pacto,
1065 2736 1242 2791 dicam
1273 2754 1287 2791 :
1324 2736 1507 2791 anima
1543 2744 1731 2791 nostra
1766 2736 1865 2804 (ut
1898 2736 1976 2789 ait
1998 2735 2155 2791 divus
2183 2735 2389 2808 Grego-

816 2828 972 2897 rius)
998 2827 1055 2882 in
1081 2836 1193 2883 tres
1222 2836 1404 2896 partes
1439 2826 1613 2883 divisa
1642 2835 1747 2892 est,
1785 2827 1839 2881 in
1872 2827 2241 2897 appetibilem,
2277 2828 2389 2883 ira-

818 2921 1064 2978 scibilem
1096 2932 1152 2975 et
1199 2920 1602 2976 rationabilem.
1656 2920 1983 2977 Obtulerunt
2029 2922 2195 2991 igitur
2226 2921 2391 2978 ﬁbras

819 3013 1052 3085 hepatia.
1106 3012 1285 3081 Hepar
1336 3012 1763 3083 interpretantur
1816 3012 2009 3069 Patres
2054 3018 2389 3084 appetitum:

820 3106 959 3162 ﬁbra
1004 3113 1186 3161 autem
1237 3104 1451 3176 bepatis
1482 3115 1566 3160 est
1616 3120 1891 3162 summum
1935 3107 2109 3177 ipsius
2153 3110 2387 3179 bepatis.

820 3195 1151 3254 Obtulerunt
1195 3196 1359 3268 igitur
1409 3196 1487 3251 illi
1519 3197 1576 3252 in
1622 3198 1791 3268 ﬁgura
1824 3176 2195 3254 summitatem
2224 3176 2390 3271 appe-
2415 3176 2461 3237 ο

822 3288 994 3345 tibilis
1024 3288 1221 3360 partis,
1253 3288 1357 3344 hoc
1385 3296 1490 3353 est,
1520 3288 1791 3357 primitias
1813 3288 1979 3361 m
2006 3290 2149 3361 ejus,
2181 3301 2390 3361 partem

825 3396 960 3438 sane
1004 3381 1265 3452 optimam
1317 3390 1374 3436 et
1414 3380 1589 3450 magis
1636 3382 1932 3451 pretiosam
1972 3383 2143 3452 ipsius
2191 3400 2206 3439 :
2245 3384 2391 3455 quod

826 3472 1099 3547 signiﬁcat
1128 3472 1264 3528 nihil
1293 3480 1422 3528 ante
1452 3470 1622 3528 Deum
1660 3487 1783 3529 esse
1826 3472 2185 3543 diligendum,
2219 3491 2395 3546 neque

827 3581 897 3623 ex
937 3566 1195 3622 omnibus
1235 3564 1619 3637 appetibilibus
1660 3573 1787 3620 ante
1815 3563 1984 3621 Deum
2032 3569 2393 3638 appetendum

827 3674 975 3716 esse.
1004 3658 1249 3714 Dicimus
1275 3658 1438 3713 etiam
1485 3657 1632 3728 quod
1676 3668 1859 3729 partes
1911 3661 2084 3730 magis
2129 3662 2395 3731 pretiosas

828 3750 1101 3814 obtulere,
1132 3747 1345 3819 quales,
1383 3761 1565 3812 renes,
1595 3747 1834 3813 lumbos,
1865 3746 2155 3813 abdomen,
2184 3758 2241 3805 et
2268 3765 2396 3806 cru-

832 3856 952 3896 rum
985 3838 1405 3911 pinguedinem;
1438 3853 1559 3908 qua:
1586 3839 1769 3893 omnia
1798 3839 2173 3895 excellentiam
2203 3857 2397 3911 quam-

832 3933 959 3989 dam
982 3929 1292 4002 signiﬁcant
1318 3945 1334 3985 :
1366 3928 1421 3983 in
1448 3928 1533 3985 bis
1554 3929 1701 3983 enim
1726 3929 1916 3985 dicunt
1933 3945 2054 3986 esse
2076 3933 2393 4001 appetitum.

836 4025 962 4082 liae
987 4024 1151 4094 igitur
1181 4022 1336 4095 signa
1380 4029 1509 4077 sunt
1539 4022 1711 4091 partis
1746 4022 2069 4093 appetibilis.
2106 4022 2398 4081 lrascibilis

835 4128 1018 4174 autem
1048 4116 1264 4188 signum
1298 4114 1492 4170 dicunt
1520 4129 1614 4169 cor
1645 4131 1660 4169 :
1695 4114 1750 4169 in
1790 4130 1857 4170 eo
1899 4116 2046 4169 enim
2097 4116 2234 4192 iram
2276 4131 2399 4172 esse

834 4218 1143 4273 autumant,
1171 4215 1227 4264 et
1265 4207 1371 4263 hoc
1416 4206 1719 4262 aﬁirmatur
1748 4207 1913 4262 etiam
1942 4222 1974 4262 a
2013 4207 2235 4273 Basilio,
2273 4225 2397 4265 cum

835 4302 976 4359 iram
1007 4303 1081 4357 ita
1108 4301 1297 4356 deﬁnit
1327 4320 1342 4355 :
1384 4317 1404 4353 ι
1438 4299 1523 4354 Ira
1559 4308 1644 4356 est
1668 4299 1916 4354 ebullitio
1942 4300 2225 4370 sanguinis
2253 4302 2400 4356 circa

834 4414 955 4456 cor.
992 4418 1012 4452 ι
1041 4397 1423 4454 Pectusculum
1470 4405 1651 4451 autem
1693 4396 1908 4467 signum
1948 4404 2033 4451 est
2073 4397 2397 4463 rationalis;

837 4504 963 4545 nam
994 4497 1183 4559 pectus
1228 4489 1491 4542 rationem
1539 4486 1848 4557 signiﬁcare
1874 4486 2048 4552 aiunt,
2082 4488 2399 4542 inducentes

833 4580 1055 4652 Moysen
1104 4594 1229 4635 cum
1274 4581 1453 4633 Aaron
1501 4576 1725 4633 fratrem
1772 4577 2020 4633 indueret
2064 4580 2397 4635 sacerdotale

835 4660 1253 4738 indumentum,
1301 4672 1507 4741 pectori
1555 4671 1675 4740 ejus
1706 4671 1970 4725 rationale
1997 4712 2011 4737 ,
2057 4682 2118 4726 ut
2158 4674 2399 4743 jusserat

837 4765 1122 4830 Dominus,
1156 4764 1500 4835 apposuisse.
1552 4762 1679 4819 Haec
1716 4762 1881 4833 igitur
1906 4763 2113 4830 omnia,
2148 4774 2208 4819 ut
2254 4766 2398 4819 dixi-

837 4873 983 4922 mus,
1018 4856 1171 4926 signa
1208 4864 1339 4911 sunt
1383 4855 1599 4917 animm,
1648 4868 1770 4923 qua:
1807 4868 1868 4908 se
1910 4867 2006 4922 per
2051 4853 2193 4909 bona
2233 4870 2396 4925 opera

839 4958 1054 5019 purgat,
1085 4953 1142 5001 et
1182 4947 1321 5001 redit
1350 4945 1419 5000 ad
1450 4943 1722 5014 propriam
1753 4953 2025 4998 naturam.
2052 4943 2207 5007 Nam,
2242 4956 2301 5000 ut
2324 4946 2402 5001 ait

840 5036 1126 5108 Evagrius,
1148 5034 1426 5090 rationalis
1456 5035 1641 5088 anima
1670 5042 1801 5089 tunc
1826 5033 1939 5104 agit
1975 5033 2271 5090 secundum
2303 5052 2402 5091 na-

841 5137 1042 5195 turam,
1073 5144 1196 5185 cum
1226 5144 1351 5199 pars
1391 5128 1512 5197 ejus
1552 5125 1858 5196 appetibilis
1887 5125 2113 5182 virtutes
2157 5129 2399 5198 appetit,

841 5221 1130 5277 irascibilis
1176 5223 1245 5276 ad
1276 5236 1369 5277 eas
1401 5217 1763 5291 acquirendas
1796 5227 2022 5290 pugnat,
2060 5222 2399 5278 rationabilis

838 5320 1236 5391 contemplatur
1267 5331 1322 5377 et
1348 5319 1579 5376 advertit
1610 5333 1732 5390 quae
1760 5318 1899 5374 facta
1926 5328 2076 5375 sunt.

1980 380 2042 439 S.
2113 372 2509 439 DOROTHEI
2549 372 2868 432 ABBATIS

797 524 855 568 et
881 516 985 567 hor.
1014 522 1185 579 genus
1218 503 1432 575 pi-Oprie
1467 498 1787 554 nominatur
1819 494 2172 552 sacriﬁcium.
2204 492 2371 546 llolo-

2485 505 2634 559 γεται
2662 488 2851 541 θυσία.
2891 482 3349 555 Ὀλοκαυτὼματα
3397 481 3457 537 δέ
3501 482 3651 535 ἐστιν
3704 480 3807 533 ὅτε
3848 479 3967 533 ὅλον
4008 502 4048 533 τι

3940 362 4044 427 1833

2475 580 2753 652 πρόϐατον
2788 580 2824 650 ἦ
2862 578 2954 631 τὸν
2987 576 3131 643 βττιν.
3175 577 3207 647 ἢ
3238 573 3291 628 εἰ
3323 575 3377 627 τί
3415 576 3533 628 ἐστι
3562 573 3625 626 τὺ
3670 576 4047 643 προσφερὸμέ-

2473 685 2586 734 νον,
2605 670 2853 722 καίουσιν
2874 669 3015 734 ὅλον,
3032 687 3059 720 c
3088 689 3105 731 ς
3134 666 3280 735 λέγει
3304 666 3442 729 ἐκεῖ,
3465 667 3675 734 Κεφαλ
3686 664 3774 731 ἦν
3803 663 3933 716 σὺν
3954 666 4047 729 τίς

2474 760 2622 815 ποσὶ
2640 760 2742 815 καί
2763 759 2886 826 τοῖς
2906 758 3261 824 ἐντοσθιοις·
3290 759 3402 812 ἐσθ’
3418 758 3507 811 ὅτε
3531 758 3590 810 δὲ
3603 758 3709 810 καὶ
3719 755 3832 826 τὴν
3851 755 4047 824 βύρσαν,

2481 852 2576 905 καὶ
2590 852 2689 921 τὴν
2718 851 2945 921 κόπρον,
2973 850 3068 904 καὶ
3092 848 3238 913 ἅπαξ
3267 848 3475 912 ἁπλῶς,
3497 849 3618 902 ὅλον
3649 849 3724 911 ἐξ
3748 849 3881 901 ὅλου
3911 866 4049 900 κατε-

2477 942 2745 996 καίουσιν.
2780 942 2931 1013 Δῦτη
2966 942 3182 1010 λέγεται
3216 941 3603 1005 ὀλοκαύτωσις.
3644 940 3859 1005 Οὕτως
3888 944 4045 995 ἑπτέ-

2477 1034 2605 1087 λουν
2633 1034 2727 1086 καὶ⁵
2758 1033 2857 1096 τὰς
2886 1032 3075 1095 θυσίας
3127 1032 3221 1086 καὶ
3269 1033 3369 1096 τὰς
3410 1030 3835 1095 ὁλοκαυτώσεις
3875 1032 3924 1084 οἱ
3968 1035 4047 1085 uia".

2492 1125 2711 1196 Ἰσραὴλ
2742 1124 2885 1178 κατὰ
2908 1125 2999 1177 τὸν
3021 1125 3204 1194 νόμον.

2550 1217 2628 1271 Β’.
2667 1215 2919 1287 Σύμϐολα
2944 1215 3001 1268 δὲ
3027 1211 3169 1287 ἦσαν
3197 1217 3253 1269 αί
3283 1214 3468 1269 θυσίαι
3490 1217 3712 1269 ἐκεῖναι
3740 1216 3844 1269 καὶ
3868 1216 3921 1268 αἱ
3948 1216 4045 1267 ὀλο·

2480 1310 2784 1372 καυτὼσεις
2817 1309 2926 1361 τῶν
2963 1307 3152 1378 ψυχῶν
3189 1308 3297 1363 τῶν
3345 1306 3618 1361 θελουσῶν
3650 1307 3933 1377 σωθῆναι,
3978 1310 4049 1360 n‘:

2481 1401 2683 1465 ἑαυτὰς
2722 1402 3085 1472 προσενέγκαι
3126 1400 3205 1470 τῷ
3254 1399 3393 1470 Θεῷ.
3440 1400 3550 1453 Καὶ
3600 1398 3765 1468 λέγω
3819 1400 3945 1469 ὑμῖν
3976 1403 4048 1451 καὶ

2482 1493 2612 1563 περὶ
2638 1492 2845 1547 τούτων
2874 1493 3030 1560 ὀλίγα
3069 1491 3128 1558 ἐξ
3168 1485 3243 1544 ὧν
3284 1487 3436 1544 εἷπον
3467 1492 3514 1544 οί
3545 1491 3834 1563 Πατέρες,
3872 1493 3954 1544 ἵνα
3976 1493 4045 1544 Et:

2483 1581 2885 1649 ἀναγινώσκετε
2933 1581 3096 1647 αὐτὰ,
3148 1581 3386 1650 ἁνάγητε
3437 1581 3639 1651 μικρὸν
3692 1583 3773 1635 τὰ
3832 1585 4045 1651 νοήματι

2485 1671 2661 1742 ὑμῶν,
2710 1675 2807 1728 καὶ
2843 1676 3126 1745 πιαίνηται
3166 1677 3201 1747 ὴ
3240 1673 3386 1745 ψυχὴ
3423 1673 3605 1744 ἡμῶν.
3648 1674 3772 1727 Τὸν
3820 1675 4046 1746 βραχίονα

2486 1764 2733 1834 λέγουσιν
2777 1763 2919 1820 εἶναι
2968 1766 3069 1838 τὴν
3110 1767 3452 1837 πρακτικήν·
3488 1765 3885 1836 λαμβάνονται
3914 1770 3963 1820 δὲ
3986 1772 4044 1828 εἰς

2410 1836 2455 1897 Β
2480 1857 2687 1927 ταύτην
2726 1858 2786 1910 αἱ
2829 1836 3035 1929 χεῖρεςξ
3060 1857 3243 1923 καθὼς
3268 1836 3381 1912 καὶί
3402 1859 3685 1932 διαφόρως
3717 1860 3968 1931 εἴπομεν,
4002 1861 4045 1912 'U

2484 1950 2728 2022 βραχίων
2751 1950 2785 2021 ή
2818 1950 3047 2021 δύναμίς
3076 1952 3193 2005 ἐστι
3220 1954 3320 2021 τῆς
3346 1953 3527 2023 χειρός
3545 1969 3562 1983 ·
3595 1950 3961 2025 Προσέκρερον
3979 1951 4049 2005 ei:

2483 2040 2581 2112 τὴν
2611 2040 2841 2113 δύναμιν
2864 2040 2964 2112 τῆς
3000 2040 3180 2107 δεξιᾶς
3220 2046 3422 2113 χειρὸς,
3450 2044 3603 2097 τοῦτ’
3637 2045 3771 2097 ἐστι
3806 2046 3914 2098 τῶν
3939 2046 4050 2109 ἀγα·

2485 2133 2595 2188 θῶν
2639 2134 2849 2206 ἔργων’
2885 2134 2980 2206 τὴν
3012 2135 3194 2202 δεξιὰν
3222 2137 3332 2206 γὰρ
3378 2137 3460 2199 εἰς
3494 2135 3559 2190 τὸ
3610 2136 3835 2205 ἀγαθὸν
3873 2138 4049 2207 lapsa-

2483 2242 2658 2291 νουσι,
2692 2227 2786 2280 καὶ
2810 2225 2882 2279 τὰ
2908 2226 3043 2280 ἄλλα
3073 2227 3251 2281 πάντα
3281 2228 3387 2281 ὅσα
3414 2231 3651 2299 εἴπομεν
3672 2246 3691 2260 ο
3725 2226 3848 2283 οἷον
3878 2233 3907 2283 ὁ
3932 2230 4051 2290 λοῦᾗς

2483 2314 2578 2369 τοῦ
2612 2315 2842 2386 ⁴ἥπατος,
2879 2319 2975 2370 καὶ
3004 2318 3055 2371 οἱ
3095 2316 3189 2370 δύο
3217 2318 3427 2389 νεφροὶ,
3459 2318 3557 2371 καὶ
3588 2319 3656 2372 τὸ
3691 2320 3874 2391 στέαρ
3901 2321 3957 2373 τὸ
3983 2321 4052 2373 ἀπ’

2486 2405 2689 2471 αὐτῶν,
2723 2406 2819 2459 καὶ
2842 2407 2877 2477 ἡ
2913 2406 3082 2476 ὀσφῦς
3111 2406 3206 2460 καὶ
3230 2407 3291 2460 τὸ
3318 2409 3485 2481 στέαρ
3509 2408 3575 2461 τὸ
3617 2409 3723 2461 ἐπὶ
3756 2410 3871 2463 τῶν
3899 2411 4051 2481 μηβὲ,

2487 2498 2584 2550 καὶ
2632 2498 2669 2568 η
2714 2496 2915 2568 καρδία
2956 2496 3050 2550 καὶ
3095 2495 3157 2549 τὸ
3207 2495 3493 2567 στηθήνιον
3535 2496 3645 2550 καὶ
3688 2498 3803 2551 ὅσα
3842 2499 4050 2551 τοιαῦτα,

2498 2587 2734 2657 Ὁμοίως
2763 2586 3052 2642 καὶταῦτα
3082 2587 3147 2640 σύ
3156 2580 3327 2658 μϐολά
3350 2588 3479 2641 εἰσι.
3504 2587 3714 2642 Ταῦτα
3734 2590 3855 2659 γὰρ
3872 2590 4051 2641 πάντα.

2485 2680 2561 2744 ὡς
2590 2679 2737 2747 λέγει
2758 2681 2789 2733 ὁ
2826 2677 3170 2745 ’Δπόστολος,
3209 2676 3476 2743 τυπικῶς
3520 2680 3911 2735 συνέϐαινεν
3938 2682 4054 2733 ἐπεί-

2486 2788 2638 2838 νοις.
2667 2768 2931 2841 Ἐγράφη
2948 2769 3019 2823 δὲ
3048 2772 3199 2839 πρὸς
3224 2772 3553 2826 νουθεσίαν
3576 2771 3792 2839 ἡμῶν.
3822 2775 3928 2827 Καὶ
3948 2773 4055 2839 λέγω

2490 2862 2621 2933 ὑμῖν
2647 2861 2765 2927 πιῖις
2787 2864 2824 2934 ἠ
2851 2862 3020 2933 ψυχὴ,
3052 2861 3130 2926 ὡς
3158 2862 3307 2932 λέγει
3336 2864 3366 2917 ὁ
3405 2862 3565 2932 ἅγιος
3596 2864 3943 2935 Γρηγόριθς,
3968 2882 4055 2932 τρε-

2492 2954 2662 3025 μερής
2709 2954 2878 3010 ἐστιν.
2927 2955 3082 3025 Ἔχει
3127 2954 3236 3027 γὰρ
3284 2955 3349 3008 τὸ
3391 2955 3850 3027 ἐπιθυμητικὸν,
3897 2959 3983 3010 καὶ
4015 2957 4055 3007 ti

2491 3040 2741 3114 θυμικὸν,
2778 3043 2873 3098 καὶ
2901 3043 2963 3097 τὸ
3002 3044 3241 3113 λογικόν.
3272 3044 3625 3115 Προσὰρερον
3655 3043 3766 3099 οὖν
3810 3048 3904 3101 τὸν
3939 3046 4055 3100 λαῶν

2491 3135 2586 3188 τοῦ
2616 3136 2846 3206 ἥπατος.
2880 3136 2955 3189 Τὸ
2982 3130 3137 3208 ἧπαρ
3182 3135 3552 3207 λαμϐάνουσιν
3601 3139 3656 3191 oi
3712 3138 3965 3211 Πατὲρες
4002 3142 4054 3199 si;

2490 3229 2593 3300 τὴν
2620 3227 2917 3300 ἐπιθυμίαν
2934 3244 2947 3257 ·
2972 3230 3003 3283 ό
3028 3228 3086 3284 δὲ
3112 3228 3269 3293 λοϐὸς
3302 3228 3399 3282 τοῦ
3428 3229 3649 3300 ἥπατός
3683 3247 3824 3284 εστι
3850 3233 3912 3286 τὸ
3927 3234 4016 3303 axe
4038 3255 4053 3279 ν

2491 3318 2680 3375 αὑτοῦ.
2714 3320 3059 3391 Προσέφερον
3084 3315 3179 3374 οῦν
3206 3321 3402 3374 ἐκεῖνοι
3430 3320 3811 3391 συμϐολικῶς
3840 3324 3904 3377 τὸ
3926 3325 4053 3391 ἄχρω

2489 3410 2584 3465 τοῦ
2627 3411 3024 3484 ἐπιθυμητικοῦ
3075 3413 3299 3484 μέρους,
3336 3412 3481 3466 τοῦτ’
3506 3412 3629 3467 ἔστι
3680 3415 3797 3487 τὴν
3843 3418 4054 3487 amati

2491 3504 2676 3569 αὑτοῦ,
2706 3503 2767 3557 τὺ
2802 3503 3153 3558 καλλιστεῦον
3190 3505 3289 3559 καὶ
3310 3504 3647 3576 τιμιώτερον
3674 3507 3864 3579 μέρος
3893 3506 4051 3560 αὐτοὶ·

2490 3597 2628 3668 ὅπερ
2652 3596 2929 3668 σημαίνει,
2950 3596 3013 3650 τὸ
3037 3597 3204 3669 μηδὲν
3224 3598 3331 3670 πρὸ
3350 3598 3445 3651 τοῦ
3463 3597 3606 3653 Θεοῦ
3628 3600 3902 3673 ἀγαπᾷν,
3929 3601 4053 3672 μηέὲυ

2492 3688 2557 3738 ἐκ
2590 3686 2807 3739 πάντων
2835 3686 2943 3739 τῶν
2974 3686 3388 3758 ἐπιθυμητικῶν
3432 3691 3724 3760 προτιμᾷν
3758 3691 3870 3761 τῆς
3898 3694 3971 3755 εἰς
3994 3696 4055 3741 τὴν

2492 3775 2628 3831 Θεὸν
2676 3776 2996 3848 ἐπιθυμίας.
3046 3778 3289 3848 Εἴπομεν
3337 3778 3447 3852 γὰρ
3493 3781 3581 3834 ὅτι
3634 3781 3703 3835 τὸ
3767 3784 4055 3853 τιμιώτεμς

2494 3863 2642 3935 αὐτῷ
2686 3865 3064 3937 προσέφερον·
3118 3868 3212 3920 καὶ
3238 3869 3288 3921 oi
3331 3870 3520 3939 νεφροὶ
3564 3869 3653 3934 δὲ,
3700 3875 3814 3927 καὶ
3847 3875 3909 3928 τὸ
3934 3875 4053 3941 στέαρ

2493 3956 2555 4007 τὸ
2581 3956 2676 4010 ἀπ’
2700 3956 2903 4022 αὐτῶν,
2930 3957 3024 4012 καὶ
3046 3958 3083 4029 ἡ
3113 3959 3307 4029 ὀσφὺς,
3339 3960 3434 4013 καὶ
3468 3960 3529 4013 τὸ
3553 3962 3740 4035 στέαρ
3772 3966 3842 4019 τὸ
3872 3969 3961 4019 ἐπὶ
3982 3969 4054 4017 τω

2499 4048 2711 4119 μηρῶν.
2736 4047 2798 4101 τὸ
2822 4050 2954 4102 αὐτὸ
3002 4049 3145 4103 κατὰ
3172 4050 3465 4119 ἀναλογίαν
3507 4052 3637 4106 τινὰ
3690 4059 4055 4126 σημαίνουσαν

2497 4141 2614 4194 ἐκεῖ
2637 4140 2745 4212 γὰρ
2783 4140 3048 4213 λέγουσινε
3075 4137 3215 4195 εῖναι
3242 4145 3340 4214 τὴν
3374 4143 3704 4214 ἐπιθυμίαν.
3755 4150 3897 4203 Ἰδοὺ
3926 4150 4055 4203 ταῦτα

2496 4233 2610 4284 ἐστι
2653 4231 2723 4285 τὰ
2775 4230 3022 4302 σύμϐολα
3059 4231 3154 4285 τοῦ
3200 4232 3601 4305 ἐπιθυμητικοῦ
3631 4237 3877 4309 μέρους,
3911 4241 4002 4295 Τοῦ

2498 4322 2731 4393 θυμικοῦ
2785 4323 3051 4394 σύμϐολόν
3079 4326 3228 4378 ἐστιν
3251 4327 3285 4397 ἡ
3323 4327 3551 4398 καρδία·
3587 4329 3718 4382 ἐκεῖ
3758 4332 3880 4404 γὰρ
3906 4333 4055 4398 λέγω·

2499 4425 2584 4461 σιν
2621 4404 2760 4463 εἶναι
2782 4409 2872 4463 τὸν
2904 4411 3094 4481 θυμὸν,
3123 4413 3218 4465 καὶ
3243 4413 3421 4480 τοῦτο,
3450 4418 3721 4485 σημαίνει
3752 4423 3858 4474 καὶ
3887 4426 3916 4477 ὁ
3943 4425 4055 4489 ἅγιε-ς

2428 4522 2472 4578 D
2501 4501 2780 4565 Βασίλειος
2808 4501 3013 4571 λέγων·
3054 4522 3074 4556 ι
3112 4504 3292 4575 Θυμός
3325 4508 3441 4559 ἐστι
3475 4508 3627 4571 ζέσις
3660 4511 3772 4564 τοῦ
3830 4533 4054 4584 περικαρ-

2496 4593 2609 4645 δίου
2639 4594 2888 4665 αίματος.
2924 4614 2946 4648 ι
2987 4596 3060 4648 Τὸ
3091 4596 3147 4649 δὲ
3176 4598 3459 4669 στηθήνιον
3511 4598 3810 4671 σύμϐολόν
3854 4608 3965 4658 ἐστι

2497 4684 2739 4753 λογικοῦ·
2765 4686 2827 4739 τὸ
2875 4686 2984 4758 γὰρ
3031 4689 3224 4759 στῆθος
3260 4692 3341 4754 είς
3385 4691 3540 4744 τοῦτο
3574 4694 3953 4764 λαμϐάνουσι.
3988 4700 4053 4750 Διά

2497 4775 2654 4829 τοῦτο
2682 4778 2777 4831 καὶ
2810 4777 2902 4832 τὸν
2938 4780 3139 4833 Μωσέα
3167 4782 3408 4850 λέγουσιν
3440 4784 3703 4838 ἐνδύοντα
3743 4790 3844 4843 τὸν
3888 4793 4051 4857 magis

2496 4867 2559 4920 τὸ
2591 4867 2805 4939 ἄνθυμα
2837 4870 2899 4923 τὸ
2930 4872 3332 4944 ἁρχιερατικὺν,
3376 4875 3470 4927 ἐπὶ
3500 4875 3599 4928 τοῦ
3638 4881 3896 4950 στήθους
3932 4880 4048 4934 σιτ-λέ

2496 4958 2697 5013 διδόναι
2745 4961 2807 5014 τὸ
2854 4961 3070 5031 λόγιον,
3125 4965 3267 5019 κατὰ
3316 4967 3416 5036 τὴν
3458 4965 3553 5019 τοῦ
3606 4967 3757 5023 Θεοῦ
3812 4973 4047 5040 διαταγῇ

2499 5051 2685 5105 Ταῦτα
2730 5048 2824 5107 οὖν
2874 5056 3075 5121 πάντα,
3115 5057 3191 5121 ὡς
3242 5058 3489 5129 εἴπομεν,
3535 5059 3811 5131 σύμϐολα
3848 5067 3950 5118 εἰσι
3985 5064 4047 5129 τῆς

2499 5144 2681 5215 ψυχῆς
2707 5145 2805 5216 τῆς
2827 5146 2915 5200 διὰ
2944 5147 3044 5218 τῆς
3076 5151 3386 5221 πρακτικῆς
3420 5151 3517 5203 σὺν
3554 5151 3683 5222 Θεῷ
3714 5155 4045 5227 καθαιρούττς

2502 5235 2702 5307 ἑαυτὴν
2731 5238 2827 5290 καὶ
2854 5238 2948 5291 ἐπὶ
2976 5240 3037 5293 τὸ
3080 5240 3221 5294 κατὰ
3262 5240 3425 5310 φύσιν
3452 5243 3904 5319 ἐπανεχομένης.
3931 5250 4045 5311 Λέγε

2502 5326 2611 5399 γὰρ
2641 5327 2931 5399 Εὑάγριος,
2965 5331 3047 5384 ὅτι
3080 5331 3221 5385 κατὰ
3248 5331 3411 5401 φύσιν
3439 5333 3664 5404 ἐνεργεῖ
3686 5334 3852 5409 ψυχὴ
3881 5338 4041 5406 lup-41.

839 5415 968 5467 ὅταν
997 5414 1060 5467 τὸ
1090 5414 1190 5485 μὲν
1215 5413 1607 5485 ἐπιθυμητικὸν
1639 5412 1802 5485 μέρος
1827 5411 2018 5483 αὐτῆς,
2055 5414 2155 5485 τῆς
2195 5414 2397 5489 ἀρετῆς
2428 5420 2661 5491 ἐφίεται,
2690 5421 2753 5476 τὸ
2782 5422 2841 5477 δὲ
2898 5423 3147 5497 θυμικὸν,
3177 5426 3320 5498 ὑπὲρ
3347 5430 3555 5499 ταύτης
3623 5430 3978 5499 ἀγωνίζεται,
4012 5448 4045 5485 ῗὶ

838 5510 897 5563 δὲ
924 5508 1162 5579 λογικὸν,
1191 5507 1467 5562 ἐπιϐάλλει
1496 5509 1563 5579 τῇ
1597 5505 1802 5579 θεωρίᾳ
1828 5506 1939 5562 τῶν
1967 5508 2290 5577 γεγονότων.

910 5622 938 5665 ἀ
972 5622 1143 5680 Levit.
1178 5640 1253 5690 iv,
1286 5622 1373 5677 ll.
1447 5632 1465 5655 ·
1495 5621 1515 5676 l
1545 5621 1673 5678 Cor.
1699 5637 1758 5689 x,
1785 5622 1871 5677 ll.

2121 5731 2352 5791 VARle
2379 5734 2776 5796 LBCTJONES.

911 5833 955 5869 ⁸⁸
991 5831 1263 5903 ’Δνθυμαο
1294 5832 1453 5891 Forte
1475 5831 1695 5903 ἔνδυμα.
