4118 6542
131 359 257 425 1833
1411 368 1686 430 DOCTRI

1693 371 1793 432 NA
1840 374 2066 436 xxm.
3228 401 3366 467 1834

197 472 266 526 Γ.
311 470 430 524 Ὅτε
454 465 546 525 οὖν
577 471 915 544 προσέφερον
941 475 1288 549 πρόϐατον,ἢ
1325 477 1474 548 βοῦν,
1507 481 1660 552 ῆᾶλλ

1757 524 1767 546 ,
1866 486 1954 544 Ill.
1997 488 2136 544 Cum
2168 507 2299 562 ergo
2329 499 2663 556 onerebatur
2691 505 2772 558 vel
2818 505 2918 562 bos
2959 508 3042 564 vel
3089 515 3230 578 ovis,
3283 517 3366 574 vel

117 580 168 616 τι
215 560 448 614 τοιοῦτον
502 563 582 625 είς
634 561 849 628 θυσίας,
900 567 1073 620 ταῦτα
1123 568 1430 640 ἐλάμϐανον
1475 574 1524 626 οἱ
1578 573 1660 626 uio

130 656 162 671 ..
275 653 323 671 η
385 656 397 668 .
555 654 579 664 -
955 658 966 671 .
1187 661 1200 671 .
1256 663 1269 671 .
1394 662 1435 671 .-
1595 666 1607 671 -

1786 579 1934 635 aliud
1963 560 2256 654 quidpiam
2299 588 2480 644 simile
2522 591 2578 644 in
2633 560 3367 671 sacriﬁcium,accipiebat;

130 653 333 726 Ἰσραὴλ
381 656 444 708 ἐκ
489 654 582 708 τοῦ
616 658 1085 728 προσφερομένου,
1118 661 1211 714 καὶ
1251 662 1538 716 ἐπετίοουν
1591 666 1685 718 ἐπὶ

111 745 168 797 τὸ
196 746 577 817 θυσιαστήριον
621 745 804 801 ἔναντι
844 749 1072 821 Κυρίου,
1109 750 1205 804 καὶ
1245 751 1459 822 λέγεται
1497 753 1680 810 θυσία.

1784 671 1916 727 illud
1948 673 2043 729 ﬁlii
2074 674 2244 732 Israel
2283 695 2350 735 ex
2395 684 2654 741 manibus
2692 687 2996 761 oliercntis,
3035 705 3090 748 et
3118 697 3366 768 impone-

1783 764 1918 820 bant
1942 779 2109 837 super
2133 769 2306 824 altare
2330 771 2384 826 in
2414 786 2712 845 conspectu
2743 776 2981 847 Domini,
3007 787 3170 857 idque
3191 764 3365 847 sacri-

123 833 502 905 Ὀλοκαύτωμα
543 835 602 889 δέ
650 837 818 903 ἐστιν,
854 839 942 893 ὅτε
976 840 1098 894 ὅλον
1140 839 1200 908 ἐξ
1227 842 1351 896 ὅλου
1390 845 1454 899 τὸ
1489 846 1660 917 ίερείοε

1781 857 1967 912 licium
1999 859 2304 917 dicebatur.
2364 863 2758 926 Ilolocaustum
2809 883 2994 930 autem
3033 833 3158 935 ciim
3189 893 3363 940 totum

109 926 464 997 προσέφερον,
521 929 617 984 καὶ
671 931 960 986 κατέκαιον
1014 933 1148 988 αὐτὸ
1197 933 1390 1002 οὕτως,
1443 937 1517 1002 ώς
1565 940 1683 993 ἐστὶ

111 1017 272 1080 σῶον,
303 1018 614 1090 ὀλόκληρον,
658 1022 894 1076 τέλειον’
944 1024 1126 1088 καθὼς
1158 1025 1254 1080 καὶ
1298 1028 1556 1103 ἀνωτέρω
1601 1033 1681 1083 εῖ-

101 1125 294 1178 πομεν,
317 1111 477 1165 τοῦτο
508 1111 617 1166 τῶν
646 1113 864 1167 τελείων
898 1118 1015 1170 ἐστὶ
1041 1116 1310 1188 σύμϐολον
1333 1138 1348 1151 θ
1376 1121 1538 1175 τοῦτο
1561 1125 1673 1176 τῶν

99 1197 360 1267 λεγόντων
403 1203 547 1263 ἐστὶ,
590 1203 683 1256 τὸο
740 1203 888 1259 Ἰδοὺ
917 1205 1090 1275 ἡμεῖς
1111 1208 1431 1280 ἀφήκαμεν
1457 1211 1676 1274 πάντα,

95 1291 191 1344 καὶ
229 1291 731 1363 ἠκολουθήσαμέν
773 1310 894 1350 σοι.
947 1297 1043 1361 Εἰς
1090 1297 1251 1353 τοῦτο
1293 1299 1355 1354 τὸ
1405 1301 1604 1374 μέτρον
1649 1307 1679 1356 ὁ

95 1383 297 1454 Κύριος
357 1388 735 1460 προετρέπετο
798 1393 1006 1444 ἐκεῖνον
1057 1391 1235 1447 ἐλθεῖν
1291 1393 1384 1449 τὸν
1454 1397 1679 1452 εἰπόντα

89 1476 258 1546 αὐτῷ,
312 1479 396 1531 ὅτι
459 1480 647 1533 Ταῦτα
699 1479 898 1536 πάντα
932 1483 1208 1552 ἐφύλαξα
1261 1487 1332 1540 ἐκ
1382 1488 1668 1556 νεότητός

83 1583 223 1632 μου.
289 1568 650 1640 Ἀπεκρίνατο
680 1573 788 1643 γὰρ
815 1572 964 1644 αὐτῷ
994 1573 1202 1644 λέγων,
1251 1577 1336 1630 ὅτι
1396 1597 1414 1630 ι
1446 1579 1546 1632 Ἔν
1591 1596 1675 1633 σοι

85 1656 278 1712 λείπει.
320 1679 339 1712 ι
392 1663 593 1730 Ποῖον;
633 1664 740 1718 Τό·
790 1660 961 1737 Ἀρον
989 1667 1080 1721 τὸν
1126 1671 1358 1742 σταυρόν
1413 1689 1530 1738 σου,
1578 1675 1676 1726 καὶ

80 1750 245 1821 δεῦρο
276 1754 567 1810 ἀκολούθει
616 1775 728 1828 μοι,
782 1760 844 1813 ΟΞ
877 1756 970 1815 οὖν
1001 1761 1147 1829 ἆγιοι
1195 1763 1468 1836 μάρτυρες
1498 1767 1673 1831 οὕτως

85 1845 475 1914 προσήνεγκαν
524 1848 680 1913 ὅλους
708 1851 936 1916 ἑαυτοὺς
970 1851 1047 1923 τῷ
1090 1853 1231 1926 Θεῷ,
1265 1857 1362 1911 καὶ
1408 1858 1469 1910 οὐ
1506 1858 1668 1928 μόνον

79 1936 329 2000 ἑαυτοὺς,
380 1939 519 1994 ἀλλὰ
557 1945 648 1995 καὶ
679 1943 746 1996 τὰ
772 1943 982 1998 ἑαυτῶν
1020 1947 1116 1999 καὶ
1157 1947 1227 2002 τὰ
1271 1949 1400 2020 περὶ
1447 1950 1665 2016 αὐτούς.

83 2027 245 2081 Ἀλλο
289 2031 404 2102 γάρ
433 2032 601 2103 ἐσμεν
635 2035 816 2106 ἡμεῖς,
849 2033 1032 2100 καθὼς
1077 2036 1226 2107 λέγει
1257 2039 1286 2092 ὁ
1313 2038 1470 2108 ἅγιος
1501 2042 1667 2096 Βασί-

74 2120 241 2185 λειος,
276 2124 376 2177 καὶ
405 2124 537 2180 ἄλλο
563 2127 622 2180 τὸ
649 2128 936 2200 ἡμέτερον,
965 2133 1060 2185 καὶ
1089 2131 1216 2186 ἄλλο
1237 2132 1299 2186 τὸ
1323 2134 1452 2205 περὶ
1481 2136 1629 2206 ἡμᾶς
1649 2153 1664 2168 ο

72 2213 244 2268 ταῦτα
273 2218 371 2270 καὶ
393 2218 584 2272 ἄλλοτε
605 2214 758 2273 εἶπον
783 2221 931 2290 ὑμῖν.
966 2223 1156 2294 Ἡμεῖς
1187 2225 1351 2296 ἐσμὲν
1379 2228 1410 2279 ὅ
1427 2226 1551 2292 νοῦς
1572 2230 1668 2282 καὶ

66 2309 100 2375 ἡ
126 2307 297 2378 ψυχὴ,
320 2309 594 2382 ἡμέτερον
613 2312 668 2365 δὲ
696 2313 756 2365 τὸ
778 2313 936 2385 σῶμα
954 2331 970 2345 ο
995 2315 1064 2368 τὰ
1083 2314 1140 2369 δὲ
1163 2316 1291 2388 περὶ
1325 2318 1494 2388 ἡμᾶς,
1531 2320 1666 2389 κτή-

69 2418 221 2469 ματα
271 2403 370 2456 καὶ
410 2405 468 2457 αἱ
499 2403 683 2459 λοιπαὶ
712 2404 854 2462 ὕλαι.
903 2408 1288 2480 Προσήνεγκαν
1316 2405 1412 2464 οὖν
1440 2412 1666 2475 ἑαυτοὺς

63 2493 112 2546 οἱ
144 2494 297 2562 ἅγιοι
320 2494 404 2567 τῷ
432 2495 552 2568 Θεῷ
575 2498 670 2569 ὅλῃ
689 2499 902 2571 καρδία,
918 2500 1014 2572 ὅλῃ
1029 2500 1197 2571 ψυχῇ,
1213 2501 1307 2573 ὅλῃ
1339 2501 1661 2572 celeuma:

59 2586 122 2639 τὸ
140 2588 541 2659 γεγραμμένον
561 2606 576 2621 ο
609 2591 958 2661 Ἀγαπήσεις
986 2594 1204 2661 Κύριον
1228 2594 1335 2648 τὸν
1356 2596 1503 2649 Θεόν
1519 2612 1661 2658 σου,

55 2677 130 2733 ἐτι*
149 2677 269 2747 ὅλῃ
285 2678 368 2748 τῇ
383 2679 602 2750 καρδίᾳ
614 2698 752 2749 σου,
774 2683 870 2736 καὶ
887 2683 958 2735 ἐν
977 2682 1095 2752 ὅλῃ
1112 2683 1186 2753 τῇ
1211 2684 1384 2754 ψυχῇ
1400 2701 1539 2752 σου,
1561 2688 1661 2741 καί

57 2771 129 2823 ἐν
158 2770 280 2840 ὅλῃ
309 2771 392 2842 τῇ
445 2773 829 2842 διανοίᾳσου.
867 2777 942 2828 Οὐ
979 2776 1138 2846 μόνον
1172 2777 1281 2847 γὰρ
1309 2778 1535 2844 τέκνων,
1567 2781 1662 2833 καὶ

51 2865 370 2931 γυναικῶν,
412 2867 510 2920 καὶ
552 2866 729 2938 δόξης,
757 2869 850 2921 καὶ
892 2869 1211 2940 χρημάτων,
1271 2871 1366 2923 καὶ
1410 2871 1510 2940 τῆς
1548 2871 1664 2924 λοι-

57 2954 167 3023 πῆς
199 2954 436 3027 ἁπάσης
469 2958 784 3028 περιουσίας
810 2959 1244 3031 κατεφρόνησαν,
1269 2960 1406 3016 ἀλλὰ
1437 2964 1530 3016 καὶ
1559 2964 1658 3015 αὐ-

47 3047 165 3100 τῶν
205 3047 325 3101 τῶν
362 3049 516 3102 ἰδίων
544 3050 811 3121 σωμάτων
829 3067 844 3081 ·
876 3052 970 3104 καὶ
1001 3051 1091 3105 διὰ
1111 3050 1268 3104 τοῦτο
1283 3051 1662 3121 λέγονταιὸλο-

50 3139 437 3210 καυτώματα.
454 3139 663 3210 Λογικὰ
676 3140 758 3203 δὲ,
774 3141 961 3212 ἐπειδὴ
987 3139 1201 3210 λογικὸν
1227 3141 1369 3206 ζῶον
1393 3144 1422 3195 ὁ
1449 3143 1658 3215 ἄνθρω-

45 3249 178 3297 ττος,
221 3235 325 3287 καὶ
390 3233 613 3304 Θύματα
662 3233 842 3287 τέλεια
880 3233 1019 3304 Θεῷ.
1066 3229 1198 3288 Εἶτα
1235 3234 1297 3288 τὸ
1344 3235 1492 3306 ἑξῆς.
1524 3235 1658 3290 Θεὸν

45 3328 415 3392 γινώσκοντα
438 3325 532 3377 καὶ
552 3322 673 3395 Θεῷ
702 3325 1078 3394 γινωσκόμενα
1093 3325 1360 3396 πρόϐατα.
1381 3326 1504 3390 Πῶς
1525 3327 1656 3381 Θεὸν

41 3417 447 3487 γινώσκοντα;
489 3417 577 3481 Ὠς
611 3417 770 3482 αὐτὸς
813 3421 840 3470 ὁ
865 3417 1066 3489 Κύριος
1100 3419 1268 3482 ἔδειξε
1301 3419 1392 3472 καὶ
1422 3420 1656 3486 ἐδίδαξεν

39 3508 227 3566 εἰπών
245 3526 262 3541 ⁸
299 3510 386 3565 Τὰ
411 3511 675 3578 πρόϐατα
697 3510 768 3564 τὰ
803 3509 916 3578 ἐμὰ
947 3510 1060 3577 τῆς
1088 3508 1295 3581 φωνῆς
1322 3529 1443 3580 μου
1472 3512 1655 3566 ἀκού-

33 3622 212 3669 ουσι,
250 3604 365 3659 καὶ
397 3603 670 3674 γινώσκω
716 3605 786 3660 τὰ
814 3604 948 3675 ἐμὰ,
998 3605 1098 3659 καὶ
1130 3604 1489 3674 τινώσκομαι
1535 3607 1653 3658 ὑ.τύ

31 3697 164 3752 τῶν
189 3697 393 3767 ἐμῶν.
425 3697 524 3750 Διὰ
548 3698 601 3749 τί
629 3693 751 3750 εἶπε
783 3718 785 3721 ·
849 3702 921 3750 Tu
970 3697 1235 3765 πρόϐατα
1262 3696 1336 3750 τὰ
1381 3694 1493 3764 ἐμὰ
1540 3692 1652 3762 τῆς

26 3787 266 3857 φωνῆς
290 3804 427 3857 μου
461 3791 796 3848 axovovat;
839 3788 983 3840 Ἀντι
1015 3787 1108 3840 ’παῦ
1129 3828 1144 3845 ,
1178 3787 1337 3857 Λόγῳ
1388 3804 1488 3856 μου
1545 3785 1652 3838 ὑπο

27 3880 351 3946 ακούουσι,
405 3880 498 3932 καὶ
538 3896 632 3940 τες
667 3879 886 3942 εντολάς
928 3895 1029 3949 μου
1052 3879 1398 3942 (τιυλάττουσι,
1435 3877 1530 3930 καὶ
1560 3876 1650 3930 διὰ

27 3972 210 4026 τοῦτο
240 3970 590 4040 γινώσκουσί
617 3985 715 4040 με’
746 3969 835 4023 διὰ
865 3972 972 4040 γὰρ
1011 3972 1108 4041 τῆς
1137 3969 1385 4038 φυλακῆς
1431 3970 1539 4020 τῶν
1564 3972 1652 4022 ὲν·

19 4065 219 4119 στολῶν
269 4063 599 4134 ἐγγίζουσιν
641 4063 692 4115 οἱ
724 4063 876 4132 ἅγιοι
911 4081 988 4132 τῳ
1019 4063 1158 4131 Θεερ.
1198 4063 1293 4114 καὶ
1334 4061 1456 4114 ὅσον
1501 4061 1652 4130 ἐγγί-

21 4158 239 4223 ζουσιν
283 4154 470 4223 αὐτῷ,
508 4152 764 4207 τοσοῦτον
790 4152 1153 4222 γινώσκουσιν
1200 4151 1384 4214 αὑτὸν,
1424 4152 1520 4204 καὶ
1567 4168 1652 4220 γι-

17 4251 375 4305 νώσκονται
405 4247 493 4300 ὑπ’
524 4245 692 4300 αὑτοῦ
719 4287 730 4298 .
765 4249 886 4299 ἐπει
932 4245 962 4296 ὁ
1005 4243 1135 4307 Θεὸς
1166 4243 1235 4296 τὰ
1281 4245 1458 4296 πάντα
1492 4241 1654 4309 γινώ-

21 4352 188 4397 σκει,
241 4332 355 4384 καὶ
413 4331 482 4383 τὰ
527 4329 770 4400 κρυπτὰ,
819 4331 912 4382 καὶ
957 4329 1023 4381 τὰ
1076 4325 1265 4398 βαθέα,
1319 4327 1414 4379 καὶ
1471 4328 1542 4379 τὰ
1575 4325 1651 4394 μὴ

10 4430 188 4480 ὄντα.
234 4423 360 4477 Διὰ
407 4421 456 4471 τί
485 4417 579 4474 οὖν
631 4423 772 4489 λέγει
817 4424 943 4489 περὶ
991 4421 1095 4472 τῶν
1128 4417 1299 4488 ἁγίων
1341 4418 1462 4488 Θεῷ
1488 4434 1652 4486 γινω-

15 4531 340 4587 σκομενας
374 4513 516 4575 Ὅτι,
553 4512 734 4574 καθώς
777 4507 947 4572 εἶπον,
982 4510 1070 4562 διὰ
1101 4509 1210 4563 τῶν
1242 4508 1468 4562 ἐντολῶν
1495 4509 1650 4577 ἐγγί-

5 4613 230 4674 ζοντες
290 4602 477 4673 αὐτῷ,
527 4602 885 4672 γινώσκουσιν
935 4603 1095 4655 αὑτὸν
1148 4601 1242 4654 καὶ
1289 4599 1650 4669 γινώσκονται

7 4704 117 4756 ὑπ’
152 4697 378 4754 αὐτοῦ.
414 4697 586 4749 Ὅταν
633 4695 741 4764 γὰρ
771 4694 1175 4762 ἀποσφεφεταί
1201 4711 1287 4758 τις
1320 4695 1415 4749 καὶ
1437 4693 1651 4765 μακρύ-

0 4816 96 4850 νει
167 4791 400 4848 ἐαάτὸν
465 4789 573 4843 ἀπό
625 4806 802 4852 τινος,
857 4788 1108 4841 τοσοῦτον
1161 4787 1382 4855 λέγεται
1429 4789 1646 4853 ἀγνοεῖν

2 4884 298 4956 ὲγγίζων
327 4901 342 4910 ·
395 4882 597 4950 ὁμοίως
647 4880 865 4948 λέγεται
911 4881 1202 4948 γινώσκειν
1247 4879 1344 4933 καὶ
1385 4879 1653 4946 γινώσκε-

0 4979 195 5036 σθαιο
254 4973 419 5029 κατὰ
467 4973 628 5025 τοῦτο
674 4967 766 5025 οὖν
809 4973 1025 5040 λέγεται
1070 4974 1163 5025 καὶ
1206 4973 1242 5027 ἀ
1273 4968 1406 5034 Θεὸς
1436 4970 1651 5038 ἀγνοεῖν

0 5071 152 5130 τοὺς
195 5062 610 5134 ἁμαρτωλοὺς,
667 5061 802 5116 καθὸ
861 5061 1232 5132 μακρύνουσιν
1278 5063 1503 5125 ἑαυτοὺς
1549 5063 1649 5116 ἀπ’

0 5155 235 5212 αὐτοῦ.
299 5152 410 5205 Διὰ
451 5151 611 5204 τοῦτο
639 5151 735 5203 καὶ
758 5149 917 5213 αὐτὸς
941 5151 970 5202 ὁ
998 5149 1203 5222 Κύριος
1245 5151 1364 5213 τοῖς
1392 5147 1650 5214 τοιούτοις

0 5251 184 5318 λέγει
211 5261 232 5277 ⁸
287 5242 491 5310 Ἀμὴν
536 5239 688 5312 λέγω
727 5241 892 5311 ὑμῖν,
917 5243 1027 5295 οὐκ
1068 5239 1201 5296 οἶδα
1235 5242 1408 5311 ὑμᾶς.
1447 5241 1509 5294 Οἱ
1556 5236 1650 5294 οὖν

0 5344 204 5413 ἱγιοι,
247 5334 454 5400 καθὼς
487 5335 742 5397 πολλάκις
781 5330 956 5396 εἷπον,
984 5335 1105 5387 ὅσον
1137 5334 1372 5387 κτῶνται
1397 5333 1487 5386 διὰ
1536 5332 1646 5384 τῶν

0 5432 292 5489 ἐντολῶν
347 5427 445 5490 τὰς
492 5429 712 5498 ἀρετὰς,
763 5426 1015 5481 τοσοῦτον
1061 5425 1531 5498 προσοικειοῦνται
1569 5425 1646 5495 τῷ

0 5525 175 5598 εοεῷ,
243 5520 360 5575 καὶ
395 5520 517 5572 ὅσον
549 5518 1013 5589 προσοικειοὼται
1043 5517 1225 5588 αὐτῷ,
1266 5516 1516 5570 τοσοῦτον
1555 5533 1641 5584 γι.¹

0 5619 380 5674 νὼσκουσιν
427 5611 590 5666 αὑτὸν
613 5611 707 5666 καὶ
741 5609 1098 5680 γινώσκονται
1138 5611 1231 5662 ὑπ’
1262 5609 1444 5665 αὑτοῦ.
1481 5603 1582 5663 Ὧν
1613 5609 1647 5680 ἡ

87 5733 115 5772 τ
175 5726 405 5785 Matth.
452 5742 565 5789 xu,
601 5726 692 5780 27.
797 5729 821 5766 ε
848 5727 978 5780 ibid.
1013 5725 1106 5791 20,
1135 5727 1224 5781 2|.
1323 5727 1348 5766 δ
1385 5725 1576 5782 Matth.
1602 5741 1669 5780 xx

0 5808 6 5850 ι
41 5801 310 5859 Matth.
346 5812 474 5861 xxv,
505 5797 593 5851 12.

405 5896 670 5957 ΡΑτιιοι..
725 5895 838 5959 Gn.
904 5889 1306 5953 LXXXVIII.

1779 961 1847 1001 ex
1881 955 1994 1002 toto
2021 949 2327 1008 oﬂ'erebant
2358 963 2415 1010 et
2439 955 2570 1013 illud
2597 961 2826 1016 omnino
2849 966 3280 1040 coushurebant;
3307 985 3364 1031 et

1780 1038 1877 1103 ita,
1903 1048 1962 1094 ut
1980 1042 2242 1111 diximus,
2265 1047 2496 1114 salvum,
2521 1052 2792 1126 integrum
2818 1068 2872 1112 et
2894 1061 3194 1129 perfectum
3219 1038 3361 1137 erat,

1778 1131 1845 1224 ad
1872 1132 2239 1201 perfectorum
2291 1140 2572 1198 hominum
2604 1148 2823 1218 signum
2850 1191 2865 1213 ,
2915 1156 3010 1224 qui
3055 1131 3358 1218 dixerunt;

1779 1217 1917 1275 Ecce
1946 1237 2041 1276 nos
2073 1226 2386 1297 reliquimus
2415 1235 2614 1301 omnia,
2637 1217 2688 1290 et
2711 1241 2882 1294 secuti
2913 1217 3096 1300 sumus
3126 1256 3175 1302 te
3201 1247 3247 1305 τ.
3273 1217 3360 1308 Ad

1776 1329 1942 1383 quam
1976 1316 2365 1385 perfectionem
2398 1323 2722 1383 hortabatur
2760 1330 2912 1387 illum
2942 1333 3227 1406 Dominus,
3259 1344 3359 1414 qui

1776 1418 2044 1477 praecepta
2077 1409 2328 1484 Decalogi
2359 1429 2610 1473 servasse
2638 1435 2700 1476 se
2739 1423 2810 1478 ab
2853 1425 3226 1486 adolescentia
3255 1409 3358 1490 s—ua

1777 1502 2082 1568 respondit,
2107 1520 2232 1560 cum
2269 1507 2411 1563 dixit
2430 1511 2483 1566 ei
2516 1530 2530 1565 :
2567 1532 2587 1564 ι
2625 1510 2807 1570 Unum
2831 1518 2927 1572 tibi
2957 1520 3132 1586 deest,
3162 1532 3223 1579 ut
3251 1527 3361 1580 sci-

1774 1595 1901 1651 licet
1934 1597 2094 1654 tollas
2127 1616 2345 1658 crucem
2378 1612 2551 1673 tuam,
2601 1617 2660 1663 et
2705 1613 2956 1681 sequaris
3003 1630 3092 1670 me
3119 1618 3168 1672 ⁸.
3205 1637 3227 1671 ι
3263 1616 3360 1675 Sic

1773 1689 1940 1760 igitur
1969 1695 2146 1749 sancti
2186 1709 2452 1768 martyres
2477 1709 2622 1758 totos
2643 1716 2764 1760 sese
2794 1703 2905 1760 Deo
2930 1709 3179 1767 obtulere
3206 1729 3221 1767 :
3255 1728 3354 1769 nc-

1771 1798 1881 1854 que
1910 1787 2090 1842 solum
2124 1803 2185 1844 se
2217 1790 2388 1860 ipsos,
2426 1793 2523 1850 sed
2553 1805 2607 1851 et
2629 1813 2754 1867 qua:
2779 1798 3022 1867 ipsorum
3054 1800 3271 1862 fuerant
3300 1815 3354 1861 et

1769 1893 1894 1946 quae
1922 1879 2067 1935 circa
2115 1881 2285 1951 ipsos.
2324 1883 2485 1940 Aliud
2541 1889 2688 1944 enim
2746 1907 2849 1948 nos
2891 1898 3084 1952 sumus
3132 1896 3228 1969 (at
3274 1901 3355 1956 ait

1770 1968 2055 2044 Basilius),
2101 1975 2248 2030 aliud
2283 1987 2488 2045 nostra,
2536 1982 2682 2037 aliud
2715 2001 2838 2054 qua:
2865 1986 3012 2042 circa
3045 1968 3166 2046 nos.
3201 1989 3350 2059 Nas,

1771 2075 1833 2120 ut
1856 2067 1996 2124 alias
2022 2069 2176 2127 vobis
2197 2072 2334 2136 dixi,
2366 2089 2560 2131 sumus
2579 2093 2736 2135 mens
2761 2090 2815 2136 et
2843 2082 3062 2152 anima;
3099 2096 3349 2145 nostras.

1766 2171 1849 2215 est
1888 2176 2122 2232 corpus;
2175 2166 2320 2221 circa
2363 2183 2464 2224 nos
2511 2180 2635 2225 sunt
2683 2176 3092 2244 possessiones,
3138 2191 3194 2234 et
3239 2183 3348 2239 alia

1767 2251 2166 2322 hujuscemodi.
2201 2255 2533 2316 Ohtulerunt
2564 2279 2694 2333 ergo
2738 2281 2859 2322 sese
2889 2269 3127 2339 primum
3171 2275 3350 2330 sancti

1767 2342 1900 2410 Deo,
1935 2356 2048 2402 toto
2086 2351 2272 2414 corde,
2317 2361 2431 2408 tota
2478 2356 2682 2423 anima,
2718 2368 2829 2415 tota
2860 2361 3080 2429 virtute,
3118 2376 3177 2421 ut
3207 2367 3345 2423 scri-

1765 2447 1921 2507 ptum
1945 2450 2031 2497 est
2060 2459 2075 2497 :
2107 2441 2308 2515 Diliges
2359 2446 2644 2503 Dominum
2699 2451 2864 2508 Deum
2923 2466 3072 2511 tuum
3123 2475 3190 2514 ea:
3237 2471 3347 2516 toto

1765 2533 1920 2587 corde
1959 2547 2071 2602 tuo,
2120 2549 2234 2592 tota
2286 2526 2454 2597 nitate
2485 2553 2612 2610 tua,
2658 2556 2770 2600 tota
2804 2549 2984 2605 anima
3017 2560 3111 2606 tua
3139 2549 3188 2608 ⁵.
3222 2552 3346 2612 Νοιι

1765 2629 1945 2682 solum
1977 2631 2123 2685 enim
2163 2632 2303 2690 ﬁlios
2328 2676 2340 2696 ,
2380 2651 2609 2700 uxores,
2642 2639 2904 2710 gloriam,
2955 2648 3244 2714 pecunias,
3290 2659 3348 2704 et

1765 2730 2020 2777 eceteram
2066 2739 2286 2781 omnem
2334 2730 2699 2786 substantiam
2742 2745 3212 2807 contempserunt,
3248 2741 3347 2796 sed

1762 2823 1815 2865 ct
1843 2829 1942 2867 sua
1973 2817 2190 2885 prOpria
2222 2833 2454 2889 corpora
2479 2822 2842 2879 tradiderunt.
2875 2823 3058 2891 Quare
3087 2840 3234 2886 recte
3257 2829 3345 2886 di-

1764 2917 1966 2959 cuntur
2023 2907 2492 2965 holocautontata.
2551 2912 2915 2970 Rationabilia
2951 2929 3158 2983 autem,
3211 2922 3342 2990 quia

1763 2996 2032 3052 rationale
2077 3001 2280 3054 animal
2320 3012 2403 3056 est
2430 3002 2618 3070 homo,
2654 3007 2987 3062 sacriﬁcium
3036 3011 3342 3080 perfectum

1763 3085 1897 3142 Deo.
1931 3089 2191 3159 Sequitur
2225 3110 2240 3146 :
2273 3093 2442 3147 Deum
2475 3107 2892 3167 cognoscentes,
2921 3107 2978 3154 et
3019 3115 3052 3154 a
3095 3099 3208 3156 Deo
3245 3117 3344 3160 co-

1684 3207 1730 3269 C
1761 3184 1942 3252 gnitas
1961 3197 2112 3238 oves.
2143 3185 2264 3250 Quo
2293 3200 2452 3255 pacto
2485 3188 2653 3243 Deum
2679 3193 3118 3261 cognoscentes?
3141 3193 3337 3251 Osten-

1758 3274 1840 3326 dit
1883 3275 1988 3329 hoc
2030 3274 2338 3344 Dominus,
2401 3279 2697 3351 docuitque
2755 3282 2990 3340 dicens:
3023 3283 3158 3341 Oves
3211 3303 3340 3343 mea:

1759 3383 1934 3422 vocem
1984 3387 2156 3424 meam
2200 3373 2427 3428 audiunt
2459 3385 2508 3428 et
2543 3390 2798 3446 cognosco
2835 3394 2976 3433 meas
2998 3417 3014 3440 .
3048 3390 3101 3434 et
3147 3398 3341 3450 cogno-

1757 3471 1911 3512 scunt
1945 3478 2026 3514 me
2060 3479 2188 3516 mea:
2215 3465 2232 3504 i
2263 3483 2278 3530 ;
2326 3465 2429 3520 hoc
2455 3475 2559 3529 est,
2584 3470 2934 3525 sermonibus
2961 3470 3099 3526 meis
3120 3483 3333 3542 parent,

1757 3565 2024 3622 praecepta
2052 3569 2170 3608 mea
2196 3556 2535 3620 custodiunt,
2561 3566 2618 3612 et
2641 3573 2706 3612 ex
2740 3559 2827 3615 his
2854 3573 3198 3630 cognoscunt
3224 3581 3333 3620 me.

1757 3643 1859 3701 Per
1912 3648 2320 3703 observantiam
2387 3651 2533 3704 enim
2589 3661 2984 3722 praceptorum
3034 3660 3332 3728 appropin-

1754 3750 1928 3808 quant
1974 3739 2088 3796 Deo
2131 3743 2341 3809 sancti;
2378 3755 2431 3797 et
2463 3756 2671 3814 quanto
2717 3749 2894 3818 magis
2931 3747 3009 3802 illi
3038 3751 3334 3822 appropin-

1753 3847 1945 3902 quant,
1987 3843 2142 3889 tanto
2176 3837 2354 3906 magis
2397 3847 2760 3907 cognoscunt,
2789 3850 2846 3895 et
2897 3841 2967 3896 ab
3007 3857 3075 3898 eo
3121 3859 3330 3914 cogno-

1753 3937 2008 3981 scuntur.
2040 3927 2310 3984 Dominus
2355 3931 2502 3985 enim
2547 3933 2729 3987 omnia
2779 3933 2949 3998 novit,
2976 3936 3329 4004 et'proiunda

1749 4029 1806 4074 et
1853 4021 2089 4087 occulta,
2133 4033 2191 4078 et
2231 4025 2398 4078 etiam
2429 4040 2550 4092 qua:
2597 4026 2841 4081 nondum
2885 4037 3035 4083 sunt.
3060 4027 3329 4101 Cognosci

1751 4123 1935 4169 autem
1957 4115 2216 4172 dicuntur
2241 4118 2313 4172 ab
2338 4133 2406 4172 eo
2430 4117 2594 4191 ωε
2623 4135 2721 4190 per
2748 4121 3152 4178 observantiam
3188 4139 3328 4197 prte-

1749 4218 2074 4279 ceptorum,
2120 4219 2181 4265 ut
2231 4212 2494 4279 diximus,
2548 4229 2610 4268 ea
2659 4214 3021 4272 similitudine
3049 4233 3158 4286 qua
3199 4220 3327 4288 quis

1751 4301 2007 4372 ignorare
2050 4312 2106 4359 et
2149 4306 2392 4376 ignorari
2427 4309 2496 4362 ab
2527 4308 2712 4378 aliquo
2751 4309 2955 4365 dicitur
2985 4325 3080 4382 per
3107 4313 3330 4384 elonga-

1750 4396 1978 4461 tionem,
2001 4407 2056 4452 et
2080 4413 2176 4468 per
2199 4402 2793 4470 appropinquationem
2815 4402 2946 4459 sciri
2967 4415 3019 4460 et
3045 4407 3324 4476 cognosci.

1752 4485 1914 4544 Juxta
1963 4492 2108 4560 quod
2156 4491 2380 4558 dicitur,
2440 4491 2611 4547 Deum
2661 4495 2920 4564 ignorare
2965 4508 3323 4568 peccatores,

1753 4581 2012 4650 quoniam
2047 4583 2205 4653 longe
2233 4583 2371 4638 [iant
2400 4584 2469 4639 ab
2484 4601 2553 4639 eo
2574 4601 2672 4656 per
2701 4596 3002 4656 peccatum.
3030 4587 3106 4644 De
3124 4589 3328 4659 quibus

1751 4677 1830 4730 ait
1860 4677 2122 4735 Dominus
2146 4680 2200 4732 in
2237 4679 2530 4750 Evangelia
2561 4699 2576 4733 :
2609 4682 2798 4744 Amen.
2827 4699 2979 4738 amen
3010 4686 3132 4739 dico
3158 4685 3324 4750 vobis,

1753 4771 1928 4823 nescio
1961 4769 2121 4825 vasi.
2154 4769 2339 4826 Sancti
2359 4773 2544 4842 igitur,
2576 4783 2636 4827 ut
2670 4775 2795 4830 dico
2823 4776 3048 4846 saepius,
3069 4791 3180 4845 quo
3209 4794 3328 4832 ma-

1752 4862 1837 4932 gis
1879 4872 2276 4933 praeceptorum
2325 4864 2707 4920 observatione
2758 4877 2950 4935 parant
2981 4869 3228 4935 virtutes,
3258 4885 3328 4924 eo

1754 4956 1933 5025 magis
1963 4956 2406 5028 appropinquant
2443 4957 2576 5023 Deo,
2609 4975 2828 5030 quoque
2856 4963 3030 5030 magis
3058 4964 3328 5018 accedunt

1751 5047 1818 5099 ad
1841 5043 2035 5111 Deum,
2062 5061 2130 5101 eo
2157 5049 2326 5117 magis
2349 5058 2689 5118 cOgnoseunt
2704 5064 2852 5113 cum,
2873 5061 2930 5105 et
2952 5054 3022 5105 ah
3042 5067 3110 5106 eo
3129 5067 3330 5123 cogno-

1751 5149 2002 5194 scuntur.
2022 5137 2281 5210 Sequitur
2305 5158 2318 5194 :
2344 5139 2588 5206 Quarum
2623 5144 2848 5198 mandra
2874 5145 3015 5211 lupis
3042 5152 3127 5199 est
3154 5145 3320 5201 invia.

1753 5229 1974 5286 Mandra
2001 5231 2200 5286 dicitur
2229 5231 2386 5288 locus
2416 5235 2816 5304 circumseptus
2845 5253 2860 5288 :
2892 5234 3001 5289 huc
3029 5246 3326 5306 congregat

1750 5335 1938 5393 pastor
1959 5339 2108 5388 oves,
2132 5331 2186 5378 et
2207 5327 2512 5380 custodiam
2544 5325 2762 5382 illarum
2787 5330 2920 5397 agit,
2948 5344 3016 5382 ne
3043 5329 3324 5398 rapiantur

1753 5433 1781 5469 a
1810 5417 1975 5487 lupis,
2005 5419 2089 5472 vel
2131 5417 2421 5488 abigantur
2448 5435 2478 5472 a
2513 5418 2746 5475 furibus.
2783 5419 2944 5487 Quod
2969 5423 3014 5476 si
3042 5423 3222 5492 aliqua
3255 5438 3326 5478 ex

1751 5522 1906 5580 pa"te
1935 5511 2160 5566 mandra
2186 5510 2393 5584 fragilis
2419 5511 2584 5568 fuerit
2616 5523 2671 5569 et
2699 5515 2915 5578 debilis,
2942 5514 3100 5570 facile
3139 5516 3326 5585 pervia

1755 5605 1814 5658 tit
1871 5605 2081 5660 insidiis
2120 5615 2230 5660 tam
2287 5607 2576 5677 luporum,
2624 5624 2791 5679 quam
2838 5607 3044 5664 furum.
3099 5607 3326 5664 Mandra

1683 4555 1726 4609 Ι)

1677 5740 1738 5783 ιι.
1773 5723 1876 5793 '57;
1913 5722 2079 5778 Marc.
2138 5739 2238 5791 xu,
2277 5724 2379 5792 '55;
2415 5724 2546 5780 Luc.
2601 5743 2656 5794 ιι,
2690 5727 2798 5781 9.7.
2910 5731 2921 5766 ί
2959 5724 3122 5782 Joan.
3155 5742 3207 5790 χ,
3233 5725 3326 5782 27.

2961 5890 3033 5951 58
