4118 6542
831 429 968 493 1835

2030 430 2087 488 S.
2130 427 2514 488 DUROTIIEI
2551 429 2866 490 ABBATIS

3957 434 4088 499 1335

835 540 1000 604 igitur
1026 546 1342 592 sanctorum
1396 536 1606 590 munita
1649 545 1731 588 est
1778 535 2038 602 undique,
2079 544 2194 588 tuta
2219 544 2274 588 et
2302 540 2395 589 ob-

2506 537 2714 607 μάνδρα
2745 538 2927 599 λύκοις
2973 538 3318 598 ἀνεπίϐατος.
3371 540 3595 609 Μάνδρα
3647 543 3870 610 λέγεται
3926 547 4086 607 eam;

826 640 1062 694 servata,
1114 641 1188 692 et,
1243 638 1302 681 ut
1345 628 1422 682 ait
1464 629 1765 693 Dominus,
1810 627 1897 678 ubi
1937 627 2078 695 [uret
2129 642 2231 678 non
2265 627 2393 695 effo-

825 724 978 776 diunt
1007 724 1032 762 Ιί
1055 763 1070 787 ,
1123 736 1301 790 neque
1328 721 1626 789 quidquam
1671 734 1877 773 noeens
1914 717 2110 772 afferre
2144 730 2392 788 possunt.

824 815 1078 878 Oremus,
1108 812 1324 879 fratres,
1360 811 1650 866 Dominum
1671 850 1689 875 ,
1721 821 1782 863 ut
1815 819 1870 864 et
1897 825 1999 864 nos
2047 809 2155 865 illis
2195 810 2397 879 pariter

825 920 1238 976 corregnemus,
1285 905 1487 974 pariter
1535 901 1984 973 congaudeamus
2015 902 2069 955 in
2099 901 2221 956 loco
2259 901 2395 956 deli-

827 1000 1034 1051 ciarum
1063 1005 1120 1050 et
1143 1005 1347 1050 sanetae
1375 994 1600 1063 quietis.
1637 992 1750 1048 Nisi
1774 993 1925 1048 enim
1970 991 2025 1046 in
2060 1006 2251 1046 eorum
2282 1002 2396 1047 sta-

828 1101 939 1143 tum
971 1099 1026 1144 et
1067 1088 1450 1157 perfectionem
1480 1085 1912 1155 pervenerimus,
1959 1083 2104 1138 haud
2152 1099 2396 1154 unquam

824 1180 974 1252 digni
1018 1180 1226 1234 erimus
1251 1191 1442 1232 eorum
1478 1176 1670 1248 gloria.
1714 1177 1783 1228 At
1810 1176 2015 1229 utinam
2061 1189 2093 1228 a
2140 1175 2396 1244 paradiso

826 1286 936 1325 non
965 1269 1229 1324 eadamus
1253 1270 1266 1320 !
1325 1267 1472 1336 quod
1498 1279 1631 1320 sane
1661 1266 1885 1320 minime
1911 1265 2209 1334 continget,
2239 1265 2286 1318 si
2315 1264 2395 1316 vi-

823 1359 1199 1431 gilaverimus,
1245 1359 1292 1412 si
1355 1357 1585 1411 studiosi
1639 1355 1942 1416 fuerimus.
2000 1355 2047 1410 si
2101 1370 2206 1410 nos
2251 1355 2398 1419 ipsos

823 1453 1186 1522 coegerimus.
1242 1450 1313 1505 Ut
1359 1449 1506 1502 enim
1554 1449 1632 1502 ait
1686 1458 1910 1503 sanctus
1956 1445 2208 1501 Clemens
2252 1446 2392 1515 (‘):

830 1564 852 1597 ι
889 1543 1154 1615 Quisquis
1183 1556 1444 1598 coronam
1473 1551 1624 1610 optat
1657 1539 1941 1608 consequi,
1983 1540 2199 1594 studeat
2235 1548 2398 1608 atque

824 1649 1045 1704 operam
1077 1633 1169 1688 det
1193 1672 1209 1696 ,
1248 1640 1309 1687 ut
1356 1631 1426 1686 sit
1455 1631 1598 1701 apud
1627 1638 1940 1685 coronatos.
1981 1648 2000 1680 ι
2045 1627 2112 1683 Ut
2150 1629 2296 1683 enim
2342 1628 2396 1681 in

824 1727 1025 1796 palatio
1061 1723 1244 1793 magni
1285 1734 1412 1778 sunt
1437 1737 1502 1777 ac
1532 1721 1801 1790 splendidi
1847 1720 2217 1790 magistratus,
2255 1719 2398 1788 finge

824 1828 1097 1882 senatum,
1129 1816 1407 1887 patricios,
1444 1814 1741 1883 magistros
1766 1813 2038 1882 equitum,
2087 1812 2394 1882 praefectos,

2505 629 3041 698 περιπεφραγμένος,
3066 629 3196 682 ἔνθα
3219 630 3438 697 συνάγει
3466 633 3494 684 ὁ
3510 633 3716 703 ποιμὴν
3739 634 3814 686 τά
3837 636 4087 704 πρόϐατα

2503 719 2600 770 καὶ
2653 719 2915 786 φυλάσσει
2939 759 2954 782 ,
3021 721 3108 772 ἵνα
3156 719 3235 790 μὴ
3275 720 3681 790 διαρπασθῶσιν
3731 723 3846 776 ὑπὸ
3912 724 4090 777 λύκων

2504 810 2537 880 ἦ
2573 809 2680 862 ἀπὸ
2712 809 2924 881 λῃστῶν
2955 810 3279 879 συληθῶσιν.
3316 811 3441 864 Ἐὰν
3467 813 3525 866 δὲ
3553 813 3781 886 ὑπάρχῃ
3807 816 3844 886 ἡ
3880 817 4087 885 primis:

2503 900 2610 952 ἀπὸ
2642 900 2954 970 οῑουδήποτε
2977 900 3178 970 μέρους
3205 901 3525 972 σαθροτὲρα,
3550 904 3873 974 εὑρίσκεται
3904 907 4088 959 εὐεπε-

2504 989 2687 1053 6ατος,
2734 990 2828 1042 καὶ
2859 990 3099 1061 εὐχερῶς
3141 991 3547 1046 ἐπιϐουλεύεται
3577 996 3673 1048 καὶ
3714 996 3831 1049 ὑπὸ
3859 995 3978 1050 τῶν
4007 998 4087 1048 λύ-

2505 1096 2616 1132 κων
2654 1079 2902 1135 καὶ.τῶν
2947 1080 3179 1150 λῃστῶν.
3246 1080 3310 1134 Ἦ
3361 1079 3454 1136 οὖν
3500 1085 3711 1156 μάνδρα
3759 1085 3876 1138 τῶν
3925 1087 4090 1152 ἀξίω-ι

2504 1171 2842 1238 πανταχόθεν
2869 1171 3199 1241 ήσφάλισται
3242 1173 3338 1226 καὶ
3383 1176 3749 1246 πεφύλακται,
3787 1176 3990 1245 ὥσπερ
4019 1173 4085 1229 εἶ-

2503 1279 2606 1315 πεν
2648 1265 2677 1315 ὀ
2725 1262 2948 1331 Κύριος,
3003 1263 3151 1318 ἔνθα
3199 1264 3450 1318 κλέπται
3495 1269 3568 1320 οὐ
3614 1267 4084 1336 διορύσσουσιν,

2502 1353 2627 1408 οὔτε
2657 1353 2783 1407 ἄλλο
2818 1372 2872 1408 τι
2915 1355 3024 1407 τῶν
3068 1355 3348 1428 βλαϐερῶν
3375 1345 3771 1413 ὲπιδουλεῦσαι
3805 1361 4084 1417 δύνανται.

2504 1445 2804 1515 Εὐξώμεθα
2838 1442 2956 1512 οὖν,
3000 1446 3239 1515 ἀδελφοὶ,
3291 1449 3376 1500 ἵνα
3407 1449 3504 1502 καὶ
3550 1451 3716 1520 ἡμεῖς
3766 1450 4086 1522 semp.

2506 1537 2985 1609 συμποιμανθῆναι
3031 1539 3239 1603 αὐτοῖς,
3284 1541 3378 1592 καὶ
3428 1541 3720 1611 εὑρεθῆναι
3758 1546 3864 1596 καὶ
3909 1543 3971 1595 ἑν
4019 1542 4086 1610 τῷ

2503 1630 2655 1700 τόπῳ
2693 1629 2794 1700 τῆς
2844 1630 3122 1700 μακαρίας
3153 1630 3364 1702 τρυφῆς
3409 1633 3645 1702 ἐκείνης,
3681 1633 3785 1686 καὶ
3818 1635 3923 1704 τῆς
3961 1636 4083 1688 ἀνα-

2506 1721 2759 1784 παύσεως
2789 1721 2997 1773 αὐτῶν·
3027 1721 3131 1774 κᾶν
3163 1722 3272 1788 γὰρ
3298 1722 3398 1775 οὐκ
3430 1722 3758 1794 ἐφθάσαμεν
3787 1728 3897 1798 τὴν
3929 1733 4083 1781 κατά-

2507 1830 2696 1866 στασιν
2724 1810 2831 1864 τῶν
2854 1811 3048 1878 ἁγίων,
3084 1811 3187 1865 κᾶν
3215 1812 3315 1865 οὐκ
3342 1813 3480 1878 ἄξιοί
3508 1815 3681 1884 ἐσμεν
3724 1816 3831 1868 τοῦ
3867 1813 4013 1870 εἶναι
4035 1821 4083 1870 ὲν

824 1910 1200 1973 silentiarios;
1259 1907 1351 1978 qui
1409 1921 1603 1960 omnes
1661 1904 2018 1974 magistratus
2063 1903 2395 1958 venerabiles

2503 1907 2565 1974 τῆ
2615 1903 2742 1974 δόξῃ
2789 1903 2990 1956 αὐτῶν.
3056 1903 3218 1956 Ἀλλὰ
3247 1903 3524 1972 δυνάμεθα
3571 1907 3652 1976 μὴ
3700 1908 3972 1960 ἐκπεσεῖν
4000 1909 4083 1960 τεῦ

823 2011 971 2056 sunt.
998 1999 1066 2054 Et
1092 2000 1187 2054 alii
1206 2013 1427 2069 quoque
1453 1999 1505 2050 in
1533 1997 1726 2050 eodem
1754 1997 1955 2064 palatio
1987 2005 2115 2048 sunt
2148 1995 2397 2049 militiam

823 2105 1045 2165 agentes
1061 2107 1232 2164 parvo
1258 2106 1366 2146 ere
1382 2100 1435 2146 et
1458 2089 1675 2144 modico
1694 2088 1998 2158 stipendio;
2023 2096 2078 2142 et
2105 2097 2282 2142 tamen
2299 2087 2401 2156 ipsi

823 2201 1042 2256 quoque
1068 2184 1304 2238 militare
1330 2181 1589 2236 dicuntur
1616 2181 1750 2249 regi,
1777 2190 1833 2234 et
1861 2179 2116 2250 quamvis
2154 2195 2402 2234 summu-

825 2295 944 2334 rum
974 2278 1196 2333 illorum
1225 2275 1452 2346 gloriam
1487 2288 1597 2326 non
1624 2272 1883 2336 habeant,
1912 2279 1968 2324 et
2000 2270 2102 2340 ipsi
2134 2278 2316 2324 tamen
2347 2269 2400 2323 in

825 2372 1028 2442 palatio
1053 2380 1200 2424 sunt.
1228 2365 1510 2435 Contingit
1541 2375 1725 2419 autem
1756 2363 2078 2434 plerumque
2121 2372 2180 2416 ut
2204 2372 2260 2415 et
2298 2361 2402 2430 ipsi

826 2464 1031 2520 sensim
1065 2459 1414 2532 proficientes
1441 2467 1854 2527 consequantur
1882 2455 2238 2524 magistratus
2277 2454 2402 2507 illos

826 2571 1054 2626 magnos
1101 2563 1159 2610 et
1202 2551 1536 2622 splendidos,
1587 2561 1642 2605 et
1669 2547 1917 2604 eamdem
1955 2548 2182 2618 gloriam
2222 2545 2400 2614 adipi-

823 2658 1068 2703 scantur.
1098 2644 1177 2699 Ita
1201 2655 1254 2699 et
1287 2659 1386 2699 nos
1410 2657 1633 2713 operam
1658 2640 1872 2703 demus,
1897 2650 1956 2694 ut
1984 2653 2014 2692 a
2044 2647 2267 2709 peccato
2298 2638 2404 2690 im—

826 2752 1023 2794 munes
1054 2735 1280 2791 omnino
1306 2735 1502 2798 simus,
1534 2749 1668 2803 quo,
1696 2735 1938 2802 gebenna
1974 2730 2209 2800 repulsa,
2263 2729 2399 2784 libe-

829 2844 954 2884 rum
991 2829 1198 2884 aditum
1231 2829 1285 2881 itt
1330 2826 1643 2897 paradisum
1669 2823 1874 2878 Christi
1902 2823 2188 2876 clementia
2215 2831 2269 2876 et
2296 2823 2399 2875 mi-

828 2921 1101 2986 sicordia,
1137 2930 1192 2974 et
1218 2927 1532 2975 sanctorum
1565 2916 1817 2986 precibus
1844 2917 2160 2969 habeamus.

2499 2002 2870 2071 παραδείσου,
2922 2003 3017 2056 ἐὰν
3066 2004 3324 2073 νήφωμεν
3370 2004 3466 2056 καὶ
3522 2002 3820 2072 βιάζωμεν
3871 2004 4083 2062 causa;

2501 2093 2718 2164 μικρὸν,
2753 2094 2830 2156 ὡς
2863 2094 3009 2162 λέγει
3039 2096 3136 2147 καὶ
3172 2096 3202 2146 ὁ
3233 2096 3384 2163 ἅγιος
3416 2095 3671 2164 Κλήμης,
3707 2094 3822 2146 κᾶν
3873 2093 3952 2162 μὴ
3981 2108 4084 2143 στε-

2501 2185 2748 2252 φανῶταί
2774 2202 2880 2248 τις,
2919 2185 3057 2238 ἀλλὰ
3084 2187 3366 2258 σπουδάσει
3415 2186 3491 2258 μὴ
3536 2185 3766 2256 μακρὰν
3804 2185 4083 2255 εὑρεθῆναι

2500 2277 2609 2330 τῶν
2665 2278 3136 2348 στεφανουμένων.
3192 2279 3404 2348 Ὥσπερ
3456 2281 3566 2349 γὰρ
3613 2280 3677 2329 ἐν
3727 2277 3817 2347 τῷ

2499 2370 2608 2421 εἰσὶ
2655 2368 2889 2438 μεγάλαι
2947 2369 3042 2423 καὶ
3093 2369 3341 2440 λαμπραὶ
3393 2371 3668 2438 στρατιαὶ,
3727 2367 3946 2421 ὑπόθου
4001 2369 4080 2435 τὴν

2504 2456 2830 2527 σύγκλητον,
2860 2459 2987 2522 τοὺς
3008 2460 3357 2531 πατρικίους,
3385 2463 3512 2520 τοὺς
3535 2458 3956 2530 στρατηλάτας,
3976 2463 4079 2518 τοὺς

2503 2547 2805 2618 ὑπάρχους,
2837 2550 2964 2612 τοὺς
2997 2549 3399 2620 σελεντιαρίους
3420 2567 3433 2577 ·
3460 2552 3568 2603 εἰσὶ
3592 2552 3705 2621 γάρ
3737 2543 3913 2605 αὗται
3944 2551 4078 2602 πτολέ-

2501 2655 2651 2706 τιμοι
2686 2641 2957 2711 στρατιαί.
2991 2640 3112 2694 Εἰσὶ
3142 2641 3198 2695 δὲ
3233 2643 3329 2694 καὶ
3359 2641 3508 2696 ἄλλοι
3547 2644 3695 2706 τινὲς
3727 2645 3795 2694 ἐν
3843 2644 3926 2713 τῷ
3957 2642 4076 2707 eis}

2507 2732 2756 2802 παλατίῳ
2787 2734 3207 2803 στρατευόμενοι
3253 2735 3451 2803 όλιγων
3502 2737 3909 2806 νομισμάτων
3956 2738 4076 2805 ὅμως

2507 2824 2756 2893 λέγονται
2802 2844 2894 2880 και
2941 2828 3098 2880 αὐτοὶ
3153 2827 3545 2897 στρατεύεσθαι
3592 2829 3674 2898 τῷ
3729 2829 3974 2898 βασιλεῖ,
4006 2847 4074 2880 ιι.

2510 2917 2647 2967 εἰσιν
2675 2915 2784 2967 ἔσω
2821 2917 2880 2967 ἐν
2915 2914 2993 2985 τῷ
3020 2916 3290 2986 παλατιῳ,
3320 2917 3425 2970 κᾶν
3457 2918 3554 2989 τὴν
3581 2918 3753 2982 δόξαν
3784 2919 3902 2972 τῶν
3932 2937 4070 2989 μετε-

823 3018 932 3072 λων
959 3016 1059 3071 οὐκ
1089 3016 1318 3087 ἔχωσιν·
1362 3013 1500 3070 ἀλλὰ
1549 3012 1687 3075 τέως
1724 3011 1851 3065 εἰσί.
1885 3011 2181 3080 Συμὸαἰνει
2225 3010 2284 3064 δὲ
2317 3011 2398 3063 ὅτι
2438 3011 2534 3064 καὶ
2561 3011 2702 3063 κατᾶ
2729 3011 2924 3083 μικρὸν
2974 3011 3398 3081 προκόπτοντες,
3421 3012 3764 3082 τυγχάνουσι
3826 3016 4070 3066 statui-.51

825 3111 1078 3182 μεγάλων
1113 3109 1381 3182 στρατιῶν
1413 3108 1510 3162 καὶ
1539 3107 1809 3178 λαμπρῶν
1839 3105 2189 3176 ἀξιωμάτων.
2247 3105 2434 3168 Οὕτως
2507 3105 2600 3157 καὶ
2646 3105 2808 3174 ἡμεῖς
2856 3104 3250 3174 σπουδάσωμεν
3306 3107 3564 3174 ἐκφυγεῖν
3623 3108 3731 3178 τὴν
3782 3109 3910 3160 κατ’
3953 3107 4068 3175 ἐνέρ-

824 3223 978 3278 γειαν
1005 3203 1300 3277 ἁμαρτίαν,
1323 3203 1412 3256 ἵνα
1437 3201 1577 3262 τέως
1605 3197 1972 3268 ὲξειλήσωμεν
1997 3196 2092 3250 τοῦ
2120 3195 2278 3266 ᾅδου·
2342 3197 2435 3250 καὶ
2506 3194 2681 3258 οὕτως
2726 3194 3004 3264 δυνάμεθα
3051 3196 3139 3248 διά
3181 3196 3284 3265 τῆς
3328 3195 3422 3248 τοῦ
3464 3196 3600 3250 Θεοῦ
3646 3198 4066 3269 φιλανθρωπίας,

825 3299 922 3355 καὶ
947 3295 1120 3366 αὐτῆς
1138 3296 1237 3366 τῆς
1269 3293 1476 3348 εἰσόδου
1496 3293 1590 3345 τοῦ
1617 3289 1944 3362 παραδείσου
1975 3292 2178 3359 τυχεῖν,
2211 3289 2398 3359 εὐχαῖς
2439 3290 2658 3343 πάντων
2690 3288 2801 3341 τῶν
2832 3289 3024 3355 ἁγίων.
3072 3289 3264 3358 Ἀμήν.

2162 3404 2511 3461 DOCTRINA
2549 3404 2738 3460 XXIV.

2060 3498 2134 3553 De
2171 3501 2549 3568 compositione
2576 3503 2840 3555 monachi.

894 3602 1021 3657 llaec
1060 3612 1144 3656 est
1166 3601 1406 3656 modesta
1454 3611 1507 3654 et
1545 3609 1696 3667 grata
1740 3599 1848 3651 Deo
1885 3597 2209 3665 compositio
2237 3616 2250 3650 :
2286 3596 2403 3651 Pri-
2428 3612 2470 3666 υ
2504 3610 2610 3652 tem
2643 3601 2831 3665 cubes,
2861 3615 3022 3656 nemo
3045 3600 3114 3669 (si
3136 3599 3248 3654 lteri
3274 3600 3472 3668 potest)
3502 3599 3583 3652 vel
3601 3599 3750 3653 sciat
3782 3601 3868 3654 vel
3891 3602 4059 3656 videat

825 3711 975 3750 mum
1003 3708 1112 3748 non
1139 3692 1494 3749 circumferre
1520 3692 1626 3745 huc
1659 3701 1713 3745 et
1735 3691 1863 3744 illuc
1921 3690 2132 3755 oculos,
2162 3690 2258 3744 sed
2275 3706 2400 3760 qua:
2503 3691 2580 3746 Ne
2607 3707 2842 3762 exspuas
2889 3691 2974 3746 vel
3013 3705 3238 3746 exerces
3267 3701 3393 3744 ante
3429 3691 3688 3760 aliquem.
3725 3690 3896 3757 Quod
3951 3695 3991 3748 si
4030 3707 4061 3743 te

823 3797 950 3840 ante
1001 3794 1052 3841 te
1080 3793 1209 3838 sunt
1232 3784 1405 3837 solum
1466 3782 1662 3835 intueri
1701 3799 1714 3834 :
1752 3795 1926 3849 neque
1975 3796 2110 3834 \ana
2163 3789 2219 3834 et
2254 3781 2398 3836 otio-
2505 3783 2955 3838 tussisiuvaserit
2978 3784 3253 3837 sedentem
3283 3781 3346 3834 ad
3377 3795 3644 3842 mensam,
3679 3792 3843 3836 verte
3897 3782 4062 3836 faciem

824 3895 883 3932 sa
935 3877 1105 3949 loqui,
1136 3877 1228 3931 sed
1252 3883 1461 3928 tantum
1517 3875 1844 3930 necessaria.
1878 3873 2131 3929 Vestibus
2179 3876 2251 3928 ita
2290 3889 2402 3929 mo-

823 3972 958 4027 dicis
997 3973 1097 4035 uti,
1129 3986 1252 4041 qua:
1287 3973 1353 4025 ad
1383 3971 1627 4039 corporis
1665 3969 2044 4024 necessitatem
2076 3968 2204 4030 sint,
2233 3977 2287 4021 et
2320 3967 2400 4022 ci-

823 4065 907 4119 bis
941 4065 1037 4134 qui
1085 4079 1287 4134 corpus
1321 4063 1682 4124 cousolident,
1722 4078 1824 4117 nec
1858 4062 2038 4131 gulam
2082 4069 2395 4131 provocent.

822 4157 965 4212 Nihil
992 4157 1325 4221 discernere,
1351 4157 1420 4210 de
1455 4156 1713 4210 omnibus
1747 4153 2116 4210 indifferenter
2138 4154 2394 4224 degusta-

827 4265 901 4304 re.
940 4247 1057 4305 Nou
1086 4250 1238 4304 cibos
1255 4249 1355 4303 hos
1384 4257 1448 4303 ut
1468 4250 1602 4302 viles
1633 4248 1878 4316 rejieere,
1916 4247 2036 4301 illos
2063 4257 2118 4300 ut
2137 4248 2398 4302 delicatos

821 4344 1039 4413 eligere,
1072 4357 1239 4412 seque
1267 4342 1351 4396 his
1407 4344 1474 4394 ad
1506 4341 1766 4395 vomitum
1830 4341 2180 4410 ingurgitare.
2226 4339 2399 4409 Major

821 4447 1146 4503 quacunque
1190 4431 1386 4485 virtute
1430 4433 1688 4486 discretio
1713 4441 1816 4485 est.
1850 4429 1987 4485 Vino
2016 4447 2084 4485 ne
2123 4441 2274 4485 utere
2304 4447 2395 4485 ex-

824 4533 904 4574 tra
953 4520 1286 4590 symbolum,
1331 4520 1414 4574 vel
1472 4520 1806 4574 infirmitatis
1865 4531 1960 4574 aut
2008 4521 2396 4575 imbecillitatis

820 4614 1014 4680 gratia.
1047 4610 1124 4664 Ne
1147 4613 1514 4680 iuterrumpas
1550 4627 1858 4666 sermonem
1898 4613 2072 4667 altero
2115 4614 2391 4682 loquente,

821 4719 996 4772 neque
1035 4717 1091 4756 Ill.
1116 4703 1267 4758 rudis
1292 4714 1346 4757 et
1396 4704 1646 4758 indoctus
1683 4704 2030 4773 respondeas,
2057 4706 2152 4760 sed
2202 4713 2260 4758 ut
2301 4720 2391 4758 sa-

821 4794 992 4860 piens.
1033 4793 1254 4846 Stabilts
1307 4802 1362 4846 et
1412 4795 1601 4846 firmus
1651 4796 1730 4847 sis
1761 4805 1856 4859 ;et
1886 4797 2197 4860 ubicunque
2249 4798 2394 4850 loco—

821 4902 940 4938 rum
979 4884 1167 4943 fueris,
1209 4885 1519 4938 ministrum
1549 4896 1601 4940 et
1627 4904 1843 4941 servum
1897 4898 1948 4941 te
1984 4900 2110 4957 puta
2159 4889 2389 4943 fratrum

2504 3886 2652 3928 tuam
2693 3886 3012 3936 retrorsum,
3048 3883 3105 3928 et
3139 3889 3264 3927 eum
3312 3873 3461 3927 omni
3521 3871 3796 3926 modestia
3861 3889 4056 3942 exspes.

2501 3965 2736 4021 Comede
2759 3978 2812 4021 et
2843 3967 2983 4030 bibe,
3018 3976 3078 4020 ut
3104 3965 3257 4020 decet
3298 3979 3486 4019 servos
3522 3963 3636 4018 Dei.
3699 3964 3783 4020 Ne
3826 3971 4058 4019 extendas

2503 4070 2724 4108 manum
2759 4055 3122 4123 impudenter,
3166 4063 3224 4106 ut
3278 4055 3460 4122 capias
3499 4053 3643 4123 quod
3686 4067 3819 4110 ante
3867 4055 4052 4110 fratr-an

2503 4156 2654 4200 tuum
2682 4155 2782 4202 est.
2808 4145 2862 4199 Si
2898 4148 3098 4200 sederit
3122 4156 3296 4200 tecum
3323 4150 3538 4216 hospes,
3583 4147 3756 4201 invita
3789 4149 3950 4202 illum
3995 4165 4052 4201 sr-

2501 4238 2606 4292 ntel
2635 4249 2689 4292 et
2739 4239 2930 4290 iterum
2953 4239 3020 4290 ad
3061 4237 3472 4291 comedendum.
3502 4236 3845 4306 Composita:
3889 4255 4048 4292 metis:

2501 4329 2742 4383 assideas
2767 4330 3007 4382 modeste
3031 4335 3084 4381 et
3112 4336 3409 4391 contracte,
3438 4343 3543 4381 non
3575 4328 3834 4385 confuse.
3865 4329 4044 4384 Nullum

2503 4423 2867 4476 membrorum
2914 4430 3126 4474 tuorum
3183 4420 3380 4480 enuda.
3413 4436 3536 4475 eum
3580 4431 3786 4478 rstuas
3839 4435 3896 4478 et
3918 4427 4030 4479 cal-,5

2499 4513 2635 4567 Cum
2665 4515 2886 4576 oseitaa,
2913 4527 3045 4567 cave
3070 4529 3133 4568 os
3169 4525 3317 4568 tuum
3357 4515 3626 4583 quispiam
3655 4515 3833 4586 468
3864 4519 4038 4570 videat;

2501 4606 2894 4674 comprimente
2909 4617 3090 4660 autem
3117 4616 3167 4661 te
3185 4608 3434 4672 Spiritum
3454 4618 3607 4660 tuutn
3622 4608 3773 4661 illico
3799 4621 4036 4678 perimas

2501 4696 2593 4750 iet.
2634 4697 2771 4750 Cum
2805 4697 3104 4766 ingrederis
3141 4698 3330 4751 cellam
3376 4699 3651 4767 pra-positi
3681 4701 3764 4752 vel
3793 4701 3952 4754 amici
3984 4703 4032 4749 id

2497 4789 2745 4858 discipuli
2776 4789 2871 4851 tui,
2898 4805 3030 4844 eave
3055 4790 3330 4858 quidpiam
3366 4791 3638 4844 curiosius
3673 4792 3939 4860 inspicias
3975 4809 4030 4844 ei-

2502 4897 2619 4933 rum
2653 4897 2830 4934 rerum
2849 4882 3038 4949 qu:eitt
3065 4882 3150 4935 illa
3179 4881 3510 4946 fuerint.Qui
3536 4884 3685 4935 enim
3716 4884 3772 4937 in
3801 4886 4028 4951 hisinpe

823 4987 1059 5030 tuorum.
1105 4974 1184 5028 Ne
1211 4975 1590 5036 denudavetis,
1643 4988 1908 5046 praesente
1966 4980 2172 5047 aliquo,
2218 4982 2386 5032 ullum
2429 4966 2684 5028 Ddenter
2723 4990 2780 5027 se
2833 4975 3011 5032 habet.
3066 4977 3323 5027 mentitur
3377 4977 3749 5030 tuonas'leum
3812 4981 4022 5031 habites.

821 5070 1189 5120 membtcrttm
1240 5078 1481 5133 tuorum,
1513 5086 1693 5123 nenue
1729 5072 2132 5140 appropinques
2175 5073 2392 5140 corpori

818 5159 1051 5225 alicujus
1104 5160 1310 5225 absque
1344 5159 1628 5214 manifesta
1686 5171 1740 5215 et
1787 5177 2001 5214 summa
2048 5164 2390 5226 necessitate,

819 5261 912 5300 aut
945 5250 1223 5314 permittas
1247 5251 1414 5303 alium
1451 5253 1544 5304 tibi
1594 5253 2029 5322 appropinquare
2056 5254 2265 5322 absque
2300 5271 2388 5306 ra-

820 5342 1063 5394 tiouabili
1130 5351 1310 5395 causa.
1373 5342 1520 5411 Fuge
1578 5347 2052 5414 praesumptionem
2132 5357 2388 5414 tanquam

822 5444 1073 5486 mortem.
1113 5431 1336 5488 Sobrius
1383 5445 1436 5490 et
1497 5439 1771 5491 modestus
1797 5448 1934 5490 esto.
1985 5437 2039 5490 In
2075 5455 2267 5492 somno
2324 5455 2389 5491 ne

822 5526 978 5588 longe
1008 5526 1147 5578 tiata
1173 5536 1224 5577 te
1246 5529 1411 5580 virtus
1431 5544 1554 5598 qua.
1583 5529 1674 5583 tibi
1713 5529 2128 5596 eireumrigilat.
2159 5531 2259 5587 Ubi
2286 5548 2382 5584 au—

895 5707 919 5745 ι
955 5706 1141 5760 Matth.
1175 5725 1253 5770 νι,
1285 5708 1374 5760 ‘20.

891 5866 956 5937 (’)
985 5864 1159 5923 Clem.
1201 5863 1374 5936 Epist.
1407 5865 1449 5922 ll
1482 5867 1547 5922 ad
1571 5867 1817 5922 Corinth.
1837 5882 1957 5936 cap.
1988 5883 2083 5921 τις.

2497 5079 2552 5120 et
2581 5067 2854 5122 Christum
2886 5069 2978 5136 qui
3027 5067 3267 5120 habitum
3296 5068 3679 5135 hujuscemodi
3726 5071 3891 5125 nobis
3918 5085 4020 5139 grta--

2499 5160 2690 5213 liratus
2719 5169 2819 5212 est.
2848 5159 2984 5211 Cum
3013 5159 3273 5213 modestia
3309 5167 3364 5211 et
3394 5160 3509 5211 sine
3533 5160 3775 5228 strepitu
3836 5178 3961 5228 aper;
3993 5165 4018 5207 τι

2498 5253 2687 5305 claude
2713 5252 2851 5304 ostia
2905 5251 2984 5303 νυι
3041 5261 3128 5303 tua
3155 5251 3235 5303 vel
3269 5252 3430 5304 amici
3463 5252 3563 5304 tui.
3595 5249 3677 5306 Nc
3727 5259 4018 5307 tumultuans

2497 5347 2816 5415 ingrediaris
2863 5345 2926 5397 ad
2973 5360 3319 5413 quemquam,
3351 5344 3443 5397 Sed
3484 5345 3639 5413 pri-.25:
3681 5349 3921 5402 eximius

2498 5456 2647 5498 satis,
2675 5455 2798 5491 eum
2839 5447 3059 5489 vocatus
3087 5435 3257 5490 fueris
3291 5438 3591 5506 ingredere.
3624 5437 3712 5494 Ne
3763 5442 3958 5497 studere
3984 5449 4008 5484 ει

2501 5532 2709 5586 incessu
2735 5543 2825 5583 tuo
2857 5531 3061 5598 absque
3107 5545 3411 5583 necessaria
3449 5545 3645 5585 causa.
3679 5532 3905 5590 Cunctis
3940 5540 4008 5599 pa":
