4118 6542
205 389 335 458 1837.

1308 393 1688 454 EPISTOL/E
1727 396 1824 457 AD
1858 392 2241 454 DIVERSOS.

3287 386 3422 454 1838

199 500 252 552 in
277 496 425 553 omni
455 506 620 568 opere
641 495 820 551 bono:
847 511 955 551 non
983 506 1160 552 tamen
1179 497 1458 563 divitibus,
1481 499 1760 570 Iocupleti-
1791 506 1834 558 Α
1861 499 1966 553 lius
1989 497 2084 552 tibi
2112 505 2198 552 est
2218 493 2550 550 mortiferam
2575 497 2865 566 aeruginem
2885 495 3232 562 manducare,
3255 515 3419 568 quam

199 589 298 643 bus
330 599 385 643 et
413 587 768 644 saecularibus
800 588 1031 642 multum
1063 588 1380 652 adhaeseris,
1415 605 1481 644 ne
1506 588 1598 644 ﬁat
1625 604 1762 659 opus

195 678 552 733 diabolicum.
581 677 718 734 Cum
770 678 1184 734 mansuetudine
1235 679 1490 734 omnibus
1517 679 1760 750 loquere,

194 776 405 825 etcum
440 769 706 825 modestia
729 769 978 824 homines
1021 770 1232 824 intuere
1275 778 1332 824 et
1373 770 1761 838 contemplare,

197 877 266 916 ne
295 862 535 918 videaris
566 860 758 917 faciem
789 861 1024 931 alicujus
1046 878 1152 916 non
1177 877 1420 928 cernere,
1446 861 1540 917 sed
1576 863 1760 915 hauri-

197 967 254 1006 re
277 953 454 1008 oculis
475 953 604 1006 tuis.
627 951 764 1006 Cum
799 952 1047 1006 ambulas
1086 952 1138 1006 in
1162 953 1267 1016 via,
1313 966 1380 1004 ne
1425 964 1764 1022 praeoccupes

193 1048 291 1094 aut
318 1040 595 1109 praecedas
630 1039 864 1109 majores
889 1047 1010 1093 tuos
1037 1038 1216 1108 :quod
1245 1038 1289 1092 si
1317 1047 1468 1092 tuum
1498 1037 1598 1092 erit
1625 1053 1765 1106 prae-

193 1131 411 1199 cedere,
469 1132 781 1202 praestolare
835 1132 1046 1186 socium
1095 1141 1280 1198 tuum,
1315 1145 1491 1201 neque
1537 1131 1763 1184 multum

194 1225 330 1281 velis
351 1240 480 1280 eum
514 1225 738 1280 anteire.
775 1223 880 1292 Qui
930 1225 1075 1280 enim
1122 1225 1223 1279 boc
1257 1239 1365 1278 non
1408 1224 1597 1293 egerit,
1636 1223 1768 1278 insi-

190 1319 350 1387 piens
376 1316 734 1387 judicabitur,
758 1325 812 1371 et
837 1316 1033 1371 similis
1078 1330 1243 1384 porco
1279 1315 1474 1385 exlegi.
1518 1313 1574 1368 Si
1617 1315 1768 1370 locu-

191 1418 282 1464 tus
307 1408 477 1464 fuerit
516 1408 699 1466 socius
746 1418 876 1462 tuus
912 1423 1036 1462 cum
1091 1407 1508 1462 occursantibus
1576 1407 1768 1461 amicis

189 1500 246 1554 in
279 1501 390 1566 via,
417 1510 670 1570 exspecta
709 1514 833 1554 eum
872 1499 1119 1562 libenter,
1146 1513 1320 1568 neque
1360 1497 1635 1568 compelle.
1669 1495 1769 1551 Sa-

189 1609 300 1649 nus
327 1608 484 1664 aegro
515 1595 660 1648 dicat
715 1601 841 1647 ante
885 1599 1119 1661 tempus,
1171 1590 1539 1646 comedamus.
1575 1587 1652 1644 Ne
1681 1605 1768 1644 re-

187 1685 554 1756 prehenderis
585 1683 752 1739 ullum
799 1683 1092 1756 aliquando
1116 1689 1429 1754 peccantem
1459 1681 1542 1735 vel
1573 1681 1766 1736 laben-

191 1787 301 1831 tem
327 1777 383 1831 in
433 1777 755 1848 aliquo,sed
809 1783 864 1831 te
911 1791 1126 1847 semper
1173 1786 1484 1845 suspectum
1553 1775 1766 1840 habeto,

187 1881 243 1924 et
265 1871 461 1940 lapsus
511 1870 656 1925 illius
707 1876 761 1924 te
805 1883 1026 1923 causam
1074 1876 1222 1938 puta.
1250 1865 1421 1922 Omne
1476 1881 1615 1936 opus
1662 1865 1770 1922 vile

188 1963 360 2018 adeas
393 1964 625 2018 libenter
652 1970 707 2016 et
735 1974 862 2015 cum
896 1959 1220 2014 humilitate.
1245 1957 1304 2013 Si
1347 1966 1572 2014 coactus
1599 1955 1770 2012 fueris

186 2057 398 2119 ridere,
440 2055 585 2109 risus
632 2063 758 2111 tuus
801 2060 986 2108 careat
1026 2049 1300 2106 dentibus.
1349 2049 1406 2104 Si
1453 2048 1771 2119 compulsus

188 2149 368 2204 fueris
409 2147 734 2203 mulieribus
760 2144 1048 2217 congredi,
1086 2154 1269 2199 averte
1309 2141 1501 2198 faciem
1544 2151 1692 2196 tuam
1739 2158 1770 2197 a

185 2251 498 2311 cur-specta
523 2256 736 2307 earum,
758 2249 812 2296 et
839 2240 918 2294 sic
949 2238 1190 2309 loquere.
1219 2235 1302 2291 Ab
1334 2235 1620 2306 impudicis
1647 2233 1772 2306 fuge

186 2345 458 2405 tanquam
511 2335 580 2388 ab
606 2333 729 2406 igne
780 2342 834 2387 et
877 2331 1070 2403 laqueo
1116 2329 1338 2395 diaboli,
1388 2339 1444 2384 et
1482 2343 1614 2383 cave
1651 2328 1772 2383 illas

185 2442 475 2498 nusquam
519 2426 708 2482 obvias
749 2425 973 2490 habeas,
1007 2424 1323 2496 alloquaris,
1355 2432 1450 2478 aut
1493 2421 1770 2493 aspicias;

188 2515 260 2572 ne
302 2533 403 2573 cor
443 2528 598 2573 tuum
648 2517 762 2572 luto
811 2516 1122 2586 passionum
1171 2511 1772 2583 deturpeturaeliamsi

185 2626 421 2666 sorores
449 2610 544 2665 tibi
590 2608 813 2674 fuerint,
840 2624 934 2664 eas
959 2617 1019 2662 ut
1050 2608 1264 2679 ignotas
1299 2606 1533 2660 declina.
1564 2605 1774 2676 Cogna-

185 2707 260 2758 tis
300 2713 360 2758 et
421 2702 672 2758 allinibus
724 2704 833 2758 tuis
879 2716 948 2756 ne
997 2701 1288 2755 admodum
1344 2697 1772 2760 commiscearis,

188 2811 260 2850 ne
304 2793 630 2865 refrigescat
673 2810 768 2852 cor
829 2804 982 2849 tuum
1024 2808 1056 2846 a
1093 2792 1357 2848 charitate
1415 2791 1526 2846 Dei.
1581 2789 1775 2846 Adole-

185 2888 575 2944 scentulorum
620 2887 888 2955 colloquia
933 2894 988 2939 et
1032 2883 1472 2940 consuetudinem
1523 2882 1682 2954 fuge,
1718 2889 1778 2935 ut

187 2978 502 3032 amicitiam
564 2975 786 3031 diaboli.
835 2974 1068 3030 Unicum
1124 2974 1321 3028 habeto
1367 2973 1598 3038 socium,
1654 2971 1777 3024 nni-

185 3084 322 3123 cnm
375 3069 615 3122 amicum
663 3066 830 3122 Deum
871 3067 1168 3128 timentem,
1206 3065 1300 3136 qui
1343 3079 1466 3120 cum
1503 3063 1774 3133 loquaris,

1864 603 1990 643 cum
2021 588 2250 642 muliere
2272 586 2574 648 comedere,
2610 585 2824 641 etiamsi
2867 595 3058 653 mater,
3087 588 3304 643 etiamsi
3335 603 3427 645 suo

1867 695 1958 736 ror
2005 688 2097 735 tua
2144 679 2234 735 sit.
2267 676 2457 733 Melius
2505 677 2601 733 tibi
2659 685 2744 732 est
2793 678 3110 734 cohabitare
3165 680 3428 748 serpenti,

1865 787 2028 843 quam
2059 787 2182 826 cum
2208 779 2392 826 scorto
2418 771 2735 836 consedere,
2764 769 2982 825 etiamsi
3014 771 3110 826 tibi
3132 785 3295 829 soror
3318 769 3436 826 fue-

1866 865 1936 918 rit
1965 864 2263 919 secundum
2292 877 2532 917 carnem.
2568 862 2626 918 Si
2675 878 2706 917 a
2759 863 3136 933 superioribus
3167 864 3276 920 tuis
3311 879 3434 921 cum

1867 956 1921 1010 in
1957 955 2148 1010 itinere
2189 969 2270 1020 es,
2300 954 2554 1009 invitatus
2602 954 2774 1010 fueris
2821 955 2890 1009 ad
2941 954 3317 1026 psallendum,
3370 971 3440 1011 ne

1867 1063 2059 1103 recusa
2081 1061 2271 1117 parere
2297 1065 2310 1102 :
2337 1047 2483 1116 quod
2524 1048 2567 1101 si
2600 1047 2733 1101 nihil
2759 1047 3036 1115 dixerint,
3065 1048 3248 1119 lingua
3295 1061 3434 1113 tacc,

1866 1141 2030 1195 corde
2050 1149 2226 1194 tamen
2244 1134 2540 1194 Dominum
2565 1140 2825 1209 glorilica.
2849 1138 2926 1194 Ne
2968 1141 3268 1198 contendas
3315 1158 3438 1197 cum

1868 1233 1978 1288 ullo
2006 1232 2075 1288 de
2112 1248 2170 1288 re
2199 1233 2399 1303 aliqua,
2443 1248 2512 1286 ne
2554 1230 2721 1288 facias
2779 1232 3134 1289 turbationes.
3167 1233 3242 1288 Ne
3280 1251 3434 1290 men-

1868 1324 2040 1390 tiaris,
2075 1339 2141 1378 ne
2163 1324 2316 1394 jures
2349 1325 2404 1376 in
2435 1323 2529 1378 Dei
2567 1324 2806 1379 nomine.
2831 1323 3135 1380 Co'ntemne
3179 1325 3433 1396 teipsum,

1869 1434 1977 1472 non
2013 1418 2216 1483 alium;
2247 1417 2478 1487 teipsum
2538 1415 2735 1486 injuria
2781 1416 2951 1485 allice,
2984 1432 3092 1473 non
3115 1417 3302 1472 alium.
3328 1417 3440 1472 Me-

1869 1510 1976 1565 lius
1995 1522 2078 1565 est
2109 1509 2292 1564 omnia
2317 1523 2579 1579 corporea
2619 1509 2798 1580 perire
2825 1524 2950 1564 cum
2998 1525 3251 1581 corpore,
3276 1527 3444 1582 quam

1869 1603 1925 1658 in
1959 1618 2018 1657 re
2042 1602 2234 1672 quavis
2255 1602 2479 1656 minima
2512 1602 2629 1657 laedi
2652 1603 2914 1658 animam.
2943 1601 3022 1659 Ne
3074 1606 3344 1660 contende
3387 1604 3442 1658 in

1865 1693 2074 1765 judicio
2100 1710 2227 1750 cum
2257 1694 2464 1764 aliquo,
2496 1693 2592 1751 sed
2626 1694 2968 1765 adjudicatus
3007 1696 3321 1767 patientiam
3347 1697 3447 1752 ba-

1871 1783 1956 1849 be,
1986 1784 2200 1840 etiamsi
2244 1798 2352 1838 non
2397 1783 2627 1840 meritus
2654 1783 2734 1840 sis
2749 1782 3038 1853 judicium.
3074 1783 3222 1841 Nihil
3286 1786 3340 1840 in
3391 1794 3445 1840 te

1800 1846 1842 1901 Β
1869 1846 2084 1944 diligas,
2119 1874 2264 1944 quod
2315 1873 2608 1944 pristinum
2655 1846 2932 1929 hominem
2977 1873 3239 1930 redoleat.
3269 1873 3446 1946 Subji-

1869 1979 1994 2020 cere
2016 1965 2390 2035 superioribus
2437 1977 2492 2021 et
2532 1964 2764 2020 ducibus
2818 1965 2946 2032 tuis,
2983 1974 3038 2021 et
3087 1966 3306 2022 illorum
3357 1967 3444 2020 ni-

1870 2056 2034 2112 miam
2060 2055 2512 2112 consuetudinem
2537 2056 2646 2110 vita
2675 2074 2690 2112 :
2715 2064 2798 2110 est
2827 2056 2970 2110 enim
3001 2055 3249 2127 laqueus,
3279 2056 3445 2127 negli-

1871 2159 2058 2217 gentes
2089 2148 2372 2204 etdesides
2402 2147 2457 2203 in
2482 2148 2841 2218 perditionem
2888 2146 3168 2202 inducens.
3204 2146 3249 2201 0
3279 2149 3440 2220 gulo-

1872 2258 1953 2307 se,
1982 2241 2075 2312 qui
2110 2249 2352 2296 ventrem
2397 2249 2548 2296 tuum
2605 2239 2936 2311 ingurgitare
2978 2239 3184 2304 studes,
3249 2241 3446 2297 melius

1877 2337 1973 2392 tibi
2006 2345 2154 2392 esset
2206 2336 2472 2392 carbones
2515 2335 2656 2404 ignis
2695 2335 2978 2398 devorare,
3003 2335 3087 2389 vel
3136 2334 3361 2405 patellas
3393 2346 3448 2389 ct

1874 2428 2129 2483 l'rixorias
2153 2427 2436 2499 deglutirc,
2469 2442 2632 2497 quam
2684 2427 2758 2481 ita
2791 2440 3031 2481 ventrem
3083 2429 3350 2482 enutrirc.
3385 2426 3443 2481 ln

1876 2537 2069 2577 omnes
2092 2521 2404 2577 misericors
2428 2531 2567 2587 esto,
2601 2521 2910 2576 abstracius
2958 2531 3140 2576 autem
3167 2521 3236 2576 ab
3266 2523 3444 2575 omni-

1875 2613 1995 2668 bus.
2031 2613 2075 2666 A
2114 2612 2460 2682 multiloquio
2499 2612 2713 2667 abstine
2753 2629 2769 2666 :
2803 2611 2909 2667 hoc
2951 2613 3096 2667 enim
3150 2612 3449 2684 exstinguit

1875 2705 2024 2760 cordi
2073 2704 2423 2760 advenientes
2469 2704 2823 2775 cogitationes
2841 2703 3195 2758 rationabiles
3243 2714 3300 2758 et
3332 2718 3447 2759 cae-

1876 2796 2059 2849 lestes.
2085 2793 2229 2848 Cave
2260 2792 2629 2864 dogmatizare
2647 2808 2773 2847 cum
2799 2792 3037 2847 alumnis
3067 2793 3307 2862 praelatis
3335 2791 3439 2848 Ec-

1877 2882 2072 2946 clesiae,
2105 2891 2309 2937 etcum
2341 2880 2679 2951 alienigenis,
2711 2888 2767 2935 et
2810 2882 3113 2951 prasertim
3168 2881 3221 2936 in
3267 2882 3446 2952 publi-

1878 2987 1963 3025 co.
1999 2971 2057 3025 Si
2087 2986 2226 3041 quos
2277 2971 2480 3026 videris
2523 2973 2664 3026 inter
2683 2985 2743 3025 se
2784 2972 2964 3026 verbis
3016 2973 3342 3030 altercantes
3396 2985 3450 3029 et

1879 3067 1959 3118 ira
2029 3065 2286 3134 percitos,
2329 3073 2600 3128 transeas,
2639 3078 2706 3118 ne
2754 3078 2852 3118 eor
2901 3071 3056 3118 tuum
3111 3079 3331 3135 quoque
3370 3066 3449 3120 ira

186 3169 245 3213 et
291 3172 652 3222 consuescas,
713 3158 914 3228 quique
951 3157 1007 3210 in
1051 3155 1214 3211 domo
1257 3156 1414 3225 inops
1466 3155 1537 3209 sit
1583 3165 1639 3209 et
1693 3164 1776 3208 ιο-
1805 3187 1848 3243 c
1881 3157 2188 3226 impleatur,
2219 3167 2273 3211 et
2308 3155 2658 3211 dominentur
2703 3156 2851 3211 cordi
2903 3165 2998 3211 tuo
3042 3158 3246 3212 erroris
3285 3168 3449 3213 tene-

191 3251 344 3314 lllliS,
419 3251 474 3303 in
537 3249 808 3319 mysteriis
871 3257 1050 3302 autem
1105 3247 1197 3302 Dei
1253 3247 1404 3301 dives
1457 3255 1512 3299 et
1564 3245 1775 3315 plenus.

192 3346 431 3397 Secreta
492 3349 604 3405 tua,
651 3341 790 3396 bella
846 3339 1051 3404 animi,
1100 3349 1155 3394 et
1208 3353 1564 3409 quoscunque
1625 3345 1780 3392 actus

190 3446 367 3498 tuos,
445 3433 584 3503 apud
641 3448 830 3488 omnes
879 3432 1012 3487 cela.
1079 3432 1216 3486 Ante
1271 3429 1476 3486 nullum
1550 3429 1779 3492 sedeas,

191 3527 306 3581 nisi
372 3525 710 3596 compulsus.
771 3524 907 3578 Cum
949 3524 1210 3578 modestia
1243 3523 1500 3593 egredere
1565 3521 1630 3575 ad
1689 3538 1782 3575 ne-

189 3619 482 3674 cessarios
534 3633 664 3673 usus
695 3618 1019 3673 necessarie.
1082 3614 1348 3670 V’enerare
1391 3615 1666 3669 custodem
1703 3613 1778 3667 tui

191 3711 464 3777 angelum
521 3710 576 3764 in
639 3710 893 3765 omnibus
947 3708 1160 3762 actibus
1216 3708 1343 3762 tuis.
1398 3708 1534 3761 Cum
1587 3706 1780 3760 timore

191 3803 296 3855 Dei
360 3801 544 3854 ninnia
605 3801 832 3870 perﬁce,
887 3811 1043 3871 teque
1107 3799 1173 3854 ad
1226 3801 1550 3862 orationem,
1607 3797 1778 3852 medi-

194 3894 473 3946 tationem
516 3903 568 3947 et
595 3893 1106 3962 contemplationem
1162 3907 1304 3961 saepe
1351 3890 1638 3960 compelle.
1671 3888 1778 3943 Me—

1881 3251 2012 3304 bran.
2053 3249 2188 3304 Cum
2213 3250 2449 3318 superbo
2478 3264 2545 3303 ne
2577 3263 2692 3316 eas,
2721 3264 2789 3304 ne
2816 3247 3056 3319 Spiritus
3095 3251 3276 3305 sancti
3301 3251 3450 3305 actio

1883 3340 2098 3394 tollatur
2125 3341 2194 3394 ab
2243 3341 2425 3394 anima
2464 3350 2580 3404 tua,
2611 3349 2665 3394 et
2715 3339 2817 3394 tias
2855 3339 3224 3395 habitaculum
3268 3355 3452 3397 omms

1883 3445 2059 3500 pravae
2117 3441 2170 3484 et
2219 3431 2512 3485 immundae
2562 3430 2855 3501 passionis.
2889 3429 3016 3486 Haec
3067 3441 3355 3502 prmeepta,
3403 3433 3451 3486 si

1883 3525 2232 3588 custodieris,
2264 3540 2297 3578 o
2343 3525 2524 3592 homo,
2566 3535 2726 3597 teque
2789 3541 3005 3597 semper
3031 3527 3344 3581 exercueris
3394 3527 3448 3580 in

1887 3609 1978 3664 Dei
2007 3611 2356 3666 meditatione
2381 3612 2591 3668 sincere
2613 3624 2666 3668 et
2709 3613 2915 3684 absque
2952 3613 3191 3677 ﬁctione,
3221 3629 3452 3685 appare-

1879 3703 1960 3758 bit
1989 3703 2042 3757 in
2093 3704 2277 3759 anima
2308 3713 2398 3758 tua
2434 3704 2612 3759 lumen
2657 3706 2882 3770 Christi,
2909 3705 3056 3776 quod
3108 3705 3162 3760 in
3187 3715 3450 3761 aeternum

1880 3811 1987 3848 non
2007 3798 2401 3865 exstinguetur.
2432 3793 2539 3865 Ipsi
2577 3796 2748 3866 gloria
2785 3805 2841 3852 et
2882 3806 3127 3868 potestas
3165 3797 3220 3852 in
3253 3797 3453 3854 secula

1881 3888 2226 3943 saeculorum.
2254 3888 2451 3944 Amen.

838 4225 1354 4418 SANCTI
1433 4301 2165 4416 DOROTHEI
2252 4301 2848 4414 ABBATlS

1087 4565 1709 4658 EPISTOLIE
1781 4567 1931 4654 AD
1985 4565 2603 4659 DIVERSOS.

197 4851 289 4900 δι’.
327 4869 396 4881 -—
436 4835 590 4904 Πρὸς
624 4833 887 4902 ἀδελφὸν
911 4829 1472 4909 στενοχωρούμενον
1502 4827 1621 4878 ὑπὸ
1661 4841 1786 4878 πει-

864 4917 1126 4970 pas-"por.

284 4999 518 5070 Πρῶτον
565 4995 684 5064 μὲν,
719 4993 929 5052 τέκνον,
959 4992 1058 5042 οὐκ
1105 4987 1324 5058 οἴδαμεν
1353 4987 1450 5049 τὰς
1479 4986 1787 5056 οἰκονομίας

199 5094 315 5150 τοῦ
351 5090 509 5155 Θεοῦ,
542 5088 637 5141 καὶ
665 5086 949 5154 ὀφείλομεν
979 5083 1321 5153 παραχωρεῖν
1348 5079 1496 5148 αὐτῷ
1529 5080 1625 5148 τὴν
1655 5079 1786 5132 6ιοὶ-

205 5204 384 5256 κησιν
409 5184 585 5254 ἡμῶν.
609 5183 745 5250 ὅπερ
772 5179 865 5231 καὶ
894 5177 990 5229 νῦν
1016 5175 1252 5244 μάλιστα
1277 5173 1562 5242 ὀφείλομεν
1591 5173 1784 5225 ποιεῖν.

2107 4854 2170 4863 --
2211 4824 2290 4876 Ad
2323 4825 2540 4892 fratrem
2573 4828 2952 4882 (natationibus
2978 4845 3305 4899 oppressum.

1966 4987 2146 5044 Primo
2163 4989 2516 5058 qnidem.li!i,
2543 4990 2819 5045 nescimus
2850 4989 2942 5045 Dei
2973 4992 3456 5063 dispensationem,

1893 5093 1948 5135 et
1967 5082 2222 5136 debemus
2234 5083 2280 5136 ei
2300 5082 2608 5152 permittere
2625 5083 3068 5153 gubernationem
3087 5087 3258 5142 nostri
3284 5105 3297 5143 :
3315 5091 3463 5160 quod

1896 5189 2039 5229 nunc
2069 5175 2338 5244 praecipue
2364 5173 2540 5229 facere
2561 5175 2839 5230 debemus.
2867 5175 2928 5230 Si
2941 5177 3084 5231 enim
3108 5179 3242 5234 velis
3269 5179 3464 5236 Imma-

218 5280 362 5333 Ἐὰν
395 5277 504 5344 γὰρ
538 5273 769 5342 θελήσῃς
800 5267 1160 5339 ἀνθρωπίνοις
1189 5265 1466 5334 λογισμοῖς
1492 5264 1697 5334 κρίνειν
1723 5263 1774 5315 τὲ

1896 5268 1980 5320 nis
2009 5266 2312 5321 rationibus
2333 5281 2395 5320 ea
2419 5283 2541 5336 qua:
2579 5267 2918 5336 corttingnnt,
2951 5269 3219 5336 judicare,
3266 5280 3321 5326 et
3355 5289 3464 5328 non

208 5367 510 5426 ἀπαντῶντ
522 5382 573 5427 1,
606 5367 699 5415 καὶ
732 5361 808 5432 μὴ
843 5360 1040 5430 μᾶλλον
1061 5359 1152 5411 ἐπὶ
1171 5358 1260 5410 τὸν
1289 5357 1420 5409 Θεὸν
1449 5354 1792 5426 ὲπιρρίπτειν

206 5464 325 5530 τὴν
374 5458 644 5528 μεριμνᾶν
677 5471 792 5516 σου,
827 5451 1110 5505 maciam.
1151 5452 1240 5503 Δεῖ
1280 5444 1393 5509 οὖν,
1425 5448 1512 5500 ὅτε
1546 5447 1794 5518 ἔρχονται

211 5549 538 5611 στενοῦντές
586 5565 643 5601 σε
693 5546 920 5600 ἐναντίοι
953 5542 1222 5613 λογισμοὶ,
1273 5542 1493 5613 κράζειν
1531 5540 1666 5609 πρὸς
1702 5540 1794 5592 τὸν

212 5645 389 5700 Θεὸν·
423 5641 594 5713 Κύριε
642 5640 714 5702 ὡς
747 5638 920 5702 Θέλεις
964 5639 1056 5691 καὶ
1093 5635 1168 5698 ὡς
1213 5630 1379 5699 οἶδας,
1422 5634 1694 5701 οἰκονόμει
1727 5633 1793 5684 σὺ

213 5740 292 5791 τὶ
342 5737 595 5805 πρᾶγμα.
646 5732 822 5787 Πολλὰ
871 5731 978 5802 γὰρ
1011 5731 1142 5800 παρ’
1180 5728 1208 5780 ὃ
1257 5725 1547 5797 νομίζομεν
1594 5724 1794 5795 ἢπαρ’

220 5828 452 5891 ἐλπίδας
485 5827 628 5878 ποιεῖ
654 5825 687 5894 ὴ
718 5823 941 5894 πρόνοια
971 5820 1060 5876 τοῦ
1089 5819 1246 5888 Θεοῦ,
1281 5820 1374 5875 καὶ
1418 5819 1589 5880 ἄλλως
1639 5819 1791 5870 ἐλπι-

1897 5356 2076 5426 potius
2099 5357 2152 5410 in
2171 5355 2337 5411 Deum
2354 5357 2577 5426 rejicere
2598 5373 2786 5412 curam
2810 5359 3080 5415 laborabis
3100 5356 3272 5418 valde.
3295 5365 3466 5432 Opor-

1901 5459 1975 5502 tct
1996 5449 2181 5518 igitur,
2210 5464 2333 5503 cum
2365 5450 2619 5504 contrarii
2647 5451 2880 5521 impetus
2905 5452 3002 5506 tibi
3029 5453 3262 5508 suberant
3284 5458 3469 5525 oppri-

1899 5550 2109 5596 mentes
2133 5551 2204 5606 te,
2231 5541 2298 5594 ad
2317 5541 2482 5596 Deum
2499 5542 2736 5598 clamare
2754 5558 2768 5595 :
2787 5542 3035 5608 Domine,
3057 5547 3200 5601 sicut
3217 5548 3298 5603 vis
3323 5556 3376 5602 et
3395 5550 3470 5602 sic

1900 5643 1990 5688 cut
2011 5636 2173 5700 nosti,
2208 5635 2449 5704 guberna
2477 5637 2777 5708 negatium.
2810 5638 2974 5694 Multa
2995 5641 3141 5695 enim
3181 5643 3470 5712 providen-

1901 5726 1972 5779 tia
2005 5725 2099 5779 Dei
2146 5737 2344 5795 praeter
2371 5741 2535 5796 quam
2577 5738 2834 5798 putamus
2854 5738 2948 5784 aut
2972 5746 3254 5800 speramus
3290 5733 3418 5788 facit
3454 5771 3469 5808 ε

1898 5828 1951 5877 et
1989 5837 2076 5879 res
2127 5824 2280 5877 aliter
2330 5832 2576 5892 speratae,
2615 5824 2947 5894 experientia
2983 5824 3143 5882 aliter
3186 5826 3474 5883 inveniun-
