4118 6542
72 534 196 598 1841

1199 530 1578 592 El‘lS'l‘OLJE
1612 529 1710 588 Al)
1747 525 2132 588 DIVERSOS.

3151 522 3288 588 1842

69 645 324 716 ρασθῆναι
358 643 494 715 ὑπὲρ
534 645 631 716 τῆς
681 643 918 715 ἐντολῆς.
958 645 1016 696 ὐ
1058 643 1260 713 ἀγαθὸς
1306 643 1438 705 Θεὸς
1463 641 1650 712 χαρίι

1752 638 1901 693 tonus
1940 636 2203 691 Dominus
2235 634 2385 691 dabit
2427 634 2523 689 tibi
2569 635 2996 706 resipiscentiam
3044 642 3288 706 tempore

65 730 214 784 σεταί
261 749 342 785 σοι
399 731 560 801 νῆψιν
619 734 678 787 ὲν
741 731 917 803 καιρῷ
981 732 1289 805 πειρασμοῦ
1345 733 1438 786 καὶ
1485 732 1620 785 ὐπο-

1752 729 2032 785 ιιιιιιιίοιιὶε
2065 736 2120 784 et
2148 727 2507 783 tolerantiam.

67 823 250 892 μονήν.

467 917 557 982 (τ’.
590 944 656 958 -
685 915 838 983 Πρὸς
864 916 970 969 τὸν
997 918 1201 970 αὐτόν.

139 1005 370 1074 ’Δγαθοῦ
400 1007 496 1060 καὶ
519 1006 898 1078 φιλανθρώπου
927 1007 1062 1060 Θεοῦ
1083 1009 1246 1076 ἐσμεν
1278 1007 1504 1076 πλάσμα
1530 1005 1624 1059 καί⁸

2209 904 2298 961 Vl.
2324 936 2394 949 --
2424 907 2504 961 Ad
2536 912 2798 963 eumdem.

1793 1000 1926 1054 Boni
1958 1009 2013 1053 et
2051 1000 2411 1055 amantissimi
2444 999 2538 1055 Dei
2579 1002 2898 1071 figmentum
2931 1014 2987 1059 et
3018 1019 3159 1074 opus
3197 1017 3292 1055 su-

53 1097 238 1165 ἔργον,
283 1097 381 1149 τοῦ
436 1097 718 1162 είπὸντοςο
767 1098 860 1153 Ζῶ
894 1098 1028 1167 ἐγὼ.
1066 1098 1227 1167 λέγει
1268 1099 1502 1166 Κύριος,
1550 1099 1624 1151 οὐ

1752 1105 1868 1155 nus,
1898 1091 1988 1160 qui
2023 1091 2200 1145 dixit:
2256 1089 2378 1144 Vivo
2410 1108 2504 1161 ego
2527 1107 2545 1144 :
2583 1091 2704 1146 nolo
2732 1102 2954 1147 mortem
2980 1093 3291 1163 peccatoris.

49 1188 352 1255 ,ϐούλομαι
399 1188 508 1242 τὸν
545 1189 807 1242 θάνατον
862 1188 968 1244 τοῦ
1019 1189 1390 1258 ἀμαρτωλοῦ.
1433 1189 1514 1254 ὡς
1558 1187 1624 1241 τὸ

1752 1183 1814 1237 ed
1854 1193 1910 1236 ut
1942 1192 2271 1238 convertatur
2298 1193 2347 1236 et
2377 1183 2512 1237 vivat
2540 1194 2585 1239 τ.
2628 1184 2694 1238 ΕΙ.
2723 1185 2922 1240 iterum
2962 1202 2977 1238 :
3014 1183 3138 1238 Non
3178 1185 3296 1238 ueni

45 1278 415 1348 ἐπιστρέψαι
457 1279 557 1334 καί
601 1279 710 1349 ζῇν
758 1283 962 1335 αὐτόν.
1003 1281 1172 1335 Πάλιν
1205 1297 1220 1312 σ
1277 1283 1397 1335 Οὐκ
1439 1276 1628 1350 ἦλθον

1752 1293 1910 1331 Iocare
1943 1277 2141 1346 justas,
2184 1277 2275 1331 sed
2319 1287 2616 1346 peccatores
2652 1278 2721 1331 ad
2760 1277 3118 1347 paenitentiam
3141 1287 3189 1332 ³.
3237 1275 3296 1330 Si

53 1372 314 1426 καλέσαι
341 1372 637 1441 δικαίους,
689 1375 850 1430 ἀλλὰ
893 1374 1278 1443 ἁμαρτωλοὺς
1325 1376 1412 1440 εἰς
1448 1371 1628 1442 μετά-

49 1480 243 1519 νοιαν.
292 1464 362 1518 Ei
415 1460 512 1520 οὖν
562 1467 732 1530 οὕτως
764 1467 881 1520 ἐστὶ
924 1467 1020 1520 καὶ
1067 1465 1239 1529 οὕτως
1283 1468 1628 1535 πιστεύομεν,

46 1555 443 1625 ἰπιρῤξψωμεν
475 1557 566 1610 ἐπὶ
607 1557 813 1628 Κύριον
840 1557 939 1628 τὴν
975 1558 1247 1629 μέριμναν
1289 1555 1446 1627 ἡμῶν
1471 1573 1485 1586 ·
1535 1554 1632 1608 καὶ

46 1642 212 1706 αὐτὸς
243 1646 402 1714 ἡμᾶς
438 1645 738 1716 διαθρέψει,
782 1649 900 1716 ἦτοι
931 1647 1113 1701 σώσει.
1145 1645 1304 1716 Αὐτῷ
1330 1646 1438 1718 γὰρ
1480 1646 1632 1715 μέλει

45 1733 180 1804 περὶ
208 1736 242 1806 ὴ
251 1735 376 1806 μῶν
395 1753 413 1767 ο
448 1737 611 1800 αὐτὸς
638 1738 733 1792 καὶ
752 1739 851 1806 τὴν
874 1740 1100 1810 καρδίαν
1123 1756 1216 1792 σου
1239 1739 1634 1811 παρακαλέσει,

43 1827 263 1893 τέκνον,
301 1829 495 1900 εὐχαῖς
521 1830 711 1898 ἁγίων.
756 1831 949 1902 Ἀμήν.

487 1923 561 1974 Z'.
594 1952 662 1962 —
691 1923 844 1991 Πρὸς
872 1923 978 1976 τὸν
1003 1924 1213 1977 αὐτόν.

1730 1371 1895 1440 igitur
1933 1369 2004 1423 ita
2041 1383 2100 1423 se
2144 1369 2345 1424 habet:
2389 1369 2462 1423 ita
2500 1379 2554 1424 et
2581 1369 2893 1432 credamus,
2918 1367 3191 1437 iaciamus
3239 1367 3295 1422 in

1731 1460 2024 1514 Dominum
2058 1474 2240 1515 curam
2284 1469 2549 1524 nostram,
2577 1470 2631 1515 ct
2667 1460 2786 1528 ipse
2825 1460 3064 1514 cnutriet
3103 1474 3206 1514 nos
3244 1469 3300 1512 et

1732 1548 1962 1603 salvabit
1987 1547 2030 1603 ι.
2059 1549 2161 1617 Ipsi
2185 1547 2330 1604 enim
2352 1564 2498 1605 curae
2522 1565 2712 1604 sumus
2732 1564 2860 1615 nos;
2885 1547 2980 1619 qui
3005 1562 3103 1604 cor
3121 1557 3296 1611 tuum,

1731 1641 1828 1709 fili,
1863 1641 2234 1696 consolabitur
2260 1642 2511 1710 precibus
2542 1649 2875 1697 sanctorum.
2903 1641 3098 1698 Amen.

2107 1905 2273 1980 468
2310 1904 2420 1960 νιι.
2454 1874 2523 1944 '—
2564 1907 2642 1960 Ad
2674 1906 2933 1962 eumdem.

119 2009 327 2074 Καλῶς
361 2012 393 2064 ὁ
427 2011 602 2075 ἀὸὁᾶς
632 1983 840 2084 Ποιμὴν
865 2014 1075 2086 ἐνόησε,
1106 2015 1167 2068 τὸ
1197 2014 1272 2086 μὴ
1303 2012 1634 2085 μεριμνῆσαί

1806 1997 1950 2053 Bene
1981 1997 2150 2053 abbas
2178 1998 2373 2052 Pastor
2404 1997 2673 2052 intellexit
2699 1996 2832 2051 illud
2863 1995 2979 2052 :Ne
3005 1996 3128 2066 quis
3154 2004 3308 2051 curet

40 2115 200 2162 τινας
232 2101 375 2171 περὶ
406 2103 510 2172 τῆς
535 2101 748 2174 αὔριον,
796 2103 930 2174 πρὸς
971 2103 1257 2176 ἄνθρωπον
1295 2103 1550 2174 εἰρῆσθαι
1579 2104 1637 2156 ὲν

43 2189 358 2261 πειρασμῷ
403 2193 557 2246 ὅντα.
600 2194 708 2247 Καὶ
747 2193 810 2246 τὸ
831 2232 846 2254 .
891 2194 1242 2263 Ἐπίρῤιψον
1276 2194 1379 2248 ἐπὶ
1422 2193 1641 2260 Κύριον

42 2279 164 2348 τὴν
184 2282 498 2352 μὲριμνάν
520 2303 660 2350 σου,
689 2287 768 2349 είς
794 2285 856 2339 τὸ
887 2286 1020 2340 αὐτὸ
1048 2286 1224 2355 φέρει.
1271 2285 1505 2339 Ἀπόστα
1523 2279 1635 2349 οὖν,

47 2371 268 2434 τέκνον.
329 2374 698 2444 ἀνθρωπίνων
737 2374 1034 2444 λογισμῶν,
1065 2375 1160 2428 καὶ
1193 2375 1382 2446 κράτει
1425 2375 1525 2444 τὴν
1560 2376 1642 2435 εἰς

41 2463 184 2516 θεὸν
213 2464 449 2530 ἐλπίδα,
497 2467 668 2520 πολλὰ
713 2467 970 2521 ποιοῦντα
1020 2468 1159 2538 ὑπὲρ
1202 2465 1237 2521 ὃ.
1264 2465 1641 2535 διανοούμεθα,

46 2556 145 2607 καὶ
179 2555 507 2611 ἀναπαύσει
538 2575 598 2612 σε
628 2559 662 2628 ἡ
694 2559 773 2622 εἰς
799 2558 943 2612 Θεὸν-
963 2557 1138 2622 ὲλπίς.
1195 2557 1254 2609 '0
1286 2554 1490 2627 Κύριος
1517 2555 1644 2624 βοησ-

43 2649 215 2718 θήσαι
249 2660 362 2712 σοι,
399 2649 612 2712 τέκνον,
642 2651 728 2704 διὰ
757 2651 854 2722 τῆς
881 2650 1048 2719 εὐχῆς
1078 2649 1186 2702 τῶν
1221 2647 1409 2716 ἁγίων.
1444 2649 1534 2700 Δεῖ
1551 2642 1644 2701 οῦν

43 2743 202 2810 ἡμᾶς
250 2741 504 2814 ἀφιστᾷν
549 2743 774 2806 ἑαυτοὺς
804 2743 913 2796 τῶν
937 2741 1196 2795 τοιούτων
1239 2739 1536 2811 λογισμῶν,
1567 2739 1646 2812 μὴ

43 2833 284 2902 ἔχοντας
313 2835 528 2905 θάρσος
557 2837 686 2906 περί
713 2837 811 2908 τῆς
837 2834 1026 2906 αὐριον
1057 2836 1222 2906 ζωῆς.

46 2944 134 2998 Η’.
169 2975 244 2986 -
279 2945 403 3000 Τοῦ
434 2945 619 3000 αὐτοῦ
651 2947 800 3013 πρὸς
831 2945 1266 3014 ἀσθενέστερόν
1297 2962 1430 2998 τινα
1468 2943 1648 3014 ἀδελ-τ

120 3017 273 3083 φὸν,
325 3012 722 3084 λαμϐάνοντα
776 3017 1096 3084 διαφόρους
1142 3012 1472 3083 λογισμοὺς
1515 3012 1651 3078 περὶ

121 3085 236 3138 τὸν
269 3084 720 3154 οἰκονομοῦντιι
757 3086 827 3140 τὰ
857 3087 1005 3153 πρὸς
1040 3085 1156 3154 τὴν
1190 3085 1400 3152 χρείαν
1440 3083 1646 3137 αὐτοῦ.

139 3191 234 3246 Ἐν
277 3193 520 3264 ὀνόματι
561 3192 739 3263 Ἰησοῦ
778 3191 1035 3265 Χριστοῦ.
1079 3190 1298 3261 Ἀδελφὲ
1337 3204 1461 3260 μου,
1499 3189 1651 3242 οὐᾶν

49 3283 263 3354 ἔχομεν
287 3283 511 3337 δίκαιον
544 3283 682 3354 πρὸς
704 3284 796 3336 τὸν
821 3283 1072 3354 πλησίον.
1115 3280 1510 3352 Χρεωστοῦμεν
1543 3279 1652 3348 γὰρ

47 3377 256 3431 τοῦτον
297 3376 399 3431 διὰ
443 3375 545 3446 τῆς
588 3375 808 3446 ἀγάπης
853 3372 1156 3444 ὑπερϐῆναι
1201 3373 1295 3425 καὶ
1341 3370 1650 3424 καταπιεῖν.

48 3470 258 3534 Οὐδεὶς
315 3470 476 3538 λέγει
523 3469 603 3538 τῷ
648 3468 907 3538 πλησίον·
963 3468 1061 3520 Διὰ
1086 3467 1140 3519 τί
1165 3467 1266 3519 οὐκ
1295 3467 1516 3536 ἀγαπᾷς
1548 3480 1652 3534 με;

46 3564 176 3618 ἀλλ’
227 3562 412 3626 αὐτὸς
459 3562 630 3615 ποιῶν
673 3561 742 3614 τὰ
793 3561 919 3626 ἄξια
963 3560 1064 3628 τῆς
1104 3559 1324 3628 ἀγάπης
1369 3557 1657 3625 ἐφέλκεται

51 3657 155 3710 καὶ⁵
187 3655 292 3710 τὸν
321 3653 560 3725 πλησίον
587 3653 667 3715 εἰς
695 3653 933 3720 ἀγάπην.
975 3651 1110 3720 Περὶ
1137 3650 1194 3702 δὲ
1223 3649 1320 3718 τῆς
1346 3648 1534 3720 χρείας
1561 3647 1658 3701 τοῦ

52 3746 334 3820 σώματος
366 3747 470 3800 ἐάν
497 3762 582 3809 τις
669 3745 818 3810 ἄξιος
843 3742 936 3796 τοῦ
961 3741 1398 3809 ἁναπαυσθῆναι,
1431 3741 1526 3794 καὶ
1555 3741 1660 3793 Σα-

55 3839 338 3912 ρακηνῶυ
389 3839 615 3907 καρδίαν
664 3837 998 3908 πληροφορεῖ
1023 3836 1053 3886 ὁ
1094 3833 1226 3898 Θεὸς
1269 3834 1492 3902 ποιῆσαι
1542 3833 1660 3902 μετ’

49 3931 236 3985 αὐτοῦ
275 3931 441 3994 ἕλεος
487 3928 632 3983 κατὰ
662 3929 762 3998 τὴν
814 3928 1005 3998 χρείαν
1051 3924 1240 3981 αὐτοῦ.
1299 3925 1425 3978 Ἐὰν
1473 3924 1528 3978 δὲ
1559 3924 1660 3976 οὐκ

48 4023 214 4076 ἔστιν
249 4020 442 4084 ἄξιος,
470 4018 504 4088 ἢ
535 4017 596 4071 οὐ
625 4016 891 4087 συμφέρει
922 4013 1070 4084 αὐτῷ
1095 4016 1153 4066 ὲν
1179 4015 1248 4084 τῇ
1285 4011 1471 4082 παιδίᾳ
1496 4007 1660 4063 αὐτοῦ

53 4109 517 4184 παρακληθῆναι
541 4124 555 4137 ·
602 4107 786 4160 καινὸν
813 4107 1061 4176 οὐρανὸν,
1095 4105 1190 4158 καὶ
1217 4102 1409 4173 καινὴν
1437 4103 1539 4172 γῆν
1567 4101 1662 4155 ἐὰν

51 4205 307 4274 ποιήσῃ,
345 4200 598 4271 εὑρίσκει
628 4199 954 4253 ἀνάπαυσιν.
1009 4197 1148 4267 Περὶ⁸
1188 4195 1246 4248 δὲ
1274 4194 1367 4248 τοῦ
1397 4193 1569 4246 εἰπεῖν
1603 4209 1663 4244 σε

51 4300 146 4351 ὅτι
179 4295 397 4366 βαρεῖς
437 4291 566 4355 τοὺς
597 4289 876 4358 ἀδελφοὺς,
918 4286 1348 4359 ὁμολογούμενον
1391 4283 1667 4352 δικαίωμά

48 4391 250 4442 ἐστιν.
323 4383 528 4446 Οὐδεὶς
572 4383 682 4452 γὰρ
737 4381 1011 4452 προξενῶν
1059 4378 1278 4448 ἐντολὴν
1322 4375 1458 4429 Θεοῦ
1502 4374 1667 4444 ἔργα·

53 4478 281 4534 σασθαι
338 4475 426 4545 τῷ
461 4473 684 4543 πλησίον
734 4471 1039 4542 βουλομένῳ
1071 4469 1339 4540 σωθῆναι,
1391 4467 1536 4535 λέγει
1582 4467 1665 4519 ὃτι

52 4569 238 4640 Βαρῶ
275 4565 477 4622 αὐτόν.
515 4563 576 4616 Ὅ
609 4562 780 4633 μισῶν
805 4561 1149 4633 ἐρεθίζοντας
1171 4561 1322 4630 μισεῖ
1355 4557 1662 4630 πραΰτητα.

1737 2088 1805 2144 dc
1837 2089 2075 2143 crastino
2099 2100 2149 2154 υ,
2178 2087 2246 2142 de
2279 2087 2498 2143 homine
2530 2089 2736 2144 dictum
2769 2102 2891 2145 esse
2926 2087 3021 2158 qui
3051 2095 3302 2142 tentetur.

1739 2181 1993 2251 Ejusdem
2039 2182 2252 2251 generis
2296 2191 2379 2237 est
2421 2181 2597 2236 illud:
2632 2179 2794 2236 Jacta
2835 2197 3020 2235 curam
3060 2188 3208 2234 tuam
3253 2181 3307 2234 in

1743 2273 2021 2328 Dominum
2042 2273 2396 2345 V.-Relinque
2424 2273 2588 2344 igitur
2623 2272 2978 2344 cogitationes
3017 2273 3306 2335 humanas,

1743 2375 1798 2418 ct
1823 2364 2095 2434 prehende
2134 2364 2190 2419 in
2224 2363 2394 2420 Deum
2443 2380 2616 2435 spem,
2658 2363 2944 2420 facientem
2975 2366 3143 2420 multa
3170 2379 3307 2435 pne—

1742 2469 1992 2530 terquam
2021 2461 2344 2530 cogitamus,
2385 2471 2440 2515 et
2480 2459 2834 2530 tranquillum
2876 2467 2931 2514 te
2962 2458 3151 2514 reddet
3187 2472 3312 2527 spes

1744 2553 1798 2604 in
1826 2552 2014 2606 Deum.
2039 2551 2180 2609 Deus
2210 2553 2427 2623 adjuvet
2451 2561 2522 2617 te,
2556 2553 2652 2618 fili,
2682 2552 2935 2623 precibus
2970 2561 3308 2606 sanctorum.

1744 2647 1963 2714 Oportet
1990 2645 2152 2715 igitur
2187 2660 2287 2701 nos
2313 2645 2620 2716 relinquere
2656 2644 2990 2715 ejuscemodi
3027 2642 3312 2713 cogitatio-

1744 2753 1863 2802 nes,
1895 2753 1964 2794 ne
2002 2739 2300 2795 habeamus
2325 2754 2510 2796 curam
2537 2739 2660 2795 vita:
2687 2738 2960 2795 crastinas.

1754 2937 1887 2993 νιιι,
1923 2971 1990 2982 -
2039 2936 2290 3008 Ejusdem
2339 2940 2408 2992 ad
2455 2928 2848 2992 imbecilliorem
2885 2937 3162 3008 quemdam
3204 2938 3319 3006 fra-

1820 3021 1972 3074 trem,
2009 3011 2157 3062 varia
2197 3009 2511 3076 cogitantem
2543 3009 2608 3064 de
2645 3009 3051 3062 administrante
3092 3023 3210 3078 quae
3248 3008 3318 3060 ad

1823 3080 1986 3147 ipsius
2013 3095 2168 3132 usum
2198 3079 2543 3147 pertinebant.

1823 3195 1881 3250 in
1916 3196 2134 3250 nomine
2161 3191 2288 3250 Jesu
2318 3194 2539 3250 Christi.
2570 3193 2760 3248 Frater
2784 3193 2881 3269 mi,
2907 3192 3043 3248 nihil
3057 3191 3200 3264 juris
3224 3191 3322 3247 ha-

1754 3287 1946 3342 bemus
1978 3287 2031 3341 in
2067 3287 2399 3356 proximum.
2433 3287 2584 3357 Opus
2611 3287 2877 3342 habemus
2902 3300 3026 3342 eum
3058 3285 3321 3340 charitstc

1754 3381 1971 3435 vincere
1993 3389 2048 3435 et
2070 3381 2349 3435 devorare.
2375 3381 2551 3436 Nemo
2573 3380 2720 3435 enim
2746 3379 2883 3434 dicit
2904 3379 3186 3450 proximo:
3210 3375 3324 3433 Cur

1755 3489 1862 3527 non
1896 3488 2047 3527 amas
2084 3473 2214 3526 me?
2241 3471 2336 3528 sed
2379 3472 2496 3543 ipse
2536 3472 2742 3528 faciens
2772 3487 2956 3526 amore
2979 3471 3165 3542 digna,
3199 3470 3323 3524 alli-

1754 3565 1825 3618 cit
1854 3564 2017 3618 etiam
2049 3563 2356 3633 proximum
2389 3565 2444 3618 in
2484 3579 2748 3618 amorem.
2784 3562 2939 3631 Quod
2979 3563 3045 3617 ad
3084 3563 3324 3618 necessi-

1757 3666 1917 3711 tatem
1962 3657 2210 3726 corporis
2250 3657 2481 3721 attinet,
2514 3656 2561 3711 si
2601 3655 2725 3726 quis
2764 3655 2959 3725 dignus
2999 3654 3074 3710 sit
3114 3654 3323 3725 requie,

1757 3748 1919 3802 etiam
1956 3747 2355 3804 Saracenorum
2398 3748 2562 3804 corda
2605 3749 2782 3804 flectet
2816 3747 3083 3803 Dominus
3104 3789 3120 3814 ,
3154 3755 3214 3802 ut
3244 3746 3330 3802 fa-

1761 3840 1904 3894 ciant
1949 3855 2075 3895 cum
2124 3855 2192 3895 co
2254 3840 2682 3896 misericordiam
2731 3841 2889 3910 juxta
2942 3839 3326 3896 necessitatem

1763 3934 1950 4000 ipsius.
1990 3932 2045 3987 Si
2087 3948 2218 3988 vero
2255 3948 2364 3987 non
2407 3943 2493 3988 est
2531 3933 2750 4004 dignus,
2787 3949 2888 3988 nec
2927 3933 3187 3988 conducit
3225 3931 3327 4002 ipsi

1764 4034 1823 4077 ut
1861 4024 1916 4077 in
1949 4024 2306 4092 castigatione
2344 4039 2442 4078 sua
2474 4025 2903 4079 consolationem
2932 4024 3199 4093 accipiat,
3233 4037 3330 4078 no-

1765 4131 1889 4168 vum
1920 4115 2117 4169 malum
2149 4125 2205 4169 et
2233 4129 2431 4168 novam
2459 4123 2659 4169 terram
2689 4116 2736 4172 si
2775 4114 2956 4180 faciet,
2985 4113 3222 4169 inveniet
3247 4129 3325 4168 re-

1764 4206 1967 4276 quiem.
1997 4203 2150 4270 Quod
2184 4215 2364 4259 autem
2402 4205 2539 4260 dicis
2561 4206 2708 4275 quod
2737 4220 2927 4276 graves
2959 4205 3157 4259 fratres
3184 4213 3327 4268 tuos,

1769 4305 1950 4365 aperte
1973 4295 2262 4366 iustificari
2284 4295 2388 4350 vis.
2414 4293 2607 4351 Nullus
2633 4297 2778 4351 enim
2811 4297 3038 4366 cupiens
3066 4303 3330 4364 praecepta

1771 4387 1860 4442 Dei
1891 4387 2171 4442 custodire
2198 4387 2450 4456 proximo
2473 4389 2712 4458 cupienti
2743 4389 2943 4444 salvari
2981 4387 3116 4442 dicit
3139 4425 3155 4449 ,
3184 4386 3331 4456 quod

1767 4493 1891 4532 eum
1922 4486 2126 4548 gravet.
2153 4475 2290 4533 0dio
2325 4479 2531 4534 habens
2557 4479 2851 4545 irritantes,
2880 4477 2998 4533 odit
3020 4477 3291 4532 lenitatem
3314 4493 3333 4528 :

1770 4569 1981 4638 fugiens
2002 4567 2248 4633 afllictos,
2269 4567 2409 4638 fugit
2423 4569 2662 4638 requiem
2683 4570 2738 4623 in
2760 4569 2998 4625 Christo.
3019 4567 3162 4623 Deus
3183 4581 3335 4621 ania-

63 4664 134 4715 ὐ
163 4659 418 4730 φεύγων
449 4655 746 4718 θλίϐοντας,
790 4653 982 4723 φεύγει
1026 4651 1124 4722 τὴν
1164 4655 1223 4705 ὲν
1269 4650 1490 4720 Χριστῷ
1533 4649 1650 4703 ἀνά-

1773 4672 1857 4715 tor
1885 4659 2191 4723 hominum,
2219 4661 2314 4725 fili,
2343 4662 2614 4717 custodiat
2654 4678 2755 4717 nos
2789 4678 2886 4717 sua
2914 4662 3087 4733 gratia
3117 4667 3334 4731 propter

49 4767 312 4808 τιαυσιν.
367 4748 429 4800 ὐ
461 4746 592 4809 Θεὸς
625 4748 655 4798 ὁ
693 4743 1098 4815 φιλάνθρωπος,
1144 4741 1354 4802 τέκνον,
1405 4740 1668 4793 σκεπάσει

51 4845 225 4916 ἡμᾶς
260 4842 345 4912 τῇ
401 4837 565 4892 αὐτοῦ
611 4836 811 4908 χάριτι,
847 4836 1033 4905 εὐχαῖς
1081 4831 1298 4886 πάντων
1341 4831 1448 4884 τῶν
1476 4831 1665 4899 ἁγίων.

63 4935 298 5007 Ἀμήν.

141 5064 161 5090 τ
208 5047 441 5105 Ezech.
483 5057 673 5104 χχχιιι,
701 5040 786 5093 ll.
861 5041 881 5066 κ
916 5037 1108 5092 Matth.
1144 5035 1328 5099 “.13.

1411 5035 1428 5069 ι
1473 5031 1621 5088 Psal.
1649 5047 1758 5093 ιιν,
1785 5031 1874 5085 9.5.

1774 4765 1958 4822 preces
1989 4750 2233 4806 omnium
2270 4759 2603 4807 sanctorum.
2634 4751 2824 4807 Amen.

1952 5042 1977 5069 ιι
2007 5028 2194 5084 Matth.
2232 5044 2308 5092 νι,
2340 5026 2431 5083 54.
2509 5035 2531 5063 ν
2556 5025 2699 5082 Psal.
2720 5041 2829 5092 ιιν,
2861 5025 2953 5080 2'5.

67 5185 3332 5234 ___________________________________.____

1290 5319 1609 5400 INDEX
1683 5315 2054 5398 CAPITU
2074 5315 2180 5394 M.

134 5520 312 5592 Περὶ
349 5516 654 5584 ἀποταγῆς,
681 5512 999 5568 διδασκαλία
1025 5513 1104 5566 Δ’.

136 5612 311 5684 Περὶ
351 5604 874 5677 ταπεινοφροσύνης,
907 5603 1112 5657 διδασκ.
1143 5603 1215 5656 B’.

137 5703 313 5776 Περὶ
347 5698 666 5762 συνειδότος,
693 5697 901 5751 διδασκ.
932 5697 1003 5750 l".

141 5792 316 5862 Περὶ
352 5786 520 5856 φόϐου
545 5786 700 5852 Θεοῦ,
730 5786 938 5840 διδασκ.
973 5785 1042 5839 Δ⁰.

137 5879 318 5954 Περὶ
349 5875 447 5929 τοῦ
484 5876 560 5948 μὴ
585 5877 814 5946 στοιχεῖν
841 5877 906 5947 τῇ
941 5876 1048 5946 ἰδία
1093 5875 1311 5942 γνώσει,
1358 5873 1565 5926 διδασκ.
1603 5873 1672 5929 Ε.

143 5972 324 6045 Περὶ
362 5967 454 6025 τοῦ
491 5968 566 6042 μὴ
593 5972 771 6041 κρῖναι
801 5967 892 6024 τὸν
930 5969 1173 6039 πλησίον,
1210 5967 1416 6023 διδασκ.
1449 5964 1536 6031 τῖ’.

1845 5503 1920 5559 De
1951 5499 2370 5561 renuntiatiouc,
2407 5495 2653 5550 doctrina
2687 5495 2729 5548 1.

1844 5594 1919 5648 De
1955 5591 2279 5655 humilitate,
2310 5589 2453 5643 doct.
2496 5585 2558 5640 ΙΙ.

1850 5686 1923 5739 De
1947 5682 2299 5745 conscientia,
2330 5680 2473 5734 doct.
2501 5675 2589 5730 lll.

1851 5778 1924 5832 De
1951 5774 2136 5830 divino
2164 5774 2379 5836 timore,
2409 5770 2555 5825 doct.
2588 5767 2678 5823 IV.

1849 5869 1925 5923 Ne
1953 5884 2054 5922 nos
2081 5866 2229 5936 ipsos
2267 5861 2643 5922 informcmus,
2672 5859 2814 5914 doct.
2857 5853 2919 5908 ν.

1855 5961 1930 6018 Ne
1959 5959 2265 6032 proximum
2294 5954 2622 6026 iudicemus,
2659 5951 2802 6008 doct.
2835 5946 2922 6002 νι,
