4112 6416
161 368 285 438 1849

960 377 1242 440 ORATIO
1295 379 1378 441 ΙΝ
1435 379 1834 443 MULIERES
1885 381 2552 443 UNGUENTIFERAS.

3239 383 3379 451 1850

153 475 336 555 γενῆς.
366 484 470 539 ἀπὸ
499 485 721 558 γνώμης
750 489 954 554 οἰκείας
974 531 989 550 .
1018 490 1079 557 ἐξ
1106 494 1351 563 ἀνάγκης
1382 492 1458 563 (4)
1511 496 1589 557 είς
1616 495 1707 548 τὸν
1734 508 1750 556 Α

1818 497 1924 565 ipse
1951 496 2246 559 voluntate,
2280 495 2425 548 nulla
2466 506 2598 549 vero
2625 493 2967 564 necessitate,
2995 510 3215 554 crucem
3244 515 3379 556 con-

151 577 369 649 σταυρὸν
404 578 662 646 ἀνελθὼν,
692 581 787 634 καὶ
808 583 877 652 τῇ
906 582 1015 636 τῶν
1042 585 1240 656 χειρῶν
1276 587 1499 641 ἐκτάσει
1527 589 1709 642 πᾶσαν

148 672 429 740 ἑκδικήσας
459 672 558 745 τὴν
593 674 793 742 κτίσιν,
832 676 927 731 καὶ
956 677 1137 742 πάσας
1180 679 1281 742 τας
1319 680 1583 752 ἀοράτους
1615 683 1711 736 καὶ

144 766 383 834 πονηράς
412 766 668 840 δυνάμεις
713 768 1067 839 στηλιτεύσας
1096 771 1174 843 τῷ
1212 772 1398 845 οἰκείῳ
1429 773 1593 827 πάθει
1617 773 1710 828 τοῦ

147 859 411 928 σώματος,
443 859 675 931 ἠθέλησε
701 860 801 933 τὴν
825 861 988 931 ἁγίαν
1008 863 1173 917 αὐτοῦ
1205 864 1383 928 σάρκα
1416 864 1710 934 γεύσασθαι

137 950 235 1019 τῆς
258 948 556 1020 τριημέρου
580 949 900 1022 νεκρώσεως
935 952 1073 1025 ὑπὲρ
1119 953 1300 1023 πάσης
1323 955 1422 1024 τῆς
1461 953 1710 1023 φύσεως,

141 1040 227 1095 ἴνα
254 1041 319 1093 δι’
350 1041 522 1114 αὐτῆς
563 1042 642 1114 τῷ
674 1045 1064 1116 νενεκρωμένῳ
1087 1045 1235 1113 γένει
1270 1044 1370 1117 τὴν
1413 1045 1711 1100 ἀθανασίαν

136 1133 431 1204 χαρίσηται
462 1148 479 1164 ⁸
516 1136 610 1188 καὶ
637 1134 702 1207 δὴ
726 1135 913 1199 κλίνας
936 1138 1037 1207 τὴν
1061 1135 1220 1205 ἁγίαν
1253 1137 1419 1191 αὑτοῦ
1442 1136 1710 1210 κεφαλὴν,

137 1224 422 1280 ἐκέλευσεν
449 1226 529 1286 ὡς
558 1226 897 1298 θεραπαινίδι
933 1230 1002 1300 τῇ
1032 1227 1257 1300 τελευτῇ
1289 1227 1609 1298 προσελθεῖν
1641 1229 1709 1300 τῇ

137 1317 344 1388 σαρκί’⁶
378 1318 476 1372 καὶ
503 1319 846 1390 παραχρῆμα
879 1318 1213 1391 παρεγένετο
1255 1320 1505 1392 καθάπερ
1528 1318 1713 1385 δοῦλος

133 1414 163 1463 ὁ
183 1410 439 1478 θάνατος,
470 1411 735 1467 διακονῶν
773 1412 853 1484 τῷ
875 1410 1180 1482 δεσποτικῷ
1204 1412 1538 1483 διατάγματι
1570 1429 1587 1445 ·
1616 1416 1714 1466 καὶ

138 1505 341 1569 λαϐὼν,
379 1508 654 1577 κατεῖχεν,
685 1506 823 1576 ὅπερ
850 1506 1135 1579 ἐπετράπη
1187 1508 1345 1577 σῶμα
1370 1506 1575 1562 λαϐεῖν.
1605 1506 1712 1561 Τοῦ

132 1600 189 1653 δὲ
213 1599 472 1670 σώματος
513 1600 725 1655 ἐκείνου
750 1598 845 1654 τοῦ
872 1599 1121 1671 φωὸεροῦ
1152 1602 1267 1664 τοῖς
1286 1598 1581 1672 χερουσὶμ,
1618 1600 1714 1655 καὶ

130 1692 369 1762 φρικτοῦ
388 1695 503 1758 τοῖς
523 1692 787 1766 σεραφὶμ,
807 1691 912 1747 ὑπὸ
924 1691 1021 1745 τοῦ
1050 1692 1283 1747 θανάτου
1314 1690 1677 1763 κρατηθέντος
1696 1729 1712 1754 ,

127 1784 326 1852 οὕτως,
353 1787 433 1850 ὠς
460 1785 725 1856 ἠθέλησεν
755 1787 785 1840 ὀ
812 1783 910 1838 τοῦ
942 1784 1198 1858 σώματος
1232 1783 1460 1856 Κύριος,
1488 1787 1586 1840 καὶ
1610 1784 1716 1856 τῆς

126 1842 441 1949 ψυχῆςτοῦ
746 1842 1063 1950 δραμούσης
1107 1842 1563 1948 εὐαγγελίσασθαι
1743 1842 1790 1899 Β

1809 586 2097 649 scendens,
2121 585 2482 655 manibusque
2503 584 2746 639 extensis
2773 587 3084 644 universam
3106 588 3380 646 ulciscens

1807 686 2138 737 creaturam.
2167 691 2235 734 ac
2260 676 2558 732 invisibiles
2585 689 2780 731 omnes
2805 678 3180 753 malignasque
3205 681 3381 737 virtu-

1808 780 1892 827 tes
1921 771 2139 842 propria
2166 768 2413 839 corporis
2443 771 2700 840 passione
2730 770 3022 827 traducens
3046 775 3069 805 '
3087 815 3103 839 ,
3135 783 3381 829 sanctam

1809 879 2028 920 carnem
2079 878 2233 918 suam
2278 870 2506 917 mortem
2547 862 2855 917 triduanam
2904 876 3009 934 pro
3052 874 3262 921 natura;
3294 873 3382 921 to-

1810 958 1921 1015 tius
1969 957 2142 1012 salute
2185 965 2407 1028 gustare
2451 955 2659 1012 voluit:
2707 965 2870 1025 atque
2920 957 3059 1012 adeo
3112 957 3384 1014 inclinans

1810 1059 2058 1107 sanctum
2089 1065 2247 1104 suum
2278 1054 2460 1118 caput,
2487 1057 2716 1103 mortem
2745 1063 2846 1103 ceu
2877 1049 3132 1105 ancillam
3160 1049 3227 1104 ad
3259 1065 3384 1106 car-

1811 1158 1936 1198 nem
1971 1142 2229 1197 accedere
2253 1140 2442 1210 jussit.
2492 1142 2747 1196 Actutum
2793 1156 2925 1197 vero
2964 1141 3158 1198 humili
3201 1140 3384 1198 famu-

1811 1236 1927 1291 latu
1969 1248 2120 1288 mors
2167 1231 2345 1288 adfuit
2401 1230 2695 1286 Dominicze
2737 1233 3050 1303 obsequens
3101 1233 3382 1302 iussioni;

1809 1341 2120 1398 corpusque
2146 1324 2296 1397 quod
2325 1323 2481 1393 jussa
2507 1333 2628 1379 erat
2671 1326 2917 1395 accipere
2936 1366 2953 1391 ,
2999 1325 3272 1395 accipiens
3301 1333 3386 1380 te-

1810 1418 1955 1475 nuit.
1982 1418 2116 1474 Cum
2149 1417 2232 1473 sic
2255 1431 2386 1486 ergo
2411 1430 2612 1487 corpus
2641 1415 2774 1471 illud
2806 1417 3149 1473 tremendum
3177 1415 3387 1473 Cheru-

1812 1511 1959 1568 binis
1990 1527 2054 1566 ac
2078 1508 2395 1580 Seraphinis
2428 1508 2764 1564 horrendum
2803 1524 2833 1562 a
2879 1517 3056 1565 morte
3084 1516 3385 1574 teneretur,

1812 1602 2273 1675 quemadmodum
2298 1600 2470 1656 voluit
2493 1601 2744 1672 corporis
2772 1599 3037 1656 Dominus
3054 1642 3070 1666 ,
3096 1600 3389 1670 animaque

1815 1696 2114 1754 Salvatoris
2143 1693 2580 1766 evangelizatura
2613 1693 2902 1749 animabus
2936 1707 3127 1748 earum
3173 1692 3390 1748 redem-

1814 1791 2054 1861 ptionem
2080 1789 2236 1845 ocius
2264 1787 2516 1849 abiisset;
2543 1794 2799 1855 essetque
2820 1783 2941 1855 ejus
2966 1783 3143 1839 deitas
3171 1783 3391 1852 utrique

1815 1894 2002 1936 comes
2030 1879 2337 1950 (nusquam
2368 1875 2515 1931 enim
2542 1873 2839 1944 aliquando
2870 1872 3046 1928 deltas
3077 1881 3202 1943 post
3231 1870 3391 1927 unio-

125 1969 329 2041 ψυχαῖς
364 1970 473 2043 τὴν
515 1969 897 2037 ἀπολύτρωσιν
938 1969 1119 2026 αὐτῶν
1149 1986 1165 2000 ο
1194 1970 1291 2024 καὶ
1322 1972 1423 2041 τῆς
1457 1969 1714 2039 θεότητος

124 2056 318 2121 αὐτοῦ,
369 2056 470 2110 καὶ
514 2055 653 2128 μετὰ
690 2054 786 2110 τοῦ
813 2053 1068 2127 σώματος
1111 2053 1277 2127 οὔσης
1304 2057 1400 2110 καὶ
1440 2055 1581 2126 μετὰ
1612 2052 1715 2119 τῆς

120 2148 311 2219 ψυχῆς
338 2165 354 2180 ο
392 2149 458 2203 οὐ
484 2148 595 2220 γὰρ
627 2147 898 2222 ἐχωρίσθη
939 2149 1081 2219 μετὰ
1100 2149 1201 2220 τὴν
1223 2147 1418 2202 ἕνωσιν
1448 2149 1483 2219 ὴ
1525 2147 1714 2217 θεότης

121 2243 228 2312 τῆς
271 2242 703 2315 ἁνθρωπότητος
749 2242 1002 2314 οὐδαμῶς
1042 2241 1279 2313 οὐδαμοῦ
1304 2258 1321 2275 ο
1353 2240 1489 2296 ἀλλά
1521 2242 1615 2296 καὶ
1655 2244 1715 2297 ιν

117 2337 236 2398 τοῖς
297 2336 561 2405 οὐρανοῖς
617 2328 687 2406 ἦν
715 2350 731 2366 θ
782 2335 876 2389 καὶ
929 2336 988 2387 ὲν
1037 2333 1195 2404 τάφῳ
1244 2334 1427 2403 παρῆν
1467 2331 1713 2400 ἀπαθῶς,

120 2424 415 2497 ἄφθαρτον
448 2423 795 2496 φυλάττουσα
830 2426 892 2480 τδ
927 2425 1132 2497 ἑαυτῆς
1164 2423 1512 2497 περιϐόλαιον
1541 2439 1555 2455 ·
1592 2421 1716 2477 τού-

1818 1986 1944 2029 nem
2027 1969 2097 2026 ah
2146 1968 2485 2025 humanitate
2540 1964 2832 2037 discessit)
2878 1983 2894 2023 :
2961 1963 3093 2036 quin
3166 1972 3223 2020 et
3271 1975 3393 2020 erat

1817 2065 1874 2122 in
1919 2063 2076 2121 caelis
2112 2062 2410 2132 aderatque
2468 2059 2840 2131 impatibiliter
2891 2058 3185 2130 sepulcro,
3226 2071 3389 2114 suum

1819 2156 1995 2227 ipsius
2011 2154 2389 2209 indumentum
2408 2166 2437 2206 a
2456 2149 2804 2220 corruptione
2824 2163 3049 2204 servans
3068 2146 3352 2202 innoxium
3373 2163 3390 2202 :

1819 2248 1906 2305 his
1928 2289 1944 2314 ,
1972 2248 2194 2315 inquam
2215 2284 2232 2306 .
2277 2243 2349 2299 ita
2379 2241 2785 2315 dispensatione
2816 2241 3017 2313 gestis,
3048 2238 3135 2294 vir
3165 2236 3389 2309 quidam

1818 2340 2016 2396 nobilis
2049 2336 2252 2408 pariter
2277 2351 2342 2392 ac
2370 2336 2545 2398 dives,
2576 2332 2776 2405 Ioseph
2810 2333 3057 2398 nomine,
3083 2331 3154 2387 ab
3175 2329 3396 2385 Arima-

1823 2435 1958 2499 thia,
1980 2432 2073 2504 qui
2098 2429 2290 2486 fuisset
2303 2427 2566 2484 Crucilixi
2594 2426 2918 2496 discipulus,
2941 2437 3253 2494 supremam
3272 2428 3397 2491 post

1820 2537 2053 2585 mortem
2092 2523 2350 2596 magistro
2387 2521 2562 2577 vicem
2597 2518 2834 2577 reddens
2854 2558 2872 2584 ,
2906 2515 3140 2574 accessit
3162 2514 3231 2572 ad
3252 2513 3397 2569 Pila-

1821 2630 1936 2677 tum
1956 2660 1973 2685 ,
2005 2618 2304 2674 obsecrans
2331 2628 2396 2670 ac
2419 2612 2609 2669 dicens
2636 2629 2651 2666 :
2688 2628 2709 2663 ι
2746 2609 2898 2666 lianc
2926 2622 3027 2680 pro
3054 2615 3270 2663 mortuo
3301 2620 3396 2674 pe-

118 2518 232 2573 τών
261 2516 452 2583 οὕτως
471 2516 952 2590 οἰκοωμηθέντων.
970 2519 1167 2588 Ἰωσήφ
1194 2535 1280 2580 τις
1322 2516 1463 2589 ἀνὴρ
1488 2516 1718 2587 εὐγενής

117 2629 181 2665 τε
235 2611 340 2667 καὶ
390 2610 672 2675 πλούσιος,
718 2610 828 2664 ἀπὸ
866 2610 1225 2682 Ἁριμαθαίας
1255 2609 1594 2680 ὁρμώμενος,
1620 2606 1716 2662 τοῦ

114 2703 556 2774 ὲσταυρωμένου
583 2700 827 2772 μαθητὴς
855 2699 1119 2770 γεγονὼς,
1144 2699 1462 2754 τελευταίαν
1476 2697 1556 2771 τῷ
1573 2698 1715 2751 διδα-

1820 2714 2071 2769 titioncm
2116 2709 2292 2775 facio;
2337 2722 2439 2778 pro
2477 2714 2728 2770 mortuo,
2769 2703 3029 2772 inquam.
3064 2699 3398 2755 calumniam

117 2795 319 2867 σκάλῳ
365 2793 515 2866 μετὰ
543 2794 643 2867 τὴν
679 2792 935 2866 τελευτὴν
960 2792 1245 2855 ἀποδιδοὺς
1266 2792 1523 2864 ἀμοιϐὴν,
1545 2807 1716 2862 προσ-

1821 2821 1988 2879 passo
2016 2803 2086 2859 ab
2122 2795 2374 2857 hostibus
2398 2838 2415 2865 ,
2444 2807 2504 2854 et
2532 2798 2602 2853 ab
2632 2796 2824 2852 amicis
2855 2793 3127 2866 passionis
3154 2802 3401 2861 tempore

114 2888 257 2962 ἦλθε
312 2887 404 2961 τῷ
458 2886 697 2959 Πιλάτῳ.
750 2886 1081 2958 παρακαλῶν
1144 2885 1310 2941 αὐτὸν
1356 2886 1452 2940 καὶ
1500 2884 1675 2953 λέγων
1699 2898 1714 2913 ⁶

1823 2897 2100 2954 derelicto.
2150 2893 2259 2949 Pro
2314 2900 2533 2948 mortuo
2586 2890 2871 2961 supplico,
2927 2888 3160 2943 habente
3221 2897 3401 2954 neque

120 3000 141 3031 ι
182 2980 375 3054 ’Υπὲρ
394 2978 597 3052 νεκροῦ
618 2978 821 3051 ταύτην
842 2979 919 3050 (5)
941 2977 1199 3048 ποιοῦμαι
1227 2977 1327 3050 τὴν
1343 2977 1546 3046 δέησιν,
1568 2974 1722 3044 παρὰ

1825 3003 2021 3047 aurum
2050 3001 2228 3056 neque
2254 2993 2540 3053 argentum
2571 2997 2751 3053 neque
2787 2981 2989 3037 milites
3030 2993 3207 3049 neque
3240 2977 3401 3032 auxi-

119 3069 229 3140 μὲν
257 3068 383 3122 τῶν
416 3066 631 3140 ἐχθρῶν
659 3066 1182 3138 συκοφαντηθέντος,
1211 3065 1364 3137 παρὰ
1400 3064 1457 3119 δὲ
1486 3063 1594 3119 τῶν
1628 3063 1721 3133 φί-

1827 3081 2016 3138 Ιὶιινίοε
2038 3093 2218 3150 neque
2246 3077 2566 3148 stipatores,
2599 3081 2965 3145 praeterquam
3017 3079 3228 3127 tantum
3261 3085 3403 3141 pau-

110 3162 231 3216 λων
271 3159 768 3260 κμταλειιρθὲντος,
802 3159 883 3230 τῷ
909 3158 1005 3213 τοῦ
1055 3158 1263 3222 πάθους
1307 3157 1507 3230 καιρῷ.
1549 3156 1750 3245 ’ΥπὲρΙ

1829 3174 2100 3247 perculam
2128 3180 2378 3235 matrem,
2396 3168 2516 3239 ejus
2531 3175 2691 3238 partu
2722 3167 2944 3224 divitem
2967 3163 3239 3222 effectam.
3265 3159 3402 3219 Ora-

108 3254 329 3328 νεκροῦ
361 3252 625 3318 ἱκετεύω,
660 3251 737 3325 μὴ
777 3250 1114 3323 κεκτημένου
1155 3252 1296 3324 μήτε
1325 3250 1548 3323 χρυσὸν,
1582 3251 1718 3323 μήτε

1824 3279 1938 3323 tum
1963 3264 2125 3321 venio
2146 3277 2250 3334 pro
2276 3272 2516 3327 mortuo,
2543 3270 2739 3330 sponte
2775 3275 2874 3315 sua
2904 3268 3080 3315 morte
3107 3257 3401 3317 defuncto:

110 3350 406 3421 ἄργυρον,
443 3348 584 3420 μήτε
625 3344 992 3417 στρατιώτας,
1038 3343 1174 3418 μήτε
1205 3344 1545 3415 συμμάχους,
1581 3344 1721 3415 μήτε

1823 3359 1930 3415 nisi
1963 3355 2111 3413 enim
2139 3352 2425 3417 voluisset,
2454 3352 2680 3406 minime
2699 3351 2947 3421 gentium
2966 3356 3217 3403 mortuus
3235 3356 3402 3402 esset.

106 3437 500 3509 δορυφόρους.
525 3436 574 3489 εί
606 3432 683 3508 μὴ
713 3433 874 3506 μόνον
900 3431 1113 3505 μητέρα
1137 3431 1423 3503 πενιχρὰν.
1453 3432 1530 3502 τῷ
1555 3429 1720 3485 αύτοῦ

1823 3452 2091 3508 Ceterum
2119 3459 2253 3516 ergo
2269 3444 2573 3514 deponatur
2595 3442 2664 3499 de
2685 3456 2849 3498 cruce
2876 3440 2924 3497 is
2945 3440 3039 3510 qui
3060 3438 3194 3494 nihil
3211 3451 3407 3510 quotum

115 3531 283 3603 τόκῳ
341 3529 755 3598 πλουτήσασαν.
804 3526 975 3597 ’Υπὲρ
1015 3523 1210 3595 νεκροῦ
1235 3523 1524 3595 πρεσὸεύω
1562 3524 1722 3578 ἑκου-

1824 3557 1991 3613 quam
2022 3539 2223 3611 injuste
2247 3536 2408 3601 laasit,
2436 3534 2530 3591 sed
2563 3532 3061 3589 innumerabilibus
3088 3545 3280 3586 omnes
3309 3528 3408 3585 be-

112 3620 263 3683 σίως
293 3617 680 3679 ἀποθανόντος
702 3629 718 3645 ⁸
746 3617 796 3669 εἰ
837 3615 913 3687 μὴ
946 3614 1054 3686 γὰρ
1078 3612 1360 3684 ἠθέλησεν,
1391 3614 1491 3667 οὐκ
1517 3613 1583 3668 ἂν
1609 3616 1727 3668 ἑτε-

1827 3612 2037 3687 nellciis
2084 3626 2393 3683 honoravit.
2436 3623 2679 3680 Gratiam
2712 3621 2846 3678 mihi
2887 3621 3088 3692 largire
3118 3663 3134 3689 ,
3166 3631 3274 3690 qua
3307 3616 3409 3672 tibi

109 3712 400 3784 λεύτησε.
423 3709 805 3783 Καθαιρείσθω
822 3709 999 3763 τοίνυν
1023 3707 1130 3763 ἀπο
1145 3706 1240 3762 τοῦ
1262 3707 1497 3778 σταυροῦ
1518 3708 1722 3772 λοιπὸν,

1829 3722 1978 3780 nulla
2031 3719 2272 3791 suppetit
2311 3718 2524 3773 melior.
2549 3714 2681 3791 Mihi
2704 3713 2932 3785 gratiam
2965 3711 3163 3782 largire
3189 3749 3207 3773 ,
3241 3723 3409 3780 quam

105 3808 140 3861 ὁ
170 3804 414 3878 μηδένα
466 3801 634 3874 μηδὲν
671 3799 968 3872 ἠδικηκὼς,
1001 3798 1341 3870 εὐεργεσίαις
1388 3799 1445 3851 δὲ
1507 3801 1729 3871 μυρίαις

1828 3817 1920 3888 qui
1943 3813 2235 3883 suscipiam
2272 3811 2388 3881 ipse
2418 3810 2608 3868 beatus
2629 3805 2859 3863 efiiciar.
2890 3803 3044 3859 Dona
3079 3802 3217 3858 mihi
3259 3815 3411 3858 mor-

107 3897 490 3969 τετιμηκώς.
518 3892 756 3966 Χάρισαί
801 3909 891 3963 μοι
925 3891 1105 3964 χάριν,
1151 3884 1220 3962 ἦς
1257 3890 1358 3944 υύκ
1390 3888 1532 3961 ἔχεις
1564 3889 1729 3962 ἄλλην

1833 3884 1985 3963 tuum
2038 3905 2185 3960 hunc
2219 3901 2521 3964 vivilicum,
2569 3907 2632 3954 ut
2667 3897 2942 3969 accipiens
2982 3893 3134 3950 humi
3175 3892 3411 3949 abscon-

106 3991 381 4063 ἀμείνω·
436 3988 596 4059 χάριν
632 4003 723 4058 μοι
751 3986 997 4058 χάρισαι,
1043 3982 1313 4054 μακάριον
1339 3980 1602 4036 ποιοῦσάν
1637 3997 1726 4053 με,

1830 4001 1977 4056 dam.
2007 3997 2157 4052 Dona
2189 3994 2323 4051 mihi
2362 4002 2446 4050 ter
2491 3995 2708 4047 beatum
2747 4002 2990 4059 corpus,
3035 3987 3180 4058 quod
3222 3985 3416 4041 videns

105 4086 215 4138 13w
236 4082 470 4150 ταύτην
486 4079 791 4151 δεχόμενον.
823 4074 1077 4148 Δωρῆσαί
1110 4093 1198 4146 μοι
1218 4074 1312 4128 τὸν
1335 4072 1598 4139 ζωοποιδν
1617 4072 1736 4128 τοῦ·

1832 4088 2159 4147 exstinctum
2191 4092 2443 4141 creatura
2469 4081 2627 4137 lusit.
2654 4080 2803 4135 Dona
2835 4077 2970 4134 mihi
2994 4090 3198 4145 corpus
3221 4114 3239 4142 ,
3263 4076 3409 4145 quod

106 4195 218 4234 τον
254 4173 496 4247 νεκρὸν,
526 4174 615 4226 ἵνα
646 4169 828 4225 λαϐὼν
852 4169 1037 4233 αὐτὸν,
1060 4166 1287 4237 καλύψω
1316 4168 1385 4239 τῇ
1422 4168 1513 4237 γῇ,
1543 4166 1734 4238 Αωρῆ-

1834 4180 2121 4252 exspirans
2145 4186 2416 4235 contuens
2441 4174 2736 4245 templum,
2770 4186 2932 4229 suum
2963 4171 3141 4240 ipsum
3166 4166 3416 4223 velamen

111 4268 216 4323 σαί
265 4283 374 4338 μοι
409 4263 471 4318 τὸ
496 4259 899 4335 τρισμακάριον
934 4258 1117 4329 σῶμα,
1145 4257 1284 4329 ὅπερ
1311 4255 1671 4330 νεκρούμενον
1696 4257 1733 4325 ἡ

1834 4271 2124 4331 conscidit.
2148 4268 2300 4323 Dona
2332 4266 2465 4322 mihi
2487 4279 2712 4334 corpus,
2743 4278 2841 4333 per
2857 4264 3003 4331 quod
3026 4259 3218 4315 scissae
3246 4264 3421 4328 petras

107 4362 327 4424 κτίσις
380 4354 685 4426 ἐπένθησεν
732 4351 935 4408 ίδοῦσα.
967 4351 1220 4422 Δωρῆσαί
1270 4367 1364 4422 μοι
1402 4349 1564 4422 σῶμα
1598 4350 1737 4422 ὅπερ

1835 4373 2063 4436 ruptura
2092 4362 2301 4417 luctum
2333 4356 2710 4430 prodiderunt.
2740 4353 3107 4410 Deosculabor
3133 4364 3416 4408 sacrarum

107 4451 435 4511 ἁποπνέον
455 4449 487 4504 ὁ
534 4447 663 4512 ναὸς
694 4445 1053 4514 θεασάμενος,
1099 4444 1162 4500 τὸ
1192 4443 1388 4499 ἑαυτοῦ
1424 4443 1736 4516 πριέσχισε

1838 4470 2100 4515 manuum
2130 4452 2359 4509 vulnera
2383 4491 2399 4517 ,
2425 4449 2630 4520 quibus
2657 4445 2857 4503 anima:
2887 4458 3024 4499 meat
3057 4442 3286 4498 vulnera
3316 4455 3419 4497 cu-

108 4545 587 4611 καταπὲτασμα.
630 4538 885 4612 Δωρῆσαί
914 4553 1004 4608 μοι
1028 4534 1310 4613 σῶμα,νδι“
1346 4528 1409 4591 οῦ
1457 4535 1514 4590 ai
1537 4535 1738 4608 πέτραι

1843 4556 1962 4603 rata
1987 4550 2131 4601 sunt.
2171 4540 2410 4613 Palpsbo
2450 4538 2595 4594 latus
2625 4536 2759 4593 illud
2790 4534 3173 4590 intemeratum
3198 4570 3215 4595 ,
3250 4544 3284 4585 a
3310 4543 3422 4600 qua

108 4638 490 4711 σχισθεῖσαι,
519 4631 597 4704 τῷ
626 4632 867 4703 ρήγματι
892 4628 955 4683 τὸ
988 4627 1181 4691 πένθος
1218 4627 1516 4700 ἐμήνυσαν.
1549 4627 1739 4711 Κατα-

1842 4637 2067 4708 sanguis
2095 4634 2359 4707 mysticus
2387 4646 2455 4687 ac
2477 4644 2618 4701 aqua
2651 4623 3115 4699 regenerationis,
3147 4636 3246 4678 ceu
3272 4619 3424 4676 fonte

109 4710 381 4803 φιλήσω
407 4724 477 4781 τά
515 4721 809 4795 τραύματα
837 4719 946 4775 τῶν
981 4718 1152 4788 ἁγίων
1189 4717 1415 4789 χειρῶν.
1444 4717 1513 4772 δι’
1537 4710 1612 4772 ὧν
1638 4717 1740 4787 τῆς

1843 4735 2159 4788 manarunt.
2199 4725 2481 4798 Sepeliant
2541 4734 2738 4778 manus
2788 4720 2874 4776 hae
2926 4732 3052 4773 eum
3098 4714 3194 4786 qui
3228 4711 3423 4803 mortis

104 4801 285 4894 ἐμῆς
344 4815 536 4887 ψυχῆς
575 4809 914 4885 ἐθεραπεύθη
962 4811 1031 4865 τά
1070 4810 1378 4881 τραύματα.
1421 4809 1741 4881 Ψηλαφήσω

1846 4821 2050 4879 fascias
2097 4827 2182 4876 est
2231 4816 2534 4874 soluturus.
2574 4809 2729 4867 Justa
2762 4807 2993 4866 reddant
3023 4814 3339 4878 peccatores
3366 4801 3422 4857 hi

106 4914 235 4986 τὴν
284 4911 575 4982 ἄχραντον
633 4904 847 4975 εκείνην
893 4901 1153 4970 πλευρὰν.
1202 4899 1296 4970 ἀφ’
1340 4895 1408 4974 ἧς
1464 4902 1742 4973 ὲπήγασεν

1847 4913 1999 4986 digiti
2038 4912 2087 4968 ei
2116 4952 2134 4979 ,
2186 4911 2280 4983 qui
2311 4906 2580 4980 justitiam
2613 4916 2831 4959 omnem
2865 4907 3122 4971 operatus
3144 4904 3234 4952 est
3260 4903 3424 4965 atque

105 5002 289 5079 αἷμα
331 4998 625 5076 μυστικὸν,
649 5001 746 5053 καὶ
780 4996 925 5066 ὕδωρ
969 4996 1401 5065 ἀναγεννησεως.
1453 4993 1742 5061 Ἢνταφιά-

1846 5007 2052 5063 docuit.
2098 5000 2341 5079 Tangam
2389 5013 2613 5056 carnem
2670 4998 3015 5050 innocentem
3055 5031 3093 5079 ,ν
3126 5001 3293 5079 quam
3338 4994 3424 5042 ter

111 5076 332 5154 σώσιν
376 5093 434 5147 ai
466 5093 648 5163 χείρες
674 5083 835 5145 αὗται
872 5092 964 5142 τὸν
990 5086 1250 5157 μέλλοντα
1274 5084 1424 5140 λύειν
1449 5085 1542 5139 τοῦ
1572 5085 1741 5141 θανά-

1848 5097 2073 5160 hcatus,
2103 5076 2354 5165 quisquis
2383 5103 2509 5144 cum
2542 5086 2647 5143 ﬁde
2675 5082 2870 5154 tangit.
2889 5081 3045 5137 illum
3068 5078 3334 5135 deducam
3354 5076 3425 5133 ad

102 5208 228 5246 στου
257 5185 354 5241 τὰ
389 5183 701 5255 σπάργανα.
756 5180 1109 5253 Κηδεύσωσιν
1145 5170 1294 5232 οὗτοι
1333 5179 1382 5230 οί
1425 5177 1743 5249 ἁμαρτωλοὶ

1849 5193 2261 5241 monumentum
2286 5221 2302 5247 ,
2343 5179 2440 5252 qui
2488 5175 2722 5234 mortuis
2761 5180 3053 5247 aperturus
3096 5180 3184 5227 est
3226 5183 3425 5225 monu-

103 5276 431 5339 δάκτυλοι
474 5276 569 5329 τὸν
617 5274 799 5346 πάσης
838 5270 1184 5344 δικαιοσύνης
1215 5270 1455 5342 ἐργάτην
1482 5269 1579 5323 καὶ
1620 5287 1748 5325 παι-

1852 5286 2056 5333 menta.
2109 5273 2344 5331 Inferam
2394 5269 2667 5327 defunctis
2720 5263 3142 5325 resurrectionis
3192 5261 3420 5318 fontem.

101 5372 391 5440 δεύτην-
419 5366 681 5437 Ἀψωμαι
707 5365 804 5436 τῆς
826 5364 1212 5436 ἀναμαρτήτου
1242 5360 1464 5434 σαρκὸς,
1488 5356 1558 5434 ἦς
1586 5363 1695 5425 πᾶς
1718 5363 1748 5416 ὁ

107 5461 306 5538 μετὰ
352 5457 593 5521 πίστεως
623 5457 958 5528 ἁπτόμενος,
984 5455 1399 5528 τρισμακάριος.
1430 5451 1747 5525 Προπέμψω

205 5577 239 5608 ²
278 5570 520 5630 Coloss.
548 5588 610 5638 tt,
637 5570 727 5626 16.

210 5685 324 5758 (4)
385 5684 475 5758 Ἐξ
499 5684 695 5752 ἀναγκ.
727 5681 908 5738 Deest.
930 5681 1014 5758 ού.

214 5753 330 5824 i5)
382 5754 530 5810 "anc
559 5771 654 5824 pro
691 5753 1140 5824 mortuo._Sintiii
1196 5754 1309 5824 iere
1343 5754 1748 5824 prosopopoeia,

116 5849 212 5889 ac
294 5821 505 5884 Similia
557 5821 866 5897 loquentem
924 5821 1214 5896 Josephum
1266 5823 1473 5881 inducit
1513 5821 1750 5897 Eo‘ipha-

1849 5364 1919 5423 lis
1951 5367 2114 5423 etiam
2152 5363 2246 5436 qui
2271 5362 2586 5420 detinentur
2608 5361 2665 5416 in
2697 5356 2914 5415 inferno
2942 5396 2959 5426 ,
3004 5354 3286 5413 lucernam
3331 5366 3422 5407 re.-

1848 5459 2203 5520 surrectiouis
2225 5457 2538 5516 accendam.
2558 5474 2578 5509 ι

1858 5688 2007 5751 nius,
2061 5685 2212 5741 Orat.
2274 5682 2465 5739 eodem
2493 5690 2834 5753 argumento.
2863 5695 3028 5753 quam
3057 5677 3203 5753 edita
3232 5674 3421 5753 multis

1860 5745 2111 5812 vitiosam
2137 5745 2859 5825 t‘ept'assentaitt,'po§siAtque
2877 5745 2962 5808 vix
2985 5765 3091 5808 non
3124 5747 3231 5805 alia
3257 5745 3422 5817 prod-

1861 5828 1938 5885 ire
1959 5842 2023 5885 ex
2051 5822 2218 5898 Regio
2239 5824 2361 5883 cod.
2389 5838 2543 5883 num.
2561 5823 2687 5882 545.
2715 5822 2792 5880 ιιι.
