4112 6416
706 368 836 433 1851

1681 361 2059 423 GREGOBII
2110 355 2456 420 EPISCOPI
2488 358 2960 421 ANTIOCHENI

3871 353 4008 416 133-3

3943 401 4006 414 9'-

701 485 796 539 ὲπί
842 482 921 554 τῷ
952 481 1194 552 μθήματι
1241 479 1331 532 τὸν
1367 476 1629 547 μέλλοντα
1657 477 1773 538 τοῖς
1801 475 2018 544 νεκροῖς
2082 469 2320 533 ἀνοίγειν
2367 473 2438 520 τά
2477 473 2717 539 μνημεῖα
2740 489 2754 502 ·
2802 469 3070 536 ἐπαγάγω
3105 469 3217 530 τοῖς
3253 466 3678 537 κατοιχομένοις
3731 468 3848 534 τὴν
3911 467 4006 529 τῆς

702 574 1053 636 ἀναστάσεως
1079 573 1283 642 πηγήν.
1322 570 1482 638 Ἀψω
1503 569 1598 623 καὶ
1618 569 1732 632 τοῖς
1759 569 1818 620 ὲν
1856 565 1934 635 τῷ
1970 564 2075 636 ᾄδῃ
2112 555 2501 628 κατεχομένοις
2548 560 2640 612 τὸν
2663 561 2856 631 λύχνον
2880 560 2982 629 τῆς
3008 559 3380 621 ἀναστάσεως.
3413 578 3431 608 ι

781 671 863 724 Ill.
893 667 1018 724 Have
1045 669 1261 738 quidem
1285 665 1373 735 pie
1391 664 1626 733 lost-ph;
1652 662 2032 732 acquievitque
2053 661 2290 715 clemen-

2462 653 2651 707 Ταῦτα
2693 655 2890 725 Ἰωσὴφ
2916 653 3016 723 μὲν
3045 653 3232 720 ἔλεγεν
3261 649 3501 712 εὐσεϐῶς
3539 668 3554 679 ·
3593 650 3626 700 ὁ
3648 648 3722 700 δὲ
3764 644 4005 698 Πιλᾶτοε

706 773 788 816 ter
813 761 1020 817 Pilatus
1045 777 1109 816 ac
1134 759 1364 828 benigne
1390 777 1404 811 :
1436 755 1618 810 divina
1649 755 1846 824 quippe
1871 755 2049 808 virtus
2079 751 2280 806 mortui

705 871 868 924 quem
927 869 975 908 is
1028 851 1375 922 requirebat,
1416 864 1524 921 qua
1588 847 1761 902 Deum
1817 847 2032 900 ratione
2082 846 2281 904 decet,

707 957 908 1015 prmsto
948 944 1139 998 efﬁcax
1173 941 1392 997 conatui
1423 937 1619 1002 adfuit,
1653 947 1815 1007 atque
1843 935 2006 990 Pilati
2037 938 2280 989 animum

708 1040 776 1094 ad
805 1036 1259 1108 acquiescendum
1286 1033 1515 1088 mollivit
1541 1043 1704 1100 atque
1733 1029 1941 1085 inﬂexit
1965 1045 1980 1093 ;
2003 1035 2282 1084 actutum-

711 1148 818 1199 que
846 1130 937 1198 qui
975 1130 1350 1200 postulaturus
1379 1131 1723 1189 accesserat,
1763 1123 2057 1194 pollinctor
2086 1121 2280 1177 evasit.

714 1226 994 1296 Accipiens
1021 1226 1166 1280 enim
1197 1238 1398 1292 corpus
1426 1222 1794 1277 desideratum
1821 1261 1837 1286 ,
1863 1219 2286 1274 exosculabatur

712 1320 762 1372 ei
798 1319 1204 1382 circumfusus;
1248 1332 1459 1386 suaque
1489 1315 1661 1385 ipsius
1689 1314 1828 1369 labia
1863 1314 2126 1370 membris
2157 1329 2285 1368 san-

714 1413 818 1468 ctis
843 1420 1122 1479 coaptans.
1147 1411 1220 1464 ita
1243 1411 1386 1480 apud
1413 1424 1472 1463 se
1498 1409 1786 1479 reputabat
1809 1408 1897 1462 :Si
1918 1407 2137 1478 quidem
2166 1424 2287 1462 ιιιιι-

717 1507 814 1560 licr
845 1504 1016 1560 ﬂuens
1034 1504 1320 1575 sanguine,
1356 1503 1444 1556 ubi
1478 1501 1584 1556 (ille
1610 1511 1815 1558 vestem
1846 1504 1968 1572 ejus
2001 1501 2286 1569 tetigisset,

715 1600 1008 1654 exsiccavit
1036 1597 1317 1668 sanguinis
1355 1596 1557 1651 fontem
1584 1598 1634 1661 ³;
1669 1608 1896 1667 tangens
1924 1611 2025 1665 ego
2042 1595 2288 1649 divinum

719 1692 890 1762 ipsius
923 1708 1123 1760 corpus
1146 1733 1161 1753 ,
1190 1677 1314 1759 qum
1346 1705 1454 1744 non
1507 1704 1734 1742 munera
1765 1686 2062 1740 obtinebo?
2082 1706 2100 1736 ι
2149 1685 2288 1740 Tum

719 1801 850 1839 vero
883 1784 1085 1838 munda
1121 1782 1355 1846 sindone
1387 1779 1652 1836 mundam
1701 1779 1982 1834 involvens
2023 1780 2290 1846 margari-

731 1886 843 1927 tam
875 1915 889 1935 ,
921 1873 1103 1942 posuit
1124 1888 1250 1926 eum
1283 1872 1336 1925 in
1368 1880 1724 1925 monumento
1763 1885 1864 1924 suo
1892 1885 2062 1926 novo:
2102 1870 2290 1924 advol-

720 1981 963 2034 vensque
993 1965 1222 2034 lapidem
1253 1963 1321 2018 ad
1351 1964 1555 2017 ostium
1591 1962 1825 2032 sepulcri
1851 2005 1866 2026 ,
1905 1961 2091 2032 lugens
2115 1977 2294 2016 rever-

722 2076 820 2121 sus
847 2070 969 2123 cst;
1012 2059 1206 2113 crebro
1238 2066 1518 2112 revertens
1555 2056 1621 2109 ad
1663 2064 2102 2118 monumentum,
2139 2070 2203 2110 ac
2235 2070 2296 2109 se

723 2159 994 2227 privatum
1037 2162 1370 2223 praeceptore
1412 2151 1625 2218 lugens.
1671 2149 1962 2203 Enimvero
2009 2149 2297 2219 occupavit

723 2251 1033 2322 religiosam
1094 2247 1315 2316 Josephi
1375 2245 1798 2301 sollicitudinem
1849 2245 2155 2315 irreligiosa
2200 2242 2296 2299 Ju-

722 2349 963 2402 dmorum
1006 2341 1277 2412 impietas.
1312 2339 1522 2396 Rursus
1550 2340 1696 2396 enim
1728 2340 2038 2410 congregati
2071 2338 2164 2394 Dei
2196 2340 2299 2396 ho-

723 2455 834 2500 stes
849 2444 902 2497 in
921 2441 1010 2496 die
1033 2439 1278 2501 Sabliati,
1297 2446 1650 2492 accesserunt
1666 2436 1734 2491 ad
1751 2435 2004 2502 Pilatum,
2022 2436 2296 2505 dicentesj:

725 2536 986 2601 Domine,
1028 2533 1292 2587 recordati
1330 2548 1546 2594 sumus,
1589 2531 1716 2601 quia
1755 2534 2003 2584 seductor
2045 2531 2136 2584 ille
2161 2529 2298 2584 dixit

725 2633 898 2685 adhuc
911 2631 1112 2684 vivens:
1130 2625 1257 2680 Post
1281 2635 1380 2678 tres
1397 2625 1510 2679 dies
1528 2641 1825 2694 resurgam.
1839 2622 1975 2678 lube
1989 2641 2112 2694 ergo
2125 2634 2301 2677 custo-

724 2726 831 2777 diri
850 2720 1146 2790 sepulcrum
1161 2737 1322 2790 usque
1339 2721 1389 2773 in
1418 2717 1555 2771 diem
1578 2718 1793 2772 tertium
1819 2732 1838 2770 :
1864 2732 1926 2769 ne
1947 2716 2081 2784 forte
2101 2715 2304 2768 venien-

728 2825 803 2866 tes
831 2814 1087 2882 discipuli
1105 2815 1219 2882 ejus
1249 2822 1399 2866 nocte
1418 2853 1433 2876 ,
1460 2811 1703 2878 furentur
1723 2825 1842 2863 eum
1863 2848 1876 2868 ,
1918 2818 1968 2862 et
1995 2808 2172 2860 dicant
2191 2807 2302 2873 ple—

727 2903 780 2955 bi
814 2917 833 2955 :
873 2901 1118 2956 Surrexit
1145 2919 1178 2954 a
1209 2902 1432 2954 mortuis
1472 2915 1490 2952 :
1541 2911 1590 2952 et
1639 2901 1741 2951 erit
1797 2898 2107 2951 novissimus
2153 2912 2302 2949 error

725 2996 876 3065 peior
901 2997 1076 3065 priore
1101 2997 1140 3048 ‘.
1176 2993 1318 3060 Quid
1349 3003 1406 3046 tu
1434 2993 1534 3058 ais,
1570 2991 1829 3047 seductor
1859 3006 1924 3045 ac
1952 2990 2178 3044 sceleste
2205 2987 2304 3043 Ju-

729 3091 889 3146 daee?
916 3088 1054 3143 Num
1087 3090 1366 3152 seductor,
1401 3088 1495 3156 qui
1529 3095 1634 3140 ttue
1667 3086 1844 3155 gentis
1875 3086 2113 3152 leprosos
2141 3097 2303 3137 sana-

727 3183 842 3252 vitl?
887 3181 1025 3236 Num
1064 3181 1353 3245 seductor,
1386 3180 1480 3249 qui
1523 3193 1698 3233 caecos
1735 3177 2070 3232 contribules
2104 3184 2228 3229 tuos
2272 3191 2304 3229 a

731 3272 1025 3338 congenita
1069 3273 1149 3326 eis
1182 3281 1339 3326 nocte
1374 3271 1658 3325 liberavit?
1698 3269 1836 3323 Num
1868 3269 2120 3324 seductor
2152 3311 2167 3330 ,
2213 3267 2303 3336 qni

2383 746 2693 816 ὑπήκουσεν
2735 745 2981 814 εὐμενῶς
3027 761 3041 774 ο
3073 745 3106 814 ἡ
3149 743 3260 813 γὰρ
3285 742 3407 795 θεία
3438 740 3695 808 δύναμις
3727 737 3830 790 τοῦ
3871 739 4004 803 παρ’

2381 838 2548 894 αὑτοῦ
2586 839 2922 908 ζητουμένου
2967 835 3186 908 νεκροῦ,
3231 834 3445 904 ἐνέργει
3507 836 3631 894 τοῖς
3683 832 3999 899 πράττουσι

2383 930 2720 1001 θεοπρεπῶς,
2742 931 2837 983 καὶ
2860 928 2959 998 τὴν
2981 927 3075 981 τοῦ
3101 927 3331 981 Πιλάτου
3351 926 3539 994 ψυχὴν
3561 923 3716 990 πρὸς
3741 923 3998 988 buxeis.»

2383 1025 2764 1093 κατεμάλαττε
2797 1039 2812 1052 ’
2852 1022 2949 1076 καὶ
2989 1018 3335 1091 παραχρῆμα
3387 1019 3419 1068 6
3455 1015 3852 1085 πρεσϐευτὴς,
3902 1015 3998 1065 καὶ

2384 1114 2746 1186 ἐνταφιαστὴς
2786 1114 3082 1167 ἐδείκνυτο.
3118 1108 3312 1164 Λαὸὼν
3337 1108 3449 1180 γὰρ
3479 1108 3635 1178 ὅπερ
3667 1107 3862 1158 ἐπύθει
3891 1105 3996 1156 ε·ιὲ-

2388 1223 2488 1275 μα,
2533 1204 2813 1273 κατεφίλει
2863 1203 3022 1256 τοῦτο
3075 1198 3433 1269 περιχυθεὶς,
3489 1197 3594 1250 καὶ
3654 1197 3732 1248 τὰ
3797 1196 3994 1248 ἐς.πί

2385 1296 2543 1366 χείλη
2585 1297 2699 1358 τοῖς
2738 1295 2911 1356 ὁσίοις
2934 1295 3315 1365 προσήρμοττε
3349 1291 3547 1361 μέλεσι
3580 1307 3601 1321 ο
3635 1288 3994 1356 λογιξᾶμενες

2387 1387 2509 1440 καθ’
2535 1387 2746 1449 ἑαυτὸν,
2774 1387 2858 1439 ὅτι
2884 1387 2947 1439 Εἰ
2986 1388 3020 1455 ἡ
3052 1385 3149 1438 τοῦ
3177 1383 3397 1454 ἱματίου
3425 1381 3604 1435 αὑτοῦ
3624 1381 3779 1449 γυνὴ
3801 1381 3995 1447 uigila-

2391 1482 2519 1550 ρους
2548 1479 2802 1549 ἁψαμένη
2833 1477 3060 1540 πιστῶς,
3106 1475 3444 1548 κατεξήρανε
3469 1473 3573 1527 τοῦ
3629 1473 3872 1542 αἵματος
3895 1473 3994 1538 τὴν

2389 1570 2595 1638 πηγὴν,
2644 1567 2758 1636 ἐγὼ
2793 1566 2960 1620 αὑτοῦ
3006 1566 3100 1620 τοῦ
3145 1566 3290 1619 θείου
3342 1564 3607 1633 σώματος
3659 1560 3992 1629 άπτὸμεγδς.

2391 1663 2560 1714 ποίων
2586 1662 2650 1714 ού
2674 1661 2938 1730 τεύξομαι
2968 1659 3220 1731 δωρεῶν;
3255 1653 3391 1710 Εἶτα
3423 1656 3637 1708 σινδόνι
3660 1653 3880 1722 καθαρᾷ
3899 1669 3992 1702 τῖε-

2395 1754 2630 1825 ριϐαλὼν
2668 1754 2760 1807 τὸν
2806 1753 3044 1823 καθαρὸν
3093 1750 3460 1822 μαργαρίτην,
3509 1751 3574 1801 ἐν
3611 1749 3704 1818 τῷ
3755 1751 3992 1817 μνήματι

2391 1848 2560 1904 αὐτοῦ
2585 1847 2662 1918 τῷ
2685 1847 2858 1918 καινῷ
2888 1845 3074 1900 τοῦτον
3093 1845 3306 1898 τέθεικε
3341 1861 3357 1874 ·
3388 1844 3488 1897 καὶ
3517 1843 3683 1895 λίθον

2394 1943 2475 2013 τῷ
2509 1943 2736 2012 στόματι
2771 1944 2872 2011 τῆς
2904 1942 3100 2012 θήκης,
3144 1939 3284 2010 μετὰ
3325 1937 3588 2008 δακρύων
3621 1934 3941 2004 ὑπὲστᾳᾲε
3979 1976 3994 1988 .

2401 2040 2581 2095 πυκνά
2623 2041 2760 2111 πρὸς
2821 2041 2915 2092 τὸν
2957 2039 3126 2108 τάφον
3177 2037 3693 2104 ύποστρεφόμενος.
3759 2033 3852 2084 καὶ
3901 2031 3998 2099 τὴν

2403 2137 2657 2209 στέρησιν
2689 2135 2783 2188 τοῦ
2807 2133 3123 2189 διδασκάλου
3170 2131 3404 2200 (θρηνῶν.
3461 2128 3612 2181 Ἀλλ’
3639 2125 3853 2194 ἔφθασε
3902 2125 3998 2192 τὴν

2400 2229 2497 2287 τοῦ
2551 2231 2748 2300 Ἰωσὴφ
2795 2229 3075 2282 εύσέσειαν
3116 2227 3151 2296 ἡ
3197 2224 3306 2277 τῶν
3363 2222 3644 2276 Ἰουδαίων
3689 2218 3994 2272 ὁυσσέεεια.

2406 2322 2576 2377 Πάλιν
2605 2322 2713 2391 γὰρ
2742 2322 2792 2372 οἱ
2844 2319 3104 2388 θεομάχοι
3140 2315 3628 2386 συναθροισθέντες
3661 2315 3727 2366 ἐν
3757 2315 3826 2383 τῇ
3867 2312 3999 2380 ἠμὲ-

2406 2433 2478 2488 ρᾳ
2495 2415 2592 2470 τοῦ
2624 2414 2927 2476 Σαϐϐάτου,
2964 2411 3265 2482 προσῆλθον
3303 2409 3381 2478 τῷ
3413 2408 3640 2477 Πιλάτῳ
3683 2407 3937 2474 λέγοντες
3979 2425 3988 2430 ·

2403 2511 2602 2577 Κύριε,
2630 2507 3034 2577 ἐμνήσθημεν.
3064 2504 3155 2557 ὅτι
3176 2507 3208 2557 ὀ
3233 2503 3466 2567 πλάνος
3492 2499 3753 2566 ἐκεῖνος
3779 2501 3866 2553 ἔτι
3896 2498 4003 2559 οἷον·

2403 2600 2535 2657 εἶπε
2577 2619 2593 2634 ο
2633 2601 2796 2656 Μετὰ
2840 2600 2998 2668 τρεῖς
3036 2597 3263 2666 ἡμέρας
3298 2595 3626 2664 ἐγείρομαι.
3687 2594 4004 2646 Κέλευσο-

2405 2691 2521 2752 οὗν
2563 2693 3020 2765 ἀσφαλισθῆναι
3081 2691 3187 2744 τὸν
3246 2689 3439 2758 τάφον
3483 2689 3605 2753 ἓως
3634 2687 3774 2755 στῆς
3813 2689 3999 2753 τρὶτηε

2405 2785 2631 2855 ἡμέρας
2656 2802 2671 2815 ·
2709 2783 2940 2854 μήποτε
2981 2781 3264 2845 ἐλθόντες
3301 2781 3357 2832 οι
3384 2776 3656 2846 μαθηταὶ
3686 2775 3886 2830 αὑτοῦ
3911 2794 4008 2828 rt:-

2405 2878 2581 2944 κτὸς,
2612 2879 2924 2944 κλέψωσιν
2955 2874 3162 2936 αὐτὸν,
3198 2871 3295 2924 καὶ
3335 2870 3543 2924 εἴκοσι
3582 2867 3668 2934 τῷ
3703 2867 3842 2932 λαῷ
3863 2908 3880 2930 ,
3923 2868 4008 2919 ὅτι

2417 2972 2656 3040 Ἠγέρθη
2697 2969 2818 3023 ἀπὸ
2845 2967 2962 3022 τῶν
2986 2965 3215 3032 νεκρῶν·
3240 2980 3256 2995 ο
3311 2963 3410 3016 καὶ
3453 2962 3635 3015 ἔσται
3678 2963 3725 3029 ἡ
3782 2961 4008 3029 ἐσχάτη

2408 3064 2611 3131 πλάνη
2642 3064 2857 3131 χείρων
2880 3060 2989 3128 τῆς
3011 3058 3267 3127 πρώτης.
3301 3056 3369 3109 Τί
3401 3055 3594 3123 λέγεις
3625 3055 3725 3122 σὺ,
3757 3048 3806 3108 ὦ
3845 3055 4007 3106 πλᾶξε

2409 3161 2506 3216 καὶ
2535 3161 2821 3230 παράνομε
2860 3157 3079 3211 Ἰουδαίε
3102 3173 3119 3224 ;
3142 3154 3348 3217 Πλάνος
3373 3147 3443 3224 ἦν
3472 3153 3502 3206 6
3541 3152 3683 3216 τοὺς
3715 3150 4011 3222 ὁμοέθνους

2412 3273 2508 3310 σου
2534 3254 2770 3325 λεπροὺς
2800 3245 3090 3322 ἰασάμενος
3113 3268 3128 3316 ;
3157 3250 3363 3312 Πλάνος
3387 3245 3456 3320 ἦν
3478 3250 3508 3302 6
3532 3249 3670 3311 τοὺς
3701 3248 4010 3319 ὁμοφύλους

733 3363 993 3418 obsessos
1025 3378 1056 3418 a
1091 3362 1430 3416 daemonibus
1471 3376 1500 3415 a
1530 3360 1867 3414 daannoniaco
1911 3358 2097 3413 furore
2129 3358 2304 3411 absol-

2415 3366 2510 3402 σου
2541 3348 2774 3415 τυφλοὺς
2797 3345 3131 3412 ’ἀπαλλάξας
3165 3345 3264 3415 τῆς
3308 3342 3790 3414 συγγεννηθείσης
3833 3345 4014 3402 uisui;

734 3452 856 3506 vit?
892 3450 1033 3505 Num
1061 3450 1356 3514 seductor,
1398 3450 1492 3519 qui
1534 3449 1588 3503 in
1630 3447 1849 3502 deserto
1885 3461 2131 3501 mensam
2171 3445 2316 3500 ultro

736 3545 1062 3599 instructam
1098 3540 1394 3612 apposuit?
1433 3537 1572 3594 Num
1604 3540 1858 3595 seductor
1878 3578 1894 3598 .
1924 3538 2017 3608 qui
2050 3537 2314 3591 Lazarum

742 3635 1038 3692 accersivit
1059 3650 1091 3690 ο
1120 3635 1373 3704 sepulcro
1393 3673 1410 3696 ,
1435 3641 1842 3702 mortuumque,
1864 3633 2010 3686 velut
2031 3631 2315 3695 dormiret,

739 3729 909 3784 verbo
935 3725 1330 3798 expergefecit?
1358 3723 1570 3796 Ergone
1610 3724 1711 3778 fuit
1739 3723 1995 3778 Christus
2025 3724 2277 3777 seductor
2295 3723 2320 3775 ?

742 3819 942 3890 Ecquis
988 3832 1120 3872 vero
1149 3817 1305 3871 'alius
1335 3815 1541 3871 verax?
1573 3815 1699 3870 Fuit
1735 3813 1990 3868 seductor
2018 3811 2316 3868 Christus?

746 3912 886 3980 Quid
920 3925 1051 3980 ergo
1089 3907 1287 3963 metuis
1313 3906 1456 3976 quod
1487 3905 1858 3976 pronuntiavit
1882 3905 2170 3960 seductor?
2193 3903 2318 3959 Fuit

745 4005 1042 4063 seductor?
1073 4001 1213 4069 Quid
1240 4016 1371 4071 ergo
1398 3999 1599 4054 mortui
1632 4014 1816 4055 vocem
1851 3999 2050 4053 times?
2083 3996 2315 4054 Prorsus

746 4099 952 4169 aliquid
986 4097 1053 4151 de
1071 4094 1471 4150 resurrectione
1494 4093 1661 4156 dixit,
1695 4091 1824 4146 dum
1862 4092 2041 4146 adhuc
2068 4093 2315 4147 viveret?

748 4191 983 4248 Prorsus
1021 4187 1180 4244 ﬁdem
1216 4187 1383 4241 habes
1420 4187 1488 4242 iis
1525 4202 1648 4256 qua:
1685 4185 1970 4253 prmisit?
2005 4183 2144 4252 Quid
2184 4199 2315 4250 ergo

2413 3443 2607 3504 νυκτός
2630 3459 2645 3505 ;
2665 3441 2872 3502 Πλάνος
2899 3436 2966 3510 ἧν
3002 3441 3031 3493 6
3053 3439 3181 3501 τοὺς
3202 3436 3605 3506 δαιμονιῶντας
3630 3434 4012 3505 ἐλευθερώσας

2412 3534 2513 3604 τῆς
2552 3532 2662 3586 τῶν
2701 3530 2970 3600 δαιμόνων
3015 3529 3250 3598 μανίαςς
3287 3525 3493 3589 Πλάνος
3536 3521 3614 3594 ἦν
3658 3527 3694 3578 6
3741 3526 3893 3580 κατά
3930 3527 4014 3576 etv

2415 3625 2620 3698 ἔρημον
2650 3623 2917 3696 παραθείς
2944 3639 3026 3674 σοι
3054 3619 3333 3692 τράπεζαν
3353 3617 3724 3689 ἀγεώργητον
3750 3636 3769 3676 :
3812 3617 4012 3676 Πλάνος

2416 3716 2486 3792 ἦν
2530 3721 2560 3772 6
2598 3723 2691 3772 τὸν
2735 3719 2984 3788 Λάζαρον
3019 3717 3084 3768 ὲκ
3106 3715 3278 3784 τάφου
3333 3713 3882 3785 μεταπεμψάμενος,
3928 3715 4014 3764 καὶ

2417 3814 2514 3866 τὸν
2568 3810 2759 3881 νεκρὸν
2811 3811 2888 3872 ὡς
2933 3806 3203 3862 ὐπνοῦντα
3245 3805 3585 3875 άφυπνώσας
3631 3805 3720 3874 τῷ
3773 3806 4010 3876 ῥήματί.

2419 3903 2630 3966 Πλάνος
2655 3896 2724 3972 ἦν
2753 3898 3041 3970 ὁΧριστός
3065 3915 3082 3964 ;
3112 3898 3223 3952 Καὶ
3249 3896 3333 3959 τίς
3359 3896 3548 3965 ἕτερος
3580 3893 3805 3965 ἀληθής
3830 3913 3846 3958 ;
3881 3895 4014 3948 Πλάο

2419 4012 2510 4059 νος
2560 3989 2630 4067 ἦν
2656 3995 2686 4047 6
2726 3991 2992 4064 Χριστός;
3025 3983 3206 4043 Τίοῦν
3257 3987 3499 4049 δέδοικας
3531 3986 3688 4056 ἅπερ
3727 3986 3761 4037 6
3818 3986 4013 4046 πλάνος

2419 4087 2757 4160 ὲφθὲγξατος
2794 4083 2998 4146 Πλάνος
3017 4077 3126 4155 ἦνς
3156 4081 3223 4134 τι
3254 4075 3348 4133 οὖν
3386 4079 3526 4149 φοϐῇ
3557 4077 3659 4131 τοῦ
3681 4079 3895 4149 νεκροῦ
3923 4079 4012 4146 τὴν

2418 4180 2638 4249 φωνήν;
2687 4176 2864 4237 Ὂλως
2907 4171 3029 4228 εἶπέ
3082 4190 3136 4226 τι
3193 4171 3324 4242 περὶ
3373 4169 3472 4241 τῆς
3521 4169 3896 4230 ἀναστάσεως
3941 4167 4011 4219 ἔτι

747 4283 948 4337 frustra
979 4294 1078 4350 pro
1114 4286 1307 4332 eventu
1339 4275 1634 4345 amigeris?
1672 4273 1728 4330 Si
1758 4275 1976 4345 quidem
2017 4275 2182 4344 igitur
2212 4290 2300 4328 non

2425 4273 2570 4338 ζῶνς
2599 4270 2778 4334 Ὀλως
2823 4267 3097 4331 πιστεύεις
3135 4265 3296 4321 αὑτοῦ
3343 4268 3465 4328 ταῖς
3524 4265 3923 4336 προρρήσεσις
3951 4262 4010 4314 ΤΞ

747 4373 1114 4430 resurrexcrit
1167 4380 1416 4425 mortuus
1473 4369 1561 4424 hic
1616 4369 1684 4423 de
1729 4382 1842 4436 quo
1901 4382 1961 4420 es
2015 4367 2318 4429 sollicitus,

2422 4361 2518 4417 οὖν
2564 4363 2686 4433 εἰκῆ
2716 4361 3077 4431 ταλαιπωρεῖς
3111 4357 3247 4429 πρὸς
3283 4356 3382 4427 τὴν
3412 4355 3646 4410 ἔκϐασιν
3673 4372 3692 4418 ς
3751 4355 3886 4408 Ἐάν
3926 4349 4011 4407 οἷν

749 4467 942 4536 utique
989 4465 1244 4521 seductor
1279 4473 1400 4527 est,
1445 4461 1599 4531 juxta
1639 4459 1787 4530 quod
1843 4458 1959 4528 ipse
2006 4457 2304 4527 blasphemt

2427 4456 2505 4526 μὴ
2532 4455 2739 4522 ἀναστῇ
2778 4447 2933 4515 οὗτος
2973 4452 3002 4504 6
3043 4449 3234 4521 νεκρὸς
3258 4449 3288 4501 6
3318 4447 3469 4518 παρὰ
3503 4444 3604 4498 σοῦ
3654 4445 4010 4516 μεριμνιὶιμεο

2350 4549 2399 4609 D
2423 4564 2534 4612 νος,
2565 4545 2764 4607 πλάνος
2785 4544 2952 4608 ἐστὶν,
2976 4541 3053 4605 ὡς
3087 4541 3152 4594 σὺ
3177 4540 3533 4612 βλασφημεῖς.

821 4646 910 4702 ιν.
933 4645 1074 4712 Quid
1092 4660 1224 4714 ergo
1245 4644 1448 4699 Pilatus
1467 4644 1533 4696 ad
1555 4641 1690 4697 eos?
1711 4639 1963 4694 «Habetis
1986 4639 2318 4703 custodiant;

751 4743 842 4808 ite,
875 4741 1138 4796 custodite
1168 4740 1304 4793 sicut
1336 4736 1485 4790 scitis
1505 4737 1546 4790 ⁵.
1581 4733 1639 4789 Si
1664 4735 1880 4804 quidem
1903 4734 1993 4790 Dei
2019 4735 2228 4790 hostem
2258 4750 2323 4790 ac

752 4835 1068 4900 scelestum,
1095 4847 1256 4904 quem
1286 4829 1587 4901 appellatis,
1613 4844 1788 4898 usque
1818 4825 1954 4882 adeo
1979 4827 2246 4893 horretis;
2273 4831 2320 4883 si

752 4927 974 4998 quidem
1000 4926 1240 4980 viventes
1262 4922 1386 4993 ipsi,
1417 4923 1553 4976 adeo
1583 4930 1859 4976 mortuum
1890 4920 2117 4986 timetis,
2161 4920 2323 4975 hahe-

754 5023 826 5078 tis
861 5019 1165 5076 custodiam
1190 5035 1206 5084 ;
1243 5015 1448 5071 habetis
1477 5015 1677 5070 milites
1708 5033 1722 5069 :
1753 5013 1906 5068 multi
1936 5014 2104 5067 aciem
2127 5013 2322 5068 adver-

754 5131 854 5173 sus
890 5128 1060 5169 unum
1116 5110 1400 5170 instruite;
1451 5106 1725 5162 custodite
1771 5106 2107 5161 tremendum
2165 5106 2323 5161 vobis

757 5214 1035 5262 mortuum
1068 5202 1212 5259 sicut
1243 5199 1413 5255 scitis.
1443 5197 1624 5253 Vultis
1655 5197 1944 5268 obsignare
1969 5196 2323 5267 sepulcrum?

757 5298 1063 5368 obsignate.
1093 5293 1266 5348 Vultis
1301 5291 1644 5348 circumdare
1696 5290 1904 5345 catenis
1944 5287 2172 5344 ferreis?
2212 5289 2323 5343 eir-

760 5390 1036 5447 cumdate.
1089 5386 1166 5442 Ne
1203 5386 1269 5442 ad
1300 5394 1602 5440 extremum
1649 5383 1899 5438 dixeritis
1933 5401 1946 5438 :
1979 5382 2037 5438 Si
2071 5383 2231 5438 nobis
2260 5383 2325 5436 ti-

763 5483 971 5540 cuisset
984 5479 1238 5552 prmsidio
1263 5487 1446 5534 tenere
1478 5476 1786 5546 sepulcrum
1811 5490 1874 5531 ac
1895 5475 2191 5540 custodire,
2218 5491 2329 5531 non

767 5576 1143 5632 amisissemus
1181 5581 1478 5628 mortuum.
1524 5569 1628 5636 Ite,
1669 5571 1947 5634 custodite,
1991 5572 2126 5625 sicut
2158 5571 2324 5625 scitis.

839 5755 1074 5812 3Matth.
1110 5772 1186 5824 tx,
1227 5754 1318 5816 20,
1356 5751 1442 5805 2|.
1523 5766 1539 5780 ο
1571 5751 1753 5810 Matth-
1816 5767 1984 5814 mn,
2031 5752 2117 5816 63,
2144 5750 2228 5806 (il.

839 5852 920 5927 (θ)
956 5851 1146 5912 Τοῦτο.
1187 5850 1374 5912 Scribe
1400 5849 1592 5921 τούτῳι

2493 4641 2567 4695 Δ’.
2605 4637 2672 4694 τι
2702 4631 2795 4692 οὖν
2821 4634 2956 4704 πρὸς
2983 4633 3179 4696 αὐτοὺς
3207 4633 3236 4684 6
3263 4630 3528 4695 Πιλάτοςς
3561 4648 3583 4682 ι
3616 4632 3844 4698 Ἔχετε
3873 4649 4005 4684 ισο-

2422 4728 2705 4793 στωδίαν,
2737 4723 3013 4793 ὑπάγετε,
3039 4721 3464 4790 ἀσφαλίσασθε
3519 4719 3608 4785 ὡς
3649 4721 3887 4776 orbare.
3948 4721 4002 4775 εξ

2422 4823 2515 4876 τὸν
2541 4821 2786 4876 ἀντίθεον
2809 4819 2906 4872 καὶ
2930 4817 3268 4889 παράνομον,
3312 4814 3372 4868 ὃν
3421 4815 3582 4885 ὑμεῖς
3613 4813 3770 4870 οὕτω
3801 4818 4001 4870 ἀποκα-

2422 4916 2586 4978 λεῖτε,
2614 4911 2866 4967 τοσοῦτον
2892 4909 3194 4979 πεφρίκατε
3213 4923 3226 4936 ·
3281 4908 3331 4960 εἰ
3367 4906 3460 4959 τὸν
3489 4906 3688 4976 νεκρὸν
3717 4909 3775 4959 οἱ
3812 4906 4001 4971 ζῶντες

2425 5007 2566 5063 οὕτω
2595 5005 2889 5069 δεδοίκατε,
2932 5003 3083 5074 ἔχετε
3121 4998 3451 5055 κουστωδίαν
3476 5013 3490 5027 ·
3535 4997 3695 5068 ἔχετε
3738 5001 4000 5070 mpm-

2425 5118 2524 5164 τας
2542 5117 2559 5132 ·
2595 5097 2961 5171 στρατιύσατε
2984 5093 3127 5150 κατὰ
3155 5091 3250 5147 τοῦ
3277 5091 3394 5155 ἑνὸς
3420 5091 3468 5144 oi
3496 5089 3687 5143 πολλοί
3709 5109 3728 5122 ο
3775 5090 4000 5160 ἀσφαλί-

2429 5191 2595 5248 σασθε
2642 5189 2734 5244 τὸν
2773 5187 3002 5259 φοϐερὸν
3033 5187 3163 5256 ὑμῖν
3198 5183 3412 5255 νεκρὸν,
3452 5182 3530 5246 ὡς
3570 5181 3785 5235 οἴδατε.
3820 5182 4002 5236 Θέλετε

2429 5283 2728 5358 σφραγίσαι
2757 5282 2849 5336 τὸν
2873 5280 3080 5348 τάφον;
3116 5277 3471 5347 σφραγίσατε.
3509 5273 3712 5328 Θέλετε
3764 5275 3999 5344 osor-mai;

2425 5378 2650 5435 ἁλύσεσι
2670 5373 3014 5447 περιϐαλεῖν;
3052 5369 3396 5442 περιϐάλετε.
3430 5367 3525 5438 Μὴ
3571 5367 3780 5435 εἴπητε
3825 5367 3997 5420 salsa-

2427 5474 2599 5534 ταῖον,
2616 5471 2679 5523 Εἰ
2698 5464 3045 5538 συνεχωρήθη
3053 5480 3151 5533 μεν
3171 5460 3472 5534 φρουρῆσαι
3493 5457 3586 5510 τὸν
3598 5457 3808 5525 τάφον,
3830 5456 3930 5509 οὐκ
3943 5455 3999 5507 ἃν

2429 5565 2773 5636 ἁπολέσαμεν
2793 5561 2884 5616 τὸν
2903 5557 3107 5626 νεκρόν.
3127 5557 3139 5574 '
3153 5553 3430 5624 Γπὰγετε,
3453 5550 3901 5621 ἀσφαλίσασθε
3931 5547 3999 5613 ὡς

2313 5760 2326 5771 ‘
2364 5747 2496 5807 ibid.
2532 5748 2618 5803 6i).
