4112 6416
157 373 274 437 1853

961 371 1244 431 ORATIO
1265 371 1343 430 IN
1375 370 1766 431 MULIERES
1794 369 2456 431 UNGUENTIFERAS.

3134 428 3140 435 .
3196 369 3332 437 1854

147 485 344 540 albata.
359 481 473 534 Ἐὰν
487 478 624 549 ὀφθῇ
638 477 844 548 Πέτρος
875 477 1011 540 ἐκεῖ,
1034 482 1147 541 τοῖς
1160 479 1346 541 ὅπλοις
1361 479 1524 531 αὑτὸν
1567 478 1678 531 δια-

1787 476 1843 531 Si
1876 478 2094 547 quidem
2127 479 2237 533 illic
2262 480 2411 535 visus
2441 479 2513 534 sit
2536 479 2747 545 Petrus,
2770 495 2963 536 manus
2992 481 3045 535 in
3076 496 3201 536 eum
3225 486 3340 537 vio-

144 572 446 648 χειρίσασθε.
463 570 587 623 Ἐάν
616 568 988 640 παραγένηταί
1015 586 1099 634 τις
1120 570 1226 623 τῶν
1238 569 1331 623 τοῦ
1366 569 1678 640 Ναζαραίου

1784 570 1958 624 lentas
2002 571 2227 639 injicitc.
2272 570 2326 624 Si
2358 573 2479 640 quis
2519 573 2807 625 accesserit
2841 588 2872 626 e
2912 573 3194 643 discipulis
3233 572 3342 626 Na-

144 665 400 738 μαθητῶν,
414 662 737 724 ἀναστάντες
750 660 909 724 εὐθὺς
930 660 1304 714 ἀποκτείνατε.
1337 662 1455 715 Ἐπι
1464 660 1681 730 μείνατε

1784 664 1961 726 ποταιί,
1996 666 2176 717 statim
2205 673 2549 731 exsurgentes
2578 678 2702 717 eum
2734 663 2978 718 occidite.
3013 666 3334 719 Permanete

140 756 508 831 γρηγοροῦντες
523 756 616 808 καὶ
626 753 982 822 φυλάττοντες
996 754 1259 823 ἀκριϐῶς,
1273 753 1359 805 ἵνα
1375 753 1559 822 μηδεὶς
1574 750 1678 804 τῶν

1783 754 1974 822 vigiles
2017 769 2080 807 ac
2118 755 2400 823 diligenter
2455 753 2839 817 custodientes,
2890 762 2951 806 ut
2980 754 3190 823 nequis
3233 770 3340 810 non

140 853 376 904 ὑπόπτων
416 845 715 914 ὑποκλέψαι
752 842 843 896 τὸν
884 842 1148 913 ὑμέτερον
1178 842 1371 914 ἐχθρὸν
1403 842 1624 913 δυνηθῇ.
1657 859 1674 891 ι

1784 845 1918 899 [idus
1945 845 2149 898 hostem
2167 856 2405 899 vestrum
2429 845 2677 900 sull‘nrari
2707 846 2901 915 possit.
2929 864 2948 898 ι
2984 844 3206 902 Talibus
3235 849 3341 902 ita-

133 939 391 1002 Τοιούτοις
411 935 505 991 οῦν
534 936 712 1004 λόγοις
747 935 918 988 τεκαὶ
963 935 1148 997 ὅπλοις
1195 936 1291 987 καὶ
1325 934 1678 1006 στρατιώταις

1790 951 1898 1004 que
1953 938 2132 992 verbis
2176 937 2378 1006 pariter
2418 938 2695 1007 armisque
2738 953 2801 992 ac
2844 938 3106 992 militibus
3140 938 3339 995 Christi

133 1030 528 1101 ὲφοδιασθέντες
569 1030 619 1081 οἱ
648 1026 744 1081 τοῦ
789 1027 1042 1096 Σωτῆρος
1082 1025 1287 1097 ἐχθροὶ,
1315 1024 1452 1095 μετά
1481 1023 1678 1093 πολλῆς

1782 1026 2080 1079 Salvatoris
2110 1027 2292 1081 hostes
2326 1028 2595 1090 instructi,
2630 1029 2801 1082 multa
2828 1028 3106 1082 alacritate
3133 1027 3342 1082 furori--

127 1121 422 1192 προθυμίας
434 1138 493 1173 τε
517 1121 610 1173 καὶ
638 1119 832 1190 μανίας
854 1118 945 1171 τὸν
962 1117 1130 1187 τάφον
1146 1117 1458 1170 κατέλαϐον·
1481 1116 1576 1170 καὶ
1602 1131 1681 1168 σι-

126 1215 285 1285 δηρᾶς
302 1212 600 1284 σφραγῖδας
632 1211 905 1273 ἐπιθέντες
920 1209 999 1280 τῷ
1016 1210 1279 1280 μνήματι,
1299 1208 1680 1279 παρεκάθηντο

123 1306 598 1376 φυλάττοντες,έως
606 1305 636 1355 ὁ
647 1321 722 1357 πα
730 1306 777 1374 ρ’
785 1304 966 1364 αὑτοῖς
978 1302 1373 1372 φυλαττόμενος
1382 1300 1580 1371 ἠϐουλή
1588 1302 1651 1371 θη
1659 1340 1677 1356 .

191 1399 263 1451 E'.
314 1398 402 1450 ’Ev
421 1396 594 1466 τούτῳ
616 1395 671 1447 δὲ
692 1394 770 1465 τῷ
793 1392 989 1463 καιρῷ,
1012 1393 1265 1463 δευτέρας
1288 1391 1677 1461 ἐπιγενομένης

119 1490 347 1561 ἡμέρας,
392 1491 421 1542 ό
470 1488 698 1550 θάνατος
738 1486 880 1539 κατὰ
925 1487 1023 1556 τὴν
1076 1485 1297 1554 πρώτην
1339 1483 1571 1553 ἡμέραν,
1616 1485 1676 1535 ὲν

120 1579 289 1650 ἑαυτῷ
326 1578 389 1632 τὸ
442 1578 663 1649 θήραμα
707 1576 1065 1647 περιέστρεψε
1092 1592 1106 1605 ’
1160 1576 1254 1634 κει)Ι
1297 1574 1453 1627 τοῦτο
1496 1575 1673 1644 μαση-

118 1670 311 1724 σασθαι
334 1670 445 1731 τοῖς
477 1667 655 1721 ὀδοῦσι
682 1667 783 1737 τῆς
805 1666 1098 1736 διαφθορᾶς
1124 1666 1312 1730 θέλων,
1334 1666 1434 1718 οὑκ
1463 1664 1668 1735 ἴσχυσε.

1779 1133 1887 1187 que
1917 1118 1983 1172 ad
2018 1121 2327 1188 sepulcrum
2373 1130 2633 1173 venerunt
2662 1139 2676 1174 :
2705 1134 2941 1189 cumque
2969 1120 3343 1175 adhibuissent

1779 1209 2056 1279 signacula
2091 1210 2285 1275 ferrea,
2318 1212 2638 1265 assederunt
2666 1212 3056 1274 custodientes.
3092 1214 3341 1281 quandiu

1781 1301 1829 1355 is
1867 1317 2027 1370 quem
2064 1303 2138 1354 illi
2164 1302 2562 1365 custodiebant,
2601 1302 2790 1357 voluit.

1856 1389 1923 1444 ν.
1949 1390 2156 1446 Interea
2189 1408 2319 1445 vero
2348 1407 2470 1445 cum
2507 1393 2623 1446 dies
2656 1393 2821 1447 altera
2847 1394 3166 1455 advenisset,
3195 1410 3339 1449 mors

1778 1482 1833 1536 in
1864 1482 2062 1550 seipsa,
2102 1482 2249 1536 velut
2273 1482 2444 1551 prima
2466 1482 2554 1536 die
2579 1484 3039 1540 circumverSahat
3071 1488 3337 1553 pnndam;

1773 1576 2071 1645 volensque
2102 1577 2467 1645 corruptionis
2494 1576 2750 1633 dentibus
2778 1593 2897 1633 eam
2928 1582 3203 1645 mandere,
3235 1580 3342 1633 mi-

1773 1667 1920 1721 nime
1969 1668 2267 1721 valuitzac
2297 1682 2489 1723 rursus
2521 1670 2789 1729 similiter.
2837 1670 2985 1724 velut
3035 1672 3200 1725 altera
3250 1672 3341 1724 die

115 1764 224 1818 Kal.
254 1763 418 1817 πάλιν
448 1763 588 1817 κατὰ
625 1761 720 1832 τὴν
750 1760 1006 1831 δεύτεραν
1029 1761 1228 1830 ὁμοίως
1262 1760 1671 1829 ἀπογεύσασθαι

1782 1760 1956 1814 volens
1983 1760 2290 1829 degustare,
2322 1776 2426 1813 non
2451 1762 2644 1830 potuit.
2671 1763 2883 1829 Anceps
2910 1764 3088 1832 itaque
3119 1765 3333 1817 consilii

112 1856 455 1927 βουλόμενος,
478 1855 577 1909 οὑκ
595 1855 843 1925 ἠδύνατο.
878 1853 1100 1923 Ἠπόρει
1122 1854 1300 1905 τοίνυν
1317 1851 1439 1907 καθ’
1460 1851 1669 1916 ἑαυτὸν,

110 1947 358 2018 καὶπρὸς
376 1947 589 2002 ἑαυτὸν.
606 1946 681 2010 ὡς
699 1945 864 2009 εἰκὸς,
881 1945 1118 2007 τοιοῦτος
1136 1939 1205 2015 ἦν
1217 1942 1670 2012 διαλογιζόμενος·

113 2056 135 2088 ‹
145 2038 241 2101 Τίς
252 2040 402 2091 ἐστιν
414 2031 569 2101 οὗτος
583 2039 611 2091 ό
633 2037 1053 2108 ἀκαταμάχητος
1072 2036 1167 2088 καὶ
1182 2034 1330 2100 ξένος
1340 2034 1530 2104 νεκρός
1543 2050 1559 2098 ;
1576 2032 1673 2096 Τίς

105 2128 255 2181 ἐστιν
269 2129 299 2181 ό
315 2131 459 2182 κατὰ
472 2128 633 2198 νόμον
656 2128 868 2198 νεκρὸς,
892 2128 989 2180 καὶ
1007 2124 1147 2194 ὑπὲρ
1166 2125 1327 2194 νόμον
1346 2124 1675 2194 φυλαττόμει

106 2238 196 2284 νος
215 2219 497 2291 ἄφθαρτος
517 2237 534 2286 ;
555 2220 688 2283 Θεὸς
703 2220 805 2272 οὐκ
825 2219 995 2272 ἔστιν’
1026 2217 1217 2288 οὑτγὰρ
1233 2215 1503 2270 ἀπέθανεν
1530 2214 1675 2271 ἀσώ-

105 2329 279 2383 ματος
307 2311 413 2366 ῶν.
448 2311 713 2380 Ἀγγελος
733 2312 835 2364 οῦκ
856 2310 1001 2364 ἔστιν
1021 2325 1035 2341 ·
1068 2307 1411 2380 ἀνθρωπείαν
1432 2308 1541 2379 γάρ
1562 2307 1675 2378 ἔχει

105 2406 350 2474 μορφήν.
388 2404 477 2466 Ὠς
513 2402 687 2473 Ἀδὰμ
712 2399 993 2454 ὑπόκειταί
1027 2417 1137 2472 μοι,
1160 2400 1256 2454 καὶ
1275 2400 1352 2463 ὡς
1385 2399 1556 2469 Ἀδὰμ
1577 2398 1676 2469 οὐχ

102 2496 395 2548 ὑπόκειται
437 2498 504 2566 τῇ
545 2494 739 2565 φθορᾷ.
773 2494 860 2556 Ὦς
885 2493 1166 2563 ἄνθρωπος
1204 2490 1463 2561 ὑπέμεινε
1491 2490 1678 2543 τελευ-

100 2585 222 2656 τὴν,
252 2585 454 2638 παθεῖν
476 2587 550 2648 ὼς
575 2585 767 2655 θνητὸν
797 2576 897 2637 οὑκ
927 2584 1200 2653 ἀνέχεται.
1234 2580 1297 2635 Ἦ
1348 2580 1483 2653 σὰρξ
1513 2580 1676 2635 αὑτοῦ

101 2678 378 2746 κρείττων
422 2677 659 2745 ὑπάρχει
694 2675 1008 2747 διαφθορᾶς.
1041 2674 1229 2737 Οὐδεὶς
1258 2673 1366 2727 τῶν
1389 2671 1451 2738 ἐξ
1480 2673 1678 2736 αἰῶνος

101 2770 196 2820 ὑπ’
222 2769 365 2839 ἐμοῦ
398 2767 827 2839 βασιλευθέντων
859 2767 1089 2839 νεκρῶν,
1116 2767 1353 2822 τοιοῦτον
1395 2765 1553 2836 σῶμα
1587 2783 1679 2820 κε-

97 2861 405 2932 κτημένος,
450 2860 784 2931 παρεγένετο
828 2860 965 2930 πρός
1015 2878 1103 2931 με.
1136 2857 1282 2932 Ἀρα
1326 2860 1398 2930 μὴ
1428 2860 1585 2912 τοῦτο
1617 2858 1678 2911 τὸ

98 2950 267 3019 σῶμα
309 2950 545 3022 φόρημά
586 2952 703 3003 ἔστι
746 2952 842 3003 τοῦ
872 2950 1046 3016 Θεοῦ,
1096 2951 1190 3004 καὶ
1224 2950 1311 3003 διὰ
1355 2949 1512 3004 τοῦτο
1538 2950 1680 3004 κατά

94 3043 192 3096 τοῦ
218 3042 364 3113 ἐμοῦ
395 3043 665 3113 στόματος
698 3042 869 3106 οῦτως
900 3043 1238 3111 ἐστόμωταις
1268 3040 1413 3114 Ἃρα
1444 3042 1517 3113 μὴ
1538 3042 1676 3114 αῦτη

1775 1851 1915 1919 apud
1949 1865 2009 1904 se
2037 1850 2293 1916 haerebat,
2346 1866 2410 1904 ac
2452 1865 2636 1905 secum
2668 1854 2805 1921 ipsa,
2844 1862 2902 1906 nt
2940 1853 3108 1906 videri
3140 1863 3335 1924 potest,

1777 1944 1904 1997 talia
1929 1942 2220 2012 cogitabat.
2257 1960 2274 1994 ι
2299 1942 2432 2009 Quis
2459 1945 2560 1998 iste
2576 1953 2660 1999 est
2687 1944 3122 2014 inexpugnabilis
3146 1960 3210 1998 ac
3239 1962 3339 1998 tm-

1776 2048 1878 2087 vus
1908 2033 2197 2088 mortuus?
2222 2032 2376 2099 Quis,
2409 2033 2650 2101 inquam,
2679 2036 2771 2104 qui
2809 2035 2963 2104 juxta
2996 2036 3165 2103 legem
3192 2050 3341 2089 mor-

1778 2133 1905 2180 tuus
1938 2126 2028 2187 sit,
2060 2139 2123 2179 ac
2142 2140 2305 2193 supra
2330 2125 2498 2196 legem
2522 2135 2768 2180 servetur
2794 2126 3179 2196 incorruptus?
3211 2125 3307 2180 Pla

1782 2229 1871 2278 ne,
1910 2229 2018 2269 non
2071 2224 2155 2270 est
2186 2213 2375 2271 Deus:
2426 2230 2533 2268 nou
2580 2216 2725 2270 enim
2772 2227 3023 2272 mortuus
3065 2224 3209 2273 esset
3246 2219 3338 2287 qui

1779 2316 1924 2365 esset
1961 2308 2330 2377 incorporeus.
2353 2307 2537 2377 Neque
2576 2310 2702 2364 item
2734 2320 2818 2366 est
2853 2312 3113 2380 angelus;
3142 2311 3343 2381 quippe

1792 2400 2085 2454 humanam
2138 2399 2372 2454 formam
2424 2410 2510 2455 est
2546 2401 2789 2457 indutus.
2828 2403 2957 2457 Mihi
2996 2404 3140 2458 velut
3169 2404 3339 2459 Adam

1793 2490 2069 2559 subjectus
2093 2497 2195 2555 est,
2227 2492 2411 2560 ‘neque
2432 2500 2491 2545 ut
2516 2490 2687 2545 Adam
2717 2495 3047 2562 corruptioni
3067 2495 3331 2565 subiacet.

1780 2582 2005 2637 Mortem
2037 2582 2307 2637 sustinuit
2330 2593 2588 2652 tanquam
2617 2584 2799 2647 homo,
2824 2599 2924 2639 nec
2946 2583 3083 2640 allici
3117 2585 3349 2640 sustinet

1787 2682 2048 2743 tanquam
2094 2673 2362 2728 mortalis.
2404 2672 2536 2744 Ejus
2571 2689 2723 2739 caro,
2768 2677 3117 2745 corruptione
3156 2676 3347 2731 fortior

1780 2774 1885 2820 est.
1913 2762 2109 2821 Nullus
2141 2777 2477 2821 mortuorum
2503 2781 2643 2837 quos
2672 2782 2705 2822 a
2737 2768 2938 2822 saeculo
2966 2768 3129 2823 habui
3157 2769 3342 2838 subje—

1784 2868 1925 2924 ctos,
1948 2859 2043 2915 tali
2078 2860 2146 2914 ad
2190 2876 2278 2916 me
2323 2861 2472 2916 venit
2498 2876 2747 2932 corpore.
2793 2860 2931 2916 Num
2964 2877 3164 2932 corpus
3193 2862 3347 2927 illud,

1783 2948 1877 3006 Dei
1906 2958 1991 3007 est
2018 2962 2437 3021 gestamentum,
2465 2968 2637 3023 eoque
2661 2953 2731 3008 ita
2767 2952 3029 3009 adversus
3065 2970 3127 3009 os
3164 2970 3347 3009 memn

1783 3043 2070 3097 obduruit?
2104 3042 2243 3098 Num
2301 3042 2395 3098 Dei
2427 3042 2585 3099 Verbi
2626 3044 2730 3099 hoc
2773 3045 3180 3099 tabernaculum
3225 3046 3352 3101 est?

97 3134 253 3187 ἐστὶν
281 3135 318 3204 ὴ
346 3132 450 3187 τοῦ
478 3133 611 3186 Θεοῦ
640 3134 817 3202 Λόγου
847 3136 1016 3205 σκηνή
1040 3151 1057 3201 ;
1086 3129 1236 3205 'Apa
1267 3135 1340 3205 μὴ
1366 3129 1515 3195 οῦτός
1535 3135 1678 3186 ἐστιν

1784 3133 1922 3187 Num
1956 3134 2056 3188 hoc
2085 3136 2206 3203 ejus
2236 3144 2320 3189 est
2348 3136 2629 3205 templum,
2663 3134 2757 3205 qui
2786 3136 2925 3190 dixit
2972 3136 3039 3191 ad
3082 3134 3301 3192 Iudaeos
3334 3160 3348 3194 :

90 3227 121 3278 ό
147 3225 285 3289 ναδς
319 3224 425 3279 τοῦ
456 3225 695 3289 εἰπόντος
740 3225 875 3296 πρὸς
910 3226 1038 3289 τοὺς
1082 3224 1396 3292 Ἰουδαίουςο
1443 3226 1677 3279 Λύσατε

94 3318 209 3371 τὸν
248 3318 416 3371 ναὸν·
452 3316 696 3382 τοῦτον,
737 3317 834 3371 καὶ
877 3317 946 3370 ἐν
977 3316 1172 3384 τρισὶν
1204 3316 1451 3385 ’ἡμέραις
1498 3314 1678 3385 ἐγερῶ

86 3410 337 3473 αὐτόν;
369 3403 522 3479 Ἀρα
554 3410 628 3480 μὴ
665 3409 800 3481 πρὸς
840 3409 1135 3464 ἀνάστασιν
1170 3408 1490 3481 ἀδιάφθορος
1524 3404 1676 3474 οὗτος

88 3500 482 3567 φυλάττεται;
517 3497 664 3571 Ἀρα
694 3501 768 3571 μὴ
800 3500 1142 3564 κατάσκοπός
1175 3503 1289 3555 ἐστι
1313 3500 1422 3553 τῶν
1449 3501 1678 3571 νεκρῶν,

82 3596 115 3646 ό
146 3591 480 3665 παράδοξος
506 3582 659 3655 οὗτος
687 3592 905 3663 νεκρός;
936 3587 1082 3662 ’Λρα
1114 3590 1188 3661 μὴ
1221 3592 1316 3644 καὶ
1348 3592 1473 3654 τοὺς
1512 3591 1681 3645 πάλαι

83 3687 230 3756 παρ’
278 3684 429 3756 ἐμοῦ
475 3682 879 3747 καταποθέντας
923 3685 1149 3755 νεκροὺς
1186 3681 1365 3736 λασὼν
1409 3682 1678 3749 ἐντεῦθεν,

78 3773 287 3841 ἀνάξει
321 3775 429 3828 σὺν
465 3772 645 3843 afﬂigi;
677 3769 824 3842 'Apa
864 3771 938 3844 μὴ
987 3770 1240 3842 καθάπερ
1289 3773 1473 3835 Ἰωνᾶς
1516 3772 1575 3826 ὲν
1612 3775 1677 3843 τῇ

80 3866 287 3938 κοιλίᾳ
318 3864 424 3918 τοῦ
454 3866 654 3935 κήτους
688 3864 981 3929 ἀκινδύνως
1004 3863 1403 3926 ἐπολιτεύσατο,
1426 3862 1567 3918 οῦτω
1587 3865 1681 3917 καὶ

74 3951 254 4021 οὗτος
298 3957 442 4028 παρ’
474 3957 599 4027 ἐμοὶ
621 3956 905 4027 διατρίϐει,
936 3956 1032 4010 καὶ
1060 3954 1342 4027 περιμένει
1369 3954 1466 4026 τὴν
1492 3955 1681 4027 τρίτην

74 4049 351 4119 ἡμέραν,
384 4046 474 4100 ἵνα
498 4047 618 4099 τότε
649 4045 864 4117 πρῶτος
893 4046 1147 4109 ἀναστὰς.
1183 4046 1433 4117 ὑποδείξῃ
1454 4046 1681 4109 καὶτοῖς

73 4140 288 4203 ἄλλοις
340 4139 561 4208 νεκροῖς
607 4138 704 4202 τὰς
752 4136 953 4203 πύλας;
997 4156 1017 4189 ι
1068 4139 1191 4202 Τοῖς
1237 4137 1575 4208 πράγμασιν,
1618 4138 1679 4192 οὑ

74 4232 207 4293 τοῖς
240 4230 508 4301 ῥήμασιν
532 4227 750 4301 [οὕτως]
784 4227 1011 4291 θάνατος
1037 4228 1433 4298 ἁπεφθέγγετο.

157 4325 265 4392 ς’.
316 4320 586 4393 [Τούτων
611 4317 709 4391 δὲ]
761 4318 933 4383 οὕτως
973 4320 1381 4391 γεγενημένων,
1430 4320 1525 4374 καὶ
1573 4320 1681 4374 τῶν

82 4413 403 4468 Ἰουδαίων
447 4410 557 4464 τῶν
599 4410 853 4481 φυλάκων
897 4410 1369 4483 παρακαθημένων
1413 4412 1492 4483 τῷ
1542 4414 1678 4483 μνή-

1784 3223 1987 3280 8οίυὶιε
2016 3227 2263 3295 templum
2288 3226 2405 3291 hoc,
2437 3238 2488 3280 ct
2514 3228 2571 3280 in
2592 3227 2758 3281 tribus
2786 3226 2967 3281 diebus
3007 3227 3251 3283 excitabo
3282 3228 3352 3282 il-

1778 3317 1869 3371 lud
1898 3318 1957 3371 '?
1987 3315 2243 3389 Nunquid
2268 3319 2379 3382 hic,
2413 3319 2673 3375 immunis
2716 3336 2745 3374 a
2772 3320 3144 3390 corruptione,
3170 3321 3238 3375 ad
3262 3336 3349 3376 re-

1783 3407 2177 3464 surrectionem
2201 3410 2483 3464 servatur?
2502 3407 2755 3479 Nunquid
2769 3423 2942 3465 novus
2967 3410 3053 3465 hic
3076 3418 3346 3465 mortuus.

1784 3486 2121 3555 mortuorum
2140 3501 2454 3568 explorator
2472 3501 2663 3557 venit?
2693 3500 2834 3555 Num
2854 3516 2986 3556 vero
3004 3501 3188 3575 etiam.
3210 3515 3351 3572 quos

1781 3591 1911 3644 olim
1936 3590 2192 3661 deglutivi
2221 3606 2487 3660 mortuos,
2516 3606 2702 3647 secum
2724 3606 3011 3647 assumens
3028 3592 3352 3648 reducturus

1778 3682 1899 3737 est?
1920 3680 2173 3752 Nunquid
2203 3684 2345 3738 sicut
2371 3681 2539 3738 Jonas
2566 3682 2717 3738 nullo
2740 3684 2935 3739 salutis
2957 3683 3273 3739 discrimine
3294 3684 3350 3739 in

1780 3784 1966 3829 ventre
1993 3774 2096 3829 ceti
2119 3786 2363 3830 moratus
2388 3783 2491 3835 est.
2524 3774 2595 3829 ita
2618 3785 2671 3830 et
2689 3775 2781 3831 hic
2803 3775 2945 3844 apud
2970 3790 3057 3831 me
3081 3784 3347 3841 moratur,

1780 3881 1844 3921 ac
1870 3866 2010 3921 diem
2038 3867 2253 3921 tertium
2284 3868 2700 3923 resurrectionis
2741 3875 3015 3938 exspectat
3049 3868 3094 3931 ";
3126 3874 3187 3921 ut
3212 3877 3346 3922 tunc

1780 3958 1993 4027 primus
2013 3958 2128 4028 ipse
2161 3973 2473 4028 resurgens,
2502 3958 2625 4014 aliis
2647 3973 2862 4029 quoque
2898 3961 3126 4013 mortuis
3152 3959 3350 4029 quibus

1778 4058 2053 4119 emergant
2080 4059 2262 4118 portas
2294 4050 2569 4105 ostendat?
2602 4068 2621 4101 ι
2648 4048 2725 4105 lta
2760 4064 2926 4116 mors,
2976 4053 3137 4105 rebus
3162 4050 3351 4119 loqueo

1780 4140 1958 4207 batur,
1986 4155 2095 4194 non
2118 4140 2316 4195 verbis.

1850 4317 1937 4374 Vl.
1952 4318 2047 4374 His
2064 4334 2226 4388 porro
2248 4320 2317 4374 ita
2331 4321 2514 4389 gestis,
2536 4335 2601 4375 ac
2619 4319 2820 4376 Iudaeis
2838 4335 2943 4374 una
2966 4335 3091 4375 cum
3112 4322 3349 4376 custodi-

1779 4410 1879 4467 bus
1907 4411 2271 4467 assidentibus
2303 4422 2676 4479 monumento,
2723 4411 2852 4468 Sero
2880 4411 3253 4481 Sabbatorum,
3273 4430 3338 4468 ea

67 4524 258 4579 ματι,
311 4504 463 4573 Ὀψὲ
507 4505 818 4558 Σαόσᾰτων
849 4503 957 4573 (7),
1006 4501 1082 4571 τῇ
1122 4503 1552 4571 ἐπιφωσκούσῃ
1599 4504 1678 4570 εις

1788 4502 1875 4557 die
1896 4518 2011 4571 qui?
2036 4502 2245 4556 lucescit
2267 4504 2323 4557 in
2364 4503 2592 4572 primum
2629 4502 2984 4558 Sabbatorum
3006 4545 3019 4568 ,
3058 4518 3183 4558 cum
3222 4503 3339 4573 jam

67 4602 242 4669 μίαν
272 4596 626 4662 Σαϐϐάτων,
662 4596 959 4666 μελλούσης
984 4594 1439 4666 ἐπιλαμϐάνεσθαι
1475 4597 1685 4666 Κυρια-

67 4693 229 4761 κῆς,
261 4685 435 4760 ἦλθε
467 4688 660 4756 Μαρία
689 4688 728 4755 ἠ
758 4686 1143 4757 Μαγδαληνὴ,
1180 4687 1280 4739 καὶ
1308 4688 1346 4754 ἠ
1375 4686 1531 4754 ἄλλη
1558 4690 1684 4741 Ma-

67 4786 183 4851 ρία
220 4777 549 4848 θεωρῆσαι
586 4778 692 4831 τὸν
716 4776 926 4845 τάφον.
958 4778 1022 4830 Ὠ
1050 4775 1213 4842 ξένων
1242 4777 1336 4829 καὶ
1368 4776 1684 4848 παραδόξων

67 4870 454 4940 θαυμάτωνῑ
481 4869 683 4937 Πέτρος
708 4871 737 4922 ό
756 4868 971 4940 πρῶτος
990 4868 1287 4939 στρατηγὸς
1312 4866 1404 4921 τοῦ
1427 4866 1682 4939 Χριστοῦ,

67 4962 389 5035 φοϐηθεὶς
438 4959 682 5029 γλῶτταν
737 4958 1044 5028 παιδίσκης,
1073 4960 1345 5029 ὴρνήσατο
1385 4957 1564 5020 ζῶντα
1592 4958 1685 5011 τὸν

67 5052 319 5111 ἑαυτοῦ
377 5050 683 5120 Δεσπότην,
724 5052 819 5103 καὶ
864 5051 1116 5117 γυναῖκες
1162 5048 1547 5103 άσθενέσταται
1591 5049 1687 5102 καὶ

67 5148 310 5211 δειλαὶ,
364 5140 482 5212 μετ’
520 5142 688 5212 αὑτῆς
711 5141 787 5209 (8)
831 5141 1191 5210 παρεγένοντο
1220 5142 1449 5211 τιμῆσαι
1478 5141 1569 5194 τὸν
1604 5143 1684 5193 οἰ-

67 5243 249 5295 κεῖον
315 5233 659 5287 διδάσκαλον.
706 5226 928 5287 Ἦλθον
974 5231 1268 5300 θεωρῆσαι
1312 5230 1419 5284 τὸν
1476 5230 1681 5299 τάφον.

68 5328 359 5385 )ὑδέπω
407 5324 518 5396 γὰρ
559 5322 801 5395 ἀκριϐῶς
843 5322 1126 5379 ἐπίστευον
1161 5323 1239 5393 (9)
1287 5322 1365 5392 τῷ
1406 5321 1548 5392 λόγῳ
1585 5322 1685 5392 τῆς

1786 4593 2064 4648 Dominica
2124 4595 2241 4649 dies
2276 4604 2565 4663 exceptura
2605 4602 2789 4659 esset,
2845 4596 2985 4649 venit
3019 4593 3199 4648 Maria
3236 4594 3354 4649 Ma-

1789 4683 2024 4754 gdaleue,
2077 4694 2128 4737 et
2171 4684 2340 4738 altera
2370 4683 2548 4737 Maria
2582 4684 2757 4739 videre
2794 4686 3088 4754 sepulcrum
3112 4686 3154 4740 ⁸.
3186 4683 3231 4740 0
3265 4700 3355 4740 res

1789 4790 1956 4829 novas
1985 4790 2047 4829 ac
2080 4775 2381 4829 mirabiles!
2416 4772 2633 4830 Primus
2668 4773 2871 4830 Christi
2902 4775 3103 4830 ducum
3136 4776 3351 4843 Petrus,

1791 4868 1997 4923 ancillae
2046 4868 2249 4923 veritus
2292 4867 2552 4938 linguam,
2608 4867 2876 4921 virentem
2918 4868 3133 4937 negavit
3163 4865 3352 4921 Domi-

1792 4977 1955 5026 num;
1993 4961 2459 5030 imbecillimmque
2500 4975 2565 5017 ac
2614 4961 2819 5016 timidae
2859 4961 3133 5025 mulieres,
3177 4959 3351 5029 prima

1788 5052 1968 5107 statim
1988 5052 2107 5106 luce
2135 5051 2441 5117 adfuerunt,
2459 5050 2773 5122 Magistrum
2793 5065 2955 5106 suum
2984 5051 3350 5105 honoratum.

1796 5142 2271 5199 Veneruntvidere
2295 5144 2624 5212 sepulcrum.
2655 5141 2907 5197 Nondum
2949 5142 3093 5196 enim
3130 5154 3352 5195 accurao

1786 5242 1839 5288 te
1868 5233 2157 5289 credebant
2190 5232 2430 5289 sermoni
2456 5234 2889 5290 resurrectionis.
2952 5232 3226 5289 Venerunt
3263 5230 3350 5286 vi-

1786 5326 1913 5381 dere
1941 5326 2271 5396 sepulcrum,
2297 5335 2376 5390 ut,
2409 5325 2525 5380 viso
2547 5335 2916 5389 monumento,
2951 5324 3184 5394 aliquam
3216 5334 3348 5377 mte-

145 5510 175 5538 ⁴¹
221 5504 421 5560 Joan.
444 5518 506 5568 ιι,
554 5502 639 5557 l9.
717 5502 734 5531 ⁷
769 5500 957 5555 Matth.
999 5499 1228 5568 x1540;
1265 5498 1395 5553 Luc.
1448 5514 1527 5565 xl,
1579 5499 1668 5554 50.
1743 5498 1975 5554 “Matth.
2025 5514 2219 5563 xxvnt,
2250 5514 2284 5554 ι.

142 5625 253 5693 (7)
324 5619 457 5693 Sero
532 5620 902 5693 sabbatorum,
985 5620 1087 5689 ὀψὲ
1121 5619 1454 5693 ’Σαϐϐάτωῳ
1523 5617 1685 5693 Velut

68 5688 289 5755 ωδε,
336 5691 580 5761 aclonge
595 5692 707 5761 jam
743 5698 1019 5746 transacto
1046 5689 1312 5745 Sabbato:
1344 5699 1404 5744 ut
1424 5690 1533 5759 jam
1551 5688 1682 5745 satis

74 5784 122 5823 η
151 5765 372 5818 Joan.
402 5759 720 5816 Thessalon.

148 5834 267 5906 (8)
323 5830 462 5888 Μετ’
481 5831 672 5901 αὐτῆς.
705 5829 867 5890 Forte
908 5829 1059 5889 deest
1092 5829 1321 5901 ἡμέρας.
1364 5829 1440 5886 ιι.

1858 5620 1934 5689 (9)
1976 5619 2225 5673 Nondum
2261 5628 2505 5675 accurate
2548 5614 2847 5689 credebant,
2885 5615 3100 5671 Primus
3152 5617 3252 5689 istc
3275 5616 3341 5672 ad

1786 5685 2196 5745 monumentum
2248 5704 2502 5745 accessus
2540 5686 2608 5739 ad
2637 5685 2951 5756 videndum,
2988 5688 3339 5756 quemadmo-

1788 5760 1918 5813 dum
1955 5759 2116 5814 habet
2159 5756 2463 5821 Matthaeus,
2486 5771 2551 5809 ex
2584 5754 2697 5809 sola
2729 5754 3040 5817 devotione,
3073 5756 3218 5810 nulla
3256 5755 3337 5809 in-

1790 5828 2047 5887 ﬁdelitate
2083 5830 2258 5901 potuit
2282 5844 2404 5887 esse
2430 5845 2444 5897 ;
2472 5825 2566 5883 scd
2594 5824 2773 5895 aliqua
2796 5825 2860 5881 ad
2894 5840 3164 5882 summum
3188 5825 3337 5894 igna-
