4112 6416
123 399 249 464 1857

956 399 1236 460 ORATIO
1274 400 1354 460 IN
1389 399 1783 460 MULIERES
1813 397 2480 461 UNGUENTIFERAS.

3199 393 3337 462 1858

117 509 267 580 κάγὼ
307 509 402 564 σὺν
446 510 530 563 σοι
579 512 1040 581 παραγενόμενος,
1087 507 1331 561 σαλεύσω
1384 508 1547 561 πάλιν
1572 509 1673 577 τὴν

1784 515 1998 567 terram,
2029 518 2140 573 quo
2187 513 2348 558 terra:
2389 509 2572 557 motus
2601 501 2994 558 annuntiationi
3033 511 3136 556 tua:
3161 513 3344 573 patro-

113 604 234 672 γῆν,
281 603 368 656 ἵνα
409 603 508 673 τῆς
555 602 653 672 σῆς
689 601 1019 670 ἐπαγγελίας
1057 602 1085 654 ὁ
1119 600 1340 670 σεισμὸς
1373 602 1669 672 συνήγορος

110 693 349 763 γένηται.
396 711 416 743 ι

173 783 256 836 H'.
296 782 574 836 Κατέλαϐε
607 783 663 836 δὲ
705 782 916 852 ταχέως
941 781 1032 836 τὸν
1076 781 1404 836 Δεσποτικὸν
1442 782 1610 850 τάφον
1641 782 1671 833 ὁ

105 874 328 943 ἅγγελος
354 890 370 906 ο
432 876 494 928 οὐ
539 875 649 946 γὰρ
692 875 956 945 ἐτόλμησε
1004 873 1348 942 παρακοῦσαι
1405 873 1670 926 Δεσπότου

101 966 528 1036 προστάξαντος.
600 967 711 1020 Καὶ
773 966 990 1037 πρῶτον
1047 965 1147 1035 μὲν
1209 965 1673 1035 παραγενόμενος,

100 1059 344 1125 ἐτίναξεν
398 1062 465 1113 ἐκ
509 1058 773 1129 θεμελίων
819 1058 918 1128 τὴν
961 1057 1085 1128 γῆν,
1126 1057 1211 1111 ἵνα
1251 1059 1379 1121 τοὺς
1424 1056 1675 1126 φύλακας

95 1147 417 1212 ἐξυπνίσας,
452 1147 558 1201 ὑπὸ
589 1148 855 1219 μάρτυσιν
885 1148 1090 1212 αὐτοῖς,
1120 1146 1250 1220 εἴπῃ
1283 1147 1382 1216 τὴν
1409 1148 1586 1201 αἰτίαν
1605 1146 1672 1201 δι’

99 1240 168 1309 ἣν
196 1256 272 1290 πα
285 1240 602 1309 ραγέγονεν.
647 1236 780 1293 Εἶτα
813 1238 1117 1310 βλεπόντων
1145 1239 1346 1301 αὐτῶν,
1389 1239 1674 1293 άνεκύλισε

89 1331 186 1384 τὸν
214 1329 368 1384 λίθον
396 1332 464 1384 ἐκ
491 1333 590 1402 τῆς
619 1331 788 1402 θύρας
814 1331 908 1384 τοῦ
943 1333 1231 1402 μνημείου,
1267 1333 1362 1384 καὶ
1403 1332 1674 1403 ἐκάθησεν

91 1421 281 1479 ἐπάνω
299 1419 472 1474 αὑτοῦ
497 1420 812 1489 καταγελῶν
825 1419 934 1473 τῶν
961 1419 1192 1490 σιδηρῶν
1217 1421 1547 1492 σφραγίδων,
1580 1423 1674 1476 καὶ

87 1511 452 1582 ἐπεμϐαίνων
483 1515 594 1576 τοῖς
626 1513 921 1576 Ἰουδαίοις,
963 1512 1040 1576 ὡς
1062 1512 1194 1583 λίθῳ
1230 1515 1550 1568 πιστεύσασι
1575 1514 1675 1586 τὴν

87 1604 421 1673 ἀσφάλειαν.
470 1600 589 1659 Ἦν
627 1603 696 1658 δὲ
739 1606 778 1673 ἡ
835 1603 964 1658 ιόἐα
1012 1605 1199 1660 αὐτοῦ
1229 1606 1326 1672 ὡς
1373 1606 1674 1676 ἀστραπή.

89 1695 273 1748 Ὅπου
321 1696 438 1768 γὰρ
488 1696 647 1766 νέφος
697 1697 972 1768 ἁμαρτίας
1025 1698 1128 1751 οὐκ
1169 1698 1512 1764 ἐπισκιάζει,
1562 1701 1678 1753 ἐκεῖ

89 1788 280 1859 μορφὴ
315 1789 705 1860 λαμπρότητος
745 1789 936 1860 πολλή.
975 1789 1087 1844 Καί
1121 1790 1189 1844 τὸ
1230 1790 1459 1861 ἔνδυμα
1490 1792 1676 1848 αὐτοῦ

1773 614 1878 652 nus
1904 597 2146 652 accedat.
2187 617 2205 650 ι

1842 751 1977 807 VIII.
2009 752 2202 807 Statim
2233 766 2362 805 vero
2386 751 2610 818 angelus
2655 750 2720 805 ad
2751 750 3056 820 sepulcrum
3092 751 3347 808 Domini-

1771 862 1895 900 cum
1927 847 2069 900 venit
2102 860 2247 899 :non
2275 845 2420 898 enim
2465 858 2634 899 ausus
2661 852 2746 898 est
2785 858 2893 898 non
2944 843 3163 898 obedire
3203 860 3346 916 prm-

1771 949 1928 1007 cepto
1963 935 2263 993 Dominico.
2288 934 2354 990 Ut
2385 945 2561 991 autem
2588 936 2822 1007 primum
2855 935 3113 1000 venisset,
3143 947 3344 993 terram

1771 1045 1802 1083 a
1835 1027 2200 1084 fundamentis
2231 1029 2525 1091 concussit,
2565 1037 2626 1082 ut
2664 1043 2696 1083 a
2748 1043 2946 1083 somno
2974 1029 3224 1084 excitatis
3248 1046 3345 1084 cu—

1773 1122 2057 1187 stodibus,
2091 1121 2220 1191 ipsis
2237 1124 2439 1188 [coram
2486 1121 2843 1192 testibusque,
2869 1135 3086 1176 causam
3123 1122 3210 1176 sui
3253 1123 3348 1176 ad-

1772 1227 1969 1271 ventus
1990 1217 2244 1272 ediceret.
2272 1215 2410 1270 Tum
2451 1230 2579 1271 vero
2609 1215 2918 1271 videntibus
2952 1216 3059 1271 illis
3114 1219 3348 1273 revolvit

1773 1307 2008 1378 lapidem
2033 1308 2102 1362 ab
2129 1308 2270 1363 ostio
2296 1306 2658 1373 monumenti,
2693 1323 2756 1362 ac
2808 1307 2947 1362 sedit
2997 1323 3159 1378 supra
3192 1312 3344 1365 illum

1774 1403 2007 1459 irridens
2031 1403 2307 1475 signacula
2346 1402 2544 1464 ,ferrea
2602 1411 2662 1456 ut
2706 1401 2997 1466 imbecilla,
3037 1401 3350 1473 .Iudazisque

1777 1496 2049 1552 insultans
2069 1507 2326 1566 tanquam
2344 1495 2754 1566 quilcustodiam
2779 1495 2942 1565 lapidi
2968 1496 3348 1552 credidissent.

1770 1590 1905 1642 Erat
1966 1598 2142 1644 autem
2195 1597 2439 1659 aspectus
2482 1589 2596 1658 ejus
2622 1590 2761 1643 sicut
2815 1589 3018 1659 fulgur.
3058 1588 3158 1645 Ubi
3202 1590 3350 1644 enim

1777 1695 1886 1736 non
1949 1682 2241 1736 obumbrat
2291 1681 2466 1735 nubes
2510 1682 2742 1750 peccati,
2793 1682 2905 1736 illic
2965 1683 3132 1736 multa
3175 1683 3348 1736 forma

1778 1773 2082 1844 splendoris
2127 1782 2231 1828 est.
2275 1771 2345 1827 Et
2392 1773 2754 1827 restituentur»:
2812 1779 2924 1842 ejus
2989 1774 3171 1826 album
3212 1775 3352 1827 sicut

83 1879 321 1932 λευκὸν
340 1881 490 1934 ὡσεί
506 1879 672 1949 χιών.
703 1873 804 1934 Ὧν
825 1881 932 1952 γὰρ
966 1881 1159 1952 ἔμελλε
1186 1883 1476 1954 κηρύττειν
1500 1901 1674 1956 πραγ-

1784 1868 1869 1921 nia:
1899 1876 1943 1923 θ.
1966 1867 2209 1934 Quarum
2239 1867 2383 1921 enim
2415 1882 2596 1920 rerum
2626 1877 2744 1922 erat
2766 1868 3087 1936 praedicator
3109 1867 3348 1928 futurus,

86 1973 307 2044 μάτων,
369 1973 577 2028 τούτων
614 1975 709 2027 καὶ
768 1975 983 2046 μορφὴν
1013 1975 1107 2028 καὶ⁵
1137 1975 1330 2047 στολὴν
1357 1976 1518 2040 ἀξίαν
1553 1975 1676 2030 ἐκέ-

84 2083 280 2137 κτητο.
327 2067 482 2120 Ἔδει
509 2070 638 2138 γὰρ,
671 2065 799 2134 ἔδει,
837 2067 928 2120 τὸν
955 2067 1046 2120 τοῦ
1080 2068 1305 2138 φαιδροῦ
1355 2071 1677 2139 πράγματος

81 2159 330 2226 ἄγγελον
363 2162 428 2213 ἐν
459 2160 660 2214 ἆπασιν
689 2157 829 2214 εἶναι
858 2161 1102 2233 φαιδρόν.
1131 2162 1500 2232 Καταπλήξας
1521 2163 1577 2216 δὲ
1599 2161 1679 2232 τῷ

81 2249 275 2321 πολλῷ
303 2250 466 2322 φόϐῳ
509 2251 638 2314 τοὺς
684 2250 951 2321 φύλακας,
980 2253 1074 2306 καὶ
1108 2253 1306 2324 μικροῦ
1332 2253 1443 2306 δεῖν
1471 2254 1680 2318 πάντας

80 2343 216 2405 τοὺς
271 2343 562 2414 παρόντας
603 2344 891 2408 Ἰουδαίους
946 2345 1177 2415 ποιήσας
1229 2343 1452 2416 νεκρούς
1479 2363 1494 2378 ο
1558 2365 1578 2397 ι
1613 2346 1678 2399 Τί

79 2434 403 2498 δεδοίκατε,
439 2436 575 2507 πρὸς
603 2437 800 2500 αὐτοὺς
828 2436 1033 2506 ἔλεγεν,
1056 2432 1102 2491 ὧ
1123 2439 1436 2509 Φαρισαίοις
1468 2437 1532 2490 Τί
1558 2438 1681 2508 τρέ-

83 2543 246 2595 μετε,
278 2527 385 2582 καὶ
413 2527 738 2582 πεπτώκατε
766 2528 967 2593 πάντες
1013 2529 1106 2582 ἐπὶ
1132 2529 1200 2582 τὰ
1231 2527 1500 2599 πρόσωπα
1526 2527 1680 2597 ὑμῶν

80 2619 358 2689 καθάπερ
385 2620 574 2692 νεκροί
600 2638 616 2686 ;
673 2622 791 2674 Ἐπ’
819 2621 956 2692 ἐμοῦ
983 2621 1075 2674 τοῦ
1103 2621 1291 2675 δούλου
1336 2620 1542 2691 νεκροὶ.
1587 2621 1682 2673 καὶ

79 2709 182 2762 ἐπὶ
217 2709 323 2763 τοῦ
367 2712 643 2764 Δεσπότου
679 2712 984 2782 τολμηροί;
1037 2712 1095 2766 '0
1133 2710 1472 2784 στρατιώτης
1495 2709 1682 2780 ὤφθην

81 2803 222 2872 ὑμῖν
252 2801 522 2872 φοϐερὸς,
553 2803 649 2856 καὶ
675 2803 784 2856 τῶν
830 2804 1074 2872 οὐρανῶν
1107 2806 1136 2857 ό
1167 2802 1420 2872 βασιλεὺς
1451 2803 1685 2856 εὐκατα-

79 2895 406 2965 φρόνητος
470 2895 620 2958 Ἐνδς
655 2894 887 2963 ἀγγέλου
937 2895 1238 2964 παρουσίαν
1287 2893 1582 2955 ἀκινδύνως
1619 2893 1681 2945 οὐ

81 2985 328 3055 φέρετε·
389 2984 487 3039 καὶ
521 2983 640 3048 πῶς
667 2984 763 3038 τοῦ
786 2983 1118 3057 δημιουργοῦ
1146 2985 1254 3038 τῶν
1299 2983 1548 3053 ἀγγελῶν
1586 2982 1685 3055 τὴν

79 3079 390 3150 ἐνέργειαν
445 3078 738 3150 ἀμϐλύνειν
787 3077 1240 3150 ὑπολαμϐάνετε;
1286 3077 1422 3149 Ἐμὲ
1459 3079 1552 3132 τὸν
1593 3079 1687 3132 οὑ-

83 3169 287 3238 ράνιον
321 3167 589 3240 ἐργάτην,
622 3167 716 3222 τὸν
751 3167 896 3223 λίθον
929 3167 1282 3240 μετατιθέντα
1311 3170 1374 3223 οὐ
1399 3169 1684 3241 δυνάμενοι

79 3258 361 3326 κωλύειν,
395 3259 513 3322 πῶς
539 3259 634 3312 τὸν
666 3259 916 3331 τεχνίτην
946 3261 1075 3331 ὅλης
1114 3259 1214 3331 τῆς
1244 3260 1473 3323 κτίσεως
1501 3260 1685 3332 βουλόο

86 3369 262 3416 μενον
289 3352 591 3406 ἀνακτίσαι
621 3352 715 3405 τοῦ
742 3351 992 3422 σώματος
1011 3351 1177 3405 αὐτοῦ
1196 3351 1288 3406 τὸν
1307 3351 1435 3405 ναὸν
1454 3351 1686 3405 κωλύειν

78 3442 416 3512 ἠδύνασθε;
483 3443 575 3514 Τῷ
623 3443 1066 3515 δημιουργήματι
1113 3443 1222 3513 (ll)
1297 3442 1526 3496 κωλύειν
1585 3445 1688 3498 οὐκ

83 3534 420 3606 ἰσχύοντες,
466 3534 586 3598 πῶς
631 3535 906 3605 ἀνταίρειν
955 3536 1284 3606 ἐπιχειρεῖτε
1333 3534 1411 3606 τῷ
1447 3537 1685 3607 ποιητῇς

96 3626 252 3681 Ἀλλ’
286 3627 574 3698 ἀνάστητε
614 3627 709 3681 καὶ
751 3625 1114 3698 περιϐλέψατε
1156 3627 1494 3697 πανταχόθεν
1528 3628 1690 3697 ἀκρι-

80 3718 228 3782 ϐῶς.
308 3718 412 3789 Μὴ
474 3718 682 3790 Πέτρος
737 3719 854 3772 ἐστὶ
893 3716 989 3771 νῦν
1043 3720 1162 3790 μετ’
1211 3717 1383 3788 epos;
1447 3719 1536 3788 Μὴ
1579 3719 1688 3772 τῶν

77 3806 301 3860 ἀλιέων
327 3823 422 3869 τις
451 3806 674 3860 κλέπτει
706 3808 803 3862 σὺν
828 3807 955 3878 ἐμοὶ
989 3808 1082 3862 τὸν
1109 3809 1337 3880 νεκρόν;
1385 3807 1479 3878 Μὴ
1502 3808 1689 3880 χρείαν

78 3897 206 3968 ἔχει
266 3900 301 3952 ὁ
354 3896 492 3960 Θεὸς
541 3896 768 3967 βοηθοῦς
819 3899 910 3970 Μὴ
954 3897 1123 3952 δεῖται
1168 3899 1429 3970 συνεργοῦ
1471 3916 1616 3964 τινος
1659 3901 1690 3952 ό

77 3990 230 4052 Θεὸς
297 3988 483 4058 Λόγος
529 3991 662 4060 πρὸς
706 3990 805 4061 τὴν
853 3990 1147 4045 ἀνάστασιν
1175 3991 1276 4061 τῆς
1322 3991 1529 4052 οἰκείας
1557 4007 1691 4064 σαρ-

81 4095 237 4145 κος;
294 4098 316 4130 ι

155 4259 248 4315 8'.
297 4257 498 4313 Ταῦτα
542 4258 680 4328 πρὸς
722 4257 968 4327 φύλακας
1017 4259 1266 4321 καὶτοὺς
1297 4255 1624 4328 Φαρισαίους
1662 4259 1692 4310 ό

77 4352 347 4422 ἄγγελος
369 4350 628 4421 λαλήσας,
641 4352 735 4404 καὶ
750 4349 970 4414 τούτους
987 4349 1303 4404 καταλιπὼν
1322 4349 1694 4421 ἐρριμμένους

77 4447 188 4499 καὶ
240 4444 600 4515 τρέμοντας,
641 4443 946 4513 ἐπέστρεψε
995 4441 1133 4513 πρὸς
1181 4441 1281 4506 τὰς
1324 4443 1590 4510 γυναῖκας
1631 4440 1694 4493 τὸ

1777 1959 1842 2013 iis
1898 1973 2192 2029 congruam
2267 1957 2501 2026 speciem
2565 1959 2872 2027 stolamque
2915 1958 3124 2012 habuit.
3179 1956 3350 2012 Plane

1775 2055 1920 2108 enim
1964 2053 2285 2123 Oportebat;
2313 2069 2406 2124 par
2429 2055 2592 2124 plane
2641 2064 2782 2120 erat,
2809 2063 2871 2108 ut
2903 2053 3037 2108 bene
3087 2052 3160 2108 rei
3213 2069 3355 2106 IIIIII-

1778 2149 1905 2211 tius,
1935 2161 2030 2216 per
2081 2147 2262 2200 omnia
2293 2145 2444 2201 Iactus
2492 2157 2794 2216 appareret.
2831 2145 2933 2201 Ubi
2963 2159 3127 2216 porro
3177 2146 3349 2199 nimio

1776 2251 1922 2295 metu
1949 2241 2329 2310 perterruisset
2366 2241 2642 2304 custodes,
2675 2254 2979 2310 parumque
3029 2239 3264 2301 abesset,
3291 2251 3354 2292 ut

1777 2349 1845 2388 ne
1877 2335 2021 2388 velut
2050 2344 2295 2388 mortuos
2336 2342 2632 2402 praesentes
2664 2348 2857 2387 omnes
2885 2330 3106 2387 Judaens
3144 2331 3357 2387 cll‘ecis-

1779 2433 1880 2489 set,
1912 2426 1988 2479 ait
2032 2424 2100 2478 ad
2151 2424 2308 2480 illos:
2339 2441 2356 2475 ι
2388 2423 2528 2489 Quid
2554 2438 2649 2478 vos
2699 2423 2920 2488 timetis,
2968 2437 3002 2478 ο
3054 2423 3359 2479 Pharisaei?

1779 2517 1920 2583 Quid
1977 2516 2227 2583 tremitis,
2280 2531 2586 2587 omnesque
2636 2516 2783 2571 velut
2833 2516 3033 2571 mortui
3091 2517 3142 2570 in
3181 2516 3360 2572 'facics

1780 2608 2132 2664 concidistis?
2176 2609 2346 2674 Itane,
2380 2624 2467 2664 me
2518 2623 2698 2664 coram
2748 2623 2924 2673 servo,
2979 2609 3214 2673 mortui;
3264 2625 3359 2663 co-

1781 2716 1897 2754 ram
1927 2711 2105 2754 autcm
2159 2700 2386 2755 Domino
2431 2699 2640 2755 feroces
2691 2715 2756 2755 ac
2805 2700 3241 2756 temerarii?Sic
3282 2717 3351 2755 ne

1783 2793 1940 2847 miles
1962 2793 2114 2848 vobis
2147 2793 2299 2848 visus
2327 2807 2447 2846 sum
2490 2792 2788 2858 terribilis;
2823 2791 2933 2847 Rex
2991 2804 3172 2848 autem
3248 2807 3362 2849 caa-

1785 2886 1960 2940 lorum
2007 2885 2472 2955 contemptibilis?
2501 2884 2621 2939 Non
2646 2887 2894 2955 potestis,
2936 2887 3072 2940 citra
3125 2887 3347 2956 periculi

1785 2992 1999 3040 ansam,
2029 2975 2215 3031 militis
2245 2976 2406 3029 unius
2449 2976 2788 3038 praesentiam
2829 2974 3009 3041 ferre;
3043 2993 3108 3031 ac
3141 2978 3360 3048 angelo-

1792 3083 1914 3124 rum
1967 3068 2246 3123 Creatoris
2304 3067 2693 3124 obscuraturos
2747 3083 2846 3124 vos
2884 3084 2948 3123 ac
2995 3069 3363 3124 retardaturos

1785 3160 2154 3216 eﬂicacitatem
2183 3160 2504 3216 existimatis
2529 3160 2672 3226 ?Qui
2713 3176 2799 3216 me
2842 3162 3118 3217 caelestem
3165 3177 3363 3232 opera-

1787 3253 1928 3307 rium
1951 3252 2173 3308 minime
2203 3253 2456 3321 potuistis
2494 3253 2805 3323 prohibere,
2827 3265 2884 3308 ut
2915 3269 2982 3308 ne
3006 3253 3357 3309 transferrem

1787 3345 2018 3414 lapidem
2041 3385 2056 3408 ,
2091 3345 2368 3415 quomodo
2401 3356 2666 3400 creatura:
2689 3347 2854 3402 totius
2879 3346 3144 3402 artiﬁcem
3176 3348 3364 3416 probi-

1787 3438 2034 3502 bueritis,
2061 3446 2120 3492 ut
2150 3452 2218 3492 ne
2246 3438 2435 3493 volens
2458 3439 2662 3508 proprii
2709 3440 2959 3510 corporis
2992 3440 3249 3508 templum
3274 3439 3361 3495 iu-

1788 3538 1993 3585 stauret
2021 3528 2172 3596 ?Qui
2202 3539 2508 3586 creaturam
2558 3531 2924 3601 nequidquam
2974 3533 3238 3602 impedire
3267 3548 3361 3587 va-

1789 3619 1990 3687 luistis,
2016 3621 2289 3691 quomodo
2321 3619 2568 3674 Creatori
2612 3621 2868 3676 resistere
2902 3623 3162 3676 tentatis?
3191 3622 3392 3678 Cate-‘

1789 3728 1911 3769 rum
1966 3713 2190 3783 surgite,
2217 3727 2281 3768 ac
2333 3721 2590 3767 accurate
2649 3714 2887 3783 undique
2919 3716 3364 3784 circumspicito;

1791 3818 1918 3857 num
1956 3803 2118 3858 modo
2145 3801 2367 3858 Petrum
2393 3803 2604 3858 socium
2629 3802 2856 3858 habeam
2887 3803 2911 3857 ?
2950 3821 3077 3858 num
3125 3807 3366 3874 piscato-

1789 3910 1908 3949 rum
1941 3895 2160 3965 aliquis,
2206 3894 2514 3963 conjunctis
2572 3910 2784 3950 mecum
2839 3898 3117 3965 operibus,
3153 3895 3365 3951 furetur

1791 3987 2104 4048 mortuum?
2139 4003 2270 4041 num
2305 3984 2446 4041 Deus
2485 3987 2782 4042 auxiliante
2823 3989 3168 4057 egeatinum
3219 3989 3366 4043 Deus

1793 4078 2029 4135 Verbum
2055 4082 2122 4135 ad
2147 4081 2328 4134 carnis
2375 4095 2488 4135 suae
2531 4083 2990 4137 resurrectionem
3041 4084 3364 4154 cujusquam

1792 4188 2010 4244 operam
2047 4171 2408 4228 necessariam
2441 4172 2683 4227 habeat?
2728 4191 2747 4224 ι

1861 4263 1951 4319 ιχ.
1984 4263 2108 4319 Haec
2139 4265 2230 4318 ubi
2258 4263 2483 4334 angelus
2508 4264 2721 4320 locutus
2743 4275 2891 4320 esset
2915 4268 2982 4319 ad
3022 4267 3279 4322 custodes
3301 4283 3368 4323 ac

1791 4356 2133 4422 Pharisaeos,
2181 4355 2414 4424 deiectos
2447 4371 2546 4411 eos
2580 4372 2643 4410 ac
2671 4365 2965 4412 trementes
2995 4357 3315 4427 relinquens
3344 4401 3361 4425 ,

1793 4448 1999 4502 vultum
2029 4448 2097 4502 ad
2124 4447 2382 4503 mulieres
2415 4447 2714 4502 convertit:
2754 4461 2819 4502 ac
2847 4449 3083 4517 primum
3119 4449 3363 4518 quidem,

77 4535 418 4607 πρόσωπον
437 4551 452 4566 ο
498 4535 593 4587 καὶ
621 4533 837 4604 πρῶτον
881 4533 980 4604 μὲν
1023 4533 1256 4587 δέδωκεν
1301 4534 1492 4598 αὑταῖς
1524 4551 1683 4588 κατα·

1795 4537 1901 4593 Ieni
1931 4539 2124 4592 obtutu
2152 4553 2216 4593 ac
2247 4537 2446 4592 blando
2473 4540 2772 4603 recreavit;
2814 4549 3036 4608 tumque
3068 4539 3138 4593 ab
3171 4540 3368 4593 animis

74 4626 401 4697 τρυφῆσαι
429 4622 740 4694 βλέμματος
767 4623 976 4696 ἡμέρου
997 4626 1094 4678 καὶ⁹
1121 4624 1458 4695 προσηνοῦςο
1501 4625 1683 4679 ἔπειτα

1793 4630 2237 4698 depulitmetum,
2260 4627 2652 4685 itainclamans
2675 4649 2688 4683 :
2722 4627 2940 4682 «Nolite
2961 4631 3166 4694 timere,
3191 4647 3276 4684 vos
3299 4633 3362 4683 ¹⁶.

76 4715 212 4770 τῶν
244 4712 452 4784 ψυχῶν
480 4712 659 4766 αὐτῶν
681 4712 774 4767 τὸν
802 4713 966 4780 φόϐον
1003 4713 1228 4778 ἐξέϐαλε
1256 4713 1395 4784 βοῶν
1437 4715 1574 4788 πρὸς
1601 4715 1697 4768 αὐ-

1790 4719 1884 4774 lsti
1940 4728 2174 4790 paveant
2219 4717 2584 4788 timeantque:
2630 4719 2833 4788 quippe
2884 4720 3064 4772 hostes
3117 4728 3244 4772 sunt
3301 4733 3369 4772 ac

69 4808 192 4871 τάς
218 4822 236 4837 ·
303 4824 328 4856 ‹
364 4804 462 4873 Μὴ
491 4803 769 4874 φοϐεῖσθε
794 4804 986 4873 ὑμεῖς.
1034 4799 1195 4859 οὗτοι
1221 4805 1569 4861 δειλιάτωσαν
1600 4807 1683 4862 καλ

1791 4809 2017 4864 inimici.
2053 4806 2160 4864 Vos
2186 4817 2388 4872 autem,
2429 4807 2597 4861 nolite
2621 4810 2848 4874 timere;
2879 4809 3149 4878 quinimo.
3191 4809 3366 4878 tripu-

75 4893 508 4966 φοϐείσθωσαν
532 4911 548 4926 ο
593 4893 782 4965 ἐχθροὶ
805 4895 914 4966 γάρ
940 4896 1046 4948 εἰσι
1078 4897 1174 4950 καὶ
1199 4895 1448 4966 πολέμιοι
1475 4913 1492 4928 ·
1537 4899 1683 4968 ὑμεῖς

1793 4901 1882 4957 dio
1903 4903 2168 4971 gaudete:
2193 4901 2354 4968 digna
2381 4900 2580 4970 quippe
2605 4901 2826 4955 coronis
2854 4900 3064 4969 egistis.
3093 4897 3269 4956 Nolite
3297 4901 3368 4955 ti-

69 4990 141 5044 δὲ
186 4987 286 5059 μὴ
339 4985 631 5055 φοϐεῖσθε,
667 4985 805 5041 ἀλλὰ
834 4990 1090 5058 σκιρτᾶτε
1123 4990 1217 5043 καὶ
1261 4991 1501 5062 χαίρετε.
1536 4992 1698 5060 Ἀξια

74 5082 214 5150 γὰρ
262 5077 560 5146 στεφάνων
589 5077 885 5149 ἐπράξατε.
919 5081 1012 5148 Μὴ
1039 5081 1290 5148 φοϐεῖσθε
1322 5083 1481 5153 ὑμεῖς
1501 5099 1516 5114 ’
1569 5086 1698 5154 μιᾶς

68 5176 208 5245 γὰρ
251 5171 590 5233 δεσποτείας
620 5171 786 5240 ἐσμέν
809 5187 827 5202 ’
855 5171 947 5225 τὸν
970 5171 1131 5225 αὐτὸν
1155 5173 1446 5244 δοξάζομεν
1471 5172 1696 5245 Κύριον.

76 5263 263 5319 Οἶδα
325 5261 418 5314 ὅτι
471 5259 722 5330 Ἰησοῦν
756 5261 864 5316 τὸν
903 5263 1359 5333 ἐσταυρωμένον
1396 5264 1632 5331 ζητεῖτε.
1671 5286 1690 5320 ι

69 5358 220 5411 οὐκ
271 5349 463 5414 εἶπεν,
500 5353 708 5424 Ἰησοῦν
751 5353 843 5408 τὸν
879 5355 1071 5426 νεκρόν
1093 5372 1108 5387 ·
1141 5358 1200 5410 ού
1227 5356 1336 5427 γὰρ
1361 5353 1429 5428 ἦν
1459 5356 1578 5410 τότε
1608 5374 1697 5410 νε-

72 5447 246 5518 κρὸς
271 5461 292 5475 ’
353 5441 488 5508 ἀλλ’,
545 5461 564 5494 ι
591 5442 821 5511 Ἰησοῦν
844 5444 949 5498 τὸν
975 5446 1430 5515 ἐσταυρωμένον
1451 5462 1466 5478 ο
1508 5446 1599 5500 τὸν
1628 5447 1696 5501 δι’

167 5624 198 5656 ο
232 5618 448 5674 Matth.
510 5633 699 5684 xxvut,
751 5619 840 5675 35.

1798 5005 1967 5056 mere,
1990 5005 2090 5044 vos
2116 5008 2130 5044 :
2162 4989 2326 5043 unius
2347 4987 2494 5041 enim
2511 4987 2812 5042 dominatui
2832 4987 3187 5055 subjicimur:
3212 5003 3368 5043 eum-

1800 5085 1922 5140 dem
1945 5084 2307 5139 clarillcamus
2331 5081 2642 5137 Dominum.
2680 5081 2802 5137 Scio
2825 5081 2951 5152 quia
2980 5080 3163 5135 Iesum
3198 5084 3371 5136 cruci-

1800 5176 1965 5246 ﬁxum
1989 5176 2225 5247 quwritis
2265 5175 2329 5228 ¹¹.
2363 5173 2484 5229 Νοη
2507 5175 2675 5237 dixit,
2701 5172 2884 5228 Iesum
2912 5184 3221 5228 mortuum:
3258 5190 3368 5229 non

1800 5265 1944 5321 enim
1972 5273 2104 5321 tunc
2137 5265 2398 5334 temporis
2425 5275 2544 5320 erat
2571 5272 2852 5330 mortuus;
2885 5263 2998 5328 sed,
3034 5261 3216 5317 Iesum
3249 5280 3371 5317 cru-

1803 5357 2022 5424 ciﬁxum
2045 5397 2062 5422 ,
2090 5371 2210 5412 eum
2229 5397 2245 5422 ,
2274 5357 2370 5426 qui
2398 5357 2566 5414 vestri
2594 5371 2758 5413 causa
2793 5355 2972 5412 crucis
2991 5355 3372 5411 confusionem

1807 5447 2140 5518 proculcavit
2169 5450 2232 5502 ι’.
2270 5447 2407 5504 Eum
2441 5448 2706 5520 quaeritis,
2734 5447 2828 5519 qui
2855 5449 3049 5520 quaerit
3071 5453 3374 5519 quan-entes

919 5620 1110 5677 “ibid.
1139 5620 1192 5676 4.
1271 5622 1310 5652 ³³
1346 5620 1474 5678 ibid.
1507 5622 1559 5677 5.
1636 5622 1679 5653 ¹¹
1707 5621 1868 5679 Hebr.
1897 5638 1996 5690 xu,
2027 5625 2080 5680 5.

176 5797 333 5873 (11)
369 5801 460 5875 Τῷ
491 5804 957 5877 δημιουργήματι.
1001 5807 1185 5877 Forte,
1209 5810 1271 5864 τὸ
1311 5809 1704 5882 δημιούργημά
1728 5826 1804 5866 τι.
1843 5808 1920 5866 In.
