4112 6416
748 381 767 445 1
778 385 882 449 859

1718 379 2090 440 GREGORII
2118 377 2456 440 EPISCOPI
2509 376 2975 441 ANTIOCHENI

3819 386 3946 450 1860

743 511 802 550 se
827 495 905 549 ¹³.
940 507 1086 556 eum,
1115 493 1204 562 qui
1231 507 1401 563 prope
1429 500 1514 548 est
1542 491 1920 547 invocantibus
1941 507 2066 548 eum
2094 493 2159 546 ".
2181 489 2300 546 Scia

2408 495 2552 564 ὑμᾶς
2597 494 2694 547 τοῦ
2753 495 2983 564 σταθροῦ
3029 494 3125 564 τὴν
3174 495 3438 567 αἰσχύνην
3475 498 3796 568 πατήσαντα
3835 499 3946 568 με).

739 586 864 654 quia
913 583 1094 638 Iesum
1135 585 1374 652 quaeritis
1417 582 1725 651 cruciﬁxum
1768 596 1786 634 :
1830 581 1953 635 Non
1991 591 2069 636 est
2094 583 2176 635 hic
2216 583 2257 613 ⁸⁵
2292 596 2306 632 :

744 692 852 732 non
881 687 966 731 est
995 675 1086 732 ubi
1117 677 1358 745 putatis:
1395 688 1502 729 non
1535 682 1618 728 est
1643 688 1754 742 quo
1779 673 1899 729 loco
1926 675 2135 743 positus
2161 672 2310 741 jace—

738 767 848 821 bat.
917 763 1058 832 Quid
1118 766 1220 822 hoc
1275 766 1378 830 ais,
1436 780 1470 820 o
1515 765 1738 835 angele?
1781 763 1898 819 Non
1950 773 2034 819 est
2091 765 2178 818 hic
2211 763 2312 816 Do-

738 857 920 912 minus
951 866 1136 911 noster
1167 870 1232 912 ac
1262 857 1471 912 herus?
1512 870 1618 910 non
1670 864 1753 912 est
1804 865 2114 910 nostrarum
2149 870 2309 924 argu-

737 956 981 1002 mentum
1031 948 1437 1018 lacrymarum?
1473 945 1616 1016 Ergo
1644 946 1844 1001 frustra
1872 961 1996 1001 eum
2029 945 2311 1001 lusimus?

738 1037 961 1093 Frustra
1003 1040 1052 1094 ei
1096 1046 1436 1093 mortuorum
1467 1039 1631 1093 xenia
1671 1038 2012 1094 obtulimus?
2055 1037 2172 1093 Non
2225 1045 2310 1092 est

739 1131 866 1184 hic?
897 1129 1038 1200 Ergo
1067 1130 1265 1185 iterum
1300 1145 1423 1185 eum
1463 1131 1570 1184 alio
1603 1129 1824 1200 maligni
1863 1128 2303 1185 transtulerunt?

737 1219 910 1276 Etiam
967 1222 1259 1290 sepultum
1307 1221 1571 1276 honorem
1613 1221 1957 1282 inviderunt,
2003 1221 2098 1291 qui
2140 1221 2305 1275 vitam

738 1312 1082 1368 inviderant?
1117 1311 1234 1366 Non
1274 1320 1358 1367 est
1390 1312 1520 1368 hic?
1561 1309 1791 1366 Ubinam
1837 1327 1968 1367 vero
2007 1313 2124 1367 est?
2160 1312 2304 1374 cito,

736 1415 1014 1471 rogamus,
1049 1401 1269 1457 edicito.
1311 1401 1451 1457 Seda
1485 1411 1779 1456 trementes
1807 1402 2022 1457 animos
2051 1411 2301 1458 nostros:

737 1507 806 1547 ne
853 1491 1022 1547 luctui
1071 1491 1272 1547 addere
1309 1492 1444 1548 velis
1476 1491 1679 1548 luctum
1712 1494 1880 1547 alium
1915 1512 1929 1548 :
1976 1493 2097 1563 ejus
2148 1495 2307 1549 nobis

735 1584 933 1637 mortui
965 1584 1143 1638 locum
1176 1583 1434 1646 ostende,
1475 1598 1637 1653 quem
1655 1585 1966 1654 (quaerimus
1986 1623 2002 1647 ,
2036 1594 2095 1640 ut
2127 1599 2305 1654 quan-

743 1673 918 1728 tocius
957 1688 1023 1728 eo
1075 1679 1354 1730 currentes
1383 1712 1400 1737 ,
1449 1673 1734 1728 oculorum
1790 1672 1982 1728 rivulis
2030 1671 2303 1728 tristitiam

732 1769 1048 1821 vacuemus.
1061 1783 1082 1816 ι

803 2030 872 2085 Χ.
903 2029 972 2084 At
1009 2031 1276 2101 angelus:
1322 2047 1340 2082 ι
1381 2028 1592 2094 Vultis,
1637 2029 1851 2097 inquit,
1894 2029 2071 2092 scire,
2111 2029 2200 2083 ubi
2235 2031 2304 2084 sit

730 2135 892 2190 quem
927 2121 1206 2190 quaeritis,
1233 2134 1297 2173 ac
1327 2119 1604 2188 quomodo
1632 2119 1960 2174 resurrexit?
2006 2116 2171 2174 Vobis
2203 2135 2303 2186 ego

736 2211 1010 2268 referam:
1051 2209 1339 2282 Propterea
1380 2214 1526 2266 enim
1567 2210 1635 2264 ad
1675 2225 1771 2264 vos
1811 2211 2010 2264 missus
2040 2226 2160 2265 sum
2188 2249 2205 2274 ,
2235 2215 2304 2265 ab

732 2304 852 2375 ipso
879 2319 1038 2374 quem
1075 2303 1318 2372 qumritis
1352 2311 1568 2357 mortuo
1595 2341 1610 2366 ,
1640 2310 1700 2356 ut
1733 2311 1788 2356 et
1835 2301 2007 2370 ipsius
2058 2317 2304 2357 resurre-

730 2396 968 2451 ctionem
994 2397 1569 2464 doceam,vestrosque
1589 2408 1773 2447 curem
1797 2393 2009 2448 animos
2035 2409 2100 2448 ac
2128 2394 2301 2464 lacry-

732 2501 846 2540 mas
868 2485 1076 2548 sistam,
1103 2494 1264 2554 atque
1290 2484 1454 2538 animi
1491 2483 1732 2537 laetitiam
1757 2498 1821 2536 ex
1852 2484 2163 2536 narratione
2185 2485 2294 2537 eri-

729 2593 874 2647 gam.
913 2575 1196 2638 Surrexit,
1251 2577 1386 2630 sicut
1433 2575 1569 2628 dixit
1603 2574 1668 2626 “'.
1721 2571 1876 2628 Nunc
1929 2575 2093 2629 etiam
2140 2575 2302 2630 solito

730 2670 941 2726 Veritas
968 2685 1129 2724 verax
1171 2667 1311 2732 fuit,
1355 2677 1409 2722 et
1453 2683 1576 2736 qua:
1605 2667 1784 2721 verbis
1817 2667 2080 2735 protulit,
2136 2667 2298 2722 etiam

730 2776 892 2833 opere
923 2761 1183 2830 implevit.
1228 2758 1557 2815 Immortalis
1585 2759 1706 2829 ejus
1738 2761 1990 2816 divinitas
2015 2799 2030 2824 ,
2078 2761 2302 2814 immor-

733 2855 852 2909 talis
877 2853 1214 2924 permansit;
1255 2867 1319 2907 ac
1351 2868 1462 2922 quo
1507 2863 1748 2921 tempore
1781 2867 1909 2906 caro
1935 2862 2146 2907 mortua
2173 2863 2258 2907 est
2279 2891 2296 2915 ,

729 2946 958 3000 mortale
985 2957 1183 3013 corpus
1226 2942 1346 3012 ejus
1385 2943 1667 3012 corporeis
1718 2943 1833 2997 suis
1881 2942 2056 2997 oculis
2105 2943 2300 2998 mortis

729 3051 981 3092 seinnum
1041 3035 1301 3103 suscepit.
1361 3031 1680 3087 Recumbens
1748 3033 1888 3086 enim
1947 3032 2189 3087 dormivit
2243 3043 2298 3085 ut

2409 586 2629 654 Ζητεῖτε
2653 585 2743 638 τὸν
2779 584 3134 655 ὲπιζητοίιντα
3159 588 3289 649 τοὺς
3324 586 3615 658 ζητοῦντας
3650 587 3835 642 αὐτόν.
3862 591 3948 658 Ζη-

2407 679 2549 730 τείτε
2568 677 2661 729 τὸν
2687 676 2856 745 ἐγγὺς
2877 677 3006 730 ὄντα
3033 677 3142 732 τῶν
3170 677 3604 748 ἐπικαλουμένων
3620 679 3810 734 αὐτόν.
3831 676 3950 734 οἶδα

2409 767 2497 822 ὅτι
2527 769 2769 836 Ἰησοῦν
2788 770 2895 822 τὸν
2914 768 3364 839 ἐσταυρωμένον
3387 769 3605 837 ζητεῖτε
3621 788 3634 800 ·
3672 773 3788 825 οὐκ
3805 773 3949 826 ἐστιν

2405 853 2556 913 ὦδε·
2600 860 2702 913 οὐκ
2727 859 2875 912 ἐστιν
2903 860 3038 913 ὅπου
3062 860 3309 929 νομίζετε
3327 876 3342 889 ·
3383 860 3480 913 οὐκ
3508 860 3658 914 ἔστιν
3679 861 3815 913 ὅπου
3842 876 3946 911 κατ-

2411 947 2608 1001 έκειτο.
2643 967 2663 999 ι
2687 947 2754 1002 Τί
2779 949 2976 1018 λέγεις,
3006 942 3053 1002 ὧ
3081 950 3278 1018 ἄγγελε
3299 966 3314 1014 ;
3333 951 3446 1003 Οὐκ
3475 950 3623 1004 ἐστιν
3643 944 3752 1005 ὧδε
3778 951 3808 1001 6
3831 950 3949 1018 ἠμέ-

2407 1055 2562 1110 τερος
2588 1039 2864 1110 Δεσπότης
2893 1041 2988 1093 καὶ
3016 1039 3251 1110 Κύριοςς
3291 1042 3390 1093 οὐκ
3413 1040 3526 1094 ἔστι
3554 1039 3664 1092 τῶν
3688 1039 3950 1108 ἡμετέρων

2405 1127 2656 1200 δακρύων
2695 1131 2730 1200 ὴ
2775 1129 3076 1200 πρόφασιςς
3127 1130 3317 1200 Μάτην
3355 1129 3512 1183 αὑτὸν
3547 1129 3949 1198 ἑπενθήσαμεη

2407 1221 2599 1291 Μάτην
2629 1219 2778 1290 αὐτῷ
2818 1222 3269 1292 προσηνέγκαμεν
3293 1222 3362 1274 τὰ
3386 1221 3532 1289 ξένια
3570 1220 3683 1273 τῶν
3727 1219 3948 1290 νεκρῶνς

2406 1310 2522 1363 Ούκ
2551 1309 2698 1364 ἐστιν
2723 1304 2860 1374 ὧδες
2896 1311 3216 1382 Μετέθηκαν
3252 1311 3412 1365 αὐτὸν
3442 1311 3603 1365 πάλιν
3621 1310 3884 1380 ἀλλαχόσε
3909 1311 3951 1362 οι

2406 1403 2661 1474 πονηροις
2697 1403 3027 1473 Ἑφθόνησαν
3054 1402 3201 1472 αὐτῷ
3224 1403 3318 1456 καὶ
3340 1401 3440 1472 τῆς
3461 1402 3662 1471 ταφῆς,
3690 1401 3743 1454 οι
3777 1400 3952 1470 φθονή-

2407 1511 2596 1558 σαντες
2635 1494 2734 1564 τῆς
2766 1493 2912 1565 ζωῆς
2943 1492 3144 1558 αὐτοῦς
3186 1493 3299 1547 Οὐκ
3327 1493 3472 1546 εστιν
3495 1486 3632 1558 (nos;
3678 1493 3840 1545 Ἀλλὰ
3867 1490 3953 1543 τού

2403 1586 2583 1653 tactv;
2626 1582 2745 1639 εἷπε
2773 1588 2927 1656 ἡμῖν,
2965 1585 3194 1655 δεόμεθά
3233 1603 3344 1648 σου,
3381 1585 3540 1655 ταχύ.
3589 1585 3802 1649 Στῆσον
3844 1599 3954 1652 τρε-

2407 1678 2613 1748 μούσας
2638 1679 2798 1747 ἡμῶν
2831 1679 2931 1742 τάς
2957 1679 3158 1748 ψυχάςο
3208 1678 3281 1748 μὴ
3307 1677 3384 1747 τῷ
3415 1676 3604 1730 πένθει
3634 1676 3834 1739 πένθος
3858 1679 3957 1728 sx:-

2409 1769 2578 1842 ϐάλῃς
2607 1769 2793 1840 ἕτερον
2810 1785 2825 1800 ·
2873 1769 3146 1834 ὑπόδειξον
3175 1771 3304 1841 ἡμῖν
3339 1769 3429 1822 τὸν
3453 1769 3619 1822 τόπον
3654 1768 3756 1821 τοῦ
3784 1768 3956 1836 ἐπιζη-

2341 1836 2382 1892 B
2409 1862 2670 1933 τουμὲνου
2697 1860 2911 1933 νεκροῦ,
2943 1861 3030 1914 ἴνα
3059 1861 3360 1932 δραμοῦσαι
3387 1861 3595 1930 ταχέως
3629 1861 3774 1922 ἐκεῖ,
3811 1860 3958 1912 κενῶ-

2403 1967 2586 2018 σωμεν
2621 1951 2720 2019 τὴν
2747 1950 2922 2020 λύπην
2950 1949 3038 2004 διὰ
3062 1950 3172 2004 τῶν
3195 1950 3484 2020 ὀφθαλμῶν

2472 2047 2528 2100 l'.
2587 2046 2700 2099 Καὶ
2731 2047 2761 2098 6
2791 2045 3018 2113 ἄγγελος
3040 2043 3177 2113 ἔφη·
3243 2063 3261 2094 ι
3309 2042 3570 2095 Βούλεσθε
3626 2041 3824 2111 μαθεῖν
3873 2040 3961 2093 ποῦ

2402 2140 2548 2189 ἐστιν
2576 2140 2606 2192 ὁ
2638 2137 2969 2207 ζητούμενος
3022 2136 3153 2206 παρ’
3202 2134 3377 2204 ὑμῶν.
3425 2135 3518 2187 καὶ
3570 2134 3693 2196 πῶς
3738 2132 3960 2196 ἀνέστης

2416 2229 2558 2297 Ἐγὼ
2581 2227 2911 2299 διηγήσομαι
2933 2244 2949 2261 ο
3006 2224 3096 2280 διὰ
3134 2224 3290 2279 τοῦτο
3319 2225 3428 2296 γὰρ
3469 2224 3795 2295 ἀπεστάλην
3844 2225 3964 2294 πρὸς

2402 2322 2545 2391 ὑμᾶς
2575 2320 2706 2390 παρ’
2733 2318 2898 2374 αὐτοῦ
2929 2317 3022 2373 τοῦ
3051 2320 3185 2390 παρ’
3216 2316 3368 2388 ὑμῶν
3390 2315 3733 2386 ζητουμένου
3758 2316 3963 2388 νεκροῦ,

2401 2411 2488 2464 ἵνα
2511 2410 2605 2465 καὶ
2628 2410 2726 2482 τὴν
2759 2409 3053 2464 ἀνάστασιν
3081 2407 3244 2464 αὐτοῦ
3277 2407 3492 2473 διδάξω,
3527 2407 3624 2461 καὶ
3653 2410 3759 2472 τὰς
3785 2411 3968 2479 ὑμετέο

2403 2519 2502 2573 ρας
2529 2501 2707 2573 ψυχὰς
2749 2500 3094 2573 θεραπεύσω,
3137 2501 3232 2554 καὶ
3258 2502 3329 2554 τὰ
3371 2502 3584 2572 δάκρυα
3632 2503 3849 2571 στήσω.
3884 2503 3969 2554 καὶ

2400 2597 2541 2666 πρὸς
2615 2594 2954 2667 εὐφροσύνην
3027 2596 3168 2665 ὑμᾶς
3243 2594 3432 2663 ὲπάρω
3499 2593 3583 2664 τῷ
3647 2595 3968 2664 διηγήματι.

2412 2689 2683 2757 Ἠγέρθη,
2710 2688 2906 2754 καθὼς
2928 2684 3117 2742 εἶπεν.
3151 2687 3443 2756 Ἥλήθευσε
3475 2689 3572 2739 καὶ
3601 2685 3704 2740 νῦν
3734 2687 3971 2755 συνήθως

2400 2781 2434 2849 ἡ
2476 2779 2718 2848 ἀλήθεια,
2767 2781 2863 2833 καὶ
2895 2779 3037 2848 ἅπερ
3071 2779 3179 2840 τοῖς
3224 2777 3399 2845 λόγοις
3447 2772 3591 2841 εἷπε,
3638 2775 3823 2828 ταῦτα
3870 2781 3974 2838 :o't;

2400 2871 2583 2940 ἔργοις
2617 2870 2956 2940 ἐπλήρωσεν.
2990 2868 3056 2922 'ﬂ
3084 2868 3347 2930 ἀθάνατος
3406 2867 3576 2920 αὑτοῦ
3603 2867 3804 2936 θεότης
3835 2867 3976 2937 Eur:-

2399 2979 2488 3015 νεν
2515 2961 2810 3025 ἀθάνατος’
2856 2960 2949 3014 καὶ
2990 2961 3049 3012 ἐν
3093 2959 3171 3029 τῷ
3221 2957 3397 3028 καιρῷ
3433 2958 3534 3026 τῆς
3581 2957 3855 3027 τελευτῆς
3885 2958 3975 3026 τῆς

2401 3051 2637 3124 σαρκὸς,
2675 3051 2738 3104 τὸ
2793 3050 2986 3121 θνητὸν
3034 3049 3200 3107 αὐτοῦ
3244 3050 3431 3119 σῶμα,
3477 3050 3592 3108 τοῖς
3639 3051 3976 3118 σωματικοᾱ

729 3127 808 3179 leo
844 3125 883 3156 "
932 3124 1113 3193 regie;
1156 3124 1368 3178 rediens
1389 3137 1538 3187 vero,
1572 3123 1837 3192 processit
1877 3123 2000 3178 inde
2033 3133 2096 3177 ut
2128 3122 2294 3178 Deum

2399 3140 2563 3194 αὑτοῦ
2606 3139 2924 3211 ὀφθαλμοῖς,
2964 3137 3058 3192 τοῦ
3107 3137 3336 3192 θανάτου
3385 3137 3476 3190 τὸν
3523 3135 3698 3188 ὕπνον
3740 3135 3976 3200 ἐδέξατο,

727 3218 902 3273 decet.
919 3214 1037 3270 Non
1067 3223 1438 3286 cognoverunt
1464 3212 1739 3278 custodes,
1767 3214 1887 3280 ejus
1907 3228 2068 3282 quem
2101 3224 2290 3268 custo-

727 3308 945 3364 diebant
970 3320 1284 3376 processum
1319 3324 1332 3360 :
1372 3304 1596 3359 minime
1624 3304 1894 3372 siquidem
1921 3303 2067 3374 digni
2094 3311 2255 3357 erant
2280 3342 2295 3366 ,

731 3408 790 3454 ut
818 3413 978 3469 quem
1026 3397 1449 3466 impugnabant,
1493 3404 1864 3466 resurgentem
1893 3396 2151 3450 viderent.
2179 3393 2300 3449 Non

727 3491 1127 3563 prohibuerunt
1151 3489 1426 3559 signacula
1458 3487 1637 3544 ferrea
1669 3488 1885 3543 Domini
1907 3489 2107 3541 exitum
2140 3505 2153 3542 :
2208 3503 2300 3540 ne-

731 3582 901 3655 quivit
923 3582 1231 3651 sepulcrum
1255 3581 1516 3650 impedire
1541 3579 1998 3633 resurrectionem
2041 3577 2299 3645 Omnipo-

735 3676 937 3730 teutis:
976 3689 1082 3727 non
1121 3671 1290 3726 valuit
1323 3686 1472 3726 mors
1507 3685 1632 3724 eum
1667 3671 1899 3735 vincire,
1937 3669 2030 3739 qui
2075 3669 2298 3722 minime

731 3767 967 3838 peccatis
1010 3766 1224 3820 vinctus
1268 3762 1482 3819 fuisset.
1523 3761 1668 3816 Loco
1694 3801 1710 3826 ,
1756 3762 1950 3816 nolens
1993 3770 2296 3832 tyrannus.

732 3860 861 3928 Regi
891 3859 1073 3914 cessit.
1107 3856 1358 3912 lnfernus
1389 3857 1504 3926 ipse
1531 3869 1735 3924 pavens
1759 3895 1774 3918 ,
1807 3863 2014 3908 terrore
2043 3851 2146 3907 fuit
2173 3868 2296 3908 cor-

731 3967 936 4022 reptus.
982 3949 1180 4005 Inferni
1210 3949 1498 4019 janitores,
1532 3946 1788 4017 projectis
1837 3945 2083 4000 clavibus
2121 3959 2184 4000 ac
2209 3946 2293 4014 ja-

730 4049 854 4099 nuis
877 4043 1076 4112 apertis
1101 4080 1116 4104 ,
1153 4040 1284 4093 nulli
1313 4039 1611 4109 quidquam
1648 4035 1767 4091 ausi
1803 4044 1931 4091 sunt
1961 4035 2140 4089 dicere
2161 4073 2176 4098 ,
2197 4050 2292 4090 eo-

727 4152 850 4191 rum
873 4136 965 4204 qui
1000 4133 1159 4188 simul
1191 4137 1628 4185 resurrexeruut.
1662 4126 1905 4181 Surrexit
1938 4127 2119 4196 igitur,
2157 4128 2294 4204 sicut

727 4229 886 4281 dixit.
914 4224 1197 4291 Quomodo
1229 4221 1380 4274 vobis
1412 4235 1624 4273 narrem
1665 4218 1908 4272 arcana?
1937 4216 2056 4283 Quo
2086 4233 2289 4286 pratcov

743 4319 836 4372 nio
860 4319 1148 4377 celebrem,
1177 4329 1296 4382 quae
1324 4325 1625 4366 sermonem
1654 4323 1867 4363 Omnem
1896 4317 2152 4377 superant
2171 4323 2294 4362 seu-

725 4408 992 4479 sumque?
1020 4407 1304 4472 Quomodo
1329 4402 1749 4458 resurrectionis
1781 4401 2078 4456 Dominica:
2107 4417 2291 4457 sacra-

2414 3229 2758 3285 Ἀγαπεσὼν
2778 3234 2889 3300 γὰρ
2914 3228 3202 3298 ἐκοιμήθη
3216 3228 3296 3294 ὡς
3322 3226 3476 3281 λέων
3503 3225 3833 3296 βασιλικῶς·
3854 3226 3980 3278 ἀνσ-

2399 3320 2621 3392 δραμῶν
2645 3318 2723 3386 δὲ,
2749 3319 3017 3390 προῆλθεν
3037 3317 3284 3372 ἐντεῦθεν
3309 3315 3653 3387 θεοπρεπῶς.
3677 3316 3802 3369 Οὐκ
3822 3313 3981 3382 ἔγνω-

2401 3432 2500 3468 σαν
2534 3417 2584 3467 οῐ
2611 3413 2847 3483 φύλακες
2870 3411 2966 3465 τοῦ
2995 3409 3395 3480 φρουρουμενον
3441 3406 3542 3477 τὴν
3587 3406 3826 3475 πρόοδον
3855 3423 3872 3437 ο
3922 3407 3979 3458 οὗ

2399 3507 2508 3576 γίἱρ
2533 3500 2673 3576 ⁴ἦσαν
2701 3502 2838 3567 ἄξιοι
2869 3503 2960 3556 τὸν
2985 3501 3075 3554 ὑπ’
3101 3499 3279 3554 αὐτῶν
3300 3495 3711 3566 πολεμούμενον
3741 3496 3980 3550 κατιδεῖν

2397 3596 2726 3651 ἀναστάντα.
2755 3593 2868 3647 Οὐκ
2897 3589 3167 3645 ἐκώλυσεν
3185 3593 3215 3644 6
3234 3590 3399 3657 τάφος
3421 3586 3516 3643 τοῦ
3554 3588 3979 3655 παντοδυνάμου

2395 3686 2494 3755 τὴν
2522 3686 2758 3756 ἔγερσιν.
2789 3685 2906 3737 υύκ
2931 3685 3116 3752 ἴσχυσε
3135 3680 3434 3750 καταδῆσαι
3463 3679 3555 3732 τὸν
3584 3679 3663 3750 μὴ
3692 3680 3981 3752 δεδεμένον

2397 3783 2517 3842 ταῖς
2566 3777 2860 3848 ἁμαρτίαις
2913 3777 2942 3828 6
2993 3775 3241 3836 θάνατος.
3290 3773 3697 3844 Παρεχώρησεν
3749 3776 3913 3828 ἄκων
3955 3779 3982 3828 ὁ

2396 3871 2654 3941 τύραννος
2683 3868 2763 3940 τῷ
2793 3867 3020 3938 βασιλεῖ.
3043 3866 3213 3928 Αὐτὸς
3241 3867 3271 3919 6
3293 3865 3424 3936 ᾅδης
3451 3864 3738 3929 δειλιάσας
3761 3868 3986 3934 ἐγένετο

2397 3965 2724 4033 σύντρομος·
2757 3963 2806 4015 οἱ
2840 3958 3083 4028 πυλωροὶ
3107 3958 3200 4012 τοῦ
3226 3957 3352 4030 ᾇδου
3389 3957 3488 4021 τάς
3514 3959 3667 4021 κλεῖς
3693 3960 3983 4030 ῥέψαντεῆ

2395 4054 2490 4109 καὶ
2517 4054 2611 4116 τὰς
2643 4051 2818 4115 πύλας
2847 4049 3293 4113 ἀνεπετάσαντες,
3331 4051 3433 4103 οὐκ
3467 4051 3789 4120 ἐτόλμησαν
3829 4054 3982 4106 οὐδὲν

2393 4133 2567 4201 εἰπεῖν
2583 4143 2762 4198 οὐδενὶ
2777 4143 2884 4195 τῶν
2914 4143 3358 4196 συναναστάντων
3376 4141 3546 4212 αὐτῷ,
3587 4143 3845 4212 Ἠγέρθη
3867 4141 3980 4206 οὖν,

2392 4239 2586 4303 καθὼς
2616 4232 2767 4290 εἷπε.
2817 4235 2943 4298 Πῶς
2988 4235 3115 4304 ὑμῖν
3144 4235 3470 4304 διηγήσομαι
3514 4235 3586 4287 τά
3629 4237 3980 4307 ἀπόῥρητας

2393 4329 2516 4393 Πῶς
2543 4326 2764 4399 κηρύξω
2788 4326 2858 4379 τά
2875 4325 3108 4378 νικῶντα
3135 4325 3309 4379 πάντα
3334 4323 3489 4393 λόγον
3510 4324 3764 4379 καινοῦν
3790 4345 3809 4389 ;
3862 4329 3985 4388 Πῶς

2393 4420 2714 4491 ἑρμηνεύσω
2741 4421 2840 4489 τῆς
2879 4417 3213 4487 Δεσποτικῆς
3259 4417 3606 4478 ἀναστάσεως
3656 4419 3727 4471 τὸ
3767 4425 3984 4490 μυστή-

728 4513 969 4558 mentum
999 4498 1302 4569 explicem?
1342 4496 1516 4551 Etiam
1553 4511 1686 4550 crux
1730 4505 2124 4549 sacramentum
2157 4504 2284 4561 est;

2400 4529 2548 4584 ptov;
2597 4510 2707 4566 Καὶ
2755 4512 2785 4564 6
2829 4509 3059 4579 σταυρὸς
3101 4509 3395 4580 μυστήριον
3421 4525 3436 4538 ·
3474 4508 3570 4560 καὶ
3602 4511 3633 4561 ὁ
3669 4512 3986 4581 τριήμεριοζ

727 4595 975 4650 triduana
1013 4604 1232 4661 Quoque
1269 4589 1388 4658 ejus
1427 4603 1576 4643 mors
1611 4597 2054 4653 sacramentum;
2107 4589 2286 4641 omnia

2399 4603 2559 4658 αὐτοῦ
2595 4603 2822 4665 θάνατος
2863 4603 3162 4671 μυστήριον
3183 4617 3197 4632 ο
3253 4599 3348 4654 καὶ
3380 4599 3558 4653 πάντα
3583 4599 3657 4653 τὰ
3701 4603 3859 4655 κατά
3899 4603 3986 4654 τὸν

724 4689 959 4756 denique
981 4683 1280 4753 Spectaltlia
1300 4681 1365 4734 ad
1396 4680 1754 4744 Salvatorem,
1773 4690 1901 4735 sunt
1927 4687 2286 4734 sacramenta.

2395 4691 2624 4760 Σωτῆρα
2678 4691 2974 4761 μυστήρια.
3007 4689 3214 4759 Ὠσπερ
3242 4689 3350 4759 γὰρ
3395 4688 3664 4759 ἐγεννήθη
3719 4691 3843 4743 τῶν
3891 4692 3988 4757 τῆς

723 4777 1188 4849 Quemadmodmn
1213 4774 1359 4827 enim
1398 4783 1556 4827 natus
1587 4782 1672 4827 est
1700 4773 1899 4827 clausis
1937 4773 2289 4842 virginalibus

2399 4781 2686 4852 παρθενίας
2717 4780 2896 4850 θυρῶν
2937 4780 3359 4848 κεκλεισμένων,
3405 4779 3577 4842 οὔτως
3627 4781 3850 4851 ἀνέστη
3898 4799 3988 4832 κε-

723 4871 1013 4938 claustris,
1064 4869 1134 4920 ita
1182 4875 1236 4921 et
1269 4865 1627 4920 resurrexerit
1657 4865 1843 4920 clauso
1886 4866 2178 4934 sepulcro:
2222 4879 2288 4920 ac

2399 4873 2713 4942 κλεισμένου
2746 4871 2841 4925 τοῦ
2876 4872 3049 4940 τάφου
3074 4888 3088 4901 ·
3145 4874 3238 4926 καὶ
3268 4870 3454 4941 ὥσπερ
3483 4862 3728 4938 ἐγένετο
3757 4874 3987 4943 πρωτό-

723 4973 862 5020 sicut
885 4959 1193 5030 unigenitus
1218 4956 1313 5012 Dei
1338 4955 1508 5012 Filius
1533 4999 1546 5020 ,
1578 4959 1970 5027 primogenitus
2001 4957 2176 5013 factus
2205 4971 2290 5014 est

2399 4981 2544 5027 τοκος
2592 4965 2657 5017 ἐκ
2704 4963 2906 5034 μητρὸς
2944 4963 3056 5032 (15)
3086 4964 3116 5016 6
3162 4963 3452 5034 μονογενὴς
3492 4962 3621 5025 Υἱὸς
3668 4963 3772 5018 τοῦ
3820 4964 3989 5021 Θεοῦ,

723 5074 790 5112 ει
820 5065 1013 5118 matre,
1048 5053 1117 5104 ita
1144 5064 1463 5118 resurgens,
1496 5049 1672 5105 factus
1691 5060 1772 5104 est
1799 5050 2190 5120 primogenitus
2217 5065 2286 5106 ex

2399 5054 2559 5116 >ὖτως
2616 5054 2832 5120 ἐγένετο
2888 5053 3231 5124 πρωτότοκος
3297 5053 3537 5114 ἀναστὰς
3601 5056 3676 5107 ὲκ
3738 5057 3987 5126 νεκρῶν.

725 5148 957 5204 mortuis
992 5141 1057 5194 η.
1091 5140 1244 5195 Sicut
1267 5156 1397 5210 ergo
1427 5150 1607 5204 natus,
1637 5141 2056 5211 haudquaquam
2095 5140 2286 5196 matris

2399 5146 2604 5216 Ὠσπερ
2633 5141 2726 5198 οὖν
2755 5145 2853 5197 οὐκ
2883 5144 3038 5199 ἔλυσε
3084 5144 3181 5214 τὴν
3209 5145 3500 5214 παρθενίαν
3543 5144 3650 5212 τῆς
3688 5147 3988 5216 ὶὶαρθέντε

723 5237 963 5308 Virginis
991 5233 1350 5304 virginitatem
1383 5233 1537 5289 solvit
1568 5252 1582 5299 ;
1619 5235 1690 5288 ita
1726 5250 1824 5289 nec
1853 5250 2142 5304 resurgens
2172 5235 2283 5289 sol-

2399 5235 2592 5304 μητρὺς
2619 5234 2918 5302 γεννηθεὶς,
2945 5233 3117 5297 οὕτως
3142 5234 3243 5286 οὐκ
3267 5233 3424 5286 ἔλυσε
3448 5234 3518 5286 τὰ
3550 5236 3873 5307 σήμαντρα
3899 5237 3990 5289 τοί

795 5395 842 5428 ¹³
872 5390 1030 5446 Prov.
1061 5405 1181 5453 vIu,
1215 5389 1300 5445 1⁵1.
1377 5391 1419 5420 ’⁵
1449 5387 1570 5441 Psal
1601 5403 1778 5451 chtv,
1805 5389 1900 5454 £8;
1939 5387 2129 5443 Matth.
2177 5405 2300 5443 xxvt

2412 5388 2464 5443 6.
2544 5390 2586 5421 ¹³
2625 5388 2760 5444 Gen.
2790 5404 2934 5451 xux,
2983 5388 3034 5442 9.
3115 5392 3156 5416 ’δ
3188 5387 3398 5444 Coloss.
3442 5404 3480 5448 t.
3521 5389 3607 5444 16.
3699 5391 3743 5423 ιτ
3776 5392 3991 5448 Matth.

722 5479 916 5529 1m",
947 5462 1000 5517 6.
1078 5463 1120 5493 ³⁸
1149 5463 1360 5516 Coloss.
1394 5475 1430 5524 ι,
1471 5460 1556 5512 16.

802 5579 920 5649 (12),
954 5576 1324 5649 Coufusjourm
1350 5576 1674 5649 proculcavit
1701 5593 1716 5627 :
1747 5575 2065 5649 πατήσαντα
2090 5575 2284 5649 αἰσχύ-

2399 5576 2615 5649 oninino
2667 5575 3013 5646 Unigenitus,
3041 5593 3107 5631 ex
3145 5591 3255 5646 quo
3283 5591 3388 5629 non
3423 5576 3601 5649 possit
3624 5581 3793 5632 nasci
3835 5580 3990 5633 alias

723 5644 848 5718 νην.
883 5648 1102 5718 ΑΡαυΙυε
1154 5647 1316 5702 llehr.
1382 5661 1478 5709 xu,
1526 5644 1579 5698 Ξ.
1622 5644 1880 5714 αἰσιύνης
1940 5648 2283 5715 καταφρονή-

2399 5646 2560 5700 Filius
2586 5663 2598 5698 :
2630 5644 2798 5718 secus
2833 5662 2899 5700 ex
2925 5659 3115 5718 matre,
3143 5644 3206 5700 ex
3232 5662 3340 5718 qua
3369 5644 3528 5701 nobis
3560 5647 3773 5718 similis
3809 5651 3989 5702 hum

728 5715 845 5779 σας.
881 5715 954 5772 In.
2387 5726 2545 5770 natus
2577 5726 2682 5770 est.
2723 5716 2800 5770 Ita
2826 5719 2982 5771 docte
3012 5717 3214 5777 Estius,
3262 5715 3452 5769 Matth.
3492 5732 3531 5779 ι,
3571 5715 3716 5772 Vide
3746 5720 3987 5774 Coloss.

795 5788 908 5859 (15)
946 5786 1327 5858 Primoyenitus
1378 5784 1549 5853 factus
1608 5800 1674 5838 ex
1747 5795 1933 5840 matre.
1980 5784 2056 5839 Ex
2121 5783 2280 5843 Patre
2384 5800 2427 5853 t,
2457 5787 2541 5852 15,
2574 5784 2660 5849 l0,
2686 5786 2741 5842 in
2770 5787 2927 5852 illud,
2961 5785 3350 5857 Primoyeuitus
3373 5789 3544 5841 omnia
3566 5801 3878 5845 creature.
3913 5794 3982 5842 Ir.
