4112 6416
196 525 303 597 1861
992 517 1272 578 ORATIO
1301 512 1398 583 IN.
1427 513 1819 576 MULIERES

1751 513 1819 573 ES
1860 512 2524 573 UNGUENTIFERAS.
3244 509 3375 577 1862

190 644 459 714 μνήματος,
485 636 741 698 ἀναστάς.
772 633 908 687 Οὔτε
943 628 1036 686 οὖν
1065 632 1157 684 τὸν
1179 631 1335 685 τόκον
1367 628 1532 682 αὑτοῦ
1559 626 1716 681 δύνα-
1744 633 1786 689 Α

1755 633 1786 689 ἡ
1818 625 1894 679 vit
1919 625 2196 694 signacula
2240 625 2492 694 sepulcri.
2556 621 2748 692 Neque
2805 625 2968 694 igitur
3006 632 3219 694 partum
3262 630 3379 695 ejus

191 751 276 803 μαι
315 733 445 801 λόγῳ
487 727 820 799 περιλαϐεῖν,
869 724 994 778 οὔτε
1044 724 1136 776 τὸν
1171 726 1235 776 ἐκ
1283 721 1378 775 τοῦ
1435 721 1715 791 μνήματος

1815 732 2064 771 sermone
2090 716 2376 786 complecti
2429 731 2652 786 possum
2681 757 2697 782 ,
2732 730 2908 786 neque
2953 733 3074 787 ejus
3120 731 3151 771 e
3192 732 3381 773 monu—

186 823 360 893 δρόμον
384 819 542 890 ίσχύω
565 817 908 872 καταλαϐεῖν.
943 814 1131 867 Βλέπω
1158 813 1246 865 τὸν
1274 812 1436 864 τόπον
1463 810 1562 878 τῆς
1587 810 1718 862 ἀνα-

1817 817 2001 862 mento
2027 809 2180 862 valeo
2227 809 2686 876 comprehendere
2725 824 2966 863 cursum.
2998 808 3167 864 Video
3200 824 3383 863 resur-

183 912 421 972 στάσεως,
469 909 563 961 καὶ
608 904 899 977 προσκυνῶ
925 906 1025 973 τὴν
1064 903 1359 956 ἀνάστασιν
1385 917 1398 931 ο
1452 900 1515 952 οὐ
1553 898 1717 951 πολυ-

1817 901 2077 955 rectionis
2108 901 2311 966 locum,
2340 915 2406 955 ac
2432 901 2600 956 adoro
2629 901 3113 967 resurrectionem;
3145 917 3253 956 non
3285 917 3385 956 cu-

183 1000 459 1074 πραγμονῶ
481 999 580 1070 τὴν
611 999 924 1052 ἀνάστασιν.
974 993 1270 1065 Προσκυνῶ
1297 993 1388 1046 τὸν
1429 991 1594 1045 τόπον
1620 989 1715 1043 τοῦ

1832 992 2036 1047 riosius
2101 993 2552 1047 resurrectionem
2611 993 2852 1062 exploro.
2899 991 3142 1047 Miraculi
3201 993 3382 1048 locum

179 1093 454 1164 θαύματος,
500 1092 550 1144 εί
593 1092 686 1144 καὶ
722 1089 798 1160 μὴ
835 1087 1238 1157 καταλαμϐάνω
1278 1085 1370 1138 τὸν
1397 1085 1597 1156 τρόπον
1622 1081 1717 1136 τοῦ

1816 1099 2043 1139 veneror
2064 1125 2079 1148 ,
2108 1098 2419 1154 quanquam
2442 1085 2520 1139 rei
2551 1095 2717 1155 gesta:
2746 1085 2965 1140 modum
3004 1100 3109 1138 non
3138 1099 3355 1154 compre

179 1187 497 1257 πράγματος.
537 1183 606 1234 Ἀ
633 1180 834 1252 βλέπω,
866 1178 1038 1232 ταῦτα
1064 1178 1159 1230 καὶ
1187 1177 1314 1244 ὑμῖν
1342 1173 1716 1243 ύποδείκνυμι.

1822 1176 2022 1230 bendo.
2058 1176 2188 1242 Qua:
2211 1177 2369 1231 video
2392 1217 2408 1242 ,
2447 1191 2512 1231 ea
2536 1190 2753 1246 quoque
2788 1176 2943 1232 vobis
2978 1189 3380 1232 commonstro:

175 1276 358 1339 Δεῦτε,
392 1272 545 1326 ἴδετε
570 1271 677 1325 τὸν
705 1270 890 1323 τόπον
915 1267 1067 1321 ὅπου
1111 1266 1299 1319 ἔκειτο
1341 1265 1573 1333 Κύριος.
1619 1261 1720 1317 Διά

1829 1267 2035 1335 Venite,
2085 1270 2248 1324 videte
2291 1269 2496 1335 locum,
2537 1270 2626 1323 ubi
2650 1271 2854 1339 positus
2883 1283 2998 1324 erat
3029 1270 3289 1325 Dominus
3315 1271 3378 1325 ".

179 1365 320 1420 τοῦτο
345 1364 450 1435 γάρ
477 1363 570 1416 τὸν
593 1361 740 1414 λίθον
764 1359 950 1414 τοῦτον
994 1357 1289 1428 μετέθηκα,
1325 1357 1422 1426 οὐχ
1455 1356 1543 1410 ῐνα
1566 1354 1720 1424 χαρί-

1819 1359 2107 1430 Propterea
2128 1360 2272 1414 enim
2305 1359 2512 1415 removi
2544 1361 2706 1415 istum
2739 1359 2972 1431 lapidem
2999 1401 3015 1426 ,
3067 1377 3172 1415 non
3201 1371 3261 1415 ut
3297 1359 3385 1430 ja-

171 1471 344 1524 σωμαι
371 1452 545 1522 πύλην
571 1451 751 1518 ἐξόδου
777 1449 854 1520 τῷ
886 1447 1058 1520 Ἰησοῦ
1077 1464 1092 1479 ⁸
1137 1447 1258 1500 οὐδὲ
1277 1446 1384 1516 γάρ
1419 1445 1597 1499 ἐδέετο
1621 1445 1718 1515 τῆς

1818 1466 1984 1506 nuam
2018 1451 2281 1522 aperirem
2310 1467 2418 1523 qua
2449 1451 2611 1507 Jesus
2634 1454 2842 1507 exiret:
2878 1467 2984 1506 non
3011 1453 3156 1506 enim
3194 1455 3387 1522 egebat

170 1544 304 1614 ἐμῆς
333 1541 580 1614 βοηθείας
617 1544 652 1612 η
689 1540 905 1595 πάντων
947 1538 1167 1610 βοήθεια
1191 1554 1206 1568 ο
1259 1537 1390 1607 πρὶν
1427 1535 1536 1606 γάρ
1584 1535 1722 1587 ἀπο·

1819 1557 1940 1597 meo
1969 1542 2175 1596 auxilio
2197 1583 2212 1608 ,
2253 1543 2342 1613 qui
2374 1551 2459 1597 est
2481 1543 2854 1597 universorum
2885 1543 3149 1597 auxilium
3180 1561 3194 1597 :
3235 1553 3386 1598 ante-

168 1635 374 1690 κυλίσαι
395 1635 487 1688 τὸν
505 1633 672 1696 λίθον,
694 1634 723 1685 δ
744 1631 1134 1702 ἀκρογωνιαϊος
1157 1628 1320 1694 λίθος,
1343 1629 1418 1691 ὠς
1437 1626 1718 1696 ἠθέλησεν,

1820 1650 1984 1704 quam
2007 1634 2151 1687 enim
2183 1635 2518 1690 revolverem
2552 1635 2784 1704 lapidem
2804 1675 2820 1700 ,
2852 1635 3119 1689 resilierat
3143 1634 3280 1705 lapis
3303 1635 3390 1690 ille

167 1728 528 1800 ἀνεπήδησεν·
565 1725 681 1780 ἀλλ’
710 1726 797 1779 ἴνα
835 1725 925 1778 τὸν
950 1723 1116 1778 τόπον
1155 1724 1312 1793 ὑμεῖς
1348 1721 1718 1793 καταμάθητε,

1820 1725 2279 1796 summangularis
2309 1743 2407 1795 pro
2440 1742 2536 1780 sua
2575 1728 2893 1794 voluntate;
2934 1729 3025 1782 sed
3063 1735 3122 1780 ut
3164 1742 3260 1781 vos
3291 1728 3390 1782 do-

163 1819 254 1872 καὶ
310 1819 402 1871 τὸν
451 1819 758 1872 ἀναστάντα
803 1817 1034 1886 Χριστὸν
1082 1815 1446 1884 άνυμνήσητε.
1521 1813 1718 1876 Δεῦτε,

1821 1818 2077 1872 ceremini
2103 1819 2311 1880 locum.
2336 1819 2622 1889 ipsumque
2646 1820 2738 1888 qui
2767 1819 3066 1874 resurrexit
3087 1819 3385 1880 Christum.

163 1909 313 1964 ιδετε
339 1912 528 1964 τόπον
547 1908 698 1964 ὅπου
729 1909 917 1963 ἔκειτο
951 1911 983 1961 ὀ
1005 1909 1238 1976 Κύριος.
1269 1907 1417 1970 Τέως
1447 1905 1538 1959 τὸν
1556 1907 1719 1959 τόπον
1749 1966 1787 1976 _

1765 1967 1787 1976 _
1821 1911 2069 1965 laudibus
2122 1911 2518 1965 celebraretis:
2589 1907 2804 1974 Venite,
2848 1911 3017 1963 videte
3067 1909 3243 1963 locum
3298 1909 3389 1962 ubi

160 2000 447 2064 θεάσασθε,
480 2002 576 2056 καὶ
625 2001 768 2053 κατά
820 2000 1013 2071 μικρὸν
1056 1966 1250 2068 δίιμεσθε
1281 1999 1375 2052 καὶ
1397 1966 1504 2050 *τοῦ
1549 1997 1714 2050 τόπου
1749 1966 1784 2021 Β

1767 1967 1790 2020 ³
1818 2004 2020 2070 positus
2047 2016 2161 2057 erat
2185 2002 2465 2056 Dominus.
2516 2000 2791 2058 Hactenus
2819 2003 3148 2057 contuemini
3186 2002 3391 2070 locum,

155 2091 247 2143 τὸν
289 2091 444 2156 ξένον
471 2091 701 2160 καρπόν.
738 2089 924 2154 Δεῦτε,
961 2089 1097 2143 ἴδετε
1141 2088 1232 2142 τὸν
1275 2089 1458 2153 τόπον,
1499 2091 1556 2142 ἐν
1601 2081 1647 2157 ᾧ
1686 2091 1715 2142 ὁ

1818 2095 1970 2149 brevi
2014 2109 2137 2165 pOSt
2179 2095 2343 2149 etiam
2376 2095 2575 2149 visura:
2623 2093 2727 2148 loci
2777 2093 3077 2147 mirabilem
3133 2092 3389 2152 fructum.

155 2181 401 2244 διάϐολος
435 2181 655 2246 ἐδέξατο
682 2180 901 2254 καιρίαν
942 2181 1038 2250 τὴν
1080 2180 1316 2250 πληγήν.
1363 2180 1548 2246 Δεῦτε,
1580 2181 1718 2234 ῐδετε

1819 2183 2031 2248 Venite,
2053 2185 2228 2239 videte
2264 2185 2441 2239 locum
2473 2184 2526 2238 in
2561 2199 2672 2255 quo
2702 2184 2953 2239 diabolus
3000 2183 3162 2240 letale
3193 2184 3390 2239 vulnus

151 2274 242 2328 τὸν
282 2275 476 2340 τόπον,
500 2275 560 2328 ὲν
597 2267 642 2342 ᾧ
680 2272 780 2344 τῆς
827 2273 1094 2344 ὑμετέρας
1134 2273 1478 2334 ἀναστάσεως
1505 2271 1718 2343 ἐγράφη

1822 2275 2048 2344 accepit.
2076 2271 2267 2328 Venite
2287 2315 2302 2339 ,
2333 2273 2509 2328 videte
2534 2272 2748 2336 locum,
2781 2275 2834 2326 in
2859 2287 2968 2342 quo
2992 2283 3183 2329 vestrae
3211 2288 3391 2328 resur-

153 2363 220 2417 τά
249 2361 517 2433 σύμϐολα.
550 2360 736 2427 Δεῦτε,
769 2361 908 2414 ῐδετε
935 2360 1024 2413 τὸν
1050 2361 1235 2424 τόπον,
1268 2363 1325 2414 ὲν
1363 2355 1408 2428 ᾧ
1440 2360 1722 2414 κατέκειτο

1828 2362 2084 2418 rectionis
2114 2363 2358 2432 symbola
2380 2362 2580 2432 scripta
2611 2371 2758 2417 sunt.
2772 2361 2981 2428 Venite,
3005 2363 3177 2418 videte
3191 2365 3389 2426 locum.

147 2452 519 2523 νεκρούμενος
543 2452 572 2504 ὁ
597 2450 844 2512 θάνατος.
874 2448 1059 2513 Δεῦτε,
1097 2449 1234 2503 ἴδετε
1261 2448 1352 2503 τὸν
1386 2449 1548 2503 τόπον
1587 2451 1646 2503 ἐν
1676 2444 1722 2518 ᾧ

1825 2455 1879 2508 in
1958 2467 2067 2523 quo
2148 2454 2463 2508 mortiﬁcata
2533 2452 2746 2518 iacebat
2812 2469 2980 2510 mors.
3043 2453 3263 2522 Venite,
3310 2457 3387 2511 νίς

149 2545 350 2616 παρεὶς
400 2546 431 2597 ὁ
459 2545 699 2614 ἄσπορος
747 2542 946 2606 κόκκος
992 2541 1084 2595 τοῦ
1131 2541 1402 2613 σώματος,
1458 2541 1724 2614 πολύχουν

1831 2547 1957 2602 dete
1983 2548 2186 2612 locum,
2213 2545 2267 2599 in
2295 2561 2404 2616 quo
2426 2559 2652 2616 granum
2677 2559 2786 2600 non
2810 2556 2988 2600 satum
3011 2547 3248 2602 solutum
3271 2563 3390 2603 cor~

145 2640 398 2707 ἄσταχυν
432 2635 733 2698 ἀθανασίας
764 2633 1084 2704 ἐϐλάστησε.
1123 2634 1308 2700 Δεῦτε,
1351 2635 1486 2688 ἴδετε
1520 2635 1614 2688 τὸν
1639 2634 1727 2688 τό-

1827 2651 1985 2707 pore,
2034 2651 2385 2692 numerosam
2426 2636 2852 2692 immortalitatis
2882 2639 3089 2708 spicam
3125 2641 3394 2710 germina-

148 2752 252 2789 πον
273 2773 290 2797 ,
339 2733 439 2788 τὸν
487 2731 691 2794 παντὸς
737 2729 1066 2801 παραδείσου
1105 2717 1488 2798 τερπνότερον.
1541 2725 1728 2789 Δεῦτε,

1829 2731 1926 2784 vit.
1963 2728 2170 2794 Venite,
2207 2728 2382 2785 videte
2405 2728 2582 2785 locum
2605 2771 2621 2795 ,
2651 2730 2903 2800 paradiso
2931 2731 3078 2785 omni
3104 2730 3397 2802 jucundio-

145 2828 290 2881 ἴδετε
314 2827 414 2880 τὸν
444 2825 630 2890 τόπον,
657 2823 749 2877 τὸν
772 2823 953 2891 πάσης
983 2820 1267 2892 βασιλικῆς
1295 2819 1566 2884 παστάδος
1591 2819 1730 2890 λαμ-

1835 2835 1972 2877 rem.
2017 2819 2248 2887 Venite,
2288 2821 2465 2877 videte
2508 2821 2719 2889 locum,
2746 2822 2913 2893 regali
2961 2825 3108 2879 omni
3160 2824 3395 2879 triclinio

145 2921 447 2990 πρότερον.
500 2917 681 2980 Δεῦτε,
731 2915 867 2969 ἴδετε
913 2914 1005 2967 τὸν
1040 2914 1210 2982 τάφον
1261 2911 1489 2982 ἀφώνως
1523 2911 1732 2982 βοῶντα

1833 2913 2276 2984 splendidiorem.
2315 2913 2544 2978 Venite,
2592 2913 2767 2968 videte
2796 2914 2973 2969 locum
3005 2956 3021 2980 ,
3070 2925 3218 2969 muta
3263 2931 3398 2972 voce

139 3012 238 3066 τοῦ
272 3011 551 3079 ταφέντος
581 3009 681 3079 τὴν
709 3006 954 3076 δύναμιν.
993 3004 1360 3075 Παρακύψατε
1397 3006 1477 3067 εἰς
1505 3005 1604 3074 τὴν
1637 3003 1733 3074 θή-

1832 3006 2152 3060 clamantem
2186 3004 2305 3075 ejus
2345 3005 2436 3075 qui
2471 3005 2714 3075 sepultus
2738 3003 2932 3070 luerat,
2959 3005 3228 3060 virtutem.
3257 3005 3397 3060 Pau-

141 3119 290 3172 κην,
349 3100 460 3172 τὴν
515 3097 812 3168 γενομένην
870 3095 1044 3166 πύλην
1091 3096 1188 3167 τῆς
1235 3093 1511 3166 ἀφθάρτου
1566 3093 1731 3164 ζωῆς.

1832 3091 1999 3160 lisper
2042 3095 2098 3145 in
2150 3093 2459 3161 sepulcrum
2509 3092 2754 3161 inspicite
2777 3131 2792 3155 ,
2819 3093 2964 3162 quod
2996 3094 3118 3147 vita:
3150 3093 3366 3148 incorru
3396 3129 3398 3131 -

135 3190 536 3263 Παρακύψατε
573 3190 654 3253 είς
701 3187 762 3242 τὺ
803 3186 1088 3257 σπήλαιον,
1138 3185 1230 3254 ἀφ’
1254 3179 1316 3239 οὗ
1347 3185 1482 3256 πρὸς
1507 3185 1735 3257 οὐρανὸν

1835 3183 2040 3254 ptibilis
2083 3193 2240 3254 porta
2289 3183 2490 3237 factum
2529 3192 2630 3237 est.
2679 3183 2957 3252 Paulisper
3004 3183 3058 3236 in
3087 3185 3398 3253 speluncam

139 3279 670 3353 μοτοικισθήσεσθε.
717 3278 968 3334 Παύσατε
995 3277 1122 3340 τοὺς
1149 3277 1485 3347 στεναγμοὺς
1547 3275 1644 3329 καὶ
1664 3275 1734 3328 τά
1759 3324 1763 3350 ⁴

1772 3305 1803 3365 ε
1835 3273 2121 3345 inspicite,
2165 3274 2306 3328 unde
2355 3272 2754 3329 transferemini
2821 3274 2875 3327 in
2921 3275 3172 3329 ctelestes
3216 3275 3396 3330 sedes.

128 3372 387 3444 δάκρυα.
421 3368 716 3424 Παύσασθε
747 3367 1004 3439 ζητοῦσαι
1029 3367 1120 3420 τὸν
1145 3364 1322 3430 ζῶντα
1347 3363 1485 3436 μετά
1502 3364 1730 3435 νεκρῶν.

1775 3363 1799 3365 ’ν
1835 3367 2155 3439 Temperate
2183 3367 2420 3438 gemitus
2445 3377 2608 3437 atque
2662 3367 2951 3438 lacrymas.
2997 3367 3072 3422 Ne
3111 3367 3222 3436 jam
3257 3369 3399 3423 ultra

134 3465 360 3534 Λέγετε
399 3463 550 3516 κατά
596 3459 692 3514 τοῦ
723 3461 952 3514 θανάτου
1003 3457 1358 3529 χορεύσουσαι
1384 3456 1400 3486 ⁵
1446 3454 1569 3509 Ποῦ
1597 3469 1731 3520 σου,

1836 3457 2161 3529 quaesieritis
2192 3459 2458 3512 viventem
2483 3471 2608 3511 cum
2645 3458 2873 3510 mortuis
2907 3475 2919 3510 :
2971 3456 3174 3521 Dicite,
3205 3457 3401 3524 gaudio

125 3554 396 3618 θάνατε,
421 3553 494 3606 τὸ
513 3551 764 3619 κέντρον
785 3565 804 3615 ς
833 3549 949 3604 ποῦ
969 3564 1108 3614 σου,
1138 3547 1276 3617 ἇδη,
1306 3547 1374 3602 τὸ
1399 3545 1602 3611 νῖκοςς
1627 3543 1737 3599 Καὶ

1837 3551 2092 3605 salientes
2121 3549 2386 3604 adversus
2441 3557 2697 3603 mortem.
2755 3546 2852 3602 Ubi
2876 3557 2970 3614 est,
2996 3563 3156 3613 mors,
3187 3547 3399 3601 aculeus

126 3646 296 3716 ταχὺ
345 3642 766 3713 πορευθεῖσαι,
812 3641 1017 3694 clerate
1057 3638 1183 3706 τοῖς
1210 3636 1500 3708 μαθηταῖς
1526 3635 1734 3702 αὑτοῦ,

1837 3642 2000 3694 tuus?
2041 3640 2129 3694 ubi
2171 3650 2286 3704 tua,
2342 3640 2564 3708 inferne,
2593 3641 2814 3696 victoria
2848 3640 2944 3694 ὀἳ
2983 3639 3051 3693 Et
3083 3642 3185 3693 cito
3221 3649 3399 3694 euntes

119 3737 223 3792 ὅτι
265 3735 538 3806 Ἠγέρθη
570 3733 688 3788 ἀπὸ
716 3730 833 3787 τῶν
861 3729 1121 3798 νεκρῶνο
1173 3730 1273 3784 καὶ
1328 3727 1457 3782 ἰδοὺ
1496 3725 1737 3796 προάγει

1836 3735 1990 3786 dicite
2023 3731 2302 3802 discipulis
2329 3732 2483 3800 ejus:
2520 3731 2662 3798 Quia
2685 3733 2916 3786 surrexit
2961 3747 2994 3784 α
3033 3731 3252 3785 mortuis
3299 3745 3317 3783 :
3349 3743 3399 3784 et

120 3825 303 3896 ὑμᾶς
347 3828 453 3890 εις
488 3824 603 3893 τὴν
653 3823 984 3879 Γαλιλαίαν
1007 3839 1021 3854 ·
1071 3821 1199 3876 ἐκεῖ
1251 3820 1438 3874 αὑτὸν
1472 3818 1730 3886 δψεσθε’

1835 3839 1947 3878 ecce
1972 3824 2224 3891 prlecedet
2254 3839 2340 3877 vos
2368 3824 2424 3875 in
2451 3820 2730 3877 Caliltettm
2766 3837 2784 3876 :
2825 3821 2896 3875 ibi
2944 3836 3062 3875 eum
3104 3819 3349 3874 videbitis
3375 3834 3395 3881 ,'

119 3919 272 3974 ἰδοὺ
319 3915 516 3974 εἷπον
551 3917 711 3986 ὑμῖν.
753 3917 946 3988 Ὁρᾶτε
986 3916 1062 3986 μὴ
1090 3913 1333 3986 κρύψητε
1364 3911 1426 3964 τδ
1456 3909 1641 3981 θαῦμα
1667 3911 1733 3982 τῇ

1837 3913 1972 3968 Ecce
2001 3915 2134 3968 dixit
2185 3915 2326 3968 vobis
2351 3915 2418 3967 “.
2464 3911 2652 3968 Videte
2696 3927 2764 3967 ne
2816 3911 3137 3966 miraculum
3183 3910 3398 3966 silentio

118 4013 330 4081 σιωπῇ
362 4025 379 4041 ο
437 4009 502 4061 οὐ
530 4008 639 4078 γάρ
667 4007 944 4062 ἀκίνδυνον
998 4006 1207 4069 δούλοις
1242 4001 1576 4058 δεσποτικῶν
1605 4000 1737 4055 θαυ-

1840 4006 2144 4062 occultatis.
2202 4004 2322 4060 Non
2369 4007 2514 4061 enim
2565 4006 2736 4061 servis
2769 4015 2922 4060 extra
2973 4006 3144 4059 aleam
3177 4015 3303 4069 cst,
3341 4015 3399 4058 ut

113 4103 338 4175 μάτων
377 4100 540 4170 σιγή.
577 4102 686 4155 Καὶ
712 4098 1066 4166 ἐξελθοῦσαι
1109 4097 1260 4166 ταχὺ
1298 4095 1417 4152 ἀπὸ
1453 4095 1558 4150 τοῦ
1580 4111 1733 4164 μνη-

1835 4099 2110 4154 Dominica
2151 4097 2395 4154 siluerint
2439 4097 2716 4152 miracula.
2773 4096 2842 4150 Et
2888 4098 2992 4150 cito
3041 4105 3283 4150 exeuntes
3333 4097 3396 4149 de

107 4195 312 4263 μείου
341 4192 514 4261 μετὰ
553 4191 742 4260 φόϐου
783 4192 884 4245 καὶ
916 4188 1103 4259 χαρᾶς
1149 4188 1433 4258 μεγάλης,
1479 4187 1731 4256 ἔδραμον

1835 4200 2166 4244 monumento
2192 4205 2313 4242 cum
2344 4190 2528 4242 timore
2569 4198 2620 4242 et
2657 4189 2851 4258 gaudio
2889 4203 3078 4258 magno
3117 4204 3396 4242 concurre—

109 4283 526 4353 ἀπαγγεῖλαι
548 4282 670 4348 τοῖς
686 4281 977 4351 μαθηταῖς
1001 4280 1207 4343 αὐτοῦ,
1239 4278 1329 4333 ὅτι
1375 4279 1592 4349 ἠγέρθη
1614 4276 1733 4333 ἀπὸ

1835 4292 1957 4335 runt
1991 4282 2238 4335 nuntiare
2270 4281 2544 4350 discipulis
2574 4281 2686 4351 ejus
2713 4321 2730 4348 ,
2776 4281 2900 4350 quia
2930 4282 3158 4335 surrexit
3191 4298 3223 4333 tt
3256 4298 3395 4334 mor-

105 4374 251 4428 τῶν
277 4371 560 4442 νεκρῶν.
584 4374 691 4426 Καὶ
722 4372 850 4426 ιδοὺ
880 4373 1122 4442 προάγει
1147 4370 1302 4442 ὑμᾶς
1319 4373 1406 4438 είς
1422 4371 1537 4439 τὴν
1554 4373 1729 4425 Γαλι-

1835 4375 1938 4426 tuis
1966 4374 2032 4427 ".
2078 4371 2148 4426 Et
2197 4389 2313 4426 ecce
2336 4370 2589 4440 pratcedet
2623 4388 2710 4426 vos
2745 4374 2797 4425 in
2830 4371 3139 4432 Gulilwum;
3179 4373 3252 4424 ibi
3280 4389 3396 4426 eum

101 4467 332 4520 λαίαν
362 4481 379 4494 ·
424 4463 556 4517 ὲιιεῖ
589 4464 774 4518 αὑτὸν
797 4464 1038 4532 ὄψεσθε.
1085 4462 1240 4517 Ἰδοὺ
1273 4460 1442 4517 εἶπεν
1466 4463 1657 4533 ὑμῖν.»

1085 4462 1240 4517 Ἰδοὺ
1273 4460 1442 4517 εἶπεν
1466 4463 1657 4533 ὑμῖν.»
1833 4463 2090 4518 videbitis.
2131 4462 2265 4517 Ecce
2289 4464 2424 4518 dixit
2453 4465 2614 4518 vobis.
2650 4484 2667 4516 ι

188 4557 322 4611 1Α’.
363 4555 598 4618 Ταύτας
625 4555 889 4622 γυναῖκας
925 4554 1060 4624 πρὸς
1082 4553 1280 4624 δρόμον
1311 4552 1563 4620 ὀξύτερον
1595 4568 1731 4622 προσ

1903 4552 1994 4608 XI.
2027 4552 2279 4609 Mulieres
2325 4555 2458 4608 istas
2489 4554 2557 4607 ad
2589 4556 2912 4609 velociorem
2945 4570 3164 4609 cursum
3198 4555 3397 4610 adhor-

96 4649 350 4720 τρέπου
401 4646 473 4698 τὸ
505 4645 726 4714 Πνεῦμα
753 4646 814 4698 τὸ
843 4645 1018 4712 ἅγιον,
1061 4644 1188 4697 ἐϐόα
1220 4645 1306 4697 διὰ
1333 4643 1426 4696 τοῦ
1455 4644 1720 4714 προφήτοι

1772 4646 1812 4702 D
1835 4655 1956 4700 tans
1985 4644 2218 4713 Spiritus
2244 4653 2482 4707 sanctus,
2515 4645 2784 4700 clamabat
2810 4661 2904 4714 per
2938 4647 3132 4701 Isaiam
3166 4650 3396 4716 prophe-

105 4741 427 4794 Ἠσαῖουο
465 4736 757 4801 Γυναῖκες
780 4737 1089 4806 ἐρχόμεναι
1110 4735 1225 4789 ἀπὸ
1258 4733 1416 4800 θέας,
1445 4733 1634 4787 δεῦτεε
1665 4735 1729 4786 οὐ

1837 4747 1948 4792 tam
1987 4756 1998 4791 :
2042 4735 2284 4790 Mulieres
2324 4738 2577 4792 venientes
2623 4756 2656 4791 α
2694 4739 3011 4807 spectaculo,
3061 4741 3263 4793 venite:
3294 4759 3398 4792 non

92 4833 232 4904 γὰρ
287 4830 474 4894 λαός
502 4829 674 4883 ἐστιν
701 4830 858 4898 ἔχων
883 4829 1156 4882 σύνεσιν.
1193 4828 1508 4898 Τρεχουσῶν
1537 4827 1594 4880 δὲ
1630 4827 1716 4880 τῶε

1837 4837 1913 4882 est
1934 4827 2067 4881 enim
2095 4829 2317 4896 populus
2341 4827 2539 4894 habens
2564 4829 2965 4899 intelligentiam
2989 4830 3054 4884 ".
3077 4830 3211 4884 Cum
3237 4848 3350 4900 por:
3367 4849 3398 4882 ιι

88 4922 502 4996 μυροτρόρων
560 4920 830 4988 γυναικῶν
872 4919 1020 4991 φόϐῳ
1062 4920 1157 4974 καὶ
1199 4918 1348 4988 πόθῳ
1399 4917 1600 4989 πολλῷ,
1647 4935 1712 4972 κα

1839 4918 2094 4973 mulieres
2123 4917 2510 4988 unguentilera:
2537 4919 2706 4974 multo
2743 4936 2866 4974 cum
2909 4923 3101 4975 timore
3143 4937 3207 4976 ac
3250 4924 3396 4978 desi-

89 5017 327 5087 φιλονε
341 5010 595 5065 ικουσῶν
622 5011 862 5080 ἀλλήλων
885 5011 1012 5081 περὶ
1031 5012 1129 5082 τὴν
1150 5011 1289 5065 κατά
1312 5010 1409 5080 τὴν
1433 5008 1713 5080 ὁδοιπορία

1838 5010 1988 5065 derio
2020 5021 2320 5076 currerent,
2355 5026 2420 5066 ac
2465 5011 2633 5067 altera
2672 5027 2864 5067 cursus
2895 5012 3177 5068 velocitate
3209 5015 3399 5084 praeire

74 5106 475 5177 ταχύτητα,
509 5102 603 5153 καὶ
632 5099 956 5172 Βουλομένης
1000 5102 1232 5171 ἑκάστης
1272 5100 1493 5171 πρώτης
1535 5099 1698 5168 φθάσε

1843 5100 1993 5154 alteri
2038 5102 2408 5165 contenderet,
2435 5101 2700 5172 velletque
2737 5103 2987 5172 quaelibet
3010 5104 3184 5172 prima
3216 5105 3397 5158 venire

75 5199 203 5253 καὶ
241 5193 518 5263 κομίσαι
550 5195 659 5255 τοῖς
695 5192 1008 5254 ἀποστόλοις
1061 5192 1120 5244 τὸ
1161 5190 1520 5260 ὲμπιστευθὲν
1550 5191 1699 5245 αύταῖ

1842 5206 1904 5245 ac
1934 5191 2172 5245 faustum
2205 5193 2455 5246 nuntium
2485 5194 2578 5264 qui
2607 5194 2844 5250 creditus
2877 5201 3044 5259 esset,
3078 5196 3144 5249 ad
3177 5205 3396 5263 aposto-

66 5287 512 5356 είαγγέλιον·
564 5284 758 5354 ἁθρόον
813 5281 1040 5346 ἐπιστάς
1098 5285 1285 5344 αὐταῖς
1336 5285 1364 5334 ὁ
1404 5281 1612 5353 Σωτὴρ,
1643 5283 1690 5333 ές

1844 5282 1924 5335 los
1957 5281 2234 5350 perferre;
2266 5298 2332 5336 en
2385 5283 2478 5336 tibi
2523 5284 2701 5338 subito
2763 5292 2947 5340 astans
2989 5283 3235 5339 Salvator
3283 5300 3399 5340 ser-

67 5379 476 5449 εσφρὰγισε
509 5375 632 5438 τοὺς
656 5375 844 5439 λόγους
876 5373 970 5425 τοῦ
1000 5373 1227 5441 ἀγγέλου
1261 5375 1328 5443 τῇ
1353 5373 1606 5441 σφραγίδι
1639 5373 1691 5424 τί

1844 5387 2031 5427 mones
2058 5375 2329 5444 angelicos
2367 5389 2479 5430 sua:
2513 5376 2679 5445 ipsius
2717 5375 2904 5430 forma:
2939 5377 3112 5445 sigillo
3142 5376 3398 5445 obsigna-

59 5475 223 5526 οὲκε
240 5470 363 5530 ἔας
399 5465 647 5536 μορφῆς·
672 5465 767 5520 καὶ
796 5464 895 5528 τὰς
919 5464 1092 5535 ψυχάς
1118 5464 1296 5516 αὐτῶν
1328 5463 1633 5534 ἐπτέρωσεν
1663 5481 1683 5516 ε

1843 5462 1917 5516 vit
1941 5479 1956 5528 ;
1987 5477 2049 5516 ac
2077 5478 2260 5518 earum
2284 5465 2480 5520 animis
2505 5467 2649 5520 velut
2671 5465 2877 5521 addidit
2903 5467 3038 5532 alas,
3066 5467 3250 5521 dicens
3280 5469 3391 5522 eis:

59 5562 231 5614 πὼν
304 5557 554 5620 αὐταῖς
591 5575 608 5608 ι
640 5557 898 5624 Χαίρετε.
939 5557 1001 5607 Ἢ
1052 5554 1373 5623 κατάκριτος
1439 5553 1548 5606 Εὕα
1601 5553 1683 5606 δεδ

1845 5573 1865 5606 ι
1897 5557 2137 5611 Aucte”.
2174 5558 2282 5614 Rea
2327 5558 2437 5614 Eva
2476 5561 2768 5631 justilicata
2810 5572 2892 5616 est
2929 5579 2944 5626 ;
2991 5572 3274 5616 revocatus
3315 5573 3398 5618 est

49 5672 153 5710 κει
166 5652 422 5705 ἰωταιο
449 5649 479 5700 ὁ
499 5647 770 5716 ὲξόριστος
801 5646 970 5718 Ἀδάμ
997 5645 1378 5716 ἀνακέκληται·
1401 5647 1434 5715 ὴ
1462 5645 1673 5714 άπόφαο

1785 5726 1790 5730 ν
1840 5650 1993 5704 exsul
2018 5649 2189 5707 Adam
2217 5671 2231 5720 ;
2262 5655 2437 5710 soluta
2475 5664 2557 5711 est
2603 5657 2912 5719 sententia;
2944 5656 3282 5726 proculcatus
3314 5664 3397 5709 est

164 5834 224 5863 ι’
271 5823 515 5898 Matth.
545 5837 736 5898 xxviii,
770 5824 822 5879 6.
897 5826 943 5857 ὀ
970 5825 1109 5880 Osee
1141 5837 1262 5888 xm,
1295 5821 1360 5876 l4
1394 5838 1408 5887 ;
1444 5821 1615 5898 lcor.
1644 5837 1732 5884 xv,
1759 5821 1788 5877 5

1767 5821 1848 5878 59.
1923 5827 1966 5858 ²¹
1997 5824 2184 5884 Matth.
2217 5831 2479 5898 xxvm,7.
2556 5833 2602 5864 "
2622 5830 2750 5888 ibid.
2774 5831 2826 5888 8.
2905 5832 2950 5863 "
2978 5830 3080 5887 lsa.
3114 5848 3279 5894 xxvii,
3309 5833 3391 5885 H.

48 5905 121 5935 ’δ
169 5897 452 5956 Matth.
487 5908 678 5956 xxvlu.
703 5894 757 5948 9.
1557 5891 1568 5905 ‘
2395 5891 2405 5898 '
2800 5925 2806 5934 .
