4112 6416
180 459 297 524 1869

1115 459 1212 520 DE
1252 459 1626 520 BAPTISMO
1651 460 1962 523 CHRISTI
2016 464 2273 527 SERMO
2300 467 2327 527 Ι
2334 514 2348 528 .

3235 474 3371 541 18Ἱο

176 572 362 623 Patrem
407 563 455 620 in
500 576 551 621 te
594 564 779 629 babes,
814 573 868 621 et
898 574 1046 624 totus
1073 568 1289 623 exsistis
1327 568 1381 623 in
1428 569 1610 624 Patre.
1646 569 1701 625 lu
1732 580 1770 632 Α
1806 570 2111 642 Legislator
2140 591 2286 642 sum,
2314 588 2369 635 et
2414 578 2761 649 Legislatoris
2798 581 2994 648 Filius,
3047 593 3104 640 et
3160 597 3377 657 oportet

171 658 317 713 Filii?
348 658 435 713 sed
477 674 582 713 non
614 667 699 713 cst
728 656 869 712 alius
898 668 1091 728 praeter
1116 668 1169 715 te
1216 660 1483 716 naturalis
1528 660 1702 715 Filius

172 748 276 804 Dei.
307 748 359 803 lu
386 748 616 818 Spiritus
641 749 855 803 sancti?
884 751 977 804 sed
1002 758 1184 804 tecum
1207 757 1292 805 est
1317 765 1531 820 semper
1557 752 1702 807 sicut

166 839 615 895 consubstantialis
660 853 756 894 seu
791 841 1159 911 omnipotens,
1206 842 1371 896 simul
1419 852 1473 897 et
1523 852 1701 897 tecum

167 931 372 999 suscipit
410 931 652 985 omnium
682 931 978 987 orationes.
1022 930 1239 1001 Baptiza
1278 931 1391 1001 jam
1430 948 1536 998 me,
1568 934 1614 989 si
1645 942 1703 987 tu

163 1021 254 1085 vis,
285 1021 519 1088 Domine,
547 1022 760 1092 baptiza
793 1023 1376 1092 baptistain,regenera
1407 1037 1568 1092 quem
1602 1040 1703 1077 na-

161 1112 230 1164 sci
262 1109 446 1175 fecisti,
474 1112 652 1165 exime
681 1113 974 1166 terribilem
1007 1122 1154 1165 tuam
1198 1112 1499 1177 dexteram,
1542 1128 1703 1181 quam

158 1213 208 1254 tu
239 1202 438 1256 tibimet
463 1202 755 1271 perfecisti,
787 1215 840 1257 et
868 1218 1069 1258 corona
1096 1203 1290 1272 palmis
1314 1218 1497 1259 meum
1520 1217 1704 1277 caput,

159 1302 212 1346 ut
234 1306 352 1348 ante
382 1304 527 1347 tuum
553 1310 781 1350 currens
811 1310 1060 1364 regnum,
1087 1295 1226 1350 sicut
1248 1310 1553 1365 prtecursor
1577 1299 1707 1353 solis

154 1399 202 1441 te
226 1390 577 1458 evangelizem
607 1392 1008 1459 peccatoribus,
1039 1389 1283 1446 clamans
1313 1392 1394 1447 eis
1423 1400 1479 1445 et
1498 1391 1704 1449 dicens:

154 1479 276 1533 Ecce
296 1482 466 1549 Agnus
482 1482 596 1546 Dei,
623 1499 737 1536 ecce
754 1483 845 1551 qui
870 1484 1010 1535 tollit
1041 1494 1253 1551 peccata
1286 1482 1467 1535 mundi
1487 1483 1554 1537 '°.
1587 1483 1709 1538 Jor-

1805 678 1889 718 me
1912 665 2147 734 primum
2175 671 2423 724 omnium
2455 685 2552 741 per
2576 673 3025 729 constitutionem
3070 677 3275 744 venire,
3321 689 3379 733 et

1803 764 1932 810 tunc
1989 773 2304 828 praeponere
2356 763 2440 818 eis
2492 780 2635 819 onus
2682 768 2957 837 praecepti.
3013 765 3240 837 Oportet
3290 785 3379 825 me

1801 847 2097 916 adimplere
2127 851 2316 919 legem,
2349 864 2405 909 et
2426 863 2558 909 tunc
2585 854 2791 910 donare
2838 857 3092 927 gratiam.
3152 858 3381 929 Oportet

1803 956 1882 994 me
1922 946 2129 998 umbrae
2161 942 2454 1013 imaginem
2489 946 2771 1016 repellere,
2801 956 2857 1002 et
2903 960 3033 1004 tunc
3057 947 3255 1005 oﬂ'erre
3282 964 3380 1006 ve-

1805 1033 2041 1090 ritatem.
2065 1034 2293 1105 Oportet
2331 1051 2417 1091 me
2453 1036 2635 1093 facere
2664 1040 3007 1108 requiescere
3033 1038 3205 1097 Vetus
3265 1040 3381 1097 Te-

1803 1134 2157 1192 stamentum,
2187 1135 2244 1181 et
2278 1135 2408 1182 tunc
2435 1127 2647 1185 Novum
2671 1129 2900 1195 dictare,
2926 1141 2983 1186 et
3014 1132 3068 1186 in
3097 1132 3382 1188 hominum

1805 1216 2063 1273 cordibus
2092 1217 2336 1273 scribere
2363 1218 2527 1273 etiam
2555 1232 2679 1274 meo
2725 1220 3012 1290 sanguine,
3069 1228 3125 1276 et
3165 1222 3384 1292 signare

1809 1306 2034 1376 Spiritu.
2066 1307 2293 1376 Oportet
2318 1321 2407 1362 me
2430 1308 2483 1361 in
2514 1323 2731 1365 crucem
2767 1313 3084 1378 ascendere,
3122 1321 3180 1366 et
3216 1313 3385 1369 clavis

1806 1396 2025 1467 conligi,
2064 1407 2117 1452 et
2136 1398 2271 1467 pati,
2300 1407 2355 1452 et
2383 1396 2607 1454 vulnera
2656 1413 2876 1461 sanare,
2924 1410 2977 1455 et
3035 1416 3132 1472 per
3174 1401 3385 1470 lignum

1805 1504 1989 1543 emere
2009 1504 2152 1554 eam,
2176 1505 2299 1558 quae
2336 1503 2432 1557 per
2469 1489 2599 1559 ligni
2644 1493 3143 1561 transgressionem
3205 1493 3386 1549 homi-

148 1574 297 1626 danis
324 1573 516 1627 ﬂuvius
543 1574 808 1629 comitare
848 1591 1085 1638 meeum,
1116 1585 1170 1630 et
1213 1576 1377 1629 simul
1412 1578 1625 1630 exsulta
1656 1589 1711 1631 et
1809 1583 1973 1635 nibus
1998 1581 2138 1637 facta
2167 1592 2271 1648 est,
2298 1582 2533 1652 plagam.
2563 1580 2790 1651 Oportet
2828 1598 2915 1638 me
2953 1584 3283 1641 descendere
3317 1587 3373 1641 in

146 1683 423 1723 commove
471 1669 760 1739 vigilanter
793 1671 1085 1739 vertigines
1113 1671 1571 1739 quemadmodum
1612 1687 1707 1726 ex-

142 1759 491 1816 sultationes:
521 1772 648 1816 tuus
677 1763 818 1816 enim
854 1762 1033 1832 opilex
1062 1762 1282 1817 assistet
1315 1763 1412 1817 tibi
1435 1778 1558 1817 cum
1584 1778 1707 1817 cor-

141 1867 285 1920 pore.
336 1854 525 1908 Vidisti
577 1855 739 1909 lsrael
773 1870 870 1923 per
917 1863 969 1907 te
1016 1864 1385 1908 transeuntem
1424 1866 1477 1909 et
1520 1853 1708 1926 [αἱ]νί-

138 1947 350 2001 dentem
397 1958 516 2004 tuas
560 1965 755 2015 aquas,
800 1958 854 2003 et
901 1947 1101 2004 stetisti
1156 1950 1339 2018 populi
1387 1959 1706 2019 exspectans

135 2040 421 2093 transitum
447 2059 460 2094 :
498 2056 643 2093 num:
678 2050 859 2094 autem
889 2040 1167 2094 elIundere
1200 2040 1433 2095 validius
1457 2050 1511 2095 et
1540 2040 1707 2096 ﬂuere

133 2137 185 2181 et
210 2132 609 2200 circumsepere
636 2131 1001 2186 immaculatis
1030 2131 1288 2187 membris
1316 2133 1456 2201 ejus.
1488 2134 1553 2186 Et
1577 2142 1707 2188 tunc

131 2223 392 2279 llebrzrus
434 2226 824 2281 transfretavit.
859 2224 1069 2280 Montes
1108 2235 1162 2279 et
1200 2227 1387 2291 colles,
1432 2226 1707 2297 vallesque

128 2325 182 2367 et
210 2325 499 2381 torrentes,
529 2333 680 2373 mare
709 2327 764 2373 et
788 2317 1034 2380 ﬂumina,
1056 2316 1355 2373 benedicite
1384 2318 1702 2383 Dominum,

122 2410 216 2475 qui
251 2410 502 2463 ascendit
534 2409 757 2464 ﬂuvium
786 2427 801 2464 :
852 2410 968 2479 ipse
996 2410 1141 2463 enim
1188 2408 1362 2465 llerus
1396 2410 1573 2465 laticis
1606 2425 1701 2465 su-

122 2503 394 2569 permittit
428 2503 768 2557 sanctitatem
805 2502 891 2558 bis
922 2503 1101 2572 aquis.

188 2596 244 2649 5.
288 2593 627 2663 Respondens
664 2594 820 2648 Jesns
852 2594 990 2647 dixit
1022 2594 1091 2647 ad
1137 2610 1257 2647 eum
1283 2609 1303 2648 :
1352 2593 1479 2648 Siue
1525 2594 1699 2662 modo,

116 2686 195 2738 sic
233 2688 381 2739 enim
428 2698 626 2753 oportet
666 2704 761 2741 nos
812 2687 1026 2756 implere
1074 2703 1278 2740 onmem
1325 2687 1599 2757 justitiam
1634 2688 1699 2743 ⁸¹.

114 2777 251 2830 Sine
290 2779 495 2841 modo;
540 2778 801 2841 concede,
840 2777 1102 2846 Baptista,
1139 2779 1396 2845 temporis
1424 2794 1559 2833 mete
1588 2779 1699 2833 dis-

114 2868 466 2934 pensationis
492 2867 792 2921 silentium.
824 2868 981 2922 Disce
1009 2868 1061 2921 id
1087 2869 1232 2936 quod
1257 2883 1358 2937 ego
1380 2869 1522 2933 volo,
1551 2870 1703 2924 disce

104 2958 503 3026 obtemperare
529 2959 594 3012 ad
621 2974 685 3012 ea
710 2974 832 3028 qua:
854 2972 1037 3027 cogor,
1065 2967 1118 3012 et
1145 2973 1249 3011 non
1280 2958 1554 3028 inquirere
1581 2974 1703 3027 quae

104 3061 212 3115 ego
258 3049 471 3119 cogito.
527 3048 657 3103 Sine
706 3049 890 3114 modo,
940 3049 1179 3103 nondum
1216 3064 1390 3104 meam
1442 3051 1701 3119 praadices

102 3136 416 3200 Deitatent,
454 3139 692 3193 nondum
724 3138 980 3192 decantes
1016 3138 1173 3192 labiis
1213 3154 1394 3192 meum
1446 3155 1698 3210 regnum,

1809 1673 1989 1741 ipsqu
2028 1671 2355 1741 profundum
2388 1672 2610 1737 inferni,
2646 1674 2737 1729 ubi
2776 1682 2834 1729 tu
2863 1674 3031 1730 debes
3060 1690 3146 1730 me
3171 1690 3388 1732 annuu-

1808 1765 1944 1819 tiare
1961 1772 2183 1835 propter
2206 1779 2300 1820 eos
2328 1766 2417 1835 qui
2444 1765 2643 1820 ibidem
2676 1774 2927 1821 tenentur
2958 1770 3179 1823 mortui.
3212 1770 3391 1841 Opor-

1810 1864 1887 1911 tet
1910 1869 1996 1909 me
2054 1855 2217 1909 tertia
2244 1856 2332 1910 die
2357 1856 2711 1911 deiunctione
2738 1858 2922 1913 carnis
2952 1874 3085 1914 mea:
3105 1859 3389 1917 destruere

1807 1946 2065 2015 longaevae
2110 1949 2305 2002 mortis
2347 1947 2679 2017 potentiam.
2733 1946 2965 2018 Oportet
3010 1966 3097 2005 me
3138 1954 3391 2022 corporis

1808 2040 1915 2095 mei
1946 2039 2225 2094 lucernam
2257 2039 2555 2094 accendere
2584 2039 2674 2095 his
2711 2041 2809 2110 qui
2840 2041 2895 2096 in
2920 2045 3159 2100 tenebris
3187 2056 3242 2100 ct
3266 2062 3394 2102 um-

1807 2128 1905 2183 bra
1923 2129 2118 2184 mortis
2140 2128 2422 2185 sedent”.
2470 2129 2696 2200 Oportet
2748 2146 2837 2187 me
2884 2135 3181 2190 ascendere
3224 2151 3393 2192 carne

1807 2221 1900 2275 ubi
1926 2235 2049 2277 sum
2077 2220 2306 2276 Deitate.
2334 2219 2558 2290 Oportet
2581 2236 2668 2276 me
2687 2219 2882 2278 oli‘erre
2906 2223 3055 2280 Patri
3074 2224 3187 2297 (εξ)
3212 2227 3386 2282 Adam

1807 2313 1862 2367 in
1896 2328 1981 2368 me
2004 2321 2341 2384 regnantem.
2386 2312 2613 2383 Oportet
2636 2328 2723 2367 me
2753 2313 2868 2369 haec
2898 2317 3082 2371 omnia
3106 2318 3390 2388 perficere,

1805 2421 1905 2475 pro
1936 2406 2037 2459 hoc
2059 2405 2202 2460 enim
2248 2405 2386 2459 meis
2435 2404 2583 2458 astiti
2636 2404 2884 2460 iacturis.
2918 2404 3142 2477 Oportet
3170 2424 3259 2463 mc
3302 2412 3397 2464 ha-

1803 2495 1994 2565 ptizari
2024 2509 2169 2550 nunc
2192 2495 2293 2549 hoc
2324 2495 2616 2565 baptismo.
2639 2505 2693 2550 et
2726 2497 3073 2566 postmodum
3100 2514 3225 2555 cum
3259 2516 3394 2555 con-

1804 2588 2168 2644 substantiale
2196 2585 2463 2641 'l‘rinitate
2497 2586 2827 2655 baptismum
2879 2591 3137 2648 omnibus
3184 2592 3393 2649 donare

1806 2677 2142 2733 hominibus.
2178 2676 2385 2732 Fenera
2425 2677 2491 2731 ad
2540 2688 2861 2747 praesentem
2910 2690 3060 2736 tuam
3112 2683 3392 2739 dexteram

1803 2770 2286 2840 dispensationem,
2326 2770 2470 2824 sicut
2503 2770 2637 2824 mihi
2674 2773 2948 2827 mutuavit
3005 2773 3074 2829 ad
3125 2775 3389 2831 nativita-

1806 2872 1913 2917 tem
1945 2864 2165 2917 vulvam
2192 2869 2389 2915 mater.
2427 2859 2693 2930 Demerge
2723 2878 2810 2916 me
2834 2861 3146 2920 Jordanicis
3175 2866 3394 2923 ﬂuentis

1803 2953 1911 3013 bis,
1960 2950 2420 3021 quemadmodum
2480 2964 2604 3019 quae
2659 2965 2744 3005 me
2803 2952 2990 3021 genuit
3041 2954 3388 3014 infantilibus

1803 3042 2032 3096 involvit
2063 3042 2243 3111 panis.
2277 3040 2351 3095 Da
2386 3039 2520 3094 mihi
2544 3040 2901 3110 baptismum,
2922 3043 3247 3115 sicutVirgo
3276 3048 3385 3104 lac.

1801 3132 1950 3187 Tene
1982 3146 2166 3185 meum
2196 3138 2382 3201 caput,
2427 3145 2593 3199 quem
2657 3131 2849 3186 colunt
2898 3131 3188 3203 Seraphim
3226 3153 3239 3190 :
3271 3146 3395 3191 tene

101 3241 167 3283 ιιι
202 3248 322 3284 non
356 3232 601 3286 sentiens
635 3240 901 3301 tyrannus
934 3230 1192 3300 eﬂ‘ugiat;
1225 3231 1320 3286 sed
1362 3247 1574 3287 mecum
1605 3248 1702 3288 cu-
1730 3230 1776 3290 C
1807 3224 1977 3295 digito
2003 3210 2119 3293 (33)
2146 3222 2385 3277 lienem
2434 3229 2541 3277 ῑυπ
2571 3241 2587 3277 ε
2630 3231 2757 3278 “me
2815 3238 2941 3278 eum
3001 3225 3097 3296 (ιυὶ
3152 3228 3395 3286 retinere

93 3324 181 3391 pit
208 3322 571 3377 committere
599 3323 820 3376 bellum.
846 3323 1075 3377 Dimitte
1118 3323 1397 3377 diabolum
1447 3326 1513 3378 ad
1560 3340 1699 3395 pra}—

92 3429 233 3469 scns
270 3414 414 3467 mihi
461 3413 614 3468 adire
640 3424 696 3467 et
746 3413 951 3467 bellare
982 3423 1038 3467 et
1066 3416 1312 3484 accipere
1364 3415 1694 3471 lenissima:

88 3504 360 3572 plagam.
404 3502 623 3557 Dimitte
657 3503 880 3571 implere
907 3504 1197 3567 intentum,
1227 3519 1324 3574 pro
1353 3521 1462 3575 quo
1503 3509 1695 3563 adveni

88 3609 277 3663 super
316 3601 547 3646 terram.
594 3592 910 3663 Mysterium
942 3596 1045 3648 hoc
1077 3596 1222 3663 quod
1266 3595 1427 3650 hodie
1474 3596 1527 3651 in
1570 3596 1694 3652 Jor-

80 3687 241 3741 dane
261 3685 467 3739 ﬁnitur
486 3683 620 3753 (t8),
653 3695 921 3740 secretum
952 3685 1086 3739 mihi
1127 3696 1183 3740 et
1212 3686 1349 3743 meis
1376 3690 1693 3759 mysterium

76 3786 176 3834 est
206 3795 225 3834 :
274 3791 399 3834 non
430 3790 611 3831 meum
656 3789 795 3845 opus
825 3775 1150 3846 adimplens,
1203 3778 1298 3832 sed
1349 3780 1693 3836 sanationem

78 3869 419 3925 vulneratis
443 3867 725 3924 adhibens.
760 3866 1074 3938 Mysterium
1101 3869 1284 3939 magni
1318 3871 1561 3941 mysterii
1588 3873 1691 3927 mei

72 3962 312 4017 lavacri
353 3974 654 4030 przecursor
706 3967 761 4013 et
799 3959 1103 4029 auspicium
1126 3968 1211 4016 est
1245 3962 1582 4032 mysterium.
1633 3962 1690 4018 In

71 4054 177 4109 his
207 4052 393 4122 aquis
423 4049 768 4120 perscribens
792 4050 1077 4105 hominum
1110 4052 1549 4122 regenerationes
1577 4068 1692 4109 cte-

67 4143 248 4198 !estis
288 4140 499 4194 laticis.
537 4138 668 4193 Sine
712 4138 896 4194 modo.
939 4137 1171 4204 Quando
1214 4154 1304 4194 me
1339 4141 1539 4197 videris
1581 4141 1693 4198 Deo

70 4228 416 4285 ,lecibiliter
434 4226 546 4296 (i9)
561 4226 617 4279 in
639 4226 776 4280 meis
794 4224 1018 4281 iacturis
1042 4226 1187 4295 quod
1210 4226 1340 4281 mihi
1364 4227 1537 4297 placet
1560 4243 1693 4300 ope-

69 4331 321 4377 rantem
360 4356 378 4386 ,
454 4328 583 4373 tunc
629 4318 684 4372 in
741 4317 969 4374 iacturis
1028 4318 1261 4390 hymnos
1313 4324 1686 4392 compagina:

71 4418 328 4488 'uando
361 4430 449 4469 mc
491 4414 696 4469 videris
729 4416 973 4483 leprosos
1015 4414 1392 4483 mundantem,
1444 4427 1574 4472 tunc
1605 4435 1693 4475 me

1800 3315 2054 3387 permisit
2085 3333 2100 3371 :
2131 3324 2254 3371 tene
2272 3329 2399 3370 eum
2422 3313 2517 3385 qui
2538 3328 2637 3386 pro
2673 3314 2989 3385 huiusmodi
3051 3318 3167 3390 (24)
3214 3320 3395 3380 factus

1796 3413 1899 3471 est,
1939 3413 1996 3460 et
2030 3403 2197 3459 habet
2240 3401 2505 3472 Spiritum
2543 3422 2557 3458 :
2602 3412 2728 3460 tene
2757 3419 2938 3459 meum
2990 3417 3176 3478 caput,
3226 3425 3393 3480 quem

1798 3497 1845 3551 si
1878 3496 2002 3566 quis
2031 3496 2120 3565 pie
2150 3495 2408 3558 tenuerit,
2452 3510 2731 3565 nunquam
2767 3499 2974 3568 patitur
3021 3501 3392 3573 naufragium.

1797 3587 2017 3657 Baptiza
2042 3600 2149 3652 me,
2175 3587 2269 3657 qui
2304 3585 2520 3642 iuturus
2548 3602 2670 3644 sum
2703 3587 2819 3658 (25)
2849 3589 3128 3659 baptizare
3158 3594 3390 3650 creden-

1797 3687 1879 3733 tes
1909 3679 1963 3732 in
1995 3693 2137 3748 aqua
2164 3687 2219 3732 et
2241 3676 2446 3747 Spiritu
2469 3686 2526 3733 et
2548 3678 2658 3749 igni
2683 3695 2699 3745 ;
2741 3695 2883 3749 aqua
2913 3681 3129 3738 valente
3156 3699 3390 3754 purgare

1795 3778 2143 3838 peccatorum
2174 3767 2390 3835 sordes,
2420 3767 2635 3838 Spiritu
2664 3770 2878 3825 valente
2904 3779 3154 3829 terrenos
3208 3775 3391 3831 θαιρο-

1795 3877 1854 3916 re
1886 3860 1998 3931 (26)
2024 3860 2315 3931 spiritales,
2362 3860 2472 3931 igni
2521 3860 2812 3919 incendere
2852 3862 3158 3936 iniquitatis
3194 3867 3391 3925 rham-

1793 3967 1894 4010 nos
1909 3953 2045 4025 (27).

1865 4135 1921 4190 4.
1952 4131 2109 4189 Hunc
2160 4133 2391 4190 audiens
2455 4133 2700 4206 Baptista
2749 4150 3084 4204 sermonem,
3131 4139 3385 4209 pra-hens

1797 4236 2035 4282 mentem
2064 4234 2117 4281 et
2148 4239 2352 4282 cavens
2370 4224 2484 4297 (28)
2505 4226 2825 4299 mysterium
2856 4230 3001 4300 quod
3027 4231 3257 4301 accepit,
3286 4233 3391 4288 mi-

1797 4317 2253 4375 nistravitdivino
2287 4326 2577 4388 praecepto.
2614 4316 2748 4374 Erat
2775 4320 2924 4376 enim
2971 4320 3267 4393 religiosus
3306 4324 3384 4379 si-

1799 4413 1914 4468 mul
1939 4420 1995 4467 et
2020 4412 2295 4479 clemens;
2319 4421 2373 4466 et
2401 4426 2563 4466 suam
2584 4412 2867 4470 dexteram
2896 4416 3205 4474 extendens
3222 4416 3390 4476 simul

66 4512 429 4565 'Ireatorem
463 4515 670 4561 naturaa
694 4521 1101 4562 commemora:
1129 4509 1349 4578 quando
1385 4527 1470 4565 me
1496 4512 1696 4569 videris
1732 4522 1776 4578 ι)
1803 4510 2252 4567 conuenientem.
2286 4501 2457 4557 Deum
2480 4502 2798 4573 baptizavit.
2834 4505 3197 4563 Praesentium
3256 4524 3387 4565 vero

82 4603 331 4655 lauclos
364 4613 625 4654 cursores
651 4599 1039 4666 periicientem,
1073 4609 1202 4655 tunc
1228 4605 1690 4660 commoveutium

67 4695 292 4749 sedum
325 4691 470 4763 (20),
505 4701 560 4745 et
592 4699 647 4743 tu
679 4690 743 4743 ad
769 4704 875 4752 me,
907 4691 1119 4759 claude,
1147 4692 1353 4763 lingua.
1389 4695 1684 4752 articulose

74 4794 449 4840 ommovcto
472 4784 586 4854 (2|)
613 4802 627 4836 :
664 4785 881 4853 quando
905 4801 991 4839 me
1024 4786 1224 4840 videris
1269 4799 1512 4845 mortuos
1544 4806 1573 4844 a
1606 4806 1691 4846 se-

72 4879 303 4934 ulcris
337 4877 696 4941 resuscitare,
730 4887 860 4930 tunc
892 4892 978 4931 me
1009 4892 1134 4932 cum
1179 4881 1529 4948 surgentibus
1574 4882 1687 4952 glo-

73 4974 226 5025 itica
290 4969 450 5022 sicut
499 4968 622 5021 vitae
668 4968 1012 5022 tributorem.
1073 4967 1301 5034 Quando
1359 4988 1446 5026 me
1481 4974 1684 5029 videris

70 5064 381 5117 edentem
425 5075 458 5113 a
504 5060 710 5114 dextris
749 5060 949 5125 Patris,
1001 5070 1130 5115 tunc
1174 5077 1258 5115 me
1309 5065 1475 5119 Deum
1525 5082 1679 5130 voca,

76 5166 205 5209 cut
282 5152 663 5223 synthronum
691 5160 747 5207 et
775 5163 1103 5207 comteruum
1136 5152 1302 5208 Patri.
1355 5154 1479 5211 Sine
1510 5160 1681 5224 modo,

66 5269 98 5303 ις
160 5246 350 5301 enim
394 5253 608 5314 oportet
659 5260 753 5297 nos
808 5244 1094 5313 adimplere
1150 5262 1352 5299 omnem
1391 5249 1683 5313 justitiam.

98 5406 162 5435 ³ο
202 5401 401 5457 Joan.
445 5417 484 5469 I,
511 5400 603 5458 29.
679 5402 721 5439 "
756 5401 947 5457 Matth.
985 5420 1065 5472 ιιι,
1104 5405 1191 5461 15.

78 5519 150 5588 (1
170 5516 255 5585 8)
293 5513 454 5588 guto
477 5531 545 5569 ex
564 5514 661 5588 Gr.
692 5515 1016 5588 educitur.

88 5583 159 5659 (Ι
179 5583 265 5659 9:)
294 5583 456 5659 Ριιιο
480 5600 545 5659 es
572 5584 665 5641 Gr.
711 5584 1052 5659 θεοπρεπῶς.

67 5653 249 5728 (‘20)
294 5653 385 5728 Ita
417 5656 554 5728 _cod.
592 5653 873 5728 mendose.

82 5724 263 5797 (τῃ)
302 5724 458 5797 Qud.
490 5725 749 5779 commovi
790 5736 870 5783 tu.

72 5793 262 5867 (22)
489 5798 681 5866 patris.

69 5865 257 5941 (τιὸ)
297 5865 459 5921 Cod.
490 5865 751 5924 mendose
770 5879 981 5938 cogam.
1018 5869 1224 5942 Scripsi
1259 5871 1570 5932 dubitanter
1608 5874 1688 5929 di-

1267 5406 1312 5447 ³⁸
1338 5406 1474 5464 Luc.
1513 5426 1552 5474 ι,
1584 5410 1672 5465 79.

1788 5523 1910 5594 gito;
1937 5517 2149 5594 Aliecole

1798 4595 2111 4651 Judaeorum
2142 4595 2332 4666 procul
2366 4596 2558 4667 positis
2587 4598 2942 4667 cogitantium
2996 4600 3051 4655 in
3079 4616 3139 4658 se
3171 4601 3306 4672 ipsis
3335 4614 3388 4659 et

1799 4689 1865 4744 ad
1892 4689 2123 4743 invicem
2148 4685 2443 4743 dicentium
2473 4706 2487 4743 :
2520 4685 2777 4759 Nunquid
2806 4706 2943 4746 vane
2962 4693 3173 4762 Opinati
3193 4709 3388 4751 sumus

1798 4777 2063 4833 Joannem
2086 4778 2347 4848 majorem
2377 4792 2501 4833 esse
2518 4776 2690 4833 Jesu?
2715 4780 2965 4851 nunquid
2990 4797 3129 4839 vane
3160 4784 3388 4853 putaba-

1803 4884 1926 4924 mus
1959 4869 2111 4924 illum
2150 4869 2428 4924 meliorem
2456 4869 2562 4924 hoc
2590 4869 2759 4926 esse?
2796 4886 2978 4927 nonne
2999 4872 3116 4942 ipse
3171 4873 3384 4945 baptis-

1800 4979 1923 5018 mus
1951 4961 2380 5017 meliorationem
2410 4959 2663 5030 baptista:
2686 4961 3007 5031 signiﬁcat?
3036 4978 3220 5019 nonne
3277 4965 3381 5021 iste

1795 5055 2017 5126 quidem
2048 5053 2288 5124 baptizat
2309 5053 2453 5108 sicut
2474 5052 2910 5122 supereminens,
2935 5055 3027 5110 ille
3047 5070 3175 5111 vero
3202 5056 3381 5127 bapti-

1799 5156 1953 5203 zatur
1974 5148 2116 5203 sicut
2142 5145 2412 5200 deterior?
2435 5144 2561 5200 talia
2585 5147 2992 5201 susurrantium
3041 5149 3136 5217 qui
3161 5148 3382 5219 ignora-

1799 5242 1927 5297 bant
1957 5237 2382 5310 dispensationis
2415 5237 2759 5309 mysterium,
2810 5238 2962 5296 solus
3000 5237 3268 5300 Dominus
3322 5251 3380 5299 et

2310 5517 2375 5546 ’ΞΗ

1868 5539 1896 5576 o
1948 5517 2149 5575 Recole
2178 5532 2232 5587 p.
2270 5516 2397 5584 535,
2428 5517 2534 5573 col.
2569 5519 2622 5572 l.

1866 5589 2082 5661 (‘24)lta
2110 5588 2232 5642 cod.
2282 5656 2299 5661 _

1851 5656 1969 5727 (Ξῦ)
1994 5659 2130 5714 Puto
2168 5674 2236 5712 ex
2260 5656 2352 5713 Gr.

1861 5732 1972 5801 (se)
2004 5730 2136 5801 God.
2158 5730 2323 5798 efﬁci.

1862 5802 1976 5870 (27)
2018 5800 2131 5853 Cod
2142 5841 2155 5854 .
2188 5817 2371 5856 ranos.

1863 5871 1975 5945 (28)
2004 5871 2139 5928 Cod.
2179 5873 2387 5929 cabens.

2391 5656 2676 5731 μέλλοντα.
