4112 6416
92 489 224 556 1873

1093 493 1192 554 DE
1230 494 1606 557 BAPTISMO
1628 497 1939 560 CHRISTI
1967 500 2222 562 SERMO
2254 502 2334 562 ll.

3189 496 3328 564 ιδ’τι

87 595 283 669 ἐαυτῷ.
306 589 476 664 Οὗτός
508 600 659 654 ἑστιν
694 603 725 656 δ
760 601 860 675 τὴν
888 602 1029 675 ἐμὴν
1067 603 1367 658 ὑπόστασιν
1396 603 1658 669 ἐξεικονί-

1772 609 1957 666 nifeste
1989 619 2342 680 reprzrsentat
2370 628 2384 666 :
2419 609 2590 668 Filius
2620 627 2775 668 meus
2803 619 2911 678 est,
2947 624 3057 666 nou
3079 611 3321 689 alienus:

85 689 192 754 ζων
229 690 438 760 σαφῶς·
483 691 612 754 Υἱός
657 693 805 746 ἑστιν
847 693 998 760 ἐμὸς,
1037 693 1138 747 οὐκ
1177 693 1480 764 ἀλλότριος·
1527 695 1654 760 Υἱός

86 780 228 832 ἐστιν
262 778 418 848 ἐμὸς,
461 779 526 832 ἐκ
567 780 667 850 τῆς
712 781 851 852 ἐμῆς
893 781 1081 845 ούσίας
1123 783 1453 854 ἀσωμάτως,
1489 785 1658 856 ἀρεύ·

85 883 242 931 στως,
275 867 521 939 ἀχρόνως
545 869 852 940 ἐκλάμψας,
874 872 976 926 οὐκ
1007 871 1066 937 ἑξ
1091 872 1282 943 ἑτέρας
1305 875 1657 939 ὑποστάσεως

85 957 384 1028 ἀνακύψας·
424 959 553 1024 Υἱός
604 963 756 1015 ἐστιν
799 962 931 1032 ἐμὸς
976 962 1158 1033 φύσει,
1191 963 1252 1017 ού
1291 965 1493 1035 χάριτι·
1531 967 1657 1031 Υἱός

82 1052 230 1102 ἐστιν
257 1039 414 1119 ἐμὸς,
445 1051 716 1112 συναῖδιὸς
741 1068 853 1122 μοι,
884 1053 946 1106 οὐ
985 1051 1267 1123 νεώτερος,
1297 1055 1358 1108 ού
1380 1055 1655 1126 δεύτερος,

83 1138 178 1208 οὐχ
207 1137 437 1211 ὕστερον
465 1142 926 1211 προσγενόμενος·
951 1143 1080 1206 Υἱός
1103 1143 1255 1196 ἑστιν
1279 1145 1410 1212 ἐμδς
1471 1146 1660 1210 69.006-

84 1227 196 1290 σιός
232 1244 348 1298 μοι,
382 1228 484 1282 οὐκ
516 1229 846 1294 ἀλλοούσιος·
874 1231 1161 1302 ὁμοούσιός
1199 1249 1292 1303 μοι
1330 1235 1406 1296 ὡς
1437 1235 1552 1302 ε;.ῶς
1593 1239 1659 1292 ἔκ

84 1317 277 1386 φωτὸς,
302 1317 381 1381 ὡς
403 1318 519 1391 ζωὴ
548 1321 613 1374 ἐκ
639 1322 807 1393 ζωῆς,
828 1322 904 1386 ὡς
928 1323 1080 1394 πηγὴ
1109 1325 1174 1377 ὲκ
1197 1325 1400 1396 πηγῆς,
1425 1327 1498 1390 ὡς
1529 1328 1661 1398 3m]-

82 1409 201 1463 οεια
235 1409 297 1474 ἐξ
327 1411 610 1481 ἀληθείας,
641 1413 718 1476 ὡς
747 1412 974 1484 δύναμις
1009 1416 1076 1469 ἐκ
1099 1415 1402 1486 δυνάμεως,
1435 1417 1506 1479 ὡς
1530 1425 1662 1484 θεὸς

83 1502 146 1553 ἐκ
178 1500 340 1553 Θεοῦ·
374 1501 492 1569 ἐγὼ
515 1504 806 1574 ἐγέννησα,
849 1499 1004 1571 οὗτος
1040 1507 1384 1576 γεγέννηται·
1428 1510 1566 1579 ἐμοῦ
1605 1510 1662 1564 δὲ

84 1591 175 1643 καὶ
203 1589 420 1656 τούτου,
454 1593 620 1662 μέσον
649 1595 825 1650 οὐδέν.
879 1597 1020 1664 Ἐγὼ
1037 1598 1307 1667 ἐγέννησα
1333 1598 1410 1662 ὡς
1425 1599 1663 1670 ἔπρεπέν

84 1697 174 1749 μοι
215 1682 484 1753 γεννῆσαι
532 1686 798 1754 πεφυκότι
850 1687 990 1759 Θεῷ·
1031 1682 1188 1754 οὗτος
1224 1689 1548 1761 γεγέννηται
1587 1691 1664 1756 ὡς

83 1770 326 1842 ἔπρεπεν
377 1775 531 1846 αὐτῷ
569 1777 898 1849 γεννηθῆναι
945 1779 1065 1851 Θεῷ
1109 1777 1272 1851 Λόγῳ
1299 1763 1661 1852 τυγχάνοντι.

1754 697 1926 755 Filius
1967 715 2124 755 meus
2155 702 2444 770 genuinus,
2482 716 2591 755 non
2616 701 2941 771 adoptivus:
2975 699 3147 754 Filius
3174 693 3328 757 meus

1754 797 1858 854 est,
1889 789 1985 855 qui
2021 803 2090 844 ex
2138 789 2440 846 substantia
2483 805 2603 845 mea
2644 791 3078 859 lncorporaliter,
3122 789 3331 858 absque

1757 877 1869 932 ullo
1901 879 2076 944 lluxu,
2106 886 2163 934 et
2195 880 2626 950 intemporaliter
2653 880 2878 946 ell'ulsit,
2911 895 3018 934 non
3052 889 3233 934 autem
3261 892 3332 934 ex

1755 968 1933 1024 aliena
1981 970 2284 1026 substantia
2336 971 2574 1040 prodiit:
2619 970 2792 1036 Filius
2829 969 3333 1025 nteusnaturaliter

1755 1067 1864 1126 est,
1897 1075 2006 1115 non
2039 1061 2278 1131 gratiose
2304 1078 2316 1113 :
2349 1060 2520 1116 Filius
2541 1045 2694 1114 meus
2713 1069 2817 1122 est,
2846 1067 3149 1116 coaeternus
3172 1056 3329 1124 mihi,

1763 1166 1870 1205 non
1910 1152 2201 1216 recentior,
2248 1167 2356 1206 non
2400 1151 2857 1216 secundus,.non
2895 1151 2988 1220 qui
3015 1157 3203 1219 postea
3234 1163 3332 1204 su-

1759 1242 2066 1310 pervenerit
2093 1258 2109 1294 :
2143 1239 2316 1294 Filius
2343 1255 2519 1306 meus,
2552 1240 2685 1294 mihi
2716 1237 3192 1303 consubtantialis,
3223 1251 3333 1290 non

1760 1343 1827 1382 ex
1889 1329 2068 1384 aliena
2129 1329 2438 1384 substantia
2501 1336 2797 1394 constans,
2848 1323 3334 1382 consubstantialis

1768 1420 1898 1475 .nihi
1933 1435 2025 1474 aeu
2074 1421 2257 1474 lumen
2299 1420 2368 1473 de
2411 1419 2634 1483 lumine,
2670 1419 2782 1473 vita
2825 1432 2893 1473 ex
2937 1418 3069 1482 vita,
3106 1415 3228 1470 fons
3264 1427 3336 1469 ει

1763 1510 1934 1577 fonte,
1967 1512 2173 1566 veritas
2200 1525 2267 1564 ex
2300 1511 2546 1573 veritate,
2587 1510 2670 1563 vis
2699 1524 2766 1563 ex
2801 1508 2875 1574 vi,
2915 1508 3060 1562 Deus
3095 1508 3166 1561 de
3199 1505 3333 1561 Deo.

1762 1601 1877 1672 Ego
1908 1601 2095 1673 genui,
2133 1600 2222 1656 hic
2248 1601 2466 1670 genitus
2491 1608 2576 1655 est
2606 1616 2623 1655 :
2655 1599 2796 1654 inter
2832 1613 2919 1652 me
2959 1605 3124 1667 atque
3166 1596 3336 1662 hunc,

1765 1694 1900 1749 nihil
1937 1701 2021 1748 est
2062 1693 2326 1748 medium.
2373 1692 2484 1762 Ego
2519 1691 2683 1761 genui
2733 1706 2797 1745 ea
2839 1690 3052 1744 ratione
3093 1704 3202 1760 qua
3249 1702 3340 1743 me

1764 1783 1920 1838 decet
1950 1796 2214 1852 generare
2243 1781 2337 1851 qni
2375 1779 2522 1836 Deus
2571 1797 2737 1836 sum:
2772 1780 2859 1834 bie
2887 1780 3103 1849 genitus
3143 1793 3206 1833 ea
3246 1792 3338 1832 ra~

94 1864 468 1937 ’Λνθρῶπινον
511 1869 574 1923 τὸ
606 1870 705 1942 τῆς
732 1874 1036 1943 γεννήσεως
1064 1874 1257 1945 ὄνομα,
1286 1875 1426 1929 ἀλλά
1468 1893 1666 1946 μυστι-

1772 1872 1916 1928 ιίοιιε
1945 1871 2068 1939 fuit,
2096 1887 2218 1940 quae
2241 1871 2412 1927 Deum
2449 1870 2686 1926 Verbum
2717 1871 2892 1926 decet.
2923 1867 3233 1922 Humanum
3253 1874 3341 1922 εει

85 1956 177 2009 κὸν
222 1957 287 2010 τὸ
331 1938 695 2032 ὑπερχρόνιονν
724 1938 993 2034 γέννημα·
1035 1938 1357 2036 χρόνος-οὐκ
1393 1938 1536 2021 οἶδεν
1562 1966 1666 2038 τῆς

1772 1938 2139 2034 generationis
2177 1963 2524 2026 vocabulum,
2575 1962 2667 2017 sed
2698 1975 2897 2016 arcana
2936 1969 3020 2016 est
3059 1960 3336 2028 intempo-

81 2048 223 2118 ἐμῆς
258 2053 569 2124 γεννήσεως
604 2054 665 2108 τὸ
693 2057 1010 2128 μυστήριον·
1041 2056 1194 2113 οῦπω
1231 2058 1342 2129 γὰρ
1368 2055 1436 2130 ἦν
1455 2074 1469 2089 ⁶
1491 2059 1662 2128 ἄγγε-

82 2136 164 2190 λοι
179 2139 393 2212 ταύτην
419 2141 521 2196 ούκ
545 2143 744 2198 ίσασιν·
766 2144 992 2216 ὕστερον
1020 2145 1130 2218 γὰρ
1159 2147 1330 2218 αότῆς
1349 2149 1658 2217 γεγόνασιν.

1771 2056 1903 2111 ralis
1933 2056 2233 2125 generatio.
2285 2055 2530 2126 Ignotum
2583 2051 2810 2124 tempori
2847 2060 2931 2107 εει
2953 2049 3326 2122 genrrationis

1768 2161 1904 2202 nica:
1949 2147 2299 2218 mysterium;
2333 2160 2510 2215 neque
2563 2145 2710 2200 enim
2753 2143 2933 2198 adlmc
2987 2149 3200 2211 tempus
3241 2154 3338 2195 ex-

83 2220 341 2286 sistebat.
377 2232 573 2302 Angeli
606 2250 822 2306 quoque
861 2236 1000 2291 hanc
1027 2237 1299 2308 ignorant,
1340 2240 1469 2310 quia
1493 2249 1617 2310 post
1640 2239 1787 2295 illam
1827 2238 1996 2293 creati
2030 2237 2272 2292 fuerunt.

151 2319 225 2388 γ’.
250 2320 338 2376 Τὰ
370 2323 658 2395 Χερουϐὶμ
689 2326 780 2379 καὶ
810 2325 878 2380 τὰ
911 2329 1161 2400 Σεραφὶμ
1196 2330 1266 2385 τά
1307 2330 1667 2403 πολυόμματα

81 2411 177 2462 καὶ
221 2411 640 2484 πολυπρόσωπα
670 2418 793 2479 ταῖς
820 2417 1078 2489 πτέρυξιν
1115 2419 1192 2484 ὼς
1217 2422 1405 2493 χερσὶν
1445 2423 1514 2476 τὰ
1543 2423 1668 2479 έαυ-

81 2500 192 2555 τῶν
245 2504 528 2575 πρόσωπα
565 2506 927 2572 καλύπτοντα,
955 2511 1252 2576 ἀπαύστως
1280 2513 1398 2584 βοᾷ·
1449 2515 1663 2584 Ἄγιος.

83 2593 524 2664 Ἀγιος,”Αγιος,
555 2597 760 2668 Κύριος
799 2599 1045 2656 Σαϐαὼθ·
1069 2602 1128 2657 ού
1155 2602 1424 2673 λέγουσιν,
1449 2605 1664 2674 Ἄγιος,

85 2684 153 2752 ἀς
164 2684 288 2738 ιώτε
297 2703 418 2757 ρος,
443 2687 768 2758 ἀγιώτατος·
793 2693 854 2745 ού
877 2696 1378 2761 κατασκευάζουσιν
1402 2697 1671 2770 ὑποϐεση-

85 2777 269 2840 κυῖαξρ,
300 2781 404 2834 καὶ
439 2783 636 2852 μικρὸν
671 2785 1095 2853 ἀναϐεϐηκυῖαν,
1125 2789 1218 2841 καὶ
1250 2788 1413 2843 πάλιν
1440 2790 1670 2862 ὑπερτέ-

87 2884 191 2937 ραν
243 2868 491 2938 βαθμίδα
520 2870 774 2943 θεότητος
801 2875 942 2944 (3.5)-
985 2877 1046 2928 ού
1075 2878 1369 2947 τέμνουσιν
1408 2879 1508 2949 τὴν
1537 2879 1668 2948 μίαν

81 2957 278 3011 οὐσίαν
333 2960 421 3024 είς
468 2961 686 3027 ἀνίσους
733 2963 925 3034 ἀρχάς·
967 2967 1030 3020 οὐ
1069 2966 1489 3037 δογματίζουσιν
1523 2969 1560 3023 ἀ
1591 2969 1666 3040 μὴ

87 3047 413 3116 βλέπουσιν·
444 3050 727 3122 ὑμνοῦσιν,
759 3055 822 3107 ού
869 3055 1435 3128 πολυπραγμονοῦσιν,
1479 3058 1540 3112 ὃν
1583 3059 1672 3112 σέ-

83 3139 298 3194 ϐουσιν·
325 3144 748 3214 προσκυνοῦσιν,
779 3147 843 3200 ού
867 3146 1242 3217 λογοθετοῦσιν
1265 3147 1364 3218 τὴν
1384 3149 1483 3217 τῆς
1502 3149 1671 3220 Τριά-

82 3229 174 3291 δος
200 3233 536 3305 ταυτότητα·
574 3235 698 3307 ῖσην
725 3237 848 3307 ἐμοὶ
876 3240 970 3291 καὶ
1009 3238 1088 3308 τῷ
1125 3239 1242 3309 Υἱῷ
1277 3255 1379 3308 μου
1419 3239 1518 3310 τὴν
1553 3239 1670 3310 ὑμ-

87 3320 288 3391 νῳδίαν
312 3326 739 3397 προσφέρουσιν,
754 3329 848 3382 καὶ
877 3328 991 3398 βίον
1023 3329 1206 3400 ἔχουσι
1234 3331 1327 3383 τὸν
1344 3330 1671 3401 ἀπερίεργον

77 3407 280 3500 ’ῦμχονο
328 3412 430 3466 καὶ
486 3413 632 3485 ζωὴν
686 3416 980 3483 κέκτηνται
1022 3417 1124 3488 τὴν
1166 3418 1497 3488 ἀπράγμονα
1543 3417 1672 3488 μελ-

87 3499 275 3568 ῳδίαν.
318 3501 386 3552 Οἱ
428 3502 649 3572 οὐρανοὶ
696 3503 1006 3574 διηγοῦνται
1048 3507 1204 3572 δόξαν
1256 3506 1393 3560 Θεοῦ
1438 3507 1534 3560 τοῦ
1573 3525 1670 3560 πε-

92 3593 393 3662 ποιηκότος
447 3595 664 3667 αὐτοὺς,
708 3597 808 3651 οὐκ
857 3599 1151 3669 ἐρευνῶσιν
1206 3600 1306 3671 τὴν
1355 3600 1543 3655 ούσίαν
1575 3599 1670 3654 τοῦ
1699 3585 1744 3645 C

83 3681 347 3751 ποιητοῦ·
401 3683 452 3736 οι
503 3685 722 3756 οὐρανοὶ
771 3687 1084 3758 διηγοῦνται
1133 3689 1234 3761 τὴν
1280 3689 1436 3756 δόξαν
1481 3690 1668 3756 αὐτοῦ,

85 3771 439 3842 φαινόμενοι,
460 3775 522 3827 ού
550 3775 938 3846 φθεγγόμενοι.
967 3781 1030 3833 Οἱ
1057 3781 1332 3851 προφῆται
1357 3781 1448 3836 τὸν
1470 3782 1674 3836 ἀκατά-

82 3861 296 3929 ληπτον
327 3865 656 3920 καταλαϐεῖν
679 3869 740 3921 ού
768 3868 1102 3940 δεδύνηνται·
1141 3873 1232 3924 καὶ
1255 3871 1366 3942 γὰρ
1393 3873 1541 3926 πᾶσα
1574 3872 1674 3926 τῶν

81 3953 406 4024 ἀνθρώπιον
446 3958 480 4028 ἡ
525 3957 686 4027 φύσις
708 3959 889 4013 ἀτονεῖ
918 3960 1055 4028 πρὸς
1080 3961 1177 4030 τὴν
1209 3962 1400 4016 τούτου
1435 3963 1674 4033 κατάλη-

80 4044 199 4115 ψιν·
224 4048 361 4111 νοῦς
381 4049 483 4102 οὐκ
511 4048 683 4120 ἰσχύει
705 4051 953 4120 χωρῆσαι
981 4050 1070 4103 τὸν
1099 4050 1400 4121 ἀχώρητον·
1433 4050 1590 4118 λόγος
1612 4052 1674 4104 οῦ

77 4141 321 4197 δύναται
361 4143 457 4196 τὸν
495 4143 989 4216 ὲνανθρωπήσαντα
1027 4146 1160 4199 θεὸν
1194 4146 1544 4218 περιλαϐεῖν·
1580 4146 1673 4200 πί-

84 4246 211 4294 στις
257 4231 403 4302 μόνη
443 4235 697 4287 κατανοεῖ
735 4234 822 4286 τὸν
854 4235 1101 4288 ἀθέατλν·
1140 4237 1324 4298 πίστις
1365 4236 1498 4306 μόνη
1529 4237 1665 4307 πλη-

81 4321 271 4384 σιάζει
294 4321 383 4388 τῷ
408 4323 865 4396 ἀπροσπελάστῳ,
892 4329 1016 4380 ὅσον
1051 4328 1307 4396 ἐγχωρεῖ,
1332 4326 1428 4379 καὶ
1446 4327 1570 4381 ὅσον
1598 4328 1677 4381 ὲνο

82 4412 347 4484 δέχεται.

157 4552 223 4601 εν,
259 4543 460 4616 οὗτός
490 4549 664 4603 ἐστιν
702 4555 725 4597 ’ἱ
760 4550 893 4615 Υἱός
916 4567 1033 4619 μου
1082 4552 1117 4604 ὁ
1166 4551 1468 4620 ἀγαπητὸς
1521 4552 1591 4604 ἐν
1630 4545 1680 4619 ᾧ

78 4640 428 4709 εὐδεῒκησα.
454 4633 590 4694 Οὗτκ
597 4658 624 4704 ς
654 4657 801 4694 εστιν
827 4643 1088 4712 συνεργὸς
1116 4640 1267 4711 ἐμὸς,
1295 4641 1414 4695 ἀλλ’
1446 4642 1544 4712 οὐχ
1572 4642 1677 4695 ὐπ-

79 4731 322 4802 ουργός·
378 4722 532 4794 οὗτος
577 4730 1008 4802 ἐδημιούργησεν
1052 4731 1144 4785 τὸν
1178 4733 1409 4802 οὐρανὸν
1451 4734 1546 4787 καὶ
1581 4733 1680 4804 τὴν

79 4823 216 4894 γῆν·
249 4816 416 4885 οὗτος
451 4821 548 4875 τοῦ
584 4823 966 4894 στερεώματος
991 4823 1084 4877 τὸν
1117 4823 1314 4876 κύκλον
1342 4823 1436 4876 ἐπὶ
1474 4823 1541 4878 τὰ
1569 4826 1681 4878 ἄνω

1834 2330 1890 2386 3.
1929 2329 2228 2385 Cberubini
2257 2308 2642 2398 acSeraphini
2687 2326 2873 2381 multis
2908 2323 3083 2380 oculis
3125 2310 3339 2378 multis-

1764 2437 1873 2493 que
1901 2422 2139 2478 vultibus
2162 2421 2399 2492 prazditi,
2426 2420 2530 2476 alis
2559 2420 2676 2476 suis
2704 2419 2864 2490 quasi
2896 2417 3153 2472 manibus
3172 2414 3342 2472 facies

1765 2530 1900 2570 suas
1959 2515 2244 2579 velantes,
2312 2513 2655 2569 incessanter
2716 2512 3013 2565 clamant:
3065 2509 3339 2573 Sanetus,

1768 2606 2034 2672 Sanetus,
2095 2606 2365 2671 Sanctus,
2422 2605 2687 2660 Dominus
2727 2601 2967 2658 Sabaoth
2991 2601 3059 2656 ⁸⁸.
3099 2599 3218 2656 Non
3260 2599 3343 2654 di-

1767 2709 1898 2754 cunt
1939 2697 2184 2765 sanctus,
2217 2698 2486 2762 sanctior,
2527 2697 2912 2753 sanctissimus
2941 2713 2954 2748 :
2982 2709 3092 2749 non
3135 2700 3347 2763 ponunt

1770 2791 2040 2857 intimum,
2089 2801 2145 2845 et
2176 2805 2299 2844 mox
2332 2791 2493 2861 paulo
2520 2790 2826 2853 elatiorem,
2863 2796 3139 2857 postremo
3181 2800 3344 2854 supe-

1771 2884 1967 2938 riorem
2041 2881 2264 2938 Deitatis
2320 2882 2547 2952 gradum
2605 2899 2620 2935 :
2680 2895 2787 2934 non
2861 2885 3049 2934 secant
3127 2877 3344 2932 unicam

1769 2975 2132 3032 substantiam
2197 2975 2252 3028 in
2305 2973 2534 3043 imparia
2581 2971 2843 3043 principia
2889 2987 3049 3027 :non
3117 2971 3346 3040 dogma-

1771 3068 1964 3134 tizant,
1999 3084 2123 3138 quae
2172 3083 2279 3122 non
2334 3067 2561 3122 vident:
2595 3066 2816 3136 htmnis
2867 3065 3178 3128 celebrant,
3237 3078 3345 3116 non

1771 3161 1990 3215 curiose
2029 3168 2350 3214 scrutantur
2378 3173 2538 3229 quem
2569 3159 2799 3213 colunt:
2833 3166 3184 3220 venerantur,
3236 3169 3347 3208 non

1771 3250 2037 3304 rationem
2069 3261 2398 3318 exposcunt,
2453 3263 2554 3302 cur
2587 3247 2832 3315 ejusdem
2876 3246 3196 3300 suhslantia:
3225 3243 3349 3298 Tri-

1770 3341 1914 3396 nitas
1955 3343 2070 3396 sit:
2109 3357 2293 3410 parem
2345 3342 2477 3396 mihi
2529 3356 2594 3396 ac
2639 3339 2779 3394 Filio
2826 3353 2948 3393 meo
2997 3337 3346 3407 hymnodiam

1771 3434 2026 3488 attollunt
2057 3451 2070 3487 :
2104 3447 2266 3487 ornne
2300 3441 2515 3501 tempus
2557 3431 2852 3485 incuriosis
2893 3429 3112 3500 hymnis
3143 3429 3350 3481 consu-

1773 3535 1962 3592 munt;
2024 3527 2145 3579 vitae
2193 3525 2312 3580 loco
2375 3524 2482 3578 illis
2529 3533 2615 3579 est
2661 3523 2842 3594 quieta
2903 3521 3156 3576 melodia.
3211 3517 3352 3576 εωιι

1774 3627 2034 3673 enarrant
2065 3617 2293 3687 gloriam
2338 3616 2430 3671 Dei
2458 3615 2550 3684 qui
2583 3615 2732 3684 ipsos
2768 3613 2915 3680 fecit,
2962 3612 3123 3666 factm
3139 3613 3184 3666 is
3213 3612 3349 3666 sub-

1776 3711 2032 3765 stantiam
2080 3726 2191 3764 non
2242 3717 2557 3764 scrutantur
2587 3727 2600 3762 :
2636 3708 2760 3763 cmli
2806 3715 3067 3760 enarrant
3118 3705 3350 3774 gloriam

1776 3805 1896 3874 ejus
1922 3803 2236 3874 spectaculo
2257 3817 2381 3867 suo,
2419 3817 2526 3855 non
2560 3800 2795 3870 loquela.
2833 3798 3116 3868 Prophetas
3142 3798 3353 3853 incom-

1778 3895 2199 3966 prehensibilem
2234 3893 2697 3960 comprehendere
2737 3906 2844 3945 non
2895 3897 3222 3960 potuerunt;
3266 3896 3352 3944 et-

1775 3987 1921 4042 enim
1947 3987 2201 4041 universa
2228 3985 2512 4040 hominum
2541 3993 2732 4038 natura
2762 3983 2811 4037 ei
2842 3981 3352 4050 comprehendendo

1779 4079 1956 4148 impos
1983 4088 2068 4132 est
2099 4095 2113 4131 :
2150 4093 2308 4132 mens
2338 4091 2533 4146 capere
2575 4077 2904 4129 immensum
2947 4073 3133 4141 nequit
3165 4089 3179 4126 :
3215 4072 3354 4126 ratio

1780 4172 1924 4226 haud
1977 4183 2150 4240 potest
2208 4171 2562 4225 huntanatum
2625 4169 2793 4223 Deum
2857 4165 3142 4236 iruaginari
3185 4183 3199 4216 :
3236 4165 3351 4219 sola

1781 4263 1914 4318 lides
1945 4279 2068 4318 cum
2107 4271 2274 4329 tenet,
2307 4261 2402 4332 qui
2442 4261 2609 4316 teneri
2638 4261 2827 4329 nequit
2857 4278 2872 4312 :
2902 4260 3017 4312 sola
3055 4259 3186 4310 lides
3219 4255 3354 4309 invi-

1779 4355 1993 4410 sibilem
2019 4353 2160 4409 videt
2194 4372 2208 4408 :
2235 4355 2352 4408 sola
2387 4353 2521 4408 lides
2557 4355 2894 4406 inaccessum
2920 4349 3148 4413 accedit,
3176 4364 3350 4418 quart-

1780 4461 1894 4504 tum
1933 4449 2152 4518 quidem
2195 4449 2284 4503 ille
2323 4449 2524 4518 patitur
2554 4461 2618 4501 ac
2649 4445 2908 4515 possibile
2932 4453 3035 4499 est.

1848 4543 1901 4594 4.
1949 4539 2050 4593 llic
2077 4550 2150 4594 est
2181 4537 2358 4593 Filius
2388 4555 2530 4593 meus
2569 4538 2810 4603 dilectus,
2849 4537 2904 4589 iu
2937 4553 3038 4606 quo
3071 4535 3198 4588 mihi
3232 4535 3357 4587 bene

1781 4630 2094 4702 comptae-ui.
2118 4631 2218 4687 llic
2233 4641 2317 4688 est
2336 4638 2654 4700 cooperator
2695 4628 2890 4690 Filius.
2929 4642 3038 4683 non
3076 4627 3358 4680 ministra~

1781 4735 1899 4782 tor:
1935 4725 2023 4782 hic
2055 4727 2255 4782 cmlum
2287 4736 2594 4793 terramque
2621 4722 2861 4778 creavit:
2903 4723 2990 4777 hic
3032 4720 3356 4774 firmamenti

1781 4817 2073 4883 circulum,
2105 4819 2393 4872 desursum
2414 4830 2672 4878 curvans,
2717 4830 2880 4883 supra
2906 4813 3162 4866 inferiora
3191 4811 3360 4864 nitide

79 4912 415 4984 κυρτώσας.
461 4913 556 4966 ἐπὶ
603 4914 675 4966 τά
728 4913 877 4968 κάτω
919 4913 1113 4977 λεάνας
1148 4914 1484 4984 ὲξήπλωσεν⁶
1525 4910 1671 4980 οὗτος

1783 4910 2046 4980 explicuit
2075 4926 2089 4963 :
2124 4909 2214 4964 hic
2246 4908 2370 4965 coeli
2401 4917 2681 4978 aspectum
2706 4905 2980 4960 sideribus
3008 4919 3105 4958 ceu
3135 4903 3358 4956 totidem

76 5005 186 5073 τὴν
213 5003 517 5073 ὁρωμένην
549 5003 674 5072 ὄψιν
705 5006 819 5067 τοῖς
845 5003 1068 5074 ἄστροις
1101 5005 1177 5068 ὡς
1201 5004 1506 5074 ὀφθαλμοῖς
1541 5023 1678 5058 κατ-

75 5091 400 5146 εποίκιλεν·
429 5084 585 5154 οὗτος
611 5091 867 5160 ἐποίησεν
890 5092 984 5146 τὸν
1011 5093 1163 5164 ἣλιον
1185 5093 1283 5164 τῆς
1313 5093 1528 5164 ἡμέρας
1555 5096 1681 5165 ἠγε-

81 5182 241 5253 μόνα
277 5181 379 5238 καὶ
411 5183 736 5254 στρατηγόν·
775 5177 930 5247 οὗτος
959 5185 1289 5254 παρέζευξεν
1328 5183 1408 5256 τῷ
1430 5201 1681 5252 νυκτερι-

77 5275 164 5344 νῷ
206 5275 369 5344 ζόφῳ
394 5276 495 5341 τῆς
527 5273 747 5346 σελὲνης
782 5276 884 5346 τὴν
923 5276 1117 5346 αἴγλην
1141 5275 1552 5331 ἀποδιώκουσαν
1584 5277 1683 5347 τῆς

75 5364 299 5428 νυκτὸς
339 5365 438 5434 τὴν
486 5366 810 5436 κατήφειαν·
839 5362 993 5430 οὗτος
1020 5366 1233 5438 ἐξέχεεν
1266 5369 1362 5422 τοῦ
1388 5369 1549 5441 ἀέρος
1587 5368 1686 5440 τὴν

77 5455 328 5527 ἁπαλὴν
357 5456 521 5525 φύσιν
557 5459 952 5530 εῖσπνεομένην
989 5459 1228 5524 εὐκόλως
1259 5460 1414 5532 παρά
1442 5460 1552 5515 τῶν
1585 5461 1684 5532 ὲμ-

75 5546 541 5614 πολιτευομένων
573 5545 744 5617 αὐτῷ,
791 5549 886 5602 καὶ
918 5549 1379 5622 περισχιζομένην
1425 5550 1684 5623 εὐμαρῶς

71 5641 206 5703 τοῖς
243 5637 568 5708 προσώποις
591 5637 701 5693 τῶν
731 5639 1082 5710 βαδιζόντων,
1103 5643 1199 5696 καὶ
1218 5643 1382 5698 πάλιν
1410 5641 1552 5697 κατά
1577 5641 1682 5698 νῶ-

153 5752 208 5786 ³⁵
240 5750 355 5806 Isa.
381 5767 455 5813 vr,
486 5752 540 5806 5.

1786 5003 1962 5057 oculis
1993 5002 2290 5073 variegavit
2321 5019 2336 5056 :
2364 5002 2454 5057 hic
2491 5001 2660 5057 solem
2689 5000 2817 5054 fecit
2840 4998 2948 5053 diei
2973 4998 3165 5052 ducem
3197 5005 3361 5064 atque

1787 5096 2173 5163 imperatorem
2207 5110 2222 5148 :
2257 5092 2349 5147 hic
2372 5093 2654 5149 nocturnis
2692 5090 2930 5144 tenebris
2963 5085 3196 5142 inseruit
3220 5085 3364 5139 luna:

1788 5184 2156 5252 splendorem,
2198 5183 2294 5253 qtti
2340 5183 2516 5237 noctis
2551 5180 2862 5236 torvitatem
2901 5177 3197 5247 depelleret
3227 5191 3241 5229 :
3271 5173 3363 5228 hic

1793 5277 2007 5330 mollem
2040 5275 2180 5329 aeris
2207 5285 2458 5329 naturam
2487 5273 2766 5342 expandit,
2801 5271 2958 5325 facile
2991 5269 3059 5324 iis
3092 5266 3363 5336 respiran-

1791 5368 1914 5420 dam
1949 5366 2039 5436 qui
2074 5366 2126 5419 in
2155 5367 2246 5420 illo
2279 5378 2588 5432 versantur,
2612 5375 2667 5419 et
2697 5363 3093 5418 ambulantinm
3123 5357 3366 5414 faciebus

1793 5460 1944 5514 nullo
1982 5459 2170 5514 labore
2218 5459 2547 5525 lindendam,
2589 5473 2824 5528 moxque
2854 5472 2884 5512 a
2927 5465 3077 5524 tergo
3105 5451 3225 5508 sine
3256 5450 3365 5504 ulla

1793 5554 2048 5609 molestia
2084 5570 2280 5609 rursus
2314 5554 2370 5610 in
2401 5570 2461 5610 se
2495 5554 2814 5609 redeuntem
2849 5573 2861 5608 :
2895 5551 2982 5604 hic
3011 5557 3168 5603 terrae
3197 5547 3365 5600 visee-

1796 5644 1949 5701 ribus
1983 5642 2264 5701 fructuum
2299 5645 2543 5717 germina
2582 5643 2830 5709 inseruit,
2859 5639 3177 5696 mandatum
3204 5649 3365 5692 suum

159 5841 305 5918 (35)_
336 5840 482 5918 has.
515 5841 1062 5918 Augustinusserm.
1108 5843 1234 5918 26},
1265 5843 1296 5896 7
1329 5860 1341 5895 :
1378 5862 1397 5895 ι
1426 5841 1592 5902 Pater
1624 5854 1679 5904 ct
1721 5844 1895 5904 Filius
1926 5856 1981 5905 et
2024 5846 2266 5918 Spiritus
2298 5854 2546 5914 sanctus,
2575 5863 2685 5904 non
2751 5845 3008 5917 gradibus
3072 5843 3177 5900 sibi
3216 5841 3364 5910 adic-

76 5923 154 5982 ιι,
172 5909 179 5910 “
199 5909 309 5967 sed
336 5909 625 5982 majestate
653 5913 900 5980 adunati,
933 5924 987 5970 ct
1016 5929 1158 5970 unus
1178 5915 1336 5970 Deus.
1365 5935 1382 5966 ι
