4112 6416
152 485 281 556 1881

1124 491 1225 552 DE
1256 491 1630 555 BAPTISMO
1651 493 1972 557 CHRISTI
1998 495 2252 558 SERMO
2279 498 2363 561 II.

3237 503 3377 577 1882

145 600 225 653 λιν
248 597 424 667 κρίναι
459 595 668 661 ζῶντας
700 603 796 653 καὶ
836 600 1082 670 νεκροὺς,
1119 602 1206 655 ἵνα
1242 604 1329 677 ἴδῃ
1356 605 1557 670 Ἰούδας
1580 606 1692 662 τίνα

1808 620 2077 674 mortuos,
2100 619 2159 664 ut
2187 608 2357 665 Judns
2388 606 2611 679 aspiciat
2634 624 2796 683 quem
2828 616 3132 673 vendiderit
3158 617 3373 679 Domini

146 689 420 756 πέπρακεν
444 690 556 752 τοῖς
588 689 995 760 Κυριοκτόνοις,
1018 690 1105 744 ίνα
1126 692 1425 748 θεάσωνται
1464 696 1704 750 Ἰουδαῖοι

142 781 295 832 ποίαν
319 778 558 850 κεφαλὴν
585 782 704 844 ταῖς
733 780 995 845 ἀκάνθαις
1026 783 1431 853 ἐστεφάνωσαν,
1464 786 1552 840 ἵνα
1574 787 1703 842 ὅταν

140 873 317 925 ἴδωσιν
339 872 501 925 αὐτὸν
542 873 636 926 ἐπὶ
671 874 764 927 τοῦ
798 875 1111 930 δικαστικοῦ
1139 878 1330 948 θρόνου
1372 882 1702 953 καθήμενον,

138 967 231 1020 καὶ
262 966 328 1020 τὰ
355 967 635 1037 Χερουϐὶμ
676 969 818 1039 μετὰ
850 970 1016 1039 φόϐου
1054 971 1151 1025 καὶ
1181 972 1383 1045 τρόμου
1427 974 1701 1042 παριστά-

137 1072 290 1123 μενα,
338 1057 434 1138 κα)
475 1057 723 1111 είπωσινο
763 1061 951 1130 Ἡμεῖς
987 1060 1173 1115 τοῦτον
1218 1061 1318 1114 οὐκ
1350 1062 1702 1132 ἐσταυρώσα-

135 1162 254 1213 μεν,
277 1145 413 1200 ἀλλά
433 1163 554 1201 τινα
586 1147 791 1217 Ἰησοῦν
816 1150 1143 1222 Ναζωρηνδν
1172 1152 1542 1223 Βηθλεεμίτην
1571 1170 1705 1207 κατ-

128 1234 440 1304 εκρίναμεν,
475 1237 741 1302 ὑποδείξει
770 1241 954 1305 αὐτοῖς
983 1240 1083 1312 τὴν
1107 1242 1368 1314 πλευρὰν,
1404 1244 1498 1298 καὶ
1522 1244 1704 1298 ῐδωσιν

128 1326 206 1387 είς
238 1324 299 1378 ὃν
322 1324 708 1398 ἐξεκέντησαν,
744 1330 838 1386 καὶ
871 1333 1324 1404 προσκυνήσωσιν
1362 1334 1453 1387 καὶ
1498 1334 1575 1406 μὴ
1608 1334 1703 1389 θέ-

125 1415 329 1480 λοντες.

196 1529 245 1580 ι’.
288 1528 400 1600 (59)
430 1528 521 1600 [Τί
547 1530 729 1586 τοίνυν
768 1532 829 1586 τὸ
868 1533 1145 1588 πιστεύειν
1184 1533 1412 1602 ἀφέντες
1442 1534 1693 1606 τεχνολοο

120 1617 326 1685 γοῦμεν
359 1619 462 1689 τὴν
492 1620 707 1686 πίστιν;
734 1621 799 1674 Τί
825 1621 1141 1692 πληροῦμεν
1164 1623 1261 1692 τὴν
1283 1622 1581 1692 ἐπιθυμίαν
1606 1621 1701 1675 τοῦ

121 1707 300 1759 κοινοῦ
349 1709 683 1780 δυσμενοῦς;
717 1712 1088 1782 Λογισάμενος
1143 1713 1252 1783 γὰρ
1298 1714 1327 1767 ὀ
1387 1711 1632 1776 διάϐολος
1672 1712 1703 1765 ό

117 1797 296 1860 κοινὸς
338 1799 442 1868 τῆς
491 1800 908 1873 ἁνθρωπὸτητος
961 1802 1196 1873 λυμεὼν,
1236 1804 1317 1857 ὅτι
1356 1804 1599 1873 γαλήνης
1643 1803 1703 1855 ἒν

116 1890 250 1957 ἡμῖν
281 1890 733 1961 πολιτευομένης,
763 1891 829 1945 τὰ
866 1893 963 1962 τῆς
998 1893 1278 1955 εὐσεϐείας
1311 1893 1480 1959 ἀνθεῖ,
1519 1895 1619 1963 τῆς
1636 1890 1696 1945 δὲ

113 1980 358 2043 πίστεως
391 1980 714 2052 λαμπούσης
769 1983 882 2053 (40)
931 1984 1133 2048 εὑξωῖα
1183 1986 1393 2053 κρατεῦ
1422 1982 1695 2048 πολιτείας

111 2070 167 2122 δὲ
200 2069 489 2139 θεοφιλοῦς
522 2073 980 2145 κατορθουμένης,
1014 2073 1409 2145 μακαριότητος
1432 2072 1488 2126 δὲ
1522 2089 1699 2143 μεσα-

110 2157 319 2228 ζούσης
372 2161 511 2231 (41),
568 2163 711 2229 φίλοι
757 2163 851 2215 τοῦ
903 2163 1247 2235 Δημιουργοῦ
1306 2162 1698 2232 καθιστάμενοι

110 2250 249 2319 πρὸς
288 2251 385 2304 τὸν
426 2252 760 2322 ποθούμενον
788 2255 1159 2325 ἀνατρέχομεν
1186 2254 1322 2323 (42),
1353 2254 1442 2307 ἵνα»
1478 2253 1553 2323 μὴ
1605 2253 1699 2306 ἀν·

107 2340 366 2412 ἐλοωμεν
397 2343 512 2414 (43)
534 2344 655 2397 ὅθεν
687 2346 890 2408 ἐκεῖνος
926 2346 1248 2409 κατέπεσεν,
1291 2345 1455 2414 ὁρᾶτε
1504 2342 1556 2395 τί
1596 2359 1697 2396 πει

106 2433 365 2503 ποίηκεν,
406 2435 637 2499 καὶπῶς
672 2436 997 2507 πανούργως
1031 2437 1126 2491 καὶ
1160 2434 1393 2505 δολερῶς
1426 2434 1540 2505 (44)
1574 2434 1696 2488 καθ’

106 2524 271 2593 ἡμῶν
312 2526 642 2597 ὲραψῴδησε
686 2527 941 2598 πόλεμον,
985 2530 1014 2580 ὁ
1058 2526 1438 2598 μηχανοράφος
1462 2525 1570 2579 τῶν
1598 2541 1698 2579 κα-

102 2610 241 2675 κῶν,
281 2613 383 2665 καὶ
414 2614 577 2682 σοφὸς
614 2616 674 2668 ὲν
697 2615 952 2681 ἀπάταις,
984 2616 1082 2670 καὶ
1116 2615 1356 2677 ποικίλος
1388 2615 1446 2667 ὲν
1472 2614 1696 2667 ὲπιϐου-

100 2701 245 2769 λαῖς,
277 2704 381 2757 καὶ
410 2705 665 2769 πλούσιος
698 2707 756 2759 έν
782 2709 893 2771 τοῖς
914 2710 1106 2770 κακοῖς
1136 2710 1521 2778 μηχανήμασι;
1550 2707 1698 2776 Παρ-

98 2794 421 2848 εσκεύασέν
464 2796 577 2866 (45)
616 2815 770 2861 τινας
805 2801 861 2852 ὲν
890 2799 1237 2869 προσχήματι
1276 2798 1376 2867 τῆς
1416 2795 1695 2858 εὐσεϐείας

100 2888 536 2956 στρατεύεσθαι,
582 2894 676 2944 καὶ
720 2893 821 2961 τῆς
872 2893 1104 2960 πίστεως
1143 2893 1243 2962 τὴν
1287 2893 1515 2963 ζήτησιν
1551 2889 1697 2943 κατὰ

94 2978 199 3046 τῆς
233 2979 490 3042 πίστεως
519 2980 755 3034 ὥπλισεν
787 2983 921 3052 (44),
964 2980 1057 3034 καὶ
1087 2983 1222 3035 πᾶσι
1255 2983 1367 3044 τοῖς
1415 2979 1696 3033 εὐσεϐέσιν

93 3068 163 3119 δι’
193 3069 391 3123 αὐτῶν
418 3070 645 3141 ἄκαιρον
677 3072 1009 3140 φιλονεικίας
1030 3072 1124 3124 καὶ
1146 3070 1487 3141 ψυχοφθόρον
1517 3069 1698 3123 ἐνέϐα-

90 3159 152 3211 λε
195 3161 473 3231 πόλεμον,
512 3163 609 3216 καὶ
638 3163 739 3231 τῆς
778 3163 1101 3232 Ἐκκλησίας
1123 3161 1192 3215 τὰ
1220 3162 1356 3232 μέλη
1381 3161 1499 3214 κατ’
1528 3159 1694 3229 ἀλλήο

1810 702 2097 757 homicidis
2121 720 2136 768 ;
2165 710 2225 756 ut
2251 701 2421 758 Judaei
2457 705 2673 759 videant
2701 707 2973 774 quodnam
3001 722 3164 780 caput
3199 714 3373 783 spinis

1804 795 2212 862 coronaverint;
2239 793 2491 865 denique,
2523 806 2580 851 ut
2597 812 2720 852 cum
2748 797 3002 856 videbunt
3032 802 3084 856 in
3116 804 3373 862 tribunali

1804 886 2112 949 sedentem,
2144 894 2199 938 et
2230 885 2574 943 Cherubinos
2601 903 2667 943 ac
2693 887 3026 958 Seraphinos
3070 910 3194 949 cum
3224 906 3374 953 metu

1804 988 1969 1048 atque
2012 985 2216 1034 terrore
2244 986 2505 1045 astantes,
2568 980 2858 1052 dicentque
2890 999 2906 1037 :
2938 980 3048 1039 Nos
3076 985 3220 1042 hunc
3258 1005 3369 1043 non

1802 1066 2198 1132 cruciﬁximus,
2250 1067 2345 1123 sed
2393 1066 2575 1123 Jesum
2609 1072 2897 1140 quemdam
2930 1071 3268 1130 Nazarenum
3301 1080 3371 1134 de

1805 1150 2081 1211 Bethleem
2115 1156 2624 1212 condemnavimus:
2656 1174 2774 1228 Ipse
2804 1160 2945 1214 latus
2978 1161 3059 1217 eis
3097 1164 3367 1229 ostendat,

1803 1248 2129 1318 videamque
2172 1247 2227 1304 in
2262 1262 2427 1321 quem
2462 1248 2870 1317 transﬁxerint,
2910 1262 2965 1308 et
3000 1253 3088 1309 vel
3122 1256 3370 1312 nolentes

1803 1338 2053 1395 adorent.

1874 1541 1965 1597 10.
2011 1541 2121 1597 Cur
2149 1543 2330 1613 itaque
2363 1541 2684 1600 credulitate
2724 1545 2953 1617 ablecta,
2992 1546 3262 1617 quoddam
3302 1546 3368 1601 ll-

1802 1634 1886 1688 dei
1918 1632 2204 1687 artificium
2231 1632 2641 1702 excogitamus?
2666 1634 2777 1688 Cur
2813 1636 3017 1691 inimici
3057 1634 3367 1690 communis

1802 1732 1931 1776 voto
1959 1720 2244 1776 favemus?
2270 1720 2636 1776 Considerans
2682 1722 2827 1777 enim
2859 1722 3166 1778 communis
3190 1722 3369 1777 homi-

1802 1828 1933 1867 num
1969 1811 2141 1882 pestis
2185 1811 2458 1876 diabolus,
2494 1813 2652 1868 nobis
2693 1829 2817 1869 cum
2866 1830 2998 1885 pace
3029 1814 3363 1876 viventibus,

1806 1905 1921 1959 fore
1952 1912 2011 1958 ut
2043 1902 2230 1971 religio
2252 1901 2503 1969 “ureret;
2536 1912 2594 1957 ut
2625 1903 2864 1973 fulgente
2902 1904 3025 1967 ﬁde,
3059 1912 3265 1957 rectum
3291 1902 3368 1955 vi-

1800 2004 1866 2051 ιω
1896 2009 2068 2065 genus
2097 1993 2530 2058 convalesceret;
2564 1995 2841 2062 gratisque
2875 1995 2982 2046 Deo
3018 1991 3366 2047 moribusin-

1798 2087 2029 2149 stitutis,
2077 2085 2381 2139 heatitatem
2434 2084 2725 2153 quamdam
2766 2084 2965 2154 adepti,
3014 2093 3069 2139 et
3108 2081 3363 2137 Creatori

1795 2178 1906 2248 jam
1934 2176 2106 2241 chari,
2134 2176 2201 2230 ad
2222 2184 2463 2245 Optatum
2488 2175 2649 2230 linem
2675 2176 3124 2241 decurreremus;
3162 2188 3230 2229 ne
3257 2186 3363 2227 nos

1798 2271 1927 2324 illnc
1970 2267 2353 2334 ascendamus,
2402 2266 2546 2321 unde
2578 2266 2694 2337 ipse
2741 2268 2978 2332 excidit,
3010 2266 3188 2320 videte
3230 2264 3364 2335 quid

1796 2355 1988 2427 egerit,
2003 2365 2059 2410 et
2098 2370 2261 2426 quam
2314 2354 2584 2409 malitiose
2623 2352 2918 2424 doloseque
2957 2352 3217 2408 adversus
3261 2366 3364 2406 nos

1797 2452 1999 2506 bellum
2026 2448 2344 2504 conﬂaverit
2373 2448 2462 2503 hic
2487 2445 2816 2501 artiﬁciosns
2851 2446 3121 2501 malorum
3159 2442 3361 2512 upil‘ex,

1798 2541 1865 2595 ad
1897 2539 2140 2595 fraudem
2179 2538 2428 2601 callidus,
2454 2538 2507 2593 in
2540 2536 2752 2592 insidiis
2781 2544 3048 2601 versatus,
3072 2534 3365 2605 improbis-

1797 2648 1904 2704 que
1952 2631 2325 2687 molitionihus
2359 2629 2531 2684 dives.
2567 2626 2799 2697 Operam
2831 2625 2997 2692 dedit,
3025 2634 3084 2679 ut
3115 2622 3364 2679 nonnulli

1796 2725 1901 2779 sub
1941 2723 2152 2792 pietatis
2180 2721 2404 2775 obtentu
2444 2718 2693 2773 militiam
2746 2716 3107 2786 susciperent,
3138 2722 3193 2769 et
3240 2712 3364 2768 tldei

1794 2814 2125 2884 quaestiones
2147 2810 2408 2865 adversus
2445 2809 2604 2862 iidem
2630 2807 2881 2871 armavit,
2922 2804 3245 2873 cunctisque
3268 2817 3365 2858 or-

1797 2902 2050 2959 thodoxis
2083 2916 2176 2970 per
2216 2899 2314 2953 hos
2353 2898 2722 2967 importunum
2752 2896 3146 2963 animabusque
3180 2892 3367 2947 exitio?

1795 3011 1916 3052 sum
1957 2992 2239 3048 discordia:
2270 2990 2468 3043 bellum
2497 2988 2704 3057 injecit,
2738 2996 2793 3042 et
2834 2988 2888 3041 in
2909 2984 3160 3040 Ecclesiae
3195 2997 3369 3037 mem-

1794 3087 1908 3142 bris
1960 3082 2271 3137 intestinam
2307 3094 2538 3149 pugnam
2584 3077 2899 3132 commovit.
2935 3064 3055 3141 Quo
3086 3075 3248 3137 iacto,
3288 3072 3368 3125 nl-

1796 3184 1908 3230 tum
1930 3172 2123 3227 attollit
2143 3170 2497 3234 cachinnum,
2528 3169 2716 3223 videns
2736 3167 2829 3237 qui
2861 3167 2976 3222 suis
2995 3165 3238 3219 consiliis
3267 3177 3365 3231 pa-

90 3251 205 3303 λων
231 3253 628 3322 ἐστράτευσενο
666 3250 783 3307 εἶτα
808 3253 941 3325 γελᾷ
966 3253 1172 3307 πλατὺν
1216 3250 1446 3320 γέλωτα,
1483 3250 1692 3321 βλέπων

1798 3269 2020 3317 ruerant
2056 3258 2367 3320 subvorsos,
2402 3265 2566 3326 atque
2592 3270 2660 3311 ex
2689 3270 2879 3309 eorum
2922 3252 3129 3308 mutuis
3149 3250 3365 3305 damnis

86 3347 225 3405 τοὺς
276 3345 652 3415 πειθομένους
687 3344 836 3415 αὐτῷ
887 3347 1009 3408 ταῖς
1055 3344 1270 3414 βουλαῖς
1327 3343 1697 3415 τερπομένους

90 3437 231 3505 παρ’
279 3436 485 3503 αὐτοῦ,
516 3437 612 3491 καὶ
636 3436 935 3506 τέρποντας
973 3436 1135 3490 αὑτὸν
1168 3430 1252 3498 οἷς
1292 3434 1414 3487 κατ’
1450 3434 1697 3503 ἀλλήλων

84 3526 466 3597 ἐργάζονται,
504 3528 600 3581 κα)Ι
644 3527 765 3580 οὐδὲ
810 3527 950 3596 μετὰ
976 3528 1076 3597 τὴν
1113 3529 1309 3597 πεῖραν
1344 3525 1452 3578 τῶν
1486 3524 1695 3579 κακῶν.

85 3618 451 3689 Στρέφωμεν
493 3618 604 3688 (47)
631 3618 810 3671 τοίνυν
841 3616 983 3671 κατά
1023 3618 1121 3687 τῆς
1166 3614 1405 3687 πονηροῦ
1458 3615 1697 3685 κεφαλῆς

81 3705 260 3759 τοῦτο
294 3705 371 3775 δὴ
399 3704 462 3758 τὸ
492 3706 675 3774 σοφὸν,
708 3705 800 3758 καὶ
826 3704 925 3776 τὴν
950 3703 1292 3775 εὐφροσύνην
1322 3703 1490 3757 αὐτοῦ
1527 3718 1694 3772 μετα-

85 3794 379 3867 ϐᾶλωμεν
414 3797 497 3859 είς
525 3796 719 3865 ὀδύνην
757 3796 852 3849 καὶ
878 3794 1071 3859 πένθος
1105 3794 1572 3864 ἀπαρηγόρευτον·
1603 3794 1697 3846 καὶ

78 3886 450 3959 ποθήσωμεν
477 3887 585 3958 τὴν
611 3888 865 3959 εἰρήνην,
902 3887 969 3957 ἢν
998 3889 1205 3949 ἐκεῖνος
1250 3888 1417 3956 μισεῖο
1447 3884 1699 3938 καταλεί-

78 3994 302 4047 πωμεν
331 3977 401 4030 τὸ
424 3978 775 4046 ζυγοστατεϊν
804 3977 915 4050 (48)
940 3978 1033 4030 καὶ
1059 3976 1376 4048 σταθμίξειν
1394 3976 1494 4040 τὰς
1522 3975 1697 4040 λέξεις

79 4070 183 4121 τοι)
210 4068 525 4139 δόγματοςο
554 4069 890 4139 παυσώμεθα
920 4067 1016 4121 τοῦ
1047 4068 1221 4121 θέλειν
1250 4064 1388 4121 εἶναι
1415 4067 1523 4122 τῶν
1552 4067 1693 4121 διδαοη

77 4160 330 4212 σκὰλων
366 4159 699 4213 διδάσκαλοι·
749 4160 1071 4229 μισήσωμεν
1118 4158 1179 4213 τὸ
1230 4158 1554 4229 λογομαχεῖν
1603 4158 1695 4211 ἐπὶ

75 4252 473 4321 καταστροφῇ
499 4251 609 4303 τῶν
632 4250 956 4304 ἁκουόντων’
994 4250 1379 4320 πιστεύσωμεν
1407 4250 1481 4313 ὡς
1508 4252 1556 4302 οἱ
1582 4251 1694 4303 Πα-

79 4343 257 4411 τέρες
286 4342 460 4412 ὴμῶν
489 4343 832 4412 παρέδωκαν·
863 4342 965 4394 οὐκ
995 4342 1163 4412 ὲσμὲν
1190 4342 1298 4394 τῶν
1329 4340 1591 4412 Πατέρων
1614 4356 1697 4394 σο-

76 4435 377 4506 φώτεροι·
412 4434 512 4501 οὐκ
557 4435 722 4503 ὲσμὲν
750 4434 859 4487 τῶν
895 4434 1232 4487 διδασκάλων
1260 4433 1419 4503 ἡμῶν
1468 4431 1693 4502 ἀκριϐέ-

79 4541 314 4595 στεροι·
374 4524 474 4577 οὐκ
520 4525 686 4594 ὲσμὲν
728 4518 838 4577 τῶν
881 4524 1155 4594 ποιμένων
1217 4523 1498 4593 ποιμένες,
1561 4522 1696 4575 ἀλλὰ

1798 3353 2033 3407 h'uctum
2064 3348 2303 3417 capiens,
2337 3346 2432 3416 qui
2472 3362 2539 3400 ne
2565 3355 2690 3416 post
2721 3346 2893 3415 ipsam
2933 3343 3023 3413 qui
3045 3343 3152 3395 lem
3188 3340 3365 3395 malo-

1797 3458 1918 3497 rum
1954 3439 2342 3510 experientiam
2397 3445 2638 3492 ccssant.
2692 3434 3068 3505 Torqueamus
3108 3432 3268 3502 igitur
3309 3430 3366 3484 in

1794 3540 1960 3602 caput
1993 3530 2111 3599 t-jns
2142 3528 2285 3582 hanc
2316 3527 2487 3597 ipsius
2515 3525 2794 3592 astutiam,
2831 3522 3197 3594 gaudiumque
3220 3519 3368 3590 ejus-

1796 3624 1917 3678 dem
1944 3623 1998 3677 in
2018 3622 2261 3675 dolorem
2290 3620 2605 3689 luctumque
2627 3626 2942 3686 perpetuum
2964 3628 3048 3668 co:
3071 3621 3364 3667 vertamus.

1794 3712 2014 3778 Pacem,
2044 3726 2207 3782 quam
2238 3710 2354 3780 ipse
2401 3708 2535 3771 odit,
2567 3716 2851 3776 optemus:
2889 3702 3201 3758 desinamus
3232 3714 3369 3769 pon-

1794 3805 1987 3860 derare
2008 3809 2063 3858 et
2087 3804 2153 3856 an
2177 3802 2385 3854 lancem
2410 3799 2627 3870 exigere
2651 3795 2921 3867 dogmatis
2946 3791 3228 3849 vocabula.
3259 3788 3366 3842 No-

1796 3895 1959 3949 limus
1982 3906 2102 3948 esse
2120 3892 2508 3961 magistrorum
2532 3888 2776 3959 magistri
2805 3904 2817 3939 :
2842 3898 3053 3955 pugnas
3074 3880 3365 3936 verborum

1794 3988 2062 4048 vitemus,
2114 3982 2315 4053 quibus
2365 3980 2643 4035 auditores
2676 3972 3286 4048 pervertunturzﬁdem
3333 3985 3365 4024 a

1794 4075 2042 4148 patribus
2080 4073 2282 4127 ucstris
2311 4070 2565 4125 traditam
2599 4079 2901 4124 teneamus.
2930 4064 3183 4119 Patrihus
3206 4064 3367 4132 quip-

1793 4178 1862 4234 pe
1892 4160 2096 4216 nostris
2124 4159 2480 4228 sapientiores
2509 4171 2616 4211 non
2654 4168 2868 4218 sumus,
2909 4166 3010 4207 nec
3049 4149 3365 4205 doctoribus

1795 4252 2001 4310 nostris
2043 4249 2438 4319 ingeniosiores
2461 4266 2477 4303 :
2501 4257 2781 4317 pastorum
2816 4259 2923 4299 non
2962 4258 3152 4297 sumes
3183 4249 3364 4309 pasto~

1794 4359 1902 4408 res,
1936 4340 2033 4398 sed
2063 4354 2191 4395 oves
2229 4357 2243 4393 :
2273 4351 2436 4409 porro
2476 4337 2545 4391 ab
2581 4337 2775 4391 ovibus
2826 4350 2933 4389 non
2980 4341 3243 4403 reguntur
3271 4346 3366 4401 pa-

1798 4443 1996 4495 stores,
2028 4430 2121 4486 sed
2154 4444 2187 4484 a
2208 4428 2517 4499 pastoribus
2554 4442 2703 4483 oves.
2728 4426 2808 4481 Ad
2842 4441 3026 4495 pacem
3057 4439 3159 4478 nos
3191 4423 3360 4485 Deus,

1796 4540 1905 4578 non
1928 4523 1995 4576 ad
2044 4536 2302 4590 pugnam,
2362 4517 2591 4573 vocavit.
2633 4516 2946 4570 Maneamns
2984 4515 3038 4568 in
3084 4512 3369 4567 vocatione

79 4616 386 4687 πρόϐατα·
420 4616 479 4667 οὒ
538 4614 812 4684 ποιμαίνει
851 4614 918 4668 τὰ
960 4615 1207 4684 πρόϐατα
1231 4615 1356 4677 τοὺς
1403 4613 1687 4683 ποιμένας,

1798 4622 2002 4670 nostra.
2042 4610 2322 4681 Mysticam
2370 4623 2612 4663 mensam
2651 4622 2776 4662 cum
2827 4614 3059 4660 tremore
3111 4617 3363 4658 reverea-

77 4704 202 4759 DJ.’
239 4706 301 4758 oi
344 4704 603 4774 ποιμένες
655 4704 723 4756 τὰ
770 4704 1038 4775 πρόϐατα.
1076 4704 1166 4757 Ἐν
1196 4705 1388 4774 εἰρήνῃ
1427 4704 1540 4770 (49)
1589 4703 1684 4755 κέ-

81 4796 311 4865 ιληκεν
345 4794 457 4861 (50)
487 4795 632 4863 ἡμᾶς
672 4796 699 4846 ὁ
726 4794 879 4858 Θεὸς,
901 4793 1001 4847 οὐκ
1050 4795 1109 4846 ὲν
1138 4795 1304 4864 μάχῃ·
1345 4793 1421 4856 ὡς
1454 4792 1691 4863 ἐκλήθη-

75 4907 210 4951 ιεν,
255 4886 447 4947 οὕτως
475 4885 842 4955 ἐμμείνωμεν.
880 4885 1163 4958 Φρίξωμεν
1198 4887 1309 4956 (51)
1352 4887 1452 4957 τὴν
1494 4903 1688 4957 μυστι-

139 5020 287 5090 (59)
320 5018 676 5090 Sequentem,
710 5020 966 5090 usquead
988 5022 1163 5090 gerba
1189 5019 1422 5090 ,καὶᾉεξω
1445 5020 1681 5089 φιλόνει-

79 5088 190 5154 εοι,
234 5088 493 5142 tractum
519 5089 909 5142 versiculorum
947 5089 1040 5153 47,
1077 5089 1261 5144 laudat
1291 5088 1530 5145 Joannes
1564 5105 1681 5143 mo-

79 5160 324 5226 tachtls
357 5156 474 5225 (qui
505 5155 732 5226 Heraclii
794 5159 926 5226 imp.
980 5173 1096 5212 aevo
1130 5159 1282 5226 vixit)
1316 5160 1369 5211 in
1400 5158 1680 5213 Parallelis

85 5223 901 5297 npel'ucaldinisagLeqninio
922 5235 1047 5297 post
1082 5228 1172 5281 illa
1217 5223 1533 5282 Damasceni
1562 5227 1678 5297 edi-

78 5293 163 5356 is'.
211 5308 266 5350 t.
320 5293 385 5357 ll,
422 5309 468 5362 p.
540 5294 664 5354 775.
709 5293 816 5349 non
888 5293 1005 5349 sine
1035 5305 1214 5350 tamen
1266 5297 1431 5350 variis
1468 5296 1679 5351 mendis

94 5378 270 5435 tque
302 5362 884 5435 omissionibus._Sed
937 5373 1140 5435 tamen
1180 5365 1436 5419 notabilis
1478 5365 1562 5435 ibi
1593 5373 1677 5435 est

78 5432 366 5502 .eiluiuii
399 5447 575 5502 error,
607 5434 699 5500 qui
732 5432 994 5501 Gregorio
1019 5433 1359 5487 Antiocheno
1389 5433 1676 5488 substituit

78 5499 361 5570 irégorii
420 5499 645 5570 Nysseni
693 5499 898 5570 nomen
915 5517 951 5570 ἐ
992 5502 1149 5570 cujus
1184 5517 1424 5557 errorem
1452 5512 1674 5557 secutus

83 5582 155 5628 st
187 5568 263 5623 in
302 5568 645 5638 Bibliotheca
677 5568 860 5624 Graeca
913 5568 1217 5635 Fabricius,
1249 5570 1339 5638 qui
1407 5571 1550 5624 inter
1576 5571 1674 5624 de-

75 5638 323 5708 κει-ὀίω
352 5636 585 5708 Nysseni
638 5638 839 5707 scripta
891 5648 1139 5708 recenset
1170 5636 1317 5708 hunc
1365 5654 1672 5693 sermonem

83 5727 127 5762 c
183 5707 328 5762 illis
361 5705 542 5761 verbis
575 5708 717 5760 :Ht'c
751 5705 849 5759 Vest
896 5705 1071 5759 Filius
1112 5724 1252 5761 meus
1277 5707 1521 5771 dilectus,
1566 5716 1671 5764 etc.

75 5778 99 5830 1
107 5777 267 5832 υιιὶσ
280 5774 468 5830 ionem
487 5775 628 5845 hanc
645 5774 744 5830 etsi
770 5789 870 5843 ego
891 5775 1017 5845 alibi
1040 5776 1218 5830 oblata
1253 5778 1541 5831 occasione
1562 5777 1674 5845 jam

79 5857 378 5911 scel-am,
413 5843 659 5902 eamdem
699 5852 879 5902 tamen
923 5844 1028 5901 hoc
1079 5846 1252 5916 magis
1295 5846 1520 5917 proprio
1554 5843 1675 5902 loco

1794 4719 1935 4768 mur,
1974 4701 2118 4770 apud
2161 4714 2322 4770 quam
2369 4698 2610 4753 cmlestia
2651 4696 2903 4768 mysteria
2939 4694 3361 4765 participantus,

1795 4793 1872 4847 Ne
1899 4791 2071 4847 simus
2098 4786 2289 4843 eodem
2328 4794 2570 4854 tempore
2592 4786 2853 4848 convivae,
2888 4793 2941 4837 ct
2970 4782 3202 4836 invicetu
3227 4779 3360 4833 insi-

1802 4883 2039 4938 diatores
2067 4896 2082 4934 :
2111 4892 2179 4932 ne
2225 4876 2313 4931 hic
2344 4873 2746 4930 communionis
2788 4873 2944 4939 socii,
2988 4884 3142 4927 extra
3178 4879 3359 4926 autem

1790 5016 2044 5072 omittere
2069 5028 2177 5066 non
2215 5011 2403 5068 debui.

1880 5083 1970 5152 40)
2140 5080 2385 5152 Lequinii
2417 5078 2747 5152 κρατούσης.

1876 5145 1968 5218 41)
2004 5151 2207 5204 Desunt
2227 5145 2469 5220 quinque
2492 5145 2772 5218 superiora
2815 5148 2974 5220 verba
3004 5146 3055 5200 itt
3087 5145 3178 5200 cd.

1854 5218 1969 5287 (42)
1990 5221 2183 5274 Adhuc
2211 5218 2314 5273 tria
2363 5218 2526 5274 verba
2563 5223 2759 5271 desunt
2789 5219 2842 5271 itt
2874 5218 2964 5271 ed.

1857 5291 1971 5355 (45)
2001 5289 2099 5343 Ed.
2132 5287 2372 5343 deterius
2410 5287 2746 5354 ἐπέλθωμεν.

1878 5356 1968 5428 44)
1997 5357 2163 5428 Deest
2200 5358 2255 5411 in
2289 5358 2376 5411 ed.
2399 5356 2650 5428 δολερῶς.

1873 5427 1965 5495 45)
1991 5427 2089 5481 Ed.
2111 5427 2543 5496 παρασκευάζει.

1857 5495 1969 5565 (46)
1996 5496 2212 5565 Desunt
2231 5496 2286 5549 in
2310 5496 2400 5551 ed.
2450 5495 2609 5549 verba
2637 5508 2753 5549 sex.

1851 5564 1962 5637 (47)
1993 5564 2199 5637 Qesunt
2232 5568 2287 5618 in
2310 5565 2604 5637 edtverba
2645 5564 2739 5621 ‘22.

1850 5631 1963 5703 (48)
1996 5632 2092 5704 βαι.
2128 5631 2476 5704 ζυγομαχεῖν.

1849 5701 1962 5776 (49)
1989 5701 2287 5776 chuntan
2326 5701 2411 5756 ed.
2443 5703 2612 5758 verba
2646 5705 2746 5771 J3.

1851 5771 1965 5840 (50)
1988 5772 2091 5825 Ed.
2116 5771 2373 5825 ἐκάλεσεν

1851 5840 1963 5914 (51)
1987 5840 2087 5898 Ed.
2120 5840 2558 5913 προσξιείνωμεν.
