4112 6416
91 359 222 426 1885

1242 372 1513 432 CONCIO
1541 375 1640 434 AD
1667 374 2135 437 EXERCITUM.

3181 377 3319 444 1886

85 471 232 543 χειρί
280 472 447 540 Θεοῦ,
479 474 576 528 καὶ
611 469 684 532 οὗ
719 475 796 529 ἂν
831 475 980 545 θέλῃ
1013 478 1206 533 κλίνει
1255 482 1466 547 αὑτήν.
1516 484 1644 535 ’Υπ-

1750 485 1919 554 pulsis
1949 485 2182 555 peccatis
2227 482 2488 541 fortitudo
2517 492 2698 540 vestra
2724 485 2914 548 eluxit,
2949 484 3093 555 qttod
3132 491 3323 545 certis-

80 563 254 629 εἱξατέ
283 581 371 634 μοι
399 561 513 631 οὖν,
542 559 588 618 ὧ
624 565 907 638 Ῥωμαῖοι,
937 569 1167 640 τάχιστα
1191 586 1206 600 °
1240 573 1334 624 καὶ
1363 573 1436 642 μὴ
1473 591 1643 627 κατα-

82 655 362 724 προδῶμεν
391 655 485 709 τὸν
531 658 777 726 παρόντα
823 660 1034 730 καιρὸν,
1084 662 1220 731 μηδὲ
1268 663 1646 731 παρολισοίσοι

75 747 406 815 διαμαρτών.
455 748 621 801 Μισεῖ
663 749 774 820 γὰρ
822 751 1142 820 κρατεῖσθαι
1183 751 1517 822 διαδραμὼν,
1550 753 1646 805 καὶ

77 836 258 906 ὥσπερ
289 837 614 904 ἀγανακτῶν
642 840 724 892 ὅτι
752 857 815 908 γε
863 839 1156 912 παρώφθη,
1201 842 1501 913 δύσληπτος
1532 843 1642 914 (55)

72 923 211 978 εἶναι
247 929 504 994 καθάπαξ
536 930 938 1000 οὐκ-ἀνέχεται.

1746 575 1944 628 simum
1977 587 2061 629 est
2105 582 2484 640 argumentum
2525 573 2747 628 indultae
2787 574 2994 628 venire:
3044 574 3322 642 quomodo

1745 665 1862 733 ipse
1885 665 1974 718 Dei
2006 664 2380 735 praeiudicium
2408 679 2515 719 non
2539 664 2771 734 sequar?
2797 663 2901 718 Cor
2922 667 3057 735 regis
3079 667 3131 718 iu
3161 680 3323 718 manu

1745 754 1845 809 Dei
1869 765 1968 822 est,
1991 766 2039 810 et
2062 772 2364 826 quocunque
2396 757 2618 810 voluerit
2649 755 2810 821 Deus,
2846 755 2980 809 illud
3005 757 3228 811 inclinat
3251 756 3318 812 δ’.

1747 845 2126 916 Obtempcrate
2165 848 2348 916 itaque
2374 847 2505 901 mihi
2537 862 2698 915 quam
2732 847 3016 906 citissime.
3044 846 3271 902 Romani
3301 865 3316 900 :

1747 950 1846 991 nec
1868 937 2208 992 occasionem
2233 937 2391 992 nobis
2414 937 2648 990 oblatam
2673 935 3037 1003 dimittamus,
3059 952 3160 992 nec
3180 938 3320 992 elabi

72 1019 364 1086 patiamur.
395 1019 530 1076 Nam
559 1032 843 1092 postquam
869 1026 1138 1096 effugerit,
1168 1029 1550 1098 comprehendi
1581 1043 1641 1084 se
1680 1045 1787 1084 non
1818 1030 2021 1099 patitur
2049 1049 2064 1085 :
2089 1039 2146 1086 et
2211 1030 2366 1101 quasi
2409 1030 2626 1102 indigne
2658 1028 2838 1085 ferens
2866 1029 3013 1101 quod
3076 1032 3318 1094 neclecta

70 1109 252 1170 fuerit,
288 1126 566 1179 nunquam
599 1127 657 1168 se
685 1114 768 1168 bis
797 1117 916 1184 capi
949 1117 1101 1171 sinit.

135 1200 607 1272 κληρονομήσατε
651 1199 744 1258 οὖν
773 1207 902 1268 τοὺς
932 1207 1176 1276 πατέρας
1214 1207 1313 1275 τῆς
1361 1208 1642 1276 εὐηκοίας,
1678 1254 1690 1266 ,

66 1287 253 1356 ὥσπερ
299 1290 399 1360 τῆς
441 1291 693 1362 ἀνδρείας
733 1293 1228 1366 ὲκληρονομήσατε,
1258 1296 1343 1350 ἵνα
1382 1295 1469 1349 διὰ
1509 1295 1646 1349 πάν-

66 1394 175 1428 των
220 1378 490 1448 Ῥωμαῖοι
533 1381 805 1450 δειχοῆτε,
854 1383 949 1434 καὶ
1004 1383 1193 1452 μηδεὶς
1239 1383 1391 1453 ὑμῶν
1439 1383 1644 1453 ἅψηται

69 1466 285 1534 μῶμος,
328 1468 362 1537 ἢ
421 1469 833 1540 νενοθευμένους
881 1471 1076 1535 παῖδας
1126 1472 1296 1543 δείξῃ.
1356 1471 1491 1524 Ὑπὸ
1533 1474 1644 1534 τοῖς

66 1557 296 1620 ὑπάτοις
317 1557 415 1611 καὶ
439 1559 720 1629 βασιλεῦσι
743 1561 1079 1632 ταττόμενοι,
1099 1563 1149 1616 οἱ
1181 1563 1325 1633 ὑμᾶς
1353 1561 1641 1632 φύσαντες,

1825 1205 1892 1261 ll.
1949 1204 2202 1259 liaeredcs
2229 1210 2404 1258 estote
2437 1203 2757 1259 ebedientiaa
2799 1204 3066 1272 majorum
3112 1211 3324 1260 vestro"

1750 1310 1896 1360 rum,
1926 1295 2069 1350 sicut
2113 1293 2456 1350 fortitudinis
2501 1307 2691 1349 eorum
2728 1295 2971 1351 bzercdes
3014 1294 3232 1362 fuistis;
3262 1305 3320 1350 ut

1748 1401 1844 1441 vos
1880 1385 2155 1440 Romanos
2187 1384 2548 1454 undecunque
2580 1385 2901 1448 ostendatis.
2933 1401 3036 1442 nec
3078 1387 3184 1441 ulla
3231 1401 3318 1441 re-

1748 1476 2124 1547 prehensionis
2157 1484 2283 1530 nota
2325 1475 2531 1531 nomini
2566 1482 2748 1531 vestro
2793 1476 3066 1542 inuratur,
3112 1491 3320 1548 vosque

1749 1567 2040 1637 degeneres
2063 1581 2183 1621 esse
2203 1565 2345 1620 filios
2373 1575 2586 1634 arguat.
2615 1565 2848 1636 Majores
2873 1567 3036 1621 vestri
3065 1567 3168 1623 sub
3187 1581 3291 1622 con

67 1647 247 1700 πειθοῖ
293 1650 393 1703 καὶ
426 1651 648 1722 ἀνδρείᾳ.
689 1652 752 1704 τὸ
795 1651 1113 1722 οἰκούμενον
1147 1654 1292 1708 ἅπαν
1337 1652 1647 1723 προσεκτήο

1750 1657 1930 1712 aulum
1960 1664 2126 1727 atque
2158 1655 2541 1725 imperatorum
2573 1656 2836 1726 regimine
2860 1656 3160 1720 constituti,
3191 1657 3323 1713 obe-

66 1754 250 1792 σαντο.
283 1740 528 1804 Μάλλιος
573 1742 948 1812 Τουρκουᾶτος
979 1744 1072 1797 τὸν
1101 1745 1266 1798 παῖδα
1293 1744 1646 1813 στεφανώσας

66 1830 302 1892 ἀνεῖλεν,
345 1831 742 1902 ἁνδρισάμενον
798 1834 920 1904 μὲν,
973 1835 1350 1905 ἀπειθήσαντα
1394 1836 1471 1890 δέ.
1525 1835 1647 1889 Τῶν

63 1920 173 1988 γὰρ
222 1922 546 1988 ἀγαγόντων
572 1923 828 1995 εὐϐουλίᾳ.
871 1927 1103 1980 καὶτῶν
1139 1925 1422 1996 ἀγομένων
1463 1927 1647 1979 εὐπει-

64 2012 185 2082 θείᾳ
214 2013 331 2083 (56)
371 2015 584 2084 μεγάλα
624 2016 932 2086 πεφύκασιν
959 2017 1137 2087 ἀγαθὰ
1180 2017 1641 2089 κατεργάζεσθαι·

63 2102 298 2174 θάτερον
324 2105 388 2158 δὲ
415 2105 510 2159 τοῦ
536 2107 724 2178 ἑτέρου
757 2108 1007 2180 χηρεῦον,
1035 2109 1260 2179 χωλεύει
1285 2126 1346 2163 τε
1373 2110 1466 2164 καὶ
1491 2125 1647 2180 περι-

62 2196 356 2266 τρέπεται,
386 2201 482 2252 καὶ
503 2198 799 2268 σφάλλεται
827 2201 1064 2266 πάντως,
1092 2201 1192 2271 τῆς
1237 2202 1468 2272 ἀρίστης
1519 2201 1645 2268 ξυν-

61 2286 260 2354 ωρίδος
309 2287 692 2360 διαλυομένης.
718 2289 812 2360 Μὴ
837 2286 929 2345 οὖν
982 2290 1233 2360 μέλλετε·
1280 2291 1539 2360 πείσθητε
1584 2290 1642 2344 δέ

66 2393 181 2442 μοι,
212 2377 523 2449 ἱερωσύνης
559 2378 809 2451 βασιλείᾳ
835 2379 930 2435 καὶ
965 2379 1180 2452 στρατῷ
1217 2380 1642 2450 μεσιτευοὺσηςο

62 2464 158 2516 καὶ
182 2464 402 2532 δείξατε
430 2467 508 2530 ὡς
535 2467 595 2521 οὐ
620 2469 874 2538 τυραννὶς
905 2469 974 2524 τὰ
998 2468 1258 2541 ὑμέτερα,
1287 2469 1425 2522 ἀλλὰ
1461 2467 1646 2524 δικαία

61 2555 199 2624 πρὸς
252 2557 460 2626 μικρὸν
505 2557 878 2629 ἀγανάκτησις
937 2559 1078 2614 κατά
1119 2559 1228 2612 τῶν
1274 2559 1648 2630 ἀδικησάντων

61 2645 206 2715 ὑμᾶς
237 2648 590 2718 στρατηγῶν.
645 2649 711 2702 Et
757 2649 865 2720 γάρ
907 2649 982 2720 μὴ
1024 2649 1124 2721 τὴν
1169 2649 1431 2721 ταχίστην
1477 2667 1646 2720 προσ-

61 2735 348 2805 δράμοιτε,
387 2737 500 2804 ἐγὼ
533 2738 632 2807 μὲν
662 2738 1018 2808 ἐξοσιώσομαι
1045 2741 1139 2794 καὶ
1165 2739 1264 2810 τὴν
1282 2742 1342 2802 ἐς
1372 2740 1470 2812 τὴν
1492 2743 1645 2795 πολι-

61 2827 211 2878 τείαν
249 2828 495 2893 εὔνοιαν,
537 2829 633 2882 καὶ
673 2831 774 2901 τὴν
815 2831 873 2893 ἐς
927 2831 1072 2902 ὑμᾶς
1119 2830 1334 2900 φιλίανο
1385 2833 1546 2901 ὑμεῖς
1588 2831 1647 2885 δὲ

61 2918 317 2969 σκοπεῖτε
352 2919 489 2971 ποῖα
514 2918 621 2971 τῶν
668 2919 946 2990 τυράννων
974 2921 1043 2974 τά
1069 2922 1220 2992 τέλη.
1260 2921 1363 2974 Ποῖ
1403 2921 1512 2992 γὰρ
1542 2922 1638 2975 καὶ

1750 1747 1950 1803 dientia
1976 1762 2041 1802 ac
2079 1745 2401 1801 fortitudine
2443 1746 2628 1802 orbem
2672 1755 2939 1802 terrarum
2971 1746 3320 1816 subegerunt.

1751 1837 1984 1893 Manlius
2004 1837 2310 1907 Torquatus
2337 1836 2507 1891 filium
2535 1851 2718 1900 suum,
2741 1837 2834 1905 qui
2869 1836 3080 1892 fortiter
3103 1838 3320 1906 quidem

1751 1946 1812 1989 se
1840 1939 2100 2001 gesserat,
2133 1929 2362 1997 imperio
2395 1937 2575 1983 tamen
2617 1927 2842 1984 minime
2867 1937 3142 1997 paruerat,
3171 1943 3326 1985 coro-

1751 2027 1938 2076 natum
1970 2017 2147 2074 securi
2182 2017 2473 2086 percussit.
2520 2015 2730 2072 Ducum
2770 2016 2917 2072 enim
2957 2017 3242 2087 prudentia
3267 2026 3325 2074 et

1750 2109 1983 2165 militum
2008 2107 2315 2163 obedientia
2338 2122 2427 2163 res
2457 2106 2708 2162 maxima:
2728 2106 2914 2177 perfici
2943 2108 3092 2162 solcn
3103 2117 3144 2163 t.
3165 2107 3320 2174 Quod

1751 2200 1797 2254 si
1828 2200 2057 2254 alterum
2086 2197 2312 2252 alterius
2335 2209 2439 2266 ope
2466 2195 2817 2264 destituatur,
2837 2196 3108 2251 claudicat
3137 2196 3323 2252 statim

1749 2295 1915 2357 atque
1959 2300 2206 2342 eversum
2253 2285 2488 2350 labitur,
2522 2283 2793 2354 disjuucto
2837 2284 3070 2338 duarum
3105 2283 3320 2339 illarum

1751 2379 2013 2435 virtutum
2041 2376 2492 2448 praestantissimo
2515 2375 2668 2446 jugo.
2696 2374 2875 2430 Nolite
2905 2374 3069 2446 igitur
3093 2374 3324 2444 amplius

1751 2468 1995 2526 cunctari
2026 2484 2042 2521 :
2085 2469 2178 2524 sed
2213 2468 2348 2522 mihi
2389 2466 2782 2537 obtemperate,
2805 2465 2898 2537 qui
2942 2473 3198 2536 tanquam
3233 2480 3324 2522 sa-

1751 2560 1962 2623 cerdos,
2005 2559 2148 2614 inter
2178 2558 2559 2628 imperatorem
2584 2564 2642 2612 et
2677 2557 2977 2612 exercitum
3009 2555 3325 2626 reparanda:

1751 2647 2058 2703 concordia:
2081 2646 2350 2716 interpres
2375 2661 2519 2701 sum.
2543 2644 2824 2702 Ostendite
2840 2645 3042 2700 nullam
3065 2660 3185 2702 esse
3203 2659 3323 2716 per-

1750 2735 2078 2792 duellionem
2106 2736 2161 2790 in
2199 2750 2267 2790 eo
2290 2734 2436 2805 quod
2479 2733 2687 2805 egistis,
2722 2734 2816 2790 sed
2845 2734 3048 2804 justam
3079 2733 3326 2801 indigna-

1753 2826 1953 2881 tionem
1981 2824 2048 2879 ad
2085 2827 2246 2881 breve
2277 2835 2494 2896 tempus
2522 2833 2832 2896 susceptam
2863 2825 3125 2880 adversus
3156 2824 3327 2879 duces

1752 2925 1965 2972 vestros
1989 2957 2006 2982 ,
2056 2933 2086 2970 a
2129 2915 2331 2986 quibus
2381 2915 2578 2984 injuria
2606 2915 2782 2971 affecti
2820 2915 2974 2971 estis.
3015 2913 3134 2969 Nisi
3179 2913 3324 2968 enim

61 3010 354 3075 περανεῖτε
397 3009 470 3062 τὰ
496 3010 767 3080 παρόντα;
811 3009 1064 3080 Ἀορόους
1097 3007 1258 3080 εἶναι,
1304 3011 1415 3066 τῶν
1443 3012 1638 3068 ἀδυνά-

1751 3021 1915 3078 quam
1947 3005 2231 3062 celerrime
2268 3005 2336 3060 ad
2386 3004 2771 3075 imperatorem
2809 3002 3182 3066 accurrcritis,
3225 3016 3328 3072 ego

61 3112 186 3149 των.
235 3097 418 3149 Πόθεν
446 3097 553 3169 γάρ
580 3099 614 3169 ἡ
645 3098 754 3152 τῶν
785 3100 1002 3168 ὡραίων
1052 3103 1375 3174 συγκομιδὴ,
1423 3103 1456 3175 ἢ
1489 3098 1564 3157 ὧν
1590 3105 1648 3168 ἐς

61 3186 356 3256 ἀντίληψιν
401 3189 434 3256 ή
476 3187 720 3244 θάλασσα
756 3192 820 3260 τῇ
855 3191 1066 3260 ἠπείρῳ
1089 3192 1324 3258 δίδωσιν,
1360 3196 1408 3247 εί
1453 3196 1527 3265 μή
1582 3212 1646 3262 γε

61 3277 439 3346 πολεμοῦντες
493 3280 880 3348 Χριστιανοὺς.
933 3283 1029 3334 καὶ
1093 3283 1525 3353 πολεμούμενοι,
1575 3284 1647 3338 τὰ

61 3367 285 3417 πάντων
334 3367 590 3434 αἴσχιστα
635 3367 884 3436 δράσοιτε
923 3371 1016 3422 καὶ
1050 3370 1358 3436 πείσοισθε;
1414 3373 1524 3424 Καὶ
1550 3373 1646 3425 ποτ

61 3457 118 3507 τὸ
143 3457 342 3518 τέλος;
395 3456 666 3527 Σποράδες
698 3458 973 3528 γενόμενοι
1003 3459 1350 3529 βιοτεύσοιτε.
1395 3461 1635 3515 Αὑτόθεν

62 3549 215 3617 παρὰ
258 3550 440 3611 πόδας
469 3552 502 3620 ἠ
537 3551 683 3620 δίκη,
735 3551 1064 3622 συγγνώμην
1093 3552 1186 3607 τοῦ
1229 3553 1417 3606 λοιποῦ
1463 3553 1648 3625 νέμειν

61 3639 163 3690 οὐκ
211 3639 551 3710 ἀνεχομένη.
599 3641 790 3704 Δόντες
815 3638 908 3695 οὖν
939 3642 1136 3708 δεξιάς,
1167 3645 1260 3697 καὶ
1303 3645 1515 3708 ἑαυτοῖς
1558 3645 1652 3699 καὶ

61 3729 139 3797 τῷ
169 3728 540 3800 πολιτεύματι
575 3732 635 3784 τὸ
674 3735 914 3787 συνοῖσον
944 3736 1326 3805 σκοπήσωμεν,
1358 3735 1436 3788 ὅτ’
1460 3734 1528 3790 ἂν
1557 3736 1652 3790 καὶ

61 3821 159 3882 τὰς
192 3821 419 3892 ἡμέρας
444 3823 537 3888 τοῦ
563 3825 830 3894 σωτηρίου
858 3824 1084 3892 πάθους,
1113 3827 1205 3879 καὶ
1233 3827 1334 3896 τῆς
1377 3827 1652 3896 παναγίας

61 3913 432 3976 ἀναστάσεως
484 3915 716 3984 Χριστοῦ
744 3915 839 3968 τοῦ
881 3915 1016 3969 Θεοῦ
1043 3916 1651 3987 συνεπιλαμϐανομένας

61 4001 308 4071 ἔχωμεν.

1751 3099 1972 3170 quidem
2001 3107 2116 3153 tum
2145 3095 2532 3152 benevolentiae
2554 3108 2719 3165 quam
2748 3092 2920 3148 debeo
2945 3091 2998 3146 in
3030 3089 3328 3162 rempubli-

1749 3204 1892 3253 cam,
1926 3195 2040 3242 tum
2073 3200 2210 3240 meae
2237 3199 2365 3255 erga
2395 3196 2494 3238 vos
2537 3181 2793 3236 amicitiae
2835 3177 3174 3234 satisfecero.
3220 3172 3329 3230 Vos

1749 3291 1880 3332 vero
1902 3273 2264 3338 considerate,
2292 3285 2500 3340 quzeso,
2540 3269 2763 3340 quinam
2803 3267 2916 3323 sint
2941 3266 3118 3322 exitus
3146 3274 3329 3335 tyran-

1749 3381 1968 3422 norum.
1991 3364 2108 3430 Qua
2127 3363 2274 3417 enim
2301 3360 2516 3416 ratione
2537 3358 2888 3430 praesentium
2919 3371 3100 3412 rerum
3127 3363 3328 3410 statum

1745 3454 2148 3513 terminabitis?
2170 3451 2241 3510 Ut
2273 3453 2326 3508 in
2350 3465 2519 3506 unum
2550 3450 2766 3506 collecti
2799 3446 3184 3518 permaneatis,
3211 3439 3324 3500 fier?“

1745 3548 1893 3604 nullo
1924 3546 2087 3602 modo
2127 3552 2326 3614 potest.
2371 3540 2528 3596 Unde
2557 3541 2704 3595 enim
2744 3538 2932 3609 fruges
2964 3539 3030 3592 ad
3061 3550 3160 3592 vos
3189 3549 3327 3590 con—

1745 3639 2053 3702 vehentur,
2099 3646 2196 3691 aut
2231 3649 2296 3690 ea
2337 3631 2625 3688 commoda
2671 3645 2794 3700 qua;
2835 3643 2984 3684 mare
3027 3625 3325 3684 continenti

1747 3726 2165 3786 subministrare
2212 3723 2390 3790 solet;
2429 3721 2536 3776 nisi
2581 3718 2908 3774 Christianis
2951 3716 3149 3772 bellum
3195 3710 3329 3768 infe-

1753 3827 1956 3883 rentes,
1979 3816 2126 3872 etab
2155 3814 2346 3870 iisdem
2379 3810 2626 3868 vicissim
2662 3808 2808 3864 bello
2837 3806 3097 3878 appetiti.
3115 3817 3200 3859 res
3219 3816 3328 3857 otn-

1755 3910 1920 3965 nium.
1939 3907 2246 3963 teterrimas
2271 3903 2488 3960 faciatis
2516 3915 2582 3957 ac
2604 3899 2965 3958 sustineatis‘l
2987 3898 3122 3964 Quis
3147 3903 3328 3950 autem

1757 4005 1954 4058 horum
1985 4001 2108 4055 finis
2151 3998 2371 4054 futurus
2411 3996 2540 4052 est?
2583 3994 2696 4050 llac
2727 3995 2852 4050 illac
2886 3990 3136 4061 dispersi,
3161 3988 3327 4042 vitam

61 4098 414 4167 transigetis.
453 4097 642 4153 Aderit
682 4114 712 4153 e
756 4099 980 4168 vestigio
1027 4099 1216 4154 vindex
1263 4099 1493 4168 justitia,
1531 4114 1638 4152 non
1678 4099 1864 4154 sincns
1898 4105 1960 4150 ut
2024 4093 2238 4148 veniam
2305 4091 2541 4163 amplius
2572 4087 3014 4158 consequamiui.
3047 4084 3197 4138 Datis
3226 4080 3329 4151 igi.

61 4197 153 4240 tur
186 4190 430 4252 dextris,
458 4205 521 4243 ea
551 4205 672 4258 quae
697 4199 752 4243 et
771 4190 929 4244 nobis
953 4199 1008 4244 et
1033 4191 1342 4260 reipublicae
1365 4190 1644 4260 profutura
1683 4196 1812 4242 sunt
1841 4186 2240 4257 perpendamus
2264 4202 2278 4237 :
2308 4184 2528 4253 quando
2591 4190 2646 4236 et
2703 4180 2957 4235 salutaris
2979 4175 3252 4248 passionis
3274 4189 3326 4241 ei

61 4281 446 4335 sanctissume
474 4283 889 4338 resurrectionis
931 4281 1024 4336 Dei
1072 4281 1242 4336 nostri
1283 4280 1414 4337 Jcsu
1448 4280 1652 4337 Christi
1693 4279 1864 4335 festos
1893 4278 2028 4344 dies,
2065 4275 2226 4331 nobis
2255 4274 2321 4329 ad
2353 4273 2402 4328 id
2429 4272 2810 4344 sufiragautes,
2837 4271 3120 4325 habemus.

135 4462 183 4492 ⁸⁷
213 4461 390 4515 Prov.
426 4474 541 4526 nt,
579 4460 634 4516 1.

136 4617 263 4681 (55)
311 4616 593 4685 Παρώφοη
622 4616 941 4685 δύσληπτος.
971 4615 1029 4670 In
1063 4617 1272 4684 optimo
1307 4618 1498 4672 codice
1529 4617 1622 4671 Flo

61 4688 300 4740 rentin
336 4695 484 4738 totus
515 4686 598 4738 hic
627 4687 774 4741 locus
813 4687 885 4756 ita
914 4687 1122 4756 legitur
1157 4704 1171 4740 :
1203 4687 1310 4756 Καὶ
1339 4687 1491 4756 ὦπερ
1516 4688 1657 4754 άγα-

61 4757 307 4836 νακτῷν,
335 4756 418 4807 ὅτι
447 4771 510 4821 γε
525 4756 836 4836 λεαρώςθη,
866 4753 1174 4836 δύσληπτος
1207 4753 1346 4836 εἶναι
1365 4826 1377 4836 _
1406 4753 1660 4836 καθάπαξ

61 4825 169 4875 οὐκ
201 4820 492 4892 ἀνέχεται.
522 4820 759 4890 Optime,
798 4820 1093 4880 dummodo
1125 4824 1411 4891 disiunctis
1434 4820 1660 4880 vocibus

65 4892 340 4975 Legamtts
374 4893 468 4955 δὺς
516 4892 741 4975 ληπτσς,
786 4895 1243 4975 quemadmodum
1298 4894 1659 4975 legitur'apud

72 4959 492 5031 Nicephorum,
555 4959 647 5016 lib.
702 4959 853 5025 avni,
889 4977 1007 5031 cap.
1058 4963 1141 5017 1'5.
1189 4959 1444 5019 Facessat
1497 4959 1661 5034 igitur

1760 4615 2240 4684 Christophorsoui
2261 4625 2315 4671 et
2349 4615 2533 4684 Savilii
2564 4611 2902 4684 conjectura,
2943 4611 3034 4681 qui
3066 4609 3319 4680 abitum-ot

1765 4688 1867 4740 hoc
1909 4682 2029 4739 loco
2052 4687 2430 4740 restituebaut.
2456 4682 2656 4739 VALBS.

1831 4756 1941 4824 (56)
1971 4755 2240 4824 Εὐϐουλίᾳ
2264 4784 2336 4824 έ-
2357 4753 2658 4824 εὺπειοεία.
2688 4751 3050 4824 Scribendum
3072 4756 3170 4824 est
3196 4762 3325 4824 pro-

1761 4818 1849 4876 cuf
1879 4818 2048 4877 dubio
2077 4818 2329 4876 εὐϐουλία
2355 4851 2428 4861 -
2446 4821 2757 4883 εὐπείθεια,
2781 4823 2987 4888 alisque
3003 4818 3326 4888 subscripto.

1763 4891 1992 4972 Ide-uim
2037 4893 2315 4972 postulant
2357 4890 2539 4972 leges.
2567 4885 2944 4972 gratuntatica;
2985 4907 2999 4944 :
3046 4897 3208 4957 atque
3254 4885 3328 4938 ita

1759 4962 1921 5016 etiam
1957 4958 2151 5033 legitur
2175 4960 2316 5030 apud
2357 4958 2741 5031 Nicephorum.
2778 4958 2853 5012 In.
