4112 6416
117 407 247 475 1889

129 510 1795 539 ——-—-—-————-———-—-—————-—-—

1422 401 2021 464 PlENITENTIALE.

3198 403 3332 469 1890

1850 506 3311 537 ..Μ

882 615 1277 671 ΛΚΟΔΟΥΘΙΛ
1307 614 1427 666 ΚΑΙ
1466 610 1670 666 ΤΑΞΙΣ
1694 612 1808 665 Em
1840 610 2542 667 ΕΞΟΜΟΛΟΓΟΥΜΕΝΩΝ

1535 726 1870 793 Συνταγεῒσα

771 843 916 899 Ἀπὸ
945 844 1055 900 τοῦ
1100 844 1277 899 ὁσίου
1304 841 1537 910 Πατρός
1568 838 1738 909 ἡμῶν
1768 841 2103 895 IDANNOY‘
2121 840 2229 895 τοῦ
2264 841 2635 909 Νηστευτοῦ.

548 1021 1082 1089 CONSEQUENTIA
1129 1020 1217 1075 ET
1263 1020 1455 1077 0RDO
1495 1020 1681 1076 ERGA
1722 1019 1855 1076 EOS
1884 1017 2001 1085 QUI
2040 1018 2357 1074 PECCATA
2383 1017 2871 1076 CONFITENTUR

1325 1145 1656 1188 (εοωῐιοειτυει
1683 1146 1750 1185 ΕΤ
1784 1145 2103 1185 ικετιτιιτυε

1035 1246 1080 1297 Λ
1116 1260 1297 1300 saneto
1328 1244 1490 1301 Patre
1510 1257 1690 1300 nostra
1725 1244 2030 1299 ΙΟΛΝΝΕ
2052 1243 2384 1314 Jejmtatore.

150 1349 432 1421 Δαμϐἀνει
455 1353 484 1405 6
511 1354 690 1422 ἱερεὺς
719 1355 812 1409 τὸν
841 1355 1102 1427 μέλλοντα
1136 1358 1657 1430 ἐξομολογήσασθαι,

1834 1356 2079 1411 Assumit
2114 1360 2372 1411 sacerdos
2414 1364 2633 1426 peccata
2661 1356 3058 1425 confessurum,
3099 1368 3150 1415 et
3187 1359 3332 1417 sistit

83 1442 175 1495 καὶ
205 1444 330 1513 ἱστᾷ
375 1444 539 1498 αὐτὸν
584 1446 891 1517 ἔμπροσθεν
935 1448 1031 1502 τοῦ
1076 1449 1501 1522 θυσιαστηρίου,
1566 1451 1661 1504 καὶ

83 1531 268 1599 ψάλλει
296 1534 418 1602 μετ’
451 1535 615 1589 αὐτοῦ
652 1536 713 1588 τὺ
739 1539 1020 1607 τρεσάγιον
1038 1580 1054 1602 ,
1088 1542 1179 1594 καὶ
1208 1540 1423 1611 ψαλμὸν
1458 1541 1618 1595 ἐκτον
1639 1557 1656 1573 ⁶

83 1625 276 1690 Κύριε,
318 1626 409 1694 μὴ
447 1626 527 1692 τῷ
571 1629 737 1697 θυμῷ
785 1647 903 1687 σου
943 1634 1201 1705 ἐλέγξῃς
1232 1652 1330 1705 με,
1381 1638 1475 1690 καὶ
1515 1637 1655 1707 ψαλ-

83 1713 178 1780 μὸν
217 1716 295 1765 κδ’
328 1731 342 1745 ·
394 1717 549 1785 Πρὸς
587 1719 682 1780 σὲ,
719 1721 919 1788 Κύριε,
949 1720 1064 1794 ἦρα
1104 1725 1219 1793 τὴν
1261 1726 1473 1794 ψυχήν
1512 1742 1654 1797 μουο

83 1801 169 1854 καὶ
204 1802 423 1874 ψαλμὸν
448 1805 513 1870 ν’,
547 1808 949 1881 Ἐλέησόν-με,
983 1817 1017 1868 ό
1040 1818 1205 1881 θεὸς,
1230 1817 1379 1871 κατὰ
1408 1819 1475 1870 τὸ
1505 1817 1681 1886 μέγα

83 1890 263 1956 ἕλεος.
301 1895 415 1947 Καὶ
450 1896 683 1963 δοξάζει.
720 1897 854 1955 Εἶτα
886 1902 1033 1973 λέγει
1058 1904 1271 1977 ψαλμὸν
1302 1906 1382 1960 λα’
1406 1923 1424 1940 ο
1453 1908 1655 1962 Μακά-

83 2001 183 2039 οιοι
230 1982 321 2053 ὧν
367 1989 689 2059 ἀφέθησαν
731 1996 793 2047 αἱ
837 1995 1077 2067 ἀνομίαι
1110 2013 1126 2028 ο
1173 1999 1266 2052 καὶ
1300 1999 1513 2070 ψαλμὸν
1552 1996 1653 2067 ξο’ν

83 2075 145 2129 '0
178 2080 327 2147 Θεὸς
368 2084 458 2148 εις
485 2085 602 2149 τὴν
620 2085 912 2152 ,ϐοήθειάν
925 2106 1045 2155 μου
1079 2090 1364 2159 πρόσκες·
1392 2091 1485 2144 καὶ
1511 2091 1651 2160 ψαλ-

83 2168 171 2237 μὸν
197 2178 305 2242 ρα’,
361 2175 562 2245 Κύριε,
590 2176 961 2233 εἰσάκουσον
986 2180 1099 2250 τῆς
1117 2183 1467 2252 προσευχῆς
1488 2201 1609 2254 μου
1635 2222 1652 2247 .

83 2262 165 2315 sal
203 2263 244 2331 ἡ
298 2267 532 2335 κραυγή
582 2285 724 2335 μου.
755 2270 934 2334 Δόξα.
997 2272 1107 2324 Καὶ
1162 2270 1309 2342 λέγει
1338 2274 1652 2345 Τροπάριον

83 2352 203 2423 ήχου
234 2355 281 2407 δ’
318 2372 332 2387 ·
375 2358 495 2424 Τὴν
531 2360 826 2428 ταπεινήν
851 2380 971 2430 μου
1010 2364 1225 2432 ψυχὴν
1256 2365 1648 2422 ἐπισκέπτου.

83 2445 233 2498 ’Δλλο
263 2462 279 2476 ο
333 2450 646 2504 Διαπλέων
671 2451 737 2505 τὸ
763 2451 1046 2523 πέλαγος.
1090 2455 1167 2523 Τῇ
1202 2458 1465 2521 Θεοτόκῳ
1491 2459 1650 2511 ἐκτε-

83 2534 185 2603 νῶς
236 2541 732 2611 προσδρὰμωμεν.
779 2546 935 2599 Μετὰ
981 2546 1040 2600 δὲ
1076 2547 1250 2603 ταῦτα
1290 2549 1530 2617 ἐπιλέγει
1554 2551 1645 2605 καὶ

83 2627 165 2698 τὴν
201 2629 651 2704 ὑποτεταγμένην
684 2636 870 2706 εὐχήν.

1761 1459 1883 1500 eum
1921 1460 2104 1500 curam
2130 1446 2307 1510 altari,
2336 1454 2629 1517 cantatque
2672 1463 2794 1503 cum
2833 1463 2901 1503 eo
2941 1450 3201 1520 trisagion
3227 1490 3244 1516 ,
3274 1460 3332 1505 et

1761 1536 2026 1605 psalmum
2060 1547 2269 1591 sextum
2297 1556 2310 1591 :
2342 1537 2581 1601 Domine,
2610 1554 2674 1591 ne
2704 1540 2759 1591 in
2803 1540 2981 1608 furore
3012 1552 3104 1595 tuo
3134 1558 3329 1611 arguas

1761 1642 1861 1689 me,
1886 1636 1940 1679 ct
1961 1625 2231 1694 psalmum
2250 1625 2415 1680 XXIV
2438 1627 2551 1682 :Ad
2566 1637 2633 1692 te,
2661 1626 2898 1691 Domine,
2916 1629 3082 1684 levavi
3097 1633 3330 1686 ("tiaram

1759 1731 1959 1779 meam;
1978 1725 2029 1770 et
2060 1717 2329 1786 psalmum
2351 1718 2390 1771 L
2409 1733 2424 1771 :
2445 1718 2694 1772 Miserere
2720 1723 2840 1782 mei,
2861 1720 3020 1784 Deus,
3043 1725 3330 1776 secundant

1757 1824 2004 1877 magnam
2040 1808 2476 1863 ritiserieordiam.
2520 1809 2705 1880 Hyrie,
2735 1811 2949 1866 eleison.
2982 1812 3183 1868 Deinde
3214 1814 3331 1884 glo-

1759 1898 1953 1951 ritlcat.
1985 1896 2177 1953 Postea
2202 1900 2394 1954 recitat
2412 1900 2679 1971 psalmum
2701 1899 2871 1957 XXXI
2902 1901 3092 1957 :Beati
3105 1920 3329 1974 quorum

1757 1989 1988 2043 remissae
2014 2000 2136 2043 sunt
2170 1990 2507 2060 iniquitates;
2539 2001 2593 2048 et
2627 1994 2894 2064 psalmum
2926 1994 3089 2050 LXIX
3119 2015 3133 2052 :
3162 1997 3326 2066 Deus,

1753 2078 1805 2131 in
1836 2078 2164 2148 adjutorium
2195 2098 2366 2135 meum
2404 2084 2657 2149 intende;
2685 2094 2739 2141 et
2778 2087 3046 2157 psalmum
3074 2087 3139 2144 Cl
3165 2106 3179 2142 :
3213 2090 3325 2144 Do-

1753 2169 2123 2235 mine,eataudi
2148 2173 2445 2227 orationem
2471 2191 2660 2241 meam,
2693 2187 2747 2232 et
2784 2179 2985 2232 clamor
3009 2195 3175 2234 metu.
3206 2179 3330 2235 Glo-

1753 2262 1856 2316 ria.
1885 2260 2167 2318 Etdicitur
2187 2262 2517 2335 Troparium
2547 2267 2659 2322 toni
2686 2269 2890 2338 quarti,
2914 2267 3182 2325 Humilem
3207 2272 3328 2325 mti-

1751 2370 1889 2407 mam
1922 2370 2089 2408 meam
2117 2355 2293 2410 visita.
2331 2357 2511 2421 Aliud,
2545 2356 2820 2429 Narigam
2846 2360 3081 2432 pelagus.
3118 2362 3200 2417 Ad
3234 2362 3329 2417 Dei

1750 2443 2065 2499 Ccnitricem
2090 2447 2271 2499 sedulo
2293 2464 2429 2501 nunc
2462 2433 2850 2522 confugiamus.
2879 2452 3066 2509 Postea
3096 2468 3329 2526 sequen-

1749 2548 1855 2590 tem
1883 2538 2072 2592 recitat
2097 2538 2403 2594 orationem

136 2720 311 2791 Κύριε
344 2723 373 2775 6
403 2697 535 2787 Θεδς
564 2697 1049 2794 ήμῶνίδπάντων
1079 2728 1289 2799 Πατὴρ,
1322 2730 1414 2782 καὶ
1440 2732 1647 2785 Δεσπό-

1823 2712 2050 2769 Dominc
2074 2714 2215 2771 Deus
2245 2726 2455 2782 noster,
2484 2719 2578 2789 qui
2607 2720 2853 2775 omnium
2886 2719 3048 2776 Pater
3067 2736 3127 2777 es
3147 2732 3199 2777 et
3224 2720 3327 2776 Do-

83 2826 185 2880 της,
234 2814 331 2867 καὶ
392 2815 570 2869 πάντα
608 2817 939 2884 ἐπιϐλέπων,
987 2818 1085 2871 καὶ
1143 2822 1257 2883 τοῖς
1300 2821 1435 2891 πρὸς
1467 2822 1524 2875 σὲ
1561 2823 1650 2877 διὰ

83 2906 356 2970 μετανοίας
388 2908 453 2959 ἐκ
477 2907 587 2959 τῶν
620 2908 765 2962 ίδίων
790 2910 1076 2980 ἁμαρτιῶν
1104 2911 1519 2982 ἐπιστρέφουσι,
1549 2916 1649 2983 τὴν

83 2994 269 3049 εούτων
299 2998 499 3065 ἄφεσιν
527 2999 919 3070 φιλανθρώπως
948 3001 1306 3073 δωρούμενος,
1334 3007 1362 3059 6
1382 3006 1474 3059 τὴν
1487 3006 1651 3059 Δαυῖδ

83 3085 539 3159 πλημμελήσαντα
596 3090 665 3143 δι’
708 3092 1146 3163 ἐξομολογήσεως
1200 3094 1447 3164 ἐλεήσας,
1497 3098 1527 3150 6
1572 3098 1650 3168 τῷ

83 3176 294 3248 Ἐζεκίᾳ
348 3180 707 3250 δακρύσαντι,
778 3182 869 3235 καὶ
924 3184 1025 3253 τὴν
1082 3184 1181 3254 σήν
1246 3185 1650 3258 εὐσπλαγχνίαν

83 3265 514 3335 ικδυσωπήσαντι
541 3268 687 3341 ζωήν
738 3270 1113 3342 ἐπιμετρήσας
1139 3290 1155 3306 ο
1180 3273 1209 3325 6
1235 3274 1330 3327 τοῦ
1380 3277 1648 3349 Μανασσῆ

83 3349 162 3420 τήν
226 3356 522 3423 μετάνοιαν
570 3357 1025 3428 προσδεξάμενος,
1070 3362 1164 3413 καὶ
1214 3362 1326 3416 τῶν
1373 3365 1647 3419 τοσούτων

83 3444 245 3497 ιακῶν
289 3446 606 3512 ἀπαλλάξας
659 3464 672 3477 ·
722 3450 751 3501 6
803 3449 881 3521 τῷ
930 3452 1156 3524 Πέτρῳ,
1201 3455 1299 3507 καὶ
1338 3456 1515 3529 πόρνῃ
1558 3457 1649 3511 διὰ

83 3539 310 3609 ἰακρύων
339 3542 442 3612 τὴν
489 3542 837 3615 συγχώρησιν
865 3548 1283 3617 παρασχόμενος
1310 3566 1325 3581 ⁶
1354 3552 1385 3604 6
1408 3551 1646 3624 τελώνην

83 3637 398 3702 ιτενάξαντα
444 3637 742 3703 δικαιώσας
778 3658 792 3673 ·
819 3642 849 3695 6
874 3642 954 3712 τῷ
999 3642 1195 3715 ἀσώτῳ
1231 3644 1330 3708 τὰς
1374 3648 1647 3717 πατρικὰς

83 3729 356 3796 ιπανοίξας
393 3730 638 3799 ἀγκάλας
672 3750 688 3765 ·
718 3733 747 3785 6
792 3735 999 3798 πάντας
1032 3737 1204 3791 θέλων
1253 3738 1514 3809 σωθῆναι,
1550 3742 1647 3795 καὶ

84 3820 138 3882 ηἱς
168 3820 472 3891 ἐπίγνωσιν
492 3822 751 3894 ἀληθείας
775 3825 969 3892 ἐλθεῖν,
998 3829 1093 3881 καὶ
1115 3830 1322 3899 χαίρων
1346 3831 1439 3883 ἐπὶ
1462 3832 1645 3903 ἀμαρ-

83 3910 212 3983 τωλῷ
249 3915 627 3985 μετανοοῦντι,
682 3917 778 3969 καὶ
810 3918 885 3989 μὴ
918 3917 1241 3989 βουλόμενος
1282 3923 1374 3975 τὸν
1416 3921 1646 3977 θάνατον

1752 2807 1954 2870 minus,
1981 2808 2072 2877 qui
2108 2810 2292 2863 omnia
2323 2809 2573 2881 inspicis,
2601 2818 2655 2864 et
2684 2810 2753 2867 iis
2785 2811 2878 2880 qui
2912 2811 2977 2866 ad
3004 2822 3055 2867 te
3090 2826 3186 2883 per
3215 2828 3329 2883 pm—

1752 2896 2036 2950 uitentiam
2076 2911 2104 2950 a
2138 2899 2376 2967 peccatis
2414 2899 2648 2970 propriis
2683 2908 3100 2967 convertuntur,
3132 2916 3198 2957 ea
3234 2903 3327 2957 be—

1751 2987 1913 3057 nigne
1941 2997 1996 3042 et
2023 2998 2271 3043 amanter
2300 2990 2554 3055 remittis,
2586 2990 2681 3060 qui
2717 2989 2936 3046 Davidis
2967 2992 3328 3061 praevarican-

1752 3078 1820 3133 tis
1852 3078 2114 3135 misertus
2144 3095 2202 3135 es
2236 3096 2333 3151 per
2362 3081 2788 3147 conlessionem,
2823 3083 2915 3153 qui
2958 3082 3205 3140 Ezechiae
3242 3085 3327 3139 la-

1750 3172 2037 3241 crymanti,
2058 3180 2112 3226 et
2130 3170 2446 3228 facilitatem
2470 3184 2619 3229 tuam
2648 3174 2701 3229 in
2724 3175 3069 3231 clementiam
3092 3176 3325 3233 ﬂectenti

1748 3271 1801 3317 et
1827 3264 2073 3317 exoranti
2105 3264 2269 3318 vitam
2293 3266 2737 3335 superaddidisti,
2767 3266 2860 3337 qui
2890 3265 3176 3324 Manassen
3208 3284 3328 3340 pte-

1749 3353 2031 3409 nitentiam
2083 3357 2395 3424 amplexum
2446 3357 2613 3413 tantis
2666 3358 2825 3413 malis
2874 3358 3173 3426 liberasti;
3228 3361 3325 3431 qui

1748 3442 1908 3499 Petro
1937 3455 1995 3499 et
2017 3447 2289 3504 meretrici
2324 3464 2422 3519 per
2459 3449 2732 3521 lacrymas
2762 3449 2976 3504 veniam
3006 3451 3323 3521 praebuisti:

1747 3535 1840 3605 qui
1870 3536 2221 3606 publicanum
2256 3548 2556 3609 gementem
2584 3539 2938 3608 justilicasti:
2972 3542 3067 3612 qui
3094 3543 3328 3614 prodigo

1749 3628 1907 3683 ulnas
1936 3637 2188 3698 paternas
2222 3631 2482 3701 aperuisti
2509 3648 2525 3686 :
2555 3631 2649 3702 qui
2680 3641 2875 3687 Omnes
2904 3632 2987 3688 vis
3017 3634 3240 3700 salvari,
3269 3645 3327 3692 et

1747 3718 1815 3772 ad
1848 3719 2097 3776 veritatis
2127 3720 2499 3791 cognitionem
2532 3722 2758 3777 venire:
2800 3722 2892 3792 qui
2931 3722 3133 3780 lwtaris
3160 3740 3326 3795 super

1748 3819 2032 3881 peccatore
2057 3814 2376 3880 pcenitente,
2407 3823 2461 3868 et
2484 3829 2592 3867 non
2626 3814 2708 3871 vis
2739 3824 2972 3870 mortem
3000 3818 3322 3885 peccatoris,

1747 3913 1809 3960 ut
1858 3916 2214 3961 convertatur
2263 3916 2319 3962 et
2371 3907 2518 3962 vivat
2555 3928 2571 3964 :
2604 3908 2743 3978 ipse.
2773 3911 2979 3980 optime
3026 3911 3323 3979 Servator,

83 3997 151 4059 ποΊ
166 4005 521 4075 ἁμαρτωλοὶ
534 4006 609 4071 ὡς
625 4006 688 4061 τὸ
697 4008 1020 4080 ἐπιπρέψαι
1036 4012 1131 4065 καὶ
1145 4011 1244 4082 ζῇν
1257 4012 1439 4076 αὑτὸν,
1461 4014 1645 4081 αὐτὸς,

1750 3998 1941 4053 exaudi
1975 3999 2412 4069 deprecationem
2456 4015 2658 4062 meam,
2692 4000 3129 4071 deprecationem
3178 4004 3323 4058 indi-

83 4096 376 4171 ιπεράγαθε
407 4097 610 4167 Σῶτερ,
637 4101 732 4154 καὶ
764 4100 865 4170 τῆς
901 4102 1041 4172 ἐμῆς
1071 4102 1380 4167 ἐπακούσας
1406 4105 1644 4175 δεήσεως

83 4186 147 4241 οὗ
212 4188 439 4256 ἀναξίου
490 4191 585 4245 καὶ
636 4192 859 4262 ἀχρείου
916 4192 1103 4247 δούλου
1139 4210 1251 4259 σου,
1300 4195 1360 4257 ὃς
1401 4196 1501 4249 οὐκ
1527 4198 1641 4265 εἰμὶ

83 4276 205 4341 ὶξιος
246 4280 312 4333 τὸ
361 4279 457 4332 σὺν
500 4280 877 4336 ἐπικαλεῖσθαι
925 4282 1188 4350 πανάγιον
1229 4283 1399 4354 ὄνομα
1445 4285 1534 4338 διὰ
1579 4283 1640 4337 τὸ

83 4368 259 4439 ιλῆθος
296 4370 410 4423 τῶν
453 4370 603 4440 ἐμῶν
630 4372 890 4442 ἀνομιῶν,
931 4373 1067 4428 ἀλλὰ
1103 4373 1167 4427 τὸ
1201 4375 1302 4445 τῆς
1344 4376 1642 4447 ίερωσύνης

83 4462 443 4532 περικείμενος
466 4460 703 4533 ἀξίωμα,
725 4465 819 4517 καὶ
841 4464 981 4519 κατά
1002 4464 1103 4534 τήν
1132 4465 1233 4536 σὴν
1260 4466 1641 4538 φιλάνθρωπον

83 4548 275 4621 ντολὴν
295 4551 428 4613 τοὺς
446 4550 971 4623 ἐξομολογουμένονς
993 4571 1078 4609 σοι
1099 4554 1168 4609 τά
1193 4556 1372 4610 οἰκεῖα
1391 4556 1643 4628 πλημμε-

84 4640 276 4710 ήματα
331 4643 803 4716 προσδεχόμενος,
866 4646 1005 4716 μιτά
1063 4646 1231 4717 φόϐου
1282 4647 1378 4701 καὶ
1432 4648 1638 4719 τρόμου

83 4729 398 4785 αθικετεύω
434 4748 516 4785 σε.
575 4732 908 4787 Τπάκουσον
933 4728 1027 4789 οὖν
1056 4751 1161 4805 μου
1186 4732 1283 4787 τοῦ
1309 4735 1639 4805 ἀμαρτωλοῦ

84 4820 195 4873 ατὰ
233 4821 301 4876 τὸ
330 4819 535 4893 πλῆθο,
584 4825 664 4877 ,αὖ
694 4822 878 4888 ἐλέους
910 4840 1031 4889 σου,
1075 4824 1171 4878 καὶ
1204 4824 1500 4895 πρόσδεξαι
1546 4825 1641 4880 τὸν

83 4910 238 4966 οὕλόν
298 4928 396 4966 σου
458 4912 551 4967 τὸν
609 4912 660 4970 δ.
719 4911 1230 4984 ἐξομολογούμενον.
1297 4914 1409 4967 Καὶ
1458 4915 1514 4968 ετ
1581 4934 1637 4971 τι

83 5001 528 5074 πεπλημμέληται
579 5002 729 5074 αὐτῷ
786 5003 1033 5058 ἐκούσιον
1078 5005 1113 5075 ἦ
1162 5004 1415 5059 ἀκούσιον
1456 5007 1639 5079 ἀμάρ-

83 5107 224 5161 ημα.
256 5092 320 5146 ἐν
342 5093 503 5164 λόγῳ,
533 5092 568 5164 ἢ
590 5092 757 5166 ἔργῳ,
778 5093 813 5164 ἦ
850 5094 991 5148 κατά
1018 5094 1255 5149 διάνοιαν
1280 5134 1296 5160 ,
1327 5094 1402 5159 ὡς
1434 5096 1638 5163 ἀγαθὸς

83 5182 271 5255 ἀριδε·
341 5184 409 5238 σὺ
470 5185 572 5257 γὰρ
630 5187 792 5257 μόνος
850 5186 993 5257 ἔχεις
1056 5185 1301 5252 ἐξουσίαν
1359 5188 1637 5257 ἁμαρτίας

87 5273 296 5344 φιὲναι,
333 5276 430 5329 καὶ
459 5276 543 5330 συὶ
573 5276 1009 5347 προσπίπτομεν,
1047 5279 1143 5331 καὶ
1179 5277 1240 5331 at
1284 5278 1635 5349 παρακαλοῦ-

83 5381 175 5430 .εν,
208 5366 311 5420 καὶ
333 5365 679 5437 ἀωμνοῦμεν
705 5366 1017 5433 δοξάζοντες
1047 5368 1144 5422 σὺν
1172 5369 1347 5440 Πατρὶ
1376 5371 1467 5422 καὶ
1494 5370 1635 5441 ἁγίῳ

83 5454 358 5526 ίνεύματι,
386 5458 505 5524 νῦν,
544 5475 603 5513 κ.
632 5475 685 5513 τ.
709 5460 761 5513 λ.

116 5547 281 5601 Μετά
315 5547 489 5602 ταῦτα
515 5548 922 5619 παρασκευάζει
961 5548 1125 5604 αὑτὸν
1168 5551 1399 5604 ἀσκεπεῖ
1428 5553 1495 5622 τῇ
1536 5569 1633 5606 κι-

84 5636 194 5708 αλῇ
212 5641 364 5709 τρεῖς
384 5640 731 5708 γονυκλισίας
751 5642 947 5704 ποιεῖν,
971 5641 1143 5695 ποιῶν
1160 5644 1253 5697 καὶ
1277 5644 1439 5708 αὐτὸς
1458 5644 1634 5699 ὡσαύ-

83 5744 177 5793 ως,
208 5729 309 5783 καὶ
336 5732 643 5796 ἀναστάντα
672 5733 899 5799 κατηχεῖ
927 5730 1100 5801 λέγων
1123 5732 1314 5797 οὕτως*

1749 4088 1840 4159 gni
1870 4098 1925 4143 ct
1962 4089 2175 4146 inutilis
2204 4092 2347 4147 servi
2377 4092 2480 4157 tui,
2518 4092 2613 4161 qui
2655 4103 2876 4162 propter
2914 4094 3321 4149 multitudinem

1749 4179 2101 4250 iuiquitatum
2138 4197 2378 4237 mearum
2428 4182 2628 4253 dignus
2659 4199 2766 4238 nou
2800 4198 2919 4238 sum
2951 4184 3043 4253 qui
3074 4185 3321 4241 invocem

1747 4272 2157 4328 sanctissimum
2191 4287 2392 4329 nomen
2425 4282 2602 4329 tuum.
2638 4272 2835 4328 Verum
2864 4275 2994 4344 quia
3033 4278 3322 4333 sacerdotii

1747 4362 2011 4432 dignitate
2057 4363 2319 4432 praeditus
2358 4378 2482 4419 sum
2505 4401 2522 4428 ,
2551 4371 2607 4419 et
2638 4363 2939 4419 secundum
2969 4364 3323 4435 benignitatis

1748 4461 1855 4509 tua:
1884 4454 2197 4508 mandatum
2220 4455 2541 4515 conﬁtentes
2571 4454 2666 4509 tibi
2693 4456 2913 4525 propria
2941 4467 3165 4526 peccata
3196 4472 3323 4513 sus-

1747 4545 1906 4615 cipis,
1927 4560 2050 4600 cum
2086 4546 2282 4601 timore
2311 4555 2366 4601 et
2399 4556 2638 4602 tremore
2666 4546 2763 4601 tibi
2804 4547 3077 4617 supplico.
3110 4546 3321 4605 Exaudi

1748 4635 1912 4707 igitur
1947 4652 2033 4690 me
2065 4644 2409 4706 peccatorem
2442 4638 2741 4694 secundum
2777 4638 3181 4694 multitudinem
3217 4639 3323 4694 mi-

1747 4727 2055 4782 sericordiae
2088 4738 2213 4793 ture,
2250 4739 2305 4785 et
2334 4730 2550 4800 suscipe
2586 4746 2806 4785 servum
2842 4740 2995 4786 tuum
3045 4730 3111 4785 Ν.
3152 4732 3323 4787 conli-

1749 4826 1973 4876 teutem.
2014 4820 2078 4875 ει
2105 4821 2151 4875 si
2180 4820 2399 4892 aliquod
2431 4822 2501 4877 ab
2528 4836 2596 4877 eo
2630 4832 2910 4892 peccatum
2949 4831 3321 4893 perpetratum

1746 4919 1848 4975 est,
1874 4910 1987 4966 sive
2015 4912 2384 4967 voluntarium
2410 4912 2528 4968 sive
2555 4913 3005 4980 involuntarium,
3024 4914 3107 4969 vel
3130 4915 3321 4982 verbo,

1746 5002 1827 5056 vel
1856 5016 2041 5072 opere,
2076 5004 2157 5059 vel
2188 5004 2538 5075 cogitatione,
2573 5014 2635 5060 ut
2659 5006 2927 5076 benignus
2950 5005 3082 5061 illud
3113 5022 3181 5061 ne
3234 5022 3321 5061 re—

1745 5092 1914 5162 spice.
1947 5091 2029 5148 ’l‘u
2068 5094 2213 5149 enim
2247 5095 2401 5149 solus
2428 5105 2749 5164 potestatem
2787 5096 2956 5151 babes
2984 5105 3202 5167 peccata
3231 5112 3319 5151 rc-

1745 5183 2011 5248 mittendi,
2044 5196 2098 5240 et
2125 5185 2220 5240 tibi
2251 5185 2574 5249 accidimus,
2606 5196 2765 5257 teque
2794 5202 3070 5259 rogamus,
3101 5196 3159 5243 et
3199 5188 3321 5243 lau-

1742 5275 1939 5329 damus
1976 5276 2363 5347 gloriﬁcantes,
2402 5292 2527 5334 cum
2562 5276 2741 5346 Patre,
2774 5285 2827 5335 et
2866 5288 3056 5335 sancto
3080 5276 3315 5351 Spiritu,

1667 5350 1713 5407 θ
1740 5382 1907 5434 nunc,
1941 5376 2049 5424 etc.

1808 5547 2002 5601 Postea
2047 5545 2222 5616 ipsum
2254 5547 2496 5617 disponit
2524 5556 2576 5601 et
2608 5557 2795 5601 monet
2826 5554 2889 5601 ut
2918 5555 3107 5616 aperto
3136 5545 3315 5615 capite

1739 5646 1852 5693 tres
1880 5638 2287 5708 genuﬂexiones
2321 5638 2505 5705 iaciat,
2540 5640 2701 5693 toties
2729 5640 2844 5708 ipse
2868 5638 3030 5693 simul
3070 5636 3313 5707 genuﬂe-

1742 5738 1915 5789 CIens,
1948 5736 2003 5780 ct
2040 5738 2327 5799 postquam
2360 5730 2640 5795 surrexit,
2674 5730 2752 5785 sic
2782 5745 2906 5785 cum
2949 5728 3185 5783 instituit
3208 5766 3221 5788 ,
3258 5736 3313 5780 et

1736 5816 2053 5871 catecltizat.
