4112 6416
753 381 883 446 1891

1695 380 2017 443 JOANNIS
2032 381 2548 444 IEJUNATORIS
2582 384 2694 444 ΕΡ.
2718 383 3073 447 ARCIIIEP.

3895 387 4001 452 1892

815 513 930 583 73
968 508 1275 581 Spiritualis
1302 510 1400 576 lili,
1439 524 1541 580 ego
1573 510 1972 567 confessionem
2012 521 2160 566 tuam
2202 513 2313 580 pri-

2484 492 2596 544 Οὐκ
2621 493 2729 560 ἐγώ
2751 510 2869 553 σου,
2888 494 3080 546 τέκνον
3100 495 3602 564 πνευματικδνπὴν
3633 496 4001 565 augmen”

747 605 924 655 mario
957 611 1011 655 et
1039 599 1308 669 praecipue
1340 615 1449 654 non
1495 600 1718 668 recipio,
1751 616 1850 655 uec
1874 601 1971 654 tibi
2015 600 2316 655 absolutio-

747 709 871 747 nem
895 690 1158 756 concedo,
1191 691 1284 744 sed
1316 706 1410 760 per
1435 706 1520 744 me
1545 691 1689 746 Deus
1714 693 1882 762 (illius
1901 693 2048 746 enim
2071 699 2155 747 cst
2178 707 2316 761 opus

747 781 1035 848 ejusmodi)
1063 791 1408 851 peccatorum
1442 791 1661 836 tuorum
1698 782 2096 836 confessionem
2137 782 2315 838 susci-

745 875 846 942 pit,
876 881 930 925 et
957 887 1051 941 per
1081 883 1324 925 nostram
1349 887 1536 924 vocem
1570 872 1764 926 hormn
1798 871 2175 925 remissionem
2202 870 2314 923 dis-

746 973 934 1030 pensat
963 972 1018 1015 et
1054 962 1304 1031 largitur,
1343 962 1487 1016 sicut
1521 979 1615 1030 per
1658 963 1931 1031 propriam
1973 977 2155 1015 vocem
2202 962 2316 1029 ipse

743 1052 1059 1115 declaravit,
1083 1067 1206 1104 cum
1233 1052 1533 1106 secundum
1563 1056 1786 1104 mu'tatn
1809 1067 1931 1120 qua:
1954 1051 2182 1119 exprimi
2205 1067 2313 1104 non

748 1150 924 1210 potest
963 1141 1080 1209 ejus
1109 1141 1540 1196 misericordiam
1572 1143 1644 1195 ita
1685 1143 1821 1196 dixit
1848 1161 1860 1196 :
1895 1142 2226 1210 Quen-anque
2251 1141 2314 1193 li-

744 1232 1008 1298 gareritis,
1049 1241 1140 1284 aut
1173 1234 1429 1285 soiveritis
1460 1248 1616 1300 super
1658 1242 1874 1293 terram,
1917 1243 2069 1284 erunt
2116 1233 2168 1283 in
2202 1248 2317 1284 ca:-

742 1323 828 1384 lis,
885 1323 973 1375 illa
1016 1324 1234 1391 quidem
1273 1325 1459 1391 ligata,
1501 1324 1612 1377 hcce
1650 1338 1779 1377 vero
1820 1321 2000 1374 soluta
2026 1324 2066 1374 ¹.
2115 1322 2315 1375 Revela

743 1411 908 1478 igitur
938 1420 993 1464 et
1017 1411 1232 1464 declara
1263 1425 1448 1464 coram
1475 1412 1680 1464 sanctis
1705 1410 1933 1478 angelis,
1965 1410 2206 1479 nihilque
2231 1426 2316 1463 me

741 1502 856 1555 cela
889 1515 1077 1555 eorum
1109 1517 1229 1568 quae
1261 1517 1292 1554 a
1325 1510 1377 1554 te
1407 1503 1545 1555 clam
1589 1503 1731 1554 facta
1761 1512 1912 1565 sunt,
1940 1502 2089 1554 velut
2127 1501 2172 1554 si
2208 1499 2315 1552 Deo

742 1592 952 1644 occulta
995 1591 1243 1644 cordium
1296 1592 1648 1661 ceguosccuti
1698 1593 2039 1646 contitcrcris
2064 1631 2079 1655 ,
2119 1601 2172 1645 et
2203 1591 2315 1660 ipse

743 1682 1078 1734 occultorum
1102 1683 1347 1750 cognitor
1366 1682 1569 1735 delebit
1597 1681 1781 1736 omnia
1811 1698 1934 1751 qua:
1967 1683 2312 1748 revelavcris,

743 1785 853 1824 non
885 1771 1060 1824 solum
1087 1787 1206 1838 quin
1225 1779 1383 1825 antea
1415 1772 1555 1826 facta
1585 1783 1734 1838 sunt,
1757 1783 1810 1826 et
1837 1788 1958 1841 qua:
1986 1789 2129 1826 nunc
2159 1773 2312 1837 liuut,

744 1864 836 1914 sed
871 1864 1031 1913 etiam
1073 1861 1198 1914 lieut
1226 1899 1241 1921 ,
1283 1870 1340 1914 et
1383 1863 1702 1915 illuminabit
1757 1874 1990 1914 mentem
2041 1873 2186 1916 tuam
2225 1880 2318 1934 per

743 1950 1152 2003 sanctissimum
1186 1950 1472 2021 Spiritum,
1509 1965 1669 2019 teque
1705 1950 1924 2004 docebit
1948 1966 2142 2006 curare
2175 1967 2318 2007 sem-

745 2054 838 2108 per
870 2049 923 2093 et
957 2040 1104 2108 loqui
1145 2056 1264 2108 qua:
1293 2041 1392 2108 ipsi
1433 2042 1630 2108 placita
1671 2051 1820 2106 sunt,
1851 2042 2002 2095 dabit
2029 2042 2190 2095 etiam
2221 2042 2318 2096 tibi

744 2145 926 2184 veram
957 2131 1340 2194 humilitatem,
1374 2132 1696 2186 charitatem
1740 2147 1845 2186 non
1890 2132 2092 2196 ﬁctam,
2131 2134 2320 2202 longa-

744 2222 1046 2276 nimitatem
1081 2222 1345 2276 malorum
1369 2222 1712 2287 tolerantem,
1747 2223 2062 2292 patientiam
2087 2233 2142 2276 et
2167 2239 2319 2276 mau-

746 2313 1116 2375 suetudiuem,
1151 2313 1401 2368 timorem
1438 2313 1792 2380 purissimum
1840 2314 2096 2368 immittet
2133 2315 2189 2368 iu
2225 2330 2320 2368 cor

745 2414 938 2456 tuum:
975 2412 1158 2471 atque,
1205 2412 1263 2456 ut
1311 2403 1634 2472 simpliciter
1672 2414 1727 2458 et
1769 2404 2090 2472 generaliter
2119 2405 2317 2468 dicam,

744 2495 810 2547 ad
849 2494 1223 2563 cujuscunque
1264 2494 1394 2548 boui
1443 2497 1816 2564 operatiOuem
1865 2506 1918 2550 te
1969 2496 2222 2564 aptabit,
2265 2505 2320 2551 et

743 2592 1048 2651 componet.
1075 2583 1280 2637 luclina
1302 2583 1487 2651 igitur,
1521 2585 1618 2646 Iili,
1651 2598 1839 2637 aurem
1861 2593 2036 2646 tuam,
2061 2594 2114 2638 et
2135 2587 2318 2638 suavi-

744 2679 825 2724 ter
851 2669 978 2724 audi
1015 2670 1265 2724 mandata
1299 2670 1392 2724 Dei
1425 2672 1505 2724 sic
1530 2685 1626 2739 per
1652 2680 1874 2726 sanctas
1900 2671 2210 2740 Scripturas
2233 2673 2321 2726 di-

744 2761 917 2815 centis
941 2777 955 2812 :
979 2757 1349 2813 Convertimini
1370 2762 1437 2811 ad
1467 2777 1567 2824 Ine,
1592 2770 1642 2813 et
1681 2760 1878 2814 sanabo
1907 2763 2248 2816 contritiones
2270 2776 2319 2816 ει

743 2853 1073 2920 confusiones
1099 2863 1296 2905 vestras
1320 2853 1360 2905 ⁸.
1398 2851 1462 2905 Et
1492 2853 1723 2906 iterum:
1763 2851 1844 2905 Ne
1875 2854 2050 2907 tardes
2084 2858 2316 2910 converti

744 2944 812 2996 ad
857 2942 1178 3007 Dominum,
1229 2953 1275 2996 et
1329 2959 1390 2996 ne
1430 2942 1692 2996 dissolvas
1731 2944 1869 2996 diem
1913 2959 1980 2998 ea:
2025 2945 2110 2999 die
2135 2987 2152 3012 ,
2186 2948 2316 3016 quia

744 3048 893 3087 mors
923 3048 1028 3086 non
1065 3033 1242 3086 tardat
1261 3033 1302 3086 ³.
1332 3031 1432 3088 Et:
1458 3033 1624 3086 Homo
1653 3049 1929 3088 conversus
1957 3052 1991 3088 a
2011 3037 2096 3088 eia
2123 3037 2318 3108 iniqui-

2417 584 2842 651 προηγουμένως
2855 583 3103 652 δέχομαι,
3127 587 3220 636 καὶ
3241 585 3338 655 τὴν
3361 587 3750 654 συγχώρητξν
3775 604 3857 638 τοι
3891 604 4002 653 παρ-

2417 673 2632 740 έχομαι,
2660 672 2728 724 δι’
2757 672 2900 740 ἐμοῦ
2941 673 2997 725 δὲ
3023 677 3052 726 ὁ
3091 675 3250 736 Θεὸςο
3285 677 3502 728 ἐκείνου
3542 677 3669 746 γάρ
3693 677 3764 727 το
3798 679 4002 729 semitm

2415 762 2599 830 ἔργον,
2639 763 2699 825 ὃς
2751 779 2846 814 σου
2887 763 2986 831 τὴν
3026 764 3135 818 τῶν
3168 767 3594 835 ἡμαρτημένων
3639 767 4002 837 ὲξομολόγῃτιῖ

2415 849 2869 919 προσδεξάμενος,
2907 852 3002 904 καὶ
3024 854 3124 922 τὴν
3147 853 3353 906 τούτων
3387 855 3602 923 ἄφεσιν
3626 855 4002 923 ἐπιϐραίεὺτει

2414 941 2503 992 δια
2523 941 2617 1009 τῆς
2639 941 2915 1010 ἡμετέρας
2945 943 3148 1011 φωνῆς,
3172 943 3248 1006 ὡς
3276 944 3342 996 δι’
3377 945 3607 1007 οἰκείας
3643 947 3844 1013 φωνῆς
3879 948 4004 1009 αὑτὸς

2415 1032 2750 1100 ἀπεφήνατο,
2788 1033 2935 1084 κατά
2969 1033 3170 1103 πολλὴν
3206 1036 3302 1086 καὶ
3345 1038 3572 1103 ἄφατον
3607 1035 4003 1104 φιλανθρωτξιτ

2418 1121 2654 1192 εἰρηκὼς
2702 1121 2876 1185 οὕτως
2905 1139 2917 1151 ·
2957 1123 3117 1176 Ὅσα
3152 1124 3261 1177 ἐὰν
3284 1125 3554 1193 δήσητε,
3595 1126 3640 1191 ἣ
3671 1129 3908 1190 λύσητε
3931 1129 4001 1178 ἐπὶ

2415 1212 2523 1280 τῆς
2557 1212 2691 1282 γῆς,
2718 1213 2891 1266 ἔσται
2920 1216 3020 1268 καί
3043 1216 3113 1268 ἐν
3138 1217 3444 1284 οὐρανοῖς,
3477 1219 3558 1271 τὰ
3587 1220 3706 1286 μὲν
3732 1218 4003 1285 δεδεμένα,

2415 1303 2482 1354 τά
2505 1303 2560 1354 δὲ
2584 1304 2909 1372 λελυμένα.
2958 1305 3047 1370 Ὦς
3074 1303 3167 1360 οὖν
3190 1308 3338 1378 αὐτῷ
3374 1310 3448 1361 τά
3487 1312 3746 1378 κρυπτὰ
3769 1311 3876 1361 τῶν
3902 1329 4006 1378 καρ-

2413 1393 2542 1446 διῶν
2563 1392 2748 1457 εἰδότι,
2779 1396 2850 1446 τά
2874 1397 3059 1466 κρυφῆ
3097 1415 3178 1450 σοι
3205 1400 3596 1468 πεπραγμένα
3623 1400 4005 1467 διεξαγγὲὶλων

2415 1483 2644 1538 ἐνώπιον
2674 1485 2782 1537 τῶν
2812 1486 2986 1553 ἁγίων
3031 1488 3280 1555 ἀγγέλων
3314 1490 3486 1558 μηδὲν
3517 1491 3907 1562 ἀποκρύπτῃς
3939 1493 4006 1542 ἀπ’

2417 1573 2551 1640 ἐμοῦ
2583 1591 2598 1604 ο
2635 1576 2728 1628 καὶ
2768 1577 2931 1638 αὐτὸς
2959 1577 2988 1628 ὁ
3013 1577 3122 1631 τῶν
3153 1580 3418 1648 κρυπτῶν
3451 1580 3759 1650 γνώστης,
3791 1583 4006 1647 ags-.52:

2415 1665 2595 1716 πάντα
2631 1667 2700 1719 τά
2744 1667 2849 1718 ὑπὸ
2881 1667 2974 1720 σοῦ
3011 1669 3416 1738 φανερούμενα,
3466 1671 3538 1722 οὐ
3585 1671 3769 1739 μόνόν
3811 1673 3879 1723 τά
3908 1689 4006 1739 τρο-

2418 1755 2701 1822 γεγονότα,
2734 1757 2829 1809 καὶ
2860 1756 2930 1809 τά
2962 1757 3056 1808 νῦν
3087 1759 3478 1828 ὲνεργηῢέντα,
3507 1760 3666 1813 ἀλλὰ
3695 1764 3796 1813 καῖ
3827 1764 3889 1811 τα

2418 1850 2761 1917 γενησόμενα
2789 1887 2803 1910 ,
2834 1849 2929 1901 καὶ
2965 1852 3188 1916 φωτίσει
3229 1852 3332 1921 τὴν
3377 1852 3647 1906 διάνοιάν
3685 1869 3787 1906 σου
3819 1856 3900 1906 διὰ
3937 1855 4003 1906 :53

2417 1939 2684 2006 παναγίου
2711 1939 3154 2008 Πνεύματος,καὶ
3167 1941 3365 2006 διδάξει
3390 1959 3452 1995 σε
3483 1947 3791 2013 μεριμνᾷ-ιι
3815 1947 4003 1996 πάντοτε

2419 2027 2516 2078 καὶ
2537 2027 2718 2079 λαλεῖν
2748 2027 2816 2080 τά
2841 2028 2991 2096 αὐτῷ
3025 2030 3291 2101 εὐάρεστα
3315 2049 3330 2061 ·
3361 2032 3462 2084 καὶ
3653 2049 3748 2084 σοι
3772 2036 4003 2085 tanaim-

2420 2133 2502 2169 σιν
2532 2117 2724 2188 ἀληθῆ,
2759 2119 2983 2189 ἀγάπην
3014 2122 3378 2191 ἀνυπόκριτον
3406 2163 3423 2187 ,
3461 2121 3882 2192 μακροθυμίαν
3937 2142 3986 2174 εν

2419 2206 2691 2272 εξίκακον,
2725 2209 3003 2280 ὑπομονὴν
3033 2213 3129 2264 καὶ
3160 2215 3445 2283 πραότητα
3465 2253 3479 2274 ,
3523 2212 3711 2282 φόϐον
3740 2215 4004 2280 ἁγνότατον

2418 2297 2630 2368 ὲμὸάλῃ
2658 2301 2724 2368 τῇ
2781 2301 2979 2372 καρδίᾳ
3021 2319 3138 2363 σου,
3189 2305 3284 2355 καὶ
3331 2303 3698 2368 ἁπαξαπλῶς
3755 2307 3924 2356 είπεῐν
3960 2307 4004 2354 ἐν

2418 2391 2621 2452 πάσαις
2665 2393 2782 2453 ταῖς
2829 2392 2940 2443 τῶν
2989 2393 3211 2461 ἀγαθῶν
3271 2393 3571 2461 ἐργασίαις
3625 2396 3893 2464 ρυῡμέςει
3941 2413 4002 2447 σε.

2419 2480 2614 2533 Κλῖνον
2639 2481 2835 2546 τοίνυν,
2859 2475 2905 2534 ὦ
2925 2483 3136 2546 τέκνον,
3165 2484 3226 2536 τὸ
3245 2481 3338 2547 οὖς
3367 2501 3486 2546 σου,
3521 2487 3627 2537 καὶ
3661 2487 3843 2555 ἡδέως
3869 2488 4005 2538 ἀκον-

2421 2585 2513 2621 σον
2566 2570 2702 2624 Θεοῦ
2760 2573 3264 2642 παραγγελμάτων,
3321 2573 3467 2626 οὓτω
3523 2575 3622 2627 διὰ
3681 2577 3801 2627 τῶν
3861 2577 4003 2640 ἁγίων

2419 2660 2458 2711 Γ
2463 2661 2650 2730 ραφῶν
2673 2664 2806 2730 πρὸς
2841 2665 2988 2732 ἡμᾶς
3028 2664 3278 2730 λέγοντος
3306 2683 3323 2696 ’
3366 2665 3840 2733 Ἐπιστρὰξητε
3876 2671 4004 2733 ,τρίς

2414 2769 2509 2820 με,
2533 2752 2630 2804 καί
2655 2752 2892 2822 ίάσομαι
2919 2754 2991 2806 τὰ
3011 2757 3427 2824 συγτρίμματα
3462 2757 3661 2824 ὑμῶν.
3697 2760 3813 2811 Καὶ
3831 2759 3976 2810 πάλιν
3993 2776 4004 2785 ·

2419 2845 2474 2895 Μ
2484 2843 2516 2908 ἡ
2541 2843 2855 2911 βραδύν-ης
2885 2844 3256 2914 ἐπιστρέψας
3297 2846 3450 2914 πρὸς
3496 2849 3757 2914 Κύριον,
3813 2849 3910 2900 καὶ
3940 2848 4008 2916 μή

2418 2932 2638 2985 ἐκλύου
2677 2934 2905 3001 ἡμέραν
2931 2934 3000 2998 ἐξ
3051 2935 3308 3002 ἡμέρας,
3340 2937 3422 2988 ὅτι
3457 2938 3486 2988 ὁ
3528 2935 3778 3000 θάνατος
3806 2939 3870 2989 οὐ
3896 2936 4009 3006 βρα-

2418 3023 2583 3076 δύνει.
2623 3024 2734 3076 Καί
2763 3038 2778 3050 ·
2819 3026 3168 3093 Ἀνθρωπος
3192 3025 3570 3094 ἐπιστρέψας
3603 3027 3681 3092 ἐξ
3711 3027 3866 3082 ὀδοῦ
3889 3029 4010 3081 ἀσε-

743 3125 870 3177 tatis
901 3139 1009 3177 sua:
1047 3125 1152 3177 vita
1184 3124 1332 3185 viret,
1363 3133 1413 3177 et
1455 3140 1558 3176 non
1595 3125 1848 3178 morietur
1877 3134 1928 3179 et
1973 3126 2314 3196 iniquitatum

2419 3115 2582 3177 σείας
2599 3113 2785 3168 αὑτοῦ
2808 3113 2923 3182 ζωῇ
2948 3115 3207 3182 ζήσεται,
3232 3119 3334 3172 καὶ
3361 3119 3438 3172 οὐ
3461 3119 3556 3187 μὴ
3582 3121 3900 3187 ἀποθάνῃ,
3926 3119 4010 3171 ui

742 3216 854 3282 ejus
893 3231 996 3268 non
1029 3215 1338 3267 reminiscar
1368 3223 1408 3267 '.
1451 3213 1516 3267 Et
1558 3215 1793 3270 iterum:
1827 3215 2163 3284 Confitemini
2197 3219 2314 3273 Do-

2416 3203 2536 3258 τῶν
2573 3204 2840 3274 ἀνομιῶν
2876 3208 3067 3262 αὐτοῦ
3112 3211 3185 3263 οὐ
3220 3210 3308 3279 μὴ
3342 3211 3627 3280 μνησθῶ.
3679 3215 3801 3267 Καὶ
3843 3215 4007 3266 πάλιν·

742 3308 886 3358 mino
913 3307 1162 3374 quoniam
1206 3305 1370 3358 bonus
1393 3307 1436 3358 '.
1474 3303 1574 3359 Et:
1624 3306 1958 3374 Confitemini
2004 3309 2318 3364 alterutrum

742 3396 936 3447 delicta
976 3403 1143 3447 vestra
1169 3435 1185 3459 ,
1227 3403 1276 3448 et
1316 3402 1462 3447 orate
1492 3409 1586 3461 pro
1626 3394 1849 3448 invicem
1893 3404 1950 3447 ut
1994 3399 2315 3452 sanemini‘.

759 3484 932 3537 Venite
959 3483 1027 3536 ad
1056 3499 1155 3548 me,
1193 3499 1368 3536 omnes
1396 3484 1486 3552 qui
1514 3484 1774 3537 laboratis
1797 3493 1847 3537 et
1877 3487 2084 3539 onerati
2101 3488 2247 3552 estis,
2267 3497 2318 3542 et

742 3590 834 3643 ego
866 3573 1100 3643 reﬁciam
1131 3573 1280 3628 vos".
1317 3572 1410 3627 Sic
1443 3573 1608 3644 igitur
1646 3589 1744 3643 per
1765 3589 1958 3630 omnes
2004 3573 2318 3646 Scripturas

744 3663 1086 3728 admonitus,
1143 3671 1199 3717 ct
1249 3663 1316 3716 ad
1381 3663 1852 3733 participationem
1906 3666 2214 3721 ccelestium
2263 3677 2320 3723 et

746 3767 1075 3811 :eternorum
1106 3755 1373 3809 bonorum
1397 3757 1716 3820 advocatus,
1743 3755 1965 3812 attende
1992 3773 2060 3812 ne
2075 3769 2199 3829 post
2229 3774 2318 3816 re-

745 3848 1111 3918 pudiatiouem
1160 3847 1466 3917 iniquorum
1509 3863 1734 3917 operum
1783 3848 1837 3902 in
1883 3850 2072 3904 eadem
2116 3851 2314 3906 iterum

745 3949 794 3996 te
822 3949 1126 4004 convertas,
1153 3947 1206 3994 et
1238 3940 1560 3995 assimilcris
1590 3941 1712 3996 caui
1736 3941 1801 3993 ad
1831 3943 2113 4010 proprium
2142 3943 2318 3998 vomi-

745 4043 861 4086 tum
895 4030 1216 4094 rcverteuti,
1260 4041 1312 4085 ct
1358 4031 1441 4086 sui
1483 4033 1610 4086 lotae
1642 4032 1710 4086 ad
1756 4032 2100 4088 volutabrum
2146 4036 2312 4090 omni.

745 4119 909 4186 Vide,
955 4121 1064 4185 ﬁli,
1098 4135 1193 4190 per
1226 4119 1454 4190 gratiam
1501 4121 1704 4176 Christi
1744 4138 1866 4191 qua:
1915 4123 2010 4177 tibi
2048 4136 2312 4194 prosunt,

742 4212 968 4281 exposui
1001 4212 1117 4276 tibi,
1155 4221 1209 4266 ct
1239 4211 1372 4265 nihil
1407 4213 1727 4282 pratermisi
1756 4229 1948 4268 eorum
1975 4231 2099 4284 qua:
2128 4215 2317 4272 confc-

743 4314 873 4358 runt
904 4305 970 4357 ad
1007 4304 1293 4358 utilitatem
1325 4312 1380 4358 et
1407 4300 1658 4358 salutem
1682 4313 1854 4359 tuam.
1885 4305 2152 4360 Caeterum
2181 4309 2315 4364 nihil

742 4396 1170 4466 procrastinaus,
1217 4402 1312 4448 aut
1353 4397 1682 4450 erubescens
1727 4411 1922 4450 enarra
1966 4412 2150 4451 coram
2182 4399 2310 4463 Deo,

2427 3294 2910 3365 Ἐξομολογεῖσθε
2929 3295 3010 3361 τῷ
3035 3298 3232 3366 Κυρίῳ
3256 3316 3272 3331 ·
3296 3299 3388 3353 ὅτι
3421 3303 3730 3368 χρηστός.
3769 3304 3887 3356 Καὶ
3904 3302 4008 3365 Εε-

2419 3385 2809 3456 ομολογεῖσθε
2834 3386 3132 3455 ἀλλήλοις
3175 3389 3251 3442 τὰ
3275 3391 3763 3460 παραπτώματα,
3802 3393 3906 3446 καί
3930 3394 4011 3446 εὖ·

2416 3483 2596 3550 χεσθε
2627 3480 2781 3549 ὑπὲρ
2821 3482 3130 3549 ἀλλήλων,
3174 3483 3337 3550 ὅπως
3371 3484 3603 3554 ίαθῆτε.
3653 3487 3849 3542 Δεῦτε
3877 3490 4012 3554 πρός

2410 3587 2507 3640 με,
2553 3572 2775 3638 πάντες
2816 3576 2871 3626 oi
2917 3575 3250 3641 κοπιῶντες
3283 3576 3381 3629 καί
3425 3579 3482 3631 οί
3513 3581 4008 3648 πεφορτισμένοι,

2415 3663 2577 3732 κάγὼ
2616 3665 2953 3719 ἀναπαύσω
2980 3663 3157 3733 ὑμᾶς.
3193 3665 3382 3730 Οὕτως
3407 3663 3504 3721 οὖν
3529 3669 3621 3723 διὰ
3656 3671 3855 3740 πάσης
3883 3672 4012 3742 Γρα-

2416 3753 2526 3824 φῆς
2547 3753 2984 3824 νουθετούμενος,
3011 3755 3108 3809 καὶ
3133 3756 3269 3827 πρὸς
3290 3759 3586 3827 μετουσίαν
3603 3761 3726 3814 τῶν
3749 3762 4012 3832 οὐρανίων

2416 3843 2511 3895 καὶ
2539 3843 2726 3897 ἀϊδίων
2747 3844 2967 3911 ἀγαθῶν
3001 3846 3504 3917 προσκαλούμενος,
3553 3851 3809 3921 πρόσχες
3857 3853 4013 3924 μήτε

2419 3932 2556 4002 μετά
2589 3934 2689 4004 τὴν
2728 3935 2984 4004 ἀθέτησιν
3016 3936 3124 3989 τῶν
3150 3937 3408 4008 ἀθέσμων
3447 3939 3631 4009 ἔργων
3665 3944 3756 4005 είς
3779 3943 3855 3997 τὰ
3885 3944 4014 3997 αὐτὰ

2415 4025 2575 4078 πάλιν
2626 4026 2982 4100 ἐπιστρέψῃς,
3015 4029 3110 4081 καὶ
3137 4029 3456 4102 ὁμοιωθήσῃ
3506 4033 3664 4095 κυνὶ,
3729 4034 3880 4103 πρὸς
3931 4033 4012 4086 τὸν

2418 4115 2546 4168 ἴδιον
2579 4116 2770 4186 ἔμετον
2811 4121 3197 4192 στρεφομένῳ,
3228 4123 3323 4176 καὶ
3361 4123 3415 4175 ὑῒ
3439 4122 3720 4196 λουομένη
3754 4129 3843 4190 είς
3867 4129 4010 4181 r51:-

2417 4223 2530 4276 σμα
2583 4208 2861 4280 βορϐόρου.
2928 4211 3094 4276 Ἰδοὺ,
3148 4214 3377 4279 τέκνον,
3419 4216 3608 4286 χάριτι
3653 4218 3910 4288 Χριστοῦ
3953 4220 4011 4272 τά

2417 4299 2767 4370 συμφέροντα
2789 4302 3068 4374 ὑπεοέμην
3092 4321 3196 4368 σοι,
3223 4308 3317 4357 καὶ
3339 4307 3492 4360 οὐδὲν
3517 4308 3779 4364 ἐνέλιπον
3805 4311 3924 4364 τῶν
3941 4313 4010 4370 εἰς

2415 4394 2680 4462 ὠφέλειαν
2706 4396 2800 4448 καὶ
2827 4399 3101 4469 σωτηρίαν
3132 4417 3224 4452 σου
3263 4402 3676 4455 συντεινόντων.
3704 4406 3918 4457 Ars-.73»:
3944 4405 4006 4473 μή

739 4495 797 4541 ct
840 4485 1045 4540 sanctis
1089 4485 1315 4556 angelis.
1368 4485 1520 4540 Licet
1562 4486 1709 4540 enim
1756 4487 1860 4541 hoc
1904 4489 2212 4557 pudendum
2259 4499 2313 4544 et

2420 4482 2854 4553 ἀναϐαλλόμενος
2901 4484 2934 4554 ἢ
2987 4487 3376 4556 αἰσχυνόμενος
3431 4488 3673 4540 ἐνώπιον
3733 4489 3882 4542 Θεοῦ
3925 4491 4008 4541 καὶ

743 4577 1063 4645 probrosum
1111 4576 1204 4629 tibi
1245 4576 1532 4642 videatur,
1571 4592 1735 4646 Opera
1781 4579 1995 4645 probris
2028 4589 2083 4632 et
2116 4579 2308 4647 pudori

742 4667 978 4721 obnoxia
1023 4669 1264 4721 revelare
1286 4706 1303 4732 ,
1333 4676 1573 4722 attamen
1615 4669 1812 4722 eximie
1841 4676 1897 4722 et
1929 4680 2184 4725 accurate
2215 4672 2311 4725 tibi

740 4771 1060 4827 persuasum
1089 4765 1207 4810 esto
1232 4771 1328 4824 per
1355 4765 1674 4826 praesentem
1701 4759 1962 4826 pudorem
1985 4769 2036 4812 te
2069 4775 2098 4812 a
2127 4758 2312 4815 futuro

740 4847 993 4910 liberari,
1026 4855 1080 4900 ct
1119 4847 1387 4901 mandatis
1423 4847 1728 4901 obedieudo
1773 4864 1880 4902 nou
1918 4849 2083 4903 modo
2125 4851 2310 4905 indul-

741 4934 942 5005 gentia,
965 4933 1060 4988 scd
1089 4935 1250 4989 etiam
1279 4936 1500 4990 coronis
1533 4945 1584 4991 te
1612 4938 1837 5007 dignum
1867 4939 2004 4995 ﬁeri.
2029 4938 2131 4993 Per
2152 4940 2310 4994 Chri-

739 5033 880 5077 stum
919 5020 1204 5076 Dominum
1245 5025 1633 5091 nostrum,_,cui
1680 5025 1752 5079 sit
1790 5025 1960 5096 gloria
2006 5026 2058 5077 iu
2087 5026 2309 5081 szecula.

737 5115 932 5168 Amen.

809 5201 1002 5259 Postea
1044 5203 1089 5259 si
1123 5201 1206 5257 vir
1235 5211 1323 5258 cst
1360 5203 1456 5273 qui
1494 5201 1785 5258 conﬁtetur
1811 5243 1828 5270 ,
1869 5214 2054 5259 mouet
2093 5220 2216 5259 eum
2249 5217 2309 5262 ut

736 5305 901 5368 caput
922 5296 1145 5366 aperiat,
1169 5297 1313 5352 sicut
1332 5296 1537 5350 dictum
1557 5307 1666 5362 est,
1688 5297 1814 5351 licet
1836 5297 2085 5350 diadema
2113 5307 2304 5366 gestet:

736 5403 845 5442 nou
876 5396 1059 5441 autem
1088 5387 1134 5441 si
1165 5386 1380 5441 mulier.
1424 5384 1481 5440 Si
1510 5401 1639 5441 vero
1663 5387 1851 5451 abbas,
1884 5386 2185 5448 cucullum,
2209 5388 2303 5457 qui

737 5487 902 5551 super
929 5489 1094 5550 caput
1123 5480 1241 5549 ejus
1272 5489 1375 5547 est,
1409 5480 1681 5551 deponere
1715 5480 1924 5551 jubeat,
1955 5479 2150 5535 deinde
2177 5493 2304 5548 pro-

810 5665 826 5695 ί
870 5655 1056 5711 Matth.
1092 5675 1201 5725 ενι,
1225 5660 1291 5713 19
1366 5663 1385 5692 ²
1416 5657 1554 5718 Osce
1582 5677 1660 5727 ιιι,

737 5729 832 5783 lli.
913 5730 931 5762 '
959 5727 1154 5787 Matth.
1189 5746 1266 5800 XI,
1305 5731 1404 5786 ‘28.

1851 5661 1871 5693 ³
1903 5659 2071 5718 Eccli.
2107 5677 2161 5728 ν,
2199 5659 2250 5728 8,
2285 5661 2338 5716 9.

2416 4570 2522 4621 τῶν
2556 4571 2726 4637 ἁγίων
2769 4571 3013 4638 ἀγγέλων
3037 4573 3372 4642 ἐξάγγειλον.
3405 4576 3467 4628 Ei
3499 4577 3612 4646 γάρ
3648 4578 3749 4629 καὶ
3781 4579 4004 4646 uini-.1;

2417 4676 2500 4711 σοι
2539 4659 2686 4712 δοκεῖ
2724 4659 2783 4712 τὸ
2823 4662 2890 4714 τὰ
2937 4663 3036 4732 τῆς
3064 4665 3329 4735 αἰσχύνης
3371 4667 3793 4720 ἀνακαλύπτειν
3856 4671 4003 4739 ἔργα.

2415 4750 2555 4817 πλὴν
2585 4750 2827 4821 ἀκριϐῶς
2860 4753 3092 4806 πέπεισο
3121 4755 3196 4817 ὡς
3243 4756 3332 4809 διὰ
3359 4758 3456 4825 τῆς
3491 4759 3790 4828 παρούσης
3825 4760 4004 4828 αἰσχῦ-

2415 4858 2510 4911 νης
2536 4842 2857 4914 ἀπαλλάττῃ
2883 4844 2983 4914 τῆς
3014 4843 3334 4916 μελλούσης.
3371 4848 3482 4899 Καὶ
3517 4848 3610 4901 διὰ
3644 4850 3749 4920 τῆς
3782 4852 3899 4903 τῶν
3932 4854 4003 4901 ἑν-

2414 4929 2585 4983 τολῶν
2636 4931 2904 5001 ἐργασίας
2953 4933 3014 4985 οὐ
3047 4937 3450 5005 συγχωρήσεως
3486 4939 3676 5005 μόνον,
3724 4941 3872 4994 ἀλλά
3923 4942 4002 4992 καὶ

2414 5024 2690 5090 στεφάνων
2713 5023 2958 5089 καταξιοῖ
2977 5028 3036 5077 ὲν
3061 5026 3280 5097 Χριστῷ
3303 5027 3478 5097 Ἰησοῦ
3500 5029 3579 5098 τῷ
3601 5031 3808 5101 Κυρίῳ
3833 5032 4000 5101 ’1³μὲθῆ

2410 5106 2456 5181 ᾧ
2488 5115 2521 5184 ἡ
2553 5115 2680 5180 δόξα
2710 5117 2791 5180 εἰς
2817 5119 2945 5180 τοὺς
2976 5117 3201 5180 αίῶνας.
3249 5118 3444 5189 ’Δμήν.

2484 5205 2594 5258 Καὶ
2650 5205 2790 5278 μετά
2843 5205 3018 5260 ταῦτα
3066 5209 3212 5260 ποιεῖ
3269 5209 3431 5261 αὑτὸν
3486 5209 3999 5275 ἀποσκεπάζεσθαι.

2416 5294 2598 5358 καθὼς
2629 5294 2978 5366 προείρηται,
3003 5296 3103 5365 τὴν
3135 5296 3324 5350 τούτου
3361 5299 3606 5368 κεφαλὴν
3641 5301 3698 5352 εί
3725 5300 3847 5372 ἔχει
3873 5297 4001 5354 εἶναι

2413 5392 2442 5442 ὁ
2461 5389 2522 5442 τὸ
2547 5390 2787 5460 διάδημα
2815 5391 3020 5460 φορῶν,
3045 5390 3139 5444 ὲάν
3163 5393 3308 5445 ἐστιν
3334 5393 3472 5464 ἀνήρ
3492 5410 3508 5427 ο
3542 5397 3592 5446 εί
3619 5395 3682 5448 δὲ
3711 5399 3882 5466 γυνὴ,
3909 5397 3996 5448 οὗ·

2415 5483 2463 5534 εἰ
2493 5481 2547 5534 δὲ
2570 5481 2742 5546 ἀϐϐᾶς
2781 5481 2968 5535 ὲτάνω
2991 5484 3089 5552 τῆς
3113 5483 3356 5554 κεφαλῆς
3383 5485 3550 5540 αὐτοῦ
3570 5487 3633 5539 τὺ
3656 5489 3865 5543 ἑαυτοῦ
3885 5506 3999 5543 κω-

3740 5670 3762 5700 ⁶
3797 5665 3922 5724 Jac.
3950 5680 3994 5726 τ,

2449 5662 2470 5693 δ
2496 5661 2690 5718 Ezech.
2737 5680 2889 5729 xviii,
2921 5662 3013 5732 21,
3067 5666 3154 5720 εὶ-Ξ.
3267 5668 3288 5698 ³
3327 5666 3471 5722 Psal.
3509 5683 3620 5736 cu,
