4112 6416
149 455 276 525 ιςςοςι

1457 465 1623 524 ΡίΕΝ
1637 460 1883 522 ΙἹἙΝΊῚ
1897 459 2056 519 ALE.

3247 455 3385 520 1894

150 566 385 620 κού).λιον
408 565 607 634 βαλεῖν,
635 567 730 620 καὶ
757 571 942 624 πεσεῖν
973 569 1279 642 ἔμπροσθεν
1304 573 1398 628 τοῦ
1420 575 1712 644 θυσιαστη-

1816 569 1994 622 cidere
2016 576 2142 623 ante
2168 565 2357 630 altare,
2379 573 2433 618 et
2461 563 2642 617 dicere
2666 577 2680 616 :
2716 579 2735 613 ι
2764 560 3035 617 Contiteor
3053 561 3172 628 tibi,
3199 564 3385 633 Pater,

147 657 278 722 ρίου,
308 654 400 707 καὶ
423 654 618 722 λέγειν·
643 675 662 708 ι
699 657 1153 730 Ἐξομολογοῦμαί
1175 679 1278 726 σοι,
1297 664 1498 732 Πάτερ,
1520 662 1710 725 οὕτως,

144 744 311 815 Κύριε
364 745 566 816 ποιητὰ
609 747 841 817 ούρανοῦ
883 749 978 802 καὶ
1019 750 1145 820 γῆς,
1185 755 1364 805 πάντα
1406 754 1474 807 τὰ
1511 753 1714 823 κρύφια

141 833 237 901 τῆς
266 833 492 903 καρδίας
517 851 643 903 μου.
687 837 796 888 Καὶ
828 836 966 905 μετὰ
1000 839 1060 891 τὸ
1095 842 1271 892 εἰπεῖν
1295 841 1572 909 τδνολόγον
1593 842 1716 894 τοῦ-

142 938 230 974 τον
249 923 469 993 ἀνιστᾷν
493 925 658 978 αὑτὸν
677 926 770 978 καὶ
802 928 952 997 ἱστᾷν
979 929 1038 981 ἐν
1065 929 1142 1000 τῷ
1165 932 1246 983 ἑνὶ
1269 931 1426 1004 μέρει
1449 933 1550 1002 τῆς
1602 935 1716 985 εἱσ-

147 1013 266 1064 όδου
292 1012 386 1064 τοῦ
417 1012 921 1086 θυσιαστηρίου,καὶ
946 1019 1105 1072 αὐτὸν
1133 1022 1382 1076 ἵστασθαι
1409 1025 1488 1086 εἰς
1517 1023 1577 1074 τὸ
1595 1023 1714 1074 ἓτε-

143 1117 252 1169 ρον*
281 1102 374 1152 καὶ
402 1103 693 1174 ἐπερωτᾷν
721 1106 886 1158 αὑτὸν
909 1108 1047 1176 μετὰ
1073 1110 1253 1178 πάσης
1276 1110 1589 1179 ἱλαρότητος
1619 1111 1714 1163 καὶ

143 1189 466 1258 προσηνείας
502 1207 517 1221 ·
563 1194 611 1244 εί
643 1194 868 1248 δυνατὴν
909 1197 1005 1249 καὶ
1042 1199 1356 1266 καταφιλεῖν
1390 1199 1552 1252 αὐτὸν
1575 1238 1590 1264 ,
1621 1201 1714 1251 καὶ

141 1278 236 1340 τὰς
266 1280 455 1346 χεῖρας
485 1281 649 1334 αὐτοῦ
679 1281 774 1335 τοῦ
803 1283 1302 1354 ἐξομολογουμένου
1338 1287 1432 1340 ἐπὶ
1458 1285 1551 1338 τὸν
1582 1286 1712 1338 τδιον

141 1363 401 1416 ἐπιτιθεῖν
433 1365 654 1435 αὐχένα,
689 1369 923 1437 μάλιστα
941 1370 1035 1424 ἐὰν
1065 1371 1168 1443 ὁρᾷ
1191 1373 1354 1427 αὑτὸν
1375 1371 1713 1426 καταπονού-

144 1479 301 1529 μενον
323 1465 414 1516 καὶ
439 1467 964 1537 κατακυριευόμενον
991 1464 1094 1519 ὑπὸ
1114 1467 1213 1534 τῆς
1235 1464 1511 1534 ἀφορήτου
1536 1461 1712 1531 λύπης

143 1553 233 1604 καὶ
263 1554 526 1625 αἰσχύνης
553 1595 569 1621 ,
615 1557 712 1609 καὶ
741 1557 981 1628 πραεία,
1029 1556 1125 1610 καὶ
1161 1555 1508 1626 γαληνοτάτῃ
1556 1555 1708 1622 φωνῇ

143 1641 316 1708 λέγειν
338 1643 476 1712 πρὸς
510 1645 674 1699 αὐτόν
705 1659 720 1675 ⁶

215 1751 232 1782 ε
272 1734 398 1796 Πῶς
427 1736 707 1807 σου,κύριε
734 1737 950 1805 aegret,
994 1737 1027 1806 ἢ
1065 1735 1285 1805 ἀδελφὴ,
1327 1736 1384 1787 ὲν
1415 1733 1647 1804 πρώτοις
1672 1733 1706 1800 ἡ

1816 660 1916 724 sic,
1943 657 2166 712 Domine
2196 656 2370 710 factor
2388 655 2510 708 emli
2530 662 2584 706 et
2616 661 2793 712 terra',
2821 653 3005 706 omnia
3034 654 3248 708 occulta
3270 671 3388 710 eor-

1814 750 1899 804 dis
1932 749 2057 803 mei.
2085 768 2104 800 »
2130 747 2428 816 Postquam
2455 755 2637 798 autem
2661 744 2775 797 lure
2796 745 2957 798 verba
2985 745 3232 808 protulit,
3259 761 3388 801 eum

1815 855 2040 910 surgere
2093 840 2248 910 jubet
2304 845 2360 892 et
2424 847 2569 890 stare
2617 838 2671 890 in
2741 849 2846 889 una
2909 847 3059 901 parte
3108 839 3389 905 ingressus

1813 934 1879 986 ad
1909 932 2101 997 altare,
2145 931 2261 1000 ipse
2289 944 2418 982 vero
2447 929 2494 982 ei
2527 930 2592 982 ad
2633 929 2862 981 alterum
2913 927 3052 981 latus
3095 937 3271 991 astat;
3330 936 3389 984 et

1812 1035 1937 1074 cum
1982 1020 2279 1088 interrogat
2302 1033 2426 1072 cum
2464 1018 2611 1071 omni
2655 1017 2930 1070 hilaritate
2954 1025 3004 1069 el
3031 1015 3387 1083 benignitate,

1814 1110 2104 1177 ipsumque
2149 1109 2194 1164 si
2241 1106 2499 1177 possibile
2536 1115 2639 1169 cst,
2684 1107 3054 1168 deosculatur,
3095 1115 3151 1157 et
3192 1119 3388 1158 manus

1811 1199 2118 1254 Confitentis
2152 1199 2372 1267 proprio
2402 1198 2544 1251 collo
2589 1196 2817 1264 imponit
2841 1236 2856 1254 .
2887 1195 3185 1264 praesertim
3221 1195 3268 1248 si
3303 1194 3388 1245 vi-

1811 1290 1934 1342 deat
1963 1289 2140 1357 ipsum
2170 1287 2500 1342 intolerabili
2525 1287 2739 1340 tristitia
2763 1294 2816 1338 et
2840 1284 3046 1352 pudore
3075 1282 3387 1339 confectum

1809 1395 1930 1450 qua:
1961 1381 2008 1435 ei
2041 1382 2312 1435 serviliter
2352 1379 2700 1434 dominentur
2725 1418 2739 1441 ,
2771 1377 2986 1447 ipsique
3019 1383 3301 1432 mansueta
3333 1383 3390 1430 et

1809 1485 1995 1526 Serena
2026 1487 2154 1527 voce
2185 1472 2319 1526 dicit
2345 1488 2360 1525 :

1882 1742 1901 1776 ι
1937 1724 2242 1790 Quomodo,
2282 1724 2510 1778 domine
2544 1721 2709 1777 frater
2741 1722 2861 1790 (rei
2895 1721 3117 1790 soror),
3151 1720 3390 1790 primum

143 1824 415 1892 παρθενία
463 1826 768 1898 διεφθάρης
820 1829 919 1881 Διὰ
938 1829 1215 1899 πορνείας,
1255 1826 1287 1896 ἦ
1339 1825 1427 1878 διὰ
1474 1823 1706 1894 νομίμου

1815 1813 2087 1882 virginitas
2113 1823 2204 1867 tua
2233 1822 2488 1882 corrupta
2518 1812 2644 1867 est?
2683 1811 2786 1866 Per
2817 1810 3259 1874 fornicationem,
3297 1827 3372 1866 ve

143 1915 342 1984 γάμου,
373 1915 406 1985 ἢ
444 1917 532 1969 διὰ
563 1917 853 1987 μαλακίας,
887 1919 922 1988 ἦ
959 1934 1102 1979 τινος
1143 1916 1250 1968 τῶν
1286 1913 1436 1985 παρὰ
1457 1913 1647 1982 φύσινς
1683 1929 1702 1962 ι

1815 1901 2112 1970 legitimum
2145 1903 2578 1966 matt'inmnium,
2607 1902 2691 1955 vel
2721 1916 2814 1970 per
2835 1901 3140 1966 mollitiem,
3173 1909 3267 1954 aut
3286 1901 3388 1954 ali-

144 2005 476 2074 Συνθέμενον
513 2007 570 2060 δὲ
616 2009 709 2060 καὶ
751 2007 926 2069 οὕτως
976 2007 1009 2075 ἢ
1060 2005 1232 2068 οὕτως
1274 2005 1511 2066 είπόντα,
1553 2002 1713 2056 πάλιν

141 2111 236 2145 επε
248 2095 428 2165 οωτᾷν
457 2095 638 2159 αὑτὸν,
670 2098 748 2160 εἰς
777 2095 946 2157 πόσας
975 2095 1136 2146 ἔπεσε
1184 2095 1446 2159 γυναῖκας
1483 2090 1592 2160 πρὸ
1621 2088 1714 2142 τοῦ

144 2185 324 2237 λαθεῖν
366 2189 622 2252 γυναῖκα,
669 2186 764 2238 καὶ
806 2188 854 2239 εἰ
884 2186 989 2256 ἄρα
1019 2181 1158 2255 ἦσαν
1195 2183 1254 2248 ἐξ
1288 2181 1470 2236 αὐτῶν
1507 2179 1713 2246 δοῦλαι,

143 2276 234 2327 καὶ
267 2275 433 2328 πόσαι
482 2275 673 2346 χῆραι,
711 2277 806 2328 καὶ
854 2276 1018 2328 πόσαι
1061 2272 1317 2342 ὖπανδροι
1342 2313 1358 2338 ,
1411 2271 1503 2324 καὶ
1535 2271 1582 2323 εί
1609 2269 1716 2339 ἄρα

157 2363 482 2432 μονὰστριαι
507 2402 523 2426 ,
567 2363 657 2416 καὶ
691 2363 884 2425 πόσαι,
937 2362 1032 2414 καὶ
1063 2361 1111 2413 εἰ
1139 2360 1247 2430 ἄρα
1291 2357 1712 2428 μεγαλόσχημοι.

143 2454 204 2503 ΛΞ
257 2453 366 2521 γὰρ
419 2454 784 2523 μικρόσχημοι
814 2490 830 2516 ,
877 2452 953 2515 ὡς
993 2451 1189 2523 πόρναι
1241 2452 1548 2520 κρίνονται,
1580 2449 1713 2501 αἰδὲ

146 2540 577 2610 μεγαλόσχημοι,
603 2541 676 2604 ὡς
705 2541 988 2613 ὓπανδροι.
1027 2544 1136 2598 Καὶ
1159 2543 1209 2596 εἰ
1237 2541 1344 2614 ἄρα
1373 2542 1586 2612 πόρναι,
1621 2540 1715 2594 καὶ

144 2632 324 2698 πόσαι,
364 2633 462 2686 καὶ
483 2633 649 2687 πόσαι
683 2634 964 2706 παρθένοι.

209 2813 398 2866 Ταῦτα
423 2816 480 2868 ἐν
509 2815 752 2886 πρώτοις
784 2818 890 2888 χρὴ
918 2818 1008 2871 τὸν
1035 2819 1134 2881 τὰς
1158 2818 1566 2888 ἐξομολογήσεις
1590 2819 1718 2870 ἁνα-

143 2903 433 2972 ὃεχόμενον
462 2907 671 2976 ἐρωτᾷν
691 2908 782 2961 τὸν
811 2907 1302 2978 ὲξομολογούμενον
1343 2925 1357 2938 ·
1383 2909 1476 2960 καὶ
1511 2907 1572 2959 τὸ
1597 2907 1717 2960 ὅλον

142 2995 219 3056 είς
241 2995 414 3058 πόσας
436 2996 570 3066 ὁμοῦ
596 2999 910 3071 περιέπεσε.
941 2999 1052 3069 Πρὸ
1076 3001 1291 3052 πάντων
1310 2998 1417 3070 γὰρ
1440 3001 1468 3050 ὁ
1489 2997 1717 3068 ἀριθμὸς

143 3085 407 3156 ζητεῖται,
458 3089 553 3141 καὶ
600 3091 634 3159 η
680 3089 790 3142 τῶν
834 3090 1141 3160 προσώπων
1185 3089 1432 3159 διαφορά.
1465 3089 1561 3155 Ἓξ
1606 3088 1716 3159 γάρ

143 3179 245 3230 εἱσι
287 3180 346 3231 αἱ
377 3178 669 3250 ιδιαφοραί.
705 3181 870 3232 ¹Ἄλλο
914 3181 1022 3250 γὰρ
1057 3179 1120 3232 τὸ
1160 3181 1256 3232 τοῦ
1289 3180 1476 3232 δούλου
1517 3179 1712 3248 κρῖμα,
1741 3217 1784 3274 C

143 3266 234 3316 καὶ
260 3265 390 3319 ἄλλο
419 3267 516 3336 τῆς
556 3267 872 3340 ἐλευθέρας,
899 3269 1027 3322 ἄλλο
1063 3267 1164 3337 τῆς
1204 3268 1428 3338 πόρνης,
1458 3266 1553 3320 καὶ
1588 3265 1716 3320 ἄλλο

143 3356 239 3425 τῆς
265 3357 559 3427 παρθένου,
600 3359 728 3411 ἄλλο
753 3360 850 3428 τῆς
881 3359 1077 3428 χήρας,
1121 3358 1214 3410 καὶ
1241 3357 1369 3410 ἄλλο
1403 3357 1504 3427 τῆς
1540 3357 1714 3411 ὑπάν-

142 3449 286 3518 δρου,
315 3450 412 3502 καὶ
449 3449 578 3503 ἄλλο
609 3452 705 3521 τῆς
738 3448 1097 3520 μοναζούσης,
1137 3449 1231 3502 καὶ
1260 3448 1388 3503 ἄλλο
1415 3448 1514 3518 τῆς
1555 3448 1714 3518 ἱερω-

146 3539 303 3605 μένον
330 3539 568 3609 ἐχούσης
599 3539 790 3610 ἄνδρα.

210 3629 322 3681 Καὶ
341 3629 474 3698 περὶ
496 3627 900 3698 ἀρσενοκοιτίας
938 3628 1143 3698 ἐρωτᾷν
1165 3643 1180 3658 ·
1204 3623 1270 3700 ἧς
1301 3631 1394 3681 καὶ
1419 3629 1585 3699 αὐτῆς
1604 3629 1718 3681 δια-

144 3719 302 3787 φοραὶ
324 3719 502 3791 τρεῖς.
545 3718 706 3772 Ἄλλο
731 3719 839 3790 γὰρ
869 3718 930 3771 τὸ
959 3719 1087 3789 παρ’
1127 3718 1285 3772 ἄλλου
1319 3719 1531 3782 παθεῖν,
1564 3719 1592 3772 ὃ
1627 3720 1719 3772 καὶ

143 3809 470 3879 κουφότερον
499 3810 745 3879 ποιῆσαι.
769 3809 880 3862 Καὶ
905 3808 1032 3862 ἄλλο
1055 3809 1113 3860 τὸ
1139 3808 1362 3877 ποιῆσαι
1395 3811 1476 3871 εἰς
1508 3809 1714 3880 ἕτερον,

143 3896 444 3968 βαρύτατον
502 3897 596 3950 τοῦ
644 3897 837 3950 παθεῖν
904 3899 965 3949 ὅν
1000 3913 1016 3926 ⁸
1063 3896 1190 3950 ἄλλο
1239 3899 1298 3949 τὸ
1343 3896 1537 3949 παθεῖν
1585 3909 1717 3968 παρ’

141 3985 348 4055 ἑτέρου,
376 3985 472 4038 καὶ
493 3986 716 4054 ποιῆσαι
737 3986 815 4046 εἰς
839 3986 1046 4055 ἕτερον,
1072 3984 1099 4037 ὃ
1129 3984 1222 4038 καὶ
1244 3984 1352 4037 τῶν
1381 3986 1717 4055 προειρημέ-

156 4091 262 4127 νων
293 4075 406 4128 δύω
431 4075 701 4146 διαφορῶν
733 4074 1047 4145 βαρύτερον.
1069 4074 1140 4127 Τὸ
1160 4073 1266 4144 γὰρ
1299 4075 1491 4128 παθεῖν
1536 4075 1715 4143 μόνον,

139 4164 174 4232 ἢ
202 4167 425 4236 ποιῆσαι
453 4165 632 4235 μόνον,
653 4165 754 4218 οὐκ
774 4163 887 4217 ἐστι
911 4162 1160 4217 τοσοῦτον
1174 4164 1297 4217 ὅσον
1321 4163 1382 4216 τὸ
1405 4165 1595 4217 παθεῖν
1621 4164 1718 4217 καὶ

142 4255 386 4324 ποιῆσαι.
446 4254 559 4308 Καὶ
598 4255 824 4324 ὲρευνᾷν
851 4254 932 4316 είς
987 4254 1105 4307 οἵαν
1146 4252 1349 4306 τούτων
1376 4253 1484 4306 τῶν
1533 4253 1717 4323 διαφο-

145 4345 249 4415 ρῶν
277 4347 558 4409 πέπτωκε,
585 4345 680 4398 καὶ
712 4344 964 4407 ποσάκις,
1007 4344 1101 4397 καὶ
1129 4343 1219 4396 διὰ
1260 4343 1427 4396 πόσου
1465 4344 1657 4414 χρόνου
1699 4357 1714 4373 ·

141 4438 234 4489 καὶ
252 4437 302 4489 εί
319 4436 427 4506 πρὸ
449 4435 542 4488 τοῦ
569 4437 801 4502 γυναῖκα
819 4433 1024 4500 λαϐεῖν,
1049 4434 1084 4506 ἦ
1109 4435 1204 4488 καὶ
1234 4433 1374 4503 μετὰ
1406 4433 1469 4486 τὸ
1496 4433 1677 4486 λαϐεῖν
1697 4450 1714 4466 ο

1813 1994 1941 2064 quid
1975 2007 2166 2048 eorum
2210 2009 2331 2062 qua:
2377 2002 2502 2047 sunt
2542 2002 2727 2045 (‘mlll'a
2763 1992 3057 2044 naturam?
3091 2010 3109 2043 ι
3141 1989 3386 2046 Consen-

1814 2082 2034 2138 ticntem
2066 2097 2193 2136 vero
2225 2092 2278 2136 et
2305 2083 2570 2135 dicentem
2617 2081 2696 2135 sic
2733 2089 2787 2134 et
2830 2081 2930 2144 sic,
2963 2081 3160 2134 iterum
3206 2081 3385 2150 ipsum

1815 2176 2132 2245 interrogat,
2181 2175 2234 2228 in
2278 2183 2411 2245 quot
2457 2175 2710 2228 mulieres
2762 2173 3050 2238 inciderit,
3095 2183 3385 2244 antequam

1817 2281 2037 2319 uxorem
2073 2265 2294 2320 duceret
2324 2283 2337 2329 ;
2384 2281 2513 2318 num
2545 2265 2740 2334 aliqua:
2776 2263 3017 2334 ipsarum
3062 2273 3246 2318 essent
3286 2277 3389 2316 an-

1814 2360 1968 2424 cillae,
2002 2367 2220 2428 quantm
2261 2358 2454 2417 viduae,
2495 2366 2548 2410 et
2589 2370 2808 2424 quaan
2846 2364 3068 2424 nuptm;
3111 2369 3241 2408 num
3283 2354 3386 2409 ali-

1814 2467 1935 2520 qua:
1965 2449 2264 2511 monacltzc,
2296 2459 2350 2502 et
2387 2458 2521 2517 quot
2551 2464 2566 2511 ;
2599 2463 2726 2500 num
2757 2447 2955 2516 aliquae
2988 2460 3245 2516 magnum
3287 2447 3386 2499 Ita-

1815 2544 1985 2598 liitum
2025 2549 2315 2612 gestarent.
2349 2539 2481 2606 Quze
2529 2539 2674 2593 enim
2718 2553 2941 2608 parvum
2983 2545 3047 2592 ut
3071 2536 3388 2594 meretrices

1810 2634 2123 2704 judicantur
2149 2651 2163 2687 :
2193 2648 2314 2702 qua:
2352 2646 2479 2686 vero
2520 2646 2776 2699 magnum
2810 2640 2868 2684 ut
2905 2639 3106 2698 nuptae.
3140 2627 3295 2695 Quod
3339 2629 3387 2685 si

1816 2724 2129 2779 meretrices
2165 2731 2343 2785 erant,
2381 2731 2620 2792 quantae,
2655 2731 2709 2775 et
2735 2730 2950 2790 quanta:
2985 2719 3244 2789 virgines.

1885 2813 2010 2868 llmc
2052 2814 2105 2868 itt
2146 2815 2338 2883 primis
2378 2811 2747 2866 confessorem
2797 2817 3018 2878 oportet
3056 2810 3389 2874 interrogare

1815 2907 2198 2961 conﬁtentem:
2235 2904 2290 2958 in
2329 2903 2641 2958 universum
2676 2901 2841 2956 simul
2871 2901 2926 2954 in
2957 2901 3385 2970 quotasincidit.

1813 2996 1954 3052 Ante
1978 2997 2124 3051 enim
2149 2995 2332 3050 omnia
2353 3008 2614 3048 numerus
2641 2992 2924 3062 quaeritur,
2952 3000 3006 3046 et
3031 3006 3388 3060 personarum

1814 3082 2140 3138 differentia.
2185 3082 2288 3138 Sex
2340 3083 2485 3137 enim
2536 3091 2666 3137 sunt
2709 3080 3047 3136 differentia.
3087 3083 3250 3136 Aliud
3299 3093 3390 3136 est

1815 3179 1959 3232 enim
1985 3178 2252 3247 judicium
2286 3177 2472 3242 servi,
2507 3176 2654 3231 aliud
2697 3176 2922 3241 liberae;
2959 3175 3103 3228 aliud
3136 3176 3387 3230 meretri-

1815 3269 1896 3323 cis
1919 3305 1935 3332 .
1967 3268 2109 3323 aliud
2151 3268 2414 3338 virginis;
2455 3267 2602 3322 aliud
2641 3267 2857 3333 vidum,
2891 3274 2948 3321 et
2991 3264 3136 3319 aliud
3169 3276 3386 3334 nuptm;

1816 3359 1960 3414 aliud
2010 3359 2326 3423 monachae,
2366 3367 2422 3414 et
2454 3358 2602 3413 aliud
2641 3357 2820 3413 virum
2859 3370 3133 3412 sacratum
3180 3357 3389 3412 haben-

1814 3451 1907 3506 tis.

1889 3626 2155 3682 Similiter
2186 3635 2240 3682 et
2267 3627 2334 3681 de
2373 3626 2741 3682 masculorum
2771 3625 3064 3682 concubitu
3094 3626 3272 3696 ipsum
3299 3628 3386 3684 in-

1819 3725 2094 3786 terrogare
2119 3725 2347 3786 oportet,
2377 3716 2535 3786 cujus
2557 3715 2805 3771 criminis
2837 3725 2944 3772 tres
2975 3725 3106 3772 sunt
3133 3717 3388 3773 diﬂ‘eren-

1817 3810 1927 3862 tiae.
1959 3807 2117 3860 Aliud
2141 3815 2224 3862 est
2247 3806 2392 3862 enim
2419 3807 2488 3862 ab
2513 3807 2623 3861 alio
2652 3805 2784 3876 pati,
2811 3808 2953 3876 quod
2979 3807 3191 3862 actione
3214 3808 3387 3864 levius

1816 3907 1928 3963 est;
1959 3907 2012 3951 et
2035 3896 2182 3952 aliud
2207 3897 2260 3951 in
2284 3897 2512 3951 alterum
2545 3911 2729 3966 agere,
2755 3897 2900 3966 quod
2920 3896 3000 3968 τῷ
3028 3898 3134 3967 pati
3166 3899 3388 3969 gravius

1817 3995 1920 4050 est,
1953 3984 2099 4038 aliud
2134 3984 2244 4055 pati
2276 3985 2345 4039 ab
2369 3985 2564 4049 altero,
2592 3995 2646 4040 et
2679 3986 2732 4039 in
2766 3986 2998 4040 alterum
3031 4002 3212 4057 agere,
3242 3987 3388 4057 quod

1817 4075 2031 4130 duabus
2065 4074 2336 4145 praedictis
2365 4073 2686 4130 differentiis
2716 4077 2938 4144 gravius
2963 4085 3070 4131 est.
3109 4074 3244 4130 Nam
3278 4077 3388 4146 pati

1819 4165 2017 4232 solum,
2045 4165 2129 4221 vel
2159 4179 2320 4235 agere
2363 4166 2570 4230 solum,
2609 4175 2818 4222 tantum
2864 4183 2974 4238 non
3001 4175 3088 4223 cst
3123 4178 3385 4238 quantum

1818 4258 1926 4328 pati
1959 4268 2012 4313 et
2037 4271 2214 4327 agere.
2245 4257 2523 4326 lnquirere
2557 4259 2719 4312 etiam
2761 4267 2973 4326 oportet
3007 4260 3060 4314 in
3088 4276 3251 4329 quam
3285 4262 3386 4316 lia-

1819 4363 1938 4402 rum
1970 4346 2394 4402 differentiarum
2423 4346 2632 4413 incidit,
2656 4356 2711 4403 et
2739 4350 2974 4418 quoties,
3009 4358 3064 4404 et
3093 4365 3188 4418 per
3214 4367 3390 4420 quan-

1819 4444 1932 4492 tum
1961 4445 2178 4506 tempus
2203 4454 2218 4491 :
2252 4436 2357 4492 etsi
2380 4445 2668 4508 antequam
2699 4453 2923 4492 uxorem
2950 4439 3123 4502 duxit.
3161 4441 3242 4495 vel
3265 4451 3390 4512 post

141 4529 302 4580 καὶεί
351 4526 458 4595 πρὸ
498 4527 792 4596 τριάκοντα
834 4525 1040 4596 χρόνων
1083 4525 1181 4596 τῆς
1211 4523 1374 4579 αὑτοῦ
1415 4523 1632 4592 ἡλικίας
1673 4524 1708 4594 ἢ

1815 4542 1930 4582 eam
1978 4527 2216 4582 ductam.
2283 4524 2341 4581 Si
2395 4538 2539 4586 ante.
2575 4527 2752 4582 mtatis
2793 4528 3008 4597 triginta
3053 4544 3246 4595 annos,
3293 4542 3390 4587 aut

143 4620 280 4686 μετὰ
314 4616 490 4670 ταῦτα
523 4633 537 4646 ·
574 4617 654 4669 ἔτι
704 4618 798 4669 καὶ
824 4615 1183 4686 κτηνοὸασίαν
1208 4652 1222 4678 ,
1243 4609 1310 4686 ἦς
1342 4613 1439 4684 μία
1461 4615 1710 4684 διαφορά.

147 4707 422 4770 Ὡσαύτως
462 4706 556 4760 καὶ
603 4707 727 4776 περὶ
763 4704 1056 4776 μαλακίας,
1103 4699 1170 4774 ἦς
1196 4703 1306 4758 δύω
1336 4704 1473 4755 είσὶν
1502 4705 1555 4755 αἰ
1593 4701 1713 4756 δια-

141 4799 303 4868 φοραί
330 4815 344 4828 ⁸
379 4797 476 4867 μία
511 4799 609 4867 μὲν
638 4800 671 4868 ἡ
695 4797 782 4850 διὰ
824 4797 1034 4860 οἰκείας
1069 4796 1250 4866 χειρὸς
1296 4793 1664 4865 ἐνεργουμένη
1697 4811 1711 4824 ·

138 4888 300 4956 ὲτέρα
328 4888 387 4941 δὲ
415 4891 448 4957 ἡ
481 4888 548 4941 δι’
574 4887 878 4958 ἀλλοτρίας,
907 4889 972 4956 ἦν
997 4885 1226 4939 ἐλεεινὸν
1253 4887 1302 4937 οἱ
1323 4885 1580 4955 ἄρχοντες
1603 4887 1716 4938 tm-

137 4975 351 5028 τελοῦσι
393 4976 513 5046 μεθ’
554 4975 758 5028 ἑαυτῶν
781 5014 796 5039 ,
832 4977 924 5028 καὶ
955 4976 1174 5045 ἐτέρους
1220 4973 1710 5045 προσαπολλύντες,

137 5069 262 5131 τοὺς
290 5071 418 5138 παρ’
453 5067 661 5121 ἑαυτῶν
707 5068 768 5120 τὸ
807 5067 1071 5120 τοιοῦτον·
1093 5069 1250 5137 μῖσος
1276 5065 1708 5134 δεδιδαγμένους.

149 5161 381 5230 Ὁμοίως
398 5161 488 5212 καὶ
510 5159 755 5230 περὶτῆς
775 5159 1129 5229 περιπλόκου,
1157 5159 1249 5211 καὶ
1268 5157 1708 5226 πολυμαγγάνου,

137 5252 228 5303 xa‘t.
259 5251 591 5304 πολυσκότου
618 5250 954 5320 αἱμομιξῐας.
982 5244 1050 5321 ἧς
1074 5249 1135 5301 ού
1167 5250 1268 5318 μία
1318 5264 1421 5311 τις,
1449 5246 1570 5299 οὐδὲ
1591 5246 1707 5314 δύο,

137 5342 271 5394 ἀλλὰ
317 5342 512 5395 πολλαὶ
556 5343 649 5394 καὶ
693 5341 1018 5395 ποικίλα.ιαὶ
1067 5339 1341 5410 διαφοραί.
1380 5338 1454 5391 Τὸ
1481 5338 1588 5410 γὰρ
1627 5340 1707 5403 εἰς

135 5431 229 5484 δύο
259 5435 577 5504 περιπεσεῖν
627 5433 857 5501 ἀδελφὰς
893 5433 954 5484 ὲκ
985 5431 1188 5501 πατρὸς
1237 5430 1269 5500 ἢ
1305 5432 1370 5482 ὲκ
1400 5428 1639 5499 μητρὸς,
1673 5429 1708 5499 ἢ

137 5525 232 5577 καὶ
288 5523 348 5588 ἐξ
391 5523 716 5594 ἀμφοτέρων
773 5523 901 5576 ἄλλο
928 5538 941 5549 ·
983 5522 1074 5575 καὶ
1103 5522 1231 5576 ἄλλο
1267 5521 1328 5574 τδ
1372 5523 1451 5585 εἰς
1493 5521 1709 5587 ἑξαδέλ-

139 5632 247 5684 φην
278 5632 292 5648 ο
326 5616 514 5685 ἕτερον
542 5613 604 5668 τὸ
626 5616 706 5676 είς
741 5612 1124 5682 δισέξαδελφην
1149 5629 1166 5645 θ
1199 5612 1328 5666 ἄλλο
1355 5611 1416 5665 τὸ
1443 5612 1523 5675 είς
1566 5611 1706 5682 νύμ-

139 5722 248 5776 φην
280 5705 421 5770 υἱοῦ,
456 5706 489 5776 ἢ
519 5705 750 5775 ἀδελφοῦ
776 5706 1009 5774 γυναῖκα
1031 5742 1048 5767 ,
1076 5703 1206 5758 me
1228 5703 1288 5757 τὸ
1331 5705 1407 5767 εἰς
1441 5701 1710 5773 πενθερὰν

139 5793 177 5866 ἢ
215 5796 299 5860 είς
340 5796 741 5871 συμπενθεράνο
794 5795 885 5850 καὶ
920 5793 1107 5866 ἓτερον
1148 5794 1211 5850 τὸ
1247 5797 1325 5856 εἰς
1368 5794 1634 5865 μητρυιὰν
1678 5793 1716 5864 ἢ

1815 4628 2004 4687 postea
2027 4619 2142 4673 haec
2163 4617 2369 4672 fecerit.
2394 4618 2816 4687 lnterrogandus
2844 4629 3102 4688 praeterea
3129 4635 3198 4675 an
3225 4622 3386 4678 bruta

1815 4711 2018 4775 inierit,
2051 4710 2209 4778 cujus
2254 4725 2360 4764 una
2405 4719 2490 4764 cst
2531 4709 2857 4764 differentia.
2903 4709 3202 4776 Similiter,
3234 4722 3290 4767 et
3321 4714 3390 4768 de

1815 4801 2040 4856 mollitie
2075 4800 2231 4868 cujus
2269 4800 2390 4855 dum
2434 4806 2561 4855 sunt
2598 4799 2934 4863 differentiae.
2971 4817 3076 4855 una
3108 4818 3231 4871 quae
3260 4819 3389 4872 pro-

1816 4893 1930 4962 pria
1958 4905 2120 4944 manu
2156 4889 2474 4955 suscitatur,
2501 4890 2669 4944 altera
2692 4906 2817 4960 quae
2842 4891 3019 4945 aliena
3048 4907 3210 4960 quam
3237 4894 3388 4961 prin-

1816 4982 1966 5050 cipes
1988 4995 2112 5036 cum
2136 4980 2331 5050 seipsis
2361 4980 2749 5035 miserabiliter
2769 4989 3084 5050 operantur,
3108 4982 3248 5037 alios
3270 4999 3391 5052 per-

1817 5072 2005 5126 dentes
2032 5071 2124 5140 qui
2157 5079 2366 5126 tantum
2405 5074 2587 5127 scelus
2627 5072 2696 5126 ab
2728 5072 2795 5127 iis
2826 5071 3001 5126 edocti
3039 5086 3187 5127 sunt.
3225 5072 3390 5128 Sintii-

1817 5161 1940 5215 liter
1976 5168 2031 5215 et
2070 5159 2138 5214 de
2179 5159 2468 5230 perplexa,
2503 5169 2560 5215 et
2603 5159 2893 5214 admodum
2934 5150 3290 5230 priestigiosa,
3325 5173 3391 5216 et

1818 5251 1974 5306 valde
2012 5249 2299 5305 tenebrosa
2343 5250 2625 5320 sanguinis
2673 5250 3050 5318 permistionc,
3082 5250 3239 5318 cujus
3279 5266 3388 5306 non

1815 5353 1900 5399 est.
1939 5355 2067 5407 una,
2112 5350 2207 5395 aut
2233 5339 2362 5403 duo,
2407 5341 2504 5400 sed
2549 5342 2729 5395 multa:
2755 5349 2807 5395 ct
2847 5340 3011 5396 variat
3048 5339 3386 5397 diﬂ’ercntize.

1814 5434 2060 5491 Incidere
2087 5432 2228 5488 enim
2259 5432 2314 5506 in
2343 5432 2483 5487 duas
2514 5448 2754 5495 sorores,
2784 5433 2868 5487 vel
2892 5447 2958 5487 ex
2990 5442 3164 5502 patre,
3204 5435 3288 5489 vel
3323 5450 3390 5489 ex

1819 5535 2013 5588 matre,
2041 5523 2124 5577 vel
2163 5536 2232 5577 ex
2274 5532 2528 5594 utroque,
2570 5524 2714 5579 aliud
2751 5532 2856 5578 est.
2894 5524 3056 5579 Aliud
3087 5539 3305 5595 quoque
3333 5525 3388 5580 in

1814 5615 2144 5690 patruelem:
2178 5615 2325 5671 aliud
2356 5616 2411 5671 in
2444 5618 2704 5687 patruelis
2733 5616 2937 5684 filiam;
2969 5619 3116 5673 aliud
3147 5619 3202 5672 in
3225 5633 3391 5687 spon-

1817 5723 1936 5765 sam
1974 5705 2093 5774 filii,
2138 5714 2236 5762 aut
2273 5705 2460 5763 fratris
2505 5723 2752 5764 uxorem.
2794 5709 2953 5763 Aliud
2995 5708 3049 5764 in
3081 5724 3299 5764 socrum
3337 5719 3391 5765 et

1821 5800 1880 5856 in
1907 5812 2274 5868 consocrum;
2304 5807 2360 5859 et
2384 5799 2534 5856 aliud
2580 5799 2635 5857 in
2671 5814 2983 5866 novercam,
3024 5809 3119 5856 aut
3146 5801 3387 5872 aliquam
