  <div class='ocr_page' id='page_1' title='image "/cluster/home/n/w/nwhite01/storage/ocr_20150623/88/nnc1.0046980237/939.png"; bbox 0 0 4112 6416; ppageno 0'>
   <div class='ocr_carea' id='block_1_1' title="bbox 685 352 824 420">
    <p class='ocr_par' dir='ltr' id='par_1_1' title="bbox 685 352 824 420">
     <span class='ocr_line' id='line_1_1' title="bbox 685 352 824 420; baseline -0.029 0"><span class='ocrx_word' id='word_1_1' title='bbox 685 352 824 420; x_wconf 84' lang='lat'><strong>1895</strong></span> 
     </span>
    </p>
   </div>
   <div class='ocr_carea' id='block_1_2' title="bbox 1596 343 3008 407">
    <p class='ocr_par' dir='ltr' id='par_1_2' title="bbox 1596 343 3008 407">
     <span class='ocr_line' id='line_1_2' title="bbox 1596 343 3008 407; baseline 0 -1"><span class='ocrx_word' id='word_1_2' title='bbox 1596 345 1918 406; x_wconf 78' lang='lat' dir='ltr'><strong>JOANNIS</strong></span> <span class='ocrx_word' id='word_1_3' title='bbox 1956 343 2473 407; x_wconf 75' lang='lat' dir='ltr'><strong>)EJUNATORIS</strong></span> <span class='ocrx_word' id='word_1_4' title='bbox 2502 345 2612 406; x_wconf 77' lang='grc' dir='ltr'><strong>ΟΡ.</strong></span> <span class='ocrx_word' id='word_1_5' title='bbox 2654 346 3008 406; x_wconf 77' lang='lat' dir='ltr'><strong>ARCHIEP.</strong></span> 
     </span>
    </p>
   </div>
   <div class='ocr_carea' id='block_1_3' title="bbox 3813 345 3930 407">
    <p class='ocr_par' dir='ltr' id='par_1_3' title="bbox 3813 345 3930 407">
     <span class='ocr_line' id='line_1_3' title="bbox 3813 345 3930 407; baseline 0 0"><span class='ocrx_word' id='word_1_6' title='bbox 3813 345 3930 407; x_wconf 78' lang='lat'><strong>1896</strong></span> 
     </span>
    </p>
   </div>
   <div class='ocr_carea' id='block_1_4' title="bbox 679 451 2260 533">
    <p class='ocr_par' dir='ltr' id='par_1_4' title="bbox 679 452 2254 533">
     <span class='ocr_line' id='line_1_4' title="bbox 679 452 2254 533; baseline -0.008 -16"><span class='ocrx_word' id='word_1_7' title='bbox 679 461 850 533; x_wconf 85' lang='lat' dir='ltr'><strong>patris</strong></span> <span class='ocrx_word' id='word_1_8' title='bbox 889 456 1340 516; x_wconf 89' lang='lat' dir='ltr'><strong>concubinarum.</strong></span> <span class='ocrx_word' id='word_1_9' title='bbox 1390 452 1621 519; x_wconf 77' lang='lat' dir='ltr'><strong>Quidam</strong></span> <span class='ocrx_word' id='word_1_10' title='bbox 1673 452 1740 506; x_wconf 91' lang='lat' dir='ltr'><strong>ad</strong></span> <span class='ocrx_word' id='word_1_11' title='bbox 1786 452 2038 523; x_wconf 83' lang='lat' dir='ltr'><strong>proprias</strong></span> <span class='ocrx_word' id='word_1_12' title='bbox 2080 465 2254 520; x_wconf 89' lang='lat' dir='ltr'><strong>usque</strong></span> 
     </span>
    </p>
   </div>
   <div class='ocr_carea' id='block_1_5' title="bbox 2358 451 3945 533">
    <p class='ocr_par' dir='ltr' id='par_1_5' title="bbox 2358 451 3945 521">
     <span class='ocr_line' id='line_1_5' title="bbox 2358 451 3945 521; baseline 0.001 -17"><span class='ocrx_word' id='word_1_13' title='bbox 2358 468 2476 504; x_wconf 85' lang='grc' dir='ltr'><strong>τινα</strong></span> <span class='ocrx_word' id='word_1_14' title='bbox 2501 451 2614 504; x_wconf 84' lang='grc' dir='ltr'><strong>τῶν</strong></span> <span class='ocrx_word' id='word_1_15' title='bbox 2660 452 2756 505; x_wconf 75' lang='grc' dir='ltr'><strong>τοῦ</strong></span> <span class='ocrx_word' id='word_1_16' title='bbox 2796 451 3008 521; x_wconf 70' lang='grc' dir='ltr'><strong>πατρὸς</strong></span> <span class='ocrx_word' id='word_1_17' title='bbox 3047 452 3365 505; x_wconf 74' lang='grc' dir='ltr'><strong>παλλακῶν.</strong></span> <span class='ocrx_word' id='word_1_18' title='bbox 3411 452 3690 505; x_wconf 55' lang='lat' dir='ltr'><strong>“niveus:</strong></span> <span class='ocrx_word' id='word_1_19' title='bbox 3730 453 3790 505; x_wconf 73' lang='grc' dir='ltr'><strong>δέ</strong></span> <span class='ocrx_word' id='word_1_20' title='bbox 3825 465 3945 510; x_wconf 82' lang='grc' dir='ltr'><strong>τινες</strong></span> 
     </span>
    </p>
   </div>
   <div class='ocr_carea' id='block_1_6' title="bbox 679 542 2256 620">
    <p class='ocr_par' dir='ltr' id='par_1_6' title="bbox 679 542 2256 620">
     <span class='ocr_line' id='line_1_6' title="bbox 679 542 2256 620; baseline -0.007 -13"><span class='ocrx_word' id='word_1_21' title='bbox 679 561 884 608; x_wconf 91' lang='lat' dir='ltr'><strong>matres</strong></span> <span class='ocrx_word' id='word_1_22' title='bbox 927 547 1268 620; x_wconf 60' lang='lat' dir='ltr'><strong>procedunt.3</strong></span> <span class='ocrx_word' id='word_1_23' title='bbox 1295 545 1455 599; x_wconf 78' lang='lat' dir='ltr'><strong>Aliud</strong></span> <span class='ocrx_word' id='word_1_24' title='bbox 1507 544 1704 597; x_wconf 84' lang='lat' dir='ltr'><strong>iterum</strong></span> <span class='ocrx_word' id='word_1_25' title='bbox 1731 557 1860 597; x_wconf 89' lang='lat' dir='ltr'><strong>cum</strong></span> <span class='ocrx_word' id='word_1_26' title='bbox 1892 542 2110 612; x_wconf 87' lang='lat' dir='ltr'><strong>propria</strong></span> <span class='ocrx_word' id='word_1_27' title='bbox 2150 543 2256 596; x_wconf 90' lang='lat' dir='ltr'><strong>lilia</strong></span> 
     </span>
    </p>
   </div>
   <div class='ocr_carea' id='block_1_7' title="bbox 678 630 2260 712">
    <p class='ocr_par' dir='ltr' id='par_1_7' title="bbox 678 630 2260 712">
     <span class='ocr_line' id='line_1_7' title="bbox 678 630 2260 712; baseline -0.009 -15"><span class='ocrx_word' id='word_1_28' title='bbox 678 638 976 712; x_wconf 87' lang='lat' dir='ltr'><strong>spirituali,</strong></span> <span class='ocrx_word' id='word_1_29' title='bbox 999 645 1053 690; x_wconf 89' lang='lat' dir='ltr'><strong>et</strong></span> <span class='ocrx_word' id='word_1_30' title='bbox 1083 633 1229 688; x_wconf 85' lang='lat' dir='ltr'><strong>aliud</strong></span> <span class='ocrx_word' id='word_1_31' title='bbox 1258 648 1383 688; x_wconf 90' lang='lat' dir='ltr'><strong>cum</strong></span> <span class='ocrx_word' id='word_1_32' title='bbox 1415 647 1522 702; x_wconf 88' lang='lat' dir='ltr'><strong>qua</strong></span> <span class='ocrx_word' id='word_1_33' title='bbox 1551 631 1714 684; x_wconf 83' lang='lat' dir='ltr'><strong>filiam</strong></span> <span class='ocrx_word' id='word_1_34' title='bbox 1741 631 1795 685; x_wconf 90' lang='lat' dir='ltr'><strong>in</strong></span> <span class='ocrx_word' id='word_1_35' title='bbox 1836 630 2106 699; x_wconf 84' lang='lat' dir='ltr'><strong>baptismo</strong></span> <span class='ocrx_word' id='word_1_36' title='bbox 2133 645 2260 684; x_wconf 87' lang='lat' dir='ltr'><strong>sus-</strong></span> 
     </span>
    </p>
   </div>
   <div class='ocr_carea' id='block_1_8' title="bbox 681 721 2255 801">
    <p class='ocr_par' dir='ltr' id='par_1_8' title="bbox 681 721 2255 801">
     <span class='ocr_line' id='line_1_8' title="bbox 681 721 2255 801; baseline -0.008 -13"><span class='ocrx_word' id='word_1_37' title='bbox 681 732 844 801; x_wconf 82' lang='lat' dir='ltr'><strong>cepit.</strong></span> <span class='ocrx_word' id='word_1_38' title='bbox 883 727 1077 784; x_wconf 86' lang='lat' dir='ltr'><strong>Scelus</strong></span> <span class='ocrx_word' id='word_1_39' title='bbox 1101 727 1321 796; x_wconf 79' lang='lat' dir='ltr'><strong>quidem</strong></span> <span class='ocrx_word' id='word_1_40' title='bbox 1344 724 1716 779; x_wconf 87' lang='lat' dir='ltr'><strong>masculorum</strong></span> <span class='ocrx_word' id='word_1_41' title='bbox 1745 722 2070 778; x_wconf 75' lang='lat' dir='ltr'><strong>concubitus</strong></span> <span class='ocrx_word' id='word_1_42' title='bbox 2098 721 2255 777; x_wconf 91' lang='lat' dir='ltr'><strong>multi</strong></span> 
     </span>
    </p>
   </div>
   <div class='ocr_carea' id='block_1_9' title="bbox 679 814 1860 884">
    <p class='ocr_par' dir='ltr' id='par_1_9' title="bbox 679 814 1860 884">
     <span class='ocr_line' id='line_1_9' title="bbox 679 814 1860 884; baseline -0.009 -6"><span class='ocrx_word' id='word_1_43' title='bbox 679 824 843 878; x_wconf 89' lang='lat' dir='ltr'><strong>etiam</strong></span> <span class='ocrx_word' id='word_1_44' title='bbox 875 835 998 876; x_wconf 90' lang='lat' dir='ltr'><strong>cum</strong></span> <span class='ocrx_word' id='word_1_45' title='bbox 1035 817 1361 872; x_wconf 82' lang='lat' dir='ltr'><strong>mulieribus</strong></span> <span class='ocrx_word' id='word_1_46' title='bbox 1389 815 1522 884; x_wconf 82' lang='lat' dir='ltr'><strong>ipsis</strong></span> <span class='ocrx_word' id='word_1_47' title='bbox 1551 814 1860 884; x_wconf 79' lang='lat' dir='ltr'><strong>perficiunt.</strong></span> 
     </span>
    </p>
   </div>
   <div class='ocr_carea' id='block_1_10' title="bbox 753 901 2260 976">
    <p class='ocr_par' dir='ltr' id='par_1_10' title="bbox 753 901 2260 976">
     <span class='ocr_line' id='line_1_10' title="bbox 753 901 2260 976; baseline -0.01 -10"><span class='ocrx_word' id='word_1_48' title='bbox 753 909 846 966; x_wconf 82' lang='lat' dir='ltr'><strong>Sic</strong></span> <span class='ocrx_word' id='word_1_49' title='bbox 894 910 1057 964; x_wconf 87' lang='lat' dir='ltr'><strong>etiam</strong></span> <span class='ocrx_word' id='word_1_50' title='bbox 1094 905 1370 976; x_wconf 88' lang='lat' dir='ltr'><strong>inquirere</strong></span> <span class='ocrx_word' id='word_1_51' title='bbox 1429 918 1554 957; x_wconf 90' lang='lat' dir='ltr'><strong>eum</strong></span> <span class='ocrx_word' id='word_1_52' title='bbox 1603 912 1817 972; x_wconf 91' lang='lat' dir='ltr'><strong>oportet</strong></span> <span class='ocrx_word' id='word_1_53' title='bbox 1863 901 1930 954; x_wconf 91' lang='lat' dir='ltr'><strong>de</strong></span> <span class='ocrx_word' id='word_1_54' title='bbox 1971 901 2116 954; x_wconf 63' lang='lat' dir='ltr'><strong>caade</strong></span> <span class='ocrx_word' id='word_1_55' title='bbox 2164 915 2260 952; x_wconf 86' lang='lat' dir='ltr'><strong>vo-</strong></span> 
     </span>
    </p>
   </div>
   <div class='ocr_carea' id='block_1_11' title="bbox 680 991 2256 1060">
    <p class='ocr_par' dir='ltr' id='par_1_11' title="bbox 680 991 2256 1060">
     <span class='ocr_line' id='line_1_11' title="bbox 680 991 2256 1060; baseline -0.008 -5"><span class='ocrx_word' id='word_1_56' title='bbox 680 998 917 1056; x_wconf 85' lang='lat' dir='ltr'><strong>luntaria</strong></span> <span class='ocrx_word' id='word_1_57' title='bbox 943 1006 998 1052; x_wconf 90' lang='lat' dir='ltr'><strong>et</strong></span> <span class='ocrx_word' id='word_1_58' title='bbox 1033 995 1416 1048; x_wconf 82' lang='lat' dir='ltr'><strong>involuntaria.</strong></span> <span class='ocrx_word' id='word_1_59' title='bbox 1452 991 1508 1046; x_wconf 90' lang='lat' dir='ltr'><strong>Si</strong></span> <span class='ocrx_word' id='word_1_60' title='bbox 1545 993 1768 1060; x_wconf 86' lang='lat' dir='ltr'><strong>injuria,</strong></span> <span class='ocrx_word' id='word_1_61' title='bbox 1807 1001 1902 1044; x_wconf 90' lang='lat' dir='ltr'><strong>aut</strong></span> <span class='ocrx_word' id='word_1_62' title='bbox 1929 991 2256 1044; x_wconf 85' lang='lat' dir='ltr'><strong>contumelia</strong></span> 
     </span>
    </p>
   </div>
   <div class='ocr_carea' id='block_1_12' title="bbox 681 1079 2258 1158">
    <p class='ocr_par' dir='ltr' id='par_1_12' title="bbox 681 1079 2258 1158">
     <span class='ocr_line' id='line_1_12' title="bbox 681 1079 2258 1158; baseline -0.008 -16"><span class='ocrx_word' id='word_1_63' title='bbox 681 1097 935 1158; x_wconf 86' lang='lat' dir='ltr'><strong>parentes</strong></span> <span class='ocrx_word' id='word_1_64' title='bbox 957 1084 1274 1153; x_wconf 75' lang='lat' dir='ltr'><strong>all‘ecit,jaut</strong></span> <span class='ocrx_word' id='word_1_65' title='bbox 1299 1082 1623 1145; x_wconf 78' lang='lat' dir='ltr'><strong>verberavit,</strong></span> <span class='ocrx_word' id='word_1_66' title='bbox 1652 1081 1736 1134; x_wconf 93' lang='lat' dir='ltr'><strong>vel</strong></span> <span class='ocrx_word' id='word_1_67' title='bbox 1767 1079 2031 1133; x_wconf 78' lang='lat' dir='ltr'><strong>conviciis</strong></span> <span class='ocrx_word' id='word_1_68' title='bbox 2059 1089 2112 1134; x_wconf 88' lang='lat' dir='ltr'><strong>et</strong></span> <span class='ocrx_word' id='word_1_69' title='bbox 2135 1093 2258 1147; x_wconf 86' lang='lat' dir='ltr'><strong>pro-</strong></span> 
     </span>
    </p>
   </div>
   <div class='ocr_carea' id='block_1_13' title="bbox 683 1171 2258 1242">
    <p class='ocr_par' dir='ltr' id='par_1_13' title="bbox 683 1171 2258 1242">
     <span class='ocr_line' id='line_1_13' title="bbox 683 1171 2258 1242; baseline -0.008 -8"><span class='ocrx_word' id='word_1_70' title='bbox 683 1179 800 1234; x_wconf 86' lang='lat' dir='ltr'><strong>bris</strong></span> <span class='ocrx_word' id='word_1_71' title='bbox 829 1179 1123 1233; x_wconf 84' lang='lat' dir='ltr'><strong>insectatus</strong></span> <span class='ocrx_word' id='word_1_72' title='bbox 1148 1184 1251 1229; x_wconf 90' lang='lat' dir='ltr'><strong>est.</strong></span> <span class='ocrx_word' id='word_1_73' title='bbox 1286 1173 1343 1227; x_wconf 83' lang='lat' dir='ltr'><strong>Si</strong></span> <span class='ocrx_word' id='word_1_74' title='bbox 1374 1181 1660 1242; x_wconf 84' lang='lat' dir='ltr'><strong>postquam</strong></span> <span class='ocrx_word' id='word_1_75' title='bbox 1688 1171 1839 1232; x_wconf 90' lang='lat' dir='ltr'><strong>bibit,</strong></span> <span class='ocrx_word' id='word_1_76' title='bbox 1879 1181 1972 1224; x_wconf 90' lang='lat' dir='ltr'><strong>aut</strong></span> <span class='ocrx_word' id='word_1_77' title='bbox 2000 1171 2258 1233; x_wconf 83' lang='lat' dir='ltr'><strong>comedit,</strong></span> 
     </span>
    </p>
   </div>
   <div class='ocr_carea' id='block_1_14' title="bbox 680 1262 2260 1333">
    <p class='ocr_par' dir='ltr' id='par_1_14' title="bbox 680 1262 2260 1333">
     <span class='ocr_line' id='line_1_14' title="bbox 680 1262 2260 1333; baseline -0.007 -7"><span class='ocrx_word' id='word_1_78' title='bbox 680 1268 1129 1331; x_wconf 88' lang='lat' dir='ltr'><strong>comnmnicavit,</strong></span> <span class='ocrx_word' id='word_1_79' title='bbox 1165 1274 1260 1318; x_wconf 87' lang='lat' dir='ltr'><strong>aut</strong></span> <span class='ocrx_word' id='word_1_80' title='bbox 1289 1265 1343 1317; x_wconf 94' lang='lat' dir='ltr'><strong>in</strong></span> <span class='ocrx_word' id='word_1_81' title='bbox 1377 1263 1797 1333; x_wconf 81' lang='lat' dir='ltr'><strong>quadragesima</strong></span> <span class='ocrx_word' id='word_1_82' title='bbox 1829 1277 1889 1316; x_wconf 85' lang='lat' dir='ltr'><strong>se</strong></span> <span class='ocrx_word' id='word_1_83' title='bbox 1917 1262 2134 1330; x_wconf 86' lang='lat' dir='ltr'><strong>polluit,</strong></span> <span class='ocrx_word' id='word_1_84' title='bbox 2165 1269 2260 1315; x_wconf 90' lang='lat' dir='ltr'><strong>aut</strong></span> 
     </span>
    </p>
   </div>
   <div class='ocr_carea' id='block_1_15' title="bbox 682 1351 2260 1422">
    <p class='ocr_par' dir='ltr' id='par_1_15' title="bbox 682 1351 2260 1422">
     <span class='ocr_line' id='line_1_15' title="bbox 682 1351 2260 1422; baseline -0.006 -6"><span class='ocrx_word' id='word_1_85' title='bbox 682 1359 900 1416; x_wconf 89' lang='lat' dir='ltr'><strong>mulieri</strong></span> <span class='ocrx_word' id='word_1_86' title='bbox 923 1357 1246 1413; x_wconf 88' lang='lat' dir='ltr'><strong>eommistus</strong></span> <span class='ocrx_word' id='word_1_87' title='bbox 1269 1353 1588 1408; x_wconf 73' lang='lat' dir='ltr'><strong>iudill‘erens</strong></span> <span class='ocrx_word' id='word_1_88' title='bbox 1615 1362 1668 1407; x_wconf 93' lang='lat' dir='ltr'><strong>et</strong></span> <span class='ocrx_word' id='word_1_89' title='bbox 1697 1353 1845 1422; x_wconf 86' lang='lat' dir='ltr'><strong>parvi</strong></span> <span class='ocrx_word' id='word_1_90' title='bbox 1871 1353 2131 1406; x_wconf 83' lang='lat' dir='ltr'><strong>momenti</strong></span> <span class='ocrx_word' id='word_1_91' title='bbox 2155 1351 2260 1406; x_wconf 91' lang='lat' dir='ltr'><strong>hoc</strong></span> 
     </span>
    </p>
   </div>
   <div class='ocr_carea' id='block_1_16' title="bbox 683 1441 2259 1515">
    <p class='ocr_par' dir='ltr' id='par_1_16' title="bbox 683 1441 2259 1515">
     <span class='ocr_line' id='line_1_16' title="bbox 683 1441 2259 1515; baseline -0.007 -9"><span class='ocrx_word' id='word_1_92' title='bbox 683 1452 1006 1507; x_wconf 75' lang='lat' dir='ltr'><strong>existimans</strong></span> <span class='ocrx_word' id='word_1_93' title='bbox 1033 1455 1220 1502; x_wconf 87' lang='lat' dir='ltr'><strong>sancta</strong></span> <span class='ocrx_word' id='word_1_94' title='bbox 1247 1444 1502 1515; x_wconf 87' lang='lat' dir='ltr'><strong>mysteria</strong></span> <span class='ocrx_word' id='word_1_95' title='bbox 1532 1443 1784 1511; x_wconf 84' lang='lat' dir='ltr'><strong>sumpsit;</strong></span> <span class='ocrx_word' id='word_1_96' title='bbox 1807 1451 1900 1495; x_wconf 92' lang='lat' dir='ltr'><strong>aut</strong></span> <span class='ocrx_word' id='word_1_97' title='bbox 1921 1441 2259 1496; x_wconf 89' lang='lat' dir='ltr'><strong>clandestino</strong></span> 
     </span>
    </p>
   </div>
   <div class='ocr_carea' id='block_1_17' title="bbox 685 1535 2256 1607">
    <p class='ocr_par' dir='ltr' id='par_1_17' title="bbox 685 1535 2256 1607">
     <span class='ocr_line' id='line_1_17' title="bbox 685 1535 2256 1607; baseline -0.006 -9"><span class='ocrx_word' id='word_1_98' title='bbox 685 1541 1037 1598; x_wconf 91' lang='lat' dir='ltr'><strong>matrimonio</strong></span> <span class='ocrx_word' id='word_1_99' title='bbox 1060 1540 1284 1607; x_wconf 91' lang='lat' dir='ltr'><strong>junctus</strong></span> <span class='ocrx_word' id='word_1_100' title='bbox 1312 1547 1433 1601; x_wconf 86' lang='lat' dir='ltr'><strong>est;</strong></span> <span class='ocrx_word' id='word_1_101' title='bbox 1464 1546 1559 1590; x_wconf 92' lang='lat' dir='ltr'><strong>aut</strong></span> <span class='ocrx_word' id='word_1_102' title='bbox 1589 1536 1860 1604; x_wconf 88' lang='lat' dir='ltr'><strong>impudica</strong></span> <span class='ocrx_word' id='word_1_103' title='bbox 1889 1535 2096 1598; x_wconf 84' lang='lat' dir='ltr'><strong>oscula,</strong></span> <span class='ocrx_word' id='word_1_104' title='bbox 2128 1548 2256 1588; x_wconf 85' lang='lat' dir='ltr'><strong>eon-</strong></span> 
     </span>
    </p>
   </div>
   <div class='ocr_carea' id='block_1_18' title="bbox 684 1623 2256 1698">
    <p class='ocr_par' dir='ltr' id='par_1_18' title="bbox 684 1623 2256 1698">
     <span class='ocr_line' id='line_1_18' title="bbox 684 1623 2256 1698; baseline -0.008 -10"><span class='ocrx_word' id='word_1_105' title='bbox 684 1631 1142 1698; x_wconf 83' lang='lat' dir='ltr'><strong>trcctationesque</strong></span> <span class='ocrx_word' id='word_1_106' title='bbox 1169 1627 1320 1693; x_wconf 89' lang='lat' dir='ltr'><strong>fecit,</strong></span> <span class='ocrx_word' id='word_1_107' title='bbox 1346 1628 1523 1697; x_wconf 89' lang='lat' dir='ltr'><strong>ipsum</strong></span> <span class='ocrx_word' id='word_1_108' title='bbox 1550 1642 1681 1680; x_wconf 91' lang='lat' dir='ltr'><strong>vero</strong></span> <span class='ocrx_word' id='word_1_109' title='bbox 1704 1640 1842 1694; x_wconf 77' lang='lat' dir='ltr'><strong>Opus</strong></span> <span class='ocrx_word' id='word_1_110' title='bbox 1877 1641 1984 1678; x_wconf 91' lang='lat' dir='ltr'><strong>non</strong></span> <span class='ocrx_word' id='word_1_111' title='bbox 2011 1623 2256 1694; x_wconf 74' lang='lat' dir='ltr'><strong>perfecit;</strong></span> 
     </span>
    </p>
   </div>
   <div class='ocr_carea' id='block_1_19' title="bbox 682 1717 2258 1792">
    <p class='ocr_par' dir='ltr' id='par_1_19' title="bbox 682 1717 2258 1792">
     <span class='ocr_line' id='line_1_19' title="bbox 682 1717 2258 1792; baseline -0.006 -12"><span class='ocrx_word' id='word_1_112' title='bbox 682 1734 776 1780; x_wconf 89' lang='lat' dir='ltr'><strong>aut</strong></span> <span class='ocrx_word' id='word_1_113' title='bbox 805 1739 928 1780; x_wconf 91' lang='lat' dir='ltr'><strong>cum</strong></span> <span class='ocrx_word' id='word_1_114' title='bbox 957 1723 1142 1792; x_wconf 89' lang='lat' dir='ltr'><strong>pueris</strong></span> <span class='ocrx_word' id='word_1_115' title='bbox 1167 1736 1286 1776; x_wconf 90' lang='lat' dir='ltr'><strong>sese</strong></span> <span class='ocrx_word' id='word_1_116' title='bbox 1317 1721 1584 1788; x_wconf 89' lang='lat' dir='ltr'><strong>corrupit,</strong></span> <span class='ocrx_word' id='word_1_117' title='bbox 1618 1727 1713 1772; x_wconf 90' lang='lat' dir='ltr'><strong>aut</strong></span> <span class='ocrx_word' id='word_1_118' title='bbox 1741 1719 1976 1787; x_wconf 85' lang='lat' dir='ltr'><strong>aliquem</strong></span> <span class='ocrx_word' id='word_1_119' title='bbox 2010 1717 2258 1772; x_wconf 86' lang='lat' dir='ltr'><strong>mercede</strong></span> 
     </span>
    </p>
   </div>
   <div class='ocr_carea' id='block_1_20' title="bbox 683 1809 2258 1878">
    <p class='ocr_par' dir='ltr' id='par_1_20' title="bbox 683 1809 2258 1878">
     <span class='ocr_line' id='line_1_20' title="bbox 683 1809 2258 1878; baseline -0.006 -7"><span class='ocrx_word' id='word_1_120' title='bbox 683 1816 1000 1878; x_wconf 89' lang='lat' dir='ltr'><strong>frustravit;</strong></span> <span class='ocrx_word' id='word_1_121' title='bbox 1031 1821 1123 1867; x_wconf 90' lang='lat' dir='ltr'><strong>aut</strong></span> <span class='ocrx_word' id='word_1_122' title='bbox 1149 1810 1522 1866; x_wconf 79' lang='lat' dir='ltr'><strong>maledicentia</strong></span> <span class='ocrx_word' id='word_1_123' title='bbox 1563 1810 1738 1874; x_wconf 65' lang='lat' dir='ltr'><strong>laasit;</strong></span> <span class='ocrx_word' id='word_1_124' title='bbox 1780 1819 1873 1862; x_wconf 87' lang='lat' dir='ltr'><strong>aut</strong></span> <span class='ocrx_word' id='word_1_125' title='bbox 1907 1809 2104 1878; x_wconf 90' lang='lat' dir='ltr'><strong>injuste</strong></span> <span class='ocrx_word' id='word_1_126' title='bbox 2129 1824 2258 1863; x_wconf 66' lang='lat' dir='ltr'><strong>con.</strong></span> 
     </span>
    </p>
   </div>
   <div class='ocr_carea' id='block_1_21' title="bbox 686 1898 2258 1970">
    <p class='ocr_par' dir='ltr' id='par_1_21' title="bbox 686 1898 2258 1970">
     <span class='ocr_line' id='line_1_21' title="bbox 686 1898 2258 1970; baseline -0.004 -11"><span class='ocrx_word' id='word_1_127' title='bbox 686 1906 903 1959; x_wconf 87' lang='lat' dir='ltr'><strong>tumelia</strong></span> <span class='ocrx_word' id='word_1_128' title='bbox 932 1903 1140 1966; x_wconf 87' lang='lat' dir='ltr'><strong>allecit;</strong></span> <span class='ocrx_word' id='word_1_129' title='bbox 1177 1911 1272 1954; x_wconf 89' lang='lat' dir='ltr'><strong>aut</strong></span> <span class='ocrx_word' id='word_1_130' title='bbox 1299 1903 1643 1970; x_wconf 72' lang='lat' dir='ltr'><strong>sanguinem,</strong></span> <span class='ocrx_word' id='word_1_131' title='bbox 1676 1908 1770 1952; x_wconf 93' lang='lat' dir='ltr'><strong>aut</strong></span> <span class='ocrx_word' id='word_1_132' title='bbox 1795 1898 2138 1963; x_wconf 86' lang='lat' dir='ltr'><strong>sufloeatum,</strong></span> <span class='ocrx_word' id='word_1_133' title='bbox 2163 1908 2258 1953; x_wconf 86' lang='lat' dir='ltr'><strong>aut</strong></span> 
     </span>
    </p>
   </div>
   <div class='ocr_carea' id='block_1_22' title="bbox 681 1991 2252 2064">
    <p class='ocr_par' dir='ltr' id='par_1_22' title="bbox 681 1991 2252 2064">
     <span class='ocr_line' id='line_1_22' title="bbox 681 1991 2252 2064; baseline -0.004 -13"><span class='ocrx_word' id='word_1_134' title='bbox 681 2012 713 2051; x_wconf 88' lang='lat' dir='ltr'><strong>a</strong></span> <span class='ocrx_word' id='word_1_135' title='bbox 747 1995 942 2051; x_wconf 86' lang='lat' dir='ltr'><strong>belluis</strong></span> <span class='ocrx_word' id='word_1_136' title='bbox 974 2003 1228 2064; x_wconf 85' lang='lat' dir='ltr'><strong>captum,</strong></span> <span class='ocrx_word' id='word_1_137' title='bbox 1275 2001 1330 2046; x_wconf 90' lang='lat' dir='ltr'><strong>et</strong></span> <span class='ocrx_word' id='word_1_138' title='bbox 1373 1992 1705 2060; x_wconf 85' lang='lat' dir='ltr'><strong>discerptum</strong></span> <span class='ocrx_word' id='word_1_139' title='bbox 1744 2001 1840 2044; x_wconf 90' lang='lat' dir='ltr'><strong>aut</strong></span> <span class='ocrx_word' id='word_1_140' title='bbox 1878 1991 2252 2055; x_wconf 74' lang='lat' dir='ltr'><strong>morticinurn,</strong></span> 
     </span>
    </p>
   </div>
   <div class='ocr_carea' id='block_1_23' title="bbox 681 2084 2256 2157">
    <p class='ocr_par' dir='ltr' id='par_1_23' title="bbox 681 2084 2256 2157">
     <span class='ocr_line' id='line_1_23' title="bbox 681 2084 2256 2157; baseline -0.003 -14"><span class='ocrx_word' id='word_1_141' title='bbox 681 2097 779 2143; x_wconf 88' lang='lat' dir='ltr'><strong>aut</strong></span> <span class='ocrx_word' id='word_1_142' title='bbox 807 2089 874 2142; x_wconf 87' lang='lat' dir='ltr'><strong>ab</strong></span> <span class='ocrx_word' id='word_1_143' title='bbox 915 2087 1108 2141; x_wconf 87' lang='lat' dir='ltr'><strong>avibus</strong></span> <span class='ocrx_word' id='word_1_144' title='bbox 1140 2100 1462 2157; x_wconf 90' lang='lat' dir='ltr'><strong>percussum</strong></span> <span class='ocrx_word' id='word_1_145' title='bbox 1511 2084 1786 2150; x_wconf 88' lang='lat' dir='ltr'><strong>comedit,</strong></span> <span class='ocrx_word' id='word_1_146' title='bbox 1819 2094 1914 2138; x_wconf 88' lang='lat' dir='ltr'><strong>aut</strong></span> <span class='ocrx_word' id='word_1_147' title='bbox 1957 2085 2010 2138; x_wconf 91' lang='lat' dir='ltr'><strong>in</strong></span> <span class='ocrx_word' id='word_1_148' title='bbox 2045 2085 2256 2138; x_wconf 86' lang='lat' dir='ltr'><strong>divina-</strong></span> 
     </span>
    </p>
   </div>
   <div class='ocr_carea' id='block_1_24' title="bbox 683 2175 2254 2246">
    <p class='ocr_par' dir='ltr' id='par_1_24' title="bbox 683 2175 2254 2246">
     <span class='ocr_line' id='line_1_24' title="bbox 683 2175 2254 2246; baseline -0.003 -13"><span class='ocrx_word' id='word_1_149' title='bbox 683 2179 941 2244; x_wconf 86' lang='lat' dir='ltr'><strong>tionibus,</strong></span> <span class='ocrx_word' id='word_1_150' title='bbox 975 2186 1068 2232; x_wconf 88' lang='lat' dir='ltr'><strong>aut</strong></span> <span class='ocrx_word' id='word_1_151' title='bbox 1099 2177 1312 2246; x_wconf 80' lang='lat' dir='ltr'><strong>magiis,</strong></span> <span class='ocrx_word' id='word_1_152' title='bbox 1341 2185 1437 2229; x_wconf 92' lang='lat' dir='ltr'><strong>aut</strong></span> <span class='ocrx_word' id='word_1_153' title='bbox 1459 2175 1734 2229; x_wconf 79' lang='lat' dir='ltr'><strong>veneficiis</strong></span> <span class='ocrx_word' id='word_1_154' title='bbox 1759 2175 2126 2243; x_wconf 73' lang='lat' dir='ltr'><strong>deprehensus</strong></span> <span class='ocrx_word' id='word_1_155' title='bbox 2148 2183 2254 2230; x_wconf 91' lang='lat' dir='ltr'><strong>est.</strong></span> 
     </span>
    </p>
   </div>
   <div class='ocr_carea' id='block_1_25' title="bbox 2361 538 3945 610">
    <p class='ocr_par' dir='ltr' id='par_1_25' title="bbox 2361 538 3945 610">
     <span class='ocr_line' id='line_1_25' title="bbox 2361 538 3945 610; baseline 0.002 -20"><span class='ocrx_word' id='word_1_156' title='bbox 2361 539 2459 590; x_wconf 74' lang='grc' dir='ltr'><strong>καὶ</strong></span> <span class='ocrx_word' id='word_1_157' title='bbox 2495 539 2662 610; x_wconf 76' lang='grc' dir='ltr'><strong>μέχρι</strong></span> <span class='ocrx_word' id='word_1_158' title='bbox 2695 539 2807 592; x_wconf 80' lang='grc' dir='ltr'><strong>τῶν</strong></span> <span class='ocrx_word' id='word_1_159' title='bbox 2844 538 2992 591; x_wconf 75' lang='grc' dir='ltr'><strong>ἰδίων</strong></span> <span class='ocrx_word' id='word_1_160' title='bbox 3043 541 3320 609; x_wconf 81' lang='grc' dir='ltr'><strong>μητέρων.</strong></span> <span class='ocrx_word' id='word_1_161' title='bbox 3360 539 3525 593; x_wconf 78' lang='grc' dir='ltr'><strong>’Λλλο</strong></span> <span class='ocrx_word' id='word_1_162' title='bbox 3567 542 3742 594; x_wconf 70' lang='grc' dir='ltr'><strong>πάλιν</strong></span> <span class='ocrx_word' id='word_1_163' title='bbox 3783 542 3841 593; x_wconf 80' lang='grc' dir='ltr'><strong>τὺ</strong></span> <span class='ocrx_word' id='word_1_164' title='bbox 3881 545 3945 600; x_wconf 75' lang='lat' dir='ltr'><strong>si;</strong></span> 
     </span>
    </p>
   </div>
   <div class='ocr_carea' id='block_1_26' title="bbox 2357 629 3947 700">
    <p class='ocr_par' dir='ltr' id='par_1_26' title="bbox 2357 629 3947 700">
     <span class='ocr_line' id='line_1_26' title="bbox 2357 629 3947 700; baseline 0.002 -20"><span class='ocrx_word' id='word_1_165' title='bbox 2357 629 2458 699; x_wconf 77' lang='grc' dir='ltr'><strong>τὴν</strong></span> <span class='ocrx_word' id='word_1_166' title='bbox 2513 630 2654 684; x_wconf 87' lang='grc' dir='ltr'><strong>ίδίαν</strong></span> <span class='ocrx_word' id='word_1_167' title='bbox 2702 631 3018 694; x_wconf 72' lang='grc' dir='ltr'><strong>σύντεκνον,</strong></span> <span class='ocrx_word' id='word_1_168' title='bbox 3065 632 3160 684; x_wconf 73' lang='grc' dir='ltr'><strong>καὶ</strong></span> <span class='ocrx_word' id='word_1_169' title='bbox 3207 632 3337 683; x_wconf 77' lang='grc' dir='ltr'><strong>ἄλλο</strong></span> <span class='ocrx_word' id='word_1_170' title='bbox 3379 631 3440 683; x_wconf 80' lang='grc' dir='ltr'><strong>τὺ</strong></span> <span class='ocrx_word' id='word_1_171' title='bbox 3492 633 3577 694; x_wconf 87' lang='grc' dir='ltr'><strong>εἰς</strong></span> <span class='ocrx_word' id='word_1_172' title='bbox 3623 632 3701 700; x_wconf 74' lang='grc' dir='ltr'><strong>ἦν</strong></span> <span class='ocrx_word' id='word_1_173' title='bbox 3754 632 3947 694; x_wconf 71' lang='grc' dir='ltr'><strong>ἐδέξατο</strong></span> 
     </span>
    </p>
   </div>
   <div class='ocr_carea' id='block_1_27' title="bbox 2358 717 3946 790">
    <p class='ocr_par' dir='ltr' id='par_1_27' title="bbox 2358 717 3946 790">
     <span class='ocr_line' id='line_1_27' title="bbox 2358 717 3946 790; baseline 0.003 -20"><span class='ocrx_word' id='word_1_174' title='bbox 2358 717 2658 789; x_wconf 74' lang='grc' dir='ltr'><strong>θυγατέρα.</strong></span> <span class='ocrx_word' id='word_1_175' title='bbox 2678 720 2752 771; x_wconf 82' lang='grc' dir='ltr'><strong>Τὸ</strong></span> <span class='ocrx_word' id='word_1_176' title='bbox 2786 720 2974 790; x_wconf 84' lang='grc' dir='ltr'><strong>μέντοι</strong></span> <span class='ocrx_word' id='word_1_177' title='bbox 3002 719 3107 789; x_wconf 83' lang='grc' dir='ltr'><strong>τῆς</strong></span> <span class='ocrx_word' id='word_1_178' title='bbox 3130 721 3545 790; x_wconf 79' lang='grc' dir='ltr'><strong>ἁρσενοκοιτίας</strong></span> <span class='ocrx_word' id='word_1_179' title='bbox 3577 720 3763 790; x_wconf 70' lang='grc' dir='ltr'><strong>μῦσος</strong></span> 
     </span>
    </p>
   </div>
   <div class='ocr_carea' id='block_1_28' title="bbox 2359 806 3643 876">
    <p class='ocr_par' dir='ltr' id='par_1_28' title="bbox 2359 806 3643 876">
     <span class='ocr_line' id='line_1_28' title="bbox 2359 806 3643 876; baseline 0.004 -18"><span class='ocrx_word' id='word_1_180' title='bbox 2359 807 2452 858; x_wconf 69' lang='grc' dir='ltr'><strong>καὶ</strong></span> <span class='ocrx_word' id='word_1_181' title='bbox 2481 806 2619 875; x_wconf 79' lang='grc' dir='ltr'><strong>μετὰ</strong></span> <span class='ocrx_word' id='word_1_182' title='bbox 2639 807 2750 859; x_wconf 81' lang='grc' dir='ltr'><strong>τῶν</strong></span> <span class='ocrx_word' id='word_1_183' title='bbox 2783 808 3065 876; x_wconf 84' lang='grc' dir='ltr'><strong>γυναικῶν</strong></span> <span class='ocrx_word' id='word_1_184' title='bbox 3097 811 3280 863; x_wconf 79' lang='grc' dir='ltr'><strong>αὐτῶν</strong></span> <span class='ocrx_word' id='word_1_185' title='bbox 3305 810 3643 863; x_wconf 74' lang='grc' dir='ltr'><strong>ἐκτελοῦσιν.</strong></span> 
     </span>
    </p>
   </div>
   <div class='ocr_carea' id='block_1_29' title="bbox 2439 894 3944 964">
    <p class='ocr_par' dir='ltr' id='par_1_29' title="bbox 2439 894 3944 964">
     <span class='ocr_line' id='line_1_29' title="bbox 2439 894 3944 964; baseline -0.004 -6"><span class='ocrx_word' id='word_1_186' title='bbox 2439 895 2530 957; x_wconf 81' lang='grc' dir='ltr'>Ὠς</span> <span class='ocrx_word' id='word_1_187' title='bbox 2577 894 2634 947; x_wconf 75' lang='grc' dir='ltr'><strong>δὲ</strong></span> <span class='ocrx_word' id='word_1_188' title='bbox 2691 898 2786 948; x_wconf 70' lang='grc' dir='ltr'><strong>καὶ</strong></span> <span class='ocrx_word' id='word_1_189' title='bbox 2846 896 2977 964; x_wconf 77' lang='grc' dir='ltr'><strong>περὶ</strong></span> <span class='ocrx_word' id='word_1_190' title='bbox 3019 898 3186 964; x_wconf 64' lang='grc' dir='ltr'><strong>ψόνου</strong></span> <span class='ocrx_word' id='word_1_191' title='bbox 3243 900 3496 953; x_wconf 78' lang='grc' dir='ltr'><strong>ἑκουσίου</strong></span> <span class='ocrx_word' id='word_1_192' title='bbox 3555 901 3658 953; x_wconf 78' lang='grc' dir='ltr'><strong>καὶ</strong></span> <span class='ocrx_word' id='word_1_193' title='bbox 3715 900 3944 954; x_wconf 66' lang='grc' dir='ltr'><strong>ἀκουσίου</strong></span> 
     </span>
    </p>
   </div>
   <div class='ocr_carea' id='block_1_30' title="bbox 2356 983 3943 1057">
    <p class='ocr_par' dir='ltr' id='par_1_30' title="bbox 2356 983 3943 1057">
     <span class='ocr_line' id='line_1_30' title="bbox 2356 983 3943 1057; baseline 0.002 -21"><span class='ocrx_word' id='word_1_194' title='bbox 2356 983 2640 1053; x_wconf 79' lang='grc' dir='ltr'><strong>διερευνᾷν</strong></span> <span class='ocrx_word' id='word_1_195' title='bbox 2669 998 2684 1012; x_wconf 81' lang='grc'><strong><em>⁸</em></strong></span> <span class='ocrx_word' id='word_1_196' title='bbox 2730 987 2828 1037; x_wconf 74' lang='grc' dir='ltr'><strong>καὶ</strong></span> <span class='ocrx_word' id='word_1_197' title='bbox 2874 988 2924 1038; x_wconf 89' lang='grc' dir='ltr'><strong>εἰ</strong></span> <span class='ocrx_word' id='word_1_198' title='bbox 2957 986 3068 1055; x_wconf 79' lang='grc' dir='ltr'><strong>ἄρα</strong></span> <span class='ocrx_word' id='word_1_199' title='bbox 3099 985 3294 1056; x_wconf 77' lang='grc' dir='ltr'><strong>ὕϐρισε</strong></span> <span class='ocrx_word' id='word_1_200' title='bbox 3341 990 3544 1054; x_wconf 75' lang='grc' dir='ltr'><strong>γονεῖς,</strong></span> <span class='ocrx_word' id='word_1_201' title='bbox 3581 989 3617 1056; x_wconf 83' lang='grc' dir='ltr'><strong>ἣ</strong></span> <span class='ocrx_word' id='word_1_202' title='bbox 3660 988 3943 1057; x_wconf 42' lang='lat' dir='ltr'><strong>iamut}</strong></span> 
     </span>
    </p>
   </div>
   <div class='ocr_carea' id='block_1_31' title="bbox 2359 1075 3946 1149">
    <p class='ocr_par' dir='ltr' id='par_1_31' title="bbox 2359 1075 3946 1149">
     <span class='ocr_line' id='line_1_31' title="bbox 2359 1075 3946 1149; baseline 0.004 -22"><span class='ocrx_word' id='word_1_203' title='bbox 2359 1075 2708 1144; x_wconf 79' lang='grc' dir='ltr'><strong>ἐλοιδόρησε·</strong></span> <span class='ocrx_word' id='word_1_204' title='bbox 2761 1077 2859 1130; x_wconf 71' lang='grc' dir='ltr'><strong>καὶ</strong></span> <span class='ocrx_word' id='word_1_205' title='bbox 2912 1077 2962 1128; x_wconf 91' lang='grc' dir='ltr'><strong>εἰ</strong></span> <span class='ocrx_word' id='word_1_206' title='bbox 3014 1077 3206 1145; x_wconf 78' lang='grc' dir='ltr'><strong>φαγὼν</strong></span> <span class='ocrx_word' id='word_1_207' title='bbox 3257 1078 3290 1148; x_wconf 79' lang='grc' dir='ltr'>ἢ</span> <span class='ocrx_word' id='word_1_208' title='bbox 3335 1079 3478 1130; x_wconf 85' lang='grc' dir='ltr'><strong>πιὼν</strong></span> <span class='ocrx_word' id='word_1_209' title='bbox 3518 1079 3946 1149; x_wconf 69' lang='grc' dir='ltr'><strong>ἐκοινώνησε,ῆ</strong></span> 
     </span>
    </p>
   </div>
   <div class='ocr_carea' id='block_1_32' title="bbox 2358 1162 3947 1238">
    <p class='ocr_par' dir='ltr' id='par_1_32' title="bbox 2358 1162 3947 1238">
     <span class='ocr_line' id='line_1_32' title="bbox 2358 1162 3947 1238; baseline 0.003 -23"><span class='ocrx_word' id='word_1_210' title='bbox 2358 1162 2593 1232; x_wconf 75' lang='grc' dir='ltr'><strong>ἐμιάνθη</strong></span> <span class='ocrx_word' id='word_1_211' title='bbox 2655 1165 2724 1234; x_wconf 75' lang='grc' dir='ltr'><strong>τῇ</strong></span> <span class='ocrx_word' id='word_1_212' title='bbox 2807 1167 3224 1235; x_wconf 80' lang='grc' dir='ltr'><strong>τεσσαρακοστῇ</strong></span> <span class='ocrx_word' id='word_1_213' title='bbox 3251 1203 3268 1229; x_wconf 88' lang='grc'><strong>,</strong></span> <span class='ocrx_word' id='word_1_214' title='bbox 3336 1167 3372 1236; x_wconf 76' lang='grc' dir='ltr'><strong>ἢ</strong></span> <span class='ocrx_word' id='word_1_215' title='bbox 3444 1167 3682 1234; x_wconf 75' lang='grc' dir='ltr'><strong>γυναικὶ</strong></span> <span class='ocrx_word' id='word_1_216' title='bbox 3759 1167 3947 1238; x_wconf 75' lang='grc' dir='ltr'><strong>μιχθεὶς</strong></span> 
     </span>
    </p>
   </div>
   <div class='ocr_carea' id='block_1_33' title="bbox 2359 1254 3946 1329">
    <p class='ocr_par' dir='ltr' id='par_1_33' title="bbox 2359 1254 3946 1329">
     <span class='ocr_line' id='line_1_33' title="bbox 2359 1254 3946 1329; baseline 0 -20"><span class='ocrx_word' id='word_1_217' title='bbox 2359 1254 2669 1324; x_wconf 75' lang='grc' dir='ltr'>ἀδιαφόρως</span> <span class='ocrx_word' id='word_1_218' title='bbox 2743 1255 3044 1324; x_wconf 82' lang='grc' dir='ltr'><strong>μετέλαϐεν</strong></span> <span class='ocrx_word' id='word_1_219' title='bbox 3093 1271 3111 1288; x_wconf 77' lang='grc' dir='ltr'><strong><em>ο</em></strong></span> <span class='ocrx_word' id='word_1_220' title='bbox 3169 1257 3204 1329; x_wconf 79' lang='grc' dir='ltr'><strong>ἢ</strong></span> <span class='ocrx_word' id='word_1_221' title='bbox 3259 1257 3650 1328; x_wconf 81' lang='grc' dir='ltr'><strong>λαθρογαμίαν</strong></span> <span class='ocrx_word' id='word_1_222' title='bbox 3722 1260 3946 1327; x_wconf 74' lang='grc' dir='ltr'><strong>ἐποίησε,</strong></span> 
     </span>
    </p>
   </div>
   <div class='ocr_carea' id='block_1_34' title="bbox 2359 1344 3948 1418">
    <p class='ocr_par' dir='ltr' id='par_1_34' title="bbox 2359 1344 3948 1418">
     <span class='ocr_line' id='line_1_34' title="bbox 2359 1344 3948 1418; baseline 0.001 -20"><span class='ocrx_word' id='word_1_223' title='bbox 2359 1345 2393 1415; x_wconf 77' lang='grc' dir='ltr'>ἢ</span> <span class='ocrx_word' id='word_1_224' title='bbox 2448 1344 2776 1414; x_wconf 72' lang='grc' dir='ltr'><strong>ἀσπασμοὺς</strong></span> <span class='ocrx_word' id='word_1_225' title='bbox 2828 1346 2926 1399; x_wconf 80' lang='grc' dir='ltr'><strong>καὶ</strong></span> <span class='ocrx_word' id='word_1_226' title='bbox 2981 1346 3202 1416; x_wconf 75' lang='grc' dir='ltr'><strong>ἐπαφὰς</strong></span> <span class='ocrx_word' id='word_1_227' title='bbox 3256 1348 3513 1418; x_wconf 82' lang='grc' dir='ltr'><strong>ἐποίησε,</strong></span> <span class='ocrx_word' id='word_1_228' title='bbox 3581 1349 3646 1401; x_wconf 80' lang='grc' dir='ltr'><strong>τὸ</strong></span> <span class='ocrx_word' id='word_1_229' title='bbox 3704 1349 3764 1400; x_wconf 71' lang='grc' dir='ltr'><strong>δὲ</strong></span> <span class='ocrx_word' id='word_1_230' title='bbox 3809 1349 3948 1418; x_wconf 78' lang='grc' dir='ltr'><strong>ἔργον</strong></span> 
     </span>
    </p>
   </div>
   <div class='ocr_carea' id='block_1_35' title="bbox 2359 1440 3949 1514">
    <p class='ocr_par' dir='ltr' id='par_1_35' title="bbox 2359 1440 3949 1514">
     <span class='ocr_line' id='line_1_35' title="bbox 2359 1440 3949 1514; baseline 0 -21"><span class='ocrx_word' id='word_1_231' title='bbox 2359 1441 2461 1494; x_wconf 78' lang='grc' dir='ltr'><strong>οὐκ</strong></span> <span class='ocrx_word' id='word_1_232' title='bbox 2511 1440 2729 1493; x_wconf 75' lang='grc' dir='ltr'><strong>ἐτέλεσε</strong></span> <span class='ocrx_word' id='word_1_233' title='bbox 2812 1457 2829 1472; x_wconf 82' lang='grc'><strong><em>⁸</em></strong></span> <span class='ocrx_word' id='word_1_234' title='bbox 2885 1441 2921 1512; x_wconf 80' lang='grc' dir='ltr'>ἢ</span> <span class='ocrx_word' id='word_1_235' title='bbox 2972 1442 3461 1514; x_wconf 74' lang='grc' dir='ltr'><strong>ἐπαιδοφοόρησεν,</strong></span> <span class='ocrx_word' id='word_1_236' title='bbox 3511 1444 3548 1512; x_wconf 80' lang='grc' dir='ltr'><strong>ἡ</strong></span> <span class='ocrx_word' id='word_1_237' title='bbox 3607 1443 3807 1512; x_wconf 74' lang='grc' dir='ltr'><strong>μισθόν</strong></span> <span class='ocrx_word' id='word_1_238' title='bbox 3827 1460 3949 1505; x_wconf 59' lang='grc' dir='ltr'><strong>τινος</strong></span> 
     </span>
    </p>
   </div>
   <div class='ocr_carea' id='block_1_36' title="bbox 2358 1529 3947 1602">
    <p class='ocr_par' dir='ltr' id='par_1_36' title="bbox 2358 1529 3947 1602">
     <span class='ocr_line' id='line_1_36' title="bbox 2358 1529 3947 1602; baseline 0.001 -20"><span class='ocrx_word' id='word_1_239' title='bbox 2358 1529 2734 1599; x_wconf 77' lang='grc' dir='ltr'><strong>ἀπεστέρησεν</strong></span> <span class='ocrx_word' id='word_1_240' title='bbox 2758 1569 2774 1591; x_wconf 90' lang='grc'><strong>,</strong></span> <span class='ocrx_word' id='word_1_241' title='bbox 2813 1530 2848 1600; x_wconf 79' lang='grc' dir='ltr'>ἢ</span> <span class='ocrx_word' id='word_1_242' title='bbox 2899 1530 3239 1601; x_wconf 58' lang='grc' dir='ltr'><strong>υτελὰλησέ</strong></span> <span class='ocrx_word' id='word_1_243' title='bbox 3297 1533 3431 1585; x_wconf 79' lang='grc' dir='ltr'><strong>ποτέ</strong></span> <span class='ocrx_word' id='word_1_244' title='bbox 3475 1550 3628 1595; x_wconf 85' lang='grc' dir='ltr'><strong>τινα,</strong></span> <span class='ocrx_word' id='word_1_245' title='bbox 3681 1533 3718 1602; x_wconf 81' lang='grc' dir='ltr'>ἦ</span> <span class='ocrx_word' id='word_1_246' title='bbox 3769 1532 3947 1592; x_wconf 82' lang='grc' dir='ltr'><strong>ἀδίκως</strong></span> 
     </span>
    </p>
   </div>
   <div class='ocr_carea' id='block_1_37' title="bbox 2362 1617 3947 1695">
    <p class='ocr_par' dir='ltr' id='par_1_37' title="bbox 2362 1617 3947 1695">
     <span class='ocr_line' id='line_1_37' title="bbox 2362 1617 3947 1695; baseline 0.001 -24"><span class='ocrx_word' id='word_1_247' title='bbox 2362 1618 2605 1688; x_wconf 79' lang='grc' dir='ltr'><strong>ὕϐρισεν,</strong></span> <span class='ocrx_word' id='word_1_248' title='bbox 2638 1620 2920 1691; x_wconf 75' lang='grc' dir='ltr'><strong>ἠδίκησεν,</strong></span> <span class='ocrx_word' id='word_1_249' title='bbox 2947 1621 2980 1692; x_wconf 81' lang='grc' dir='ltr'>ἢ</span> <span class='ocrx_word' id='word_1_250' title='bbox 3013 1617 3174 1691; x_wconf 77' lang='grc' dir='ltr'><strong>αἷμα,</strong></span> <span class='ocrx_word' id='word_1_251' title='bbox 3202 1624 3236 1693; x_wconf 81' lang='grc' dir='ltr'>ἢ</span> <span class='ocrx_word' id='word_1_252' title='bbox 3261 1625 3513 1688; x_wconf 69' lang='grc' dir='ltr'><strong>πνικτὸν,</strong></span> <span class='ocrx_word' id='word_1_253' title='bbox 3538 1624 3576 1695; x_wconf 75' lang='grc' dir='ltr'>ἢ</span> <span class='ocrx_word' id='word_1_254' title='bbox 3600 1623 3947 1694; x_wconf 74' lang='grc' dir='ltr'><strong>οηριάλωτιν,</strong></span> 
     </span>
    </p>
   </div>
   <div class='ocr_carea' id='block_1_38' title="bbox 2361 1711 3948 1783">
    <p class='ocr_par' dir='ltr' id='par_1_38' title="bbox 2361 1711 3948 1783">
     <span class='ocr_line' id='line_1_38' title="bbox 2361 1711 3948 1783; baseline -0.001 -20"><span class='ocrx_word' id='word_1_255' title='bbox 2361 1711 2394 1779; x_wconf 84' lang='grc' dir='ltr'>ἢ</span> <span class='ocrx_word' id='word_1_256' title='bbox 2436 1711 2778 1781; x_wconf 78' lang='grc' dir='ltr'><strong>θνησιμαῑον,</strong></span> <span class='ocrx_word' id='word_1_257' title='bbox 2809 1711 2843 1782; x_wconf 81' lang='grc' dir='ltr'>ἢ</span> <span class='ocrx_word' id='word_1_258' title='bbox 2873 1714 3308 1781; x_wconf 79' lang='grc' dir='ltr'><strong>όρνεοπὰτακτον</strong></span> <span class='ocrx_word' id='word_1_259' title='bbox 3335 1714 3571 1783; x_wconf 68' lang='grc' dir='ltr'><strong>ἐςαγεν,</strong></span> <span class='ocrx_word' id='word_1_260' title='bbox 3620 1716 3657 1783; x_wconf 77' lang='grc' dir='ltr'>ἦ</span> <span class='ocrx_word' id='word_1_261' title='bbox 3706 1716 3789 1776; x_wconf 83' lang='grc' dir='ltr'><strong>εἰς</strong></span> <span class='ocrx_word' id='word_1_262' title='bbox 3831 1732 3948 1783; x_wconf 70' lang='grc' dir='ltr'><strong>μιν·</strong></span> 
     </span>
    </p>
   </div>
   <div class='ocr_carea' id='block_1_39' title="bbox 2357 1802 3948 1876">
    <p class='ocr_par' dir='ltr' id='par_1_39' title="bbox 2357 1802 3948 1876">
     <span class='ocr_line' id='line_1_39' title="bbox 2357 1802 3948 1876; baseline 0.001 -22"><span class='ocrx_word' id='word_1_263' title='bbox 2357 1802 2527 1866; x_wconf 85' lang='grc' dir='ltr'><strong>τείας,</strong></span> <span class='ocrx_word' id='word_1_264' title='bbox 2562 1803 2595 1873; x_wconf 80' lang='grc' dir='ltr'><strong>ἦ</strong></span> <span class='ocrx_word' id='word_1_265' title='bbox 2619 1806 2699 1867; x_wconf 84' lang='grc' dir='ltr'><strong>εἰς</strong></span> <span class='ocrx_word' id='word_1_266' title='bbox 2713 1804 2968 1873; x_wconf 83' lang='grc' dir='ltr'><strong>μαγείας,</strong></span> <span class='ocrx_word' id='word_1_267' title='bbox 2999 1805 3034 1875; x_wconf 79' lang='grc' dir='ltr'>ἢ</span> <span class='ocrx_word' id='word_1_268' title='bbox 3062 1805 3144 1868; x_wconf 85' lang='grc' dir='ltr'><strong>εἰς</strong></span> <span class='ocrx_word' id='word_1_269' title='bbox 3164 1807 3518 1876; x_wconf 76' lang='grc' dir='ltr'><strong>φαρμακείας</strong></span> <span class='ocrx_word' id='word_1_270' title='bbox 3554 1805 3788 1874; x_wconf 75' lang='grc' dir='ltr'><strong>εὑρέθη·</strong></span> <span class='ocrx_word' id='word_1_271' title='bbox 3806 1807 3890 1856; x_wconf 78' lang='grc' dir='ltr'><strong>καὶ</strong></span> <span class='ocrx_word' id='word_1_272' title='bbox 3907 1805 3948 1855; x_wconf 85' lang='grc' dir='ltr'><strong>εἰ</strong></span> 
     </span>
    </p>
   </div>
   <div class='ocr_carea' id='block_1_40' title="bbox 2358 1890 3950 1968">
    <p class='ocr_par' dir='ltr' id='par_1_40' title="bbox 2358 1890 3950 1968">
     <span class='ocr_line' id='line_1_40' title="bbox 2358 1890 3950 1968; baseline -0.001 -21"><span class='ocrx_word' id='word_1_273' title='bbox 2358 1894 2476 1964; x_wconf 76' lang='grc' dir='ltr'><strong>ἄρα</strong></span> <span class='ocrx_word' id='word_1_274' title='bbox 2496 1894 2759 1963; x_wconf 70' lang='grc' dir='ltr'><strong>λογισμὸς</strong></span> <span class='ocrx_word' id='word_1_275' title='bbox 2781 1890 2946 1964; x_wconf 73' lang='grc' dir='ltr'><strong>ἦλθεν</strong></span> <span class='ocrx_word' id='word_1_276' title='bbox 2975 1895 3116 1966; x_wconf 69' lang='grc' dir='ltr'><strong>αὑτᾷ</strong></span> <span class='ocrx_word' id='word_1_277' title='bbox 3136 1897 3275 1967; x_wconf 66' lang='grc' dir='ltr'><strong>»περὶ</strong></span> <span class='ocrx_word' id='word_1_278' title='bbox 3303 1896 3597 1968; x_wconf 77' lang='grc' dir='ltr'><strong>αἱρέσεως.</strong></span> <span class='ocrx_word' id='word_1_279' title='bbox 3630 1897 3761 1949; x_wconf 76' lang='grc' dir='ltr'><strong>Εἴτε</strong></span> <span class='ocrx_word' id='word_1_280' title='bbox 3780 1895 3950 1964; x_wconf 70' lang='grc' dir='ltr'><strong>φθόνον</strong></span> 
     </span>
    </p>
   </div>
   <div class='ocr_carea' id='block_1_41' title="bbox 2359 1984 3950 2056">
    <p class='ocr_par' dir='ltr' id='par_1_41' title="bbox 2359 1984 3950 2056">
     <span class='ocr_line' id='line_1_41' title="bbox 2359 1984 3950 2056; baseline 0 -19"><span class='ocrx_word' id='word_1_281' title='bbox 2359 1984 2454 2038; x_wconf 82' lang='grc' dir='ltr'><strong>καὶ</strong></span> <span class='ocrx_word' id='word_1_282' title='bbox 2509 1985 2877 2054; x_wconf 76' lang='grc' dir='ltr'><strong>μνησικακίαν</strong></span> <span class='ocrx_word' id='word_1_283' title='bbox 2908 1985 3022 2056; x_wconf 77' lang='grc' dir='ltr'><strong>ἔχει</strong></span> <span class='ocrx_word' id='word_1_284' title='bbox 3047 1987 3194 2040; x_wconf 85' lang='grc' dir='ltr'><strong>κατά</strong></span> <span class='ocrx_word' id='word_1_285' title='bbox 3219 2004 3370 2051; x_wconf 88' lang='grc' dir='ltr'><strong>τινος</strong></span> <span class='ocrx_word' id='word_1_286' title='bbox 3395 2027 3414 2054; x_wconf 88' lang='grc'><strong>,</strong></span> <span class='ocrx_word' id='word_1_287' title='bbox 3443 1987 3559 2040; x_wconf 80' lang='grc' dir='ltr'><strong>εἴτε</strong></span> <span class='ocrx_word' id='word_1_288' title='bbox 3587 1986 3950 2056; x_wconf 74' lang='grc' dir='ltr'><strong>ἐπιώρκησεν,</strong></span> 
     </span>
    </p>
   </div>
   <div class='ocr_carea' id='block_1_42' title="bbox 2356 2075 3950 2150">
    <p class='ocr_par' dir='ltr' id='par_1_42' title="bbox 2356 2075 3950 2150">
     <span class='ocr_line' id='line_1_42' title="bbox 2356 2075 3950 2150; baseline 0.001 -23"><span class='ocrx_word' id='word_1_289' title='bbox 2356 2075 2390 2146; x_wconf 86' lang='grc' dir='ltr'>ἦ</span> <span class='ocrx_word' id='word_1_290' title='bbox 2421 2075 2677 2145; x_wconf 68' lang='grc' dir='ltr'><strong>ἔκλεψεν,</strong></span> <span class='ocrx_word' id='word_1_291' title='bbox 2709 2075 2744 2146; x_wconf 77' lang='grc' dir='ltr'>ἢ</span> <span class='ocrx_word' id='word_1_292' title='bbox 2776 2075 3056 2147; x_wconf 79' lang='grc' dir='ltr'><strong>ἀλλότριον</strong></span> <span class='ocrx_word' id='word_1_293' title='bbox 3090 2080 3322 2150; x_wconf 77' lang='grc' dir='ltr'><strong>πρᾶγμα</strong></span> <span class='ocrx_word' id='word_1_294' title='bbox 3348 2080 3627 2149; x_wconf 71' lang='grc' dir='ltr'><strong>ἥρπασεν,</strong></span> <span class='ocrx_word' id='word_1_295' title='bbox 3655 2078 3694 2148; x_wconf 82' lang='grc' dir='ltr'>ἦ</span> <span class='ocrx_word' id='word_1_296' title='bbox 3721 2095 3950 2148; x_wconf 79' lang='grc' dir='ltr'><strong>παρακα-</strong></span> 
     </span>
    </p>
   </div>
   <div class='ocr_carea' id='block_1_43' title="bbox 2355 2166 3951 2240">
    <p class='ocr_par' dir='ltr' id='par_1_43' title="bbox 2355 2166 3951 2240">
     <span class='ocr_line' id='line_1_43' title="bbox 2355 2166 3951 2240; baseline -0.001 -20"><span class='ocrx_word' id='word_1_297' title='bbox 2355 2167 2608 2237; x_wconf 84' lang='grc' dir='ltr'><strong>ταθήκην</strong></span> <span class='ocrx_word' id='word_1_298' title='bbox 2644 2166 2792 2230; x_wconf 78' lang='grc' dir='ltr'><strong>τινὸς</strong></span> <span class='ocrx_word' id='word_1_299' title='bbox 2825 2166 3006 2221; x_wconf 83' lang='grc' dir='ltr'><strong>λαϐὼν</strong></span> <span class='ocrx_word' id='word_1_300' title='bbox 3039 2170 3320 2240; x_wconf 74' lang='grc' dir='ltr'><strong>ἠρνήσατο</strong></span> <span class='ocrx_word' id='word_1_301' title='bbox 3341 2209 3358 2234; x_wconf 95' lang='grc'><strong>,</strong></span> <span class='ocrx_word' id='word_1_302' title='bbox 3407 2170 3442 2240; x_wconf 80' lang='grc' dir='ltr'>ἢ</span> <span class='ocrx_word' id='word_1_303' title='bbox 3476 2167 3951 2238; x_wconf 69' lang='grc' dir='ltr'><strong>ψευδομαρτυρίαν</strong></span> 
     </span>
    </p>
   </div>
   <div class='ocr_carea' id='block_1_44' title="bbox 684 2257 2260 2340">
    <p class='ocr_par' dir='ltr' id='par_1_44' title="bbox 684 2267 2257 2340">
     <span class='ocr_line' id='line_1_44' title="bbox 684 2267 2257 2340; baseline -0.003 -14"><span class='ocrx_word' id='word_1_304' title='bbox 684 2271 862 2340; x_wconf 78' lang='lat' dir='ltr'><strong>Atque</strong></span> <span class='ocrx_word' id='word_1_305' title='bbox 886 2270 1049 2324; x_wconf 87' lang='lat' dir='ltr'><strong>etiam</strong></span> <span class='ocrx_word' id='word_1_306' title='bbox 1079 2269 1121 2322; x_wconf 92' lang='lat' dir='ltr'><strong>si</strong></span> <span class='ocrx_word' id='word_1_307' title='bbox 1149 2273 1215 2322; x_wconf 88' lang='lat' dir='ltr'><strong>de</strong></span> <span class='ocrx_word' id='word_1_308' title='bbox 1245 2267 1434 2322; x_wconf 69' lang='lat' dir='ltr'><strong>haeresi</strong></span> <span class='ocrx_word' id='word_1_309' title='bbox 1459 2267 1634 2336; x_wconf 77' lang='lat' dir='ltr'><strong>ipsum</strong></span> <span class='ocrx_word' id='word_1_310' title='bbox 1659 2268 1914 2336; x_wconf 76' lang='lat' dir='ltr'><strong>cogitatio</strong></span> <span class='ocrx_word' id='word_1_311' title='bbox 1935 2267 2120 2336; x_wconf 70' lang='lat' dir='ltr'><strong>coepit.</strong></span> <span class='ocrx_word' id='word_1_312' title='bbox 2143 2267 2257 2322; x_wconf 86' lang='lat' dir='ltr'><strong>sive</strong></span> 
     </span>
    </p>
   </div>
   <div class='ocr_carea' id='block_1_45' title="bbox 2358 2257 3947 2340">
    <p class='ocr_par' dir='ltr' id='par_1_45' title="bbox 2371 2257 3947 2330">
     <span class='ocr_line' id='line_1_45' title="bbox 2371 2257 3947 2330; baseline 0 -20"><span class='ocrx_word' id='word_1_313' title='bbox 2371 2258 2710 2328; x_wconf 77' lang='grc' dir='ltr'><strong>ἐποίησεν,ἢ</strong></span> <span class='ocrx_word' id='word_1_314' title='bbox 2744 2257 2973 2329; x_wconf 76' lang='grc' dir='ltr'><strong>ὕϐρισεν</strong></span> <span class='ocrx_word' id='word_1_315' title='bbox 3007 2261 3179 2330; x_wconf 79' lang='grc' dir='ltr'><strong>ἱερέα,</strong></span> <span class='ocrx_word' id='word_1_316' title='bbox 3210 2261 3244 2330; x_wconf 86' lang='grc' dir='ltr'>ἢ</span> <span class='ocrx_word' id='word_1_317' title='bbox 3289 2259 3742 2313; x_wconf 56' lang='lat' dir='ltr'><strong>camaram-111</strong></span> <span class='ocrx_word' id='word_1_318' title='bbox 3773 2259 3947 2320; x_wconf 73' lang='grc' dir='ltr'><strong>ἁπλῶς</strong></span> 
     </span>
    </p>
   </div>
   <div class='ocr_carea' id='block_1_46' title="bbox 682 2349 2260 2426">
    <p class='ocr_par' dir='ltr' id='par_1_46' title="bbox 682 2356 2256 2426">
     <span class='ocr_line' id='line_1_46' title="bbox 682 2356 2256 2426; baseline -0.003 -11"><span class='ocrx_word' id='word_1_319' title='bbox 682 2360 884 2416; x_wconf 87' lang='lat' dir='ltr'><strong>invidia</strong></span> <span class='ocrx_word' id='word_1_320' title='bbox 921 2367 976 2413; x_wconf 92' lang='lat' dir='ltr'><strong>et</strong></span> <span class='ocrx_word' id='word_1_321' title='bbox 1019 2359 1145 2412; x_wconf 92' lang='lat' dir='ltr'><strong>mali</strong></span> <span class='ocrx_word' id='word_1_322' title='bbox 1185 2357 1390 2426; x_wconf 87' lang='lat' dir='ltr'><strong>accepti</strong></span> <span class='ocrx_word' id='word_1_323' title='bbox 1436 2356 1814 2411; x_wconf 83' lang='lat' dir='ltr'><strong>recordatione</strong></span> <span class='ocrx_word' id='word_1_324' title='bbox 1859 2359 2121 2410; x_wconf 87' lang='lat' dir='ltr'><strong>adversus</strong></span> <span class='ocrx_word' id='word_1_325' title='bbox 2153 2357 2256 2410; x_wconf 91' lang='lat' dir='ltr'><strong>ali-</strong></span> 
     </span>
    </p>
   </div>
   <div class='ocr_carea' id='block_1_47' title="bbox 2358 2349 3949 2426">
    <p class='ocr_par' dir='ltr' id='par_1_47' title="bbox 2358 2349 3949 2420">
     <span class='ocr_line' id='line_1_47' title="bbox 2358 2349 3949 2420; baseline 0 -20"><span class='ocrx_word' id='word_1_326' title='bbox 2358 2349 2528 2402; x_wconf 82' lang='grc' dir='ltr'><strong>εξπεῖν</strong></span> <span class='ocrx_word' id='word_1_327' title='bbox 2551 2349 2920 2417; x_wconf 62' lang='grc' dir='ltr'><strong>περιστάντων</strong></span> <span class='ocrx_word' id='word_1_328' title='bbox 2940 2351 3220 2420; x_wconf 72' lang='grc' dir='ltr'><strong>διερευνᾷν</strong></span> <span class='ocrx_word' id='word_1_329' title='bbox 3253 2349 3394 2420; x_wconf 68' lang='grc' dir='ltr'><strong>μετὰ</strong></span> <span class='ocrx_word' id='word_1_330' title='bbox 3425 2351 3613 2419; x_wconf 75' lang='grc' dir='ltr'><strong>πάσης</strong></span> <span class='ocrx_word' id='word_1_331' title='bbox 3645 2349 3949 2420; x_wconf 76' lang='grc' dir='ltr'><strong>ἀκριϐείας.</strong></span> 
     </span>
    </p>
   </div>
   <div class='ocr_carea' id='block_1_48' title="bbox 679 2439 2260 2522">
    <p class='ocr_par' dir='ltr' id='par_1_48' title="bbox 679 2451 2259 2522">
     <span class='ocr_line' id='line_1_48' title="bbox 679 2451 2259 2522; baseline -0.001 -15"><span class='ocrx_word' id='word_1_332' title='bbox 679 2467 841 2522; x_wconf 83' lang='lat' dir='ltr'><strong>quem</strong></span> <span class='ocrx_word' id='word_1_333' title='bbox 873 2452 1103 2517; x_wconf 83' lang='lat' dir='ltr'><strong>laborat,</strong></span> <span class='ocrx_word' id='word_1_334' title='bbox 1141 2452 1257 2506; x_wconf 86' lang='lat' dir='ltr'><strong>sive</strong></span> <span class='ocrx_word' id='word_1_335' title='bbox 1296 2451 1577 2521; x_wconf 88' lang='lat' dir='ltr'><strong>pejeravit,</strong></span> <span class='ocrx_word' id='word_1_336' title='bbox 1623 2451 1737 2506; x_wconf 82' lang='lat' dir='ltr'><strong>sive</strong></span> <span class='ocrx_word' id='word_1_337' title='bbox 1775 2451 1988 2506; x_wconf 89' lang='lat' dir='ltr'><strong>furatus</strong></span> <span class='ocrx_word' id='word_1_338' title='bbox 2029 2461 2132 2514; x_wconf 87' lang='lat' dir='ltr'><strong>est,</strong></span> <span class='ocrx_word' id='word_1_339' title='bbox 2162 2459 2259 2506; x_wconf 89' lang='lat' dir='ltr'><strong>aut</strong></span> 
     </span>
    </p>
   </div>
   <div class='ocr_carea' id='block_1_49' title="bbox 2358 2439 3950 2522">
    <p class='ocr_par' dir='ltr' id='par_1_49' title="bbox 2367 2439 3950 2512">
     <span class='ocr_line' id='line_1_49' title="bbox 2367 2439 3950 2512; baseline 0.003 -23"><span class='ocrx_word' id='word_1_340' title='bbox 2367 2439 2670 2510; x_wconf 75' lang='grc' dir='ltr'><strong>Ἐνδέχεται</strong></span> <span class='ocrx_word' id='word_1_341' title='bbox 2722 2441 2834 2512; x_wconf 74' lang='grc' dir='ltr'><strong>γάρ</strong></span> <span class='ocrx_word' id='word_1_342' title='bbox 2880 2459 3003 2495; x_wconf 88' lang='grc' dir='ltr'><strong>τινα</strong></span> <span class='ocrx_word' id='word_1_343' title='bbox 3045 2443 3230 2495; x_wconf 71' lang='grc' dir='ltr'><strong>πᾶσαν</strong></span> <span class='ocrx_word' id='word_1_344' title='bbox 3266 2441 3448 2508; x_wconf 74' lang='grc' dir='ltr'><strong>κακὴν</strong></span> <span class='ocrx_word' id='word_1_345' title='bbox 3498 2441 3777 2510; x_wconf 78' lang='grc' dir='ltr'><strong>ἐργασίαν</strong></span> <span class='ocrx_word' id='word_1_346' title='bbox 3832 2456 3950 2509; x_wconf 85' lang='grc' dir='ltr'><strong>μετ-</strong></span> 
     </span>
    </p>
   </div>
   <div class='ocr_carea' id='block_1_50' title="bbox 681 2527 2260 2612">
    <p class='ocr_par' dir='ltr' id='par_1_50' title="bbox 681 2541 2255 2612">
     <span class='ocr_line' id='line_1_50' title="bbox 681 2541 2255 2612; baseline -0.001 -14"><span class='ocrx_word' id='word_1_347' title='bbox 681 2544 858 2598; x_wconf 89' lang='lat' dir='ltr'><strong>alieua</strong></span> <span class='ocrx_word' id='word_1_348' title='bbox 897 2543 1035 2596; x_wconf 92' lang='lat' dir='ltr'><strong>bona</strong></span> <span class='ocrx_word' id='word_1_349' title='bbox 1071 2543 1271 2612; x_wconf 89' lang='lat' dir='ltr'><strong>rapuit,</strong></span> <span class='ocrx_word' id='word_1_350' title='bbox 1323 2551 1418 2594; x_wconf 90' lang='lat' dir='ltr'><strong>aut</strong></span> <span class='ocrx_word' id='word_1_351' title='bbox 1460 2541 1766 2611; x_wconf 87' lang='lat' dir='ltr'><strong>depositmn</strong></span> <span class='ocrx_word' id='word_1_352' title='bbox 1809 2542 2112 2612; x_wconf 78' lang='lat' dir='ltr'><strong>denegavit,</strong></span> <span class='ocrx_word' id='word_1_353' title='bbox 2162 2551 2255 2597; x_wconf 86' lang='lat' dir='ltr'><strong>aut</strong></span> 
     </span>
    </p>
   </div>
   <div class='ocr_carea' id='block_1_51' title="bbox 2358 2527 3952 2612">
    <p class='ocr_par' dir='ltr' id='par_1_51' title="bbox 2358 2527 3952 2602">
     <span class='ocr_line' id='line_1_51' title="bbox 2358 2527 3952 2602; baseline -0.002 -18"><span class='ocrx_word' id='word_1_354' title='bbox 2358 2533 2551 2585; x_wconf 77' lang='grc' dir='ltr'><strong>ελοείν.</strong></span> <span class='ocrx_word' id='word_1_355' title='bbox 2603 2533 2789 2585; x_wconf 72' lang='grc' dir='ltr'><strong>Πὰντα</strong></span> <span class='ocrx_word' id='word_1_356' title='bbox 2833 2527 2931 2585; x_wconf 75' lang='grc' dir='ltr'><strong>οὖν</strong></span> <span class='ocrx_word' id='word_1_357' title='bbox 2971 2533 3236 2598; x_wconf 73' lang='grc' dir='ltr'><strong>ἐξετάσας</strong></span> <span class='ocrx_word' id='word_1_358' title='bbox 3260 2572 3277 2595; x_wconf 96' lang='grc'><strong>,</strong></span> <span class='ocrx_word' id='word_1_359' title='bbox 3330 2533 3427 2584; x_wconf 75' lang='grc' dir='ltr'><strong>καὶ</strong></span> <span class='ocrx_word' id='word_1_360' title='bbox 3463 2531 3952 2602; x_wconf 71' lang='grc' dir='ltr'><strong>ἁκριϐωσάμενος,</strong></span> 
     </span>
    </p>
   </div>
   <div class='ocr_carea' id='block_1_52' title="bbox 681 2622 2260 2695">
    <p class='ocr_par' dir='ltr' id='par_1_52' title="bbox 681 2633 2257 2695">
     <span class='ocr_line' id='line_1_52' title="bbox 681 2633 2257 2695; baseline -0.002 -6"><span class='ocrx_word' id='word_1_361' title='bbox 681 2635 877 2690; x_wconf 88' lang='lat' dir='ltr'><strong>falsum</strong></span> <span class='ocrx_word' id='word_1_362' title='bbox 927 2633 1302 2689; x_wconf 83' lang='lat' dir='ltr'><strong>testimonium</strong></span> <span class='ocrx_word' id='word_1_363' title='bbox 1340 2633 1461 2686; x_wconf 91' lang='lat' dir='ltr'><strong>tulit</strong></span> <span class='ocrx_word' id='word_1_364' title='bbox 1486 2671 1502 2695; x_wconf 92' lang='lat'><strong>,</strong></span> <span class='ocrx_word' id='word_1_365' title='bbox 1543 2641 1638 2686; x_wconf 88' lang='lat' dir='ltr'><strong>aut</strong></span> <span class='ocrx_word' id='word_1_366' title='bbox 1676 2633 2012 2686; x_wconf 85' lang='lat' dir='ltr'><strong>sacerdotem</strong></span> <span class='ocrx_word' id='word_1_367' title='bbox 2061 2643 2257 2686; x_wconf 89' lang='lat' dir='ltr'><strong>contu-</strong></span> 
     </span>
    </p>
   </div>
   <div class='ocr_carea' id='block_1_53' title="bbox 2358 2622 3952 2695">
    <p class='ocr_par' dir='ltr' id='par_1_53' title="bbox 2358 2622 3952 2694">
     <span class='ocr_line' id='line_1_53' title="bbox 2358 2622 3952 2694; baseline -0.001 -19"><span class='ocrx_word' id='word_1_368' title='bbox 2358 2623 2499 2691; x_wconf 69' lang='grc' dir='ltr'><strong>ἅπερ</strong></span> <span class='ocrx_word' id='word_1_369' title='bbox 2536 2622 2760 2676; x_wconf 71' lang='grc' dir='ltr'><strong>ἀκούσει</strong></span> <span class='ocrx_word' id='word_1_370' title='bbox 2780 2622 2971 2676; x_wconf 79' lang='grc' dir='ltr'><strong>τοῦτον</strong></span> <span class='ocrx_word' id='word_1_371' title='bbox 3000 2623 3394 2694; x_wconf 77' lang='grc' dir='ltr'><strong>ὁμολογοῦντα,</strong></span> <span class='ocrx_word' id='word_1_372' title='bbox 3424 2626 3522 2677; x_wconf 73' lang='grc' dir='ltr'><strong>καὶ</strong></span> <span class='ocrx_word' id='word_1_373' title='bbox 3558 2622 3952 2691; x_wconf 72' lang='grc' dir='ltr'><strong>συγκατατιθέ-</strong></span> 
     </span>
    </p>
   </div>
   <div class='ocr_carea' id='block_1_54' title="bbox 683 2711 2260 2792">
    <p class='ocr_par' dir='ltr' id='par_1_54' title="bbox 683 2723 2257 2792">
     <span class='ocr_line' id='line_1_54' title="bbox 683 2723 2257 2792; baseline -0.003 -11"><span class='ocrx_word' id='word_1_374' title='bbox 683 2727 905 2781; x_wconf 88' lang='lat' dir='ltr'><strong>meliose</strong></span> <span class='ocrx_word' id='word_1_375' title='bbox 931 2724 1139 2788; x_wconf 85' lang='lat' dir='ltr'><strong>habuit,</strong></span> <span class='ocrx_word' id='word_1_376' title='bbox 1159 2732 1250 2776; x_wconf 89' lang='lat' dir='ltr'><strong>aut</strong></span> <span class='ocrx_word' id='word_1_377' title='bbox 1273 2733 1665 2792; x_wconf 85' lang='lat' dir='ltr'><strong>susceptorem.</strong></span> <span class='ocrx_word' id='word_1_378' title='bbox 1693 2724 1890 2792; x_wconf 80' lang='lat' dir='ltr'><strong>Atque,</strong></span> <span class='ocrx_word' id='word_1_379' title='bbox 1923 2732 1982 2775; x_wconf 91' lang='lat' dir='ltr'><strong>ut</strong></span> <span class='ocrx_word' id='word_1_380' title='bbox 2011 2723 2257 2777; x_wconf 82' lang='lat' dir='ltr'><strong>absolute</strong></span> 
     </span>
    </p>
   </div>
   <div class='ocr_carea' id='block_1_55' title="bbox 2358 2711 3954 2792">
    <p class='ocr_par' dir='ltr' id='par_1_55' title="bbox 2358 2711 3954 2780">
     <span class='ocr_line' id='line_1_55' title="bbox 2358 2711 3954 2780; baseline 0.001 -17"><span class='ocrx_word' id='word_1_381' title='bbox 2358 2727 2520 2780; x_wconf 88' lang='grc' dir='ltr'><strong>μενον</strong></span> <span class='ocrx_word' id='word_1_382' title='bbox 2545 2711 2749 2780; x_wconf 64' lang='grc' dir='ltr'><strong>ὀφείλει</strong></span> <span class='ocrx_word' id='word_1_383' title='bbox 2771 2711 2892 2765; x_wconf 71' lang='grc' dir='ltr'><strong>καθ’</strong></span> <span class='ocrx_word' id='word_1_384' title='bbox 2915 2712 3150 2765; x_wconf 70' lang='grc' dir='ltr'><strong>ἕκαστον</strong></span> <span class='ocrx_word' id='word_1_385' title='bbox 3177 2712 3360 2780; x_wconf 83' lang='grc' dir='ltr'><strong>λέγειν</strong></span> <span class='ocrx_word' id='word_1_386' title='bbox 3380 2727 3394 2740; x_wconf 82' lang='grc'><em>’</em></span> <span class='ocrx_word' id='word_1_387' title='bbox 3423 2731 3443 2763; x_wconf 84' lang='grc'><strong><em>‹</em></strong></span> <span class='ocrx_word' id='word_1_388' title='bbox 3489 2712 3552 2765; x_wconf 83' lang='grc' dir='ltr'>ὐ</span> <span class='ocrx_word' id='word_1_389' title='bbox 3584 2713 3726 2776; x_wconf 77' lang='grc' dir='ltr'><strong>Θεὸς</strong></span> <span class='ocrx_word' id='word_1_390' title='bbox 3755 2730 3954 2780; x_wconf 76' lang='grc' dir='ltr'><strong>συγχω-</strong></span> 
     </span>
    </p>
   </div>
   <div class='ocr_carea' id='block_1_56' title="bbox 682 2803 2260 2880">
    <p class='ocr_par' dir='ltr' id='par_1_56' title="bbox 682 2810 2256 2880">
     <span class='ocr_line' id='line_1_56' title="bbox 682 2810 2256 2880; baseline -0.001 -14"><span class='ocrx_word' id='word_1_391' title='bbox 682 2816 882 2878; x_wconf 87' lang='lat' dir='ltr'><strong>dicatn,</strong></span> <span class='ocrx_word' id='word_1_392' title='bbox 904 2814 971 2867; x_wconf 88' lang='lat' dir='ltr'><strong>de</strong></span> <span class='ocrx_word' id='word_1_393' title='bbox 1003 2814 1259 2866; x_wconf 90' lang='lat' dir='ltr'><strong>omnibus</strong></span> <span class='ocrx_word' id='word_1_394' title='bbox 1288 2828 1411 2866; x_wconf 87' lang='lat' dir='ltr'><strong>eum</strong></span> <span class='ocrx_word' id='word_1_395' title='bbox 1439 2811 1585 2864; x_wconf 77' lang='lat' dir='ltr'><strong>rnnni</strong></span> <span class='ocrx_word' id='word_1_396' title='bbox 1619 2827 1742 2864; x_wconf 92' lang='lat' dir='ltr'><strong>cum</strong></span> <span class='ocrx_word' id='word_1_397' title='bbox 1769 2812 2044 2880; x_wconf 73' lang='lat' dir='ltr'><strong>diligentia</strong></span> <span class='ocrx_word' id='word_1_398' title='bbox 2077 2810 2256 2880; x_wconf 89' lang='lat' dir='ltr'><strong>inqui-</strong></span> 
     </span>
    </p>
   </div>
   <div class='ocr_carea' id='block_1_57' title="bbox 2358 2803 3956 2880">
    <p class='ocr_par' dir='ltr' id='par_1_57' title="bbox 2358 2803 3956 2873">
     <span class='ocr_line' id='line_1_57' title="bbox 2358 2803 3956 2873; baseline 0 -19"><span class='ocrx_word' id='word_1_399' title='bbox 2358 2805 2527 2873; x_wconf 81' lang='grc' dir='ltr'><strong>ρήσαι</strong></span> <span class='ocrx_word' id='word_1_400' title='bbox 2580 2819 2700 2855; x_wconf 89' lang='grc' dir='ltr'><strong>σοι⁹</strong></span> <span class='ocrx_word' id='word_1_401' title='bbox 2759 2822 2778 2854; x_wconf 75' lang='grc' dir='ltr'><strong>ο</strong></span> <span class='ocrx_word' id='word_1_402' title='bbox 2817 2803 2911 2856; x_wconf 74' lang='grc' dir='ltr'><strong>καὶ</strong></span> <span class='ocrx_word' id='word_1_403' title='bbox 2945 2804 3084 2873; x_wconf 82' lang='grc' dir='ltr'><strong>μετὰ</strong></span> <span class='ocrx_word' id='word_1_404' title='bbox 3111 2804 3174 2856; x_wconf 81' lang='grc' dir='ltr'><strong>τὸ</strong></span> <span class='ocrx_word' id='word_1_405' title='bbox 3210 2803 3956 2873; x_wconf 56' lang='grc' dir='ltr'><strong>ἀωριομήσασοαιλπὰντα,</strong></span> 
     </span>
    </p>
   </div>
   <div class='ocr_carea' id='block_1_58' title="bbox 682 2893 2260 2972">
    <p class='ocr_par' dir='ltr' id='par_1_58' title="bbox 682 2901 2254 2972">
     <span class='ocr_line' id='line_1_58' title="bbox 682 2901 2254 2972; baseline -0.001 -14"><span class='ocrx_word' id='word_1_406' title='bbox 682 2919 803 2958; x_wconf 89' lang='lat' dir='ltr'><strong>rere</strong></span> <span class='ocrx_word' id='word_1_407' title='bbox 824 2903 1001 2958; x_wconf 83' lang='lat' dir='ltr'><strong>debet.</strong></span> <span class='ocrx_word' id='word_1_408' title='bbox 1020 2901 1298 2972; x_wconf 77' lang='lat' dir='ltr'><strong>Contiugit</strong></span> <span class='ocrx_word' id='word_1_409' title='bbox 1320 2903 1462 2956; x_wconf 89' lang='lat' dir='ltr'><strong>enim</strong></span> <span class='ocrx_word' id='word_1_410' title='bbox 1487 2901 1812 2970; x_wconf 84' lang='lat' dir='ltr'><strong>quandoque</strong></span> <span class='ocrx_word' id='word_1_411' title='bbox 1837 2903 2068 2971; x_wconf 80' lang='lat' dir='ltr'><strong>aliquem</strong></span> <span class='ocrx_word' id='word_1_412' title='bbox 2091 2918 2254 2957; x_wconf 89' lang='lat' dir='ltr'><strong>omne</strong></span> 
     </span>
    </p>
   </div>
   <div class='ocr_carea' id='block_1_59' title="bbox 2358 2893 3961 2972">
    <p class='ocr_par' dir='ltr' id='par_1_59' title="bbox 2358 2893 3961 2966">
     <span class='ocr_line' id='line_1_59' title="bbox 2358 2893 3961 2966; baseline 0 -20"><span class='ocrx_word' id='word_1_413' title='bbox 2358 2894 2452 2946; x_wconf 75' lang='grc' dir='ltr'><strong>καὶ</strong></span> <span class='ocrx_word' id='word_1_414' title='bbox 2477 2893 2576 2962; x_wconf 76' lang='grc' dir='ltr'><strong>τὴν</strong></span> <span class='ocrx_word' id='word_1_415' title='bbox 2596 2893 2984 2966; x_wconf 71' lang='grc' dir='ltr'><strong>ἐξομολόγησιν</strong></span> <span class='ocrx_word' id='word_1_416' title='bbox 3009 2894 3289 2961; x_wconf 76' lang='grc' dir='ltr'><strong>δέξασθαι,</strong></span> <span class='ocrx_word' id='word_1_417' title='bbox 3320 2895 3483 2948; x_wconf 70' lang='grc' dir='ltr'><strong>πάλιν</strong></span> <span class='ocrx_word' id='word_1_418' title='bbox 3525 2894 3768 2960; x_wconf 76' lang='grc' dir='ltr'><strong>ἐπάγειν</strong></span> <span class='ocrx_word' id='word_1_419' title='bbox 3821 2895 3961 2946; x_wconf 74' lang='grc' dir='ltr'><strong>κάτω</strong></span> 
     </span>
    </p>
   </div>
   <div class='ocr_carea' id='block_1_60' title="bbox 681 2979 2260 3065">
    <p class='ocr_par' dir='ltr' id='par_1_60' title="bbox 681 2992 2252 3065">
     <span class='ocr_line' id='line_1_60' title="bbox 681 2992 2252 3065; baseline -0.001 -16"><span class='ocrx_word' id='word_1_420' title='bbox 681 2997 886 3065; x_wconf 89' lang='lat' dir='ltr'><strong>peccati</strong></span> <span class='ocrx_word' id='word_1_421' title='bbox 925 3010 1094 3064; x_wconf 80' lang='lat' dir='ltr'><strong>genus</strong></span> <span class='ocrx_word' id='word_1_422' title='bbox 1120 2995 1338 3064; x_wconf 78' lang='lat' dir='ltr'><strong>aggredi</strong></span> <span class='ocrx_word' id='word_1_423' title='bbox 1369 3003 1424 3048; x_wconf 93' lang='lat' dir='ltr'><strong>et</strong></span> <span class='ocrx_word' id='word_1_424' title='bbox 1449 2993 1684 3062; x_wconf 90' lang='lat' dir='ltr'><strong>operari.</strong></span> <span class='ocrx_word' id='word_1_425' title='bbox 1717 2992 1912 3047; x_wconf 90' lang='lat' dir='ltr'><strong>Omnia</strong></span> <span class='ocrx_word' id='word_1_426' title='bbox 1946 2994 2109 3064; x_wconf 80' lang='lat' dir='ltr'><strong>igitur</strong></span> <span class='ocrx_word' id='word_1_427' title='bbox 2129 3010 2252 3048; x_wconf 83' lang='lat' dir='ltr'><strong>eum</strong></span> 
     </span>
    </p>
   </div>
   <div class='ocr_carea' id='block_1_61' title="bbox 2358 2979 3961 3065">
    <p class='ocr_par' dir='ltr' id='par_1_61' title="bbox 2358 2979 3961 3051">
     <span class='ocr_line' id='line_1_61' title="bbox 2358 2979 3961 3051; baseline 0.002 -20"><span class='ocrx_word' id='word_1_428' title='bbox 2358 2979 2613 3049; x_wconf 77' lang='grc' dir='ltr'><strong>κειμένου</strong></span> <span class='ocrx_word' id='word_1_429' title='bbox 2635 2979 2732 3032; x_wconf 79' lang='grc' dir='ltr'><strong>τοῦ</strong></span> <span class='ocrx_word' id='word_1_430' title='bbox 2763 2980 3182 3050; x_wconf 74' lang='grc' dir='ltr'><strong>ἐξαγγείλαντος</strong></span> <span class='ocrx_word' id='word_1_431' title='bbox 3207 2999 3221 3013; x_wconf 79' lang='grc' dir='ltr'><strong>ο</strong></span> <span class='ocrx_word' id='word_1_432' title='bbox 3258 3003 3277 3034; x_wconf 80' lang='lat' dir='ltr'><strong>r</strong></span> <span class='ocrx_word' id='word_1_433' title='bbox 3328 2983 3386 3035; x_wconf 89' lang='grc'><strong>’0</strong></span> <span class='ocrx_word' id='word_1_434' title='bbox 3405 2983 3698 3051; x_wconf 72' lang='grc' dir='ltr'><strong>Δεσπότης</strong></span> <span class='ocrx_word' id='word_1_435' title='bbox 3728 2985 3828 3036; x_wconf 79' lang='grc' dir='ltr'><strong>καὶ</strong></span> <span class='ocrx_word' id='word_1_436' title='bbox 3858 2983 3961 3035; x_wconf 70' lang='grc' dir='ltr'><strong>Κύ-</strong></span> 
     </span>
    </p>
   </div>
   <div class='ocr_carea' id='block_1_62' title="bbox 679 3069 2260 3168">
    <p class='ocr_par' dir='ltr' id='par_1_62' title="bbox 679 3083 2256 3154">
     <span class='ocr_line' id='line_1_62' title="bbox 679 3083 2256 3154; baseline 0 -15"><span class='ocrx_word' id='word_1_437' title='bbox 679 3085 1034 3152; x_wconf 79' lang='lat' dir='ltr'><strong>quuisicrit,</strong></span> <span class='ocrx_word' id='word_1_438' title='bbox 1070 3093 1124 3138; x_wconf 92' lang='lat' dir='ltr'><strong>et</strong></span> <span class='ocrx_word' id='word_1_439' title='bbox 1167 3084 1452 3154; x_wconf 76' lang='lat' dir='ltr'><strong>diligenter</strong></span> <span class='ocrx_word' id='word_1_440' title='bbox 1489 3083 1918 3138; x_wconf 86' lang='lat' dir='ltr'><strong>consideraverit</strong></span> <span class='ocrx_word' id='word_1_441' title='bbox 1942 3126 1957 3150; x_wconf 89' lang='lat'><strong>,</strong></span> <span class='ocrx_word' id='word_1_442' title='bbox 1997 3085 2158 3139; x_wconf 89' lang='lat' dir='ltr'><strong>debet</strong></span> <span class='ocrx_word' id='word_1_443' title='bbox 2188 3085 2256 3139; x_wconf 91' lang='lat' dir='ltr'><strong>ad</strong></span> 
     </span>
    </p>
   </div>
   <div class='ocr_carea' id='block_1_63' title="bbox 2358 3069 3962 3168">
    <p class='ocr_par' dir='ltr' id='par_1_63' title="bbox 2361 3069 3962 3143">
     <span class='ocr_line' id='line_1_63' title="bbox 2361 3069 3962 3143; baseline 0.002 -23"><span class='ocrx_word' id='word_1_444' title='bbox 2361 3086 2474 3139; x_wconf 82' lang='grc' dir='ltr'><strong>ριος</strong></span> <span class='ocrx_word' id='word_1_445' title='bbox 2507 3069 2665 3139; x_wconf 83' lang='grc' dir='ltr'><strong>ἡμῶν</strong></span> <span class='ocrx_word' id='word_1_446' title='bbox 2711 3069 2921 3140; x_wconf 73' lang='grc' dir='ltr'><strong>Ἰησοῦς</strong></span> <span class='ocrx_word' id='word_1_447' title='bbox 2969 3071 3204 3142; x_wconf 78' lang='grc' dir='ltr'><strong>Χριστὸς</strong></span> <span class='ocrx_word' id='word_1_448' title='bbox 3233 3074 3264 3126; x_wconf 87' lang='grc' dir='ltr'><strong>ὁ</strong></span> <span class='ocrx_word' id='word_1_449' title='bbox 3303 3072 3438 3134; x_wconf 65' lang='grc' dir='ltr'><strong>Θεός</strong></span> <span class='ocrx_word' id='word_1_450' title='bbox 3485 3075 3857 3143; x_wconf 75' lang='grc' dir='ltr'><strong>συγχωρήσαι</strong></span> <span class='ocrx_word' id='word_1_451' title='bbox 3887 3089 3962 3124; x_wconf 66' lang='grc' dir='ltr'><strong>σοι</strong></span> 
     </span>
    </p>
   </div>
   <div class='ocr_carea' id='block_1_64' title="bbox 683 3158 2260 3245">
    <p class='ocr_par' dir='ltr' id='par_1_64' title="bbox 683 3173 2255 3245">
     <span class='ocr_line' id='line_1_64' title="bbox 683 3173 2255 3245; baseline -0.001 -14"><span class='ocrx_word' id='word_1_452' title='bbox 683 3175 893 3245; x_wconf 75' lang='lat' dir='ltr'><strong>singula</strong></span> <span class='ocrx_word' id='word_1_453' title='bbox 921 3175 1119 3244; x_wconf 88' lang='lat' dir='ltr'><strong>quibus</strong></span> <span class='ocrx_word' id='word_1_454' title='bbox 1146 3174 1492 3229; x_wconf 81' lang='lat' dir='ltr'><strong>confitentem</strong></span> <span class='ocrx_word' id='word_1_455' title='bbox 1530 3173 1780 3228; x_wconf 86' lang='lat' dir='ltr'><strong>assentiri</strong></span> <span class='ocrx_word' id='word_1_456' title='bbox 1815 3175 2069 3238; x_wconf 84' lang='lat' dir='ltr'><strong>audierit,</strong></span> <span class='ocrx_word' id='word_1_457' title='bbox 2103 3175 2255 3230; x_wconf 86' lang='lat' dir='ltr'><strong>dicc-</strong></span> 
     </span>
    </p>
   </div>
   <div class='ocr_carea' id='block_1_65' title="bbox 2358 3158 3964 3245">
    <p class='ocr_par' dir='ltr' id='par_1_65' title="bbox 2361 3158 3964 3231">
     <span class='ocr_line' id='line_1_65' title="bbox 2361 3158 3964 3231; baseline 0.003 -21"><span class='ocrx_word' id='word_1_458' title='bbox 2361 3158 2540 3212; x_wconf 75' lang='grc' dir='ltr'><strong>πὰντα</strong></span> <span class='ocrx_word' id='word_1_459' title='bbox 2563 3159 2666 3211; x_wconf 84' lang='grc' dir='ltr'><strong>ὅσα</strong></span> <span class='ocrx_word' id='word_1_460' title='bbox 2697 3158 2819 3212; x_wconf 82' lang='grc' dir='ltr'><strong>κατ’</strong></span> <span class='ocrx_word' id='word_1_461' title='bbox 2869 3159 3104 3214; x_wconf 84' lang='grc' dir='ltr'><strong>ἐνώπιον</strong></span> <span class='ocrx_word' id='word_1_462' title='bbox 3153 3159 3320 3216; x_wconf 76' lang='grc' dir='ltr'><strong>αὑτοῦ</strong></span> <span class='ocrx_word' id='word_1_463' title='bbox 3367 3162 3436 3230; x_wconf 76' lang='grc' dir='ltr'><strong>τῇ</strong></span> <span class='ocrx_word' id='word_1_464' title='bbox 3485 3160 3818 3231; x_wconf 76' lang='grc' dir='ltr'><strong>οὖθενότητί</strong></span> <span class='ocrx_word' id='word_1_465' title='bbox 3868 3178 3964 3230; x_wconf 79' lang='grc' dir='ltr'><strong>μου</strong></span> 
     </span>
    </p>
   </div>
   <div class='ocr_carea' id='block_1_66' title="bbox 683 3264 2257 3334">
    <p class='ocr_par' dir='ltr' id='par_1_66' title="bbox 683 3264 2257 3334">
     <span class='ocr_line' id='line_1_66' title="bbox 683 3264 2257 3334; baseline -0.002 -12"><span class='ocrx_word' id='word_1_466' title='bbox 683 3281 764 3332; x_wconf 85' lang='lat' dir='ltr'><strong>re,</strong></span> <span class='ocrx_word' id='word_1_467' title='bbox 799 3283 820 3318; x_wconf 74' lang='grc' dir='ltr'><strong>ι</strong></span> <span class='ocrx_word' id='word_1_468' title='bbox 853 3265 993 3320; x_wconf 87' lang='lat' dir='ltr'><strong>Deus</strong></span> <span class='ocrx_word' id='word_1_469' title='bbox 1021 3265 1116 3319; x_wconf 93' lang='lat' dir='ltr'><strong>tibi</strong></span> <span class='ocrx_word' id='word_1_470' title='bbox 1148 3264 1442 3334; x_wconf 78' lang='lat' dir='ltr'><strong>indulgeat.</strong></span> <span class='ocrx_word' id='word_1_471' title='bbox 1477 3283 1496 3316; x_wconf 71' lang='grc' dir='ltr'><strong>ι</strong></span> <span class='ocrx_word' id='word_1_472' title='bbox 1531 3264 1826 3332; x_wconf 81' lang='lat' dir='ltr'><strong>Postquam</strong></span> <span class='ocrx_word' id='word_1_473' title='bbox 1855 3275 2036 3319; x_wconf 89' lang='lat' dir='ltr'><strong>autem</strong></span> <span class='ocrx_word' id='word_1_474' title='bbox 2076 3266 2257 3320; x_wconf 89' lang='lat' dir='ltr'><strong>onmia</strong></span> 
     </span>
    </p>
   </div>
   <div class='ocr_carea' id='block_1_67' title="bbox 2363 3245 2767 3317">
    <p class='ocr_par' dir='ltr' id='par_1_67' title="bbox 2363 3245 2767 3317">
     <span class='ocr_line' id='line_1_67' title="bbox 2363 3245 2767 3317; baseline 0.007 -19"><span class='ocrx_word' id='word_1_475' title='bbox 2363 3245 2704 3317; x_wconf 72' lang='grc' dir='ltr'><strong>ἐξήγγειλας.</strong></span> <span class='ocrx_word' id='word_1_476' title='bbox 2745 3265 2767 3300; x_wconf 73' lang='grc' dir='ltr'><strong>ι</strong></span> 
     </span>
    </p>
   </div>
   <div class='ocr_carea' id='block_1_68' title="bbox 686 3354 3970 3428">
    <p class='ocr_par' dir='ltr' id='par_1_68' title="bbox 686 3354 3970 3428">
     <span class='ocr_line' id='line_1_68' title="bbox 686 3354 3970 3428; baseline 0.002 -17"><span class='ocrx_word' id='word_1_477' title='bbox 686 3355 1040 3422; x_wconf 84' lang='lat' dir='ltr'><strong>recensuerit,</strong></span> <span class='ocrx_word' id='word_1_478' title='bbox 1074 3364 1124 3410; x_wconf 92' lang='lat' dir='ltr'><strong>et</strong></span> <span class='ocrx_word' id='word_1_479' title='bbox 1152 3354 1555 3408; x_wconf 78' lang='lat' dir='ltr'><strong>confessionem</strong></span> <span class='ocrx_word' id='word_1_480' title='bbox 1594 3359 1900 3424; x_wconf 78' lang='lat' dir='ltr'><strong>exceperit,</strong></span> <span class='ocrx_word' id='word_1_481' title='bbox 1926 3355 2215 3410; x_wconf 90' lang='lat' dir='ltr'><strong>conlitente</strong></span> <span class='ocrx_word' id='word_1_482' title='bbox 2237 3354 2449 3411; x_wconf 88' lang='lat' dir='ltr'><strong>inferne</strong></span> <span class='ocrx_word' id='word_1_483' title='bbox 2474 3358 2709 3428; x_wconf 83' lang='lat' dir='ltr'><strong>jacente,</strong></span> <span class='ocrx_word' id='word_1_484' title='bbox 2738 3359 2900 3414; x_wconf 82' lang='lat' dir='ltr'><strong>addet</strong></span> <span class='ocrx_word' id='word_1_485' title='bbox 2933 3379 2950 3416; x_wconf 89' lang='lat'><strong>:</strong></span> <span class='ocrx_word' id='word_1_486' title='bbox 2989 3377 3010 3413; x_wconf 76' lang='grc' dir='ltr'><strong>ι</strong></span> <span class='ocrx_word' id='word_1_487' title='bbox 3043 3359 3218 3416; x_wconf 85' lang='lat' dir='ltr'><strong>Herus</strong></span> <span class='ocrx_word' id='word_1_488' title='bbox 3255 3372 3310 3417; x_wconf 90' lang='lat' dir='ltr'><strong>et</strong></span> <span class='ocrx_word' id='word_1_489' title='bbox 3338 3363 3610 3419; x_wconf 87' lang='lat' dir='ltr'><strong>Dominus</strong></span> <span class='ocrx_word' id='word_1_490' title='bbox 3651 3373 3852 3420; x_wconf 81' lang='lat' dir='ltr'><strong>noster</strong></span> <span class='ocrx_word' id='word_1_491' title='bbox 3882 3361 3970 3418; x_wconf 77' lang='lat' dir='ltr'><strong>Je-</strong></span> 
     </span>
    </p>
   </div>
   <div class='ocr_carea' id='block_1_69' title="bbox 685 3447 3599 3524">
    <p class='ocr_par' dir='ltr' id='par_1_69' title="bbox 685 3447 3599 3524">
     <span class='ocr_line' id='line_1_69' title="bbox 685 3447 3599 3524; baseline 0.002 -18"><span class='ocrx_word' id='word_1_492' title='bbox 685 3463 785 3506; x_wconf 76' lang='lat' dir='ltr'><strong>sus</strong></span> <span class='ocrx_word' id='word_1_493' title='bbox 821 3449 1073 3504; x_wconf 81' lang='lat' dir='ltr'><strong>Christus</strong></span> <span class='ocrx_word' id='word_1_494' title='bbox 1101 3447 1243 3505; x_wconf 86' lang='lat' dir='ltr'><strong>Deus</strong></span> <span class='ocrx_word' id='word_1_495' title='bbox 1283 3448 1561 3518; x_wconf 78' lang='lat' dir='ltr'><strong>indulgeat</strong></span> <span class='ocrx_word' id='word_1_496' title='bbox 1623 3448 1718 3504; x_wconf 90' lang='lat' dir='ltr'><strong>tibt</strong></span> <span class='ocrx_word' id='word_1_497' title='bbox 1775 3449 1960 3504; x_wconf 90' lang='lat' dir='ltr'><strong>omnia</strong></span> <span class='ocrx_word' id='word_1_498' title='bbox 1985 3465 2108 3521; x_wconf 72' lang='lat' dir='ltr'><strong>qua:</strong></span> <span class='ocrx_word' id='word_1_499' title='bbox 2134 3451 2188 3506; x_wconf 92' lang='lat' dir='ltr'><strong>in</strong></span> <span class='ocrx_word' id='word_1_500' title='bbox 2221 3464 2520 3522; x_wconf 85' lang='lat' dir='ltr'><strong>conspectu</strong></span> <span class='ocrx_word' id='word_1_501' title='bbox 2551 3454 2672 3524; x_wconf 89' lang='lat' dir='ltr'><strong>ejus</strong></span> <span class='ocrx_word' id='word_1_502' title='bbox 2698 3456 2936 3511; x_wconf 90' lang='lat' dir='ltr'><strong>nullitati</strong></span> <span class='ocrx_word' id='word_1_503' title='bbox 2966 3471 3103 3512; x_wconf 77' lang='lat' dir='ltr'><strong>mea:</strong></span> <span class='ocrx_word' id='word_1_504' title='bbox 3134 3457 3429 3515; x_wconf 82' lang='lat' dir='ltr'><strong>confessus</strong></span> <span class='ocrx_word' id='word_1_505' title='bbox 3460 3474 3543 3516; x_wconf 77' lang='lat' dir='ltr'><strong>es.</strong></span> <span class='ocrx_word' id='word_1_506' title='bbox 3578 3479 3599 3512; x_wconf 70' lang='grc' dir='ltr'><strong>ι</strong></span> 
     </span>
    </p>
   </div>
   <div class='ocr_carea' id='block_1_70' title="bbox 1280 3627 1661 3682">
    <p class='ocr_par' dir='ltr' id='par_1_70' title="bbox 1280 3627 1661 3682">
     <span class='ocr_line' id='line_1_70' title="bbox 1280 3627 1661 3682; baseline 0.003 -1"><span class='ocrx_word' id='word_1_507' title='bbox 1280 3628 1405 3681; x_wconf 80' lang='lat' dir='ltr'><strong>Alia</strong></span> <span class='ocrx_word' id='word_1_508' title='bbox 1443 3627 1661 3682; x_wconf 77' lang='lat' dir='ltr'><strong>solutio.</strong></span> 
     </span>
    </p>
   </div>
   <div class='ocr_carea' id='block_1_71' title="bbox 755 3714 2261 3788">
    <p class='ocr_par' dir='ltr' id='par_1_71' title="bbox 755 3714 2261 3788">
     <span class='ocr_line' id='line_1_71' title="bbox 755 3714 2261 3788; baseline 0.004 -18"><span class='ocrx_word' id='word_1_509' title='bbox 755 3716 900 3772; x_wconf 87' lang='lat' dir='ltr'><strong>Deus</strong></span> <span class='ocrx_word' id='word_1_510' title='bbox 924 3714 1019 3787; x_wconf 92' lang='lat' dir='ltr'><strong>qui</strong></span> <span class='ocrx_word' id='word_1_511' title='bbox 1051 3731 1146 3786; x_wconf 88' lang='lat' dir='ltr'><strong>per</strong></span> <span class='ocrx_word' id='word_1_512' title='bbox 1177 3714 1388 3770; x_wconf 83' lang='lat' dir='ltr'><strong>Nathan</strong></span> <span class='ocrx_word' id='word_1_513' title='bbox 1414 3716 1598 3772; x_wconf 88' lang='lat' dir='ltr'><strong>Davidi</strong></span> <span class='ocrx_word' id='word_1_514' title='bbox 1629 3719 1847 3788; x_wconf 90' lang='lat' dir='ltr'><strong>propria</strong></span> <span class='ocrx_word' id='word_1_515' title='bbox 1875 3734 2093 3788; x_wconf 87' lang='lat' dir='ltr'><strong>peccata</strong></span> <span class='ocrx_word' id='word_1_516' title='bbox 2125 3737 2261 3776; x_wconf 85' lang='lat' dir='ltr'><strong>ron-</strong></span> 
     </span>
    </p>
   </div>
   <div class='ocr_carea' id='block_1_72' title="bbox 685 3805 2260 3875">
    <p class='ocr_par' dir='ltr' id='par_1_72' title="bbox 685 3805 2260 3875">
     <span class='ocr_line' id='line_1_72' title="bbox 685 3805 2260 3875; baseline 0.001 -14"><span class='ocrx_word' id='word_1_517' title='bbox 685 3806 861 3862; x_wconf 81' lang='lat' dir='ltr'><strong>ﬁtenti</strong></span> <span class='ocrx_word' id='word_1_518' title='bbox 895 3805 1152 3875; x_wconf 85' lang='lat' dir='ltr'><strong>pepercit,</strong></span> <span class='ocrx_word' id='word_1_519' title='bbox 1182 3813 1237 3860; x_wconf 92' lang='lat' dir='ltr'><strong>et</strong></span> <span class='ocrx_word' id='word_1_520' title='bbox 1267 3805 1426 3859; x_wconf 81' lang='lat' dir='ltr'><strong>l&#39;etro</strong></span> <span class='ocrx_word' id='word_1_521' title='bbox 1460 3807 1874 3875; x_wconf 80' lang='lat' dir='ltr'><strong>abuegationem</strong></span> <span class='ocrx_word' id='word_1_522' title='bbox 1912 3824 2068 3861; x_wconf 89' lang='lat' dir='ltr'><strong>suam</strong></span> <span class='ocrx_word' id='word_1_523' title='bbox 2103 3808 2260 3863; x_wconf 87' lang='lat' dir='ltr'><strong>forti-</strong></span> 
     </span>
    </p>
   </div>
   <div class='ocr_carea' id='block_1_73' title="bbox 685 3895 2260 3966">
    <p class='ocr_par' dir='ltr' id='par_1_73' title="bbox 685 3895 2260 3966">
     <span class='ocr_line' id='line_1_73' title="bbox 685 3895 2260 3966; baseline 0 -14"><span class='ocrx_word' id='word_1_524' title='bbox 685 3907 767 3952; x_wconf 89' lang='lat' dir='ltr'><strong>ter</strong></span> <span class='ocrx_word' id='word_1_525' title='bbox 791 3895 1029 3960; x_wconf 84' lang='lat' dir='ltr'><strong>dellenti,</strong></span> <span class='ocrx_word' id='word_1_526' title='bbox 1063 3903 1118 3950; x_wconf 90' lang='lat' dir='ltr'><strong>et</strong></span> <span class='ocrx_word' id='word_1_527' title='bbox 1143 3896 1421 3950; x_wconf 89' lang='lat' dir='ltr'><strong>meretrici</strong></span> <span class='ocrx_word' id='word_1_528' title='bbox 1456 3895 1773 3966; x_wconf 87' lang='lat' dir='ltr'><strong>lacrymanti</strong></span> <span class='ocrx_word' id='word_1_529' title='bbox 1810 3911 1973 3966; x_wconf 88' lang='lat' dir='ltr'><strong>super</strong></span> <span class='ocrx_word' id='word_1_530' title='bbox 2002 3898 2260 3952; x_wconf 87' lang='lat' dir='ltr'><strong>immacu-</strong></span> 
     </span>
    </p>
   </div>
   <div class='ocr_carea' id='block_1_74' title="bbox 684 3984 2261 4055">
    <p class='ocr_par' dir='ltr' id='par_1_74' title="bbox 684 3984 2261 4055">
     <span class='ocr_line' id='line_1_74' title="bbox 684 3984 2261 4055; baseline -0.001 -13"><span class='ocrx_word' id='word_1_531' title='bbox 684 3987 825 4042; x_wconf 83' lang='lat' dir='ltr'><strong>latos</strong></span> <span class='ocrx_word' id='word_1_532' title='bbox 854 3986 1026 4055; x_wconf 90' lang='lat' dir='ltr'><strong>ipsius</strong></span> <span class='ocrx_word' id='word_1_533' title='bbox 1053 3985 1237 4054; x_wconf 86' lang='lat' dir='ltr'><strong>pedes,</strong></span> <span class='ocrx_word' id='word_1_534' title='bbox 1267 3993 1321 4039; x_wconf 90' lang='lat' dir='ltr'><strong>et</strong></span> <span class='ocrx_word' id='word_1_535' title='bbox 1345 3984 1620 4050; x_wconf 79' lang='lat' dir='ltr'><strong>Mauasse,</strong></span> <span class='ocrx_word' id='word_1_536' title='bbox 1640 3994 1694 4038; x_wconf 90' lang='lat' dir='ltr'><strong>et</strong></span> <span class='ocrx_word' id='word_1_537' title='bbox 1714 3985 2028 4054; x_wconf 87' lang='lat' dir='ltr'><strong>publicano,</strong></span> <span class='ocrx_word' id='word_1_538' title='bbox 2055 3998 2109 4041; x_wconf 80' lang='lat' dir='ltr'><strong>et</strong></span> <span class='ocrx_word' id='word_1_539' title='bbox 2133 4001 2261 4055; x_wconf 83' lang='lat' dir='ltr'><strong>pro-</strong></span> 
     </span>
    </p>
   </div>
   <div class='ocr_carea' id='block_1_75' title="bbox 683 4080 2258 4151">
    <p class='ocr_par' dir='ltr' id='par_1_75' title="bbox 683 4080 2258 4151">
     <span class='ocr_line' id='line_1_75' title="bbox 683 4080 2258 4151; baseline 0.001 -16"><span class='ocrx_word' id='word_1_540' title='bbox 683 4083 849 4151; x_wconf 72' lang='lat' dir='ltr'><strong>tligo;</strong></span> <span class='ocrx_word' id='word_1_541' title='bbox 899 4080 993 4149; x_wconf 88' lang='lat' dir='ltr'><strong>qui</strong></span> <span class='ocrx_word' id='word_1_542' title='bbox 1035 4080 1214 4136; x_wconf 71' lang='lat' dir='ltr'><strong>dixit:</strong></span> <span class='ocrx_word' id='word_1_543' title='bbox 1267 4081 1589 4134; x_wconf 72' lang='lat' dir='ltr'><strong>Alterutrum</strong></span> <span class='ocrx_word' id='word_1_544' title='bbox 1635 4081 1959 4150; x_wconf 77' lang='lat' dir='ltr'><strong>conﬁtemini</strong></span> <span class='ocrx_word' id='word_1_545' title='bbox 2003 4093 2258 4150; x_wconf 84' lang='lat' dir='ltr'><strong>peccata,</strong></span> 
     </span>
    </p>
   </div>
   <div class='ocr_carea' id='block_1_76' title="bbox 684 4171 2261 4241">
    <p class='ocr_par' dir='ltr' id='par_1_76' title="bbox 684 4171 2261 4241">
     <span class='ocr_line' id='line_1_76' title="bbox 684 4171 2261 4241; baseline 0.003 -15"><span class='ocrx_word' id='word_1_546' title='bbox 684 4173 803 4241; x_wconf 88' lang='lat' dir='ltr'><strong>ipse</strong></span> <span class='ocrx_word' id='word_1_547' title='bbox 831 4171 1102 4236; x_wconf 83' lang='lat' dir='ltr'><strong>Salvator,</strong></span> <span class='ocrx_word' id='word_1_548' title='bbox 1129 4181 1182 4225; x_wconf 93' lang='lat' dir='ltr'><strong>et</strong></span> <span class='ocrx_word' id='word_1_549' title='bbox 1214 4171 1477 4227; x_wconf 89' lang='lat' dir='ltr'><strong>Dominus</strong></span> <span class='ocrx_word' id='word_1_550' title='bbox 1505 4182 1691 4228; x_wconf 88' lang='lat' dir='ltr'><strong>noster</strong></span> <span class='ocrx_word' id='word_1_551' title='bbox 1715 4171 1874 4228; x_wconf 81' lang='lat' dir='ltr'><strong>Jesus</strong></span> <span class='ocrx_word' id='word_1_552' title='bbox 1900 4173 2152 4229; x_wconf 85' lang='lat' dir='ltr'><strong>Christus</strong></span> <span class='ocrx_word' id='word_1_553' title='bbox 2176 4191 2261 4230; x_wconf 89' lang='lat' dir='ltr'><strong>re-</strong></span> 
     </span>
    </p>
   </div>
   <div class='ocr_carea' id='block_1_77' title="bbox 685 4262 2252 4325">
    <p class='ocr_par' dir='ltr' id='par_1_77' title="bbox 685 4262 2252 4325">
     <span class='ocr_line' id='line_1_77' title="bbox 685 4262 2252 4325; baseline 0.002 -8"><span class='ocrx_word' id='word_1_554' title='bbox 685 4264 863 4318; x_wconf 87' lang='lat' dir='ltr'><strong>mittat</strong></span> <span class='ocrx_word' id='word_1_555' title='bbox 908 4263 1005 4316; x_wconf 78' lang='lat' dir='ltr'><strong>tibi</strong></span> <span class='ocrx_word' id='word_1_556' title='bbox 1041 4269 1095 4316; x_wconf 90' lang='lat' dir='ltr'><strong>et</strong></span> <span class='ocrx_word' id='word_1_557' title='bbox 1133 4266 1186 4316; x_wconf 89' lang='lat' dir='ltr'><strong>in</strong></span> <span class='ocrx_word' id='word_1_558' title='bbox 1225 4263 1329 4316; x_wconf 90' lang='lat' dir='ltr'><strong>hoc</strong></span> <span class='ocrx_word' id='word_1_559' title='bbox 1369 4262 1589 4325; x_wconf 74' lang='lat' dir='ltr'><strong>szeculo,</strong></span> <span class='ocrx_word' id='word_1_560' title='bbox 1636 4275 1691 4319; x_wconf 93' lang='lat' dir='ltr'><strong>et</strong></span> <span class='ocrx_word' id='word_1_561' title='bbox 1740 4265 1795 4319; x_wconf 90' lang='lat' dir='ltr'><strong>in</strong></span> <span class='ocrx_word' id='word_1_562' title='bbox 1844 4266 2028 4319; x_wconf 89' lang='lat' dir='ltr'><strong>futuro</strong></span> <span class='ocrx_word' id='word_1_563' title='bbox 2067 4267 2252 4320; x_wconf 85' lang='lat' dir='ltr'><strong>onmia</strong></span> 
     </span>
    </p>
   </div>
   <div class='ocr_carea' id='block_1_78' title="bbox 683 4351 2258 4422">
    <p class='ocr_par' dir='ltr' id='par_1_78' title="bbox 683 4351 2258 4422">
     <span class='ocr_line' id='line_1_78' title="bbox 683 4351 2258 4422; baseline 0.004 -18"><span class='ocrx_word' id='word_1_564' title='bbox 683 4367 808 4422; x_wconf 69' lang='lat' dir='ltr'><strong>qua:</strong></span> <span class='ocrx_word' id='word_1_565' title='bbox 853 4351 907 4406; x_wconf 92' lang='lat' dir='ltr'><strong>in</strong></span> <span class='ocrx_word' id='word_1_566' title='bbox 956 4351 1128 4420; x_wconf 87' lang='lat' dir='ltr'><strong>ipsius</strong></span> <span class='ocrx_word' id='word_1_567' title='bbox 1174 4359 1465 4422; x_wconf 83' lang='lat' dir='ltr'><strong>conspectu</strong></span> <span class='ocrx_word' id='word_1_568' title='bbox 1505 4352 1755 4422; x_wconf 82' lang='lat' dir='ltr'><strong>parvitati</strong></span> <span class='ocrx_word' id='word_1_569' title='bbox 1795 4371 1925 4409; x_wconf 70' lang='lat' dir='ltr'><strong>mea:</strong></span> <span class='ocrx_word' id='word_1_570' title='bbox 1973 4355 2258 4411; x_wconf 81' lang='lat' dir='ltr'><strong>confessus</strong></span> 
     </span>
    </p>
   </div>
   <div class='ocr_carea' id='block_1_79' title="bbox 682 4441 2263 4511">
    <p class='ocr_par' dir='ltr' id='par_1_79' title="bbox 682 4441 2263 4511">
     <span class='ocr_line' id='line_1_79' title="bbox 682 4441 2263 4511; baseline 0.001 -12"><span class='ocrx_word' id='word_1_571' title='bbox 682 4459 784 4510; x_wconf 87' lang='lat' dir='ltr'><strong>es,</strong></span> <span class='ocrx_word' id='word_1_572' title='bbox 814 4450 870 4497; x_wconf 91' lang='lat' dir='ltr'><strong>et</strong></span> <span class='ocrx_word' id='word_1_573' title='bbox 909 4441 1161 4511; x_wconf 77' lang='lat' dir='ltr'><strong>dignetur</strong></span> <span class='ocrx_word' id='word_1_574' title='bbox 1209 4451 1260 4496; x_wconf 90' lang='lat' dir='ltr'><strong>te</strong></span> <span class='ocrx_word' id='word_1_575' title='bbox 1288 4454 1413 4497; x_wconf 89' lang='lat' dir='ltr'><strong>ante</strong></span> <span class='ocrx_word' id='word_1_576' title='bbox 1458 4443 1694 4498; x_wconf 90' lang='lat' dir='ltr'><strong>tribunal</strong></span> <span class='ocrx_word' id='word_1_577' title='bbox 1736 4460 1898 4500; x_wconf 85' lang='lat' dir='ltr'><strong>suum</strong></span> <span class='ocrx_word' id='word_1_578' title='bbox 1948 4447 2141 4501; x_wconf 86' lang='lat' dir='ltr'><strong>sistere</strong></span> <span class='ocrx_word' id='word_1_579' title='bbox 2181 4447 2263 4501; x_wconf 86' lang='lat' dir='ltr'><strong>in-</strong></span> 
     </span>
    </p>
   </div>
   <div class='ocr_carea' id='block_1_80' title="bbox 684 4533 2158 4602">
    <p class='ocr_par' dir='ltr' id='par_1_80' title="bbox 684 4533 2158 4602">
     <span class='ocr_line' id='line_1_80' title="bbox 684 4533 2158 4602; baseline 0.001 -13"><span class='ocrx_word' id='word_1_580' title='bbox 684 4533 1022 4600; x_wconf 88' lang='lat' dir='ltr'><strong>demnatum,</strong></span> <span class='ocrx_word' id='word_1_581' title='bbox 1047 4533 1136 4602; x_wconf 88' lang='lat' dir='ltr'><strong>qui</strong></span> <span class='ocrx_word' id='word_1_582' title='bbox 1169 4542 1256 4590; x_wconf 93' lang='lat' dir='ltr'><strong>est</strong></span> <span class='ocrx_word' id='word_1_583' title='bbox 1284 4533 1598 4590; x_wconf 90' lang='lat' dir='ltr'><strong>benedictus</strong></span> <span class='ocrx_word' id='word_1_584' title='bbox 1628 4535 1684 4590; x_wconf 90' lang='lat' dir='ltr'><strong>in</strong></span> <span class='ocrx_word' id='word_1_585' title='bbox 1714 4535 1930 4592; x_wconf 57' lang='lat' dir='ltr'><strong>sarcula.</strong></span> <span class='ocrx_word' id='word_1_586' title='bbox 1963 4537 2158 4592; x_wconf 80' lang='lat' dir='ltr'><strong>Amen.</strong></span> 
     </span>
    </p>
   </div>
   <div class='ocr_carea' id='block_1_81' title="bbox 1249 4790 1672 4847">
    <p class='ocr_par' dir='ltr' id='par_1_81' title="bbox 1249 4790 1672 4847">
     <span class='ocr_line' id='line_1_81' title="bbox 1249 4790 1672 4847; baseline 0.002 -2"><span class='ocrx_word' id='word_1_587' title='bbox 1249 4790 1433 4845; x_wconf 75' lang='lat' dir='ltr'><strong>Altera</strong></span> <span class='ocrx_word' id='word_1_588' title='bbox 1459 4790 1672 4847; x_wconf 77' lang='lat' dir='ltr'><strong>solutio.</strong></span> 
     </span>
    </p>
   </div>
   <div class='ocr_carea' id='block_1_82' title="bbox 761 4878 2336 4953">
    <p class='ocr_par' dir='ltr' id='par_1_82' title="bbox 761 4878 2336 4953">
     <span class='ocr_line' id='line_1_82' title="bbox 761 4878 2336 4953; baseline 0.003 -19"><span class='ocrx_word' id='word_1_589' title='bbox 761 4880 927 4946; x_wconf 88' lang='lat' dir='ltr'><strong>Deus,</strong></span> <span class='ocrx_word' id='word_1_590' title='bbox 961 4878 1053 4950; x_wconf 89' lang='lat' dir='ltr'><strong>qui</strong></span> <span class='ocrx_word' id='word_1_591' title='bbox 1084 4888 1304 4950; x_wconf 88' lang='lat' dir='ltr'><strong>propter</strong></span> <span class='ocrx_word' id='word_1_592' title='bbox 1333 4894 1435 4936; x_wconf 87' lang='lat' dir='ltr'><strong>nos</strong></span> <span class='ocrx_word' id='word_1_593' title='bbox 1467 4881 1630 4936; x_wconf 90' lang='lat' dir='ltr'><strong>homo</strong></span> <span class='ocrx_word' id='word_1_594' title='bbox 1669 4879 1844 4937; x_wconf 89' lang='lat' dir='ltr'><strong>factus</strong></span> <span class='ocrx_word' id='word_1_595' title='bbox 1877 4891 1977 4950; x_wconf 88' lang='lat' dir='ltr'><strong>est,</strong></span> <span class='ocrx_word' id='word_1_596' title='bbox 2012 4891 2066 4938; x_wconf 92' lang='lat' dir='ltr'><strong>et</strong></span> <span class='ocrx_word' id='word_1_597' title='bbox 2090 4885 2256 4941; x_wconf 90' lang='lat' dir='ltr'><strong>totius</strong></span> <span class='ocrx_word' id='word_1_598' title='bbox 2288 4894 2336 4953; x_wconf 83' lang='grc' dir='ltr'>ο</span> 
     </span>
    </p>
   </div>
   <div class='ocr_carea' id='block_1_83' title="bbox 691 4970 2261 5045">
    <p class='ocr_par' dir='ltr' id='par_1_83' title="bbox 691 4970 2261 5045">
     <span class='ocr_line' id='line_1_83' title="bbox 691 4970 2261 5045; baseline 0 -18"><span class='ocrx_word' id='word_1_599' title='bbox 691 4972 882 5029; x_wconf 89' lang='lat' dir='ltr'><strong>mundi</strong></span> <span class='ocrx_word' id='word_1_600' title='bbox 913 4981 1132 5042; x_wconf 83' lang='lat' dir='ltr'><strong>peccata</strong></span> <span class='ocrx_word' id='word_1_601' title='bbox 1165 4971 1422 5041; x_wconf 83' lang='lat' dir='ltr'><strong>portavit.</strong></span> <span class='ocrx_word' id='word_1_602' title='bbox 1453 4970 1571 5040; x_wconf 91' lang='lat' dir='ltr'><strong>Ipse</strong></span> <span class='ocrx_word' id='word_1_603' title='bbox 1600 4986 1697 5041; x_wconf 92' lang='lat' dir='ltr'><strong>per</strong></span> <span class='ocrx_word' id='word_1_604' title='bbox 1722 4973 1986 5042; x_wconf 87' lang='lat' dir='ltr'><strong>optimam</strong></span> <span class='ocrx_word' id='word_1_605' title='bbox 2019 4973 2261 5045; x_wconf 78' lang='lat' dir='ltr'><strong>benigni-</strong></span> 
     </span>
    </p>
   </div>
   <div class='ocr_carea' id='block_1_84' title="bbox 689 5060 2260 5134">
    <p class='ocr_par' dir='ltr' id='par_1_84' title="bbox 689 5060 2260 5134">
     <span class='ocr_line' id='line_1_84' title="bbox 689 5060 2260 5134; baseline 0 -14"><span class='ocrx_word' id='word_1_606' title='bbox 689 5072 856 5120; x_wconf 88' lang='lat' dir='ltr'><strong>tatem</strong></span> <span class='ocrx_word' id='word_1_607' title='bbox 880 5077 1035 5117; x_wconf 86' lang='lat' dir='ltr'><strong>suam</strong></span> <span class='ocrx_word' id='word_1_608' title='bbox 1064 5063 1178 5116; x_wconf 72' lang='lat' dir='ltr'><strong>haec</strong></span> <span class='ocrx_word' id='word_1_609' title='bbox 1201 5061 1408 5122; x_wconf 89' lang='lat' dir='ltr'><strong>onmia,</strong></span> <span class='ocrx_word' id='word_1_610' title='bbox 1439 5060 1627 5127; x_wconf 86' lang='lat' dir='ltr'><strong>frater,</strong></span> <span class='ocrx_word' id='word_1_611' title='bbox 1659 5064 1939 5133; x_wconf 89' lang='lat' dir='ltr'><strong>suscipiet,</strong></span> <span class='ocrx_word' id='word_1_612' title='bbox 1970 5079 2089 5134; x_wconf 72' lang='lat' dir='ltr'><strong>qua:</strong></span> <span class='ocrx_word' id='word_1_613' title='bbox 2115 5070 2260 5122; x_wconf 71' lang='lat' dir='ltr'><strong>tibine</strong></span> 
     </span>
    </p>
   </div>
   <div class='ocr_carea' id='block_1_85' title="bbox 690 5152 2259 5224">
    <p class='ocr_par' dir='ltr' id='par_1_85' title="bbox 690 5152 2259 5224">
     <span class='ocr_line' id='line_1_85' title="bbox 690 5152 2259 5224; baseline -0.001 -13"><span class='ocrx_word' id='word_1_614' title='bbox 690 5170 873 5212; x_wconf 84' lang='lat' dir='ltr'><strong>coram</strong></span> <span class='ocrx_word' id='word_1_615' title='bbox 922 5155 1042 5224; x_wconf 91' lang='lat' dir='ltr'><strong>ipso</strong></span> <span class='ocrx_word' id='word_1_616' title='bbox 1080 5166 1213 5207; x_wconf 65' lang='lat' dir='ltr'><strong>meae</strong></span> <span class='ocrx_word' id='word_1_617' title='bbox 1248 5152 1556 5222; x_wconf 77' lang='lat' dir='ltr'><strong>indignitati</strong></span> <span class='ocrx_word' id='word_1_618' title='bbox 1599 5153 1928 5218; x_wconf 87' lang='lat' dir='ltr'><strong>declarasti,</strong></span> <span class='ocrx_word' id='word_1_619' title='bbox 1975 5157 2259 5212; x_wconf 88' lang='lat' dir='ltr'><strong>remittens</strong></span> 
     </span>
    </p>
   </div>
   <div class='ocr_carea' id='block_1_86' title="bbox 692 5243 2260 5315">
    <p class='ocr_par' dir='ltr' id='par_1_86' title="bbox 692 5243 2260 5315">
     <span class='ocr_line' id='line_1_86' title="bbox 692 5243 2260 5315; baseline -0.001 -13"><span class='ocrx_word' id='word_1_620' title='bbox 692 5247 790 5302; x_wconf 86' lang='lat' dir='ltr'><strong>tibi</strong></span> <span class='ocrx_word' id='word_1_621' title='bbox 814 5247 1023 5308; x_wconf 90' lang='lat' dir='ltr'><strong>omnia,</strong></span> <span class='ocrx_word' id='word_1_622' title='bbox 1056 5253 1111 5298; x_wconf 90' lang='lat' dir='ltr'><strong>et</strong></span> <span class='ocrx_word' id='word_1_623' title='bbox 1133 5244 1187 5296; x_wconf 91' lang='lat' dir='ltr'><strong>iu</strong></span> <span class='ocrx_word' id='word_1_624' title='bbox 1218 5244 1321 5297; x_wconf 92' lang='lat' dir='ltr'><strong>hoc</strong></span> <span class='ocrx_word' id='word_1_625' title='bbox 1351 5243 1569 5308; x_wconf 66' lang='lat' dir='ltr'><strong>saeculo,</strong></span> <span class='ocrx_word' id='word_1_626' title='bbox 1597 5253 1652 5299; x_wconf 91' lang='lat' dir='ltr'><strong>et</strong></span> <span class='ocrx_word' id='word_1_627' title='bbox 1684 5245 1739 5299; x_wconf 92' lang='lat' dir='ltr'><strong>in</strong></span> <span class='ocrx_word' id='word_1_628' title='bbox 1771 5245 1972 5308; x_wconf 90' lang='lat' dir='ltr'><strong>futuro,</strong></span> <span class='ocrx_word' id='word_1_629' title='bbox 2002 5246 2094 5315; x_wconf 88' lang='lat' dir='ltr'><strong>qui</strong></span> <span class='ocrx_word' id='word_1_630' title='bbox 2127 5262 2260 5301; x_wconf 84' lang='lat' dir='ltr'><strong>cuu-</strong></span> 
     </span>
    </p>
   </div>
   <div class='ocr_carea' id='block_1_87' title="bbox 691 5335 2261 5408">
    <p class='ocr_par' dir='ltr' id='par_1_87' title="bbox 691 5335 2261 5408">
     <span class='ocr_line' id='line_1_87' title="bbox 691 5335 2261 5408; baseline -0.001 -15"><span class='ocrx_word' id='word_1_631' title='bbox 691 5347 900 5395; x_wconf 88' lang='lat' dir='ltr'><strong>stanter</strong></span> <span class='ocrx_word' id='word_1_632' title='bbox 926 5338 1041 5390; x_wconf 86' lang='lat' dir='ltr'><strong>vult</strong></span> <span class='ocrx_word' id='word_1_633' title='bbox 1076 5345 1130 5390; x_wconf 92' lang='lat' dir='ltr'><strong>et</strong></span> <span class='ocrx_word' id='word_1_634' title='bbox 1173 5335 1364 5390; x_wconf 88' lang='lat' dir='ltr'><strong>tribuit</strong></span> <span class='ocrx_word' id='word_1_635' title='bbox 1392 5335 1648 5391; x_wconf 90' lang='lat' dir='ltr'><strong>omnibus</strong></span> <span class='ocrx_word' id='word_1_636' title='bbox 1675 5337 1928 5401; x_wconf 88' lang='lat' dir='ltr'><strong>salutem,</strong></span> <span class='ocrx_word' id='word_1_637' title='bbox 1957 5347 2142 5408; x_wconf 85' lang='lat' dir='ltr'><strong>estque</strong></span> <span class='ocrx_word' id='word_1_638' title='bbox 2174 5337 2261 5391; x_wconf 78' lang='lat' dir='ltr'><strong>bc-</strong></span> 
     </span>
    </p>
   </div>
   <div class='ocr_carea' id='block_1_88' title="bbox 691 5427 1493 5487">
    <p class='ocr_par' dir='ltr' id='par_1_88' title="bbox 691 5427 1493 5487">
     <span class='ocr_line' id='line_1_88' title="bbox 691 5427 1493 5487; baseline -0.009 -1"><span class='ocrx_word' id='word_1_639' title='bbox 691 5429 940 5487; x_wconf 87' lang='lat' dir='ltr'><strong>ncdictus</strong></span> <span class='ocrx_word' id='word_1_640' title='bbox 967 5429 1021 5482; x_wconf 91' lang='lat' dir='ltr'><strong>in</strong></span> <span class='ocrx_word' id='word_1_641' title='bbox 1053 5427 1270 5483; x_wconf 58' lang='lat' dir='ltr'><strong>saecula.</strong></span> <span class='ocrx_word' id='word_1_642' title='bbox 1301 5432 1493 5480; x_wconf 85' lang='lat' dir='ltr'><strong>Amen.</strong></span> 
     </span>
    </p>
   </div>
   <div class='ocr_carea' id='block_1_89' title="bbox 1185 5602 1772 5671">
    <p class='ocr_par' dir='ltr' id='par_1_89' title="bbox 1185 5602 1772 5671">
     <span class='ocr_line' id='line_1_89' title="bbox 1185 5602 1772 5671; baseline 0.007 -15"><span class='ocrx_word' id='word_1_643' title='bbox 1185 5602 1372 5657; x_wconf 75' lang='lat' dir='ltr'><strong>Postea</strong></span> <span class='ocrx_word' id='word_1_644' title='bbox 1400 5604 1476 5656; x_wconf 75' lang='lat' dir='ltr'><strong>sic</strong></span> <span class='ocrx_word' id='word_1_645' title='bbox 1507 5616 1772 5671; x_wconf 74' lang='lat' dir='ltr'><strong>precatur.</strong></span> 
     </span>
    </p>
   </div>
   <div class='ocr_carea' id='block_1_90' title="bbox 763 5693 2250 5768">
    <p class='ocr_par' dir='ltr' id='par_1_90' title="bbox 763 5693 2250 5768">
     <span class='ocr_line' id='line_1_90' title="bbox 763 5693 2250 5768; baseline 0.002 -19"><span class='ocrx_word' id='word_1_646' title='bbox 763 5695 907 5752; x_wconf 85' lang='lat' dir='ltr'><strong>Deus</strong></span> <span class='ocrx_word' id='word_1_647' title='bbox 957 5693 1205 5751; x_wconf 86' lang='lat' dir='ltr'><strong>Salvator</strong></span> <span class='ocrx_word' id='word_1_648' title='bbox 1249 5705 1431 5752; x_wconf 80' lang='lat' dir='ltr'><strong>uoster</strong></span> <span class='ocrx_word' id='word_1_649' title='bbox 1465 5697 1556 5766; x_wconf 86' lang='lat' dir='ltr'><strong>qui</strong></span> <span class='ocrx_word' id='word_1_650' title='bbox 1604 5711 1698 5765; x_wconf 88' lang='lat' dir='ltr'><strong>per</strong></span> <span class='ocrx_word' id='word_1_651' title='bbox 1739 5697 2052 5768; x_wconf 85' lang='lat' dir='ltr'><strong>prophetam</strong></span> <span class='ocrx_word' id='word_1_652' title='bbox 2098 5710 2250 5754; x_wconf 92' lang='lat' dir='ltr'><strong>tuum</strong></span> 
     </span>
    </p>
   </div>
   <div class='ocr_carea' id='block_1_91' title="bbox 2950 3631 3382 3702">
    <p class='ocr_par' dir='ltr' id='par_1_91' title="bbox 2950 3631 3382 3702">
     <span class='ocr_line' id='line_1_91' title="bbox 2950 3631 3382 3702; baseline 0.002 -15"><span class='ocrx_word' id='word_1_653' title='bbox 2950 3631 3158 3702; x_wconf 78' lang='grc' dir='ltr'><strong>Ἑτέρα</strong></span> <span class='ocrx_word' id='word_1_654' title='bbox 3179 3635 3382 3701; x_wconf 69' lang='grc' dir='ltr'><strong>λύσις.</strong></span> 
     </span>
    </p>
   </div>
   <div class='ocr_carea' id='block_1_92' title="bbox 2443 3715 3970 3796">
    <p class='ocr_par' dir='ltr' id='par_1_92' title="bbox 2443 3715 3970 3796">
     <span class='ocr_line' id='line_1_92' title="bbox 2443 3715 3970 3796; baseline 0.009 -27"><span class='ocrx_word' id='word_1_655' title='bbox 2443 3716 2504 3770; x_wconf 88' lang='grc' dir='ltr'>Ὀ</span> <span class='ocrx_word' id='word_1_656' title='bbox 2540 3715 2674 3780; x_wconf 73' lang='grc' dir='ltr'><strong>Θεὸς</strong></span> <span class='ocrx_word' id='word_1_657' title='bbox 2715 3718 2746 3770; x_wconf 87' lang='grc' dir='ltr'><strong>ό</strong></span> <span class='ocrx_word' id='word_1_658' title='bbox 2781 3722 3143 3790; x_wconf 78' lang='grc' dir='ltr'><strong>συγχωρήσας</strong></span> <span class='ocrx_word' id='word_1_659' title='bbox 3181 3721 3270 3776; x_wconf 68' lang='grc' dir='ltr'><strong>διὰ</strong></span> <span class='ocrx_word' id='word_1_660' title='bbox 3301 3723 3493 3776; x_wconf 70' lang='grc' dir='ltr'><strong>Ναϐὰν</strong></span> <span class='ocrx_word' id='word_1_661' title='bbox 3559 3724 3644 3796; x_wconf 80' lang='grc' dir='ltr'><strong>τῷ</strong></span> <span class='ocrx_word' id='word_1_662' title='bbox 3681 3727 3857 3781; x_wconf 79' lang='grc' dir='ltr'><strong>Δαυῒδ</strong></span> <span class='ocrx_word' id='word_1_663' title='bbox 3906 3730 3970 3783; x_wconf 65' lang='grc' dir='ltr'><strong>τὰ</strong></span> 
     </span>
    </p>
   </div>
   <div class='ocr_carea' id='block_1_93' title="bbox 2362 3805 3966 3890">
    <p class='ocr_par' dir='ltr' id='par_1_93' title="bbox 2362 3805 3966 3890">
     <span class='ocr_line' id='line_1_93' title="bbox 2362 3805 3966 3890; baseline 0.008 -30"><span class='ocrx_word' id='word_1_664' title='bbox 2362 3805 2472 3860; x_wconf 78' lang='grc' dir='ltr'><strong>ἴδια</strong></span> <span class='ocrx_word' id='word_1_665' title='bbox 2512 3806 2909 3879; x_wconf 71' lang='grc' dir='ltr'><strong>ὁμολογήσαντι</strong></span> <span class='ocrx_word' id='word_1_666' title='bbox 2956 3810 3142 3877; x_wconf 71' lang='grc' dir='ltr'><strong>κακὰ,</strong></span> <span class='ocrx_word' id='word_1_667' title='bbox 3186 3812 3283 3865; x_wconf 76' lang='grc' dir='ltr'><strong>καὶ</strong></span> <span class='ocrx_word' id='word_1_668' title='bbox 3327 3815 3522 3884; x_wconf 80' lang='grc' dir='ltr'><strong>Πέτρῳ</strong></span> <span class='ocrx_word' id='word_1_669' title='bbox 3569 3817 3680 3886; x_wconf 75' lang='grc' dir='ltr'><strong>τὴν</strong></span> <span class='ocrx_word' id='word_1_670' title='bbox 3730 3818 3966 3890; x_wconf 72' lang='grc' dir='ltr'><strong>ἄρνησιν</strong></span> 
     </span>
    </p>
   </div>
   <div class='ocr_carea' id='block_1_94' title="bbox 2359 3897 3970 3980">
    <p class='ocr_par' dir='ltr' id='par_1_94' title="bbox 2359 3897 3970 3980">
     <span class='ocr_line' id='line_1_94' title="bbox 2359 3897 3970 3980; baseline 0.009 -30"><span class='ocrx_word' id='word_1_671' title='bbox 2359 3897 2656 3952; x_wconf 80' lang='grc' dir='ltr'><strong>κλαύσαντι</strong></span> <span class='ocrx_word' id='word_1_672' title='bbox 2691 3900 2927 3969; x_wconf 71' lang='grc' dir='ltr'><strong>ἰσχυρῶς</strong></span> <span class='ocrx_word' id='word_1_673' title='bbox 2948 3941 2963 3964; x_wconf 93' lang='grc'><strong>,</strong></span> <span class='ocrx_word' id='word_1_674' title='bbox 2996 3902 3090 3955; x_wconf 82' lang='grc' dir='ltr'><strong>καὶ</strong></span> <span class='ocrx_word' id='word_1_675' title='bbox 3126 3903 3302 3974; x_wconf 78' lang='grc' dir='ltr'><strong>πόρνῃ</strong></span> <span class='ocrx_word' id='word_1_676' title='bbox 3340 3905 3674 3980; x_wconf 77' lang='grc' dir='ltr'><strong>δακρυσάσῃ</strong></span> <span class='ocrx_word' id='word_1_677' title='bbox 3709 3909 3809 3962; x_wconf 73' lang='grc' dir='ltr'><strong>ἐπὶ</strong></span> <span class='ocrx_word' id='word_1_678' title='bbox 3849 3912 3970 3974; x_wconf 70' lang='grc' dir='ltr'><strong>τοὺς</strong></span> 
     </span>
    </p>
   </div>
   <div class='ocr_carea' id='block_1_95' title="bbox 2359 3989 3968 4073">
    <p class='ocr_par' dir='ltr' id='par_1_95' title="bbox 2359 3989 3968 4073">
     <span class='ocr_line' id='line_1_95' title="bbox 2359 3989 3968 4073; baseline 0.007 -29"><span class='ocrx_word' id='word_1_679' title='bbox 2359 3990 2664 4059; x_wconf 76' lang='grc' dir='ltr'><strong>ἀχράντους</strong></span> <span class='ocrx_word' id='word_1_680' title='bbox 2711 3989 2877 4043; x_wconf 79' lang='grc' dir='ltr'><strong>αὑτοῦ</strong></span> <span class='ocrx_word' id='word_1_681' title='bbox 2916 3993 3107 4058; x_wconf 81' lang='grc' dir='ltr'><strong>πόδας,</strong></span> <span class='ocrx_word' id='word_1_682' title='bbox 3139 3995 3233 4046; x_wconf 78' lang='grc' dir='ltr'><strong>καὶ</strong></span> <span class='ocrx_word' id='word_1_683' title='bbox 3278 3996 3580 4068; x_wconf 77' lang='grc' dir='ltr'><strong>Μανασσῇ,</strong></span> <span class='ocrx_word' id='word_1_684' title='bbox 3614 4002 3722 4054; x_wconf 80' lang='grc' dir='ltr'><strong>καὶ</strong></span> <span class='ocrx_word' id='word_1_685' title='bbox 3758 4003 3968 4073; x_wconf 73' lang='grc' dir='ltr'><strong>τελώνῃ</strong></span> 
     </span>
    </p>
   </div>
   <div class='ocr_carea' id='block_1_96' title="bbox 2359 4079 3970 4158">
    <p class='ocr_par' dir='ltr' id='par_1_96' title="bbox 2359 4079 3970 4158">
     <span class='ocr_line' id='line_1_96' title="bbox 2359 4079 3970 4158; baseline 0.009 -26"><span class='ocrx_word' id='word_1_686' title='bbox 2359 4083 2454 4133; x_wconf 79' lang='grc' dir='ltr'><strong>καὶ</strong></span> <span class='ocrx_word' id='word_1_687' title='bbox 2483 4079 2700 4151; x_wconf 73' lang='grc' dir='ltr'><strong>ἀσώτῳ,</strong></span> <span class='ocrx_word' id='word_1_688' title='bbox 2729 4083 2759 4134; x_wconf 87' lang='grc' dir='ltr'><strong>ό</strong></span> <span class='ocrx_word' id='word_1_689' title='bbox 2785 4082 2975 4135; x_wconf 80' lang='grc' dir='ltr'><strong>εἰπών’</strong></span> <span class='ocrx_word' id='word_1_690' title='bbox 3019 4084 3513 4154; x_wconf 67' lang='grc' dir='ltr'><strong>Ἐξομολοτεῗσθε</strong></span> <span class='ocrx_word' id='word_1_691' title='bbox 3548 4090 3872 4158; x_wconf 67' lang='grc' dir='ltr'><strong>ἀλλήλοις</strong></span> <span class='ocrx_word' id='word_1_692' title='bbox 3902 4093 3970 4146; x_wconf 72' lang='grc' dir='ltr'><strong>τὸ</strong></span> 
     </span>
    </p>
   </div>
   <div class='ocr_carea' id='block_1_97' title="bbox 2359 4171 3970 4252">
    <p class='ocr_par' dir='ltr' id='par_1_97' title="bbox 2359 4171 3970 4252">
     <span class='ocr_line' id='line_1_97' title="bbox 2359 4171 3970 4252; baseline 0.009 -30"><span class='ocrx_word' id='word_1_693' title='bbox 2359 4171 2802 4240; x_wconf 64' lang='grc' dir='ltr'><strong>παραπτώματα</strong></span> <span class='ocrx_word' id='word_1_694' title='bbox 2827 4189 2845 4204; x_wconf 87' lang='grc'><strong>·</strong></span> <span class='ocrx_word' id='word_1_695' title='bbox 2877 4173 3041 4236; x_wconf 75' lang='grc' dir='ltr'><strong>αὐτὸς</strong></span> <span class='ocrx_word' id='word_1_696' title='bbox 3069 4175 3099 4226; x_wconf 89' lang='grc' dir='ltr'><strong>ό</strong></span> <span class='ocrx_word' id='word_1_697' title='bbox 3145 4175 3338 4246; x_wconf 72' lang='grc' dir='ltr'><strong>Σωτὴρ</strong></span> <span class='ocrx_word' id='word_1_698' title='bbox 3385 4177 3548 4248; x_wconf 74' lang='grc' dir='ltr'><strong>ἡμῶν</strong></span> <span class='ocrx_word' id='word_1_699' title='bbox 3568 4221 3586 4244; x_wconf 94' lang='grc'><strong>,</strong></span> <span class='ocrx_word' id='word_1_700' title='bbox 3622 4183 3729 4234; x_wconf 76' lang='grc' dir='ltr'><strong>καὶ</strong></span> <span class='ocrx_word' id='word_1_701' title='bbox 3763 4183 3970 4252; x_wconf 70' lang='grc' dir='ltr'><strong>Κύριος</strong></span> 
     </span>
    </p>
   </div>
   <div class='ocr_carea' id='block_1_98' title="bbox 2359 4260 3968 4340">
    <p class='ocr_par' dir='ltr' id='par_1_98' title="bbox 2359 4260 3968 4340">
     <span class='ocr_line' id='line_1_98' title="bbox 2359 4260 3968 4340; baseline 0.009 -28"><span class='ocrx_word' id='word_1_702' title='bbox 2359 4260 2539 4332; x_wconf 75' lang='grc' dir='ltr'><strong>ἡμῶν,</strong></span> <span class='ocrx_word' id='word_1_703' title='bbox 2575 4263 2670 4315; x_wconf 69' lang='grc' dir='ltr'><strong>καὶ</strong></span> <span class='ocrx_word' id='word_1_704' title='bbox 2711 4261 2920 4332; x_wconf 74' lang='grc' dir='ltr'><strong>Ἰησοῦς</strong></span> <span class='ocrx_word' id='word_1_705' title='bbox 2970 4264 3226 4336; x_wconf 75' lang='grc' dir='ltr'><strong>Χριστὸς,</strong></span> <span class='ocrx_word' id='word_1_706' title='bbox 3264 4271 3630 4340; x_wconf 79' lang='grc' dir='ltr'><strong>συγχωρήσαι</strong></span> <span class='ocrx_word' id='word_1_707' title='bbox 3669 4289 3759 4325; x_wconf 80' lang='grc' dir='ltr'><strong>σοι</strong></span> <span class='ocrx_word' id='word_1_708' title='bbox 3788 4275 3968 4326; x_wconf 70' lang='grc' dir='ltr'><strong>πάντα</strong></span> 
     </span>
    </p>
   </div>
   <div class='ocr_carea' id='block_1_99' title="bbox 2359 4351 3967 4433">
    <p class='ocr_par' dir='ltr' id='par_1_99' title="bbox 2359 4351 3967 4433">
     <span class='ocr_line' id='line_1_99' title="bbox 2359 4351 3967 4433; baseline 0.007 -28"><span class='ocrx_word' id='word_1_709' title='bbox 2359 4352 2462 4406; x_wconf 79' lang='grc' dir='ltr'><strong>ὅσα</strong></span> <span class='ocrx_word' id='word_1_710' title='bbox 2491 4351 2722 4406; x_wconf 82' lang='grc' dir='ltr'><strong>ἐνώπιον</strong></span> <span class='ocrx_word' id='word_1_711' title='bbox 2750 4353 2915 4407; x_wconf 71' lang='grc' dir='ltr'><strong>αὐτοῦ</strong></span> <span class='ocrx_word' id='word_1_712' title='bbox 2941 4357 3009 4426; x_wconf 74' lang='grc' dir='ltr'><strong>τῇ</strong></span> <span class='ocrx_word' id='word_1_713' title='bbox 3056 4357 3165 4426; x_wconf 76' lang='grc' dir='ltr'><strong>ἐμῇ</strong></span> <span class='ocrx_word' id='word_1_714' title='bbox 3192 4356 3525 4426; x_wconf 79' lang='grc' dir='ltr'><strong>ἐξήγγειλας</strong></span> <span class='ocrx_word' id='word_1_715' title='bbox 3550 4362 3967 4433; x_wconf 82' lang='grc' dir='ltr'><strong>ἐλαχιστότητι,</strong></span> 
     </span>
    </p>
   </div>
   <div class='ocr_carea' id='block_1_100' title="bbox 2359 4442 3970 4526">
    <p class='ocr_par' dir='ltr' id='par_1_100' title="bbox 2359 4442 3970 4526">
     <span class='ocr_line' id='line_1_100' title="bbox 2359 4442 3970 4526; baseline 0.006 -30"><span class='ocrx_word' id='word_1_716' title='bbox 2359 4444 2418 4496; x_wconf 83' lang='grc' dir='ltr'><strong>ἐν</strong></span> <span class='ocrx_word' id='word_1_717' title='bbox 2438 4442 2518 4513; x_wconf 80' lang='grc' dir='ltr'><strong>τῷ</strong></span> <span class='ocrx_word' id='word_1_718' title='bbox 2545 4442 2641 4498; x_wconf 76' lang='grc' dir='ltr'><strong>νῦν</strong></span> <span class='ocrx_word' id='word_1_719' title='bbox 2669 4443 2852 4511; x_wconf 85' lang='grc' dir='ltr'><strong>αἰῶνι,</strong></span> <span class='ocrx_word' id='word_1_720' title='bbox 2881 4447 2979 4500; x_wconf 80' lang='grc' dir='ltr'><strong>καὶ</strong></span> <span class='ocrx_word' id='word_1_721' title='bbox 3003 4449 3060 4499; x_wconf 86' lang='grc' dir='ltr'><strong>ἐν</strong></span> <span class='ocrx_word' id='word_1_722' title='bbox 3086 4447 3167 4518; x_wconf 83' lang='grc' dir='ltr'><strong>τῷ</strong></span> <span class='ocrx_word' id='word_1_723' title='bbox 3207 4449 3455 4519; x_wconf 63' lang='grc' dir='ltr'><strong>μέλλοντι</strong></span> <span class='ocrx_word' id='word_1_724' title='bbox 3489 4466 3506 4480; x_wconf 83' lang='grc'>⁶</span> <span class='ocrx_word' id='word_1_725' title='bbox 3535 4453 3636 4505; x_wconf 78' lang='grc' dir='ltr'><strong>καὶ</strong></span> <span class='ocrx_word' id='word_1_726' title='bbox 3663 4455 3970 4526; x_wconf 79' lang='grc' dir='ltr'><strong>ἀκατακρί-</strong></span> 
     </span>
    </p>
   </div>
   <div class='ocr_carea' id='block_1_101' title="bbox 2357 4534 3970 4618">
    <p class='ocr_par' dir='ltr' id='par_1_101' title="bbox 2357 4534 3970 4618">
     <span class='ocr_line' id='line_1_101' title="bbox 2357 4534 3970 4618; baseline 0.008 -32"><span class='ocrx_word' id='word_1_727' title='bbox 2357 4550 2469 4596; x_wconf 82' lang='grc' dir='ltr'><strong>τως</strong></span> <span class='ocrx_word' id='word_1_728' title='bbox 2523 4551 2582 4588; x_wconf 87' lang='grc' dir='ltr'><strong>σε</strong></span> <span class='ocrx_word' id='word_1_729' title='bbox 2630 4534 2940 4606; x_wconf 74' lang='grc' dir='ltr'><strong>ἔμπροσθεν</strong></span> <span class='ocrx_word' id='word_1_730' title='bbox 2983 4537 3078 4592; x_wconf 78' lang='grc' dir='ltr'><strong>τοῦ</strong></span> <span class='ocrx_word' id='word_1_731' title='bbox 3138 4538 3380 4610; x_wconf 70' lang='grc' dir='ltr'><strong>βήματος</strong></span> <span class='ocrx_word' id='word_1_732' title='bbox 3436 4543 3611 4596; x_wconf 72' lang='grc' dir='ltr'><strong>αὐτοῦ</strong></span> <span class='ocrx_word' id='word_1_733' title='bbox 3675 4563 3970 4618; x_wconf 79' lang='grc' dir='ltr'><strong>παραστα-</strong></span> 
     </span>
    </p>
   </div>
   <div class='ocr_carea' id='block_1_102' title="bbox 2362 4623 3966 4701">
    <p class='ocr_par' dir='ltr' id='par_1_102' title="bbox 2362 4623 3966 4701">
     <span class='ocr_line' id='line_1_102' title="bbox 2362 4623 3966 4701; baseline 0.001 -25"><span class='ocrx_word' id='word_1_734' title='bbox 2362 4623 2522 4694; x_wconf 74' lang='grc' dir='ltr'><strong>θῆναι</strong></span> <span class='ocrx_word' id='word_1_735' title='bbox 2553 4625 2905 4694; x_wconf 71' lang='grc' dir='ltr'><strong>καταξιώσει,</strong></span> <span class='ocrx_word' id='word_1_736' title='bbox 2939 4630 2969 4682; x_wconf 88' lang='grc' dir='ltr'><strong>ὀ</strong></span> <span class='ocrx_word' id='word_1_737' title='bbox 3001 4629 3080 4682; x_wconf 78' lang='grc' dir='ltr'><strong>ὢν</strong></span> <span class='ocrx_word' id='word_1_738' title='bbox 3105 4630 3397 4701; x_wconf 73' lang='grc' dir='ltr'><strong>εὐλογητὸς</strong></span> <span class='ocrx_word' id='word_1_739' title='bbox 3423 4633 3503 4696; x_wconf 69' lang='grc' dir='ltr'><strong>εἰς</strong></span> <span class='ocrx_word' id='word_1_740' title='bbox 3548 4635 3686 4700; x_wconf 68' lang='grc' dir='ltr'><strong>τοὺς</strong></span> <span class='ocrx_word' id='word_1_741' title='bbox 3736 4640 3966 4700; x_wconf 64' lang='grc' dir='ltr'><strong>αἰῶνας,</strong></span> 
     </span>
    </p>
   </div>
   <div class='ocr_carea' id='block_1_103' title="bbox 2374 4715 2571 4786">
    <p class='ocr_par' dir='ltr' id='par_1_103' title="bbox 2374 4715 2571 4786">
     <span class='ocr_line' id='line_1_103' title="bbox 2374 4715 2571 4786; baseline 0 -18"><span class='ocrx_word' id='word_1_742' title='bbox 2374 4715 2571 4786; x_wconf 72' lang='grc' dir='ltr'><strong>Ἀμήν.</strong></span> 
     </span>
    </p>
   </div>
   <div class='ocr_carea' id='block_1_104' title="bbox 2933 4807 3372 4878">
    <p class='ocr_par' dir='ltr' id='par_1_104' title="bbox 2933 4807 3372 4878">
     <span class='ocr_line' id='line_1_104' title="bbox 2933 4807 3372 4878; baseline 0.011 -17"><span class='ocrx_word' id='word_1_743' title='bbox 2933 4807 3138 4878; x_wconf 78' lang='grc' dir='ltr'><strong>Ἑτέρα</strong></span> <span class='ocrx_word' id='word_1_744' title='bbox 3171 4812 3372 4877; x_wconf 63' lang='grc' dir='ltr'><strong>λύσις.</strong></span> 
     </span>
    </p>
   </div>
   <div class='ocr_carea' id='block_1_105' title="bbox 2440 4895 3974 4972">
    <p class='ocr_par' dir='ltr' id='par_1_105' title="bbox 2440 4895 3974 4972">
     <span class='ocr_line' id='line_1_105' title="bbox 2440 4895 3974 4972; baseline 0.01 -24"><span class='ocrx_word' id='word_1_745' title='bbox 2440 4895 2499 4949; x_wconf 84' lang='lat'><strong>&#39;0</strong></span> <span class='ocrx_word' id='word_1_746' title='bbox 2524 4895 2655 4961; x_wconf 78' lang='grc' dir='ltr'><strong>Θεδς</strong></span> <span class='ocrx_word' id='word_1_747' title='bbox 2681 4896 2806 4951; x_wconf 78' lang='grc' dir='ltr'><strong>ό·δι’</strong></span> <span class='ocrx_word' id='word_1_748' title='bbox 2825 4898 2970 4970; x_wconf 74' lang='grc' dir='ltr'><strong>ἡμᾶς</strong></span> <span class='ocrx_word' id='word_1_749' title='bbox 3001 4901 3424 4970; x_wconf 72' lang='grc' dir='ltr'><strong>ἐνανθρωπησας</strong></span> <span class='ocrx_word' id='word_1_750' title='bbox 3446 4943 3460 4966; x_wconf 96' lang='grc'><strong>,</strong></span> <span class='ocrx_word' id='word_1_751' title='bbox 3490 4907 3591 4957; x_wconf 80' lang='grc' dir='ltr'><strong>καὶ</strong></span> <span class='ocrx_word' id='word_1_752' title='bbox 3626 4908 3851 4972; x_wconf 73' lang='grc' dir='ltr'><strong>παντὸς</strong></span> <span class='ocrx_word' id='word_1_753' title='bbox 3883 4907 3974 4962; x_wconf 75' lang='grc' dir='ltr'><strong>τςῦ</strong></span> 
     </span>
    </p>
   </div>
   <div class='ocr_carea' id='block_1_106' title="bbox 2357 4986 3974 5071">
    <p class='ocr_par' dir='ltr' id='par_1_106' title="bbox 2357 4986 3974 5071">
     <span class='ocr_line' id='line_1_106' title="bbox 2357 4986 3974 5071; baseline 0.01 -32"><span class='ocrx_word' id='word_1_754' title='bbox 2357 4986 2562 5057; x_wconf 82' lang='grc' dir='ltr'><strong>κόσμου</strong></span> <span class='ocrx_word' id='word_1_755' title='bbox 2610 4987 2713 5050; x_wconf 75' lang='grc' dir='ltr'><strong>τὰς</strong></span> <span class='ocrx_word' id='word_1_756' title='bbox 2758 4990 3037 5060; x_wconf 82' lang='grc' dir='ltr'><strong>ἁμαρτίας</strong></span> <span class='ocrx_word' id='word_1_757' title='bbox 3081 4992 3389 5062; x_wconf 77' lang='grc' dir='ltr'><strong>βαστάζων,</strong></span> <span class='ocrx_word' id='word_1_758' title='bbox 3445 4997 3615 5059; x_wconf 78' lang='grc' dir='ltr'><strong>αὐτὸς</strong></span> <span class='ocrx_word' id='word_1_759' title='bbox 3663 5003 3737 5071; x_wconf 75' lang='grc' dir='ltr'><strong>τῇ</strong></span> <span class='ocrx_word' id='word_1_760' title='bbox 3801 5001 3974 5054; x_wconf 71' lang='grc' dir='ltr'><strong>αὐτώ</strong></span> 
     </span>
    </p>
   </div>
   <div class='ocr_carea' id='block_1_107' title="bbox 2355 5078 3974 5162">
    <p class='ocr_par' dir='ltr' id='par_1_107' title="bbox 2355 5078 3974 5162">
     <span class='ocr_line' id='line_1_107' title="bbox 2355 5078 3974 5162; baseline 0.009 -34"><span class='ocrx_word' id='word_1_761' title='bbox 2355 5078 2659 5149; x_wconf 75' lang='grc' dir='ltr'><strong>⁶ιεανειγάοῳ</strong></span> <span class='ocrx_word' id='word_1_762' title='bbox 2715 5081 3070 5162; x_wconf 83' lang='grc' dir='ltr'><strong>χρηστότητι,</strong></span> <span class='ocrx_word' id='word_1_763' title='bbox 3120 5085 3217 5136; x_wconf 72' lang='grc' dir='ltr'><strong>καὶ</strong></span> <span class='ocrx_word' id='word_1_764' title='bbox 3261 5085 3434 5139; x_wconf 81' lang='grc' dir='ltr'><strong>ταῦτα</strong></span> <span class='ocrx_word' id='word_1_765' title='bbox 3481 5087 3698 5153; x_wconf 71' lang='grc' dir='ltr'><strong>πάντα,</strong></span> <span class='ocrx_word' id='word_1_766' title='bbox 3744 5093 3974 5160; x_wconf 63' lang='grc' dir='ltr'><strong>ἁδελᾳὲ,</strong></span> 
     </span>
    </p>
   </div>
   <div class='ocr_carea' id='block_1_108' title="bbox 2355 5168 3976 5248">
    <p class='ocr_par' dir='ltr' id='par_1_108' title="bbox 2355 5168 3976 5248">
     <span class='ocr_line' id='line_1_108' title="bbox 2355 5168 3976 5248; baseline 0.007 -27"><span class='ocrx_word' id='word_1_767' title='bbox 2355 5168 2696 5232; x_wconf 77' lang='grc' dir='ltr'><strong>ἅναδέξεται,</strong></span> <span class='ocrx_word' id='word_1_768' title='bbox 2735 5170 2837 5225; x_wconf 81' lang='grc' dir='ltr'><strong>ὃσα</strong></span> <span class='ocrx_word' id='word_1_769' title='bbox 2865 5169 2960 5224; x_wconf 81' lang='grc' dir='ltr'><strong>νῦν</strong></span> <span class='ocrx_word' id='word_1_770' title='bbox 3003 5171 3233 5226; x_wconf 83' lang='grc' dir='ltr'><strong>ἐνώπιον</strong></span> <span class='ocrx_word' id='word_1_771' title='bbox 3259 5174 3426 5227; x_wconf 79' lang='grc' dir='ltr'><strong>αὐτοῦ</strong></span> <span class='ocrx_word' id='word_1_772' title='bbox 3467 5179 3536 5246; x_wconf 79' lang='grc' dir='ltr'><strong>τῇ</strong></span> <span class='ocrx_word' id='word_1_773' title='bbox 3583 5177 3701 5248; x_wconf 82' lang='grc' dir='ltr'><strong>ἐμῇ</strong></span> <span class='ocrx_word' id='word_1_774' title='bbox 3750 5181 3976 5245; x_wconf 77' lang='grc' dir='ltr'><strong>ἐξεῖπες</strong></span> 
     </span>
    </p>
   </div>
   <div class='ocr_carea' id='block_1_109' title="bbox 2357 5259 3976 5340">
    <p class='ocr_par' dir='ltr' id='par_1_109' title="bbox 2357 5259 3976 5340">
     <span class='ocr_line' id='line_1_109' title="bbox 2357 5259 3976 5340; baseline 0.005 -28"><span class='ocrx_word' id='word_1_775' title='bbox 2357 5259 2702 5330; x_wconf 79' lang='grc' dir='ltr'><strong>ἁναξιότητι,</strong></span> <span class='ocrx_word' id='word_1_776' title='bbox 2757 5262 3055 5331; x_wconf 82' lang='grc' dir='ltr'><strong>συγχωρῶν</strong></span> <span class='ocrx_word' id='word_1_777' title='bbox 3104 5280 3185 5317; x_wconf 79' lang='grc' dir='ltr'><strong>σοι</strong></span> <span class='ocrx_word' id='word_1_778' title='bbox 3234 5266 3413 5319; x_wconf 68' lang='grc' dir='ltr'><strong>πάντα</strong></span> <span class='ocrx_word' id='word_1_779' title='bbox 3465 5267 3565 5318; x_wconf 75' lang='grc' dir='ltr'><strong>καὶ</strong></span> <span class='ocrx_word' id='word_1_780' title='bbox 3624 5269 3694 5320; x_wconf 83' lang='grc' dir='ltr'><strong>ἐν</strong></span> <span class='ocrx_word' id='word_1_781' title='bbox 3739 5272 3827 5340; x_wconf 75' lang='grc' dir='ltr'><strong>τῷ</strong></span> <span class='ocrx_word' id='word_1_782' title='bbox 3883 5272 3976 5324; x_wconf 72' lang='grc' dir='ltr'><strong>νῦν</strong></span> 
     </span>
    </p>
   </div>
   <div class='ocr_carea' id='block_1_110' title="bbox 2363 5348 3980 5428">
    <p class='ocr_par' dir='ltr' id='par_1_110' title="bbox 2363 5348 3980 5428">
     <span class='ocr_line' id='line_1_110' title="bbox 2363 5348 3980 5428; baseline 0.007 -27"><span class='ocrx_word' id='word_1_783' title='bbox 2363 5348 2522 5401; x_wconf 85' lang='grc' dir='ltr'><strong>αἰῶνι</strong></span> <span class='ocrx_word' id='word_1_784' title='bbox 2547 5349 2640 5401; x_wconf 77' lang='grc' dir='ltr'><strong>καὶ</strong></span> <span class='ocrx_word' id='word_1_785' title='bbox 2681 5351 2741 5400; x_wconf 83' lang='grc' dir='ltr'><strong>ἐν</strong></span> <span class='ocrx_word' id='word_1_786' title='bbox 2781 5349 2861 5419; x_wconf 83' lang='grc' dir='ltr'><strong>τῷ</strong></span> <span class='ocrx_word' id='word_1_787' title='bbox 2893 5351 3158 5421; x_wconf 78' lang='grc' dir='ltr'><strong>μέλλοντι,</strong></span> <span class='ocrx_word' id='word_1_788' title='bbox 3186 5356 3216 5406; x_wconf 84' lang='grc' dir='ltr'><strong>ὁ</strong></span> <span class='ocrx_word' id='word_1_789' title='bbox 3241 5353 3562 5419; x_wconf 71' lang='grc' dir='ltr'><strong>θέλων,,καὶ</strong></span> <span class='ocrx_word' id='word_1_790' title='bbox 3622 5361 3846 5428; x_wconf 80' lang='grc' dir='ltr'><strong>μένων,</strong></span> <span class='ocrx_word' id='word_1_791' title='bbox 3885 5365 3980 5415; x_wconf 72' lang='grc' dir='ltr'><strong>καὶ</strong></span> 
     </span>
    </p>
   </div>
   <div class='ocr_carea' id='block_1_111' title="bbox 2365 5438 3978 5523">
    <p class='ocr_par' dir='ltr' id='par_1_111' title="bbox 2365 5438 3978 5523">
     <span class='ocr_line' id='line_1_111' title="bbox 2365 5438 3978 5523; baseline 0.011 -33"><span class='ocrx_word' id='word_1_792' title='bbox 2365 5438 2545 5508; x_wconf 76' lang='grc' dir='ltr'><strong>νέμων</strong></span> <span class='ocrx_word' id='word_1_793' title='bbox 2591 5439 2847 5492; x_wconf 77' lang='grc' dir='ltr'><strong>ἁπάντων</strong></span> <span class='ocrx_word' id='word_1_794' title='bbox 2882 5442 2983 5514; x_wconf 78' lang='grc' dir='ltr'><strong>τὴν</strong></span> <span class='ocrx_word' id='word_1_795' title='bbox 3021 5446 3317 5514; x_wconf 85' lang='grc' dir='ltr'><strong>σωτηρίαν,</strong></span> <span class='ocrx_word' id='word_1_796' title='bbox 3358 5448 3386 5499; x_wconf 84' lang='grc' dir='ltr'>ὁ</span> <span class='ocrx_word' id='word_1_797' title='bbox 3409 5447 3484 5502; x_wconf 81' lang='grc' dir='ltr'><strong>ὢν</strong></span> <span class='ocrx_word' id='word_1_798' title='bbox 3535 5451 3856 5523; x_wconf 70' lang='grc' dir='ltr'><strong>εὐλογητὸς</strong></span> <span class='ocrx_word' id='word_1_799' title='bbox 3902 5458 3978 5516; x_wconf 75' lang='grc' dir='ltr'><strong>εἰς</strong></span> 
     </span>
    </p>
   </div>
   <div class='ocr_carea' id='block_1_112' title="bbox 2362 5528 2982 5604">
    <p class='ocr_par' dir='ltr' id='par_1_112' title="bbox 2362 5528 2982 5604">
     <span class='ocr_line' id='line_1_112' title="bbox 2362 5528 2982 5604; baseline 0.006 -22"><span class='ocrx_word' id='word_1_800' title='bbox 2362 5531 2487 5596; x_wconf 75' lang='grc' dir='ltr'><strong>τοὺς</strong></span> <span class='ocrx_word' id='word_1_801' title='bbox 2515 5528 2735 5594; x_wconf 81' lang='grc' dir='ltr'><strong>αἰῶνας.</strong></span> <span class='ocrx_word' id='word_1_802' title='bbox 2787 5533 2982 5604; x_wconf 80' lang='grc' dir='ltr'><strong>Ἀμήν.</strong></span> 
     </span>
    </p>
   </div>
   <div class='ocr_carea' id='block_1_113' title="bbox 2789 5619 3522 5695">
    <p class='ocr_par' dir='ltr' id='par_1_113' title="bbox 2789 5619 3522 5695">
     <span class='ocr_line' id='line_1_113' title="bbox 2789 5619 3522 5695; baseline 0.01 -20"><span class='ocrx_word' id='word_1_803' title='bbox 2789 5619 2933 5675; x_wconf 83' lang='grc' dir='ltr'><strong>Εἶτα</strong></span> <span class='ocrx_word' id='word_1_804' title='bbox 2961 5623 3149 5690; x_wconf 84' lang='grc' dir='ltr'><strong>οὕτως</strong></span> <span class='ocrx_word' id='word_1_805' title='bbox 3184 5624 3522 5695; x_wconf 74' lang='grc' dir='ltr'><strong>ἐπεύχεται.</strong></span> 
     </span>
    </p>
   </div>
   <div class='ocr_carea' id='block_1_114' title="bbox 2443 5703 3976 5787">
    <p class='ocr_par' dir='ltr' id='par_1_114' title="bbox 2443 5703 3976 5787">
     <span class='ocr_line' id='line_1_114' title="bbox 2443 5703 3976 5787; baseline 0.011 -30"><span class='ocrx_word' id='word_1_806' title='bbox 2443 5703 2502 5757; x_wconf 83' lang='lat' dir='ltr'><strong>&#39;U</strong></span> <span class='ocrx_word' id='word_1_807' title='bbox 2529 5705 2680 5771; x_wconf 72' lang='grc' dir='ltr'><strong>Θεὸς,</strong></span> <span class='ocrx_word' id='word_1_808' title='bbox 2711 5708 2740 5758; x_wconf 76' lang='grc' dir='ltr'>ὁ</span> <span class='ocrx_word' id='word_1_809' title='bbox 2786 5707 2976 5779; x_wconf 79' lang='grc' dir='ltr'><strong>Σωτὴρ</strong></span> <span class='ocrx_word' id='word_1_810' title='bbox 3007 5709 3163 5777; x_wconf 80' lang='grc' dir='ltr'><strong>ἡμῶν</strong></span> <span class='ocrx_word' id='word_1_811' title='bbox 3187 5711 3216 5764; x_wconf 82' lang='grc' dir='ltr'>ὁ</span> <span class='ocrx_word' id='word_1_812' title='bbox 3252 5709 3338 5765; x_wconf 71' lang='grc' dir='ltr'><strong>διὰ</strong></span> <span class='ocrx_word' id='word_1_813' title='bbox 3370 5714 3466 5767; x_wconf 83' lang='grc' dir='ltr'><strong>τοῦ</strong></span> <span class='ocrx_word' id='word_1_814' title='bbox 3520 5718 3831 5787; x_wconf 63' lang='grc' dir='ltr'><strong>προφήτου</strong></span> <span class='ocrx_word' id='word_1_815' title='bbox 3881 5735 3976 5773; x_wconf 71' lang='grc' dir='ltr'><strong>σω</strong></span> 
     </span>
    </p>
   </div>
  </div>
