4112 6416
196 483 315 546 1897
1479 472 1641 532 ΡίΕΝ
1653 472 1820 532 ITEN

1777 472 2073 533 NTIALE.
3266 469 3401 534 18%

193 593 370 658 Ναθάν,
396 589 780 660 μετανοήσαντι
794 585 871 656 τῷ
895 585 1054 640 Δαυῒδ
1070 583 1162 637 ἐπὶ
1177 585 1286 646 τοῖς
1302 582 1451 650 ἰδίοις
1470 583 1573 653 πλη
1581 600 1723 652 μμε-
1752 591 1797 644 Α

1783 609 1797 644 ι
1826 583 2036 638 Nathan
2055 583 2237 637 Davidi
2255 582 2322 637 de
2345 581 2576 651 propriis
2607 580 2819 635 delictis
2842 581 3210 650 paenitentiam
3227 558 3407 652 agenti

187 685 396 753 λήμασιν
422 681 611 748 ἄφεσιν
640 678 1054 748 δωρησάμενος,
1087 675 1181 726 καὶ⁹
1209 673 1304 726 τοῦ
1333 673 1602 742 Μανασσῆ
1633 673 1732 743 τὴν

1836 677 2048 732 veniam
2088 675 2317 742 largitus
2348 690 2430 737 es,
2461 681 2515 727 et
2555 671 2832 725 Manasses
2863 671 3175 738 pmnitentis
3200 674 3405 726 oratio—

188 773 271 827 ἐπὶ
298 769 541 840 μετανοίᾳ
574 766 883 838 προσευχὴν
936 765 1388 836 προσδεξάμενος,
1429 764 1590 828 αὐτὸς
1636 766 1732 818 καὶ⁸

1835 783 1958 823 nem
1990 765 2299 838 suscepisti,
2332 767 2450 836 ipse
2494 765 2642 820 hunc
2679 781 2894 820 servum
2935 776 3088 821 tuum
3130 762 3195 819 Ν.
3229 764 3406 834 poeni-

181 864 267 918 τὸν
299 861 468 917 δοῦλόν
511 879 604 915 σου
645 864 704 914 Δ.
753 860 1162 930 μετανοήσαντα
1196 858 1291 912 καὶ
1336 856 1735 928 ἐξομολογησά-

1834 869 2059 925 tentem,
2083 869 2137 914 et
2161 859 2506 916 conﬁtentem
2536 862 2755 928 propria
2781 866 2997 928 peccata
3028 857 3243 927 suscipe
3271 871 3405 910 con-

186 972 329 1026 μενον
350 951 417 1005 τὰ
457 953 562 1007 ἴδια
607 950 1030 1024 παραπτώματα.
1069 949 1362 1021 πρόσδεξαι
1405 951 1473 1020 τῇ
1513 949 1734 1016 συνήθει

1835 961 1990 1007 sueta
2020 952 2113 1006 tibi
2144 951 2510 1006 miseratione.
2541 948 2622 1004 Tu
2657 950 2836 1011 enim.
2868 948 3115 1014 Domine,
3144 951 3190 1004 is
3215 963 3280 1003 es
3313 949 3407 1018 qui

181 1062 266 1100 σου
294 1043 614 1116 εὐσπλαχνίᾳ
635 1058 650 1073 ·
677 1044 741 1097 σὺ
772 1042 882 1114 γὰρ
914 1037 984 1107 εἷ,
1015 1040 1208 1114 Κύριε,
1231 1042 1260 1094 ό
1289 1042 1381 1094 καὶ
1404 1042 1735 1112 ἑϐδομηκονο

1829 1043 2042 1113 jussiin
2076 1042 2383 1112 septuagies
2421 1043 2621 1110 septies
2663 1040 2940 1095 dimittere
2983 1039 3051 1094 iis
3075 1038 3168 1108 qui
3199 1039 3252 1093 in
3283 1052 3409 1108 pec-

179 1137 326 1199 τάκις
362 1135 497 1188 ἑπτὰ
528 1135 792 1198 κελεύσας
832 1133 1052 1203 ἀφιέναι
1079 1135 1192 1196 τοῖς
1224 1133 1282 1185 ἐν
1315 1133 1612 1202 ἁμαρτίαις
1642 1149 1737 1186 πε-

1832 1143 1954 1189 cata
1996 1134 2321 1188 inciderunt.
2361 1131 2497 1197 Quia
2538 1133 2680 1186 sicut
2723 1130 3039 1201 magnitudo
3068 1138 3157 1183 tua
3183 1167 3200 1194 ,
3241 1129 3322 1184 sic
3350 1138 3408 1183 et

177 1228 525 1298 ριπίπτουσιν·
544 1228 625 1280 ὅτι
657 1224 826 1297 [ὼ;]ή
859 1223 1220 1296 μεγαλωσύνη
1247 1241 1362 1287 σου,
1389 1223 1531 1277 οὕτω
1555 1225 1648 1277 καὶ
1671 1225 1733 1277 τὸ

1837 1225 2206 1280 misericordia
2235 1235 2346 1279 tua.
2376 1221 2458 1276 Tu
2488 1237 2704 1291 quoque
2734 1221 2878 1276 Deus
2916 1237 2976 1275 es
3001 1220 3404 1290 pmnitentium,

174 1319 309 1382 ἔλεός
333 1336 441 1374 σου.
502 1317 612 1370 Καὶ
659 1318 724 1370 σὺ
747 1314 797 1370 εί
826 1317 853 1368 ὁ
881 1315 1012 1379 Θεὸς
1040 1313 1148 1368 τῶν
1181 1313 1603 1384 μετανοούντων,
1634 1331 1727 1385 με·

1837 1318 2105 1388 ρωηὶιεηε
2134 1331 2295 1385 super
2328 1314 2582 1370 omnibus
2611 1313 2988 1382 iniquitatibus
3022 1311 3243 1374 nostris,
3291 1311 3409 1365 tibi.

171 1409 364 1464 τανοῶν
397 1410 488 1462 ἐπὶ
526 1408 729 1472 πάσαις
767 1410 884 1470 ταῖς
913 1406 1132 1470 κακίαις
1161 1406 1319 1478 ἡμῶν
1341 1421 1355 1436 ο
1389 1405 1486 1458 καὶ
1519 1406 1602 1457 σοὶ
1636 1406 1736 1472 τὴν

1835 1425 1942 1479 que
1978 1409 2203 1480 gloriam
2250 1406 2551 1469 reddimus,
2598 1405 2765 1471 Patri,
2809 1413 2865 1458 et
2905 1403 3061 1468 Filio,
3088 1411 3142 1457 et
3181 1401 3408 1472 Spiritui

167 1501 314 1566 δόξαν
351 1501 764 1570 άναπὲμπομεν,
810 1499 886 1569 τῷ
915 1494 1089 1570 Πατρὶ
1129 1499 1224 1552 καὶ
1255 1497 1336 1569 τῷ
1379 1496 1496 1568 Υίῷ
1529 1497 1622 1551 καὶ¹
1656 1497 1737 1568 τῷ

617 1517 764 1570 ομεν,
810 1499 886 1569 τῷ
915 1494 1089 1570 Πατρὶ
1129 1497 1336 1569 καὶτῷ
1379 1496 1496 1568 Υίῷ
1529 1497 1622 1551 καὶ¹
1656 1497 1737 1568 τῷ
1835 1509 2026 1555 sancto
2079 1514 2241 1554 nunc.

168 1593 301 1664 ἁγίῳ
331 1593 628 1663 Πνεύματι,
655 1591 768 1644 νῦν.

228 1685 470 1738 Δέσποτα
495 1683 667 1755 Κύριε
693 1685 723 1736 ό
748 1683 900 1748 Θεὸς,
940 1684 968 1736 ό
996 1681 1178 1736 καλῶν
1198 1680 1438 1744 δικαίους
1466 1683 1546 1745 είς
1579 1683 1738 1750 άγιαρ

1908 1697 2047 1754 Here
2090 1697 2316 1751 Domine
2348 1696 2510 1757 Dens,
2578 1697 2668 1766 qui
2731 1711 2890 1750 vocas
2945 1696 3124 1765 jnstos
3169 1695 3234 1748 ad
3282 1710 3407 1749 san-

171 1776 322 1846 σμὸν.
344 1780 436 1828 καὶ
481 1773 835 1845 ἁμαρτωλοὺς
854 1775 934 1837 εἰς
953 1773 1012 1826 τὸ
1028 1771 1315 1826 δικαιῶσαι
1332 1771 1548 1834 αὐτοὺς,
1563 1771 1735 1841 πρόσ-

1836 1784 2220 1841 ctilicationem
2247 1822 2264 1848 ,
2304 1792 2361 1838 et
2387 1792 2699 1843 peccatores
2733 1782 2799 1836 ad
2833 1779 3353 1850 eosjnstillcandutn
3378 1819 3395 1844 ,

157 1865 302 1929 δεξαι
333 1863 430 1933 τὴν
459 1862 748 1932 μετάνοιαν
774 1861 870 1914 τοῦ
896 1859 1084 1914 δούλου
1102 1876 1197 1912 σου
1216 1857 1312 1912 τοῦ
1337 1861 1424 1920 Δ.,
1457 1857 1554 1911 καὶ
1567 1872 1737 1926 προσ-

1780 1934 1810 1946 ,_
1837 1876 2052 1946 suscipe
2085 1875 2460 1946 penitentiam
2506 1873 2647 1928 servi
2697 1872 2774 1927 tui
2811 1871 2976 1942 hujus
3005 1870 3046 1922 Ν
3077 1911 3095 1938 ,
3140 1878 3195 1926 et
3221 1871 3404 1940 proci-

162 1954 421 2007 πίπτοντα
455 1955 523 2023 τῇ
558 1951 917 2022 μεγαλωσύνη
951 1967 1044 2004 σου
1094 1950 1154 2004 ὲν
1200 1949 1592 2019 ἐξομολογήσει
1625 1947 1732 2001 τῶν
1772 1934 1786 1985 1

1783 1934 1812 1985 Β
1837 1934 2052 2024 dentem
2082 1934 2439 2037 magnitudini
2474 1973 2578 2018 tuae
2613 1965 2664 2016 in
2697 1934 3045 2019 confessione
3075 1934 3265 2016 eorum
3284 1977 3407 2031 qua:

156 2044 560 2116 ἡμαρτημένων
594 2042 740 2112 αὑτῷ
760 2041 1124 2113 ὲλευθέρωσον
1154 2041 1231 2104 ὡς
1260 2040 1460 2109 ἁγαθός
1483 2055 1497 2068 ο
1529 2039 1624 2093 καὶ
1647 2039 1738 2092 λύ-

1843 2059 2085 2130 peccavit
2124 2058 2356 2126 benigne
2391 2057 2555 2110 libera
2594 2076 2605 2108 :
2654 2065 2708 2110 et
2745 2054 2951 2110 redime
2990 2070 3115 2108 cum
3157 2069 3226 2108 ex
3268 2067 3407 2124 quo-

153 2155 358 2207 τρωσαι
381 2136 547 2190 αὐτὸν
575 2138 640 2224 ἐκ
673 2135 854 2206 πάσης
869 2133 1136 2207 σαρκικῆς
1165 2131 1457 2205 άμαρτίας.
1475 2133 1739 2203 Λάμπρυ·

1837 2164 2056 2220 cunque
2105 2159 2330 2220 peccato
2380 2148 2606 2202 carnali.
2665 2148 2926 2216 Absterge
2971 2162 3096 2201 eum
3148 2147 3216 2200 ab
3257 2145 3405 2200 omni

151 2247 238 2281 νον
271 2231 337 2282 ὲκ
369 2229 554 2298 πάσης
585 2223 979 2298 ἒρῤυπωμένης
1020 2225 1394 2296 συνειδήσεως,
1445 2223 1738 2294 καθάρισον

1837 2242 2172 2296 conscientia
2204 2241 2478 2294 sordidata
2506 2281 2521 2303 ,
2573 2241 2948 2308 illustremque
2976 2247 3032 2293 et
3061 2237 3405 2306 splendidum

153 2321 246 2372 καὶ
279 2319 660 2390 ὲνδυνάμωσον
712 2320 772 2370 ὲν
800 2319 868 2387 τῇ
922 2317 1162 2388 ἐργασία
1194 2315 1305 2369 τῶν
1339 2317 1448 2368 σῶν
1478 2317 1701 2369 ἐντολῶν
1722 2339 1733 2349 ~

1840 2334 2050 2389 redde:
2088 2331 2348 2404 puriﬁca,
2397 2342 2448 2384 et
2486 2332 2777 2386 corrobora
2825 2345 2950 2385 eum
2996 2330 3050 2384 in
3095 2330 3408 2399 operatione

149 2411 496 2477 καταείωσον
527 2412 624 2483 τῆς
639 2411 884 2479 ἀφέσεως
905 2408 1014 2462 τῶν
1032 2409 1316 2481 ἁμαρτιῶν
1346 2409 1531 2471 αὑτοῦ,
1547 2409 1631 2462 ἵνα
1651 2410 1736 2462 διὰ

1837 2426 2216 2480 mandatorum
2265 2432 2484 2480 tuorum
2531 2442 2544 2476 :
2591 2423 2814 2493 dignutn
2859 2437 2984 2476 eum
3019 2421 3184 2477 redde
3211 2421 3407 2477 remis-

148 2506 530 2578 καθαρότητος
558 2505 738 2578 ψυχῆς
769 2505 867 2558 καὶ
891 2504 1145 2575 σώματος
1187 2505 1618 2576 κατασκηνῶσαν
1637 2507 1723 2558 ἐπ’

1836 2519 2008 2573 sionis
2035 2526 2381 2588 peccatorum
2411 2531 2659 2576 suorum,
2690 2525 2750 2568 ut
2778 2529 2874 2581 per
2902 2514 3097 2568 animai
3126 2523 3182 2568 et
3207 2528 3406 2584 corpo-

143 2598 314 2652 dtitbv
362 2599 429 2652 τὸ
473 2599 632 2667 ἅγιον
676 2597 902 2670 Πνεῦμα
949 2597 1284 2669 κληρονόμον
1327 2597 1584 2669 ἀποδείξῃ
1633 2598 1731 2668 τῆς

1837 2612 1914 2664 ris
1937 2609 2314 2680 purgationem
2341 2606 2580 2674 Spiritus
2601 2615 2825 2660 sanctus
2859 2605 2913 2660 in
2941 2605 3062 2674 ipso
3093 2605 3408 2660 inhabitans

145 2693 434 2762 βασιλείας
494 2694 606 2748 τῶν
669 2693 934 2768 οὐρανῶν,
988 2695 1197 2765 χάριτι,
1256 2694 1351 2747 καὶ
1409 2694 1734 2765 οίκτιρμοῖς,

1836 2699 2033 2755 eﬂiciat
2073 2713 2197 2752 eum
2243 2697 2397 2767 regni
2434 2696 2699 2751 caelorum
2752 2695 3056 2752 lmredetn.
3098 2694 3273 2764 gratia
3300 2735 3316 2760 ,
3352 2704 3408 2747 et

139 2787 237 2840 καὶ
284 2786 678 2858 φιλανθρωπία
719 2785 814 2842 τοῦ
854 2785 1176 2857 μονογενοῦς
1218 2802 1312 2838 σου
1339 2784 1471 2838 Υίοῦ
1518 2785 1638 2853 μεθ’
1671 2779 1734 2838 οῦ

1836 2789 2232 2853 misericordia,
2258 2800 2311 2842 et
2340 2788 2673 2857 benignitate
2705 2785 2973 2856 unigeniti
3008 2785 3131 2838 Filii
3169 2785 3246 2839 tui
3278 2801 3402 2840 cutn

139 2879 448 2949 εὐλογητὸς
495 2877 546 2932 εί
593 2880 692 2934 σὺν
757 2878 835 2948 τῷ
887 2877 1165 2949 παναγίῳ,
1215 2878 1308 2930 καὶ
1361 2877 1549 2946 ἀγαθῷ
1570 2919 1582 2935 ,
1642 2877 1734 2928 καὶ

1833 2898 1943 2951 quo
1970 2882 2286 2937 benedictus
2325 2896 2422 2944 es,
2462 2887 2517 2932 et
2559 2894 2683 2932 cum
2727 2876 3076 2932 omnifariam
3118 2887 3308 2931 sancto
3351 2885 3408 2932 et

139 2971 410 3042 ζωοποιῷ
439 2989 535 3026 σου
566 2971 867 3043 Πνεύματι,
898 2971 1014 3026 νῦν.

1832 2971 1977 3024 bono
2000 3012 2015 3034 ,
2055 2979 2108 3023 et
2142 2969 2354 3022 vivilico
2386 2976 2479 3020 tuo
2507 2964 2750 3036 Spiritu,
2783 2981 2948 3020 nunc.

211 3062 398 3132 Κύριε
455 3064 486 3114 ό
531 3062 663 3125 Θεὸς
703 3061 804 3130 τῆς
853 3063 1126 3132 σωτηρίας
1169 3061 1278 3114 τῶν
1311 3060 1512 3114 δούλων
1544 3077 1661 3123 σου,
1703 3060 1732 3110 ὁ

1902 3061 2130 3114 Domine
2163 3059 2303 3114 Deus
2336 3060 2529 3113 salutis
2563 3072 2851 3113 servorum
2880 3066 3103 3112 tuorum
3123 3097 3140 3122 ,
3167 3056 3265 3126 qui
3297 3055 3403 3110 mi-

133 3151 432 3222 ἐλεήμων,
465 3151 562 3205 καὶ
584 3150 905 3220 οἰκτίρμων,
931 3149 1283 3220 μακρὸθυμος
1303 3151 1398 3202 καὶ
1428 3147 1729 3210 πολυέλεος,

1833 3151 2064 3205 sericors
2089 3159 2144 3204 et
2169 3151 2456 3204 iniserator
2479 3162 2559 3207 es.
2584 3146 2932 3212 Ionganimis,
2961 3155 3015 3201 et
3039 3145 3218 3200 multa:
3239 3145 3403 3200 mise-

131 3243 164 3294 ὁ
203 3241 501 3314 μετανοῶν
547 3243 641 3295 ἐπὶ
667 3243 788 3305 ταῖς
816 3240 1113 3312 ἡμετέραις
1156 3241 1396 3302 κακίαις,
1429 3242 1458 3292 ὁ
1489 3239 1565 3309 μὴ
1606 3237 1755 3314 βου-1

1773 3277 1797 3334 3
1835 3241 2125 3303 ricordiae,
2171 3255 2331 3311 quem
2384 3238 2714 3294 malitiarum
2764 3247 3072 3292 nostrarum
3126 3237 3397 3307 pceniset:

129 3333 380 3405 λὸμενος
433 3332 526 3386 τὸν
573 3332 802 3387 θάνατον
849 3331 944 3384 τοῦ
983 3331 1330 3401 άμαρτωλοῦ,
1381 3329 1456 3393 ὡς
1501 3329 1562 3382 τὸ
1607 3329 1728 3381 ἔπι-

1779 3329 1796 3334 ”
1827 3333 1922 3404 qui
1954 3348 2064 3388 non
2088 3332 2171 3388 vis
2195 3341 2425 3386 mortem
2458 3331 2758 3401 peccatoris
2785 3372 2800 3396 ,
2839 3329 2934 3384 sed
2964 3338 3023 3382 ut
3053 3340 3403 3383 convertatur

131 3426 390 3497 στρέψαι
428 3427 526 3478 καὶ
555 3423 655 3493 ζῇν
687 3423 870 3486 αὑτὸν,
904 3425 1065 3486 αὐτὸς
1100 3424 1194 3476 καὶ
1222 3423 1317 3474 νῦν
1345 3421 1728 3494 παρακλὴθητι

1826 3435 1883 3482 et
1911 3425 2082 3490 vivat;
2133 3426 2352 3494 placare
2390 3439 2554 3491 super
2603 3438 2822 3478 servum
2861 3433 3016 3474 tuutn
3051 3423 3194 3477 hunc
3223 3421 3311 3483 N..
3346 3431 3401 3476 et

125 3519 232 3571 ἐπὶ
275 3519 380 3572 τὸν
431 3515 619 3570 δοῦλόν
666 3533 762 3568 σου
819 3515 909 3567 τὸν
948 3516 1032 3578 Δ.,
1085 3516 1180 3569 καὶ
1237 3515 1521 3586 παράσχου
1579 3512 1729 3584 αὐτῷ

1827 3519 2005 3588 praebe
2043 3517 2119 3571 illi
2150 3527 2500 3587 peccatorum
2538 3515 2751 3569 veniam
2778 3557 2793 3578 ,
2829 3514 3174 3584 iniquitatum
3212 3514 3401 3584 propi-

126 3605 496 3675 συγγνώμην
538 3603 844 3675 ἁμαρτιῶν,
885 3602 1110 3673 ἱλασμὸν
1153 3603 1412 3674 ἀνομιῶν,
1434 3603 1728 3674 συγχωρῶν

1830 3607 2112 3660 tiationem
2151 3647 2168 3670 ,
2219 3605 2540 3660 condonans
2594 3604 2672 3656 illi
2725 3618 2887 3657 omne
2931 3603 3228 3666 delictum,
3285 3603 3400 3656 sive

123 3696 293 3765 αὐτῷ
323 3698 448 3749 πᾶν
484 3693 863 3764 πλημμέλημα
913 3693 1162 3748 ἑκούσιόν
1203 3710 1262 3747 τε
1312 3694 1406 3747 καὶ
1441 3692 1727 3746 ἀκούσιονο

1829 3696 2191 3752 voluntarium
2221 3697 2336 3752 sive
2371 3695 2821 3750 involuntarium.
2868 3694 3243 3750 Reconciliare
3275 3694 3350 3747 illi
3379 3731 3396 3758 ,

117 3787 482 3858 διαλλάγηθι
511 3787 606 3841 καὶ
624 3786 824 3839 ἓνωσον
849 3786 1011 3838 αὐτὸν
1042 3789 1109 3858 τῇ
1143 3787 1276 3858 ἁγίᾳ
1305 3803 1398 3839 σου
1437 3786 1728 3856 Ἐκκλησία⁵

1827 3793 1884 3839 et
1909 3800 2036 3841 eum
2063 3786 2308 3841 adunare
2333 3795 2532 3841 sancta!
2573 3793 2676 3839 tum
2710 3784 2966 3840 Ecclesiae
2994 3799 3089 3853 per
3118 3783 3397 3839 Christum

119 3887 186 3936 ὲν
233 3880 482 3954 Χριστῷ
544 3877 720 3950 Ἰησοῦ
765 3878 845 3948 τῷ
892 3878 1083 3950 Κυρίῳ
1140 3878 1317 3949 ἡμῶν,
1369 3877 1488 3948 μεθ’
1536 3869 1599 3929 οὗ
1645 3894 1729 3930 σοι

1825 3873 2011 3932 Iesum
2041 3875 2327 3932 Dominum
2355 3887 2626 3943 nostrum,
2686 3893 2809 3931 cum
2838 3893 2948 3946 quo
2978 3877 3072 3931 tibi
3119 3877 3355 3945 potentia
3378 3917 3396 3943 ,

115 3973 351 4046 κράτος
372 4012 390 4036 ,
449 3967 810 4041 μεγαλωσύνη
859 3967 952 4020 καὶ
1009 3968 1474 4039 μεγαλοπρέπεια,
1511 3973 1606 4022 σὺν
1650 3967 1729 4039 τῷ

1831 3968 2149 4037 magnitudo
2174 4007 2190 4030 ,
2238 3975 2292 4020 et
2327 3967 2763 4037 magniﬁcentia,
2794 3981 2914 4020 cunt
2948 3967 3297 4022 sanctissimo
3340 3974 3399 4021 et

116 4065 414 4133 παναγίῳ
447 4062 544 4115 καὶ
571 4059 821 4129 ζωοποιῷ
854 4059 1158 4128 Πνεῦματι,
1205 4059 1320 4114 νῦν.

893 4059 1158 4128 [νεύματι,
1205 4059 1320 4114 νῦν.
1827 4061 2041 4116 vivitico
2073 4059 2280 4129 Spiritu
2303 4099 2318 4121 ,
2355 4073 2517 4112 nunc.

191 4153 403 4222 Κύριε
470 4147 644 4219 Ἰησοῦ
676 4147 906 4218 Χριστὲ,
945 4148 1038 4200 Υἱὲ
1077 4147 1172 4200 τοῦ
1211 4145 1348 4200 Θεοῦ
1383 4144 1478 4199 τοῦ
1504 4144 1727 4209 ζῶντος,

1897 4151 2123 4208 Domine
2143 4151 2268 4207 Iesu
2296 4149 2534 4211 Christe.
2553 4147 2654 4202 Fili
2690 4149 2778 4203 Dei
2813 4149 2939 4212 vivi,
2968 4165 3104 4219 agne
3131 4159 3184 4205 et
3211 4161 3397 4221 pastor

110 4247 276 4316 ἁμνὲ
307 4242 421 4298 καὶ
455 4241 681 4313 ποιμὴν,
705 4241 920 4308 όαῐρων
950 4241 1046 4308 τὴν
1076 4239 1350 4310 ἁμαρτίαν
1376 4237 1472 4292 τοῦ
1501 4237 1727 4309 κόσμου,

1827 4243 1922 4314 qui
1953 4242 2097 4296 tollis
2136 4249 2416 4312 peccatum
2460 4239 2690 4304 mundi,
2745 4241 2838 4310 qui
2878 4240 3118 4294 debitum
3161 4242 3397 4311 gratiose

101 4341 138 4390 ὁ
179 4337 258 4390 τὸ
318 4335 549 4389 δάνειον
590 4332 956 4403 χαρισάμενος
1003 4333 1115 4394 τοῖς
1138 4331 1261 4384 δυσὶ
1283 4329 1725 4402 χρεωφειλέταις,

1827 4335 2045 4391 donasti
2095 4333 2312 4388 duobus
2344 4333 2721 4398 debitoribus,
2762 4341 2817 4387 et
2851 4335 3138 4403 peccatrici
3179 4335 3393 4389 mulieri

105 4431 221 4482 καὶ
251 4430 337 4497 τῇ
380 4421 700 4495 ἁμαρτωλῷ
747 4422 966 4490 γυναικὶ
997 4421 1120 4484 δοὺς
1143 4422 1334 4490 ἄφεσιν
1363 4423 1667 4493 ἁμαρτιῶν,
1699 4425 1729 4474 ό

1828 4425 2204 4480 remissionem
2244 4433 2592 4494 peccatorum
2633 4425 2865 4489 dedisti,
2907 4427 2996 4494 qui
3052 4427 3392 4481 sanationem

95 4519 229 4591 τὴν
267 4517 444 4571 ἴασιν
471 4513 550 4585 τῷ
573 4512 872 4584 παραλύτῳ
906 4511 1288 4582 δωρησάμενος
1318 4513 1416 4566 σὺν
1439 4515 1506 4583 τῇ
1537 4512 1719 4582 ἀφέσει

1828 4515 2124 4585 paralytico
2149 4529 2274 4569 cum
2301 4513 2621 4569 remissione
2650 4525 2996 4583 peccatorum
3035 4514 3262 4584 largitus
3285 4531 3344 4570 es
3375 4530 3393 4569 ι

96 4608 232 4660 τῶν
263 4604 580 4675 ἁμαρτιῶν
631 4603 816 4667 αὑτοῦ,
852 4603 1012 4666 αὐτὸς
1058 4603 1322 4666 Δέσποτα,
1370 4603 1519 4667 ἄνες,
1570 4603 1720 4672 ἄφες1

1768 4610 1803 4662 D
1834 4605 1966 4674 ipse,
2001 4602 2244 4668 Domine,
2277 4618 2470 4673 parce.
2510 4603 2740 4669 dimitte,
2775 4605 3023 4659 eondona
3055 4605 3392 4676 iniquitates.

93 4698 520 4769 συγχώρησον
551 4695 650 4758 τὰς
701 4693 942 4765 άνομίας,
976 4697 1074 4757 τὰς
1115 4695 1410 4766 ἁμαρτίας,
1448 4695 1515 4747 τά
1547 4697 1717 4765 πλημ.

1831 4706 2090 4765 peccata.
2137 4694 2332 4750 delicta
2370 4695 2677 4752 voluntaria
2725 4707 2779 4752 et
2829 4699 3195 4753 involnntaria
3222 4739 3238 4763 ,
3278 4703 3395 4759 sive

97 4791 480 4862 μελήματα,
515 4785 584 4839 τά
611 4785 860 4849 ἑκούσια,
894 4786 962 4838 τά
995 4790 1052 4839 ὲν
1080 4785 1294 4853 γνώσει,
1324 4787 1393 4840 τά
1425 4790 1482 4840 ὲν
1517 4788 1721 4857 ἀγνοίᾳ,

1831 4789 2065 4842 scienter
2088 4829 2104 4854 ,
2158 4787 2272 4842 sive
2318 4788 2634 4859 ignorantur
2670 4791 2741 4842 ab
2787 4789 2888 4844 hoc
2917 4806 3079 4846 servo
3117 4805 3212 4850 tuo
3242 4794 3309 4851 N.
3341 4808 3397 4852 et

86 4883 178 4937 τά
233 4883 317 4934 ἐν
367 4878 630 4947 παρακοῇ
687 4875 784 4927 καὶ
828 4877 887 4927 ὲν
929 4875 1235 4946 παραϐάσει
1277 4875 1540 4946 γενόμενα
1584 4876 1710 4944 παρὲ

1831 4880 2202 4934 ἰιιυιιθιιίοηιοι·
2238 4889 2291 4933 et
2325 4893 2450 4932 cum
2486 4881 2930 4949 prtevaricatione
2965 4894 3294 4953 perpetrata.
3328 4889 3395 4943 Et

86 4976 210 5031 τοῦ
254 4973 482 5028 δούλου
512 4987 606 5023 σου
640 4969 732 5023 τοῦ
762 4971 846 5032 Δ.,
877 4970 972 5021 καὶ
1001 4970 1054 5020 εἰ
1087 4984 1139 5020 τι
1168 4968 1245 5031 ὡς
1273 4967 1557 5035 ἄνθρωπος
1596 4983 1710 5036 σαρ.

1829 4971 1874 5025 si
1906 4970 2036 5040 quid
2075 4979 2136 5024 ut
2159 4969 2320 5024 homo
2353 4986 2572 5024 carnem
2608 4982 2824 5040 gestans
2853 5013 2870 5038 ,
2913 4982 2968 5026 et
3007 4977 3190 5032 mundi
3219 4977 3397 5034 incola

82 5064 437 5137 κοφορῶν,
490 5063 582 5115 καὶ
611 5060 704 5113 τὸν
751 5059 955 5128 κόσμον
990 5059 1178 5111 τοῦτον
1205 5058 1369 5111 οίκῶν
1397 5060 1462 5111 ἐκ
1493 5058 1589 5111 τοῦ
1615 5059 1701 5111 δια

1830 5079 1858 5116 a
1898 5062 2118 5118 diabolo
2166 5063 2424 5131 deceptus
2446 5101 2461 5125 ,
2508 5064 2590 5116 vel
2620 5073 2992 5134 transgressus
3025 5073 3108 5121 est
3128 5108 3146 5131 ,
3174 5067 3258 5122 vel
3291 5070 3395 5124 itu-

79 5159 298 5213 6όλου
341 5151 719 5223 summm
768 5149 1005 5221 παρέϐη.
1052 5150 1086 5219 ἧ
1137 5148 1580 5219 ἐπλημμέλησεν,
1619 5152 1697 5203 εῖτ

1830 5154 2109 5208 tnoderate
2140 5162 2193 5208 et
2215 5163 2404 5207 contra
2433 5154 2702 5209 rationem
2737 5156 2866 5224 egit,
2904 5157 3021 5211 sive
3049 5159 3214 5214 verbo
3234 5198 3251 5223 ,
3280 5161 3397 5217 sive

70 5251 159 5302 ἐν
220 5247 436 5314 λόγῳ,
493 5243 601 5296 εἴτε
652 5243 709 5295 ὲν
763 5239 928 5311 ἔργῳ,
978 5241 1088 5294 εἴτε
1135 5242 1194 5294 ἐν
1232 5239 1451 5308 γνώσει,
1508 5241 1619 5294 εἴτε
1671 5244 1694 5294 ὲ

1827 5260 2025 5316 Opere,
2074 5246 2188 5300 sive
2211 5260 2333 5299 cum
2361 5245 2672 5317 cognitione
2688 5273 2714 5314 ,-
2753 5247 2865 5302 sive
2894 5263 3016 5302 cum
3053 5249 3393 5319 ignorantia,

72 5337 377 5407 ἀγνοίᾳ,
423 5333 536 5388 εἴτε
568 5333 710 5403 λόγῳ
735 5333 1017 5401 αἱρέσεως.
1049 5333 1158 5384 εἴτε
1192 5330 1298 5385 ὑπὸ
1329 5331 1576 5403 κατάραν
1606 5333 1696 5401 ἐγέ

1828 5339 1943 5390 sive
1965 5353 2030 5391 ex
2060 5336 2223 5392 animi
2255 5338 2538 5406 proposito
2557 5378 2571 5399 ,
2603 5337 2717 5392 sive
2743 5338 3112 5394 maledictioni
3142 5345 3396 5413 supposio

71 5447 275 5496 νεπο,
327 5425 458 5480 εἴτε
508 5424 622 5496 ἰδίῳ
653 5423 953 5494 ἀναθήματι
987 5423 1257 5477 ὑπέπεσεν
1299 5422 1332 5493 ἢ
1366 5424 1536 5494 ὅρκῳ,
1569 5425 1695 5478 αὐτὸ

1829 5439 1916 5483 tus
1959 5428 2148 5492 fuerit,
2187 5427 2301 5483 sive
2348 5428 2404 5482 in
2453 5430 2733 5499 proprium
2768 5430 3060 5487 anathema
3101 5432 3391 5502 inciderit,

63 5524 174 5586 ὡς
215 5516 475 5588 ἀγαθὸς
511 5516 605 5570 καὶ
644 5514 1044 5586 φιλάνθρωπος,
1089 5516 1185 5569 καὶ
1231 5515 1610 5586 ἀμνησικακος
1637 5519 1687 5569 Δε

1826 5519 1911 5574 vel
1936 5519 2352 5588 jusjurandum:
2385 5519 2503 5589 ipse
2530 5529 2590 5574 ut
2620 5520 2917 5592 benignus.
2952 5531 3006 5580 et
3032 5523 3308 5594 clemens,
3343 5538 3396 5583 et

65 5612 368 5679 σπὸτης
418 5606 680 5680 παριδὼν,
724 5605 803 5676 τῷ
843 5605 924 5677 σῷ
967 5606 1110 5677 λόγῳ
1138 5605 1328 5660 τοῦτον
1376 5605 1477 5677 μὲν
1504 5606 1689 5676 λυθῆνι

1829 5605 2090 5660 malorum
2137 5604 2424 5660 immemor
2463 5604 2729 5664 Dominus
2756 5608 2859 5665 ista
2888 5613 3237 5682 praeteriens,
3281 5617 3397 5685 pla-

56 5702 484 5769 εὐδόκησον,
539 5695 838 5767 συγχωρῶν
892 5694 1042 5766 αὐτῴ
1098 5697 1191 5749 καὶ
1235 5696 1296 5748 τὸ
1349 5697 1480 5750 ἴδιον
1529 5697 1680 5750 αύτίκ

1832 5708 1956 5752 ceat
2005 5695 2102 5751 tibi
2149 5698 2296 5754 hunc
2343 5697 2509 5754 verbo
2555 5709 2647 5753 tuo
2683 5701 2934 5768 absolvi,
2978 5704 3272 5776 statimque
3320 5709 3395 5763 illi

55 5791 414 5860 ἀνάθεμα
445 5786 540 5842 καὶ
563 5787 654 5841 τὸν
677 5787 840 5857 ὅρκον
880 5787 1022 5840 κατὰ
1049 5785 1146 5857 τὴν
1177 5785 1274 5856 σὴν
1315 5785 1515 5854 ἄφατον
1544 5786 1679 5856 φιλα·

1835 5786 2082 5841 condona
2132 5797 2188 5842 et
2233 5787 2511 5856 proprium
2551 5789 2871 5857 anathema,
2916 5808 2970 5848 et
3014 5793 3392 5866 jusjurandum

53 5879 435 5953 θριυπιαν.
475 5877 720 5932 Δέσποτα
767 5877 941 5947 Κύριε
985 5877 1016 5929 ὁ
1059 5876 1189 5941 Θεὸς
1220 5879 1252 5947 ἡ
1263 5876 1400 5945 μῶν,
1427 5878 1677 5932 ἐπάκουσ‹

1837 5878 2134 5934 secundum
2174 5879 2589 5937 inenarrabilem
2629 5889 2778 5938 tuam
2823 5885 3187 5943 clementiam.
3223 5888 3394 5954 llcre.

524 5991 796 6050 Parnm.
831 5989 946 6049 Gn.
986 5989 1363 6051 LXXXVIII.
3003 6001 3079 6057 60
