4112 6416
196 485 314 549 190i

1484 472 2075 536 PCENITENTIALE.

3254 492 3387 557 1902

191 594 549 650 ἀποθανεῖται.
616 594 723 646 Καὶ
783 593 1004 646 εἴπατε’
1048 592 1123 645 Οὐ
1177 589 1491 645 κατευθύνει
1539 590 1572 656 ἡ
1615 587 1732 649 ὁδὸς

1849 587 1985 641 nini.
2022 590 2235 652 Audite,
2268 606 2411 646 nunc
2450 596 2628 649 omnis
2655 596 2850 651 domus
2895 597 3086 653 Israel:
3137 600 3385 673 Nunquid

190 686 407 758 Κυρίου.
449 685 741 741 Ἀκούσατε
788 685 874 756 δὴ,
902 685 1013 748 πᾶς
1038 685 1068 737 ὁ
1097 680 1243 748 οἶκος
1279 683 1530 756 Ἰσραήλ⁶
1564 684 1655 749 Μὴ
1701 685 1735 753 ἡ

188 781 304 843 ὁδός
330 796 430 850 μου
457 780 518 832 ού
544 778 892 844 κατευθυνεῖς
923 777 1057 848 Οὐχὶ
1075 777 1109 846 ἡ
1139 775 1256 839 ὁδὸς
1285 775 1439 844 ὑμῶν
1473 773 1736 828 κατευθύο

186 890 297 939 νει;
339 873 427 926 Ἑν
460 871 539 942 τῷ
568 872 904 941 ἀποστρέψαι
931 871 1022 924 τὸν
1050 870 1258 924 δίκαιον
1293 870 1359 922 ὲκ
1398 867 1500 938 τῆς
1526 868 1732 921 δικαιο-

188 966 351 1036 σύνης
369 964 556 1028 αὐτοῦ,
584 966 677 1018 καὶ
704 965 919 1034 ποιήσει
950 964 1300 1033 παράπτωμα
1318 1002 1333 1027 ,
1366 965 1464 1016 καὶ
1492 960 1735 1030 ἀποθάνῃ

184 1055 243 1107 ὲν
272 1054 351 1125 τῷ
397 1054 801 1125 παραπτώματι
842 1046 888 1122 ᾧ
932 1054 1209 1123 ἐποίησεν,
1261 1054 1320 1105 έν
1349 1051 1501 1122 αὐτῷ
1536 1051 1741 1104 ἀποθα-

1835 679 1921 733 via
1950 695 2067 733 mea
2099 696 2207 735 non
2234 695 2378 738 recte
2409 688 2630 756 perget?
2650 686 2903 759 Nunquid
2935 691 3020 746 via
3049 702 3222 748 vestra
3245 707 3388 752 recte

1835 772 2040 839 pergit?
2069 773 2126 827 In
2157 778 2447 831 avertendo
2491 793 2551 832 se
2587 778 2792 847 justum
2834 797 2862 836 a
2899 782 3111 848 iustitia
3155 801 3253 840 sua
3278 826 3295 852 ,
3336 800 3391 844 et

1836 862 1996 915 faciet
2021 863 2276 920 delictum
2301 907 2317 929 ,
2357 878 2411 922 et
2441 872 2702 925 morietur
2730 872 2785 925 in
2813 874 3007 930 delicto
3043 878 3189 946 quod
3220 878 3347 934 fecit
3371 919 3389 943 ,

1836 952 1890 1006 in
1945 953 2063 1023 ipso
2112 958 2396 1013 morietur.
2452 960 2516 1015 Et
2558 963 2611 1016 in
2646 967 2936 1018 avertendo
2962 982 3021 1023 se
3047 969 3292 1039 iniquum
3320 971 3392 1025 ab

1836 1044 2123 1114 iniquitate
2162 1066 2467 1123 sua,quam
2520 1053 2677 1119 fecit,
2743 1065 2799 1110 et
2838 1056 2999 1113 faciet
3031 1058 3290 1126 judicium
3336 1071 3392 1119 et

184 1147 369 1199 νεῖται.
414 1146 523 1199 Καὶ
550 1148 612 1199 ἐν
648 1144 729 1215 τῷ
762 1146 1097 1216 ἀποστρέψαι
1127 1146 1324 1213 ἄνομον
1349 1145 1457 1198 ἀπὸ
1479 1143 1582 1213 τῆς
1614 1146 1738 1197 ἀνο-

1849 1139 2095 1201 iustitiam
2138 1160 2151 1195 :
2196 1144 2283 1197 liic
2314 1144 2552 1198 animam
2582 1160 2733 1200 suam
2764 1150 3076 1211 custodivit.
3107 1161 3161 1205 et
3196 1156 3392 1210 avertit

186 1238 313 1308 μίας
344 1237 511 1291 αὑτοῦ
535 1232 604 1309 ἧς
649 1239 890 1310 εποίησε,
919 1240 1016 1292 καὶ
1046 1238 1262 1308 ποιήσει
1308 1239 1484 1308 κρῖμα
1523 1236 1619 1289 καὶ
1658 1235 1740 1288 δι-

183 1330 476 1399 καιοσύνην
498 1372 514 1397 ,
558 1326 709 1392 οὗτος
753 1330 851 1402 τὴν
891 1330 1071 1402 ψυχὴν
1116 1328 1278 1384 αὐτοῦ
1327 1328 1591 1400 ὲφύλαξε’
1646 1329 1740 1381 καὶ

180 1422 522 1493 ἀπέστρεψεν
548 1426 612 1477 ὲκ
650 1424 838 1477 πασῶν
868 1423 1130 1477 ἀσεϐειῶν
1163 1423 1326 1477 αὑτοῦ
1371 1416 1446 1476 ὧν
1492 1422 1736 1490 ἐποίησε,

184 1515 292 1587 ζωῇ
333 1513 578 1585 ζήσεται,
627 1517 809 1571 καὶού
848 1516 924 1587 μὴ
964 1516 1229 1586 ἀποθάνῃ,
1269 1516 1416 1584 λέγει
1459 1522 1487 1570 ὁ
1538 1515 1737 1583 Κύριος

182 1615 593 1681 παντοκράτωρ.
614 1631 632 1661 ι

570 1786 899 1854 Εὑαγγέλιον
927 1785 1069 1841 κατά
1110 1787 1346 1840 Δουκᾶν.

255 1894 274 1926 ι
308 1874 400 1947 Τῷ
430 1874 608 1948 καιρῷ
632 1877 825 1947 ἐκείνῳ
866 1872 1006 1947 ἦσαν
1060 1876 1371 1945 ἐγγίζοντες
1430 1875 1511 1947 τῷ
1564 1876 1739 1945 Ἰησοῦ

179 1967 381 2030 πάντες
405 1969 455 2020 oi
483 1967 734 2032 τελῶναι,
762 1969 857 2022 καὶ
888 1970 937 2022 ei
970 1968 1279 2040 ἁμαρτωλοὶ
1308 1966 1527 2021 ἀκούειν
1549 1965 1736 2020 αὑτοῦ.

181 2058 290 2111 Καὶ
328 2057 682 2126 διεγόγγυζον
721 2062 770 2114 οἱ
809 2063 1090 2131 Φαρισαῖοι
1142 2061 1235 2113 καὶ
1285 2060 1337 2113 οἱ
1370 2060 1737 2129 Γραμματεῖς,

177 2145 455 2217 λέγοντες,
505 2152 588 2204 ὅτι
627 2146 796 2215 Οὗτος
839 2152 1193 2224 ἁμαρτωλοὺς
1242 2151 1617 2222 προσδέχεται,
1651 2150 1741 2201 καὶ

181 2241 454 2294 συνεσθίει
488 2244 692 2307 αὐτοῖς.
735 2240 874 2298 Eine
918 2244 977 2297 δὲ
1019 2243 1157 2315 πρὸς
1183 2243 1379 2304 αὐτοὺς
1425 2242 1522 2313 τὴν
1570 2258 1745 2313 παρα-

181 2328 341 2401 ϐολὴν
362 2331 571 2403 ταύτην
608 2332 814 2402 λέγων*
851 2334 947 2398 Τίς
984 2333 1269 2405 ἄνθρωπος
1309 2333 1369 2401 ἐξ
1411 2333 1567 2404 ὑμῶν
1602 2333 1743 2404 ἔχων

178 2421 376 2476 ἑκατὸν
431 2423 700 2494 πρόϐατα,
749 2426 844 2479 καὶ
888 2425 1157 2488 ἀπολέσας
1210 2424 1269 2478 ἓν
1310 2425 1367 2492 ἐξ
1420 2424 1628 2487 αὐτῶν,
1678 2424 1741 2476 ού

178 2514 505 2568 καταλείπει
532 2516 602 2568 τὰ
648 2519 1003 2585 ἐννενήκοντα
1034 2518 1188 2572 ἐννέα
1216 2518 1276 2571 ὲν
1304 2522 1366 2590 τῇ
1401 2520 1610 2588 ἐρήμῳ.
1648 2519 1743 2572 καὶ

177 2607 481 2676 πορεύεται
523 2610 614 2660 ἐπὶ
659 2610 718 2660 τὸ
764 2611 1057 2676 ἀπολωλὸς,
1108 2611 1212 2671 ἕως
1247 2611 1384 2684 ε’ύρῃ
1427 2613 1589 2675 arb-:6;
1635 2613 1745 2666 Καὶ

176 2694 359 2766 εὑρὼν
403 2698 716 2769 ἐπιτίθησιν
748 2700 841 2751 ἐπὶ
880 2700 1005 2763 τοὺς
1047 2699 1231 2770 ὤμους
1275 2700 1466 2754 ἑαυτοῦ
1504 2701 1741 2771 χαίρων·

176 2787 277 2841 καὶ
303 2786 485 2840 ἐλθὼν
514 2789 596 2851 είς
631 2788 723 2841 τὸν
783 2786 951 2855 οἷκον,
988 2790 1248 2857 συγκαλεῖ
1285 2794 1411 2853 τοὺς
1441 2790 1626 2856 φίλους
1652 2791 1747 2843 καὶ

178 2880 307 2944 τοὺς
352 2883 638 2948 γείτονας,
690 2881 862 2950 λέγων
910 2883 1124 2944 αὐτοῖς’
1167 2881 1484 2950 Συγχάρητέ
1528 2898 1621 2950 μοι
1663 2881 1746 2932 ὃτι

180 2968 340 3041 εὖρον
366 2974 431 3027 τὸ
465 2974 733 3044 πρόϐατόν
761 2991 865 3043 μου
896 2974 959 3026 τὸ
985 2972 1281 3033 ἀπολωλός.
1312 2973 1468 3040 Λέγω
1514 2974 1640 3041 ὑμῖν
1666 2973 1746 3025 ὅτι

177 3062 324 3115 οὓτω
374 3063 526 3132 χαρά
566 3062 716 3114 ἔσται
748 3064 805 3114 εν
836 3061 913 3130 τῷ
942 3060 1153 3129 οὐρανῷ
1200 3061 1291 3111 ἐπὶ
1318 3060 1399 3111 svi.
1442 3057 1749 3127 ἁμαρτωλῷ

179 3152 563 3220 μετανοοῦντι,
590 3151 623 3220 ἢ
657 3153 749 3205 ὲπὶ
774 3151 1125 3220 ἐννενήκοντα
1159 3151 1315 3201 ἐννέα
1344 3150 1602 3209 δικαίοις.-
1620 3148 1751 3199 οἵτι-

1835 1240 1895 1281 se
1928 1227 1998 1281 ab
2030 1230 2281 1287 munibus
2332 1231 2698 1301 impietatibus
2750 1237 2865 1291 suis
2890 1276 2905 1301 ,
2956 1254 3092 1307 quas
3144 1239 3387 1298 fecerat:

1836 1319 1945 1371 vita
1979 1319 2158 1384 vivet,
2200 1334 2255 1377 et
2278 1337 2389 1377 non
2426 1325 2721 1391 morietur,
2762 1329 2891 1383 dicit
2925 1328 3186 1387 Dominus
3212 1335 3391 1389 omni-

1838 1421 2047 1480 potens.
2086 1434 2103 1463 ι

2014 1790 2359 1863 Evangelium
2392 1798 2692 1852 secundum
2726 1798 2927 1856 Lucam
2961 1804 3025 1860 “.

1915 1904 1932 1935 ι
1964 1884 2024 1939 In
2042 1886 2137 1940 illo
2163 1899 2406 1958 tempore
2436 1900 2594 1944 erant
2612 1894 3108 1966 apprOpinquantes
3131 1898 3179 1954 ei
3208 1914 3397 1959 omnes

1842 1971 2113 2041 publicani
2141 1983 2196 2030 et
2227 1985 2535 2045 peccatores
2565 1989 2623 2034 ut
2650 1981 2900 2037 audirent
2933 1984 3105 2041 illum.
3147 1985 3213 2041 Et
3246 2004 3399 2043 mur-

1841 2066 2128 2122 murabant
2181 2065 2461 2137 Pharisaei,
2514 2083 2567 2126 et
2622 2074 2825 2131 Scribae
2885 2078 3126 2135 dicentes
3172 2072 3192 2138 Ξ
3262 2081 3398 2149 Quia

1841 2157 1930 2212 bic
1960 2171 2269 2226 peccatores
2301 2163 2490 2228 recipit
2514 2205 2528 2223 .
2578 2173 2632 2219 et
2683 2167 2973 2223 mandat-at
3010 2184 3130 2225 cum
3167 2172 3293 2228 illis.
3334 2173 3401 2231 Et

1840 2251 1917 2305 ait
1940 2253 2006 2305 ad
2039 2253 2161 2308 illos
2195 2257 2502 2324 parabolam
2536 2260 2714 2323 istam,
2745 2260 2969 2342 dicens:
2998 2264 3131 2331 Quis
3157 2282 3223 2321 ex
3246 2270 3401 2325 vobis

1841 2344 2040 2409 homo,
2076 2347 2170 2416 qui
2204 2348 2363 2404 habet
2387 2360 2605 2407 centum
2635 2368 2797 2418 oves,
2826 2367 2880 2409 et
2909 2357 3203 2425 perdiderit
3236 2377 3402 2416 unam

1839 2450 1906 2491 ex
1942 2438 2067 2503 illis,
2100 2455 2211 2494 non
2243 2440 2467 2497 dimittit
2496 2445 2789 2514 nonaginta
2828 2462 3021 2503 novem
3054 2449 3106 2503 iu
3142 2451 3397 2519 deserto,

1841 2541 1895 2585 et
1920 2532 2065 2584 vadit
2086 2534 2151 2586 ad
2179 2533 2324 2587 illam
2356 2550 2477 2604 qua:
2500 2536 2762 2603 perierat,
2783 2537 2958 2594 donec
2985 2540 3223 2597 inveniat
3249 2545 3406 2599 eam?

1844 2622 1908 2676 Et
1940 2640 2063 2677 cum
2106 2625 2371 2680 invenerit
2403 2641 2520 2680 eam
2548 2668 2563 2690 ,
2609 2629 2839 2698 imponit
2887 2630 2944 2685 in
2980 2630 3238 2688 humeros
3275 2650 3406 2689 suos

1846 2719 2105 2785 gaudens.
2149 2721 2212 2775 Et
2251 2721 2474 2778 veniens
2525 2723 2744 2777 domum
2792 2739 3054 2782 convocat
3098 2730 3305 2785 amicos
3352 2742 3408 2786 et

1846 2812 2082 2877 vicinos,
2132 2814 2319 2869 dicens
2358 2814 2465 2872 illis
2506 2816 3018 2886 :Cougratulamini
3066 2820 3230 2887 mihi,
3278 2823 3404 2891 quia

1845 2902 2022 2957 inveni
2051 2920 2204 2960 ovem
2235 2921 2428 2969 meam,
2453 2922 2574 2976 qua:
2602 2908 2853 2975 perierat.
2910 2908 3040 2965 Dico
3060 2913 3233 2975 vobis,
3260 2915 3406 2983 quod

1848 2996 1919 3049 ita
1943 2996 2195 3063 gaudium
2219 2997 2324 3051 erit
2352 2998 2404 3051 in
2432 2999 2571 3053 caelo
2596 3014 2761 3069 super
2785 3016 2895 3055 uno
2920 3014 3201 3071 peccatore
3230 3005 3408 3074 paeni--

1850 3089 2068 3141 tentiam
2094 3098 2304 3159 agente,
2324 3106 2486 3159 quam
2512 3106 2674 3160 super
2693 3093 2984 3164 nonaginta
3011 3110 3201 3149 novem
3223 3097 3405 3166 iustis,

1848 3180 1940 3248 qui
1989 3195 2095 3235 non
2137 3181 2377 3250 indigent
2422 3183 2756 3252 paenitentia.
2795 3185 2901 3240 Aut
2938 3201 3060 3255 qua:
3087 3188 3279 3242 mulier
3312 3190 3408 3243 lia-

178 3259 269 3306 νες
299 3245 364 3297 ού
387 3244 579 3314 χρείαν
603 3243 786 3313 ἔχουσι
824 3242 1129 3313 μετανοίας.
1148 3242 1217 3294 Ἢ
1241 3244 1322 3303 τίς
1344 3240 1479 3309 γυνὴ
1504 3240 1747 3308 δραχμὰς

1851 3240 1983 3324 [iens
2024 3240 2321 3341 .drachmas
2367 3240 2582 3339 decem,
2633 3275 2678 3328 si
2739 3240 3053 3345 perdiderit
3091 3240 3407 3336 dracl—nn‘am

177 3335 384 3406 ἔχουσα
413 3335 567 3397 δέκα,
596 3336 693 3388 ὲάν
717 3334 957 3407 ἀπολέσῃ
978 3333 1223 3405 δραχμὴν
1250 3334 1397 3403 μίαν.
1431 3334 1550 3400 οὐχὶ
1586 3331 1745 3383 ἅπτει

178 3428 399 3496 λύχνον,
432 3430 526 3479 καὶ
578 3430 733 3497 σαροῖ
764 3426 861 3495 τὴν
893 3428 1091 3489 οἰκίαν,
1140 3426 1234 3478 καὶ
1264 3424 1418 3494 ζητεί
1448 3422 1745 3493 ἐπιμελῶς,

177 3516 287 3582 ἓως
308 3520 440 3573 ὅτου
470 3518 641 3589 εὕρῃς
670 3517 780 3572 Καὶ
812 3516 1047 3590 εὑροῦσα
1076 3516 1422 3584 συγκαλεῖται
1443 3515 1541 3576 τάς
1567 3512 1746 3581 φίλας,

176 3610 277 3663 καὶ
330 3612 435 3673 τὰς
486 3611 755 3678 γείτονας,
809 3610 1072 3676 λέγουσα·
1135 3608 1448 3677 Συγχάρητέ
1500 3621 1620 3676 μοι,
1666 3605 1749 3657 ὅτι

177 3692 345 3769 εὗρον
390 3701 492 3767 τὴν
528 3699 775 3769 δραχμὴν
807 3700 873 3768 ἣν
906 3696 1181 3751 ἀπώλεσα.
1218 3696 1392 3758 οὕτω,
1425 3696 1566 3762 λέγω
1596 3696 1747 3763 ὑμῖν,

177 3787 330 3859 χαρὰ
358 3788 572 3855 γίνεται
604 3788 832 3839 ἐνώπιον
875 3784 983 3838 τῶν
1011 3784 1255 3852 ἀγγέλων
1278 3782 1370 3835 τοῦ
1390 3781 1527 3834 θεοῦ
1551 3781 1645 3833 επὶ
1668 3781 1751 3834 ἑνὶ

180 3877 506 3948 ἁμαρτωλῷ
527 3877 893 3946 μετανοοῦντι.
927 3896 945 3928 ι

252 3968 506 4036 Ποιήσας
553 3962 645 4020 οὖν
690 3966 995 4036 τρισάγιον,
1046 3966 1140 4018 καὶ
1181 3959 1335 4026 αὖθις
1372 3962 1443 4017 τά
1479 3960 1751 4033 τροπάρια

177 4060 320 4129 lucu
372 4060 440 4123 δ’,
500 4058 618 4125 Τὴν
657 4056 944 4122 ταπεινήν
984 4075 1101 4124 μου
1147 4055 1394 4124 ψυχήνο
1435 4053 1589 4119 ἄλλα,
1626 4059 1754 4106 Amp

176 4149 395 4202 πλέων
448 4148 515 4200 τὸ
577 4149 858 4216 πέλαγος,
908 4146 983 4213 Τῇ
1037 4148 1290 4212 θεοτόιιῳ
1335 4143 1592 4209 ἐκτενῶς
1638 4146 1753 4198 νῦν

179 4239 690 4307 προσδρὰμωμενο
726 4235 845 4292 εἶτα
864 4239 945 4303 τὸ,
974 4240 1145 4306 Κύριε
1168 4237 1464 4304 ἱλάσθητι,
1484 4242 1532 4304 γ’
1561 4235 1751 4301 εἰπὼν,

178 4334 279 4386 καὶ
307 4331 577 4393 ὡσαύτως
620 4334 713 4386 καὶ
745 4332 828 4393 τὸ,
869 4332 1064 4399 Κύριε,
1094 4330 1508 4398 συγχώρησον,
1538 4331 1632 4382 καὶ
1671 4327 1753 4391 τὺ,

176 4424 392 4492 Κύριε,
439 4421 704 4489 ἐλέησον
739 4419 916 4490 ἡμᾶς,
960 4420 1057 4475 καὶ
1092 4419 1378 4490 μετανοίας
1411 4426 1463 4489 μ’
1499 4422 1758 4489 ποιήσαν-

174 4533 298 4579 τες,
327 4515 385 4567 οἱ
427 4514 727 4583 ἀμφότεροι
752 4512 1094 4566 ἀπολύονται.
1125 4512 1279 4565 Μετὰ
1301 4511 1359 4563 δὲ
1385 4511 1448 4563 τὸ
1473 4510 1753 4564 τελειῶσαι

1850 3376 2032 3427 unam,
2050 3376 2231 3417 nonne
2258 3364 2501 3419 accendit
2530 3364 2826 3431 lucernam,
2849 3378 2902 3422 et
2929 3371 3129 3424 everrit
3162 3373 3408 3441 domum,

1847 3463 1903 3509 et
1923 3455 2120 3525 quierit
2145 3455 2452 3525 diligenter,
2478 3458 2646 3513 donec
2669 3460 2947 3514 inveniat?
2990 3461 3054 3516 Et
3090 3478 3213 3518 cum
3254 3465 3403 3521 inve-

1850 3548 2010 3613 nerit,
2044 3556 2309 3602 convocat
2340 3550 2544 3605 amicas
2569 3561 2621 3606 et
2654 3551 2881 3619 vicinas,
2916 3554 3104 3610 dicens
3133 3575 3146 3610 :
3177 3556 3411 3628 Congra-

1849 3638 2096 3694 tulamini
2127 3640 2257 3694 mihi
2278 3682 2294 3705 ,
2327 3642 2455 3712 quia
2490 3644 2668 3697 inveni
2691 3644 3003 3700 drachmam
3037 3662 3197 3717 quam
3226 3650 3411 3719 perdi-

1849 3729 2058 3783 deram.
2098 3729 2173 3785 Ita
2205 3733 2326 3786 dico
2357 3733 2530 3796 vobis,
2562 3735 2815 3804 gaudium
2851 3738 2955 3792 erit
2995 3753 3178 3793 coram
3202 3743 3411 3810 angelis

1852 3825 1943 3882 Dei
1966 3840 2129 3897 super
2162 3841 2271 3880 uno
2300 3838 2584 3898 peccatore
2605 3828 2972 3899 ptenitcntiam
3010 3844 3219 3901 agente.
3246 3854 3265 3887 ι

1922 3942 2060 3997 Cum
2093 3941 2263 4009 igitur
2298 3943 2558 4010 trisagion
2597 3942 2916 4012 perfecerit,
2952 3956 3007 4000 et
3052 3946 3247 4001 iterum
3299 3958 3413 4003 tru-

1852 4036 2000 4103 paria
2030 4034 2141 4087 toni
2179 4034 2391 4103 quarti,
2439 4032 2707 4088 [lunulam
2745 4038 2978 4091 animam
3018 4054 3209 4093 meam.
3248 4038 3368 4094 Alia
3394 4079 3413 4106 ,

1855 4123 2154 4194 Enavigam
2180 4126 2417 4196 pelagus,
2454 4125 2537 4179 Ad
2569 4126 2668 4181 Dei
2704 4126 3020 4182 Genitricem
3067 4130 3249 4184 sedulo
3276 4146 3413 4185 nunc

1854 4216 2243 4286 confugiamus.
2283 4215 2477 4271 Postea
2505 4231 2629 4272 cum
2656 4225 2738 4273 ter
2765 4217 2921 4282 dixit,
2953 4217 3194 4284 Domine,
3228 4220 3414 4288 placa-

1856 4318 1936 4362 tus
1968 4318 2077 4362 esto
2097 4324 2117 4362 :
2147 4307 2395 4364 similiter
2424 4316 2479 4364 et
2506 4310 2636 4375 hoc,
2672 4308 2907 4377 Domine,
2931 4326 3122 4379 parce;
3149 4320 3224 4379 et,
3252 4308 3417 4382 Kyrie

1854 4400 2048 4454 eleison
2077 4401 2237 4465 imas,
2255 4407 2311 4453 et
2329 4397 2653 4467 pmnitentiis
2679 4400 3032 4470 quadraginta
3068 4400 3248 4469 factis,
3277 4405 3417 4458 utri-

1855 4507 1964 4562 que
2006 4500 2242 4547 cessant.
2273 4488 2653 4559 Suprascripta
2686 4489 2855 4545 officii
2881 4493 3267 4563 consequentia
3294 4507 3418 4563 per-

176 4609 285 4677 ςὴν
316 4607 735 4678 προγραφεῖσαν
763 4603 1084 4657 ἀκολουθίαν
1129 4602 1461 4670 συγκαθίσας
1488 4602 1635 4672 αὐτῷ
1664 4602 1748 4653 λέ-

1855 4591 1975 4637 acta
2001 4582 2103 4652 ipsi
2135 4580 2382 4637 assidens
2406 4580 2569 4644 dicit,
2601 4580 2723 4646 Fili,
2752 4580 2883 4651 quid
2921 4580 3067 4638 vales
3091 4582 3422 4638 observare?

176 4716 309 4768 γει·
348 4700 441 4764 Τί,
483 4699 692 4758 τέκνον.
740 4697 944 4766 ίσχύεις
975 4696 1239 4764 φυλάξαις
1277 4696 1431 4749 Κατά
1465 4696 1573 4764 γὰρ
1609 4695 1757 4763 ἰσχὺν

180 4793 277 4844 καὶ
320 4791 647 4861 προαίρεσιν
670 4787 763 4841 τοῦ
791 4786 1083 4858 δεχομένου
1118 4789 1187 4839 τά
1221 4787 1468 4856 ἐπιτίμια
1500 4786 1755 4850 δίδονται,

178 4886 283 4937 καὶ
342 4885 408 4937 οὐ
457 4882 598 4937 κατά
641 4881 931 4949 ἀναλογίαν
982 4881 1088 4933 τῶν
1138 4879 1543 4950 ἡμαρτημένων
1584 4877 1753 4948 αὐτῷ.

191 4974 514 5045 Ἑνδέχεται
542 4973 651 5044 γὰρ
693 4972 787 5025 τὸν
821 4973 919 5040 μὲν
958 4970 1115 5037 ὀλίγα
1152 4971 1529 5041 ἁμαρτάνοντα
1556 4971 1761 5039 πρόθυ-

178 5083 291 5137 μον
320 5066 460 5119 δντα
486 5064 625 5133 μέγα
642 5064 825 5115 λαϐεῖν
846 5063 1138 5132 ἐπιτίμιον,
1174 5062 1259 5114 ἵνα
1284 5064 1359 5132 μὴ
1386 5062 1543 5131 μόνον
1567 5063 1758 5128 ἄφεσιν

178 5145 505 5227 ἁμαρτιῶν,
554 5154 691 5207 ἀλλά
737 5155 831 5207 καὶ
884 5153 1147 5221 στέφανον
1201 5153 1528 5223 κομίσηται·
1577 5154 1668 5205 τὸν
1704 5154 1761 5207 δὲ

179 5248 373 5304 πολλὰ
400 5247 702 5301 πταίσαντα
738 5245 977 5317 ῥᾴθυμον
998 5245 1124 5298 ὄντα
1157 5244 1359 5315 μικρὰν
1403 5245 1548 5315 ἔχειν
1572 5247 1760 5298 ὲπιτί-

182 5358 390 5412 μησιν,
410 5341 483 5402 ὡς
506 5339 573 5393 ἂν
599 5341 673 5409 μὴ
705 5337 984 5407 καταποθῇ
1011 5338 1090 5405 τῷ
1117 5336 1293 5406 βάρει,
1318 5338 1411 5388 καὶ
1440 5337 1761 5407 ρᾳθυμήσας

176 5434 387 5503 ἀφήσῃ
414 5430 619 5484 πάντα·
647 5431 709 5483 ού
737 5429 847 5499 γὰρ
868 5428 1283 5499 προσετάγημεν
1312 5426 1453 5498 βάρη
1486 5426 1763 5495 κουφίζειν

179 5525 285 5579 καὶ
331 5523 476 5595 βάρη
522 5522 803 5575 επιτιθετν.
838 5521 1086 5592 Χρηστὸς
1114 5521 1224 5591 γάρ
1254 5520 1403 5572 ἐστιν
1446 5522 1475 5572 ὁ
1506 5519 1602 5572 τοῦ
1633 5520 1766 5589 Χρι-

182 5613 328 5668 στοῦ
360 5613 543 5681 ζυγὸς,
571 5613 662 5666 καὶ
695 5611 757 5664 τὺ
807 5611 1023 5681 φορτίον
1070 5610 1326 5680 ἐλαφρόν.
1371 5610 1680 5680 Διακρίνειν
1708 5610 1766 5663 δὲ

177 5703 409 5773 ὀφείλει
458 5702 937 5772 φιλευσπλάγχνως
980 5702 1073 5755 καὶ
1128 5701 1431 5774 προσώπων
1477 5701 1761 5773 διαφορὰν,

181 5798 295 5853 καὶ
345 5795 572 5868 καιρῶν,
622 5796 717 5850 καὶ
754 5795 951 5860 τόπων,
985 5794 1078 5849 καὶ
1122 5795 1401 5864 γνώσεως,
1445 5795 1539 5849 καὶ
1582 5798 1764 5863 ἀγνω-

269 5937 316 5969 ¹⁸
348 5933 475 5991 Luc.
511 5951 598 5994 xv,
626 5938 739 5990 i-Sl.

1855 4689 2032 4745 pinna:
2055 4675 2198 4729 enim
2224 4674 2575 4742 imponuntur
2595 4671 2892 4728 secundum
2922 4672 3064 4728 vires
3087 4682 3143 4728 et
3168 4674 3421 4729 volunta-

1858 4780 1965 4824 tem
1993 4783 2088 4823 eas
2117 4767 2488 4837 suscipientis,
2518 4776 2572 4820 et
2602 4779 2708 4818 non
2742 4763 3040 4818 secundum
3063 4772 3414 4833 peccatorum

1856 4859 2283 4932 proportionem.
2311 4856 2590 4925 Contiugit
2609 4856 2752 4910 enim
2770 4870 2893 4909 eum
2917 4854 3010 4923 qui
3040 4869 3212 4923 pauca
3233 4870 3421 4924 pecca-

1855 4953 1964 5017 vit,
1993 4966 2118 5006 cum
2150 4951 2333 5005 animo
2363 4959 2446 5004 est
2481 4950 2644 5008 bono.
2661 4957 2715 5001 et
2756 4956 3027 5017 prompto,
3061 4960 3249 5016 pinnas
3307 4946 3423 5001 sive

1856 5043 2100 5114 epitimia
2149 5055 2345 5110 magna
2392 5040 2625 5095 libenter
2677 5039 2950 5108 accipere,
2991 5048 3051 5093 ut
3096 5052 3207 5091 non
3258 5038 3420 5092 modo

1860 5145 2201 5205 peccatorum
2246 5132 2621 5187 remissionem
2667 5128 2864 5184 referat
2887 5171 2903 5193 ,
2941 5129 3035 5185 sed
3065 5129 3227 5183 etiam
3264 5143 3424 5183 coro-

1859 5241 1984 5281 nam
2013 5246 2026 5280 ;
2069 5225 2234 5280 istum
2265 5239 2396 5279 vero
2442 5224 2536 5293 qui
2563 5224 2730 5277 multa
2759 5222 3035 5292 peccavit,
3084 5234 3210 5275 cum
3242 5219 3427 5274 animo

1859 5327 1941 5371 est
1960 5316 2189 5370 remisso
2221 5323 2275 5369 et
2323 5314 2495 5386 segni,
2539 5314 2892 5382 castigatione
2927 5310 3070 5365 affici
3114 5324 3308 5381 parum
3338 5324 3427 5363 se—

1862 5424 1985 5463 vera
2010 5448 2027 5472 ,
2077 5422 2144 5463 ne
2179 5422 2355 5477 poenae
2405 5406 2667 5477 gravitate
2703 5403 3060 5459 absorbeatur
3087 5444 3104 5468 ,
3142 5411 3199 5456 et
3241 5400 3426 5454 animo

1864 5502 2127 5572 languens
2154 5502 2339 5555 omnia
2365 5499 2596 5554 deserat.
2631 5494 2750 5550 Non
2782 5496 2927 5551 enim
2957 5495 3211 5563 iubemur
3241 5491 3425 5559 gravia

1863 5595 2084 5651 reddere
2119 5594 2256 5647 levia
2281 5634 2296 5657 ,
2327 5602 2378 5647 et
2410 5592 2590 5662 gravia
2624 5590 2927 5660 imponere.
2961 5586 3138 5641 Suave
3169 5594 3254 5640 est
3278 5585 3427 5638 enim

1863 5686 2065 5742 Christi
2089 5686 2300 5756 jugum,
2327 5692 2383 5736 et
2415 5697 2553 5737 onus
2582 5682 2718 5736 leve.
2757 5678 3061 5749 Dijudicare
3091 5675 3240 5731 enim
3270 5675 3430 5729 debet

1864 5789 2131 5845 amanter,
2167 5786 2218 5834 et
2256 5778 2546 5832 clementer
2567 5772 2947 5837 differentiam,
2973 5779 3027 5826 et
3053 5781 3425 5840 personarum,
