4112 6416
677 368 815 434 1903

1581 366 1900 428 JOANNIS
1919 365 2432 427 JEJUNATORIS
2474 367 2578 428 ΟΡ.
2637 366 2987 427 ARCHIEP.

3789 363 3924 427 190-5

672 493 727 537 et
759 484 1023 543 loc-orum,
1048 488 1102 533 et
1129 476 1388 538 scientiae,
1415 484 1467 529 et
1504 473 1823 546 ignorantiae
1843 513 1858 538 ,
1884 483 1940 530 et
1981 474 2036 527 in
2065 472 2242 527 omni-

2357 475 2487 539 πίας,
2539 475 2633 548 καὶ
2670 476 2729 527 ἓν
2764 476 2898 529 πᾶσι
2934 473 3014 543 τῷ
3054 475 3240 545 σκοπῴ
3276 474 3382 527 τῶν
3429 474 3603 542 ἁγίων
3654 474 3924 544 Πατέρων

677 575 776 626 bus
829 581 1139 628 sanctorum
1185 569 1405 623 Patrum
1440 582 1662 638 scopum
1689 577 1744 622 et
1786 575 2021 620 mentem
2055 579 2241 635 presse

675 665 894 720 sectari.
956 663 1045 718 Sic
1068 662 1212 717 enim
1237 662 1314 715 ait
1335 669 1554 716 sanctus
1576 658 2032 731 Chrysostomus:
2075 676 2094 709 ι
2117 655 2240 711 Pa:-

676 760 900 812 nitentia
931 765 1172 827 tempore
1199 769 1306 808 non
1331 755 1608 825 judicatnr
1627 792 1642 813 ,
1674 753 1765 807 sed
1803 752 1974 807 animi
2003 751 2240 821 disposi-

680 852 846 905 tione.
877 867 898 901 ι
939 846 1164 918 Magnus
1202 844 1430 900 Basilius
1467 841 1822 898 conl‘ormiter
1847 861 1862 898 :
1892 861 1910 893 ι
1952 843 2055 897 Ista
2096 854 2235 896 tem-

681 954 811 1010 pore
855 953 964 993 non
1006 938 1315 1007 iudicamus
1341 973 1357 1000 ,
1414 934 1508 988 sed
1540 934 1592 987 in
1632 934 1855 989 modum
1902 931 2246 999 formamque

675 1031 1010 1102 pcenitentia:
1030 1039 1262 1084 mentem
1299 1027 1652 1080 intendimus.
1691 1044 1710 1076 ι
1749 1023 2016 1079 Ρτπιοτθιι
2049 1025 2246 1077 burna-

678 1122 942 1177 nissimus
974 1120 1399 1190 Chrysostomus
1445 1114 1711 1168 Ninivitas
1749 1114 1936 1169 multis
1962 1129 2071 1167 non
2107 1127 2248 1182 opus

678 1213 934 1268 habuisse
961 1211 1152 1266 diebus
1181 1218 1239 1264 nt
1259 1206 1631 1278 paenitentiam
1655 1214 1919 1276 agerent,
1941 1204 2036 1261 sed
2069 1203 2247 1257 tribus

679 1308 812 1364 solis
848 1325 860 1360 :
895 1307 1155 1359 latronem
1180 1315 1308 1356 vero
1347 1313 1414 1352 ne
1448 1299 1673 1366 quidem
1712 1307 1792 1354 tot
1825 1299 2116 1360 horarum,
2150 1294 2246 1352 sed

679 1402 810 1455 satis
848 1398 923 1452 illi
956 1395 1058 1451 fuit
1099 1393 1167 1449 ad
1209 1391 1579 1464 paenitentiam
1629 1389 1762 1444 illud
1812 1389 2074 1458 temporis
2123 1401 2248 1456 spa-

680 1481 816 1546 tium
845 1505 956 1561 quo
986 1487 1206 1544 verbum
1241 1482 1636 1556 pronuntiavit,
1669 1483 1743 1535 ita
1782 1488 1842 1534 ut
1875 1481 1930 1534 in
1971 1487 2250 1534 momento

679 1583 990 1654 paradisum
1045 1576 1344 1633 intraverit.
1400 1573 1523 1627 Haec
1583 1573 1746 1642 igitur
1790 1585 2130 1640 cognoscens
2184 1587 2252 1625 ne

678 1686 929 1730 accurate
963 1670 1262 1727 secundum
1293 1680 1533 1722 canones
1561 1664 1808 1735 epitimia
1841 1663 2068 1717 deﬁnias
2095 1702 2111 1724 ,
2152 1663 2250 1717 sed

681 1766 980 1822 secundum
1037 1777 1282 1834 persona:
1325 1761 1641 1830 qualitatem
1694 1775 1709 1811 :
1765 1757 1846 1813 sic
1894 1765 2077 1811 autem
2123 1770 2248 1810 cum

681 1860 812 1914 viris
865 1869 916 1913 te
965 1871 1139 1927 geres.
1195 1853 1334 1923 Erga
1387 1854 1641 1907 mulieres
1685 1860 1865 1905 autem
1903 1849 2147 1919 diligenti
2194 1857 2249 1902 et

682 1963 933 2008 accurata
979 1947 1330 2018 inquisitione
1373 1946 1448 1999 uti
1496 1945 1681 1999 debes.
1744 1942 2051 1997 Procedunt
2099 1940 2248 1995 enim

684 2046 751 2100 ad
783 2058 952 2112 usque
980 2041 1186 2110 magias
1209 2048 1264 2092 et
1295 2037 1554 2092 veneﬁcia
1579 2076 1596 2102 ,
1629 2046 1683 2090 et
1712 2035 1818 2088 alia
1847 2049 2008 2103 opera
2045 2048 2248 2104 pr0pu-

683 2140 872 2202 diosa,
903 2150 1134 2206 quorum
1167 2133 1250 2188 vel
1283 2131 1598 2186 meminisse
1629 2130 1960 2184 horrendum
1992 2139 2077 2182 est
2100 2169 2114 2192 ,
2155 2143 2249 2182 ne-

683 2231 813 2284 dum
846 2241 1118 2299 peragere.
1151 2225 1408 2279 Polluunt
1443 2237 1662 2293 quoque
1704 2237 1798 2292 per
1839 2233 2116 2275 menstrua
2152 2235 2251 2274 sua

685 2334 943 2380 consueta
975 2321 1120 2374 viros
1159 2333 1290 2372 suos
1330 2317 1558 2370 istorum
1597 2315 1840 2384 ignaros.
1884 2313 2022 2368 Cum
2073 2323 2251 2366 autem

685 2417 1036 2478 conﬁtentur,
1100 2409 1413 2480 permittere
1474 2423 1580 2463 non
1648 2416 1863 2476 oportet
1907 2422 2002 2460 eas
2044 2407 2254 2460 detecto

683 2523 804 2564 esse
824 2509 1019 2577 capite.
1052 2505 1165 2559 Hoc
1189 2504 1334 2557 enim
1355 2503 1618 2556 monitum
1638 2501 1769 2554 viris
1792 2501 1979 2553 datum
1999 2509 2103 2552 est.
2124 2497 2255 2550 Pro-

688 2599 890 2652 cedunt
923 2594 1086 2664 igitur
1117 2591 1374 2644 mulieres
1412 2604 1584 2658 usque
1609 2588 1676 2640 ad
1707 2587 1888 2642 varias
1920 2587 2116 2647 caedes,
2145 2599 2255 2638 non

686 2688 848 2742 modo
866 2686 918 2738 in
938 2679 1386 2750 conceptionibus
1402 2678 1538 2739 suis,
1559 2691 1744 2732 verum
1765 2677 1927 2730 etiam
1953 2675 2006 2728 in
2026 2689 2256 2744 puerpe-

2341 564 2734 630 ἑξακολουθεῖν.
2792 566 2902 618 Καὶ
2947 565 3057 636 γὰρ
3105 567 3134 618 ό
3185 567 3286 635 μὲν
3329 566 3474 629 θεῖος
3523 564 3925 636 Χρυσόστομος

2341 656 2482 711 οὕτω
2526 656 2725 728 φησίν·
2771 677 2790 707 ι
2838 657 2914 710 οὐ
2946 656 3124 728 χρόνῳ
3175 658 3415 728 κρίνεται
3452 657 3745 726 μετάνοια.
3795 656 3930 708 am

2341 751 2582 805 διαθέσει
2623 749 2822 821 ψυχῆς.
2877 769 2897 802 ι
2963 749 3292 821 Ὀμοφώνως
3318 751 3376 803 δὲ
3402 750 3496 804 καὶ
3525 750 3555 801 ό
3594 749 3784 820 μέγας
3826 749 3932 802 Ba-

2347 845 2566 909 σίλειος,
2609 845 2694 898 ὅτι
2726 863 2745 896 ι
2783 845 2858 898 Οὐ
2903 845 3082 914 χρόνῳ
3122 843 3380 914 κρίνομεν
3407 842 3476 896 τὰ
3503 841 3768 904 τοιαῦτα,
3802 841 3935 894 am

2343 936 2422 1007 τῷ
2445 937 2632 1008 τρόπῳ
2661 937 2760 1007 τῆς
2807 935 3098 1007 μετανοίας
3143 935 3511 1007 προσέχομεν.
3569 955 3589 988 ι
3634 936 3769 988 Ἔτι
3813 935 3872 988 δὲ
3907 936 3935 988 6

2346 1028 2854 1100 φιλανθρωπότατος
2897 1029 3304 1100 Χρυσόστομος,
3344 1029 3429 1082 ὅτι
3481 1046 3502 1080 ι
3538 1029 3606 1082 Οί
3648 1027 3936 1081 Νινευῗται

2345 1123 2404 1174 οὐ
2433 1122 2643 1175 πολλῶν
2669 1121 2970 1193 ἐδεήθησαν
2992 1122 3103 1175 τῶν
3129 1120 3354 1191 ἡμερῶν
3380 1123 3460 1184 εὶς
3483 1121 3547 1174 τὸ
3569 1121 3934 1190 μετανοῆσαι,

2346 1215 2482 1270 ἀλλὰ
2506 1215 2676 1286 τριῶν
2701 1215 2880 1286 μόνον.
2921 1215 2983 1268 '0
3010 1215 3066 1268 δὲ
3087 1214 3292 1287 λῃστὴς
3317 1215 3436 1268 οὐδὲ
3457 1215 3622 1284 ὡρῶν
3658 1214 3938 1267 τοσούτων

2347 1307 2564 1379 ἐδεήθη,
2593 1307 2730 1361 ἀλλά
2757 1308 2820 1360 τὸ
2844 1307 3123 1378 διάστημα
3149 1301 3212 1361 οὗ
3253 1306 3441 1377 εἴρηκε
3476 1307 3734 1378 ῥήματος
3773 1306 3938 1376 ἦρκε-

2350 1417 2440 1453 σεν
2469 1400 2618 1471 αὐτῷ
2645 1403 2724 1464 εἰς
2765 1400 3077 1471 μετάνοιαν,
3113 1400 3189 1464 ὡς
3220 1402 3278 1454 ὲν
3311 1401 3589 1472 ἀκαριαίῳ
3618 1400 3720 1452 τοῦ
3759 1403 3940 1468 παρὰ·

2347 1493 2526 1546 δείσου
2579 1492 2732 1550 ὲντδς
2761 1491 3037 1560 γενέσθαι.
3076 1511 3095 1544 ι
3128 1491 3314 1546 Ταῦτα
3341 1487 3436 1545 οὖν
3459 1491 3644 1556 εἰδὼς,
3676 1491 3756 1560 μὴ
3804 1492 3941 1544 κατά

2350 1587 2448 1657 τὴν
2489 1586 2772 1657 ἀκρίϐειαν
2800 1584 2908 1638 τῶν
2941 1583 3101 1638 Θείων
3139 1584 3379 1637 κανόνων
3410 1583 3677 1655 διορίζειν
3715 1584 3790 1636 τὰ
3828 1586 3941 1636 ἑπι-

2351 1678 2528 1748 τίμια,
2561 1677 2698 1731 ἀλλὰ
2728 1676 2868 1730 κατὰ
2898 1675 2996 1746 τὴν
3027 1675 3285 1745 ποιότητα
3311 1674 3406 1728 τοῦ
3451 1675 3786 1744 προσώπου.
3835 1674 3940 1727 Καὶ

2351 1769 2524 1823 ταῦτα
2567 1768 2666 1839 μὲν
2696 1769 2788 1820 ἐπὶ
2827 1766 3057 1837 ἀνδρῶν.
3102 1767 3226 1820 Ἐπὶ
3270 1767 3379 1836 γὰρ
3413 1765 3700 1834 γυναικῶν
3733 1765 3938 1834 πολλὴν

2351 1859 2554 1926 ὀφείλει
2599 1858 2698 1928 τὴν
2741 1857 2968 1927 ἔρευναν
3013 1855 3110 1909 καὶ
3154 1856 3254 1927 τὴν
3301 1856 3586 1927 ἀκρίϐειαν
3636 1855 3936 1909 ποιεῖσθαι.

2352 1950 2618 2006 ⁴Μάνουοί
2669 1951 2779 2020 γὰρ
2830 1949 2926 2002 καὶ
2975 1949 3079 2012 ἓως
3116 1949 3362 2018 μαγειῶν
3417 1949 3510 2002 καὶ
3544 1947 3935 2020 φαρμακειῶν.

2355 2044 2449 2097 καὶ
2475 2044 2676 2113 ἐτέρων
2711 2041 3129 2114 αἰσχροεργιῶν,
3159 2034 3236 2095 ὧν
3257 2040 3354 2095 καὶ
3376 2043 3438 2093 τδ
3474 2042 3795 2112 μνησθῆναι
3820 2058 3939 2112 φρι-

2357 2135 2508 2198 κτὸν,
2543 2136 2666 2206 οὐχὶ
2705 2135 2763 2187 δὲ
2807 2135 2902 2188 καὶ
2947 2135 3010 2187 τὸ
3056 2134 3474 2205 διαπράξασθαι.
3523 2134 3844 2187 Mollime
3884 2134 3939 2185 ἃ

2357 2228 2452 2279 καὶ
2493 2228 2552 2280 ὲν
2597 2229 2712 2285 τοῖς
2742 2224 3043 2296 συνηθείοις
3084 2224 3192 2279 τῶν
3238 2225 3590 2294 καταμηνίων
3630 2226 3826 2278 αὐτῶν
3868 2225 3940 2295 μὴ

2359 2317 2564 2381 εἰδότας
2605 2319 2732 2380 τοὺς
2765 2317 2985 2383 ἄνδρας.
3024 2315 3241 2370 Τούτων
3273 2316 3457 2386 μέντοι
3494 2316 3940 2387 ἐξομολογουμέ-

2359 2424 2465 2460 νων
2484 2406 2546 2459 οὑ
2571 2405 2653 2473 δεῖ
2678 2407 2778 2476 τὴν
2805 2405 3048 2475 κεφαλὴν
3087 2407 3546 2461 ἀκατακάλυπτον
3571 2403 3744 2460 εἶναι.
3769 2405 3943 2459 Τοῦτο

2360 2498 2470 2570 γάρ
2498 2500 2611 2561 τοῖς
2653 2497 2880 2567 ἀνδράσι
2911 2497 3342 2569 προτέτραπται.
3371 2499 3640 2554 ⁴Ιθθάνουσι
3668 2499 3861 2552 τοίνυν
3887 2502 3940 2550 at

2361 2593 2618 2658 γυναῖκες
2649 2592 2743 2641 καὶ
2773 2589 2934 2660 μέχρι
2967 2589 3144 2658 φόνων
3181 2590 3451 2660 διαφόρων
3482 2591 3542 2645 ὲν
3569 2594 3699 2655 ταῖς
3740 2590 3939 2659 συλλὴ-

2359 2681 2541 2750 ψεσιν,
2573 2677 2712 2734 ἀλλά
2732 2680 2828 2732 καὶ
2852 2682 2912 2732 ὲν
2939 2681 3128 2744 αὑταῖς
3153 2684 3273 2743 ταῖς
3301 2683 3536 2746 τελείαις
3563 2683 3795 2753 ἀποκυή
3807 2698 3940 2734 σεσι.

687 2783 805 2836 riis.
843 2778 1041 2832 Eorum
1081 2774 1226 2828 enim
1275 2773 1554 2826 nonnulla:
1613 2785 1717 2839 ope
1756 2769 2036 2838 cujusdam
2080 2768 2257 2822 herba:

2363 2774 2521 2836 Τινὲς
2555 2773 2666 2843 γὰρ
2698 2772 2878 2826 αὐτῶν
2910 2776 3004 2826 καὶ
3031 2773 3177 2827 κατά
3212 2775 3355 2845 μῆνα
3386 2776 3548 2843 φόνον
3591 2775 3818 2827 arctoum
3854 2773 3941 2826 διὲ

687 2871 915 2942 singulis
957 2865 1236 2922 mensibus
1267 2863 1468 2919 eadem
1507 2870 1724 2933 patrant
1748 2899 1764 2924 ,
1817 2870 1875 2914 ut
1909 2875 2008 2929 ego
2038 2860 2257 2914 humilis

2363 2883 2507 2929 τινος
2551 2865 2803 2936 βοτάνης.
2843 2865 2918 2928 ὡς
2963 2865 2992 2916 ό
3024 2867 3279 2928 ταπεινὸς
3312 2867 3422 2934 ἐγὼ
3463 2869 3605 2936 μετὰ
3653 2866 3768 2918 τῶν
3806 2882 3937 2936 προ-

686 2966 781 3020 Dei
812 2978 1002 3019 servus
1040 2959 1407 3014 miserandum
1452 2957 1555 3010 hoc
1600 2971 1724 3010 cum
1767 2955 2026 3009 omnibus
2065 2969 2257 3023 supra-

2364 2958 2686 3026 γραφέντων
2721 2957 2936 3009 πάντων
2977 2957 3070 3009 καὶ
3115 2957 3270 3010 τοῦτο
3303 2959 3645 3026 ἀνεδεξάμην
3677 2958 3743 3009 τὸ
3771 2957 3944 3009 ιελεει-

686 3055 902 3127 scriptis
946 3050 1296 3108 confessione
1348 3048 1556 3116 excepi.
1598 3047 1934 3115 Quapropter
1973 3055 2257 3116 postquam

2365 3050 2475 3102 νόν.
2512 3049 2620 3101 Καὶ
2648 3048 2736 3101 διὰ
2779 3047 2938 3100 τοῦτο
2965 3047 3108 3117 μετὰ
3136 3049 3198 3102 τὸ
3237 3050 3411 3102 πάντα
3445 3048 3743 3115 διεξελθεῖν
3784 3050 3944 3118 ἐρευ-

686 3153 802 3207 haec
829 3147 1012 3201 omnia
1049 3141 1398 3215 percurrcrit,
1427 3155 1521 3194 eas
1549 3139 1882 3206 interrogare
1914 3146 2166 3207 oportet,
2205 3139 2257 3192 et

2368 3143 2466 3212 νᾷν
2524 3142 2605 3192 δεῖ
2657 3141 2797 3193 πόσα
2848 3139 3142 3208 ἐφόνευσαν
3187 3141 3391 3202 παιδία.
3447 3144 3541 3193 καὶ
3595 3140 3843 3209 μάλιστα
3889 3139 3944 3191 αἱ

687 3239 985 3313 praesertim
1015 3235 1206 3290 viduas
1236 3241 1291 3287 et
1320 3230 1618 3284 monachas
1654 3237 1786 3298 quot
1819 3228 2257 3297 pucrulos'occi»

2363 3232 2688 3301 μονάζουσαι
2707 3243 2722 3258 ⁸
2758 3229 2852 3282 καὶ
2876 3229 2966 3283 διὰ
3004 3229 3172 3282 ποίων
3194 3230 3288 3282 καὶ
3314 3231 3494 3282 πόσων
3519 3245 3533 3258 °
3565 3231 3703 3282 ἄλλο
3735 3230 3849 3297 γὰρ
3877 3227 3937 3280 τὸ

689 3338 924 3396 derunt,
957 3337 1091 3401 quot
1121 3326 1298 3382 modis
1328 3332 1384 3379 et
1419 3323 1672 3394 qualibus
1713 3321 1817 3375 hoc
1855 3329 2256 3390 perpetrarunt.

690 3425 848 3480 Aliud
896 3423 1041 3480 enim
1083 3430 1166 3474 est
1213 3420 1568 3488 pharmacum
1615 3414 1866 3480 ebibere,
1910 3430 2020 3483 quo
2069 3413 2161 3470 ﬁat
2201 3421 2261 3467 ut

693 3529 798 3569 non
827 3513 1063 3580 amplius
1089 3509 1227 3563 ﬁlios
1258 3520 1546 3577 procreare
1574 3503 1785 3574 possit,
1833 3503 1980 3572 quod
2010 3504 2259 3556 omnium

692 3604 1072 3675 gravissimum
1106 3612 1224 3654 est:
1257 3598 1404 3653 aliud
1437 3611 1566 3652 vero
1593 3596 1646 3650 id
1673 3611 1766 3664 per
1798 3596 1983 3649 intrita
2011 3596 2259 3665 quzedalt

695 3704 972 3766 prmstare,
1003 3691 1149 3762 quod
1185 3689 1439 3760 praedicto
1473 3688 1643 3742 levius
1673 3693 1774 3740 est.
1808 3684 1954 3740 Istud
1983 3700 2131 3748 vero,
2168 3701 2262 3754 per

695 3787 891 3843 herbas
919 3783 1179 3853 quasdam
1228 3779 1454 3850 singulis
1494 3777 1774 3832 mensibus
1801 3775 1971 3831 fetum
2007 3789 2264 3831 excutere

695 3878 844 3932 omni
874 3875 1020 3932 crde
1042 3872 1405 3943 perniciosius
1432 3877 1536 3931 est,
1560 3869 1746 3939 illique
1771 3869 1875 3922 nisi
1908 3868 2158 3931 desistat,
2193 3869 2260 3921 ad

698 3980 929 4026 mortem
958 3981 1132 4036 usque
1155 3978 1263 4018 non
1293 3963 1702 4018 communicare
1729 3961 2030 4031 epitimium
2073 3961 2264 4014 tribui-

701 4073 808 4116 tur.
838 4059 1089 4113 Mulieres
1113 4071 1237 4111 cnm
1268 4055 1337 4110 ab
1363 4053 1610 4109 ecclesiis
1633 4061 1894 4123 separatae
1917 4061 2079 4114 sunt,
2115 4051 2264 4120 capi-

701 4157 769 4208 tis
805 4150 1185 4208 inclinationes
1230 4147 1348 4202 sine
1391 4143 1848 4216 prostrationibus
1891 4141 2114 4197 faciant.
2153 4141 2262 4196 Nec

703 4249 815 4302 haec
845 4253 1056 4298 tantum
1091 4239 1344 4294 mulieres
1375 4237 1601 4299 faciunt,
1633 4233 1728 4289 sed
1764 4234 1929 4288 etiam
1961 4247 2070 4287 non
2103 4247 2265 4288 secus

701 4353 766 4392 ac
800 4335 900 4388 viri
951 4332 1300 4403 polluuntur;
1347 4327 1452 4382 illa:
1489 4328 1652 4382 etiam
1695 4341 1816 4397 quae
1853 4326 1908 4380 in
1955 4326 2266 4396 virginitate

701 4433 920 4497 degunt,
950 4436 1004 4480 et
1033 4425 1237 4479 nullam
1273 4423 1713 4492 qualemcunque
1741 4420 1845 4474 viri
1873 4420 2263 4490 experientiam

703 4522 919 4575 habent.
945 4516 1215 4571 Hactenus
1243 4513 1312 4569 de
1343 4512 1585 4583 diligenti
1622 4521 1678 4567 et
1711 4519 1963 4566 accurata
2002 4513 2265 4566 conﬁten-
2293 4533 2344 4592 υ

699 4613 837 4666 tium
879 4609 1251 4678 inquisitione,
1287 4619 1587 4675 eorumque
1609 4603 1932 4659 diﬂ'erentia.

767 4703 1160 4772 Castigationes
1181 4707 1383 4762 autem,
1411 4711 1708 4767 earumque
1727 4695 2042 4750 diﬁ‘erentiaa
2061 4694 2262 4750 eadem

702 4808 846 4853 sunt.
871 4793 1214 4863 Quaecunque
1254 4800 1556 4862 perpetrata
1596 4799 1722 4844 sunt
1759 4798 1884 4842 ante
1917 4802 2120 4841 annum
2166 4785 2262 4840 tri-

703 4886 964 4940 cesimum
994 4883 1108 4937 sive
1149 4897 1180 4936 a
1213 4881 1378 4945 viris,
1415 4880 1528 4934 sive
1564 4894 1592 4933 a
1625 4877 1944 4933 mulieribus
1965 4917 1979 4940 ,
2015 4876 2175 4930 lacile
2205 4885 2258 4930 et

703 4977 949 5033 celeriter
969 4991 1035 5030 co
1045 4975 1366 5039 ndonentur,
1388 4971 1787 5041 qualiacunque
1804 4969 1936 5032 sint,
1952 4969 2023 5022 ita
2048 4977 2109 5022 ut
2127 4967 2265 5021 duo-

703 5086 824 5124 rum
855 5076 947 5122 aut
976 5066 1138 5122 trium
1171 5080 1437 5119 annorum
1465 5077 1681 5133 prnnam
1709 5075 1816 5116 non
1846 5060 2130 5123 excedant,
2157 5059 2263 5115 nisi

703 5161 879 5216 caedes
895 5159 966 5212 sit
995 5157 1267 5227 quaelibet,
1290 5169 1590 5224 magnaque
1615 5153 1792 5222 aliqua
1823 5151 2104 5220 sanguinis
2137 5166 2265 5221 per-

707 5249 916 5313 mistio,
941 5249 1055 5303 sive
1085 5248 1345 5301 incestus.
1379 5244 1575 5299 Eorum
1607 5259 1737 5297 vero
1761 5256 1882 5312 qua:
1911 5252 2032 5310 post
2058 5256 2264 5294 annum

703 5342 1040 5398 tricesimum
1075 5349 1472 5409 perpetrantur,
1509 5352 1679 5405 pretia:
1719 5337 1771 5389 in
1811 5350 2013 5388 annum
2047 5334 2264 5388 tertium

703 5445 756 5490 et
786 5443 1036 5504 quartum
1069 5430 1454 5486 extenduntur.
1492 5427 1597 5485 Ubi
1628 5443 1756 5483 vero
1789 5425 1963 5482 caedes
1991 5436 2075 5482 est
2117 5442 2225 5481 una
2249 5469 2263 5490 ,

703 5538 796 5581 aut
825 5526 1025 5596 plures,
1059 5532 1152 5578 aut
1181 5537 1498 5592 magnorum
1529 5524 1857 5576 incestarum
1881 5519 2119 5589 aliquod,
2152 5519 2267 5572 vel-

703 5614 781 5667 uti
819 5629 942 5668 cum
975 5626 1162 5666 sorore
1214 5623 1502 5679 germana,
1548 5610 1662 5664 sive
1705 5623 1769 5662 ex
1815 5615 1999 5677 patre,
2045 5606 2162 5660 sive
2199 5621 2264 5659 ex

704 5715 912 5768 matre,
944 5705 1027 5757 vel
1065 5701 1161 5756 ﬁlii
1187 5715 1385 5766 uxore,
1419 5701 1505 5755 vel
1551 5699 1912 5767 susceptrice,
1951 5697 2036 5752 vel
2072 5711 2263 5751 eorum

705 5796 797 5856 qui
825 5796 960 5850 duas
994 5809 1212 5850 sorores
1241 5792 1585 5850 matrimonio
1631 5800 1728 5846 aut
1760 5789 2117 5846 contubernio
2158 5788 2262 5845 sibi

2363 3326 2504 3374 πιεῖν
2555 3323 2844 3392 φάρμακον
2895 3321 2991 3376 καὶ
3040 3323 3235 3392 μηκέτι
3280 3324 3697 3393 παιὼποιῆσαι,
3753 3324 3785 3376 δ
3845 3327 3937 3374 καὶ

2364 3413 2658 3484 βαρύτερον
2688 3413 2932 3466 πάντων·
2968 3413 3063 3465 καὶ
3093 3412 3277 3484 ἕτερον
3311 3415 3371 3466 τὸ
3400 3413 3488 3466 διὰ
3524 3417 3887 3484 τριμμάτιον,
3915 3416 3944 3466 δ

2363 3503 2458 3556 τοῦ
2508 3503 2908 3574 προρῤηθέντος
2955 3505 3302 3574 κουφότερον.
3355 3503 3428 3556 Τὸ
3469 3503 3527 3556 δὲ
3564 3503 3659 3555 διὰ
3715 3505 3946 3574 βοτάνης

2363 3599 2504 3653 κατά
2533 3601 2674 3670 μῆνα
2693 3598 2928 3669 ἔμϐρυον
2961 3597 3332 3659 ἀποτίθεσθαι,
3362 3599 3578 3650 πάντων
3608 3599 3798 3666 φόνων
3827 3601 3948 3652 ὀλε-

2363 3690 2677 3762 θριὼτερον,
2710 3691 2739 3742 δ
2769 3690 2862 3742 καὶ
2906 3691 3011 3753 ἓως
3039 3690 3268 3743 Θανάτου
3300 3689 3360 3741 τὸ
3389 3691 3672 3759 ἐπιτίμιον
3710 3690 3852 3761 ἔχει.
3883 3692 3949 3743 ἄν

2362 3782 2521 3836 τοῦτο
2551 3784 2651 3834 οὐκ
2682 3781 2951 3852 ἀποκόψῃ,
2987 3782 3061 3850 μὴ
3091 3784 3386 3834 κοινωνεῖν.
3423 3783 3489 3834 Ai
3525 3785 3797 3850 γυναῖκες
3819 3785 3949 3836 ὅταν

2362 3875 2700 3944 κεκομμέναι
2757 3873 2866 3924 είσὶ
2909 3875 3008 3943 τῆς
3059 3873 3353 3941 ἐκκλησίας
3395 3875 3559 3944 μόνον
3619 3880 3948 3946 προσκυνή-

2365 3982 2478 4029 σεις
2511 3965 2835 4018 ποιείτωσαν
2867 3966 3034 4034 χωρὶς
3067 3965 3383 4033 μετανοιῶν.
3431 3966 3506 4018 Οὐ
3557 3967 3670 4038 μὴν
3703 3969 3787 4032 δὲ,
3814 3969 3950 4022 ἀλλά

2364 4055 2458 4108 καὶ
2509 4053 2896 4125 μαλακίζονται
2943 4055 3000 4106 αἱ
3043 4056 3299 4121 γυναῖκες
3349 4055 3424 4116 ὡς
3465 4055 3516 4106 οί
3562 4056 3802 4127 ἄνδρεςο
3857 4060 3949 4111 καὶ

2365 4145 2524 4198 αὑταὶ
2551 4143 2608 4196 δὲ
2640 4143 3070 4214 παρθενεύουσαι
3102 4145 3194 4196 καὶ
3226 4143 3362 4208 ὅλως
3402 4144 3478 4216 μὴ
3511 4146 3716 4200 εἰδυῖαι
3747 4152 3948 4218 πεῖραν

2363 4238 2556 4310 ἀνδρὸς
2589 4237 2688 4309 τὴν
2715 4236 2949 4292 οίανοῦν.
3004 4239 3109 4291 Καὶ
3136 4237 3305 4291 ταῦτα
3351 4241 3449 4309 μὲν
3476 4241 3743 4312 περὶτῆς
3786 4244 3948 4314 ἀκριο

2367 4329 2493 4393 ϐοῦς
2563 4328 2787 4398 ἐρεύνης
2863 4330 2960 4382 καὶ
3001 4329 3263 4399 διαφορᾶς
3340 4331 3448 4384 τῶν
3503 4331 3946 4406 ἐξομολογουμέ-

2369 4438 2495 4474 νων.

2432 4679 2602 4748 At”!
2649 4679 2994 4750 ἐπιτιμήσεις
3044 4680 3136 4731 καὶ⁵
3180 4680 3234 4733 αἱ
3271 4679 3524 4750 διαφοραὶ
3573 4683 3723 4735 εἰσιν
3759 4680 3944 4740 αὗται.

2366 4773 2506 4828 Ὅσα
2551 4771 2800 4840 ἐγένοντο
2835 4771 2938 4840 πρὸ
2977 4771 3268 4840 τριάκοντα
3307 4773 3512 4839 χρόνων
3542 4772 3604 4825 ἐν
3626 4791 3686 4826 τε
3719 4777 3948 4847 ἀνδράσι

2364 4863 2421 4916 ἐν
2433 4880 2491 4916 τε
2502 4863 2763 4930 γυναιξὶν,
2783 4861 3062 4928 εὐσύγγνω
3070 4879 3164 4914 στα
3181 4861 3420 4932 καὶταχυ
3430 4865 3807 4936 συγχώρηταβ
3815 4886 3950 4921 πω.

2367 4973 2465 5010 σαν
2495 4950 2582 5010 οἷα
2609 4955 2712 5012 κᾶν
2747 4956 2907 5018 εἰσιν,
2953 4953 3091 5007 ὥστε
3144 4955 3234 5006 καὶ
3265 4955 3368 5019 ἓως
3397 4955 3565 5025 τριῶν
3597 4957 3630 5027 ἢ
3661 4959 3782 5012 δύω
3812 4961 3951 5013 ἑτῶν

2365 5045 2511 5115 ἔχειν
2530 5045 2628 5116 τὴν
2650 5046 2971 5118 ἐπιτίμησιν
2989 5086 3004 5111 ,
3039 5045 3134 5100 ἐὰν
3163 5048 3262 5100 οὐκ
3287 5047 3399 5100 ἔστι
3416 5049 3576 5118 φόνος
3597 5043 3715 5113 οἷος
3743 5051 3949 5122 δήποτε

2364 5137 2488 5190 οὔτε
2529 5138 2736 5208 μεγάλη
2791 5135 3103 5209 αἱμομιξία.
3161 5139 3286 5192 Ἐὰν
3342 5141 3401 5193 δὲ
3452 5142 3593 5210 μετά
3643 5147 3949 5215 τριάκοντα

2365 5230 2571 5300 χρόνων
2593 5229 2870 5298 γεγόνασι,
2910 5231 3004 5283 καὶ
3046 5230 3150 5294 ἓως
3178 5231 3305 5301 τρία
3335 5234 3428 5284 καὶ
3455 5233 3724 5304 τέσσαρα.
3765 5237 3944 5289 ὐτον

2365 5319 2422 5372 δέ
2449 5322 2565 5372 ἐστι
2607 5321 2767 5388 φόνος
2796 5319 2832 5390 ἢ
2876 5321 2969 5372 καὶ
3011 5321 3158 5388 φόνοι
3186 5323 3280 5375 καὶ
3320 5324 3426 5376 ἀπὸ
3453 5325 3561 5376 τῶν
3596 5325 3827 5396 ὑψηλῶν
3857 5331 3945 5382 αἱ-

2370 5411 2670 5482 μομιξιῶνι,
2724 5413 2853 5498 ἦτοι(
2898 5413 3030 5485 περὶ
3076 5415 3303 5486 γνησίας
3344 5415 3604 5486 ἀδελφῆς,
3655 5420 3834 5490 ἧτουν
3884 5423 3948 5475 ἐκ

2367 5505 2575 5575 πατρὸς
2601 5506 2696 5560 καὶ
2741 5506 2966 5577 μητρὸς,
3011 5507 3045 5578 ἦ
3077 5507 3194 5561 υίοῦ
3230 5510 3505 5578 γυναικὸς,
3537 5511 3573 5581 ἢ
3620 5514 3948 5575 omn-ima.

2368 5598 2402 5668 ἢ
2431 5597 2540 5651 τῶν
2588 5596 2682 5651 δύο
2711 5597 2945 5668 ἀδελφὰς
2976 5600 3359 5671 λαμϐανόντων
3402 5604 3485 5667 είς
3515 5609 3886 5672 συνοικέσιον,
3915 5607 3948 5677 ἦ

2368 5694 2448 5754 είς
2468 5692 2566 5755 τὰς
2593 5693 2862 5764 μητρυιὰς
2896 5693 3074 5748 αὐτῶν
3096 5695 3530 5767 ἑπιμαινόμενοι,
3559 5697 3657 5770 ἐτη
3693 5696 3790 5768 ιβ’.
3823 5699 3950 5752 Ἐὰν

2367 5786 2424 5839 δὲ
2453 5785 2590 5855 τύχῃ
2624 5785 2892 5854 θυγατρὸς
2919 5781 2987 5854 ἦς
3011 5788 3261 5852 ἐδέξαντο
3288 5787 3323 5854 ἢ
3348 5789 3430 5853 είς
3464 5787 3602 5843 ἰδίαν
3634 5791 3878 5865 μητέρα,
3910 5793 3944 5859 ἢ
