4112 6416
209 470 341 533 1905

1527 481 2120 546 PCENITENTIALE.

3300 470 3437 541 1906

208 579 284 639 εἰς
322 574 455 630 ίδίαν
491 574 784 650 θυγατέρα,
812 579 905 652 ἐτη
939 583 1018 637 ιε’.
1067 584 1190 639 Ἐὰν
1220 587 1278 640 δέ
1306 606 1388 652 τις
1441 590 1579 643 κατὰ
1607 589 1756 658 φύσιν

1870 584 2147 655 copulant,
2177 582 2259 636 vel
2290 582 2342 636 in
2376 594 2636 635 novercas
2667 580 2874 646 furuut,
2916 578 2968 632 in
2999 578 3438 633 annumduode‘

203 668 410 737 ἥμαρτε
443 666 603 737 μόνον
636 669 730 722 καὶ
753 670 815 723 οὐ
840 673 1162 743 περιέπεσεν
1186 679 1265 741 είς
1288 677 1358 731 τὰ
1387 679 1537 751 παρά
1579 680 1761 748 φύσιν,

203 756 322 810 οὔτε
348 758 428 821 είς
452 758 775 828 αἰμομιξίας
815 757 903 816 οἷα
952 767 1052 820 κᾶν
1100 770 1203 821 είσι
1243 769 1337 822 καὶ
1367 770 1487 835 ὅσα,
1521 771 1613 823 καὶ
1656 770 1762 834 ἕως

201 846 409 915 χρόνου,
460 846 494 916 ἢ
543 848 638 902 καὶ
666 848 837 919 ἥμισυ
877 854 1269 925 ἐπιτιμᾶσθαιο
1300 856 1396 911 ἐὰν
1434 858 1492 911 δὲ
1530 860 1625 913 ἐπὶ
1661 876 1759 928 γυ-

201 940 359 990 ναῖκα
386 937 538 1005 φόνοι
569 941 713 1004 τινὲς
739 941 1004 1014 διάφοροι,
1037 950 1129 999 καὶ
1163 950 1385 1016 μαγεῖαι
1410 950 1760 1020 ἐπράχθησαν

197 1025 231 1098 ἢ
260 1028 354 1081 καὶ
389 1028 496 1091 ἕως
521 1030 631 1083 τῶν
660 1032 809 1102 παρὰ
847 1035 1025 1104 φύσιν,
1061 1040 1153 1092 καὶ
1182 1038 1286 1104 ἕως
1310 1039 1474 1107 ὀκτὼ,
1507 1042 1603 1094 καὶ
1627 1041 1761 1095 δέκα

197 1116 552 1188 ἐπιτιμᾶσθαι
573 1122 742 1187 αὐτὰς
765 1125 920 1182 ἐτῶν.

1871 676 2072 730 cimum
2095 687 2253 744 paena
2274 679 2616 742 prorogatur.
2642 668 2698 723 Si
2719 684 2847 723 vero
2876 668 2984 723 lilia
3015 670 3251 736 potiatur
3273 684 3434 738 quam

1872 766 1939 819 de
1966 764 2113 819 fonte
2143 761 2422 830 suscepit,
2463 760 2549 814 vel
2585 759 2639 813 in
2666 757 2942 829 propriam
2971 767 3195 811 matrem
3217 795 3232 820 ,
3261 756 3343 810 vel
3383 758 3435 809 in

1867 855 2143 927 propriam
2165 853 2354 912 filiam.
2381 852 2435 905 in
2458 866 2661 904 annum
2685 863 2859 919 usque
2877 847 3143 902 decimum
3162 846 3434 917 quintum.

1867 948 1925 1002 Si
1957 963 2082 1002 vero
2106 947 2403 1002 secundum
2436 956 2684 999 naturam
2719 950 2928 995 tantum
2958 940 3215 1009 peccavit,
3250 952 3348 994 nec
3380 937 3434 991 in

1863 1056 1927 1095 ea
1957 1056 2079 1110 quas
2109 1049 2301 1110 praeter
2332 1048 2581 1093 naturam
2614 1045 2744 1091 sunt
2775 1034 2986 1095 incidit,
3015 1047 3114 1086 nec
3142 1033 3194 1085 in
3230 1034 3434 1087 incesta

1862 1132 2262 1203 qualiacunque
2289 1132 2400 1187 sint
2424 1170 2440 1195 ,
2480 1139 2535 1184 et
2571 1137 2737 1200 quota
2766 1167 2782 1192 ,
2813 1127 2865 1180 in
2897 1141 3098 1179 annum
3130 1133 3221 1178 aut
3251 1124 3434 1194 seSqtli

196 1224 399 1266 annum
422 1213 603 1282 puniri
626 1228 859 1285 Oportet.
896 1218 952 1275 Si
978 1233 1157 1277 autem
1182 1239 1214 1279 a
1242 1226 1562 1283 mulieribus
1590 1232 1763 1282 cades
1802 1227 1966 1282 varia:
2014 1234 2063 1284 el
2120 1228 2314 1298 magis
2378 1224 2533 1279 facta:
2601 1233 2766 1287 sunt,
2797 1220 2883 1275 vel
2920 1237 3092 1291 usque
3121 1219 3188 1275 ad
3226 1234 3288 1274 ea
3317 1232 3436 1287 (μελε

196 1315 322 1383 sunt
348 1316 546 1374 praeter
570 1318 820 1365 naturam
865 1327 1179 1381 processum
1224 1313 1425 1383 fuerit,
1460 1317 1528 1373 ad
1572 1317 1882 1372 octennium
1916 1327 1970 1372 et
2018 1317 2341 1373 decennium
2368 1330 2463 1370 eas
2488 1314 2667 1383 puniri
2700 1318 2932 1380 oportet.

261 1393 372 1449 Kal
399 1394 605 1462 ταύτας
639 1399 697 1454 δὲ
742 1402 842 1466 τὰς
879 1403 1143 1476 διαφορὰς
1175 1408 1266 1461 καὶ
1298 1408 1395 1473 τὰς
1422 1411 1766 1481 ἐπιτιμήσεις

192 1485 320 1556 περὶ
349 1484 455 1555 τῆς
486 1490 772 1553 κοινωνίας
803 1493 1076 1566 ὁρίζομεν.
1126 1498 1352 1552 Πάντων
1395 1500 1504 1572 γὰρ
1530 1500 1765 1572 βαρύτε-

192 1592 287 1646 ρον
305 1578 613 1650 ἁμάρτημα
635 1582 694 1634 τὸ
721 1584 957 1649 ἀναξίως
982 1592 1275 1645 κοινωνεῖν.
1313 1592 1377 1644 ὐ
1403 1592 1499 1645 καὶ
1521 1591 1765 1647 διέλαθεν

188 1667 338 1737 ἡμᾶς
374 1669 687 1740 ἐρωτᾶσθαι
739 1675 866 1739 τοὺς
916 1675 1441 1749 ἐξομολογουμένους
1487 1682 1625 1751 μετά
1662 1682 1762 1753 τὴν

1939 1408 2048 1465 llas
2093 1408 2425 1465 differentias
2464 1414 2519 1460 et
2572 1405 2880 1475 punitiones
2933 1401 3001 1456 de
3045 1400 3435 1456 communione

1865 1499 2208 1555 decernimus
2242 1517 2255 1553 :
2292 1506 2573 1567 peceatum
2604 1496 2744 1547 enim
2774 1492 3020 1546 omnium
3054 1490 3431 1558 gravissimum

1864 1600 1969 1653 est,
2000 1589 2219 1657 indigne
2237 1586 2661 1643 communicare.
2693 1583 2850 1638 Istius
2877 1582 2956 1637 rei
2989 1596 3018 1634 a
3049 1580 3431 1635 confitentibus

1864 1680 2220 1751 interrogatio
2241 1688 2361 1749 post
2386 1677 2631 1731 omnium
2659 1681 3004 1745 peccatorum
3031 1671 3455 1741 confessionem.

190 1758 409 1873 fama“
432 1760 545 1869 τῶν
565 1764 975 1873 διμαρτημάτων
1007 1768 1410 1841 ἐξομολόγησιν,
1451 1772 1534 1835 τὸ,
1573 1774 1622 1827 εί
1650 1773 1756 1839 ἄρα

1864 1787 1965 1827 nos
2021 1770 2276 1841 fugerat,
2335 1768 2591 1835 scilicet,
2653 1782 2722 1821 an
2780 1764 3141 1835 praeconfessa
3178 1770 3430 1832 operatus

186 1847 255 1950 τα
301 1850 875 1950 πρρεξομολογηθέντα
926 1858 1095 1912 ποιῶν
1148 1859 1457 1915 ἐκοινώνειο
1487 1863 1623 1933 ὅπερ
1661 1863 1757 1917 ἐὰν

186 1940 341 2010 εἴπῃ.
374 1940 520 1995 Nat"
556 1946 651 1997 καὶ
695 1945 927 2014 μάλιστα
953 1948 1058 2013 ἔξω
1075 1950 1168 2004 τοῦ
1198 1953 1405 2022 Πάσχα,
1438 1955 1595 2008 τοῦτο
1624 1956 1756 2011 πάν-

182 2044 293 2082 των
321 2033 508 2102 χεῖρον
533 2028 672 2088 εἶναι
691 2052 707 2067 ·
742 2032 854 2090 οἷον
895 2040 998 2094 κᾶν
1028 2043 1146 2095 ἐστι
1184 2044 1294 2097 τῶν
1323 2045 1619 2115 ἐλαχίστων
1649 2065 1756 2101 πα-

189 2119 504 2225 ράπτωμαέ
527 2125 644 2225 ἦτοι
674 2126 736 2180 τὸ
770 2128 1072 2201 ἁμάρτημα
1096 2147 1111 2162 ο
1143 2134 1237 2187 καὶ
1294 2134 1475 2189 πλεῖον
1507 2136 1607 2209 τὴν
1651 2140 1757 2192 ἀπ·

186 2217 321 2281 οχὴν
353 2217 536 2267 ποιεῖν
566 2218 667 2287 τῆς
698 2220 967 2289 ἀχράντου
992 2225 1295 2290 κοινωνίας.

254 2301 394 2372 Περὶ
440 2303 500 2358 δὲ
544 2304 799 2377 βρώσεως
843 2310 938 2364 καὶ
980 2312 1191 2378 πόσεως
1236 2315 1329 2368 καὶ
1366 2317 1553 2388 εὐχῆς,
1599 2320 1673 2384 ὼς
1718 2323 1754 2391 ή

180 2391 418 2446 ἑκάστου
450 2394 675 2451 δύναται
721 2398 887 2469 φύσις
933 2402 1027 2456 καὶ
1066 2402 1259 2475 γνώμη
1302 2408 1398 2459 καὶ
1435 2408 1755 2480 προαίρεσις

179 2485 276 2536 καὶ
302 2485 463 2557 ἰσχὺς
492 2490 587 2544 καὶ
621 2490 857 2558 διάθεσις
877 2509 893 2525 ο
932 2497 1094 2565 ἡμεῖς
1126 2496 1183 2550 δὲ
1210 2496 1304 2551 δύο
1329 2500 1466 2564 τέως
1493 2500 1753 2573 διαφορὰς

177 2574 381 2646 ἔχομεν
414 2579 477 2644 ἐξ
525 2575 601 2636 ὧν
639 2584 734 2637 καὶ
781 2585 1043 2657 ποιοῦμεν
1078 2589 1172 2642 καὶ
1210 2589 1425 2662 δίδομεν
1464 2595 1577 2656 τοῖς
1623 2596 1755 2663 ἡμῖν

176 2666 725 2742 ὲξοξλνιολογουμένοις.
763 2671 888 2731 Οἷον
922 2679 1024 2733 κᾶν
1064 2682 1231 2743 ἐστιν,
1273 2681 1307 2753 ἢ
1350 2677 1438 2736 οἷα
1474 2684 1544 2736 τὰ
1574 2686 1756 2755 ἁμαρ-

178 2760 434 2828 τήματα,
463 2765 560 2817 καὶ
605 2768 663 2820 ἐν
689 2770 800 2831 τοῖς
844 2770 1097 2839 μεγάλως
1141 2771 1234 2825 καὶ
1262 2772 1473 2843 μικρῶς
1502 2776 1753 2845 ἡμαρτη-

179 2849 325 2902 κόσι.
379 2852 726 2925 Προείπομεν
758 2859 865 2929 γὰρ
896 2862 978 2913 ὅτι
1004 2862 1063 2913 ἐν
1089 2865 1198 2925 τοῖς
1246 2862 1754 2932 ἐξομολογουμένοις

173 2942 297 2995 ἐστὶ
319 2946 420 2998 καὶ
443 2949 504 2999 ἐν
526 2951 640 3012 τοῖς
661 2951 1072 3022 ἀναδεχομένοις
1099 2956 1131 3025 ὴ
1153 2955 1364 3026 ἐλαφρὰ
1392 2958 1483 3009 καὶ
1505 2958 1537 3027 ἡ
1562 2957 1753 3027 βαρεῖα

173 3032 288 3084 τῶν
322 3036 623 3106 ἐπιτιμίων
664 3039 831 3103 δόσις.
884 3043 949 3095 Ἦ
980 3044 1088 3113 γὰρ
1133 3044 1225 3097 τοῦ
1269 3046 1752 3116 ὲξομολογουμένου

1858 1862 2361 1921 communicaverit.
2388 1861 2525 1915 Cum
2560 1860 2777 1923 dixerit,
2812 1860 2889 1913 ita
2926 1876 2939 1913 :
2990 1856 3224 1911 maxime
3247 1867 3427 1909 autem

1855 1967 2008 2014 extra
2053 1955 2282 2021 Pascha,
2322 1956 2428 2009 hoc
2449 1953 2690 2007 omnium
2736 1951 2921 2021 pejus,
2962 1949 3087 2003 licet
3118 1946 3316 2002 oﬂ‘ensa
3356 1946 3430 2000 sit

1855 2049 1923 2104 de
1984 2048 2259 2119 minimis,
2311 2044 2477 2099 veluti
2528 2043 2752 2112 simplex
2812 2050 3146 2111 peceatum;
3214 2036 3428 2106 longior

1857 2136 2187 2194 abstinentia
2212 2134 2575 2190 immaculata:
2606 2129 3002 2187 communionis
3030 2128 3104 2182 illi
3134 2137 3217 2182 est
3249 2126 3424 2196 impo-

1853 2231 2052 2287 nenda.

1923 2318 2079 2386 Quod
2118 2330 2246 2371 vero
2275 2314 2341 2370 ad
2387 2314 2606 2375 cibum,
2656 2320 2841 2381 potum
2882 2318 2935 2364 et
2960 2308 3260 2363 orationem
3296 2305 3424 2361 atti-

1854 2422 1983 2477 net,
2034 2418 2297 2480 quantum
2343 2404 2774 2474 uniuscujusque
2813 2412 3044 2462 natura,
3115 2399 3423 2467 ingenium,

1853 2502 2080 2561 electio.
2109 2500 2281 2554 virtus
2304 2538 2320 2562 ,
2356 2506 2411 2552 et
2447 2495 2731 2565 dispositio
2762 2490 2903 2546 ferre
2935 2489 3151 2559 poterit.
3184 2488 3294 2542 Nos
3328 2502 3425 2540 au-

1854 2606 1961 2655 tem
1990 2595 2251 2650 hactenus
2273 2591 2483 2647 duabus
2524 2586 2843 2644 differentiis
2872 2586 2955 2640 usi
3009 2597 3201 2637 sumus
3227 2595 3424 2634 secun-

1852 2687 1981 2741 dum
2022 2698 2161 2754 quas
2186 2682 2434 2751 agimus,
2463 2687 2519 2735 et
2557 2678 2715 2733 nobis
2740 2674 3129 2732 confitentibus
3158 2673 3425 2744 pmnileu-

1861 2779 1965 2832 tias
2024 2775 2377 2845 imponimus.
2444 2771 2741 2837 Qualenam
2805 2765 2936 2821 illud
2980 2764 3072 2830 sit,
3116 2763 3199 2818 vel
3243 2764 3425 2833 qualia

1855 2876 2115 2938 peccata;
2164 2866 2211 2922 si
2249 2866 2391 2920 inter
2453 2877 2550 2917 eos
2605 2859 2943 2930 reponendus
2997 2856 3089 2927 qui
3119 2870 3313 2922 magna
3342 2855 3425 2911 vel

1855 2971 2016 3025 parva
2050 2960 2362 3023 peccarunt;
2416 2960 2574 3004 antea
2616 2947 2759 3001 enim
2805 2945 3044 2999 diximus
3072 2945 3217 3014 quod
3251 2942 3424 2997 confi-

1854 3042 2122 3105 tentibus,
2165 3049 2303 3095 utet
2329 3035 2776 3097 confessoribus,
2803 3032 2935 3087 levis
2978 3041 3092 3095 est,
3138 3039 3194 3085 et
3244 3029 3427 3100 gravis

172 3121 512 3189 ἀδίστακτος
545 3127 728 3191 πίστις
772 3146 831 3182 τε
878 3131 971 3184 και
1006 3133 1062 3198 ἐξ
1092 3127 1167 3185 ὧν
1199 3134 1311 3203 ἔχει
1357 3135 1658 3205 μετάδοσις,
1692 3138 1756 3207 ἦν

1861 3150 2145 3206 pmnarum
2185 3131 2481 3203 impositio.
2521 3128 2653 3183 Nam
2682 3138 2827 3183 certa
2876 3137 2927 3182 et
2964 3125 3262 3180 indubitata
3294 3139 3427 3179 con-

172 3229 283 3265 που
311 3215 345 3267 ὀ
378 3218 653 3287 μακάριος
694 3219 1008 3283 ’Δπόστολος
1052 3223 1265 3291 καρπὸν
1311 3225 1545 3287 πίστεως
1576 3226 1755 3278 ἐπιλέ-

172 3313 287 3365 γει.
328 3304 430 3353 καὶ
474 3304 509 3373 ἡ
555 3304 649 3356 τοῦ
701 3305 1094 3377 ἀναδεχομένου
1126 3311 1216 3362 τὸν
1268 3311 1587 3383 ἐξομολογού
1597 3331 1755 3383 μενον

172 3390 549 3464 εὑσύγκριτος
583 3397 762 3468 κρίσις
793 3398 889 3451 καὶ
929 3399 1128 3468 γνῶσις
1161 3403 1255 3455 καὶ
1303 3404 1590 3476 συμπαθὴς
1628 3421 1757 3473 συγ-

173 3484 493 3550 κατάϐασις
525 3488 701 3542 πάντα
729 3489 942 3563 ἐλαφρὰ
972 3486 1081 3546 οἶδε
1112 3495 1205 3548 καὶ
1234 3498 1299 3548 τὰ
1348 3497 1476 3567 περὶ
1502 3495 1756 3568 βρώσεως

170 3576 273 3628 καὶ
304 3576 530 3639 πόσεως
573 3580 671 3633 καὶ
707 3583 1010 3650 κοινωνίας,
1060 3586 1154 3638 καὶ
1186 3587 1421 3655 μάλιστα
1459 3590 1509 3639 εί
1545 3587 1681 3662 τύχῃ
1726 3590 1756 3642 ὁ

170 3666 683 3739 ἐξομολογούμενος
716 3673 801 3725 ἵνα
848 3675 956 3746 πρὸ
992 3674 1085 3729 τοῦ
1121 3675 1615 3749 ἐξομολογήσασθαι
1648 3682 1756 3733 ἁπ-

170 3755 349 3826 ἐκοψε
389 3759 490 3814 τοῦ
523 3761 875 3833 ἁμαρτάνειν,
919 3765 952 3835 ἢ
990 3767 1241 3836 ὁμολογεῖ
1268 3768 1373 3822 κᾶν
1410 3770 1516 3822 ἀπὸ
1547 3770 1645 3840 τῆς
1671 3771 1756 3834 ἐξ·

170 3849 567 3920 ομολογήσεως
614 3854 967 3910 ἀποκόπτειν.
1009 3859 1199 3912 Πολλοὶ
1228 3862 1335 3930 γάρ
1379 3863 1487 3914 είσι
1533 3862 1628 3915 καὶ
1668 3864 1756 3930 ἐξ-

167 3941 581 4011 ομολογοῦνται
608 3946 703 4001 καὶ
730 3946 1048 4014 λυποῦνται,
1093 3950 1211 4005 ἀλλ’
1235 3953 1385 4022 ὅμως
1428 3951 1462 4023 ἢ
1507 3952 1687 4021 φύσει,
1718 3956 1753 4027 ἢ

168 4030 382 4105 κλοπῇ,
426 4034 462 4106 ἢ
505 4038 885 4111 κακογνωμίᾳ,
926 4039 961 4113 ἢ
993 4043 1089 4095 καὶ
1115 4045 1328 4115 πονηρᾷ
1359 4045 1618 4117 συνηθείᾳ
1652 4047 1756 4101 πά-

164 4123 254 4177 λιν
280 4126 621 4195 σφάλλονται
666 4130 761 4184 καὶ
787 4133 1204 4203 περιπίπτουσιν
1232 4136 1642 4209 ἁμαρτήμασιν.
1688 4139 1753 4193 Ol

166 4216 418 4272 τοιοῦτοι
463 4219 642 4275 τοίνυν
687 4222 775 4275 ινα
818 4225 1049 4279 πάντοτε
1090 4226 1515 4296 ἐξομολογῶνται
1559 4233 1751 4294 ὁσάκις

164 4308 269 4362 ἐὰν
308 4309 581 4366 πέσωσιν.
624 4312 750 4367 Ἐὰν
789 4314 849 4369 δὲ
872 4316 968 4369 καὶ
1005 4317 1070 4372 τὰ
1118 4318 1367 4389 ἐπιτίμια
1402 4322 1582 4376 αὐτῶν
1616 4323 1754 4394 πλη-

1856 3229 2056 3284 fltentis
2091 3226 2225 3281 lides
2247 3264 2263 3289 ,
2312 3234 2369 3279 et
2402 3237 2599 3278 eorum
2631 3236 2755 3292 qua:
2795 3220 3033 3290 possidet
3071 3218 3422 3285 distributio,

1855 3338 2018 3395 quam
2065 3322 2258 3376 beatus
2294 3317 2583 3386 Apostolus
2625 3314 2823 3369 alicubi
2878 3313 3001 3367 fidei
3043 3313 3278 3366 fructum
3326 3328 3424 3366 vo-

1858 3425 1949 3471 cat
1982 3416 2026 3447 "
2051 3455 2066 3480 ,
2106 3421 2161 3467 et
2184 3409 2517 3466 confessoris
2546 3408 2803 3462 selectum
2831 3404 3117 3475 judicium,
3148 3413 3203 3458 et
3239 3404 3428 3474 cogni-

1857 3509 1969 3573 tio,
2012 3506 2297 3575 fscilisque
2336 3510 2391 3558 et
2437 3499 2775 3569 compatiens
2811 3497 3247 3552 accommodatio
3290 3495 3426 3551 levia

1855 3598 2039 3653 omnia
2072 3594 2349 3659 decernit,
2386 3592 2501 3647 sive
2525 3590 2707 3646 cibum
2741 3594 3013 3656 spectent,
3055 3586 3170 3640 sive
3200 3594 3385 3654 potum
3407 3625 3423 3646 ,

1854 3688 1968 3743 sive
1997 3684 2436 3741 communionem
2462 3721 2477 3747 ,
2534 3677 2828 3751 prmsertim
2854 3675 2901 3731 si
2932 3674 3213 3743 contingat
3257 3672 3427 3729 conli-

1855 3790 2054 3835 tentem
2082 3786 2208 3832 ante
2236 3774 2639 3829 confessionem
2671 3786 2701 3824 a
2733 3778 2956 3839 peccato
2981 3767 3257 3822 destitisse
3281 3805 3297 3828 ,
3329 3772 3426 3819 aut

1854 3869 2135 3940 pollicetur
2178 3882 2238 3920 se
2279 3862 2625 3919 confessione
2677 3859 2820 3913 facta
2870 3858 3222 3913 destiturum.
3273 3853 3424 3908 Multi

1851 3961 1996 4015 enim
2018 3957 2368 4019 conﬁtentur,
2396 3964 2452 4009 et
2480 3955 2547 4009 de
2581 3951 2817 4023 peccatis
2838 3949 3081 4004 dolorem
3109 3947 3428 4016 concipiunt

1850 4063 1905 4109 et
1950 4051 2270 4116 tristitiam;
2322 4057 2562 4104 attamen
2602 4046 2686 4099 vel
2725 4053 2956 4108 natura,
2992 4041 3075 4095 vel
3119 4039 3427 4113 subreptio-

1852 4160 1960 4208 ne,
1992 4144 2075 4197 vel
2119 4142 2258 4196 mala
2306 4150 2360 4195 et
2400 4139 2697 4194 deliberata
2754 4135 2923 4191 animi
2976 4132 3245 4190 sententia
3271 4170 3288 4197 ,
3339 4132 3421 4186 vel

1854 4249 2017 4304 prava
2043 4230 2437 4287 consuetudine
2470 4229 2667 4283 iterum
2702 4226 3074 4295 dejiciuntur,
3109 4233 3165 4277 et
3207 4224 3261 4276 in
3303 4236 3428 4284 pec-

1854 4334 1974 4381 cata
2027 4322 2297 4378 incidunt.
2348 4318 2515 4390 Igitur
2565 4318 2656 4389 qui
2712 4326 2840 4373 sunt
2893 4314 3160 4385 ejusmodi
3215 4327 3428 4381 semper

168 4401 463 4468 ρώσωσιν,
488 4403 588 4456 ὅσα
615 4404 682 4457 ἂν
714 4404 810 4475 ἐτη
840 4406 1030 4461 ἔλαθον
1057 4409 1207 4479 παρὰ
1236 4411 1331 4465 τοῦ
1358 4410 1752 4482 δεσμεύσαντος

1857 4417 2217 4472 confiteantur
2248 4411 2465 4481 quoties
2517 4409 2849 4465 ceciderunt.
2901 4406 2960 4461 Si
3011 4420 3140 4459 vero
3184 4403 3425 4472 epitimia

161 4493 388 4557 αὐτοὺς
409 4534 426 4557 ,
480 4495 570 4548 καὶ
610 4494 861 4566 μέλλουσι
910 4502 1187 4553 κοινωνεῖν
1233 4479 1750 4576 ἀποπληρώσαντες,

1862 4508 2102 4577 ipsorum
2130 4479 2522 4573 compleverint
2545 4542 2561 4565 ,
2606 4509 2685 4554 tot
2729 4498 2943 4554 scilicet
2984 4510 3158 4550 annos
3188 4506 3320 4563 quot
3357 4495 3426 4547 ab

168 4586 342 4655 μηδὲι
372 4585 498 4639 τότε
550 4589 977 4643 κοινωνείτωσαν
1004 4594 1054 4645 εί
1088 4592 1225 4656 ὅλως
1264 4595 1461 4659 αὐτοὺς
1509 4596 1751 4664 ἐλεῶσιν,

1858 4610 1924 4651 eo
1950 4595 2046 4665 qui
2072 4609 2170 4650 eos
2212 4593 2399 4664 ligavit
2434 4598 2779 4660 acceperunt,
2812 4595 2867 4642 et
2894 4586 3043 4641 velut
3075 4584 3158 4638 bis
3184 4583 3426 4653 comple-

161 4671 316 4725 ἀλλὰ
373 4674 984 4744 παραφυλαττέσθωσαν
1011 4679 1112 4750 τὴν
1156 4681 1426 4751 ἄχραντον
1469 4686 1753 4739 κοινωνίαν

1859 4689 1929 4742 tis
1955 4684 2068 4754 jam
2097 4684 2548 4741 communicaturi
2577 4689 2747 4748 sunt,
2790 4681 2835 4737 si
2866 4678 3093 4734 omnino
3129 4676 3214 4732 sui
3254 4676 3424 4745 ipsius

160 4763 279 4827 hoc
317 4764 396 4818 ἂν
432 4766 809 4835 ἀποκόψωσιν·
854 4768 1039 4832 ἐλέους
1077 4770 1186 4843 γὰρ
1226 4773 1321 4825 καὶ
1365 4773 1554 4828 τούτου
1592 4776 1754 4831 ἕνεκα

1858 4778 2185 4834 miserentur
2212 4815 2230 4844 ,
2269 4791 2447 4847 neque
2488 4784 2620 4830 tunc
2658 4772 3095 4841 communicent,
3139 4768 3233 4824 sed
3270 4766 3425 4821 diffe-

162 4854 347 4960 μόνον
389 4856 451 4908 ἐν
479 4858 547 4927 τῇ
574 4858 754 4929 κρίσει
778 4856 1191 4932 ἀξιωθήσονται.

1860 4880 1982 4927 rant
2026 4880 2082 4928 et
2140 4880 2429 4928 reservent
2476 4868 2877 4925 immaculatam
2932 4862 3372 4921 communionem
3406 4920 3422 4943 .

160 4947 633 5100 :ozegrpeccare
697 4950 1049 5006 destiterint:
1099 4953 1262 5021 hujus
1300 4955 1445 5009 enim
1495 4959 1573 5013 rei
1616 4974 1782 5015 causa
1818 4963 1995 5018 solum
2057 4964 2112 5020 in
2177 4963 2265 5020 die
2315 4962 2504 5034 judicii
2587 4957 2958 5017 misericordis
3019 4955 3167 5028 digni
3233 4967 3422 5009 cense-

203 5060 239 5099 u
399 5081 415 5096 .

203 5058 415 5099 untur.

253 5130 493 5203 Ἐπειδὴ
520 5132 579 5187 δι
601 5134 708 5187 εἰσί
724 5151 871 5200 τινες
906 5137 999 5209 βία
1015 5138 1181 5204 ἕξεως
1206 5141 1342 5212 μηδὲ
1366 5143 1425 5195 ἐν
1450 5146 1516 5215 τῇ
1540 5146 1755 5219 μεγάλῃ

1920 5146 2054 5203 Cum
2085 5156 2212 5197 vero
2244 5142 2491 5197 nonnulli
2512 5150 2641 5196 sunt
2670 5140 2763 5209 qui
2784 5153 2896 5210 pra:
2928 5134 3265 5193 babitudinls
3304 5134 3425 5190 vio-

159 5224 611 5333 :I‘safrapaxoatjj
668 5230 939 5333 κρατῆσαι
1014 5230 1239 5294 ἑαυτοὺς
1296 5234 1403 5287 ἀπὸ
1472 5235 1754 5305 ἁμαρτιῶν

1857 5238 2016 5292 lentia
2052 5236 2263 5303 seipsos
2307 5249 2340 5290 a
2369 5233 2604 5302 peccatis
2633 5246 2701 5287 ne
2752 5232 2808 5286 in
2839 5232 2953 5301 ipsa
2982 5230 3199 5300 quidem
3228 5243 3422 5298 magna

161 5317 487 5423 ἰσχύοντες,
512 5316 607 5423 καὶ
625 5316 779 5423 αὐτοὶ
798 5317 855 5371 δὲ
883 5318 1139 5385 πολλάκις
1160 5322 1210 5375 oi
1237 5327 1499 5391 γυναῖκας
1519 5326 1753 5397 ἔχοντες,

1857 5329 2275 5399 Quadragesima
2322 5331 2599 5383 continere
2657 5334 2909 5396 possunt.
2940 5322 3247 5394 cujusmodi
3293 5331 3424 5374 sunt

156 5408 284 5480 χρὴ
330 5407 479 5477 μετὰ
504 5408 567 5461 τὸ
608 5409 894 5481 πληρῶσαι
924 5413 1017 5466 καὶ
1044 5415 1241 5478 αὐτοὺς
1269 5415 1339 5469 τὰ
1376 5416 1555 5471 αὐτῶν
1578 5420 1754 5472 ἐπιτί-

1857 5437 1994 5491 saepe
2045 5421 2211 5475 etiam
2248 5418 2285 5474 ii
2319 5418 2412 5489 qui
2438 5431 2637 5472 uxores
2667 5416 2888 5477 habent,
2929 5422 3142 5483 oportet
3175 5420 3230 5466 et
3276 5411 3424 5480 ipsos

160 5518 278 5605 μὶα
307 5516 325 5531 ·
384 5499 482 5553 ἐὰν
524 5499 719 5605 ἔλθωσι
779 5503 960 5574 χρόνοι
1005 5505 1247 5561 πλεῖστοι
1295 5508 1388 5561 καὶ
1442 5509 1542 5563 οὐκ
1586 5508 1750 5582 ἔχωσι

1857 5510 2188 5584 pcenitentiis
2213 5507 2494 5579 completis
2526 5507 2573 5563 si
2617 5513 2899 5562 transeant
2932 5504 3060 5559 anni
3088 5501 3268 5563 multi,
3322 5514 3424 5555 nec

159 5593 302 5655 πῶς
320 5593 653 5664 κοινωνῆσαι
671 5593 759 5647 διὰ
782 5595 843 5648 τὸ
870 5596 959 5649 ἀεὶ
979 5596 1177 5661 αὐτοὺς
1195 5598 1543 5669 περιπίπτειν
1572 5600 1751 5672 ἁμαρ-

1858 5604 2090 5659 babeant
2116 5618 2224 5672 qua
2250 5602 2455 5656 ratione
2479 5597 2906 5659 communicent,
2934 5610 3001 5651 eo
3037 5593 3183 5666 quod
3212 5605 3425 5659 semper

156 5685 238 5756 τί)
246 5699 425 5756 μασι,
456 5686 827 5757 κρατείτωσαν
851 5687 952 5743 κᾶν
975 5688 1073 5761 τὴν
1108 5689 1270 5748 ἁγίαν
1292 5691 1743 5763 Τεσσαρακοστὴν

1858 5692 1910 5745 iu
1950 5697 2169 5759 peccata
2196 5687 2453 5754 incidant,
2477 5686 2756 5744 continere
2783 5701 2840 5742 se
2874 5701 2904 5740 a
2963 5691 3185 5755 peccato
3228 5678 3420 5736 saltem

249 5857 302 5890 η
351 5852 486 5912 Joel.
541 5875 602 5923 ιι,
674 5860 755 5914 l2.
