4112 6416
152 338 282 406 1909

1456 346 2049 413 ΡίΕΝιΤΕΝΤιΑιΕ.

3232 351 3371 414 1910

148 452 313 508 ταῦτα
360 451 757 533 γεγραμμένων
806 453 935 525 περὶ
994 454 1267 526 βρώσεως,
1316 458 1411 511 καὶ
1463 458 1699 521 πόσεως,

1812 462 2188 517 communione
2208 461 2453 532 privandi
2476 471 2606 515 sunt
2623 463 2735 517 vice
2760 461 3127 533 epitimiorum
3145 462 3198 516 iu
3228 463 3372 527 cibo,

145 542 239 595 καὶ
288 540 456 611 εὐχῆς
497 542 557 594 ὲν
598 542 748 614 τόπῳ
792 545 1081 614 ἐπιτιμίων
1108 563 1124 578 ο
1152 549 1205 601 εί
1235 563 1288 599 τι
1343 546 1413 601 ἂν
1459 549 1552 601 καὶ
1587 543 1701 603 οἷον

145 631 526 703 προαιροῦνται
563 633 671 686 ἀπὸ
703 635 812 689 τῶν
838 635 1029 707 τριῶν.
1065 638 1129 690 υἱ
1156 637 1213 691 δὲ
1261 639 1526 709 νομίμους
1554 639 1703 709 ἕχον·-

138 738 228 785 τες
255 724 545 790 γυναῖκας,
579 724 612 794 ἦ
659 728 917 793 γυναῖκες
960 726 1179 798 ἄνδρας,
1227 730 1319 782 καὶ
1357 731 1416 783 ὲν
1444 731 1702 802 τέσσαρσι

139 811 172 881 ἢ
203 812 363 865 πέντε
418 810 596 867 ἐτεσιν
639 814 1104 885 ὲπιτὶμάσθωσαν,
1148 819 1245 871 καὶ
1275 820 1510 889 μάλιστα
1536 824 1586 875 τί
1611 822 1704 875 τύ-

138 919 221 972 χοι
247 904 306 955 έν
352 902 564 974 ἑτέροις
610 909 930 978 περιπεσεῖν
956 908 1370 979 ἁμαρτήμασιν.
1414 910 1479 964 ΕΞ
1525 910 1582 964 δὲ
1609 910 1705 964 καὶ

142 994 278 1062 μετὰ
303 993 470 1062 φόϐου
496 997 591 1049 καὶ
624 998 871 1064 ἐξουσίας
914 1000 947 1070 ἢ
983 1000 1071 1054 διὰ
1108 1002 1400 1070 πτωχείαν,
1449 1002 1546 1055 ἕνα
1582 1005 1705 1073 χρό-

138 1101 225 1136 νον
253 1084 285 1154 i}
317 1084 412 1137 δύο
458 1087 923 1157 ἑπιτιμάσοωσαν.
966 1092 1298 1162 ’ἱερωμένων
1330 1092 1387 1145 δὲ
1422 1096 1702 1161 γυναῖκες,

133 1174 279 1228 τοῦτ’
307 1175 424 1230 ἐστι
457 1178 739 1246 διακόνων,
769 1182 802 1251 ἢ
836 1182 1237 1254 πρεσϐυτέρων,
1282 1185 1415 1237 ὅπου
1460 1185 1557 1239 ἐὰν
1598 1203 1706 1239 πα-

135 1271 447 1335 ραπέσωσι,
491 1271 735 1341 τριετίαν
780 1274 1224 1344 ἐπιτιμάσθωσαν
1266 1276 1343 1340 ὡς
1380 1277 1506 1339 τοὺς
1541 1278 1706 1347 ἱερεῖς

134 1359 313 1415 αὐτῶν
356 1361 726 1429 φονεύσασαιο
759 1366 858 1418 οὐκ
894 1365 974 1419 ἔτι
1020 1367 1126 1436 γάρ
1175 1369 1373 1422 ἐκεῖνοι
1425 1370 1708 1441 ἱερουργή-

136 1466 348 1516 σουσιν,
374 1452 426 1505 εἱ
459 1453 596 1521 μετὰ
623 1454 730 1506 τῶν
775 1457 1048 1523 γυναικῶν
1088 1458 1266 1509 αὐτῶν
1300 1458 1573 1528 συμϐῆναι
1604 1459 1709 1522 ἕως

132 1541 279 1608 ἅπαξ
310 1543 633 1615 θελήσωσιν.
692 1545 879 1617 Ἰερεῖς
926 1548 982 1601 δὲ
1036 1548 1128 1601 καὶ
1165 1548 1401 1601 διάκονοι
1442 1549 1576 1602 ὅπου
1615 1550 1708 1603 ἐὰν

133 1633 628 1700 παραπέσωσιν,εἱ
666 1638 759 1691 καὶ
798 1637 941 1703 am:
991 1638 1084 1691 καὶ
1115 1638 1275 1707 μόνον
1309 1641 1341 1708 ἡ
1380 1640 1585 1703 πτῶσις
1618 1640 1708 1705 γέ-

130 1739 315 1791 νηται,
359 1727 561 1795 μηκέτι
606 1727 665 1780 τὸ
707 1727 922 1781 σύνολον
957 1731 1342 1800 ἱερουργήσωσι
1370 1749 1383 1760 ·
1426 1732 1699 1785 κοινωνεί-

130 1830 314 1866 τωσαν
340 1816 401 1869 δὲ
443 1818 532 1870 ὅτε
572 1818 666 1871 καὶ
710 1817 974 1885 θέλουσιν,
1024 1821 1115 1873 καὶ
1157 1820 1505 1888 ἀναγνώστου
1548 1822 1701 1888 τάξιν
1735 1795 1774 1849 Β

129 1910 436 1978 ἐχέτωσαν.
496 1913 595 1965 ὅσα
630 1908 771 1966 οἶδεν
826 1914 1180 1984 ἀναγνώστης
1231 1916 1700 1987 ἁνερυθριάστως.

130 2001 510 2071 ἐνεργοῦντες.
547 2002 919 2074 Ἀναγνὼστης
943 2003 1002 2058 δὲ
1043 2004 1139 2058 ἐὰν
1190 2006 1351 2077 πέσῃ,
1385 2006 1418 2075 ἢ
1445 2007 1480 2076 ἠ
1514 2005 1704 2061 τούτου

128 2093 291 2165 γυνὴ,
347 2095 455 2149 οὐκ
517 2094 597 2149 ἔτι
639 2096 729 2149 τὸν
778 2096 1128 2167 ἀναγνώστην
1169 2100 1478 2168 περαιτέρω
1507 2101 1706 2170 προκό-

130 2202 312 2250 πτειν,
331 2186 474 2239 ἀλλὰ
494 2187 674 2256 μένειν
693 2188 1025 2258 ἀπρὸκοπον.
1071 2189 1195 2243 Ἐάν
1209 2190 1264 2241 δέ
1291 2207 1373 2253 τις
1402 2191 1610 2244 παιδίον
1630 2191 1706 2243 ὢν

125 2278 159 2346 ἢ
205 2282 455 2349 κοσμικῇ
503 2279 535 2348 ἢ
594 2283 861 2351 μοναχικῇ
911 2279 1082 2345 τάξει,
1132 2282 1290 2351 ἢκαὶ
1339 2283 1702 2353 παπαδὶτζης.

126 2370 315 2442 φθαρῇ
348 2370 409 2424 δὲ
442 2371 549 2425 ὑπό
586 2388 728 2435 τινος
758 2372 970 2443 ἀνδρὸς,
1004 2374 1053 2427 εἱ
1098 2374 1199 2444 μὲν
1234 2376 1313 2437 εἰς
1347 2376 1470 2438 τοὺς
1501 2378 1706 2444 μηροὺς

124 2458 159 2527 ἢ
187 2459 380 2529 μόνον,
418 2459 838 2530 ὲπιτιμάζεσθαι
870 2461 971 2531 μὲν
991 2463 1087 2516 καὶ
1113 2463 1181 2517 τὰ
1214 2462 1469 2534 μάλιστα,
1492 2464 1710 2528 εἰᾶπαξ

126 2550 223 2601 καὶ
260 2549 348 2613 δὶς
379 2551 600 2619 ἐγένετο
624 2568 637 2581 ⁸
670 2553 718 2604 εἰ
746 2552 801 2605 δὲ
836 2552 1018 2606 πλεῖον
1049 2552 1262 2618 τούτου,
1284 2552 1429 2606 τοῦτ’
1457 2554 1602 2607 ἐστιν
1630 2557 1710 2617 εἰς

122 2640 449 2711 ἀφεδρῶνα,
507 2643 641 2713 μηδὲ
688 2643 750 2696 τὸ
797 2644 1015 2698 σύνολον
1065 2644 1318 2715 ἔρχεσθαι
1359 2648 1439 2709 εἰς
1463 2645 1709 2699 διακόνου

125 2731 431 2801 ὲμϐάθμου
489 2732 521 2801 ἢ
573 2733 761 2803 ἱερέως
830 2734 1005 2799 ἀξίαν.
1052 2736 1114 2788 ΕΞ
1173 2737 1281 2807 γὰρ
1322 2737 1572 2799 κάκεῖνος
1613 2737 1711 2807 οὐχ

123 2825 409 2895 ἥμαρτεν,
446 2824 563 2877 ἀλλ’
585 2828 732 2895 ὅμως
765 2826 825 2878 τὸ
872 2826 1063 2891 σκεῦος
1092 2828 1326 2898 ἐρράγη,
1362 2827 1456 2880 καὶ
1491 2828 1591 2880 οὐκ
1628 2828 1712 2880 ἐν·

122 2914 350 2984 δέχεται
393 2915 560 2969 αὐτὸν
589 2916 975 2987 ἱερουργῆται·
1001 2917 1267 2987 ὲμολύνθη
1297 2916 1426 2989 γάρ.
1453 2917 1515 2971 Ei
1539 2917 1598 2970 δὲ
1618 2916 1713 2970 καὶ⁵

122 3005 209 3068 εἱς
249 3005 543 3073 μαλακίαν
586 3007 725 3079 πέσῃ
758 3007 867 3079 πρὸ
904 3007 998 3061 τοῦ
1038 3008 1480 3081 ἱερουργηθῆναι,
1525 3009 1601 3080 μὴ
1632 3010 1711 3062 εἱο

1802 565 1954 622 potu,
1984 566 2038 608 et
2060 553 2304 608 oratione
2336 552 2633 611 secundum
2659 554 2803 623 quod
2842 553 3045 622 aliquid
3072 568 3135 606 ex
3170 553 3254 608 bis
3278 556 3376 608 tri-

1803 642 1905 697 bus
1943 643 2225 714 elegerint,
2277 651 2336 698 ut
2383 642 2624 713 posthaec
2673 642 3028 698 describetur.
3080 643 3183 709 Qui
3249 659 3377 699 vero

1805 734 2071 803 legitimas
2125 734 2410 788 habuerint
2463 748 2683 797 uxores,
2742 733 2825 787 vel
2875 748 3068 789 uxores
3108 734 3377 804 legitimos

1804 822 1969 886 viros,
1999 832 2235 893 quatuor
2266 824 2352 878 vel
2404 824 2647 893 quinque
2682 822 2842 877 annis
2871 822 3199 891 plectuntor,
3248 838 3380 893 pra:-

1806 910 1992 963 sertim
2025 910 2070 965 si
2105 910 2385 981 contingat
2424 925 2517 966 eos
2545 909 2669 965 aliis
2699 910 3053 965 succumbere
3112 913 3376 979 peccatis.

1808 1000 1863 1053 Si
1885 1014 2010 1054 vero
2034 1015 2158 1054 cum
2185 999 2399 1065 timore,
2432 1008 2487 1055 et
2517 998 2740 1054 alterius
2758 1009 3027 1068 potestate
3047 1001 3244 1062 adacti.
3279 1011 3377 1055 aut.

1809 1101 2024 1160 propter
2052 1100 2442 1161 paupertatem,
2486 1105 2690 1144 annum
2731 1102 2825 1146 aut
2855 1091 2995 1146 duos
3047 1092 3363 1160 puniuntur.

1808 1182 2155 1237 Sacratorum
2190 1198 2318 1237 vero
2359 1179 2632 1242 mulieres,
2660 1184 2765 1235 ltoe
2784 1190 2902 1246 est,
2932 1183 3285 1237 diaconorum
3314 1192 3370 1236 et

1807 1274 2262 1343 presbyterorum,
2304 1287 2428 1327 cum
2469 1273 2521 1326 in
2564 1274 2677 1327 lucc
2710 1272 3035 1334 inciderint,
3083 1273 3374 1328 triennium

1808 1363 2126 1433 puniuntur,
2149 1361 2310 1417 veluti
2334 1377 2458 1431 qua:
2479 1363 2703 1416 maritos
2728 1376 2860 1417 suos
2898 1361 3200 1416 occiderint
3224 1380 3237 1415 :
3269 1380 3375 1416 nam

1807 1452 1951 1506 enim
1987 1451 2218 1520 amplius
2270 1450 2442 1506 sacris
2491 1451 2807 1507 ministeriis
2861 1451 3268 1521 operabuntur,
3329 1454 3377 1508 si

1810 1557 1992 1614 postea
2012 1560 2136 1599 cum
2161 1545 2478 1599 mulieribus
2501 1543 2614 1599 suis
2632 1545 2711 1598 vel
2733 1545 2898 1599 semel
2913 1546 3168 1615 congredi
3192 1546 3377 1599 volue-

1812 1636 1939 1690 rint.
1992 1635 2313 1692 Sacerdotes
2352 1645 2405 1690 et
2431 1635 2642 1690 diaconi
2686 1635 2732 1690 si
2778 1636 2857 1691 vel
2881 1638 3046 1690 semel
3062 1637 3375 1701 ceciderint,

1810 1728 2097 1798 solumque
2118 1742 2280 1783 casus
2307 1729 2415 1789 tiat,
2442 1726 2589 1782 nullo
2614 1726 2776 1781 modo
2801 1734 2987 1796 postea
3023 1743 3176 1782 sacra
3207 1728 3349 1783 admi
3366 1758 3380 1769 -

1808 1818 2145 1873 nistrabunt:
2213 1819 2618 1873 communicent
2666 1831 2796 1870 vero
2828 1831 2951 1870 cum
3002 1817 3292 1881 voluerint,
3324 1808 3380 1871 οι

1806 1913 2022 1968 lectoris
2040 1912 2205 1983 gradu
2226 1915 2518 1983 potiantur,
2533 1928 2652 1981 qua:
2669 1911 2882 1965 lectoris
2896 1907 3221 1965 suntmunia
3243 1923 3376 1963 con-

1808 2006 2032 2061 tidenter
2073 2018 2408 2061 exercentes.
2460 2005 2653 2059 Lector
2687 2020 2814 2058 vero
2861 2006 2905 2059 si
2948 2005 3244 2067 ceciderit,
3298 2019 3360 2055 ve

1807 2091 1978 2168 ipsius
2030 2112 2187 2162 uxor,
2240 2099 2380 2153 ultra
2422 2098 2643 2153 lectoris
2678 2098 2903 2167 gradum
2928 2094 3235 2166 promoveri
3271 2108 3377 2148 non

1808 2190 2023 2257 poterit,
2049 2188 2141 2243 sed
2173 2189 2509 2257 permanebit
2540 2204 2646 2242 non
2676 2187 2910 2256 amplius
2955 2187 3376 2255 promovendus.

1812 2278 1867 2333 Si
1898 2295 2026 2336 vero
2051 2280 2174 2350 quis
2205 2296 2338 2349 puer
2367 2281 2448 2334 vel
2478 2279 2775 2345 saecularis,
2815 2279 2899 2332 vel
2926 2280 3251 2343 monachus,
3291 2287 3373 2331 vel

1808 2373 1970 2426 etiam
1999 2371 2254 2438 clericus,
2285 2372 2398 2427 sive
2427 2372 2617 2436 lector,
2647 2372 2720 2426 ab
2741 2371 2927 2441 aliquo
2951 2380 3241 2441 corruptus
3272 2378 3378 2433 est,

1808 2464 1853 2518 si
1909 2464 2085 2519 solum
2147 2464 2291 2520 intra
2338 2479 2541 2531 coxas,
2583 2463 2829 2534 epitimio
2872 2462 3223 2532 castigandus
3271 2472 3376 2524 est,

1810 2555 2045 2609 maxime
2068 2555 2116 2611 si
2151 2555 2317 2610 semel
2343 2565 2398 2610 et
2419 2556 2504 2610 bis
2525 2558 2628 2610 hoc
2654 2555 2901 2623 contigit.
2961 2553 3114 2619 Quod
3154 2553 3200 2608 si
3238 2552 3381 2609 ultra

1812 2645 1910 2698 hoc
1940 2643 2144 2713 aliquid
2191 2645 2244 2698 in
2287 2644 2465 2713 ipsum
2502 2655 2864 2713 perpetratum
2898 2653 3002 2703 est.
3037 2642 3141 2697 hoc
3174 2649 3279 2705 est.
3326 2642 3379 2696 iu

1810 2737 2133 2806 posteriora,
2181 2736 2331 2790 nullo
2362 2738 2522 2789 modo
2589 2737 2655 2790 ad
2699 2736 2912 2791 diaconi
2954 2735 3037 2789 vel
3085 2734 3383 2791 sacerdotis

1810 2827 2125 2897 dignitatem
2141 2826 2435 2896 perveniet.
2459 2825 2769 2881 Lieetenim
2792 2828 2908 2896 ipse
2928 2843 3033 2880 non
3057 2825 3380 2895 peccaverit,

1811 2932 1909 2972 vas
1945 2924 2127 2972 tamen
2168 2917 2340 2986 ipsius
2374 2918 2681 2986 disruptum
2713 2926 2831 2981 est,
2857 2927 2912 2972 et
2952 2931 3059 2971 non
3095 2917 3221 2973 licet
3278 2916 3380 2985 ipsi

1814 3024 1968 3063 sacra
2003 3008 2347 3075 ministrare;
2381 3020 2467 3064 est
2517 3010 2662 3063 enim
2692 3009 2957 3079 pollutus.
2999 3006 3056 3061 Si
3107 3008 3162 3062 in
3205 3007 3382 3062 molli-

121 3096 233 3158 δὼς
257 3095 315 3148 τί
350 3097 498 3162 ἐστι,
532 3096 627 3151 καὶ
645 3098 728 3150 ὅτι
752 3097 1009 3168 ἀπείργει
1034 3099 1198 3152 αὑτὸν
1232 3098 1327 3152 τοῦ
1354 3099 1430 3170 μὴ
1458 3098 1711 3164 δέξασθαι

1816 3102 1941 3156 tiem
1985 3100 2238 3155 inciderit
2269 3111 2395 3156 aute
2418 3102 2916 3167 consecrationem,
2961 3100 3210 3156 nesciens
3251 3099 3380 3167 quid

124 3188 532 3262 ἱερωσύνην,ῆ
580 3190 723 3242 κατὰ
763 3190 1035 3259 ἀγνωσίαν
1078 3190 1113 3261 ἢ
1163 3192 1293 3263 παρ’
1340 3192 1500 3246 ἄλλου
1540 3192 1709 3263 ψυχοο

120 3280 339 3350 φθόρου
384 3280 420 3350 ἢ
469 3280 747 3349 ἀγνώστου
796 3281 951 3336 τοῦτο
1008 3281 1278 3352 ἐδιδάχθη,
1308 3284 1423 3337 ἔστι
1454 3285 1509 3339 δὲ
1551 3288 1580 3339 6
1620 3287 1711 3341 ἄν·

120 3373 356 3443 θρωπος
384 3374 424 3444 ἤ
459 3372 643 3442 σοφὸς,
670 3373 704 3443 ἢ
746 3373 999 3445 εὐλαϐὴς,
1024 3375 1059 3444 ἢ
1090 3377 1182 3427 καὶ
1222 3377 1365 3429 κατὰ
1403 3378 1709 3449 ἀμφότερα.

119 3462 494 3533 ἐπιτιμᾶσθω
537 3464 820 3535 πρότερον,
866 3465 962 3518 καὶ
1008 3460 1107 3518 εἷθ’
1132 3464 1304 3531 οὕτως
1332 3466 1620 3531 ἁξιούσθω.
1652 3471 1711 3521 Εἰ

118 3551 179 3605 δὲ
226 3556 381 3624 μετὰ
442 3554 540 3626 τὴν
596 3554 892 3626 ἱερωσύνην
936 3556 1016 3621 εἱς
1045 3556 1201 3610 τοῦτο
1238 3558 1402 3624 ἑάλω,
1438 3560 1579 3613 κατὰ
1618 3562 1711 3613 τὸν

121 3646 341 3699 σκοπὸν
377 3646 445 3699 ὃν
484 3648 915 3718 προειρήκαμεν,
953 3647 989 3717 ἢ
1024 3648 1166 3701 κατὰ
1208 3647 1451 3716 ἄγνοιαν,
1491 3650 1526 3722 ἢ
1570 3653 1713 3706 κατὰ

119 3737 491 3809 ψυχοφθόρου
539 3739 808 3810 διδαχθεὶς
855 3739 930 3811 μὴ
977 3734 1115 3795 εἶναι
1162 3741 1353 3807 κακὸν,
1393 3743 1714 3814 λαμϐανέτω

119 3831 330 3899 χρόνον
356 3831 663 3901 ἐπιτίμιον,
691 3830 1061 3903 κρατούμενος
1107 3833 1202 3885 καὶ
1248 3835 1342 3886 τοῦ
1387 3836 1710 3907 ἱερουργεῖν,

120 3921 222 3973 καὶ
250 3919 444 3984 οὕτως
467 3922 843 3992 ἰερουργείτω.
869 3922 932 3976 Εἰ
960 3922 1019 3977 δὲ
1039 3922 1133 3977 καὶ
1153 3923 1499 3994 δευτερώσει,
1531 3926 1563 3997 ἢ
1595 3944 1712 3997 τρι-

116 4012 322 4076 τώσει,
395 4012 592 4083 μηκέτι
641 4012 1013 4083 ἱερουργείτω,
1069 4012 1186 4066 ἀλλ’
1214 4014 1295 4076 εἱς
1342 4015 1440 4087 τὴν
1464 4016 1557 4069 τοῦ
1582 4020 1713 4070 ἁνα-

120 4104 391 4172 γνώστου
442 4104 595 4170 τάξιν
646 4103 906 4176 ἐρχέσθω.
948 4105 1073 4158 Ἐὰν
1122 4104 1180 4158 δέ
1210 4122 1294 4169 τις
1319 4105 1510 4177 ἔκλεψε
1545 4125 1712 4175 κεφα-

116 4197 343 4268 λαιώδη
424 4195 735 4266 κλέμματα,
806 4197 881 4268 μὴ
942 4196 1187 4269 ἐρχέσθω
1249 4200 1328 4262 εἰς
1394 4200 1709 4271 ἱερωσύνην.

130 4288 393 4357 Ὁμοίως
438 4285 494 4339 δὲ
521 4287 570 4339 εἰ
607 4286 747 4357 μετὰ
786 4288 891 4356 τὴν
911 4286 1237 4358 ἱερωσύνην,
1265 4288 1460 4359 μηκέτι
1504 4291 1711 4361 ἱερουρ-

112 4380 325 4448 γεὶτω.
377 4375 657 4439 Ὡσαύτως
681 4377 772 4430 καὶ
801 4377 851 4430 οἱ
877 4379 1041 4447 χωρὶς
1065 4378 1361 4449 ἱερωσύνης
1385 4378 1709 4442 κλέπτοντες

1813 3197 1919 3251 boc
1944 3202 2109 3259 esset,
2132 3202 2189 3249 et
2215 3193 2361 3263 quod
2391 3194 2496 3250 hoc
2539 3192 2790 3263 prohibet
2812 3191 2987 3262 ipsum
3033 3208 3063 3245 a
3095 3192 3383 3247 sacerdotii

1813 3288 2180 3357 susceptione,
2227 3285 2314 3341 vel
2344 3295 2561 3356 propter
2600 3286 2980 3353 ignorantiam,
3021 3285 3103 3337 vel
3133 3285 3275 3352 quod
3304 3286 3387 3338 sic

1812 3380 1882 3434 ab
1900 3379 2205 3434 animarum
2218 3388 2536 3447 corruptore
2555 3386 2609 3431 et
2634 3379 2916 3446 ignorante
2942 3377 3169 3431 edoctus
3192 3376 3382 3440 fuerit;

1812 3477 1894 3525 vir
1918 3483 2096 3526 tamen
2123 3479 2207 3525 est
2245 3469 2326 3525 vel
2364 3469 2601 3539 sapiens,
2635 3470 2713 3522 vel
2764 3470 2905 3537 pius,
2960 3468 3042 3523 vel
3093 3478 3385 3537 utrumque

1814 3561 2073 3631 puniatur
2093 3560 2265 3630 prius,
2303 3574 2570 3630 poenaque
2591 3560 2836 3614 exsoluta
2867 3558 3173 3615 sacerdotio
3188 3559 3384 3628 dignus

1812 3653 2097 3707 habeatur.
2154 3653 2307 3717 Quod
2342 3652 2389 3706 si
2424 3661 2548 3721 post
2583 3666 2799 3706 sacrum
2842 3652 3204 3707 ministerium
3258 3666 3383 3705 sus-

1811 3755 2029 3812 Ceptum
2078 3746 2129 3797 in
2161 3744 2264 3797 hoc
2303 3742 2533 3797 crimine
2569 3756 2637 3795 ea
2675 3742 2883 3795 ratione
2929 3757 3094 3811 quam
3125 3740 3381 3812 praedixi—

1812 3851 1956 3899 mus,
1987 3833 2354 3902 deprehensus
2377 3840 2485 3898 est,
2505 3831 2586 3884 vel
2608 3841 2824 3900 propter
2863 3831 3247 3899 ignorantiam,
3290 3832 3371 3883 vel

1814 3925 1955 3995 quod
2017 3925 2119 3978 hoc
2158 3939 2263 3977 non
2305 3938 2427 3979 esse
2474 3923 2683 3977 malum
2729 3924 2797 3976 ab
2851 3923 3035 3992 aliquo
3081 3925 3384 3976 animarum

1813 4026 2125 4084 corruptore
2144 4015 2374 4068 edoctus
2388 4013 2480 4077 sit,
2508 4013 2669 4068 unius
2697 4014 2826 4067 anni
2850 4015 3221 4084 paenitentiam
3244 4014 3388 4067 acci-

1815 4108 1977 4177 piata
2019 4118 2178 4159 sacro
2198 4103 2501 4158 ministerio
2522 4103 2824 4167 abstinens,
2850 4114 2903 4158 et
2933 4106 3013 4160 sic
3042 4104 3384 4173 postmodqu

1816 4194 1988 4251 sacris
2013 4202 2284 4263 operetur.
2344 4190 2499 4259 Quod
2540 4191 2587 4246 si
2628 4192 2712 4247 bis
2752 4204 2897 4247 terve
2942 4194 3046 4247 hoc
3080 4195 3376 4251 iteraverit,

1817 4301 1922 4339 non
1953 4283 2185 4354 amplius
2202 4283 2373 4338 sacris
2397 4283 2688 4348 ministret,
2716 4284 2807 4338 sed
2834 4284 2885 4337 in
2906 4285 3123 4339 lectoris
3143 4284 3386 4337 ordinem

1814 4374 2125 4431 descendat.
2188 4372 2245 4427 Si
2294 4373 2419 4443 quis
2455 4372 2597 4427 furta
2630 4374 2882 4442 capitalia
2929 4372 3141 4427 furatus
3197 4373 3383 4434 fuerit,

118 4471 205 4540 μὴ
252 4468 623 4541 ἑρχὲσθωσαν
658 4469 737 4531 εἰς
782 4469 1079 4539 ἱερωσύνην
1135 4471 1288 4531 ποτὲ,
1326 4469 1459 4524 ἀλλὰ
1506 4471 1567 4523 τὸ
1609 4470 1711 4523 τῶν

1821 4482 2035 4525 sacrum
2069 4465 2425 4535 .ministeriuu
2462 4482 2565 4518 nou
2629 4466 2981 4534 adipiscatur.
3047 4465 3305 4517 Similiter
3344 4467 3393 4519 si

114 4559 364 4630 πύρνων
400 4555 826 4626 λαμϐανέτωσαν
865 4557 1158 4627 ἐπιτίμιον.

1824 4568 1946 4629 post
1985 4556 2235 4625 adeptum
2275 4557 2636 4610 sacerdotium
2677 4557 2781 4610 lioc
2830 4566 3233 4626 perpeti-avent,
3281 4570 3388 4609 nou

115 4653 388 4722 amplius
438 4650 724 4727 sacriﬁcet.
802 4650 1000 4706 Eadem
1053 4663 1170 4708 esto
1218 4655 1354 4708 ratio
1400 4672 1589 4710 eorum
1620 4656 1714 4726 qui
1751 4671 1910 4711 sacro
1948 4654 2251 4710 ministerio
2282 4669 2386 4707 non
2438 4652 2632 4708 initiati
2700 4653 2991 4707 l'uraiuur:
3028 4652 3388 4707 sacerdotium

111 4755 435 4812 umquam
463 4750 848 4811 assequamur,
876 4742 975 4797 sed
997 4741 1379 4797 fornicantium
1404 4746 1719 4813 pmuitentia
1756 4747 2081 4817 plectantur.

191 4834 335 4889 Τῶν
371 4833 430 4886 δὲ
465 4832 897 4900 ἐξαγγελλόντων
922 4835 1027 4887 εἰσὶ
1063 4836 1253 4906 τρόποι
1281 4835 1410 4907 παρ’
1442 4839 1565 4907 ἐμοὶ
1596 4839 1716 4891 δια-

112 4928 413 4998 φέροντες
457 4924 702 4995 ἀλλήλων
746 4925 896 4981 δέκα.
935 4926 1162 4997 Ἕτερος
1213 4929 1242 4980 6
1302 4927 1482 4995 ὀλίγον
1540 4930 1719 4999 ἁμαρ.

113 5018 315 5091 τήσας
350 5015 453 5068 καὶ
480 5015 919 5086 αὐτοπροαιρέτῳ
934 5016 1126 5088 γνώμῃ
1151 5018 1510 5086 μετανοήσας,
1544 5018 1600 5081 ὃς
1626 5021 1720 5072 καί

110 5113 207 5174 εἱς
261 5107 335 5161 ἓν
382 5105 704 5179 πρόσωπον·
753 5107 847 5161 καὶ
896 5107 1082 5177 ἕτερος
1125 5109 1153 5162 ὁ
1196 5108 1453 5173 πολλάκις
1503 5112 1599 5163 καὶ
1641 5112 1720 5174 εἰς

110 5200 319 5257 πολλὰ
345 5197 513 5262 ἁλοὺς
536 5199 832 5269 πρόσωπα·
866 5200 960 5253 καὶ
982 5200 1167 5271 ἕτερος
1190 5200 1217 5253 ό
1257 5200 1399 5253 κατά
1439 5200 1598 5269 φύσιν
1623 5203 1721 5272 μὲν

104 5292 504 5361 ἁμαρτήσας,
532 5291 661 5354 ἴσως
687 5289 781 5343 καὶ
818 5290 895 5353 εἰς
920 5290 978 5342 ἒν
1016 5292 1306 5362 πρόσωπον
1328 5308 1342 5322 σ
1388 5293 1639 5363 χρονίσας
1664 5293 1722 5346 δὲ

110 5385 225 5436 καὶ
262 5382 388 5442 ἓως
409 5379 594 5448 γήρως
615 5394 629 5408 ·
659 5378 844 5449 ἕτερος
872 5380 927 5432 δὲ
958 5382 986 5432 ὁ
1016 5380 1161 5453 παρὰ
1185 5382 1344 5448 φύσιν
1377 5382 1719 5450 ἁμαρτήσας,

109 5475 341 5544 τάχιον
366 5468 425 5522 δὲ
456 5469 761 5537 ἀποκόψας,
809 5470 896 5523 διὰ
928 5470 1019 5521 τὸν
1064 5471 1159 5524 τοῦ
1220 5470 1355 5522 Θεοῦ
1390 5472 1551 5539 φόϐον
1585 5488 1596 5500 ·
1628 5472 1721 5525 καὶ

106 5568 340 5635 ἕτερος
373 5561 403 5614 ὀ
424 5560 492 5615 δι’
519 5560 825 5625 ἀσθένειαν,
852 5562 944 5615 καὶ
971 5563 1290 5631 περίστασιν
1330 5564 1611 5633 συμφορᾶς
1641 5565 1720 5626 εἰς

110 5652 549 5725 ἐξομολόγησιν
577 5650 765 5717 ἐλθὼν,
802 5651 951 5721 ἧκα).
1001 5653 1058 5704 ἐν
1092 5653 1239 5721 αὐτῴ
1277 5652 1353 5722 τῷ
1388 5654 1600 5722 θανάτῳ
1635 5653 1717 5718 ἐξα

114 5741 654 5815 ημο).ογησάμε-ιος,
712 5742 801 5796 καὶ
841 5742 1013 5798 θανών
1101 5744 1191 5798 καὶ
1220 5762 1397 5814 tngo;
1429 5749 1455 5800 ὁ
1503 5750 1710 5801 τιανοοι-⁴

1892 4836 2084 4892 Decem
2106 4846 2233 4890 sum
2260 4836 2400 4903 apud
2430 4850 2515 4889 me
2540 4835 2913 4890 confitentium
2941 4836 3146 4905 species
3165 4850 3195 4888 a
3225 4853 3282 4888 se
3309 4836 3361 4888 in

1820 4931 1991 4983 vicem
2022 4927 2351 4982 dill'creutes.
2414 4927 2569 4981 Alius
2614 4927 2928 4996 pauculum,
2980 4937 3034 4980 et
3063 4942 3172 4979 uno
3207 4927 3387 4987 uiodo,

1822 5017 2084 5088 peccavit,
2112 5028 2166 5069 et
2192 5025 2385 5085 sponte
2415 5017 2668 5085 poenitet;
2720 5017 2862 5070 alius
2883 5017 3099 5085 saepius,
3129 5026 3185 5068 et
3208 5017 3392 5071 multis

1824 5110 2040 5178 modis;
2089 5108 2229 5164 alius
2283 5106 2579 5164 secundum
2636 5118 2911 5172 naturam,
2958 5116 3015 5162 et
3054 5122 3163 5162 uno
3209 5108 3393 5162 forsan

1829 5200 2014 5266 modo,
2036 5199 2129 5255 sed
2154 5200 2207 5252 in
2246 5214 2313 5254 eo
2336 5199 2721 5269 perseveravit,
2744 5200 2905 5254 etiam
2931 5214 3105 5270 usque
3131 5204 3198 5256 ad
3232 5216 3393 5256 sene-

1823 5303 2059 5356 ctutem;
2112 5290 2252 5345 alius
2282 5301 2475 5361 praeter
2497 5299 2744 5344 naturam
2767 5290 3031 5360 peccavit,
3065 5291 3244 5346 statim
3264 5307 3394 5346 vero

1825 5382 2070 5451 resipuit,
2097 5391 2152 5435 et
2182 5382 2447 5436 abstinuit
2491 5388 2707 5450 proliter
2753 5380 2846 5435 Dei
2893 5380 3184 5445 timorem;
3254 5382 3394 5436 alius

1822 5475 1916 5544 qui
1947 5473 2261 5528 iulirmitate
2292 5482 2464 5539 actus,
2510 5473 2589 5526 vel
2620 5472 2947 5527 calamitatis
2981 5474 3391 5527 circumstantia

1825 5566 1891 5619 ad
1922 5562 2322 5619 confessionem
2349 5578 2407 5618 se
2433 5564 2687 5633 accingit,
2725 5564 2805 5617 vel
2834 5564 2888 5617 in
2915 5564 3032 5633 ipsa
3067 5574 3235 5618 morte
3256 5581 3392 5617 eon-

1827 5658 2028 5719 litctur,
2070 5665 2123 5710 et
2155 5654 2424 5716 moritur;
2477 5653 2617 5710 alius
2654 5654 2746 5723 qui
2791 5669 2820 5707 τι
2860 5663 3082 5724 peccato
3135 5664 3390 5714 cessavit,

1826 5747 2193 5817 qualecunque
2246 5746 2373 5802 illud
2402 5750 2582 5816 luent,
2618 5756 2668 5802 et
2704 5757 2887 5816 postea
2924 5746 3000 5801 sic
3025 5754 3239 5814 peccata
3266 5760 3387 5799 ροη-
