4112 6416
703 354 832 420 1911

1617 351 2478 413 .lOANNlSJEJUNATURlS
2517 354 2624 412 (ΣΡ.
2675 354 3028 412 ARCHIEP.

3839 353 3962 415 1912

696 471 904 522 litetur:
954 467 1093 519 alius
1139 465 1230 534 qui
1285 464 1349 516 ad
1400 463 1800 517 confessionem
1840 479 2013 533 usque
2059 471 2270 533 peccat,

2377 478 2542 529 μενος
2610 462 2716 531 τῆς
2770 465 3072 533 ἁμαρτίας,
3131 467 3219 517 οἶα
3285 467 3387 520 κᾶν
3437 464 3496 540 ᾖ,
3529 469 3627 519 καὶ
3654 461 3762 517 εἷθ’
3800 465 3961 523 οὕτως

703 561 796 614 sed
824 558 1170 613 confessione
1202 556 1343 610 facta
1397 556 1671 618 abstinet;
1722 556 1863 608 alius
1908 557 2002 624 qui
2045 565 2267 625 peccata

695 651 914 719 quidem
943 647 1232 701 conlitetur
1253 685 1268 707 ,
1309 649 1403 700 sed
1447 647 1517 698 ah
1547 646 1614 697 iis
1639 645 1916 699 abstinere
1960 661 2067 698 non
2101 646 2263 710 valet,

698 752 789 795 aut
819 756 924 793 non
956 740 1102 803 vult;
1135 737 1274 790 alius
1302 737 1395 806 qui
1423 737 1707 805 pollicetur
1733 736 1949 806 quidem
1978 737 2048 789 ab
2089 735 2269 789 omni-

699 836 798 888 bus
838 831 1072 899 peccatis
1100 843 1159 882 se
1181 829 1556 881 ahsteuturmn
1576 866 1590 888 ,
1619 828 1710 879 sed
1735 827 1787 880 in
1821 843 1926 879 una
1950 827 2132 894 specie
2166 826 2269 880 hoc

698 941 803 978 non
838 932 1031 990 potest.
1082 922 1181 974 Alii
1210 936 1338 973 vero
1365 921 1457 990 qui
1492 921 1542 972 in
1567 919 1782 981 militia,
1838 929 1892 972 et
1926 920 2264 981 necessitate,

695 1026 788 1070 aut
807 1017 1018 1076 titnnre,
1064 1013 1147 1067 vel
1174 1013 1340 1074 dono,
1374 1013 1455 1065 vel
1504 1011 1812 1073 insolentia,
1839 1010 1924 1063 vel
1961 1010 2083 1063 aliis
2101 1009 2268 1064 variis

697 1107 872 1161 modis
914 1114 1193 1176 peccantes
1225 1105 1576 1158 confitentur.
1650 1101 1929 1171 Ejusmodi
1995 1101 2269 1168 inquirere

695 1207 928 1268 oportet.
961 1198 1004 1251 si
1051 1212 1400 1266 personarum
1435 1204 1490 1248 et
1526 1194 1951 1248 diﬂ'erentiarum
1991 1194 2266 1262 quantita-

698 1305 802 1345 tem
833 1291 1057 1344 definire
1081 1293 1308 1359 possint,
1342 1289 1425 1340 Vt'l
1446 1305 1574 1344 nou.
1619 1287 1723 1352 Qui
1753 1289 1897 1340 enim
1929 1286 2268 1339 hocdellnire

698 1383 902 1445 nezuit,
937 1391 996 1434 ut
1028 1381 1171 1434 luxui
1213 1390 1266 1432 et
1313 1379 1643 1446 intemperiei
1701 1377 1916 1429 deditus
1967 1376 2263 1444 iudicatur.

696 1456 777 1531 Illi
811 1479 990 1524 autem
1023 1483 1231 1524 omnes.
1258 1477 1312 1521 et
1345 1482 1535 1521 eorum
1581 1469 1958 1534 unusquisque
1996 1466 2265 1534 dijudica-

695 1575 804 1626 tur,
853 1570 1013 1631 prout
1047 1562 1100 1613 in
1139 1574 1469 1629 unoquoque
1505 1575 1568 1612 ex
1611 1559 1718 1611 illis
1766 1560 1952 1611 decem
2001 1559 2178 1610 modis
2207 1573 2267 1610 se.

694 1669 948 1727 peccasse
989 1653 1299 1707 confitetur.
1361 1650 1646 1705 Declarare
1680 1649 1841 1703 debet
1885 1651 1938 1702 in
1975 1659 2110 1717 quot
2142 1664 2264 1716 per-

694 1762 857 1801 sonas
877 1745 1086 1809 incidit,
1116 1744 1218 1798 hoc
1237 1753 1342 1804 est,
1375 1744 1429 1796 itt
1458 1752 1594 1812 quot
1619 1742 1901 1796 mulieres:
1929 1741 2180 1794 similiter
2211 1750 2266 1793 et

691 1839 969 1892 mulieres.
1035 1804 1190 1890 Tunc
1225 1834 1318 1905 qui
1352 1804 1756 1889 confessionem
1780 1847 1969 1886 eorum
2013 1830 2124 1886 Deo
2165 1831 2264 1884 ad-
2298 1804 2337 1857 ³

687 1931 912 2001 juvante
939 1929 1158 1999 excipit,
1201 1929 1494 1998 interroget
1531 1941 1627 1980 eos
1675 1926 1868 1995 quales
1895 1941 1960 1979 ex
1987 1925 2100 1994 jam
2127 1940 2262 1978 enu-

691 2021 916 2075 meratis
937 2035 1031 2075 sex
1061 2018 1436 2074 fornicationis
1483 2016 1811 2072 differentiis
1832 2025 1961 2071 sunt
1995 2031 2260 2086 personae,

691 2113 798 2166 hoc
833 2120 940 2176 est,
969 2122 1102 2182 quot
1124 2111 1456 2172 meretrices,
1486 2121 1622 2181 quot
1653 2112 1852 2177 viduae,
1877 2121 2008 2178 quot
2030 2112 2261 2174 ancillze,

689 2211 824 2273 quot
879 2217 1105 2273 parvum
1143 2202 1385 2255 habitum
1442 2201 1823 2256 monachicum
1853 2203 2074 2264 indutze,
2129 2212 2266 2271 quot

689 2310 968 2366 magnum,
997 2303 1129 2365 quot
1161 2303 1409 2356 sacratae,
1442 2293 1546 2347 hoc
1582 2303 1666 2347 est
1692 2293 2020 2364 presbyterae
2057 2302 2111 2346 et
2143 2291 2263 2346 dia-

689 2402 952 2443 conorum
983 2401 1202 2442 uxores.
1253 2385 1412 2439 Parvi
1463 2386 1611 2439 enim
1657 2386 1874 2441 hahitus
1903 2385 2183 2440 monachae
2209 2393 2266 2440 et

689 2481 951 2534 lectorum
970 2493 1167 2531 uxores
1186 2488 1241 2531 ut
1260 2477 1571 2531 meretrices
1583 2474 1916 2545 iudicantur,
1937 2476 2116 2546 magni
2133 2493 2266 2531 vero

690 2573 912 2626 habitus
928 2571 1209 2623 mouachw
1231 2579 1288 2622 ut
1306 2567 1650 2637 nuptaeLum
1664 2583 1794 2622 vero
1804 2569 2125 2623 confitentes
2141 2570 2265 2622 isto-

689 2681 808 2718 rum
827 2662 1157 2718 differentias
1183 2671 1235 2716 et
1251 2662 1582 2730 quantitates
1605 2661 2266 2731 dcclaraverint,etquau.

689 2764 802 2810 ;um
843 2753 1100 2823 temporis
1122 2753 1174 2805 in
1190 2753 1288 2806 ista
1318 2766 1482 2820 prava
1507 2751 1676 2805 animi
1701 2752 2267 2808 alleclioneconlrive-

689 2849 836 2899 rint:
865 2854 1030 2914 atque
1057 2843 1102 2898 si
1123 2842 1317 2911 aliqua:
1338 2857 1402 2895 ex
1433 2843 1567 2911 ipsis
1590 2855 1911 2911 pepererunt
1945 2845 2026 2897 vel
2055 2860 2194 2910 non;
2220 2847 2264 2899 si

688 2945 868 2988 essent
889 2933 995 2987 illis
1012 2947 1230 2996 uxores,
1251 2931 1332 2985 vel
1351 2945 1490 2992 non;
1509 2933 1553 2985 si
1571 2931 1868 2986 secundum
1887 2945 2157 3000 naturam,
2176 2946 2268 2993 aut

690 3039 924 3098 utroque
947 3027 1142 3091 modo;
1162 3026 1207 3080 si
1233 3036 1357 3079 ante
1381 3025 1599 3095 triginta
1620 3041 1814 3091 annos,
1839 3037 1929 3080 aut
1945 3039 2154 3096 postea,
2183 3031 2266 3086 vel

2369 553 2699 621 ἐξαγγείλας
2731 557 2803 606 τὰ
2831 556 2982 624 αὐτῷ
3024 558 3392 626 ήμαρτήμενα
3413 575 3426 587 ⁸
3462 561 3557 611 καὶ
3608 557 3779 618 ἄλλος
3805 557 3836 606 ὁ
3869 556 3961 614 ἓως

2367 647 2467 714 τῆς
2517 647 2963 718 ὲξομολογήσεως
3020 651 3372 719 ἁμαρτάνων,
3412 651 3552 719 μετά
3583 650 3690 718 τὴν

2368 752 2530 803 γησιν
2585 736 2643 789 δὲ
2693 738 3092 805 παυσάμενος·
3132 740 3227 790 καὶ
3276 739 3464 808 ἔτερος
3516 742 3546 792 ὁ
3604 737 3960 806 ἐξομολοψύ-

2371 847 2534 898 μενος
2569 831 2669 898 μὲν
2703 829 2807 893 τὰς
2837 833 3113 901 ἁμαρτίας
3153 832 3345 898 αὐτοῦ,
3384 833 3600 901 ἀποχὴ-ι
3640 833 3699 883 6‘:
3739 830 3957 896 ποιῆσαι

2371 925 2446 993 μὴ
2481 922 2699 994 ἰσχύων,
2735 925 2901 994 ἤγουν
2935 926 2998 976 οὐ
3042 925 3214 978 Θέλων
3236 941 3251 955 ·
3281 927 3375 978 καὶ
3417 926 3580 987 ἄλλος
3619 928 3651 977 ὁ
3686 921 3956 993 ὁμολογῶν

2372 1016 2469 1085 μὲν
2501 1017 2720 1068 πάντων
2741 1015 3012 1068 ποιεῖσθαι
3039 1017 3228 1069 κακῶν
3246 1017 3480 1086 ἀποχῇ,
3538 1018 3663 1077 sua;
3696 1016 3754 1066 δὲ
3797 1030 3956 1083 προσ-

2366 1105 2519 1158 ώπου
2563 1106 2639 1175 μὴ
2701 1106 3004 1174 δυνάμενος
3031 1124 3044 1137 ·
3075 1108 3170 1159 καὶ
3203 1106 3355 1160 ἄλλοι
3384 1107 3441 1159 δὲ
3469 1109 3522 1158 οἱ
3552 1109 3650 1157 ἐπὶ
3694 1103 3850 1166 τάξει
3871 1104 3954 1154 καὶ

2366 1195 2510 1247 κατὰ
2534 1196 2636 1266 τὴν
2669 1197 2940 1264 ἀνάγκην,
2971 1197 3004 1266 ἦ
3035 1196 3220 1263 φόϐον,
3251 1197 3284 1267 ἢ
3312 1196 3509 1266 δῶρον,
3545 1197 3576 1264 ἦ
3610 1195 3893 1262 εὐήθειαν,
3923 1194 3952 1260 ἦ

2367 1287 2510 1340 κατὰ
2529 1288 2825 1357 διαφόρους
2864 1289 3103 1357 τρόπους
3143 1289 3566 1357 ἁμαρτάνοντες
3603 1284 3957 1351 ἐξομολογού-

2370 1397 2542 1447 μενοι.
2585 1381 2842 1450 Ἐρευνᾷν
2865 1380 2922 1433 δὲ
2944 1381 3145 1440 αὐτοὺς
3171 1381 3266 1433 καὶ
3299 1383 3348 1432 εί
3377 1382 3630 1449 ἰσχύουσι
3673 1379 3779 1447 τὴν
3811 1379 3956 1428 ποσό-

2365 1487 2505 1533 τητα
2525 1471 2633 1523 τῶν
2654 1469 2968 1540 προσώπων
3000 1473 3197 1529 εἰπεῖν.
3229 1472 3261 1538 ἢ
3298 1472 3384 1523 οὗ.
3427 1471 3484 1523 ’0
3508 1470 3623 1539 γάρ
3652 1469 3732 1538 μὴ
3766 1469 3952 1536 ἰσχύων

2368 1565 2542 1615 εἰπεῖν
2567 1562 2644 1625 ὡς
2669 1565 2877 1625 ἄσωτος
2907 1564 3173 1634 κρίνεται.
3203 1557 3362 1615 Οὗτοι
3403 1563 3461 1614 δὲ
3495 1563 3708 1622 πάντες
3737 1562 3954 1620 ἕκαστος

2367 1653 2547 1706 αὐτῶν
2616 1654 3062 1722 ἀνακρινόμενος,
3115 1653 3190 1714 ὡς
3240 1652 3337 1703 καὶ
3377 1651 3614 1713 ἕκαστος
3652 1650 3952 1719 ἐξήμαρτεν

2367 1745 2474 1798 ἀπὸ
2514 1744 2628 1797 τῶν
2668 1745 2801 1798 δέκα
2849 1745 3059 1798 τούτων
3104 1745 3322 1815 τρόπων
3371 1744 3685 1814 ὁμολογῶν.

2364 1841 2538 1892 εἰπεῖν
2563 1839 2646 1903 είς
2673 1840 2777 1893 ὅσα
2816 1839 3084 1910 πρόσωπα
3112 1837 3297 1902 ἔπεσε,
3331 1836 3480 1891 τοῦτ’
3508 1837 3631 1890 ἐστι
3668 1838 3953 1904 γυναῖκας,

2362 1930 2566 1999 ὁμοίως
2603 1931 2697 1982 καὶ
2726 1930 2781 1982 al
2814 1931 3093 1996 γυναῖκες.
3147 1929 3258 1982 Καὶ
3300 1929 3420 1982 τότε
3445 1931 3476 1981 ὁ
3520 1927 3828 1996 δεχόμενος
3871 1927 3952 1978 σὺν

2361 2020 2482 2090 Θεῷ
2525 2021 2625 2090 τὴν
2674 2021 3068 2092 ἐξομολόγησιν
3131 2020 3314 2074 αὐτῶν
3361 2020 3726 2088 ἀνακρινάτω
3765 2017 3954 2076 αὐτοὺς

2362 2114 2520 2165 ὁποία
2573 2106 2715 2180 ἦσαν
2745 2111 2817 2164 τά
2861 2112 3130 2182 πρόσωπα
3165 2111 3273 2164 ἀπὸ
3319 2109 3430 2161 τῶν
3469 2109 3530 2172 ἓξ
3554 2107 3843 2176 διαφορῶν
3865 2105 3954 2173 τῆς

2364 2203 2624 2275 πορνείας
2648 2221 2662 2234 ·
2689 2202 2836 2257 τοῦτ’
2884 2203 3002 2257 ἐστι
3039 2204 3206 2257 πόσαι
3262 2203 3481 2268 πόρναι,
3538 2202 3636 2254 καὶ
3670 2200 3840 2252 πόσαι
3867 2199 3953 2267 χῆ-

2366 2317 2476 2370 ραι,
2500 2300 2596 2353 καὶ
2619 2298 2784 2351 πόσαι
2821 2299 3217 2369 μικρόσχημοι,
3237 2298 3334 2350 καὶ
3349 2297 3515 2349 πόσαι
3542 2295 3951 2366 μεγαλόσχημοι

2369 2392 2714 2463 μοναστρίαι,
2749 2392 2844 2445 καὶ
2875 2391 3045 2444 πόσαι
3089 2391 3416 2460 ίερωμέναι,
3440 2391 3616 2458 ἤγουν
3653 2387 3950 2455 πρεώυτέ·

2369 2501 2554 2555 ρισσαι
2585 2484 2617 2553 ἢ
2644 2483 2944 2554 ὲμῦάθμων
2977 2483 3242 2536 διακόνων
3285 2485 3567 2549 γυναῖκες.
3604 2482 3677 2532 ΔΞ
3715 2480 3829 2547 γάρ
3875 2496 3954 2544 pL-

2366 2579 2570 2647 κώσχη
2581 2595 2668 2641 μοι
2699 2576 3044 2645 μοναστρίαι.
3072 2576 3167 2628 καὶ
3187 2575 3297 2627 τῶν
3321 2571 3699 2639 άναγνωστῶν
3712 2571 3793 2631 ὡς
3809 2569 3939 2635 πόρε

2367 2685 2454 2720 ναι
2510 2668 2829 2738 κρίνονται·
2861 2669 2917 2718 αἱ
2977 2666 3036 2718 δὲ
3091 2666 3504 2736 μεγαλόσχημοι
3554 2665 3631 2724 ὡς
3673 2660 3951 2727 braver...

2367 2763 2478 2813 Kal
2510 2761 2638 2814 ὅταν
2670 2760 2878 2812 τούτων
2915 2759 3015 2822 τὰς
3059 2758 3324 2827 διαφορὰς
3366 2758 3460 2811 καὶ
3505 2757 3606 2818 τὰς
3651 2755 3957 2820 ποσότητας

2367 2853 2654 2917 ἐξείπωσιν
2675 2853 2726 2905 οἱ
2753 2850 3260 2920 ἐξομολογούμενοι,
3297 2850 3390 2902 καὶ
3432 2850 3634 2900 ὁπόσον
3671 2845 3958 2914 ἐχρόνισαν

2367 2945 2448 3007 εἰς
2496 2943 2731 2997 ’ἑκαστον
2784 2941 2964 2994 αὐτῶν
3012 2941 3206 3004 πάθος.
3261 2941 3358 2992 καὶ
3385 2941 3435 2990 εἰ
3459 2938 3652 2990 ἔτεκον
3688 2935 3750 2998 ἐξ
3786 2932 3958 2985 αὐτῶν

2367 3053 2535 3101 τινες,
2565 3035 2600 3105 ἢ
2623 3031 2686 3087 οὗ
2714 3050 2725 3060 ·
2752 3033 2848 3086 καὶ
2875 3035 2924 3085 εἰ
2954 3027 3100 3101 εἶχον
3129 3033 3397 3098 γυναῖκας
3435 3030 3468 3098 ἦ
3501 3028 3603 3080 οὐκ
3649 3023 3828 3094 εἶχον,
3874 3025 3961 3074 καὶ

691 3129 919 3188 utroque
939 3118 1098 3172 modo
1116 3137 1129 3171 :
1146 3118 1190 3172 si
1211 3118 1399 3180 semel,
1419 3117 1501 3171 vel
1523 3117 1627 3176 his,
1648 3117 1725 3171 vel
1747 3126 1849 3182 ter,
1871 3127 1966 3172 aut
1981 3121 2200 3190 saepius;
2222 3123 2266 3178 si

2373 3132 2421 3182 εί
2449 3127 2593 3182 κατὰ
2634 3127 2798 3196 φύσιν
2833 3126 3085 3195 ἥμαρτον
3123 3123 3159 3192 ἦ
3206 3125 3303 3176 καὶ
3340 3121 3460 3174 κατ’
3494 3119 3835 3190 ἀμφότεραο
3873 3117 3960 3167 καὶ

697 3213 1045 3274 destiterunt,
1076 3209 1159 3264 vel
1185 3210 1250 3263 ad
1280 3215 1614 3264 senectutem
1647 3224 1841 3278 usque.
1870 3220 1925 3264 et
1950 3212 2092 3265 diem
2114 3213 2265 3268 illum

691 3304 745 3358 in
795 3317 906 3373 quo
940 3302 1266 3357 confitentur
1304 3312 1682 3370 peccaverunt,
1713 3304 1791 3355 vel
1816 3303 1928 3370 jam
1970 3306 2263 3361 desierant.

2374 3222 2423 3273 εί
2457 3218 2564 3288 πρὸ
2587 3216 2886 3288 τριάκοντα
2928 3215 3159 3284 χρόνων,
3195 3213 3230 3282 ἢ
3258 3214 3354 3266 καὶ
3384 3211 3526 3282 μετὰ
3559 3209 3771 3268 ταῦτα,
3809 3206 3845 3276 ἦ
3875 3207 3960 3258 καὶ

2375 3311 2496 3365 κατ’
2524 3309 2812 3378 ἀμφότερα
2831 3322 2845 3338 ο
2882 3307 2980 3360 καὶ
3005 3307 3054 3359 εί
3085 3303 3258 3369 ἅπαξ,
3299 3305 3396 3357 καὶ
3416 3302 3523 3364 δἰς,
3555 3303 3655 3354 καὶ
3684 3301 3836 3370 τρὶς,
3873 3297 3962 3348 καὶ

689 3401 969 3463 πολλάκις,
1018 3398 1112 3452 καὶ
1151 3398 1200 3450 εἰ
1243 3396 1526 3464 ἐξέκοψαν,
1593 3397 1627 3467 ἢ
1675 3401 1770 3450 καὶ
1815 3397 1920 3462 ἕως
1960 3400 2168 3469 γήρως,
2231 3408 2326 3460 καὶ⁵
2366 3408 2415 3458 εἰ
2461 3404 2568 3468 ἕως
2622 3402 2725 3472 τῆς
2780 3403 2996 3473 ἡμέρας
3046 3399 3266 3467 ἐκείνης
3307 3391 3433 3469 ἐ.νῇ
3471 3395 3964 3464 ἐξωμολογήιιττιῑνττι

689 3493 1023 3565 ἡμάρτανον,
1048 3489 1082 3559 ἦ
1123 3488 1535 3560 προαπέκοψαν.

760 3589 1053 3658 Postquam
1109 3585 1532 3641 diﬂ‘erentiarum
1583 3585 1808 3639 istarum
1882 3585 2261 3657 interrogatio-

692 3699 815 3738 nem
838 3681 1058 3744 finierit,
1082 3694 1178 3734 eos
1211 3680 1406 3733 iterum
1425 3681 1489 3731 de
1509 3677 1730 3732 incestis
1755 3678 2009 3733 omnibus
2033 3681 2264 3736 interro-

693 3772 1116 3847 gabit.Nunquid
1135 3772 1423 3840 aliquando
1442 3770 1494 3822 in
1509 3780 1765 3839 cognatas
1798 3780 1846 3823 et
1866 3771 2050 3825 alliues
2069 3773 2268 3828 incide-

693 3869 823 3923 rint.
863 3864 918 3918 Si
952 3863 1359 3933 deprehenderit
1383 3877 1478 3915 eos
1505 3864 1558 3921 ju
1596 3861 1795 3930 aliquid
1824 3861 2091 3928 ejusmodi
2132 3864 2269 3918 inci-

694 3959 859 4023 disse,
889 3955 1260 4023 interrogabit,
1286 3970 1351 4006 an
1395 3956 1587 4006 iterum
1624 3953 1991 4007 converterint
2021 3969 2080 4008 se
2108 3969 2137 4006 a
2179 3970 2270 4009 se-

693 4051 875 4105 cundo
903 4049 1070 4120 gradu
1098 4046 1515 4117 propinquitatis
1535 4046 1598 4098 ad
1629 4047 1884 4114 primum,
1911 4046 1991 4098 vel
2008 4061 2137 4100 non.
2159 4045 2271 4101 Hoc

694 4143 837 4192 enim
869 4139 1022 4208 pejus
1050 4147 1148 4190 cst.
1185 4135 1374 4190 Postea
1402 4138 1481 4189 sic
1514 4151 1607 4190 eos
1637 4139 1964 4205 interrogare
1990 4138 2136 4190 deiis
2153 4154 2274 4206 qua:

694 4243 882 4285 contra
923 4241 1170 4283 naturam
1213 4237 1587 4296 perpetrantur
1619 4245 1631 4278 :
1663 4242 1730 4279 au
1758 4227 2055 4281 ceciderint
2096 4231 2174 4280 vel
2220 4231 2272 4282 iu

695 4324 894 4385 virum,
915 4322 993 4374 vel
1010 4322 1062 4373 in
1096 4335 1344 4389 puerum,
1362 4318 1442 4371 vel
1467 4317 1854 4386 injumentum,
1869 4320 1949 4372 vel
1969 4320 2019 4371 in
2038 4319 2272 4379 volatile,

695 4415 778 4471 vel
799 4416 850 4468 iu
869 4415 1158 4485 puellulam
1174 4421 1517 4466 antcsextum
1541 4411 1808 4463 decimum
1831 4426 2055 4464 annum.
2085 4408 2274 4465 Postea

697 4507 1073 4580 progredietur
1101 4505 1166 4557 ad
1206 4502 1678 4570 interrogationem
1707 4502 1772 4553 de
1803 4502 1947 4555 CIBth
1977 4503 2276 4555 voluntaria

696 4610 750 4656 et
779 4596 1162 4659 involuntaria,
1192 4593 1352 4648 simul
1379 4603 1433 4647 et
1455 4593 1520 4644 de
1538 4591 1683 4660 gravi
1702 4590 1966 4660 etduplici
1999 4591 2086 4645 illa
2106 4591 2280 4645 molli-

699 4696 794 4751 tie.
827 4693 960 4748 Cum
991 4701 1170 4746 autem
1213 4688 1560 4758 pamitentem
1596 4686 1663 4740 de
1701 4687 1786 4740 his
1841 4686 2094 4740 oumihus
2137 4696 2279 4740 recte

699 4795 974 4842 scrutatus
997 4784 1176 4847 fuerit,
1196 4791 1309 4835 tum
1340 4781 1404 4834 ad
1425 4779 1564 4832 vires
1581 4778 1700 4848 ejus
1721 4777 1961 4831 animum
1980 4789 2277 4832 convertet.

2435 3587 2545 3640 Καὶ
2593 3585 2724 3638 ὅταν
2756 3583 2978 3636 πάντων
3029 3581 3242 3635 τούτων
3287 3579 3496 3646 ἐξείποι
3531 3577 3634 3639 τάς
3668 3577 3958 3646 διαφοράς-

2365 3677 2529 3733 πάλιν
2553 3675 2768 3745 ἐρωτᾷν
2798 3673 3000 3735 αὐτοὺς
3030 3675 3165 3743 περὶ
3199 3670 3309 3723 τῶν
3348 3667 3717 3738 αἱμομιξιῶν,
3749 3671 3959 3737 μήποτε

2365 3771 2447 3833 εἰς
2470 3767 2792 3835 συγγενείας
2805 3763 3021 3834 τινὰςῆ
3054 3761 3326 3824 ἰδιοσύνας
3352 3761 3570 3812 ἔπεσον.
3614 3759 3738 3812 Ka‘t
3772 3762 3825 3811 εἰ
3861 3759 3960 3829 ἄρα

2367 3861 2518 3933 εὖροι
2542 3859 2738 3921 αὐτοὺς
2764 3857 2822 3910 ἐν
2854 3874 2960 3910 τινι
2996 3853 3225 3917 τούτων,
3266 3854 3479 3922 ἐρωτᾷν
3510 3851 3722 3913 αὐτοὺς
3757 3857 3807 3902 εξ
3871 3854 3950 3903 ἑπ-

2370 3952 2721 4022 εστράφησαν
2750 3950 2858 4004 ἀπὸ
2879 3946 2974 4002 τοῦ
3004 3947 3259 4016 δευτέρου
3285 3943 3583 4013 προσώπου
3622 3944 3734 4012 τῆς
3766 3959 3959 4010 συγγε-

2370 4045 2519 4107 νείας
2548 4042 2642 4095 ἐπὶ
2669 4041 2730 4094 τὸ
2760 4040 2978 4110 πρῶτον
3021 4037 3203 4098 πάλιν,
3234 4036 3267 4107 ἦ
3309 4035 3370 4089 οὗ
3400 4051 3414 4064 ⁸
3453 4038 3640 4105 χεῖρον
3691 4038 3808 4105 γάρ
3850 4038 3960 4086 ἐστι

2371 4135 2548 4189 τοῦτο,
2571 4133 2682 4187 Kal
2703 4127 2803 4185 εἷθ’
2831 4130 3006 4192 οὕτως
3031 4131 3260 4200 ἑρευνᾷν
3279 4126 3481 4189 αὐτοὺς
3511 4125 3650 4195 περὶ
3677 4126 3792 4178 τῶν
3817 4127 3961 4192 παρᾶ

2374 4225 2538 4295 φύσιν
2561 4241 2578 4256 .
2611 4224 2644 4294 ἦ
2674 4224 2753 4285 εις
2804 4221 2992 4293 ἄνδρα,
3034 4219 3068 4289 ἦ
3106 4221 3186 4283 εἰς
3227 4217 3461 4282 παιδίον,
3486 4217 3522 4287 ἢ
3555 4217 3638 4277 εἰς
3682 4216 3956 4285 κτῆνοςῶ

2377 4319 2456 4378 είς
2488 4315 2693 4387 ὄρνεον,
2720 4313 2754 4383 ἢ
2787 4315 2867 4375 είς
2898 4311 3156 4382 κοράσιον
3191 4313 3300 4381 πρὸ
3337 4306 3434 4360 τοῦ
3477 4306 3804 4376 ὡρισμένου
3837 4305 3957 4376 χρό-

2377 4425 2468 4460 νου
2493 4406 2602 4460 τῶν
2626 4411 2700 4470 ις’
2726 4403 2862 4457 ἐτῶν
2917 4402 3273 4472 περιέπεσαν.
3316 4398 3428 4452 Καὶ
3470 4392 3575 4449 εἷθ’
3604 4398 3793 4457 οὕτως

2380 4497 2628 4552 ἑκουσίου
2677 4497 2770 4549 καὶ
2806 4494 3062 4548 ἀκουσίου
3122 4491 3306 4561 φόνου,
3354 4488 3491 4558 ὁμοῦ
3548 4488 3651 4541 καὶ
3704 4487 3840 4557 περὶ
3865 4486 3955 4551 τῆς

2379 4590 2558 4659 δεινῆς
2601 4588 2694 4640 καὶ
2733 4587 2916 4655 διττῆς
2961 4585 3254 4653 μαλακίας.
3303 4583 3412 4634 Καὶ
3454 4581 3546 4632 ὅτε
3578 4578 3764 4632 ταῦτα
3787 4579 3956 4631 πάντα

2381 4681 2470 4734 τὸν
2508 4678 2867 4751 μετανοοῦντα
2895 4677 3078 4740 καλῶς
3114 4677 3402 4747 ὲρευνήσῃ,
3421 4673 3543 4726 τότε
3564 4673 3712 4741 πρὸς
3747 4673 3853 4739 τὴν
3879 4670 3956 4721 δεῖν·

2382 4790 2545 4842 ναμιν
2565 4771 2750 4836 αὑτοῦ,
2777 4770 2976 4841 μᾶλλον
2994 4770 3051 4823 δὲ
3074 4768 3208 4838 πρὸς
3232 4768 3330 4833 τὴν
3357 4761 3678 4826 κατάνυξιν,
3701 4763 3802 4814 καὶ
3829 4761 3956 4827 πρὸς

703 4877 998 4947 pneset'tim
1032 4874 1098 4928 ad
1145 4872 1642 4942 compunctionem,
1697 4879 1751 4922 et
1789 4870 2170 4932 humilitatem,
2204 4873 2269 4925 a:l

2375 4866 2474 4933 τὴν
2500 4865 2847 4926 ταπείνωσιν,
2879 4863 2972 4914 καὶ
3022 4861 3160 4931 πρὸς
3201 4859 3269 4910 τὰ
3290 4857 3524 4924 δάκρυα,
3554 4854 3653 4907 καὶ
3690 4855 3834 4922 πρὸς
3869 4853 3958 4917 τὴν

702 4969 988 5037 lncrymas,
1017 4964 1083 5018 ad
1112 4965 1510 5033 elcetnosynam
1541 4977 1702 5030 quam
1736 4977 1795 5016 se
1829 4978 1988 5030 posse
2018 4962 2128 5017 Deo
2148 4964 2278 5018 dare

702 5060 918 5114 fatetur.
967 5055 1206 5110 Tandem
1237 5054 1355 5107 fidei
1396 5053 1657 5106 fervorem
1689 5061 1741 5106 et
1778 5054 2112 5122 propositum
2144 5069 2279 5108 con-

707 5145 1011 5209 sitiet-abit;
1045 5145 1300 5211 dahitqut-
1338 5143 1385 5195 ei
1421 5142 1679 5210 scriptum
1714 5141 1882 5210 ipsius
1935 5144 2272 5208 mandatum,

708 5239 808 5292 hoc
834 5247 936 5297 est,
974 5235 1370 5304 ptenitcntiam.
1401 5232 1552 5297 Quod
1585 5231 1648 5285 ad
1702 5233 2138 5286 communionem
2193 5244 2275 5287 at-

707 5325 862 5385 tinet,
899 5333 958 5376 ut
991 5339 1153 5390 supra
1184 5323 1384 5376 dictum
1423 5330 1525 5384 est,
1559 5321 1918 5375 ahstinehilur
1945 5324 2011 5375 ah
2062 5339 2126 5376 ea
2180 5339 2274 5391 per

708 5414 940 5482 spatium
965 5415 1128 5467 unius
1157 5411 1306 5472 anni,
1339 5412 1596 5475 duorum,
1631 5411 1816 5470 trium,
1847 5412 2276 5481 quatuur,quin-

707 5519 836 5574 que,
892 5518 1064 5570 usque
1091 5503 1155 5556 ad
1188 5512 1426 5563 sextum,
1453 5511 1508 5554 et
1537 5502 1849 5569 septimum.
1893 5511 2078 5569 postea
2137 5517 2269 5554 con—

712 5595 949 5651 cedctur.
979 5594 1130 5659 Quod
1163 5595 1226 5647 ad
1263 5593 1443 5646 cilium
1466 5602 1519 5645 et
1553 5603 1734 5662 putum
1779 5593 1986 5654 attinet,
2024 5593 2277 5648 ulferuttt

713 5686 1139 5757 uniuscujusque
1197 5695 1389 5738 natura
1419 5696 1472 5738 et
1503 5687 1663 5739 vires.
1700 5683 1850 5750 Quod
1897 5700 2026 5737 vero
2090 5683 2156 5738 ad
2213 5686 2276 5739 li-

715 5783 963 5849 turgiaut,
1007 5795 1126 5835 cum
1159 5780 1561 5836 catechumcnts
1597 5779 1741 5834 exire
1785 5793 1814 5832 ο
1845 5779 2062 5848 templo,
2121 5788 2171 5832 et
2221 5779 2273 5832 in

2374 4955 2744 5026 ἐλεημοσύνην
2777 4953 2944 5008 αὑτοῦ
2973 4954 3038 5023 ἣν
3070 4952 3344 5021 ὁμολογεῖ.
3373 4949 3406 5018 ἦ
3434 4948 3546 5017 ἔχει
3589 4947 3754 5014 ίσκχίρν
3775 4942 3956 4996 δοῦνι;

2371 5047 2451 5119 τῷ
2477 5049 2615 5118 Θεῷ.
2653 5047 2764 5100 Kal
2787 5045 2942 5109 τέλος
2971 5045 3108 5115 πρὸς
3141 5043 3238 5114 τὴν
3278 5042 3508 5106 ζέουσαν
3550 5035 3727 5090 abte-3
3778 5035 3957 5087 πίστιν

2373 5141 2468 5195 καὶ
2536 5139 2815 5210 πρόθεσιν,
2870 5137 3036 5191 δίδειν
3089 5134 3239 5204 αὐτῷ
3279 5134 3572 5202 ἐγγράφως
3599 5129 3710 5200 τὴν
3739 5128 3956 5200 sutelis

2373 5227 2559 5292 αὐτοῦ,
2588 5229 2753 5297 ἤγουν
2783 5227 2880 5296 τὴν
2911 5223 3252 5293 ἐπιτίμησιν.
3279 5222 3388 5274 Καὶ
3422 5219 3556 5288 περὶ
3587 5217 3693 5286 μὲν
3717 5217 3824 5285 τῆς
3847 5233 3955 5266 κοι-

2375 5320 2589 5382 νωνίας,
2621 5318 2694 5381 ὡς
2723 5319 2979 5388 ἀνωτέρω
3009 5316 3245 5386 εἴρηται,
3277 5315 3372 5366 καὶ
3407 5313 3484 5374 εἰς
3514 5311 3717 5379 χρόνον
3757 5311 3860 5361 καὶ
3887 5310 3957 5364 εἰς

2372 5410 2488 5475 δύο,
2521 5412 2613 5464 καὶ
2650 5413 2731 5473 εἰς
2779 5411 2924 5481 τρία,
2965 5409 3058 5460 καὶ
3100 5410 3180 5469 εἰς
3220 5406 3482 5474 τέσσαρα,
3522 5401 3619 5454 καὶ
3658 5402 3744 5464 εἰς
3774 5402 3955 5453 πέντε,

2375 5504 2470 5556 καὶ
2501 5503 2580 5565 εἰς
2612 5501 2690 5566 ἒξ,
2725 5503 2819 5554 καὶ⁵
2856 5503 2935 5563 είς
2973 5500 3111 5552 ἑπτὰ
3157 5498 3477 5567 συγχωρεῖν,
3532 5495 3668 5564 περὶ
3722 5494 3782 5546 δὲ
3821 5491 3959 5560 βρώ-

2381 5610 2519 5656 σεως
2545 5593 2638 5647 καὶ
2665 5592 2897 5656 πόσεως,
2928 5592 3003 5653 ὡς
3032 5589 3145 5659 ἔχει
3175 5589 3410 5642 ἑκάστου
3440 5585 3605 5653 φύσις
3639 5585 3742 5636 καὶ
3779 5582 3954 5651 ἰσχύς.

2383 5686 2494 5739 Kal
2517 5685 2648 5754 περὶ
2707 5685 2803 5754 μὲν
2858 5683 2959 5752 τῆς
3009 5679 3352 5749 λειτουργίας
3383 5676 3494 5730 ἀπὸ
3525 5675 3658 5738 τοὺς
3688 5691 3956 5742 statura-.-

2391 5777 2583 5846 μένους
2614 5776 2926 5847 τῢαι
2955 5773 3046 5826 τοῦ
3077 5771 3205 5826 ναοῦ
3237 5771 3323 5825 za':
3359 5771 3579 5839 στῆκειν
3608 5771 3693 5831 εἰς
3719 5767 3815 5821 τὸν
3835 5768 3956 5820 νά(-
