4112 6416
218 464 348 530 1913

1531 474 2135 539 PtENlTENTIALE.

3319 485 3449 550 1914

216 579 373 648 θηκα.
408 576 501 640 Εἰς
604 575 667 629 τὸ
699 576 985 649 ἑσπερινδν
1027 580 1120 634 καὶ
1147 582 1346 655 ϐρθρον
1391 585 1486 640 καὶ
1530 587 1599 641 τὰ
1628 586 1757 641 ἄλλα

1868 587 2125 643 narthece
2154 597 2301 643 stare
2339 588 2638 660 jubentor:
2673 592 2725 645 in
2763 592 3025 663 Vesperisl
3057 609 3205 657 vero,
3236 606 3289 649 et
3326 612 3446 651 ma-

210 668 482 722 άκώλυτον
511 661 651 721 εἶναι
687 669 829 723 κατὰ
870 671 1048 725 πάντα
1090 673 1226 728 ὅπου
1265 674 1409 729 θέλει
1440 676 1770 732 ῖστασθαιὲν

207 760 283 829 τῷ
312 759 446 830 ναῷ.
478 760 569 813 ὅτε
602 761 695 813 καὶ
718 760 785 814 ἂν
814 761 964 834 θέλῃ.
995 765 1076 819 Τά
1099 764 1157 819 δὲ
1195 766 1436 837 Χριστοῦ
1457 768 1646 838 γέννα,
1674 770 1771 824 καὶ

202 852 269 903 τὰ
289 850 448 904 Φῶτα
474 851 567 903 καὶ
598 851 698 914 τὰς
725 854 874 922 τρεῖς
912 854 1006 908 τοῦ
1050 858 1241 928 Πάσχα
1286 860 1522 932 ἡμέρας,
1559 862 1677 933 ἦτοι
1701 867 1768 936 τῇ

207 942 419 1015 μεγάλῃ
453 943 519 1005 ε’,
566 942 662 996 καὶ
689 944 771 1014 τῷ
816 948 1039 1016 μεγάλῳ
1087 950 1375 1021 Σαϐϐάτῳ,
1430 952 1529 1006 καὶ
1568 955 1635 1025 τῇ
1668 971 1765 1023 με·

198 1030 336 1102 γάλῃ
370 1033 649 1102 κυριακῇ,
674 1034 771 1089 καὶ
796 1034 902 1087 τῶν
920 1036 1111 1104 Ἀγίων
1136 1038 1472 1093 Ἀποστόλων
1506 1039 1606 1111 τὴν
1637 1044 1770 1111 μνή-

204 1138 331 1191 μην,
357 1121 438 1193 [κ]
458 1125 524 1177 ἄν
540 1141 592 1176 τι
611 1127 899 1191 κοινωνίας
924 1128 1384 1198 μεταλαμϐάνειν,
1401 1130 1652 1201 ἀγίασμα
1664 1130 1771 1186 τῶν

194 1213 419 1279 Φώτων,
476 1219 576 1269 καὶ
630 1217 775 1271 οὕτω
820 1220 1167 1275 διαλύεινοοί
1199 1223 1298 1293 μὲν
1346 1226 1577 1295 μοναχοὶ
1607 1226 1770 1297 τυρὸν

194 1304 291 1356 καὶ
314 1304 447 1372 ώδν,
477 1309 528 1359 οί
554 1308 610 1361 δὲ
644 1311 739 1363 καὶ
786 1311 940 1381 κρέα.
974 1313 1134 1381 Τρεῖς
1166 1314 1224 1366 δὲ
1257 1315 1522 1387 διαφορὰς
1558 1316 1620 1370 τὸ
1646 1317 1769 1371 κατ’

191 1393 294 1462 ἐμὲ
322 1397 468 1460 τέως
503 1397 670 1467 ἔχειν,
712 1402 792 1463 είς
831 1402 901 1455 τά
948 1405 1077 1473 περὶ
1130 1403 1386 1474 βρώσεως
1437 1409 1532 1461 καὶ
1558 1410 1770 1474 πόσεως

192 1486 271 1547 είς
315 1488 530 1552 πάντας
571 1492 830 1561 ἐπιτιμῶ.
874 1494 935 1548 'H
984 1497 1122 1563 αὑτὴ
1152 1498 1261 1569 γὰρ
1301 1498 1368 1552 ἂν
1412 1500 1631 1571 ἄκρισις
1674 1502 1771 1556 καὶ

188 1578 469 1647 διάκρισις
490 1585 585 1637 καὶ
615 1585 796 1655 κρίσις
825 1587 1028 1654 ὀφείλει
1051 1590 1292 1656 γίνεσθαι
1335 1593 1425 1645 καὶ
1462 1595 1553 1646 ἐπὶ
1581 1610 1769 1661 γυναι-

188 1670 305 1724 κῶν
332 1674 435 1727 καὶ
460 1675 699 1746 ἀνδρῶν,
725 1680 1005 1749 κοσμικῶς
1025 1698 1085 1734 τε
1116 1682 1211 1737 καὶ
1243 1683 1621 1756 μοναχ[ικ]ὦς,
1639 1688 1770 1742 ἄνευ

187 1761 399 1817 δούλων
422 1766 519 1818 καὶ
548 1767 817 1822 δουλίδων.
851 1772 917 1823 Οἵ
952 1787 1011 1822 τε
1052 1772 1159 1841 γὰρ
1217 1774 1396 1829 δοῦλοι
1426 1778 1521 1830 καὶ
1550 1781 1611 1831 αί
1646 1779 1770 1833 δου-

188 1849 334 1915 λίόες
364 1859 465 1909 καὶ
496 1861 647 1929 παρὰ
675 1861 782 1914 τῶν
838 1863 997 1915 θείων
1037 1864 1459 1938 ὲκανονίσθησαν
1506 1871 1767 1935 κανόνων,

1875 679 2068 736 tutinis
2134 680 2335 737 Olliciis
2361 691 2417 737 et
2443 683 2568 737 aliis
2600 683 2830 738 liberum
2894 687 3120 740 omnino
3172 686 3275 740 erit
3337 689 3443 743 illis

1871 780 2018 826 stare
2038 773 2091 827 in
2121 773 2323 843 templo
2374 775 2466 830 ubi
2493 774 2788 830 voluerint.
2850 776 2983 831 Cum
3011 792 3139 829 vero
3176 777 3444 846 paenitens

1872 864 2123 930 voluerit,
2159 866 2214 920 in
2259 865 2550 921 Nativitate
2585 866 2811 931 Christi,
2853 876 2909 921 et
2944 867 2998 921 in
3032 866 3357 938 Epiphania,
3392 879 3446 923 et

1871 956 2045 1010 tribus
2066 956 2347 1012 Paschalis
2378 957 2592 1021 diebus,
2621 958 2869 1013 videlicet
2898 972 3089 1028 magna
3122 957 3255 1014 feria
3285 960 3447 1029 quin-

1871 1060 1946 1111 ta,
1997 1061 2052 1104 et
2076 1066 2270 1121 magno
2298 1051 2552 1117 Sabbato,
2584 1062 2637 1107 et
2672 1067 2867 1122 magna
2906 1050 3206 1117 Dominica,
3237 1062 3444 1108 etcum

1870 1151 2181 1197 sanctorum
2208 1143 2573 1213 apostolorum
2592 1145 2851 1200 memoria
2885 1143 3211 1209 celebratur,
3240 1145 3442 1216 aliquid

1869 1234 2271 1288 communionis
2302 1235 2627 1305 participare
2679 1243 2879 1306 potest,
2920 1234 3237 1306 Epiphania:
3296 1236 3442 1291 scili-

1872 1324 1997 1380 licet
2026 1326 2536 1390 sanctiﬁcationem,
2558 1336 2613 1381 et
2633 1328 2716 1383 sic
2770 1326 3144 1398 paenitentiam
3176 1327 3287 1383 illis
3325 1327 3444 1383 die-

1872 1417 1974 1471 bus
2018 1417 2273 1478 relaxari,
2340 1418 2625 1474 monachis
2667 1421 2886 1489 quidem
2950 1433 3165 1474 caseum
3220 1428 3274 1475 et
3318 1434 3441 1485 ova,

1870 1509 1991 1565 aliis
2016 1524 2147 1564 vero
2198 1509 2368 1564 etiam
2406 1525 2648 1566 carnem.
2673 1510 2806 1568 Tres
2841 1519 3020 1566 autem
3034 1521 3161 1566 sunt
3185 1512 3326 1582 apud
3355 1527 3444 1567 me

1874 1600 2041 1668 hujus
2076 1601 2152 1656 rei
2183 1601 2519 1658 dill'erentiae.
2549 1602 2681 1669 Quae
2703 1603 2881 1658 cibum
2901 1614 2955 1659 et
2984 1613 3171 1673 potum
3196 1614 3442 1673 spectant

1870 1695 2127 1749 omnibus
2161 1694 2402 1765 impono.
2463 1695 2663 1749 Eadem
2710 1705 2889 1749 autem
2953 1694 3336 1760 indillerentia,
3383 1707 3439 1749 et

1870 1787 2224 1855 comparatio,
2273 1796 2331 1843 et
2376 1788 2655 1854 discretio,
2710 1798 2764 1843 et
2788 1787 3048 1857 judicium
3107 1790 3158 1843 in
3191 1788 3438 1843 mulieri-

1874 1876 1973 1929 bus
2001 1887 2056 1931 et
2106 1878 2237 1934 viris
2292 1894 2414 1933 esse
2442 1879 2622 1941 debet,
2656 1881 2768 1935 sive
2795 1882 3106 1945 saeculares,
3154 1880 3269 1936 sive
3320 1896 3438 1936 mo-

184 1944 249 2039 τδ
272 1946 455 2039 ἥμισυ
487 1949 544 2001 δὲ
581 1951 739 2019 μόνον
772 1952 873 2021 τῆς
905 1953 1277 2023 ἐπιτιμήσεως
1326 1957 1643 2029 λαμϐάνειν,
1681 1961 1757 2015 διδ

1872 1968 2051 2032 nacbi,
2086 1970 2179 2023 sed
2230 1970 2534 2039 excipiendi
2566 1978 2695 2026 sunt
2743 1970 2882 2026 servi
2931 1980 2985 2025 et
3023 1972 3249 2027 ancilla}.
3285 1972 3437 2027 Servi

184 2034 247 2089 τὸ
273 2036 352 2107 μὴ
375 2034 523 2093 εῐναι
544 2042 745 2106 αὐτοὺς
772 2045 832 2097 ἐν
854 2047 921 2113 τῇ
957 2046 1065 2117 ίδίᾳ
1096 2046 1335 2119 ἐξουσίᾳ.

1866 2070 2045 2115 autem
2101 2071 2158 2116 et
2205 2064 2413 2118 ancilla:
2470 2065 2765 2118 secundum
2817 2064 3123 2118 divinorum
3162 2079 3438 2120 canonum

182 2128 411 2227 decreta
492 2134 724 2189 mediam
777 2144 986 2190 tantum
1047 2140 1483 2207 pmnitentiarum
1540 2152 1744 2212 partem
1780 2164 1903 2219 quae
1979 2154 2213 2209 dominis
2251 2154 2451 2224 imponi
2524 2156 2682 2220 solet,
2720 2156 2997 2227 suscipere
3069 2166 3341 2224 tenentur,
3369 2172 3438 2215 eo

184 2224 334 2293 quod
368 2225 426 2279 in
468 2240 571 2280 sua
618 2242 725 2280 non
756 2227 866 2282 sint
894 2239 1178 2298 potestate.

253 2334 433 2402 Οὗτος
454 2336 549 2393 οὖν
571 2340 602 2390 ὁ
625 2340 841 2411 πρῶτος
864 2342 963 2410 τῆς
997 2344 1367 2415 ἐπιτιμήσεως
1387 2346 1496 2400 τῶν
1520 2349 1756 2417 πάντων,

182 2431 356 2502 χωρἰς
379 2431 590 2484 δούλων
614 2435 707 2485 καὶ
732 2434 1012 2497 δουλίδων,
1055 2437 1184 2508 παρ’
1211 2437 1335 2506 ἐμοὶ
1366 2437 1642 2509 διδόμενος
1677 2444 1759 2505 είς

180 2522 396 2584 πάντας
428 2522 541 2575 τῶν
588 2524 881 2593 ἐπιτιμίων
908 2526 1053 2594 ὄρος.
1102 2528 1372 2598 Δευτέραν
1419 2530 1517 2599 μὲν
1553 2534 1645 2585 καὶ
1671 2550 1761 2585 τε·

180 2616 741 2687 τραδοπαρασκευὴν,
783 2617 984 2671 ἐσθίειν
1022 2619 1202 2672 ἔλαιον
1242 2622 1341 2674 καὶ
1368 2621 1593 2693 ὄσπριον
1621 2624 1760 2694 μετὰ

179 2704 439 2774 λαχάνων
468 2707 627 2776 μόνον
648 2747 663 2770 ,
694 2708 862 2778 τυροῦ
888 2710 944 2761 δὲ
983 2709 1079 2763 καὶ
1126 2709 1235 2762 ώοῦ
1277 2711 1373 2764 καὶ
1416 2714 1647 2783 κρέατος
1666 2716 1761 2767 καὶ

178 2797 418 2867 ὀψαρίου
464 2800 801 2868 ἀπέχεσθαι·
833 2801 1018 2871 τρίτην
1059 2800 1117 2854 δὲ
1155 2803 1251 2855 καὶ
1298 2802 1556 2873 πέμπτην
1581 2805 1758 2857 πάντα

179 2889 390 2941 ἐσθίειν
448 2890 747 2954 ἀκωλύτως
789 2892 917 2944 ἄνευ
969 2893 1220 2964 κρέατος.
1270 2893 1533 2964 Σαϐϐάτῳ
1572 2894 1629 2947 δὲ
1669 2898 1762 2948 καὶ

178 2981 439 3052 Κυριακῇ
472 2983 545 3053 μὴ
577 2983 633 3035 ἐν
681 3000 787 3035 τινι
828 2984 1078 3054 βρώματι
1107 2986 1139 3056 ἦ
1186 2987 1393 3055 πόματι
1423 2986 1485 3039 τὸ
1532 2982 1642 3040 οἷον
1668 2985 1762 3041 οὖν

180 3073 548 3141 ἐπιτιμᾶσθαι
574 3092 588 3106 υ
622 3064 737 3127 ἀλλ’
793 3072 934 3129 εἶναι
979 3076 1257 3131 ἀκώλυτον
1320 3080 1403 3141 είς
1444 3079 1640 3141 πάντα,
1687 3082 1764 3144 ὼς

179 3163 389 3227 πάντες
422 3167 474 3218 οἱ
520 3166 594 3237 μὴ
620 3167 832 3234 ἔχοντες
881 3168 1154 3236 ἐπιτίμιον
1174 3209 1190 3231 ,
1239 3167 1383 3223 τοῦτ’
1421 3170 1537 3223 ἐστι
1569 3175 1661 3226 καὶ
1686 3176 1765 3236 εἰς

1936 2331 2063 2386 Haec
2091 2341 2173 2386 est
2196 2332 2357 2402 igitur
2376 2334 2552 2401 prima
2583 2333 2951 2402 castigationis
2975 2344 3030 2391 et
3091 2338 3437 2406 pmniteutia-

1861 2437 1982 2475 rnm
2005 2422 2278 2484 munibus,
2297 2422 2340 2475 si
2356 2423 2849 2479 servosetancillas
2863 2425 3124 2495 excipias,
3154 2442 3182 2481 a
3214 2431 3435 2487 medata

1860 2512 2122 2565 dellnitio.
2149 2510 2301 2567 Feria
2330 2528 2367 2566 ιι
2389 2523 2529 2577 etiv,
2546 2522 2599 2566 et
2624 2512 2917 2570 Parasceve
2943 2517 3118 2572 oleum
3152 2521 3435 2578 comedere

1860 2614 1914 2658 et
1944 2604 2212 2674 legumina
2243 2619 2366 2660 cum
2396 2604 2635 2660 oleribus
2662 2615 2872 2661 tantum
2901 2626 2916 2674 ;
2969 2611 3244 2667 abstinere
3306 2629 3434 2669 vero

1858 2708 1889 2747 a
1939 2708 2122 2760 caseo,
2173 2708 2295 2760 ovo,
2325 2703 2381 2748 et
2425 2709 2611 2760 carne,
2646 2705 2698 2750 et
2727 2697 3007 2766 piscibus;
3037 2701 3192 2755 tertia
3224 2717 3355 2757 vero
3379 2715 3433 2758 et

1858 2786 2045 2853 quinta
2114 2786 2294 2839 omnia
2368 2786 2534 2839 libere
2584 2788 2866 2841 comedere
2919 2799 3115 2859 praeter
3166 2807 3428 2848 carnem:

1858 2876 2099 2930 Sabbato
2130 2890 2263 2929 vero
2295 2883 2351 2929 et
2382 2874 2661 2931 Dominica
2710 2877 2764 2930 in
2806 2879 2928 2933 cibo
2986 2889 3040 2935 et
3094 2890 3224 2952 potu
3282 2885 3433 2941 nullo

1858 2980 2185 3035 quocunque
2217 2966 2378 3021 modo
2406 2968 2611 3037 puniri,
2639 2969 2736 3023 sed
2783 2970 2837 3023 in
2888 2973 3146 3029 omnibus
3200 2976 3429 3031 liberum

1858 3072 2000 3121 esse,
2032 3073 2137 3113 non
2164 3073 2323 3114 secus
2357 3074 2422 3113 ac
2466 3060 2541 3113 illi
2573 3062 2667 3131 qui
2694 3063 2843 3117 nullo
2876 3056 3124 3133 epitimio
3154 3078 3428 3135 tenentur,

1864 3150 1966 3204 hoc
2002 3162 2103 3214 est,
2154 3150 2207 3204 in
2255 3150 2402 3217 vino,
2438 3151 2491 3206 in
2541 3168 2730 3220 carne,
2779 3164 2836 3209 et
2868 3157 3097 3226 reliquis
3151 3162 3426 3219 omnibus.

179 3257 363 3327 κρέας
418 3260 514 3311 καὶ
566 3260 645 3322 είς
689 3254 853 3324 οἶνον,
907 3262 999 3314 καὶ
1036 3264 1115 3325 είς
1152 3264 1347 3319 πάντα.
1399 3265 1627 3334 Ὁμοίως
1668 3267 1757 3317 καὶ

1869 3241 2062 3297 Eadem
2110 3242 2249 3297 ratio
2284 3243 2388 3297 erit
2419 3243 2473 3298 in
2513 3245 2768 3300 omnibus
2818 3246 2971 3303 festis
3002 3248 3325 3316 Dominicis,
3374 3264 3429 3308 et

177 3352 261 3413 εἰς
312 3352 501 3404 πᾶσαν
544 3352 739 3422 ἑορτὴν
797 3354 1135 3425 Δεσποτικὴν
1187 3356 1286 3409 καὶ
1333 3356 1430 3427 τῆς
1483 3358 1756 3424 παναγίας

183 3440 485 3503 Θεοτόκου.
552 3443 646 3497 καὶ
707 3444 816 3498 τῶν
860 3446 926 3516 ιβ’
968 3447 1305 3501 ’Λποστόλων
1333 3448 1445 3500 οἴου
1491 3447 1559 3501 ἂν
1617 3447 1756 3521 λάχῃ

176 3533 382 3603 ὄνομα.
415 3535 511 3588 καὶ
554 3536 642 3590 οἶα
697 3536 801 3589 κᾶν
842 3538 989 3590 ἐστιν
1043 3538 1247 3608 ἡμέρα,
1304 3534 1442 3590 εἶναι
1478 3538 1755 3591 ἀκώλυτον

177 3624 238 3676 ὲν
279 3624 489 3694 βρώσει
522 3627 617 3678 καὶ
642 3624 799 3677 πόσει
846 3628 940 3679 τὸν
965 3628 1389 3696 ἐπιτιμώμενον.
1426 3628 1533 3680 Καὶ
1562 3630 1637 3696 μὴ
1667 3645 1753 3680 τε·

174 3715 353 3783 τράδα
384 3715 419 3785 ἦ
474 3715 835 3785 παρασκευὴν
882 3716 1168 3783 φυλάττειν
1210 3720 1266 3769 ἑν
1306 3716 1528 3788 τοιαύτῃ
1568 3718 1748 3787 ἑορτῇ.

185 3803 432 3875 Ὁμοίως
466 3809 560 3859 καὶ
584 3806 678 3859 τοῦ
731 3807 1068 3876 Προδρόμου,
1106 3809 1199 3861 καὶ⁵
1228 3808 1291 3861 τὸ
1315 3806 1752 3880 δωδεκαήμερον,

174 3900 274 3953 καὶ
303 3899 412 3968 τὴν
460 3898 729 3968 ἑϐδομάδα
788 3898 880 3951 τοῦ
927 3899 1140 3968 Πάσχα,
1192 3902 1286 3952 καὶ
1339 3901 1438 3969 τὴν
1492 3900 1601 3952 ἀπὸ
1653 3900 1754 3969 τῆς

174 3990 593 4061 Πεντηκοστῆς,
647 3990 716 4059 ἢν
772 3989 867 4043 τοῦ
914 3990 1071 4057 ἁγίου
1127 3991 1441 4059 Πνεύματος
1482 3992 1754 4061 καλοῦμεν

170 4080 459 4151 ἑϐδομάδα
479 4096 492 4110 ⁶
525 4080 624 4142 τάς
653 4079 710 4132 δὲ
734 4078 844 4133 ἀπὸ
866 4079 960 4133 τοῦ
996 4080 1328 4150 ’Δντίπασχα
1360 4080 1465 4144 ἕως
1494 4082 1591 4150 τῆς
1624 4083 1755 4134 [lev-

169 4171 459 4242 τηκοστῆς
514 4169 746 4240 ἡμέρας,
809 4170 952 4223 οὕτω
1014 4171 1113 4240 μὲν
1142 4166 1389 4234 εἷναιείς
1442 4172 1608 4235 αὐτὰς
1634 4174 1752 4225 ὁλο-

168 4259 489 4321 απολύτους
518 4261 597 4321 εἰς
627 4258 960 4329 πάνταίπλὴν
989 4259 1585 4330 τετραδοπαρασκευὴς,
1615 4278 1752 4332 κρα-

169 4354 291 4405 τεῖν
327 4352 795 4422 μονοπροσώπως,
846 4354 973 4414 τοὺς
1005 4352 1103 4421 μὲν
1148 4354 1446 4421 κοσμικοὺς
1476 4354 1534 4406 τὸ
1562 4355 1749 4424 κρέας,

165 4446 305 4509 τοὺς
338 4445 398 4497 δὲ
443 4444 709 4513 μοναχοὺς
760 4443 850 4495 τὸν
902 4443 1064 4513 τυρὸν
1115 4444 1207 4497 καὶ
1241 4443 1342 4497 ὠά.
1378 4440 1532 4497 Εἶναι
1571 4445 1627 4498 δὲ
1660 4447 1753 4498 καὶ

165 4536 271 4599 τὰς
305 4535 409 4589 δύο
434 4533 759 4602 ἑϐδομάδας,
794 4535 891 4599 τῆς
933 4550 991 4586 τε
1032 4534 1324 4604 Ἀποκρέου
1356 4535 1450 4588 καὶ
1480 4537 1578 4607 τῆς
1610 4538 1751 4606 Προ-

1862 3333 2217 3388 sanctisaimaa
2247 3332 2341 3387 Dei
2371 3333 2684 3402 Genitricis,
2715 3348 2771 3391 et
2800 3339 3087 3395 duodecim
3152 3347 3426 3411 apostolo—

1856 3439 1976 3478 rum
2009 3425 2383 3494 cujuscunque
2430 3440 2627 3481 nomen
2657 3428 2939 3494 sortiatur,
2988 3441 3043 3485 et
3113 3436 3427 3502 qualiscun-

1853 3531 1958 3585 que
1984 3516 2057 3570 sit
2086 3516 2202 3572 dies
2233 3532 2249 3582 ;
2304 3518 2619 3585 paenitentia
2693 3520 2957 3578 multatus
2998 3522 3133 3578 liber
3172 3541 3296 3580 esse
3333 3526 3427 3580 de-

1853 3607 1944 3662 bet
1982 3608 2034 3662 in
2068 3623 2166 3662 esu
2212 3616 2269 3663 et
2314 3618 2484 3677 potu:
2520 3625 2699 3681 neque
2726 3612 2781 3666 in
2821 3612 3088 3682 ejusmodi
3137 3613 3291 3672 festis
3346 3615 3427 3671 l‘e-

1854 3700 1989 3753 riam
2045 3708 2315 3768 quartam,
2347 3709 2443 3754 aut
2493 3698 3193 3760 Parasceveuobservabit.
3259 3707 3426 3763 Simi-

1852 3792 1971 3846 liter
1997 3802 2051 3847 et
2086 3791 2140 3845 in
2166 3790 2302 3847 festo
2343 3789 2570 3850 Joannis
2597 3792 2871 3863 Baptism,
2931 3804 2987 3851 et
3013 3797 3423 3866 dodecaemero,

1850 3897 1905 3942 et
1955 3886 2237 3942 Paschalis
2268 3888 2589 3957 septimana,
2613 3898 2666 3944 et
2690 3905 2812 3960 qua
2848 3890 3205 3948 Pentecosten
3235 3895 3423 3965 sequi-

1852 3990 1960 4047 tur,
2014 3995 2174 4049 quam
2211 3981 2383 4035 sancti
2441 3979 2674 4051 Spiritus
2731 3984 3086 4053 septimanam
3138 4001 3419 4054 vocamus,

1850 4073 1966 4129 dies
2013 4088 2228 4145 quoque
2279 4073 2348 4128 ab
2395 4074 2838 4141 Anti—Paschate,
2871 4077 2987 4132 sive
3019 4077 3296 4135 Dominica
3363 4082 3419 4135 in

1850 4166 2021 4232 Albis,
2048 4181 2225 4236 usque
2273 4166 2340 4219 ad
2386 4165 2763 4231 Pentecosten,
2803 4176 3017 4238 oportet
3066 4185 3187 4225 esse
3244 4174 3422 4227 omnl-

1851 4260 1952 4315 bus
1993 4259 2171 4313 modis
2212 4258 2431 4324 liberas,
2480 4268 2676 4328 przeter
2705 4273 2760 4312 tv
2784 4270 2840 4314 et
2905 4276 2958 4314 vr
3029 4259 3247 4326 feriam,
3279 4279 3419 4333 quo-

1849 4365 1970 4407 rum
2004 4349 2327 4405 abstinentia
2378 4358 2463 4405 est
2484 4349 2820 4415 uninsmodi,
2853 4352 3195 4406 szecularium
3231 4368 3262 4407 a
3296 4369 3420 4409 car--

1850 4441 2029 4506 nibus,
2065 4442 2458 4494 monachorum
2495 4454 2527 4494 a
2568 4455 2729 4495 caseo
2752 4450 2806 4495 et
2829 4440 2967 4495 ovis.
2998 4440 3223 4497 Duabus
3269 4444 3420 4497 insn-

1849 4545 1943 4600 per
1989 4528 2440 4600 hebdomadibus,
2477 4529 2821 4583 abstinentiae
2870 4531 3106 4586 carnalis
3134 4540 3185 4587 et
3207 4534 3417 4588 denun-

164 4627 503 4697 φωνησίμου
532 4624 842 4687 ἀκωλύτους
883 4624 1127 4688 ἅπαντας
1177 4627 1257 4688 είς
1301 4625 1499 4684 πάντα.
1531 4626 1656 4690 τούς
1691 4643 1750 4680 τε

1858 4619 2116 4684 tiationis,
2152 4619 2254 4674 hoc
2277 4627 2379 4683 est,
2431 4619 2793 4689 Sexagesima:
2832 4628 2886 4675 et
2936 4637 3058 4690 qua:
3112 4638 3232 4677 eam
3282 4640 3417 4693 pra:-

168 4718 457 4789 μοναχοὺς
482 4719 558 4779 εἰς
597 4716 760 4784 τυρὸν
793 4717 886 4768 καὶ
925 4716 1051 4781 ώὸν,
1081 4714 1209 4779 τούς
1249 4734 1310 4769 τε
1351 4718 1646 4786 κοσμικοὺς
1671 4719 1751 4781 είς

166 4812 352 4880 κρέας
397 4808 671 4877 παρεκτὸς
723 4806 835 4859 τῶν
902 4807 1497 4878 τετραδοπαρασκευῶν
1547 4808 1746 4864 αὐτῶν.

162 4900 403 4963 Ταύτας
462 4900 573 4969 γὰρ
620 4899 741 4951 τότε
791 4898 1051 4967 ὁλοάγνας
1098 4902 1339 4970 κρατεῖν,
1395 4902 1447 4953 εἰ
1506 4900 1747 4965 δυνατὸν,

163 4992 269 5045 καὶ
295 4990 536 5060 ὁψαρίου
564 4991 753 5059 χωρὶς,
784 4990 879 5042 καὶ
902 4990 1008 5053 ἑως
1033 4990 1132 5058 ὀψὲ
1165 4991 1468 5060 νηστεύειν.
1497 4992 1750 5063 ’Ὠρισται

160 5084 283 5154 γὰρ
318 5083 420 5137 καὶ
444 5082 603 5135 τοῦτο
627 5082 779 5153 παρά
800 5081 896 5134 τοῦ
926 5082 1071 5137 θείου
1106 5085 1330 5143 κανόνος
1351 5084 1463 5149 ἀεὶ,
1494 5085 1571 5148 ὡς
1601 5087 1752 5158 εἴρη-

159 5194 291 5245 ται,
308 5175 443 5229 ἄνευ
464 5174 657 5245 ἑορτῆς
680 5174 773 5227 καὶ
791 5173 1209 5246 δωδεκαημὲρου
1221 5178 1315 5228 καὶ
1337 5177 1737 5247 Πεντηκοστῆς,

163 5271 323 5340 μήτε
367 5269 448 5328 εἰς
478 5265 632 5334 φίλον
663 5266 802 5319 κατὰ
849 5264 1055 5319 οίονοῦν
1087 5266 1379 5320 καταλύειν
1404 5267 1619 5331 αὐτοὺς,
1650 5269 1750 5323 οὑκ

161 5360 292 5416 οἶδα
331 5362 403 5415 ἂν
432 5361 574 5415 κατὰ
595 5360 904 5426 ἀσθένειαν,
937 5361 972 5432 ἢ
1001 5360 1170 5432 ἄλλην
1196 5362 1442 5431 μεγάλην
1487 5362 1751 5433 περίστα-

164 5475 284 5509 σιν.
320 5456 510 5524 Ἐχειν
542 5454 599 5507 δὲ
630 5452 774 5506 οἴνου
806 5454 932 5524 ὅρον
960 5456 1083 5518 τοὺς
1118 5454 1554 5525 ἑπιτιμωμένους
1578 5457 1625 5509 εί
1653 5454 1747 5507 δυ-

162 5546 348 5600 νατὸν
369 5545 623 5610 πάντοτε,
657 5544 812 5606 ἑκτος
842 5545 1357 5616 Σαϐϐατοκυριακῆς
1395 5546 1487 5599 καὶ
1533 5548 1746 5617 ἑορτῆς.

162 5635 599 5705 άσυγχωρήτως
626 5634 682 5686 δὲ
722 5636 859 5695 τέως
901 5635 1161 5705 δευτέραν
1204 5636 1297 5688 καὶ⁸
1340 5635 1751 5707 τετραδοπαρα-

163 5726 381 5795 κενὴν,
424 5725 569 5779 τοῦτ’
604 5725 719 5778 ἐστι
765 5725 894 5795 μίαν
935 5725 1122 5796 λίτραν
1171 5727 1345 5779 πίνειν
1384 5728 1484 5797 τὴν
1515 5727 1748 5797 ἡμέραν,

162 5816 221 5868 εί
247 5814 316 5867 δέ
364 5831 447 5877 τις
497 5814 719 5867 δύναται
780 5814 856 5884 μὴ
909 5815 969 5867 τὸ
997 5814 1213 5868 σύνολον
1241 5817 1336 5878 τὰς
1379 5817 1526 5888 τρεῖς
1550 5814 1750 5878 ταύτας

166 5904 406 5976 ἡμέρας
460 5905 637 5958 πίνειν
689 5900 852 5969 οἶνον,
884 5904 1057 5973 μέγαν
1096 5904 1284 5975 μισθὸν
1310 5906 1446 5976 ἔχει.
1489 5905 1677 5977 Ὅμως
1713 5908 1745 5976 ἡ

1854 4714 2013 4777 cedit,
2045 4712 2115 4767 ab
2141 4710 2397 4765 omnibus
2427 4711 2759 4780 pmnitentiis
2791 4711 3009 4766 liberari
3030 4713 3248 4779 debent,
3299 4730 3417 4768 mo-

1852 4807 2009 4861 nachi
2061 4806 2131 4860 ab
2157 4805 2480 4859 abstinentia
2537 4805 2681 4859 casei
2718 4814 2774 4860 et
2815 4821 3062 4870 ovorum,
3119 4809 3416 4864 saeculares

1850 4896 2054 4960 carnis,
2088 4904 2279 4966 praeter
2301 4910 2488 4949 earum
2535 4908 2590 4947 Iv
2623 4902 2677 4949 et
2706 4910 2756 4948 vr
2797 4894 2982 4949 lerias.
3012 4894 3133 4951 Illas
3159 4897 3328 4962 enim,
3364 4898 3413 4954 si

1852 4988 2107 5059 possibile
2132 4997 2236 5051 est,
2271 4986 2495 5041 omnino
2526 5001 2691 5055 puras
2723 4996 2909 5041 tenere
2947 4996 3181 5054 oportet,
3245 4990 3410 5044 etiam

1850 5081 1969 5136 sine
2030 5077 2286 5149 piscibus,
2318 5087 2370 5131 et
2398 5077 2451 5131 in
2489 5077 2556 5132 iis
2595 5091 2763 5146 usque
2808 5078 2874 5132 ad
2926 5076 3214 5146 Vesperam
3266 5081 3411 5151 jeju-

1852 5186 2004 5226 nare.
2039 5168 2326 5225 Dclinitutn
2350 5177 2435 5224 est
2460 5170 2605 5223 enim
2632 5184 2663 5222 a
2691 5169 2878 5224 divino
2896 5185 3101 5225 canone
3130 5187 3409 5242 nunquam

1849 5264 2038 5328 licere,
2072 5273 2128 5316 ut
2155 5260 2359 5315 dictum
2393 5267 2498 5325 est,
2556 5270 2909 5331 praeterquam
2940 5262 2993 5316 in
3024 5260 3180 5318 festis
3205 5274 3260 5319 et
3310 5266 3409 5320 do-

1850 5357 2190 5419 decaemero,
2214 5366 2267 5410 et
2299 5356 2613 5410 Pentecoste
2631 5353 2902 5423 jejunium
2949 5355 3177 5424 solvere,
3225 5359 3408 5429 nequi-

1850 5451 1973 5506 dem
2038 5458 2259 5519 propter
2314 5448 2547 5502 amicum
2587 5448 3056 5518 qualemcunque:
3114 5450 3297 5505 nescio
3334 5467 3404 5507 an

1852 5549 2065 5613 propter
2111 5538 2505 5603 inﬁrmitatem,
2543 5547 2636 5590 aut
2682 5536 2946 5606 insignem
2975 5537 3134 5592 aliam
3167 5539 3403 5596 circum-

1851 5632 2129 5689 stantiam.
2165 5631 2391 5698 Semper
2420 5640 2598 5685 autem
2630 5630 2882 5684 convenit
2928 5631 3240 5700 pmnitentia
3271 5634 3403 5686 aﬂ'c-

1850 5734 1989 5788 ctos,
2033 5726 2079 5780 si
2117 5724 2370 5793 possibile
2400 5734 2501 5791 est,
2530 5726 2639 5778 vini
2662 5725 3067 5780 determinatam
3128 5723 3404 5793 quantita-

1853 5828 1956 5871 tem
1990 5816 2211 5879 habcre,
2242 5816 2481 5886 exceptis
2510 5814 2778 5877 Sabbatis,
2822 5814 3118 5873 Dominicis
3148 5823 3202 5869 et
3225 5812 3397 5868 festis.

1853 5907 2007 5963 Tunc
2060 5918 2239 5962 autem
2269 5923 2375 5964 non
2415 5908 2740 5964 concedatur
2768 5906 2972 5966 leriisn
3004 5922 3056 5961 tv
3098 5915 3153 5962 et
3180 5920 3255 5971 Vl,
3288 5906 3399 5963 vini
