4112 6416
124 482 242 547 1921

1268 474 1520 535 SERMO
1558 471 1655 531 DE
1704 467 2199 531 PCENITENTIA.

3202 460 3338 526 1922

118 590 413 660 ἀλλήλων,
443 587 543 642 ἵνα
575 584 797 654 ἰαθῆτε.
834 575 923 649 Ὦς
956 601 1049 638 και
1085 584 1339 655 ἀλλαχοῦ,
1386 588 1441 638 Μ
1450 583 1483 652 ἡ
1514 587 1547 637 ό
1579 584 1676 636 πί-

1774 591 1856 652 get
1884 582 1925 612 "
1944 580 2004 633 ’ἰ
2031 578 2098 633 Et
2125 580 2318 631 iterum
2347 594 2358 629 :
2396 573 2657 643 Exsurge,
2674 574 2764 645 qui
2790 574 3014 637 dormis,
3033 574 3096 628 ab
3130 576 3340 630 incuria

113 694 269 734 πτων
289 679 400 731 οὐκ
421 676 760 738 ἁνίσταταις
780 674 891 728 Καὶ
917 674 1388 743 πάλιν,Ἔγειραι,
1414 677 1447 728 ό
1466 674 1668 728 καθεύ-

112 773 245 837 δων,
264 770 372 839 τῆς
389 769 689 839 ἀμελείας,
705 767 802 822 καὶ
823 766 1059 822 ἀνάστα
1081 767 1152 821 ἐκ
1176 768 1292 823 τῶν
1311 766 1543 836 νεκρῶν
1557 765 1669 835 τῆς

106 860 515 927 ἀνελπιστίας,
547 860 645 914 καί
674 859 993 928 ἐπιφαύσει
1023 874 1119 913 σοι
1145 861 1180 913 δ
1202 859 1516 928 Χριστὸς,ὁ
1540 857 1667 913 ἀδυ-

107 971 192 1016 τος
223 952 395 1023 ἥλιος,
430 953 459 1004 ὁ
488 948 738 1018 φωτίζων
764 949 831 1003 τὰ
858 949 1241 1019 ὲσκοτισμένα.

171 1042 426 1096 Τοιοῦτον
454 1036 546 1094 οὖν
576 1040 808 1112 ἔχοντες,
857 1042 1146 1112 ἀγαπητοὶ,
1179 1042 1451 1113 Δεσπότην
1493 1040 1669 1107 ἀνεξί-

102 1151 291 1198 κακον,
340 1135 677 1203 ἀνόργητον,
730 1133 1014 1202 συμπαθῆ,
1065 1131 1382 1200 φιλάγαθον,
1434 1133 1665 1203 ἁμνησί-

100 1242 286 1286 κακον,
337 1223 793 1294 εύσυμπάθητον,
849 1222 924 1293 μὴ
975 1223 1352 1295 αἰσχυνθῶμεν
1395 1226 1464 1278 τὰ
1513 1223 1669 1295 ἡμῶν

99 1316 418 1386 πταίσματα
467 1314 822 1386 δημοσιεῦσαι
871 1318 1255 1386 πνευματικοῖς
1300 1317 1527 1387 ἀνδράσι
1564 1315 1670 1386 πρὸ

96 1408 188 1459 τού
224 1405 463 1476 φοϐεροῦ
498 1406 710 1460 ἐκείνου
737 1407 833 1460 καὶ
856 1404 1086 1477 φρικτοῦ
1114 1406 1417 1477 κριτηρίου.
1459 1406 1668 1477 Γέγρα-

97 1516 227 1551 πται
274 1499 409 1570 γὰρ,
452 1500 664 1554 Ἔστιν
699 1500 963 1568 αἰσχύνη
1008 1498 1317 1568 ἐπάγουσα
1358 1499 1665 1567 ἁμαρτίαν,

95 1592 191 1645 καί
222 1591 401 1645 ἐστιν
425 1593 687 1660 αἰσχύνη
724 1590 896 1660 χάρις
940 1591 1038 1643 καὶ
1078 1590 1247 1654 δόξα.
1287 1590 1457 1648 Εἰδὼς
1502 1591 1610 1661 γὰρ
1639 1591 1668 1641 ὁ

95 1683 286 1753 Σωτὴρ
339 1684 496 1753 ἡμῶν
549 1684 646 1737 καὶ
690 1683 819 1747 Θεὸς
868 1685 949 1737 ὅτι
991 1683 1100 1736 νέοι
1153 1682 1534 1752 βαπτιζόμενοι
1576 1685 1669 1736 καὶ

97 1776 492 1846 προϐαίνοντες
518 1777 577 1829 ὲν
605 1776 792 1847 ἡλικίᾳ
822 1776 1122 1846 μολύνομεν
1152 1777 1240 1829 διὰ
1267 1776 1366 1837 τὰς
1400 1775 1670 1844 ἁμαρτίας

93 1862 182 1914 τὸν
204 1862 264 1929 ἐξ
282 1862 478 1926 ὓδατος
499 1864 591 1917 καὶ
609 1864 913 1934 πνεύματος
935 1865 1296 1932 ἐξυφανθέντα
1320 1868 1350 1935 ἡ
1359 1868 1447 1935 μίν
1471 1866 1668 1934 χιτῶνα

1773 683 1885 735 tua,
1918 680 1967 725 et
1999 685 2209 739 resnrge
2239 686 2271 722 ιι
2302 668 2550 733 mortuis,
2584 676 2635 720 et
2681 667 3044 736 desperatione
3067 706 3085 733 ,
3126 678 3176 720 et
3208 668 3338 722 illu-

1770 768 1992 822 minabit
2021 777 2069 822 te
2088 766 2325 822 Christus
2351 767 2390 797 "
2418 766 2479 829 “,
2515 764 2608 835 qui
2638 763 2719 818 sol
2740 772 2825 818 est
2848 778 2957 819 non
2984 763 3338 829 occumbens,

1770 861 1865 931 qui
1895 860 2133 915 tenebris
2164 858 2356 913 obruta
2393 858 2515 913 luce
2544 854 2840 928 perfundit.

1842 1017 2025 1073 Talem
2056 1017 2238 1085 igitur,
2284 1014 2498 1081 dilecti,
2544 1015 2807 1069 habentes
2852 1012 3143 1069 Dominum
3192 1014 3339 1085 inju-

1773 1111 1976 1165 riarnm
1999 1112 2336 1173 tolerantem,
2363 1108 2585 1162 minime
2623 1107 2970 1173 iracundum,
3005 1110 3337 1177 compatien-

1773 1212 1901 1267 tem,
1938 1205 2202 1255 bonorum
2234 1209 2530 1266 amantem,
2556 1200 2825 1254 malorum
2852 1200 3248 1265 immemorem,
3272 1202 3339 1255 ad

1771 1292 2199 1348 misericordiam
2248 1292 2384 1346 adeo
2441 1292 2774 1361 proclivem,
2831 1306 2901 1347 ne
2954 1292 3342 1347 erubescamus

1772 1395 1897 1440 ante
1934 1383 2275 1440 tremendum
2308 1392 2364 1438 et
2392 1383 2629 1438 terribile
2661 1383 2791 1437 illud
2820 1382 3086 1452 judicium
3121 1392 3341 1453 peccata

1773 1483 1958 1530 nostra
2005 1475 2138 1530 viris
2187 1475 2566 1544 spiritualibns
2606 1475 2925 1544 publicare:
2960 1475 3218 1545 scriptum
3257 1483 3343 1531 est

1772 1566 1915 1621 enim
1948 1586 1961 1621 :
1993 1565 2091 1619 Est
2119 1567 2289 1627 pudor
2332 1567 2597 1620 adducens
2625 1575 2912 1636 peccatum,
2945 1575 2993 1620 et
3035 1576 3112 1620 est
3149 1566 3338 1634 pudor,

1773 1660 1947 1728 gratia
1973 1667 2023 1712 et
2060 1657 2232 1727 gloria
2256 1659 2320 1711 ⁸⁸.
2355 1659 2545 1714 Sciens
2591 1659 2737 1713 enim
2791 1659 3047 1713 Servator
3096 1666 3151 1713 et
3199 1658 3341 1713 Deus

1774 1759 1978 1815 noster,
2021 1749 2167 1820 quod
2203 1749 2432 1817 juvenes
2459 1751 2716 1820 baptizati
2739 1750 2868 1805 dum
2896 1759 3055 1806 atate
3086 1749 3341 1821 provehi-

1773 1855 1896 1896 mur
1936 1856 2031 1908 per
2076 1850 2296 1911 peccata
2344 1842 2782 1896 contaminamus
2828 1842 3064 1896 tunicam
3101 1857 3169 1897 ex
3197 1857 3341 1912 aqua

94 1954 193 2022 τῆς
230 1954 567 2024 ἀφθαρσίας,
602 1932 828 2008 δὲδωδιεν
871 1958 1002 2025 ἡμῖν
1030 1957 1186 2010 πάλιν
1216 1956 1286 2008 δι’
1316 1932 1516 2009 οἰκείαν
1539 1973 1675 2027 χρη-

1774 1940 1827 1984 et
1859 1932 2055 2001 spiritu
2099 1934 2259 1988 nobis
2292 1942 2624 1996 contextam,
2672 1934 2911 1988 tunicam
2960 1934 3342 1990 immortalita-

95 2045 331 2113 πότητα
379 2045 450 2098 δι’
487 2046 923 2117 ἑξομολογήσεως
950 2049 1045 2101 καὶ
1076 2047 1363 2118 μετανοίας
1390 2049 1672 2117 καθαίρειν

90 2135 282 2188 τοῦτον
312 2137 411 2190 καὶ
437 2136 690 2208 λαμπρὸν
717 2138 1154 2208 ἀπεργάσασθαι,
1188 2137 1271 2191 ἵνα
1309 2138 1472 2193 πάλιν
1500 2142 1581 2202 εἰς
1610 2138 1673 2192 τὸ

91 2230 326 2299 ἀρχαῖον
355 2229 755 2300 ἐπαναχθῶμεν
782 2230 1021 2301 ἀξίωμα,
1057 2230 1149 2284 καὶ
1177 2230 1433 2302 φύγωμεν
1458 2230 1548 2283 διὰ
1571 2230 1672 2300 τῆς

95 2323 303 2392 μικρᾶς
341 2324 549 2393 ταύτης
581 2322 863 2394 αἰσχύνης,
901 2323 1000 2392 τῆς
1030 2321 1326 2394 μελλούσης
1356 2324 1477 2376 τότε
1517 2324 1670 2391 γενέ-

95 2415 221 2469 σθαι
250 2414 490 2469 ἐνώπιον
525 2416 740 2470 πάντων
766 2414 1014 2484 ἀγγέλων
1074 2418 1165 2470 καὶ
1192 2415 1511 2487 ἀνθρώπιον,
1544 2417 1672 2469 ὅταν

92 2506 373 2561 ἀποδώσει
402 2507 618 2578 ἑκάστῳ
646 2507 788 2560 κατὰ
813 2506 883 2559 τὰ
909 2506 1049 2578 ἔργα
1072 2506 1257 2562 αὐτοῦ.
1288 2508 1382 2578 Μὴ
1410 2508 1519 2578 γὰρ
1543 2508 1670 2561 ἁνα-

95 2599 379 2670 μῖάρτητόν
428 2616 550 2652 τινα
590 2603 619 2653 ὁ
670 2598 905 2669 Χριστός
942 2615 1025 2652 σοι
1055 2598 1419 2668 ἐπηγγείλατο
1452 2597 1547 2650 τοῦ
1586 2597 1670 2663 ἐξ·

92 2688 457 2761 αγορεύειίνῙ.
491 2690 523 2759 ἢ
548 2689 797 2757 ἄγγελον,
824 2688 857 2759 ἦ
893 2689 1101 2742 δίκαιον
1129 2689 1224 2742 καί
1255 2689 1550 2759 ἀνέπαφον,
1583 2689 1671 2742 ἴνα

90 2780 189 2850 τὴν
245 2780 450 2835 ἑαυτοῦ
499 2781 800 2853 ἀποτομίαν
844 2779 1121 2853 δειλιάσῃς
1144 2798 1158 2811 ’
1209 2779 1345 2834 ἀλλά
1386 2781 1671 2851 ἄνθρωπον

92 2873 429 2943 ἁμαρτωλὸν
450 2872 543 2926 καί⁸
562 2872 861 2942 ὁμοιοπαθῆ
893 2889 1007 2935 σου,
1042 2872 1127 2925 ἵνα
1156 2872 1243 2925 διὰ.
1266 2872 1365 2938 τῆς
1392 2871 1672 2941 παρούσης

92 2964 299 3034 ταύτης
349 2964 639 3033 αἰσχύνης,
685 2965 784 3033 τῆς
834 2964 1132 3033 μελλούσης
1184 2964 1278 3016 καὶ
1310 2963 1529 3017 αἰωνίου
1576 2964 1671 3015 λυ-

1772 2023 1877 2089 lis;
1937 2025 2081 2079 dedit
2120 2025 2278 2080 nobis
2342 2026 2655 2080 facultatem
2718 2026 2916 2082 iterum
2960 2042 3081 2082 eam
3142 2041 3341 2082 secun-

1770 2116 1897 2170 dum
1940 2116 2258 2171 familiarem
2310 2118 2414 2172 sibi
2453 2119 2749 2173 bonitatem
2796 2134 2891 2188 per
2937 2118 3341 2175 confessionem

1770 2221 1825 2266 et
1862 2211 2234 2281 pcenitentiam
2282 2216 2608 2284 repurgandi
2666 2221 2722 2269 et
2758 2215 3089 2279 illustrandi,
3140 2224 3199 2271 ut
3238 2232 3339 2271 an-

1772 2301 1977 2372 tiquam
2025 2303 2343 2373 dignitatem
2390 2317 2814 2373 recuperemus,
2872 2313 2926 2360 et
2968 2319 3066 2374 per
3118 2304 3337 2359 brevem

1769 2402 1824 2448 et
1870 2403 2303 2449 momentaneam
2359 2394 2500 2449 hanc
2549 2394 2976 2451 erubescentiam
3017 2395 3340 2465 effugiemus

1768 2501 1889 2541 eam
1943 2502 2067 2555 quas
2121 2502 2306 2542 coram
2376 2487 2582 2557 angelis
2655 2498 2710 2544 et
2779 2489 3093 2545 hominibus
3153 2487 3339 2544 futura

1776 2590 1893 2645 est,
1930 2595 2054 2634 cum
2105 2579 2245 2636 Deus
2274 2580 2566 2651 unicuique
2608 2581 2796 2637 reddet
2836 2582 3131 2637 secundum
3173 2596 3340 2654 opera

1768 2676 1906 2745 ejus.
1984 2674 2103 2731 Non
2158 2677 2302 2731 enim
2355 2676 2452 2731 tibi
2506 2677 2756 2746 promisit
2831 2677 3082 2735 Christus
3133 2677 3340 2748 impec-

1769 2768 1996 2823 eabilem
2030 2769 2265 2839 aliquem
2294 2769 2383 2824 cui
2417 2769 2775 2837 eonfitereris,
2825 2773 2907 2826 vel
2953 2771 3228 2842 angelum,
3255 2770 3338 2825 vel

1765 2861 1999 2930 justum,
2030 2876 2339 2931 purumque
2380 2871 2545 2931 atque
2580 2863 2651 2917 ab
2683 2862 2831 2917 omni
2863 2871 3016 2933 parte
3051 2863 3339 2928 intactum,

1772 2963 1830 3007 ut
1857 2954 2031 3023 ipsius
2063 2970 2293 3008 examen
2328 2963 2383 3009 et
2425 2970 2669 3009 severam
2711 2955 3118 3025 inquisitionem
3146 2956 3338 3011 timeas

92 3054 377 3127 τρωθήση.
409 3053 595 3106 Ταῦτα
623 3050 717 3107 οὖν
750 3054 893 3106 κατὰ
933 3052 1058 3107 νοῦν
1100 3053 1325 3120 θέμενος
1354 3054 1669 3123 ἀναλόγισαί

1773 3057 1822 3103 et
1851 3048 2118 3119 refugias;
2144 3050 2236 3105 sed
2266 3050 2539 3104 hominem
2567 3059 2906 3120 peccatorem
2929 3051 3118 3105 iisdem
3141 3049 3339 3121 quibus

93 3162 188 3196 σου
245 3146 317 3197 τὰ
365 3147 756 3217 πεπραγμένα,
803 3146 1073 3215 ἀγαπητὲ,
1109 3146 1175 3198 τὰ
1218 3148 1276 3198 ἐν
1307 3145 1481 3210 νυκτὶ,
1513 3147 1582 3199 τά
1611 3148 1670 3198 ὲν

1773 3150 1829 3197 ιιι
1856 3142 2023 3196 animi
2055 3142 2339 3197 aﬂ'ectibns
2369 3142 2693 3207 obnoxium,
2725 3152 2785 3196 ut
2814 3158 2909 3213 per
2939 3142 3078 3197 hanc
3101 3158 3341 3212 presen-

92 3237 305 3305 ημέρᾳ,
334 3237 408 3289 τὰ
440 3239 497 3289 ὲν
525 3236 744 3305 γνώσει,
773 3237 841 3290 τὰ
868 3239 925 3290 ἐν
957 3235 1170 3307 ἀγνοίᾳ,
1201 3236 1414 3290 ἅπαντα
1442 3236 1669 3290 ἐνώπιον

1773 3244 1878 3290 tem
1912 3236 2342 3291 erubescentiam
2399 3252 2428 3289 a
2472 3236 2655 3290 futura
2699 3246 2754 3290 et
2777 3245 2979 3290 aeterna
3030 3235 3338 3290 redimaris.

88 3326 187 3379 τοῦ
218 3328 467 3397 Χριστοῦ
508 3330 602 3381 καὶ
628 3328 736 3381 τῶν
778 3326 1049 3380 ἐκλεκτῶν
1079 3327 1324 3395 ἀγγέλων
1356 3327 1542 3390 αὐτοῦ,
1575 3330 1668 3382 καὶ

1773 3325 1897 3381 Haec
1925 3327 2087 3396 igitur
2120 3329 2303 3381 animo
2332 3328 2613 3383 revolvens
2641 3329 2948 3394 considera,
2976 3338 3031 3383 et
3062 3328 3129 3384 ad
3156 3328 3340 3383 calcu-

91 3419 533 3490 ἀνερυθρίαστος
575 3419 711 3490 πρός
763 3435 830 3487 με
867 3420 957 3471 τὸν
989 3419 1314 3488 ἁμαρτωλὸν
1361 3419 1526 3489 μηδὲν
1558 3419 1670 3473 δια-

1773 3419 1882 3472 Ιυηι
1931 3434 2147 3482 revoea,
2197 3419 2412 3483 dilecte,
2439 3436 2561 3490 quae
2592 3419 2791 3486 fecisti,
2819 3436 2940 3491 quae
2986 3428 3173 3486 noctu,
3217 3434 3340 3490 quae

93 3508 478 3579 στειλάμενος.

1775 3510 2026 3573 interdiu,
2061 3526 2180 3580 quae
2207 3512 2409 3577 sciens,
2452 3526 2574 3582 quae
2607 3511 2868 3581 ignorans
2899 3530 2914 3568 :
2944 3512 3127 3567 omnia
3152 3526 3336 3567 coram

91 3600 321 3653 Christo
353 3608 412 3652 et
434 3598 622 3652 electis
648 3596 766 3667 ejus
795 3596 1022 3666 angelis,
1058 3596 1197 3649 nihil
1230 3595 1434 3665 pudore
1462 3596 1695 3651 reticens
1731 3607 1826 3652 aut
1874 3599 2202 3655 contraltens
2226 3642 2241 3665 ,
2272 3599 2607 3655 confidenter
2647 3601 2781 3655 mihi
2857 3604 3126 3673 peccatori
3205 3617 3341 3659 con-

95 3693 274 3746 itere.

178 3784 428 3852 Ὀφείλει
464 3782 521 3837 δὲ
552 3784 581 3835 ὁ
609 3781 1068 3852 ὲξαγορευόμενος
1108 3784 1280 3835 ποιεῖν
1314 3784 1464 3854 τρεῖς
1514 3799 1678 3853 μετα-

93 3878 245 3939 νοίας
278 3879 340 3929 ὲν
370 3878 439 3946 τῇ
475 3874 663 3945 εἰσόδῳ
689 3874 783 3928 τοῦ
818 3875 971 3943 ἁγίου
1006 3874 1413 3946 θυσιαστηρίου,
1459 3875 1552 3928 καὶ
1591 3875 1679 3927 λέ-

92 3986 215 4036 γειν
258 3970 326 4020 ἐκ
363 3967 568 4037 τρίτου,
606 3985 625 4016 ι
661 3965 1120 4037 Ἐξομολογοῦμαί
1152 3981 1260 4030 σοι,
1299 3967 1476 4037 Πάτερ
1510 3965 1678 4036 Κύριε

92 4061 123 4111 ὁ
150 4059 289 4122 Θεὸς
337 4059 435 4111 τοῦ
478 4057 706 4128 ούρανοῦ
753 4058 847 4111 καὶ
896 4058 993 4127 τῆς
1021 4058 1146 4127 γῆς,
1180 4058 1357 4112 πάντα
1402 4058 1470 4112 τὰ
1503 4059 1561 4110 ὲν
1601 4056 1679 4127 τῷ

91 4150 339 4221 κρυπτῷ
366 4150 468 4220 τῆς
505 4149 734 4220 καρδίας
766 4165 890 4218 μου.
928 4166 946 4199 ι
990 4149 1101 4203 Καὶ
1134 4149 1273 4219 μετά
1302 4148 1363 4201 τὸ
1388 4150 1562 4202 εἰπεῖν
1585 4148 1679 4202 τὸν

91 4238 258 4305 λόγον
288 4236 485 4292 τοῦτον
516 4237 741 4309 ἀνιστᾷν
769 4238 951 4299 αὐτὸν,
987 4238 1082 4291 καὶ
1111 4237 1358 4291 ἵστασθαι
1387 4241 1479 4291 τόν
1506 4255 1566 4291 τε
1592 4237 1680 4302 ἐξ·

88 4330 540 4400 ομολογούμενον
578 4332 674 4382 καὶ
704 4329 795 4381 τὸν
825 4328 1234 4398 ἀναδεχόμενον,
1271 4328 1363 4381 καὶ
1397 4330 1679 4399 ἐπερωτᾷν

92 4422 266 4475 αὑτὸν
307 4422 372 4473 ὲν
401 4423 551 4493 πάσῃ
580 4420 877 4491 ἱλαρότητι,
914 4422 962 4472 εἰ
989 4420 1215 4473 δυνατὸν
1244 4422 1338 4473 καὶ
1365 4420 1680 4489 καταφιλεῖν

88 4512 289 4575 αὑτὸν,
342 4512 440 4564 καὶ
485 4512 583 4573 τὰς
622 4514 811 4581 χεῖρας
850 4510 1015 4564 αὐτοῦ
1041 4511 1135 4565 τοῦ
1166 4510 1678 4582 ἑξομολογουμένου,

90 4602 193 4655 καὶ
222 4601 493 4671 μάλιστα,
528 4601 622 4655 ἐὰν
662 4602 763 4673 ὁρᾷ
808 4601 971 4655 αὑτὸν
1000 4604 1150 4657 κάτω
1189 4620 1294 4656 που
1334 4602 1438 4656 ὑπὸ
1478 4602 1679 4673 πολλῆς

87 4688 190 4742 καὶ
235 4690 524 4759 ἀφορήτου
569 4690 744 4760 λύπης
808 4690 903 4743 καὶ
957 4691 1216 4761 αἰσχύνης
1261 4692 1678 4765 κυριευόμενον,

92 4780 314 4851 πραείᾳ
345 4780 439 4833 καὶ
467 4779 626 4853 ἰλαρᾷ
652 4785 718 4851 τῇ
754 4783 905 4853 φωνῇ
936 4780 1116 4849 λέγειν
1147 4781 1318 4847 οὕτως
1352 4800 1365 4813 ·

164 4870 319 4940 Περὶ
368 4868 628 4934 πίστεως,
674 4871 801 4942 περὶ
850 4871 1174 4943 ἱεροσυλίας,
1228 4873 1359 4944 περί
1394 4873 1677 4945 αἱρέσεως,

88 4963 229 5032 περὶ
253 4961 631 5033 βλασφημίας,
658 4964 786 5033 περί
807 4961 1009 5033 φθορᾶς
1044 4964 1335 5035 παρθένου,
1364 4966 1492 5037 περί
1524 4983 1681 5036 μετα-

1853 3784 2017 3839 Debet
2052 3795 2228 3839 autem
2276 3787 2366 3856 qui
2405 3787 2695 3841 confitetur
2737 3795 2847 3842 tres
2880 3786 3227 3858 paenitentiae
3263 3787 3343 3843 fa-

1776 3893 1896 3932 cere
1916 3879 1970 3932 in
1997 3880 2218 3932 tntroitu
2250 3879 2423 3933 sancti
2456 3880 2664 3944 altaris,
2704 3889 2892 3947 terque
2926 3880 3127 3946 dicere,
3155 3900 3174 3932 ι
3194 3879 3341 3935 Con-

1777 3971 1965 4025 fitehor
1987 3971 2105 4035 tibi,
2126 3969 2302 4032 Pater,
2322 3969 2550 4025 Domine
2575 3970 2715 4025 Deus
2737 3970 2860 4024 coeli
2882 3980 2935 4025 et
2954 3983 3131 4036 terrae,
3157 3973 3341 4027 omnia

1775 4077 1896 4131 qua:
1937 4061 1991 4114 in
2028 4061 2349 4115 abscondito
2397 4062 2580 4116 cordis
2630 4062 2735 4116 mei
2782 4072 2926 4117 sunt.
2966 4082 2985 4114 ι
3023 4062 3120 4118 His
3157 4064 3339 4128 dictis,

1775 4168 1898 4208 eum
1927 4152 2086 4221 erigit
2132 4151 2433 4218 confessor,
2474 4162 2528 4207 et
2565 4162 2795 4222 utroque
2845 4163 3024 4209 stante
3060 4152 3343 4210 confessor

1776 4260 1898 4300 eum
1937 4245 2273 4314 interrogare
2299 4245 2458 4300 debet
2491 4259 2615 4299 cum
2649 4246 2797 4300 omni
2820 4246 3106 4312 hilaritate,
3133 4247 3344 4317 ipsum-

1776 4353 1882 4408 que
1912 4336 1957 4393 si
1986 4336 2101 4392 ﬁeri
2130 4345 2309 4406 potest
2341 4337 2669 4403 deosculari,
2716 4354 3019 4409 manusque
3041 4339 3185 4409 ejus,
3206 4355 3345 4409 prte-

1777 4430 1964 4485 sertim
1995 4430 2041 4483 si
2069 4429 2265 4483 viderit
2315 4443 2439 4482 eum
2490 4430 2676 4484 animo
2705 4429 2972 4499 dejectum
3002 4441 3057 4486 et
3085 4431 3340 4487 intolera-

1776 4522 1936 4576 bilem
1979 4521 2212 4591 aliquant
2269 4521 2545 4575 tristitiam
2592 4529 2647 4575 et
2698 4522 2960 4591 pudorem
3013 4522 3115 4594 ipsi
3162 4522 3342 4580 domi-

1777 4623 2021 4681 nantem,
2061 4628 2192 4669 voce
2232 4624 2516 4670 mansueta
2548 4622 2603 4670 et
2632 4628 2827 4670 serena
2877 4615 2960 4672 sic
3008 4616 3339 4687 alloquetur.

1845 4858 1923 4914 De
1952 4859 2076 4924 fide,
2104 4858 2170 4913 de
2200 4857 2514 4928 sacrilegio,
2550 4859 2622 4914 de
2646 4858 2860 4925 harcsi,
2884 4861 2950 4915 de
2980 4860 3339 4931 blasphemia,

1777 4947 1843 5003 de
1880 4949 2104 5018 virginis
2142 4949 2510 5018 corruptione,
2539 4949 2607 5005 de
2635 4952 3036 5015 communione,
3070 4953 3137 5007 de
3161 4968 3339 5022 quan-

84 5054 351 5125 λήψεως,
386 5056 515 5124 περὶ
561 5055 857 5125 ποσότητος
903 5056 1200 5124 γυναικῶν,
1235 5057 1365 5127 περὶ
1403 5057 1676 5128 πορνείας,

1780 5040 1931 5094 titate
1963 5040 2275 5106 mulierum,
2304 5040 2371 5094 de
2402 5039 2782 5107 fornicatione,
2813 5041 2879 5095 de
2919 5043 3190 5098 adulterio
3214 5085 3231 5110 ,
3271 5044 3340 5099 de

84 5144 229 5215 περὶ
276 5144 547 5213 μοιχείας,
581 5145 708 5215 περὶ
741 5143 1037 5210 παπαδίας,
1069 5145 1197 5216 περί
1231 5144 1471 5215 μοναχῆς
1505 5164 1675 5216 μεγα-

80 5234 268 5305 λοσχή
280 5250 411 5304 μου,
448 5233 575 5304 περὶ
611 5234 1008 5306 μικροσχήμου,
1039 5236 1168 5306 περ)⁸
1199 5236 1517 5306 ἱερωμένης,
1546 5238 1676 5308 περὶ

79 5325 453 5395 αἰμομιξίας,
498 5327 623 5396 περί
648 5327 1289 5399 γυναικοαρῤενομανίας,
1331 5329 1457 5397 περὶ
1485 5346 1677 5399 κτηνοο

81 5419 323 5477 ἣατίας,
356 5419 483 5486 περὶ
511 5417 877 5488 ὀρνεοόατίας,
908 5419 1036 5489 περὶ
1063 5418 1351 5489 μαλακίας,
1390 5418 1518 5489 περί
1550 5435 1675 5473 συν-

76 5510 437 5583 τρίμματος,
469 5511 594 5581 περὶ
622 5511 767 5581 ἁφῆς
790 5509 1094 5579 ἀλλοτρίας,
1122 5510 1252 5582 περὶ
1279 5509 1559 5573 συνουσίας
1586 5510 1673 5563 εὐ-

79 5601 327 5673 νούχου,
362 5600 490 5671 περὶ
525 5600 882 5672 κτηνοῆατίας
920 5602 1165 5673 sepem
1205 5600 1379 5665 ζώων,
1420 5600 1548 5671 περὶ
1580 5599 1671 5652 πί-

84 5707 345 5754 πτοντος
370 5692 448 5754 εἰς
489 5689 844 5755 ἀϐάπτιστον,
876 5692 1004 5761 περὶ
1030 5689 1287 5761 ἁρπαγῆς
1316 5690 1506 5761 κόρης,
1545 5688 1675 5760 περὶ

1774 5146 1943 5187 uxore
1996 5132 2311 5196 sacerdotis,
2360 5132 2429 5188 de
2478 5133 2700 5187 moniali
2752 5134 2933 5204 magni
2979 5135 3219 5199 habitus,
3272 5137 3341 5191 de

1774 5223 1997 5279 moniali
2039 5225 2188 5294 parvi
2231 5223 2475 5289 habitus,
2515 5224 2583 5279 de
2611 5224 2954 5290 diaconissa,
3001 5227 3069 5282 de
3101 5227 3334 5295 incestu,

1773 5317 1841 5372 de
1873 5317 2066 5373 insano
2101 5316 2465 5371 masculorum
2498 5331 2624 5371 cum
2672 5316 2889 5373 feminis
2914 5318 3229 5386 concubitu,
3269 5320 3340 5376 de

1774 5409 1918 5465 coitu
1951 5425 2074 5463 cum
2110 5409 2303 5473 brutis,
2346 5425 2467 5464 cum
2500 5409 2835 5471 volatilibus,
2883 5409 2953 5465 de
2992 5410 3237 5477 mollitie,
3273 5414 3340 5468 de

1774 5502 2148 5566 eonfrictione,
2171 5502 2240 5557 de
2267 5512 2410 5557 tactu
2444 5502 2645 5565 alieno,
2666 5501 2734 5557 de
2756 5516 3054 5573 congressu
3076 5502 3336 5568 eunuchi,

1773 5593 1841 5649 de
1893 5592 2190 5648 irrationali
2238 5592 2527 5648 concubitu
2578 5593 2945 5648 masculorum
2998 5593 3336 5665 animalium,

1778 5687 1845 5742 de
1877 5686 1944 5742 iis
1965 5684 2061 5755 qui
2088 5700 2216 5742 eum
2255 5701 2362 5741 non
2394 5684 2680 5757 baptizatis
2705 5685 3048 5756 copulantur,
3076 5684 3146 5741 de
3175 5696 3332 5755 raptu

164 5894 240 5926 ι’·
265 5888 469 5948 Jerem.
500 5909 612 5959 vtn,
646 5894 697 5946 4.
775 5894 864 5927 ¹⁷⁶⁶
895 5892 1090 5963 Ephes.
1126 5908 1179 5954 v,
1215 5892 1299 5946 ιι.
1379 5892 1424 5923 ¹⁸
1462 5888 1627 5946 Eccli.
1655 5904 1726 5954 ιν,
1760 5888 1851 5945 25.
