4112 6416
159 466 284 531 1925

823 576 1013 646 Εὐχή.

214 662 381 724 hino;
428 656 519 716 οὖν
558 664 588 716 ὁ
630 664 819 736 Σωτὴρ
871 666 1063 737 ἡμῶν,
1112 666 1208 721 καὶ
1250 666 1455 740 Κύριος
1494 666 1699 737 Ἰησοῦς

147 751 371 823 Χριστὸς
421 756 748 829 συγχωρήσῃ
800 773 882 810 σοι
921 760 1094 813 πάντα
1128 761 1228 813 ὅσα
1277 759 1506 815 ἐνώπιον
1533 759 1698 814 αὐτοῦ

145 847 211 915 τῇ
244 846 349 916 ἐμῇ
399 845 791 919 ἐξωμολογήσω
841 850 1212 924 ἐλαχιστότητι
1243 853 1337 906 καὶ
1369 854 1427 907 ἐν
1471 852 1549 923 τῷ
1607 852 1703 907 νῦν

142 934 316 999 αἰῶνι,
364 937 457 990 καὶ
485 939 544 991 ὲν
574 938 651 1010 τῷ
679 941 943 1011 μέλλοντι,
979 945 1074 998 καὶ
1101 944 1465 1017 ἀκατάκριτόν
1509 962 1568 999 σε
1600 945 1706 1017 ἐμά

143 1025 377 1095 προσθεν
418 1029 514 1083 τοῦ
568 1030 809 1103 βήματος
858 1035 1024 1089 αὐτοῦ
1075 1038 1489 1108 παρασταθῆναι
1571 1054 1705 1091 κατ-

138 1117 349 1191 αξιώσῃ
375 1120 405 1172 ὀ
439 1119 516 1175 ῶν
542 1123 833 1196 εὐλογητὸς
860 1129 939 1191 εἰς
953 1128 1081 1192 τοὺς
1105 1128 1305 1193 αἰῶνας
1334 1129 1443 1184 τῶν
1472 1129 1700 1184 αἰώνων.

150 1210 207 1263 Ἀ
214 1213 346 1303 μήν.

833 1311 1019 1381 εὐχή.

206 1394 386 1466 Κύριε
413 1396 444 1450 ό
471 1398 603 1461 Θεὸς
626 1401 800 1472 ἡμῶν,
834 1406 863 1456 ό
882 1404 959 1474 τῷ
989 1404 1178 1477 Πέτρῳ
1205 1407 1298 1460 καὶ
1325 1408 1393 1477 τῇ
1418 1405 1592 1479 πόρνῃ
1619 1406 1706 1460 διὰ

128 1484 392 1557 δακρύων
447 1489 640 1558 ἄφεσιν
680 1494 962 1566 ἁμαρτιῶν
1014 1496 1420 1567 δωρησάμενος,
1471 1497 1566 1549 καὶ
1614 1497 1706 1551 τὸν

129 1581 377 1651 τελώνην
408 1583 478 1637 τά
520 1587 694 1639 οἰκεῖα
725 1586 1012 1655 ἐπιγνόντα
1056 1588 1368 1658 πταίσματα
1391 1587 1702 1654 δικαιώσας,

128 1676 436 1745 πρόσδεξαι
497 1681 591 1734 καὶ
643 1680 745 1752 τὴν
799 1682 1183 1753 ἐξομολόγησιν
1229 1680 1324 1734 τοῦ
1377 1681 1561 1734 δούλου
1610 1698 1705 1734 σου

127 1766 311 1829 τοῦδε,
367 1770 465 1822 καὶ
507 1771 576 1842 ἦν
615 1789 667 1824 τι
717 1772 1173 1846 πεπλημμέληται
1200 1755 1349 1841 αὐτῷ
1378 1772 1622 1825 ἑκούσιον
1670 1771 1705 1842 ἢ

126 1857 398 1912 ἀκούσιον
428 1860 750 1932 ἁμάρτημα,
769 1864 826 1915 ὲν
851 1864 1037 1934 λόγιρῆ
1064 1864 1210 1935 ἔργῳ
1240 1865 1272 1935 ἦ
1299 1864 1706 1926 κατάδιάνοιαν,

128 1949 207 2011 ὡς
258 1951 473 2019 ἀγαθὸς
522 1954 715 2024 πάριδε
745 1970 758 1982 ⁸
811 1956 874 2008 σὺ
925 1955 1032 2027 γάρ
1077 1956 1235 2025 μόνος
1278 1954 1522 2019 ἐξουσίαν
1565 1957 1708 2028 ἔχεις

1297 460 1549 521 SERMO
1582 460 1681 521 DE
1712 459 2212 522 ΡίΕΝῐΤΕΝΤῖΛ.

1725 580 1771 637 Δ

3227 469 3361 533 1926

2488 578 2694 633 Oratio.

1871 666 1991 736 Ipse
2041 668 2205 738 igitur
2258 667 2513 724 Servator
2553 680 2770 737 noster,
2810 682 2865 728 et
2904 670 3164 728 Dominus
3197 674 3360 731 Jesus

1801 758 2052 815 Christus
2094 761 2329 817 dimittat
2368 763 2465 818 tibi
2498 764 2679 818 omnia
2709 780 2830 833 qua
2868 780 3050 820 coram
3079 764 3199 835 ipso
3229 783 3361 823 mea:

1802 846 2076 916 exiguitati
2115 848 2397 905 confessus
2443 867 2523 915 es,
2569 860 2624 906 et
2674 852 2730 907 in
2783 853 2886 907 hoc
2928 856 3147 920 saeculo,
3197 864 3254 911 et
3305 856 3361 912 in

1803 935 2014 1005 futuro,
2054 950 2109 994 et
2154 939 2409 1009 dignetur
2454 951 2508 995 te
2557 942 2927 998 indemnatum
2959 947 3149 1003 sistere
3178 962 3361 1004 coram

1805 1031 2057 1085 tribunali
2086 1047 2187 1087 suo
2209 1032 2298 1102 qui
2338 1042 2420 1087 est
2462 1033 2781 1091 benedictus
2814 1035 2868 1090 in
2906 1038 3105 1093 saecula
3135 1040 3362 1095 saeculo-

1804 1138 1949 1179 rum.
1978 1124 2172 1181 Amen.

2485 1304 2639 1360 Orati
2649 1321 2669 1360 ;

1879 1390 2104 1449 Domine
2134 1394 2278 1451 Deus
2318 1406 2521 1460 noster,
2555 1399 2647 1467 qui
2678 1397 2839 1453 Petro
2870 1408 2925 1454 et
2967 1401 3237 1457 meretrici
3272 1417 3367 1473 per

1808 1479 2077 1553 Iacrymas
2108 1484 2481 1539 remissionem
2525 1497 2867 1554 peccatorum
2900 1489 3135 1552 donasti,
3168 1501 3223 1546 et
3260 1507 3366 1562 pu-

1810 1571 2333 1643 lihcanumtpropria
2379 1576 2571 1631 delicta
2617 1588 2996 1646 agnoscentem
3034 1580 3366 1648 justilicasti,

1811 1666 2025 1732 suscipe
2058 1665 2461 1721 confessionem
2505 1670 2648 1722 servi
2686 1669 2761 1722 tui
2793 1670 2954 1738 hujus
2985 1670 3048 1724 N.
3091 1671 3156 1726 Et
3186 1674 3231 1727 si
3271 1674 3371 1728 ali-

1811 1756 1955 1823 quod
2008 1755 2078 1809 ab
2126 1755 2244 1825 ipso
2295 1766 2659 1826 perpetratum
2689 1766 2775 1813 est
2805 1770 3084 1827 peccatum
3119 1764 3370 1817 volunta-

1811 1846 1952 1900 rium
2002 1855 2096 1901 aut
2154 1847 2602 1914 involuntarium,
2646 1848 2831 1915 verbo,
2890 1861 2984 1904 aut
3022 1868 3217 1921 opere,
3275 1865 3373 1911 aut

1810 1938 2155 2007 cogitatione,
2197 1948 2256 1992 ut
2287 1938 2463 1994 bonus
2494 1950 2548 1994 et
2579 1939 2819 1998 clemens
2853 1958 2921 1997 ne
2947 1943 3368 2003 animadvertas.

123 2040 351 2107 ἀφιέναι
403 2042 679 2114 ἁμαρτίας
723 2042 798 2107 ώς
844 2042 1338 2114 εὔσπλαγχνος,ὃτι
1378 2027 1711 2113 ἀγαθὸςνκαὶ

1824 2027 1890 2083 l‘u
1949 2030 2094 2085 enim
2150 2031 2300 2086 solus
2356 2039 2676 2100 potestatem
2730 2031 2897 2089 habes
2952 2044 3014 2089 ut
3062 2034 3373 2095 misericors

127 2130 528 2204 φιλάνθρωπος
566 2136 631 2189 σὺ
672 2136 951 2205 ὑπάρχεις,
992 2136 1086 2189 καὶ
1124 2137 1208 2190 σοὶ
1238 2137 1334 2208 τὴν
1371 2136 1527 2204 δόξαν
1578 2140 1710 2194 ἀνα-

124 2223 440 2294 πέμπομεν
460 2225 539 2297 τῷ
561 2227 753 2298 nam,
784 2229 877 2281 καὶ
904 2227 980 2298 τῷ
1004 2227 1138 2297 Υίῷ,
1160 2226 1350 2298 καὶτῷ
1381 2229 1518 2300 ἁγίῳ
1543 2230 1713 2283 Ilvati-

1812 2128 2032 2188 peCcata
2083 2118 2407 2186 dimittendi,
2454 2121 2581 2191 quia
2629 2121 2934 2193 benignus,
2984 2133 3039 2179 et
3087 2124 3372 2182 hominum

1812 2220 2024 2264 amator
2053 2225 2133 2277 es,
2167 2220 2221 2265 et
2242 2212 2334 2265 tibi
2361 2212 2586 2281 gloriam
2619 2214 2915 2278 reddimus,
2940 2213 3107 2279 Patri,
3134 2225 3188 2270 et
3211 2215 3371 2282 Filio,

119 2332 265 2384 ματι
303 2316 544 2371 πάντοτε
589 2318 683 2372 νῦν
726 2319 819 2372 καὶ
847 2318 957 2383 ἀεὶ,
998 2320 1092 2373 καὶ
1119 2320 1198 2383 εἰς
1223 2321 1344 2383 τοὺς
1374 2320 1576 2386 αἰῶνας
1605 2320 1712 2375 τῶν

1824 2312 1866 2357 et
1893 2300 2117 2373 Spiritui
2158 2312 2369 2367 sancto,
2415 2318 2559 2360 nunc
2603 2314 2659 2359 et
2692 2319 2927 2376 semper,
2974 2315 3029 2362 et
3075 2306 3131 2362 in
3178 2308 3374 2365 saecula

122 2404 375 2461 αἰώνων.
426 2409 618 2480 ’Δμήν.

124 2518 305 2587 Εὐχὴ
345 2519 525 2603 etsed
558 2523 645 2600 εἰς
685 2521 753 2575 τὸ
786 2521 1547 2603 τίῦσαιΙὲξομοέογούμεη-ον
1567 2525 1717 2593 μετὰ

298 2592 370 2643 τὸ
400 2592 717 2659 πληρῶσαι
743 2592 849 2645 τὸν
875 2592 1095 2661 χρόνον
1118 2592 1221 2646 τοῦ
1249 2595 1562 2663 ἐπιτιμίου.

200 2682 471 2737 Δέσποτα
503 2682 671 2755 Κύριε
699 2686 728 2737 ὁ
754 2684 884 2748 Θεὸς
911 2684 1089 2754 ἡμῶν,
1117 2686 1146 2737 ό
1163 2684 1599 2755 παραγενόμενος
1624 2685 1718 2739 ἐπὶ

1814 2396 2158 2451 saeculorum.
2190 2396 2383 2450 Amen.

1885 2528 2072 2585 Oratio
2101 2530 2211 2583 alia
2236 2532 2305 2603 ad
2331 2530 2633 2603 soloeudum
2668 2531 2995 2603 conﬁtentem
3033 2542 3308 2603 postquam

2161 2601 2477 2668 paenitentia:
2511 2610 2710 2670 tempus
2740 2602 3029 2671 complevit.

1890 2688 2028 2745 [iere
2049 2690 2275 2745 Domine
2295 2689 2438 2747 Deus
2472 2699 2674 2757 noster,
2695 2693 2810 2762 qui,
2829 2694 3001 2763 portis
3030 2695 3249 2763 clausis,
3263 2694 3381 2751 dis-

123 2773 261 2837 τοὺς
292 2774 496 2842 ἁγίους
528 2792 620 2828 σου
651 2776 895 2845 μαθητὰς
922 2775 1015 2828 καὶ
1043 2776 1369 2840 ἀποστόλους
1408 2777 1516 2830 τῶν
1542 2776 1719 2847 θυρῶν

1824 2780 2013 2850 άμιιίἰι
2042 2780 2148 2837 tuis
2174 2780 2419 2846 adfuisti,
2448 2783 2767 2853 donansque
2797 2785 2902 2841 illis
2930 2800 3116 2855 pacem
3155 2787 3335 2842 dixisti
3359 2803 3378 2844 :

125 2864 576 2933 κεκλεισμένων,
599 2866 691 2917 καὶ
713 2865 834 2925 δοὺς
854 2865 951 2935 τὴν
967 2866 1184 2937 εἰρήνην
1204 2866 1298 2919 καὶ
1318 2864 1506 2929 εἰπὼν,
1532 2867 1633 2919 Ἂν
1647 2882 1721 2918 τι-

1821 2873 2060 2939 Quorum
2079 2874 2386 2928 remiseritis
2409 2885 2642 2943 peccata,
2673 2878 3012 2931 remittuntur
3037 2880 3130 2943 eis,
3157 2894 3382 2948 quorum

120 2969 259 3008 νων
278 2953 487 3024 ἀφῆτε
505 2956 609 3021 τὰς
620 2955 903 3024 ἁμαρτιας
923 2958 1194 3026 ἀφίενται
1214 2958 1436 3023 αὐτοῖς,
1456 2958 1529 3009 ἂν
1545 2974 1720 3011 τινων

1824 2965 2164 3029 retiuueritis,
2214 2974 2412 3020 retenta
2446 2966 2686 3033 erant“,
2736 2969 2870 3037 ipse,
2902 2968 3068 3037 Here,
3117 2969 3379 3039 Domine,

122 3046 408 3115 κρατῆτε
442 3046 852 3115 κεκράτηνται,
899 3048 1082 3111 αὐτὸς,
1118 3048 1381 3110 Δέσποτα,
1435 3048 1626 3118 Κύριε,
1652 3049 1719 3119 τῇ

1824 3057 2125 3111 secundum
2155 3056 2481 3112 invisibilem
2512 3067 2567 3113 et
2598 3058 3023 3129 omnipotentem
3062 3076 3249 3116 curam
3274 3077 3383 3130 qua

125 3138 371 3209 ἀοράτῳ
404 3139 503 3192 καὶ
546 3139 939 3211 παντοδυνάμῳ
976 3141 1267 3212 ἐπιστασίᾳ
1308 3138 1594 3210 ὲπίόλεψον
1628 3140 1720 3194 ἐπὶ

1824 3149 2005 3203 oumia
2060 3147 2434 3216 administras,
2474 3149 2681 3220 inspice
2746 3166 2910 3220 super
2961 3168 3179 3208 servum
3230 3162 3383 3209 tuum

124 3231 225 3284 τὸν
272 3230 477 3284 δοῦλόν
530 3248 623 3284 σου
657 3232 827 3296 τόνδε,
874 3231 969 3284 καὶ
1010 3230 1169 3285 λῦσον
1208 3230 1371 3285 αὑτοῦ
1407 3232 1507 3302 τὴν
1532 3231 1720 3303 κηλῖδα

1827 3241 1993 3307 hunc,
2021 3250 2077 3296 et
2105 3241 2351 3311 corporis
2376 3241 2548 3311 ipsius
2575 3242 2837 3307 maculas,
2871 3244 3163 3314 sordesquc
3189 3244 3385 3301 anima)

123 3321 227 3373 τοῦ
266 3319 539 3391 σώματος
570 3322 665 3375 καὶ
705 3322 794 3375 τὸν
824 3322 1010 3376 σπῖλον
1045 3323 1146 3392 τῆς
1175 3322 1349 3392 ψυχῆς
1380 3324 1506 3393 περὶ
1541 3315 1614 3375 ὧν
1642 3323 1720 3385 είς

1824 3340 2039 3402 propter
2057 3347 2196 3402 quas
2223 3333 2275 3386 in
2303 3342 2524 3401 peccata
2546 3332 2754 3395 incidit.
2784 3349 2880 3405 per
2902 3349 2966 3390 os
2989 3351 3167 3391 meum
3188 3353 3387 3407 quam-

122 3413 603 3483 πλημμελήματα
624 3413 935 3483 περιέπεσε,
961 3414 1046 3466 διά
1071 3413 1164 3466 τοῦ
1192 3415 1453 3485 στόματος
1474 3413 1607 3483 ἐμοῦ
1627 3412 1720 3466 τοῦ

1824 3424 1905 3479 vis
1934 3433 2186 3493 peccator
2231 3425 2334 3478 sim
2362 3463 2378 3488 ,
2422 3424 2692 3491 dissolve;
2746 3436 2801 3480 et
2848 3426 2942 3497 qui
2988 3443 3081 3498 per
3120 3444 3384 3486 canoneut

119 3502 505 3574 ἁμαρτωλοῦ,
536 3505 629 3556 καὶ
653 3503 709 3567 ὃς
729 3504 1006 3574 δεδεμένος
1036 3503 1109 3557 ὢν
1133 3504 1221 3557 διὰ
1246 3504 1486 3568 κανόνος,
1508 3504 1720 3557 λέλυται

1825 3516 2020 3585 ligatus
2049 3529 2167 3579 est,
2212 3516 2425 3570 solutus
2452 3517 2524 3572 sit
2566 3532 2597 3571 a
2630 3532 2840 3573 canone
2883 3528 2940 3573 et
2967 3536 2997 3574 a
3032 3530 3250 3590 peccato
3277 3537 3387 3591 quo

116 3594 148 3644 ὁ
178 3592 276 3644 ἐπ’
319 3591 489 3661 αὑτῴ
520 3590 696 3645 κανὼν
730 3593 822 3645 καὶ
864 3592 924 3646 τὸ
960 3593 1259 3664 ἁμάρτημα
1298 3593 1459 3646 αὑτοῦ
1500 3593 1588 3647 διὰ
1627 3594 1720 3664 τῆς

1825 3606 2244 3678 constringitur,
2276 3621 2371 3677 per
2399 3610 2626 3677 gratiam
2660 3618 2716 3664 et
2746 3609 3176 3665 misericordiam
3215 3590 3384 3678 tuam,

122 3683 233 3751 σῆς
272 3682 519 3753 χάριτος
565 3683 657 3734 καὶ
702 3682 1139 3754 φιλανθρωπίας,
1183 3684 1264 3736 ὅτι
1316 3682 1614 3752 εὐλογεῖται
1665 3682 1720 3735 τὸ

1826 3699 1954 3769 quia
1994 3706 2246 3752 sanctum
2276 3713 2471 3753 nomen
2506 3710 2659 3754 tuum
2703 3699 3064 3767 benedicitur,
3098 3698 3294 3765 Patris,
3330 3709 3389 3755 et

119 3774 426 3842 πανάγιον
463 3773 631 3843 δνομά
657 3791 773 3837 σου,
813 3772 905 3826 τοῦ
937 3774 1166 3845 Πατρός,
1215 3774 1308 3827 καὶ
1332 3774 1425 3828 τοῦ
1451 3773 1603 3835 Υἱοῦ,
1632 3774 1720 3828 καὶ

1826 3790 1968 3855 Filii,
1992 3798 2046 3843 et
2074 3790 2308 3858 Spiritus
2329 3790 2526 3857 sancti,
2551 3805 2696 3846 nunc
2720 3800 2775 3846 et
2789 3802 3081 3861 semper,et
3111 3792 3165 3847 in
3188 3792 3388 3850 saecula

118 3869 227 3923 τοῦ
260 3869 444 3938 ἁγίου
474 3869 809 3939 Πνεῦματος,
851 3867 1079 3922 πάντοτε
1123 3866 1217 3921 νῦν
1257 3867 1352 3921 καὶ
1392 3868 1479 3921 ἀεὶ
1520 3867 1613 3919 καὶ
1649 3867 1720 3929 εἰς

1828 3883 2170 3937 saeculorum.
2207 3882 2400 3937 Amen.

112 3961 261 4025 τοὺς
292 3958 519 4021 αἰῶνας
548 3958 656 4010 τῶν
688 3956 914 4013 αἰώνων.
959 3958 1148 4029 Ἀμήν.

197 4051 325 4104 Καὶ
366 4049 517 4120 μετὰ
547 4050 751 4119 ἐγεῖραι
780 4049 939 4101 αὑτὸν
976 4048 1085 4103 ἀπὸ
1122 4049 1218 4118 τῆς
1248 4048 1348 4118 γῆς
1382 4048 1473 4101 καὶ
1514 4047 1720 4118 ποιῆσαι

1899 4040 2188 4109 Postquam
2215 4055 2338 4094 eum
2381 4041 2554 4095 erexit
2603 4056 2634 4096 a
2682 4051 2847 4107 terra,
2895 4052 2948 4098 et
2995 4052 3158 4113 caput
3212 4052 3389 4116 tegere

1826 4133 2013 4203 jussit,
2036 4148 2160 4187 cum
2212 4132 2330 4202 ipso
2377 4134 2660 4188 considere
2706 4135 2896 4199 debet,
2953 4143 3008 4187 et
3059 4135 3390 4207 interrogare

1831 4226 2100 4295 quodnam
2134 4223 2447 4279 mandatum
2484 4240 2698 4279 servare
2730 4234 2929 4295 potest.
2955 4224 3073 4280 Non
3102 4227 3247 4281 enim
3275 4242 3391 4297 pte-

117 4142 305 4197 αὐτδν
368 4141 652 4196 σκεπάσαι
701 4142 800 4211 τὴν
849 4141 1109 4212 κεφαλήν,
1158 4141 1250 4193 καὶ
1304 4139 1731 4208 συγκαθέζεσθαι

118 4234 357 4304 ὀφείλει
398 4232 523 4304 μετ’
550 4231 735 4297 αὑτοῦ,
763 4233 856 4285 καὶ
884 4233 1094 4305 ἐρωτᾷν
1117 4232 1237 4284 τίνα
1270 4230 1475 4301 ἰσχύσει
1502 4229 1731 4300 φυλάξαι

118 4325 405 4396 ἐντολήν.
456 4325 530 4377 Οὐ
559 4325 667 4396 γὰρ
697 4324 724 4375 ὂ
754 4323 895 4377 θέλει
924 4324 1127 4393 ὀφείλει
1166 4323 1364 4378 διδόναι
1404 4325 1433 4377 ὁ
1466 4323 1720 4392 ἐπιτιμῶι

1834 4318 2115 4372 nitentiam
2158 4316 2478 4386 imponens,
2529 4332 2690 4386 quam
2742 4317 2958 4372 libuerit
3018 4318 3389 4386 pmnitentiam

119 4416 189 4470 τὸ
226 4413 558 4483 ἐπιτίμιον,
590 4412 708 4465 οὐδὲ
759 4411 787 4464 ὃ
812 4412 1010 4482 πρέπει
1042 4408 1281 4474 ἀπαιτεῖ,
1308 4410 1422 4465 ἀλλ’
1449 4410 1478 4463 ὅ
1503 4410 1720 4480 φυλάξω

1836 4410 1909 4463 illi
1931 4409 2059 4462 dare
2076 4407 2235 4462 debet
2257 4424 2272 4470 ;
2307 4421 2481 4477 neque
2511 4408 2652 4477 quod
2673 4407 2845 4473 decet,
2871 4418 2927 4462 et
2956 4420 3176 4477 peccata
3200 4419 3392 4479 postu-

118 4506 514 4578 προαιρεῖται
545 4503 574 4554 ό
607 4502 1020 4571 ὲπιτιμώμενος,
1054 4503 1135 4555 ὃτι
1162 4503 1222 4555 οὐ
1252 4502 1385 4572 πρὸς
1408 4501 1506 4573 τὴν
1542 4500 1720 4553 (hyalo-

1837 4501 1968 4566 lant,
1993 4498 2085 4555 sed
2108 4499 2254 4567 quod
2276 4512 2490 4553 servare
2508 4497 2655 4567 eligit
2672 4497 3039 4567 paenitentiam
3066 4500 3390 4570 suscipiens.

118 4569 271 4667 γίαν
320 4569 456 4649 τῶν
502 4569 913 4665 ἁμαρτημάτων
962 4594 1115 4664 παρά
1157 4595 1268 4657 τοῖς
1296 4569 1589 4665 χρηστοῖς,
1642 4593 1720 4644 εὑ-

1837 4589 1973 4657 Quia
2007 4603 2113 4643 non
2147 4587 2444 4644 secundum
2472 4598 2815 4658 peccatorum
2846 4569 3247 4660 proportionem
3289 4592 3393 4648 im-

120 4689 504 4758 σπλάγχνοις
536 4686 628 4739 καὶ
656 4686 1136 4757 Χριστομιμήτοις,
1170 4685 1264 4739 καὶ
1287 4688 1397 4749 τοῖς
1423 4685 1599 4747 καλῶς
1627 4684 1720 4737 δια·

1836 4689 2113 4753 ponuntur
2148 4677 2386 4747 epitimia
2416 4692 2447 4732 a
2486 4677 2731 4748 benignis
2756 4721 2773 4746 ,
2818 4679 3301 4748 misericordibus,
3340 4692 3396 4739 et

119 4783 343 4852 κρῖναι.
403 4776 724 4847 δυναμένοις
771 4779 862 4829 καὶ
912 4776 1217 4847 πρόσωπον,
1272 4776 1365 4828 καὶ
1416 4775 1596 4844 φύσιν,
1649 4792 1720 4828 κα

1837 4771 2039 4827 Christi
2091 4768 2456 4824 imitatoribus
2505 4768 2598 4837 qui
2650 4780 2793 4824 recte
2825 4779 3051 4839 possunt
3093 4772 3396 4841 diiudicare

118 4873 327 4945 ὥραν,
380 4869 483 4923 ata‘t
523 4868 706 4932 τόπον,
749 4870 843 4922 καὶ
889 4869 1178 4936 ἀγνωσῐαν,
1221 4868 1313 4920 καὶ
1362 4867 1608 4935 νεότητα,
1654 4884 1720 4919 κα

1840 4876 2149 4934 personam,
2186 4871 2455 4925 naturam,
2497 4861 2705 4926 harant,
2749 4862 2958 4927 locum,
2999 4862 3392 4932 ignorantiam,

118 4965 205 5032 γῆ
216 4978 333 5032 ρας
369 4958 610 5011 δίδονται
632 4958 697 5010 τὰ
720 4956 985 5026 ἐπιτίμια,
1010 4956 1142 5009 ἀλλά
1173 4956 1305 5026 πρὸς
1330 4956 1427 5026 τὴν
1453 4956 1570 5009 οἷαν
1590 4951 1720 5008 εἴποι

1839 4957 2216 5025 juventutem,
2272 4960 2628 5016 tenactutem;
2685 4955 2779 5007 sed
2820 4952 2974 5022 juxta
3026 4955 3240 5024 qualem
3282 4956 3395 5012 dixi

125 5055 468 5122 σύγκρισιν
495 5047 592 5101 καὶ
621 5047 910 5118 διάκρισιν,
946 5048 1037 5100 καὶ
1065 5046 1157 5099 τοῦ
1187 5048 1457 5116 διακρῖναι
1498 5046 1739 5116 ὀφείλον-

120 5162 233 5208 τος
266 5142 392 5197 καὶ
428 5140 718 5209 πρόσωπον
747 5140 840 5192 καὶ
865 5138 1012 5211 ῶραν
1041 5140 1135 5193 καὶ⁸
1159 5139 1319 5207 φύσιν
1350 5138 1623 5206 ἀναλόγως
1647 5138 1738 5190 ηςοῦ

124 5230 697 5306 ἐξομολογουμένου.
732 5230 1030 5300 Ἐνδέχεται
1058 5231 1166 5302 γάρ
1193 5231 1285 5283 τὸν
1311 5230 1742 5300 όλιγαμάρτητον

124 5329 246 5383 καὶ
265 5323 578 5397 πρόθυμον
610 5324 751 5395 μέγα
776 5322 958 5377 λαϐεῖν
976 5323 1265 5393 ἐπιτίμιον,
1299 5323 1445 5385 ὅπως
1483 5321 1557 5391 μὴ
1586 5320 1742 5391 μόνον

127 5422 371 5491 ἄφεσιν
410 5413 619 5481 κακῶν,
663 5416 795 5469 ἀλλὰ
824 5417 916 5468 καὶ
950 5414 1205 5483 στέφανον
1234 5413 1391 5485 λάϐῃ.
1436 5412 1527 5467 τόν
1553 5414 1609 5465 δὲ
1647 5429 1744 5465 πο-

124 5512 571 5583 λυαμάρτητον
620 5508 713 5561 καὶ
760 5506 994 5578 ῥᾴθυμον
1042 5505 1269 5577 μικρὸν,
1321 5505 1404 5558 ἵνα
1457 5504 1531 5574 μὴ
1581 5521 1741 5557 κατα-

129 5603 368 5665 ποθεὶς
410 5599 516 5652 ὑπὸ
544 5596 740 5670 βάρους
785 5596 880 5650 καὶ
917 5595 1150 5665 ἀθυμίας
1197 5597 1379 5667 ἀφήσῃ
1425 5594 1625 5648 πάντα.
1673 5595 1747 5647 Οὐ

126 5697 269 5769 γὰρ
310 5691 747 5765 προσετάγημεν
786 5688 923 5762 βάρη
954 5688 1246 5758 κουφίζειν,
1282 5686 1374 5742 καὶ
1410 5685 1547 5757 βάρη
1579 5686 1752 5739 ὲπιτιο

1844 5044 2301 5116 comparationem
2349 5053 2403 5097 et
2464 5043 2839 5098 discretionem
2905 5060 3068 5114 quam
3115 5047 3397 5105 instituere

1844 5139 2005 5194 debet
2032 5138 2126 5207 qui
2162 5137 2275 5190 haec
2301 5135 2699 5204 diiudicaturus
2726 5144 2830 5201 est,
2868 5136 3144 5205 analogice
3176 5137 3245 5191 ad
3273 5153 3397 5207 per-

1846 5244 2077 5295 sonam,
2127 5229 2337 5293 horam,
2386 5237 2441 5281 et
2475 5237 2723 5281 naturam
2770 5228 3096 5285 conﬁtentis.
3123 5226 3399 5300 Contingit

1844 5323 1989 5378 enim
2009 5337 2132 5377 eum
2160 5321 2253 5392 qui
2278 5334 2449 5391 pauca
2478 5319 2736 5392 peccavit,
2756 5320 2902 5375 bono
2926 5334 3049 5376 esse
3069 5328 3126 5377 et
3150 5330 3398 5392 prompto

1848 5415 2030 5469 animo
2077 5424 2131 5469 et
2165 5426 2416 5482 magnam
2456 5411 2699 5482 accipere
2735 5411 3137 5481 paenitentiam,
3187 5420 3247 5467 ut
3287 5425 3397 5466 non

1850 5504 2010 5559 modo
2079 5502 2346 5558 malorum
2402 5502 2769 5559 remissionem
2832 5512 3197 5574 consequatur
3225 5541 3243 5567 ,
3303 5504 3403 5559 sed

1850 5595 2012 5649 etiam
2045 5607 2325 5650 coronam.
2363 5592 2499 5649 Eum
2536 5610 2662 5650 vero
2687 5595 2780 5665 qui
2824 5595 2991 5650 multa
3028 5594 3270 5665 peccavit
3313 5609 3402 5650 re-

1853 5685 2021 5742 misso
2042 5693 2096 5742 et
2118 5685 2270 5757 segni
2297 5700 2415 5743 esse
2436 5686 2635 5753 animo,
2663 5686 2877 5756 lenique
2899 5684 3034 5742 ιιωοὶ
3066 5686 3399 5756 ρωηίιειιιίι,

226 5851 283 5886 ⁸⁸
320 5847 500 5905 Joan.
535 5863 629 5914 xx,
657 5846 749 5902 25.
