  <div class='ocr_page' id='page_1' title='image "/cluster/home/n/w/nwhite01/storage/ocr_20150623/88/nnc1.0046980237/956.png"; bbox 0 0 4112 6416; ppageno 0'>
   <div class='ocr_carea' id='block_1_1' title="bbox 140 383 270 453">
    <p class='ocr_par' dir='ltr' id='par_1_1' title="bbox 140 383 270 453">
     <span class='ocr_line' id='line_1_1' title="bbox 140 383 270 453; baseline -0.023 0"><span class='ocrx_word' id='word_1_1' title='bbox 140 383 270 453; x_wconf 69' lang='lat'><strong>1929</strong></span> 
     </span>
    </p>
   </div>
   <div class='ocr_carea' id='block_1_2' title="bbox 1253 370 2201 435">
    <p class='ocr_par' dir='ltr' id='par_1_2' title="bbox 1253 370 2201 435">
     <span class='ocr_line' id='line_1_2' title="bbox 1253 370 2201 435; baseline 0.002 -3"><span class='ocrx_word' id='word_1_2' title='bbox 1253 373 1506 434; x_wconf 83' lang='lat' dir='ltr'><strong>SERMO</strong></span> <span class='ocrx_word' id='word_1_3' title='bbox 1550 370 1645 435; x_wconf 83' lang='lat' dir='ltr'><strong>DE</strong></span> <span class='ocrx_word' id='word_1_4' title='bbox 1703 371 2201 434; x_wconf 72' lang='grc' dir='ltr'><strong>ΡΟΞΝΙΤΕΝΤΙΛ.</strong></span> 
     </span>
    </p>
   </div>
   <div class='ocr_carea' id='block_1_3' title="bbox 3205 379 3342 450">
    <p class='ocr_par' dir='ltr' id='par_1_3' title="bbox 3205 379 3342 450">
     <span class='ocr_line' id='line_1_3' title="bbox 3205 379 3342 450; baseline 0.029 -4"><span class='ocrx_word' id='word_1_5' title='bbox 3205 379 3342 450; x_wconf 77' lang='lat' dir='ltr'><strong>193i)</strong></span> 
     </span>
    </p>
   </div>
   <div class='ocr_carea' id='block_1_4' title="bbox 135 478 1683 567">
    <p class='ocr_par' dir='ltr' id='par_1_4' title="bbox 135 478 1679 559">
     <span class='ocr_line' id='line_1_4' title="bbox 135 478 1679 559; baseline -0.01 -11"><span class='ocrx_word' id='word_1_6' title='bbox 135 509 279 555; x_wconf 72' lang='grc' dir='ltr'>ποτε,</span> <span class='ocrx_word' id='word_1_7' title='bbox 313 486 431 546; x_wconf 62' lang='grc' dir='ltr'>οὔτε</span> <span class='ocrx_word' id='word_1_8' title='bbox 483 487 691 559; x_wconf 76' lang='grc' dir='ltr'>μεγάλη</span> <span class='ocrx_word' id='word_1_9' title='bbox 740 482 1044 557; x_wconf 61' lang='grc' dir='ltr'>αἱμομιξίαη.</span> <span class='ocrx_word' id='word_1_10' title='bbox 1088 483 1212 536; x_wconf 76' lang='grc' dir='ltr'>Ἐάν</span> <span class='ocrx_word' id='word_1_11' title='bbox 1248 481 1309 535; x_wconf 67' lang='grc' dir='ltr'>δὲ</span> <span class='ocrx_word' id='word_1_12' title='bbox 1345 480 1485 551; x_wconf 82' lang='grc' dir='ltr'><strong>μετὰ</strong></span> <span class='ocrx_word' id='word_1_13' title='bbox 1507 479 1550 533; x_wconf 88' lang='grc' dir='ltr'>λ’</span> <span class='ocrx_word' id='word_1_14' title='bbox 1583 478 1679 547; x_wconf 78' lang='grc' dir='ltr'><strong>ἐτη</strong></span> 
     </span>
    </p>
   </div>
   <div class='ocr_carea' id='block_1_5' title="bbox 1783 478 3345 567">
    <p class='ocr_par' dir='ltr' id='par_1_5' title="bbox 1784 479 3345 567">
     <span class='ocr_line' id='line_1_5' title="bbox 1784 479 3345 567; baseline 0.012 -34"><span class='ocrx_word' id='word_1_15' title='bbox 1784 494 1931 541; x_wconf 88' lang='lat' dir='ltr'><strong>rum,</strong></span> <span class='ocrx_word' id='word_1_16' title='bbox 1959 479 2062 534; x_wconf 83' lang='lat' dir='ltr'><strong>nisi</strong></span> <span class='ocrx_word' id='word_1_17' title='bbox 2091 480 2266 536; x_wconf 70' lang='lat' dir='ltr'><strong>caules</strong></span> <span class='ocrx_word' id='word_1_18' title='bbox 2287 482 2360 537; x_wconf 82' lang='lat' dir='ltr'><strong>sit</strong></span> <span class='ocrx_word' id='word_1_19' title='bbox 2379 483 2790 559; x_wconf 82' lang='lat' dir='ltr'><strong>qualiscunque,</strong></span> <span class='ocrx_word' id='word_1_20' title='bbox 2820 498 2913 546; x_wconf 85' lang='lat' dir='ltr'><strong>aut</strong></span> <span class='ocrx_word' id='word_1_21' title='bbox 2949 505 3174 560; x_wconf 77' lang='lat' dir='ltr'><strong>magnus</strong></span> <span class='ocrx_word' id='word_1_22' title='bbox 3203 498 3345 567; x_wconf 66' lang='lat' dir='ltr'><strong>qui-v-</strong></span> 
     </span>
    </p>
   </div>
   <div class='ocr_carea' id='block_1_6' title="bbox 137 570 1673 655">
    <p class='ocr_par' dir='ltr' id='par_1_6' title="bbox 137 570 1673 655">
     <span class='ocr_line' id='line_1_6' title="bbox 137 570 1673 655; baseline -0.01 -17"><span class='ocrx_word' id='word_1_23' title='bbox 137 585 392 655; x_wconf 72' lang='grc' dir='ltr'>γεγόνασι,</span> <span class='ocrx_word' id='word_1_24' title='bbox 410 582 503 635; x_wconf 59' lang='grc' dir='ltr'><strong>καὶ⁸</strong></span> <span class='ocrx_word' id='word_1_25' title='bbox 529 581 634 644; x_wconf 70' lang='grc' dir='ltr'>ἕως</span> <span class='ocrx_word' id='word_1_26' title='bbox 657 580 824 651; x_wconf 74' lang='grc' dir='ltr'>τριῶν</span> <span class='ocrx_word' id='word_1_27' title='bbox 839 577 931 630; x_wconf 65' lang='grc' dir='ltr'>καὶ</span> <span class='ocrx_word' id='word_1_28' title='bbox 952 574 1248 646; x_wconf 71' lang='grc' dir='ltr'>τεσσάρων.</span> <span class='ocrx_word' id='word_1_29' title='bbox 1276 572 1451 625; x_wconf 78' lang='grc' dir='ltr'>Ὅπου</span> <span class='ocrx_word' id='word_1_30' title='bbox 1473 570 1530 625; x_wconf 79' lang='grc' dir='ltr'>δέ</span> <span class='ocrx_word' id='word_1_31' title='bbox 1555 572 1673 624; x_wconf 75' lang='grc' dir='ltr'>ἐστι</span> 
     </span>
    </p>
   </div>
   <div class='ocr_carea' id='block_1_7' title="bbox 126 664 1685 748">
    <p class='ocr_par' dir='ltr' id='par_1_7' title="bbox 126 664 1685 748">
     <span class='ocr_line' id='line_1_7' title="bbox 126 664 1685 748; baseline -0.009 -17"><span class='ocrx_word' id='word_1_32' title='bbox 126 675 329 748; x_wconf 79' lang='grc' dir='ltr'>φόνοςῆ</span> <span class='ocrx_word' id='word_1_33' title='bbox 352 675 524 746; x_wconf 68' lang='grc' dir='ltr'>φόνοι.</span> <span class='ocrx_word' id='word_1_34' title='bbox 560 673 655 726; x_wconf 79' lang='grc' dir='ltr'><strong>καὶ</strong></span> <span class='ocrx_word' id='word_1_35' title='bbox 681 672 791 726; x_wconf 81' lang='grc' dir='ltr'>άπὸ</span> <span class='ocrx_word' id='word_1_36' title='bbox 815 670 924 724; x_wconf 84' lang='grc' dir='ltr'><strong>τῶν</strong></span> <span class='ocrx_word' id='word_1_37' title='bbox 949 666 1167 740; x_wconf 78' lang='grc' dir='ltr'>ὑψηλῶν</span> <span class='ocrx_word' id='word_1_38' title='bbox 1194 664 1541 736; x_wconf 76' lang='grc' dir='ltr'>αἱμομιξιῶν,</span> <span class='ocrx_word' id='word_1_39' title='bbox 1563 664 1685 731; x_wconf 71' lang='grc' dir='ltr'>ἦτοι</span> 
     </span>
    </p>
   </div>
   <div class='ocr_carea' id='block_1_8' title="bbox 123 758 1686 840">
    <p class='ocr_par' dir='ltr' id='par_1_8' title="bbox 123 758 1686 840">
     <span class='ocr_line' id='line_1_8' title="bbox 123 758 1686 840; baseline -0.006 -17"><span class='ocrx_word' id='word_1_40' title='bbox 123 769 254 840; x_wconf 60' lang='grc' dir='ltr'>περὶ</span> <span class='ocrx_word' id='word_1_41' title='bbox 273 766 504 839; x_wconf 78' lang='grc' dir='ltr'>γνησίας</span> <span class='ocrx_word' id='word_1_42' title='bbox 532 765 787 836; x_wconf 71' lang='grc' dir='ltr'>ἀδελφῆς,</span> <span class='ocrx_word' id='word_1_43' title='bbox 819 763 855 836; x_wconf 76' lang='grc' dir='ltr'><strong>ἦ</strong></span> <span class='ocrx_word' id='word_1_44' title='bbox 886 760 1004 817; x_wconf 86' lang='grc' dir='ltr'>υίοῦ</span> <span class='ocrx_word' id='word_1_45' title='bbox 1035 758 1289 829; x_wconf 80' lang='grc' dir='ltr'>γυναικὸς</span> <span class='ocrx_word' id='word_1_46' title='bbox 1316 759 1350 832; x_wconf 76' lang='grc' dir='ltr'>ἢ</span> <span class='ocrx_word' id='word_1_47' title='bbox 1380 759 1477 814; x_wconf 79' lang='grc' dir='ltr'>καὶ</span> <span class='ocrx_word' id='word_1_48' title='bbox 1493 760 1686 831; x_wconf 85' lang='grc' dir='ltr'>τετάρ-</span> 
     </span>
    </p>
   </div>
   <div class='ocr_carea' id='block_1_9' title="bbox 122 850 1687 928">
    <p class='ocr_par' dir='ltr' id='par_1_9' title="bbox 122 850 1687 928">
     <span class='ocr_line' id='line_1_9' title="bbox 122 850 1687 928; baseline -0.008 -12"><span class='ocrx_word' id='word_1_49' title='bbox 122 879 214 916; x_wconf 79' lang='grc' dir='ltr'><strong>του</strong></span> <span class='ocrx_word' id='word_1_50' title='bbox 242 859 338 914; x_wconf 74' lang='grc' dir='ltr'>καὶ</span> <span class='ocrx_word' id='word_1_51' title='bbox 362 857 638 928; x_wconf 69' lang='grc' dir='ltr'>πέμπτου.</span> <span class='ocrx_word' id='word_1_52' title='bbox 684 856 812 910; x_wconf 71' lang='grc' dir='ltr'>Ἐάν</span> <span class='ocrx_word' id='word_1_53' title='bbox 850 855 908 908; x_wconf 68' lang='grc' dir='ltr'>δὲ</span> <span class='ocrx_word' id='word_1_54' title='bbox 950 854 1086 926; x_wconf 72' lang='grc' dir='ltr'>τύχῃ</span> <span class='ocrx_word' id='word_1_55' title='bbox 1116 852 1404 908; x_wconf 74' lang='grc' dir='ltr'>συντέχνου</span> <span class='ocrx_word' id='word_1_56' title='bbox 1455 851 1490 922; x_wconf 72' lang='grc' dir='ltr'><strong>ἢ</strong></span> <span class='ocrx_word' id='word_1_57' title='bbox 1518 850 1687 920; x_wconf 78' lang='grc' dir='ltr'>θυγαο</span> 
     </span>
    </p>
   </div>
   <div class='ocr_carea' id='block_1_10' title="bbox 115 941 1685 1024">
    <p class='ocr_par' dir='ltr' id='par_1_10' title="bbox 115 941 1685 1024">
     <span class='ocr_line' id='line_1_10' title="bbox 115 941 1685 1024; baseline -0.006 -18"><span class='ocrx_word' id='word_1_58' title='bbox 115 953 243 1024; x_wconf 84' lang='grc' dir='ltr'>τρὸς</span> <span class='ocrx_word' id='word_1_59' title='bbox 275 944 345 1021; x_wconf 73' lang='grc' dir='ltr'><strong>ἧς</strong></span> <span class='ocrx_word' id='word_1_60' title='bbox 375 950 615 1017; x_wconf 71' lang='grc' dir='ltr'>ἐδέξατο,</span> <span class='ocrx_word' id='word_1_61' title='bbox 642 947 677 1021; x_wconf 73' lang='grc' dir='ltr'>ἢ</span> <span class='ocrx_word' id='word_1_62' title='bbox 718 948 944 1019; x_wconf 79' lang='grc' dir='ltr'>μητρὸς,</span> <span class='ocrx_word' id='word_1_63' title='bbox 977 947 1072 1000; x_wconf 71' lang='grc' dir='ltr'>καὶ</span> <span class='ocrx_word' id='word_1_64' title='bbox 1105 944 1212 1009; x_wconf 68' lang='grc' dir='ltr'>ἕως</span> <span class='ocrx_word' id='word_1_65' title='bbox 1238 941 1281 999; x_wconf 81' lang='lat' dir='ltr'><strong>e&#39;</strong></span> <span class='ocrx_word' id='word_1_66' title='bbox 1317 943 1412 999; x_wconf 68' lang='lat' dir='ltr'><strong>xci.</strong></span> <span class='ocrx_word' id='word_1_67' title='bbox 1444 942 1523 1009; x_wconf 81' lang='grc' dir='ltr'><strong>ς’.</strong></span> <span class='ocrx_word' id='word_1_68' title='bbox 1558 942 1685 999; x_wconf 80' lang='grc' dir='ltr'>Ἐὰν</span> 
     </span>
    </p>
   </div>
   <div class='ocr_carea' id='block_1_11' title="bbox 110 1033 1687 1109">
    <p class='ocr_par' dir='ltr' id='par_1_11' title="bbox 110 1033 1687 1109">
     <span class='ocr_line' id='line_1_11' title="bbox 110 1033 1687 1109; baseline -0.006 -13"><span class='ocrx_word' id='word_1_69' title='bbox 110 1041 171 1095; x_wconf 75' lang='grc' dir='ltr'><strong>’δὲ</strong></span> <span class='ocrx_word' id='word_1_70' title='bbox 200 1039 345 1095; x_wconf 82' lang='grc' dir='ltr'>κατὰ</span> <span class='ocrx_word' id='word_1_71' title='bbox 370 1038 532 1109; x_wconf 83' lang='grc' dir='ltr'>φύσιν</span> <span class='ocrx_word' id='word_1_72' title='bbox 568 1055 654 1103; x_wconf 88' lang='grc' dir='ltr'><strong>τις</strong></span> <span class='ocrx_word' id='word_1_73' title='bbox 679 1038 949 1109; x_wconf 80' lang='grc' dir='ltr'>ἥμαρτεν,</span> <span class='ocrx_word' id='word_1_74' title='bbox 979 1035 1043 1089; x_wconf 67' lang='grc' dir='ltr'>οὗ</span> <span class='ocrx_word' id='word_1_75' title='bbox 1083 1034 1374 1106; x_wconf 72' lang='grc' dir='ltr'>περιέπεσε</span> <span class='ocrx_word' id='word_1_76' title='bbox 1417 1033 1583 1096; x_wconf 55' lang='lat' dir='ltr'><strong>etsi;</strong></span> <span class='ocrx_word' id='word_1_77' title='bbox 1616 1033 1687 1087; x_wconf 80' lang='grc' dir='ltr'><strong>τὰ</strong></span> 
     </span>
    </p>
   </div>
   <div class='ocr_carea' id='block_1_12' title="bbox 114 1119 1688 1202">
    <p class='ocr_par' dir='ltr' id='par_1_12' title="bbox 114 1119 1688 1202">
     <span class='ocr_line' id='line_1_12' title="bbox 114 1119 1688 1202; baseline -0.004 -18"><span class='ocrx_word' id='word_1_78' title='bbox 114 1131 265 1202; x_wconf 79' lang='grc' dir='ltr'>παρὰ</span> <span class='ocrx_word' id='word_1_79' title='bbox 295 1129 482 1199; x_wconf 74' lang='grc' dir='ltr'>φύσιν.</span> <span class='ocrx_word' id='word_1_80' title='bbox 516 1127 641 1182; x_wconf 69' lang='grc' dir='ltr'>οὔτε</span> <span class='ocrx_word' id='word_1_81' title='bbox 677 1131 760 1192; x_wconf 83' lang='grc' dir='ltr'><strong>είς</strong></span> <span class='ocrx_word' id='word_1_82' title='bbox 802 1124 1123 1198; x_wconf 74' lang='grc' dir='ltr'>αἰμομιξίας</span> <span class='ocrx_word' id='word_1_83' title='bbox 1157 1119 1268 1181; x_wconf 82' lang='grc' dir='ltr'>οἷαι</span> <span class='ocrx_word' id='word_1_84' title='bbox 1305 1125 1410 1180; x_wconf 68' lang='grc' dir='ltr'><strong>κάν</strong></span> <span class='ocrx_word' id='word_1_85' title='bbox 1440 1125 1548 1178; x_wconf 81' lang='grc' dir='ltr'>εἰσι</span> <span class='ocrx_word' id='word_1_86' title='bbox 1592 1124 1688 1179; x_wconf 76' lang='grc' dir='ltr'>καὶ</span> 
     </span>
    </p>
   </div>
   <div class='ocr_carea' id='block_1_13' title="bbox 113 1216 1682 1291">
    <p class='ocr_par' dir='ltr' id='par_1_13' title="bbox 113 1216 1682 1291">
     <span class='ocr_line' id='line_1_13' title="bbox 113 1216 1682 1291; baseline -0.004 -15"><span class='ocrx_word' id='word_1_87' title='bbox 113 1225 254 1285; x_wconf 74' lang='grc' dir='ltr'>ὗσαι,</span> <span class='ocrx_word' id='word_1_88' title='bbox 284 1223 382 1276; x_wconf 72' lang='grc' dir='ltr'>καὶ</span> <span class='ocrx_word' id='word_1_89' title='bbox 410 1224 493 1284; x_wconf 79' lang='grc' dir='ltr'>εἰς.</span> <span class='ocrx_word' id='word_1_90' title='bbox 521 1222 711 1291; x_wconf 64' lang='grc' dir='ltr'>χρόνον</span> <span class='ocrx_word' id='word_1_91' title='bbox 754 1219 787 1291; x_wconf 76' lang='grc' dir='ltr'>ἦ</span> <span class='ocrx_word' id='word_1_92' title='bbox 844 1219 936 1273; x_wconf 78' lang='grc' dir='ltr'>καὶ</span> <span class='ocrx_word' id='word_1_93' title='bbox 977 1218 1073 1272; x_wconf 86' lang='grc' dir='ltr'>δύο</span> <span class='ocrx_word' id='word_1_94' title='bbox 1110 1218 1468 1288; x_wconf 69' lang='grc' dir='ltr'><strong>ἐπιτιμᾶσθαι</strong></span> <span class='ocrx_word' id='word_1_95' title='bbox 1502 1216 1682 1288; x_wconf 83' lang='grc' dir='ltr'>μόνον.</span> 
     </span>
    </p>
   </div>
   <div class='ocr_carea' id='block_1_14' title="bbox 113 1309 1688 1387">
    <p class='ocr_par' dir='ltr' id='par_1_14' title="bbox 113 1309 1688 1387">
     <span class='ocr_line' id='line_1_14' title="bbox 113 1309 1688 1387; baseline -0.005 -18"><span class='ocrx_word' id='word_1_96' title='bbox 113 1317 299 1370; x_wconf 88' lang='grc' dir='ltr'>Ταῦτα</span> <span class='ocrx_word' id='word_1_97' title='bbox 334 1316 436 1387; x_wconf 81' lang='grc' dir='ltr'>μὲν</span> <span class='ocrx_word' id='word_1_98' title='bbox 467 1317 568 1368; x_wconf 78' lang='grc' dir='ltr'>ὅσα</span> <span class='ocrx_word' id='word_1_99' title='bbox 598 1311 1048 1383; x_wconf 75' lang='grc' dir='ltr'><strong>καταχρηστικῶς</strong></span> <span class='ocrx_word' id='word_1_100' title='bbox 1089 1309 1337 1382; x_wconf 69' lang='grc' dir='ltr'>ἐπράχθη</span> <span class='ocrx_word' id='word_1_101' title='bbox 1383 1310 1480 1363; x_wconf 80' lang='grc' dir='ltr'>καὶ</span> <span class='ocrx_word' id='word_1_102' title='bbox 1532 1310 1688 1379; x_wconf 75' lang='grc' dir='ltr'>ἐχρό-</span> 
     </span>
    </p>
   </div>
   <div class='ocr_carea' id='block_1_15' title="bbox 110 1400 1683 1474">
    <p class='ocr_par' dir='ltr' id='par_1_15' title="bbox 110 1400 1683 1474">
     <span class='ocr_line' id='line_1_15' title="bbox 110 1400 1683 1474; baseline -0.006 -11"><span class='ocrx_word' id='word_1_103' title='bbox 110 1422 266 1463; x_wconf 81' lang='grc' dir='ltr'>νισαν</span> <span class='ocrx_word' id='word_1_104' title='bbox 310 1407 577 1471; x_wconf 76' lang='grc' dir='ltr'><strong>πολλάκις</strong></span> <span class='ocrx_word' id='word_1_105' title='bbox 609 1407 701 1461; x_wconf 76' lang='grc' dir='ltr'>καὶ</span> <span class='ocrx_word' id='word_1_106' title='bbox 728 1405 834 1467; x_wconf 67' lang='lat' dir='ltr'><strong>lto;</strong></span> <span class='ocrx_word' id='word_1_107' title='bbox 879 1404 1074 1474; x_wconf 83' lang='grc' dir='ltr'>γῆρας,</span> <span class='ocrx_word' id='word_1_108' title='bbox 1101 1405 1152 1456; x_wconf 81' lang='lat' dir='ltr'><strong>ei</strong></span> <span class='ocrx_word' id='word_1_109' title='bbox 1182 1402 1241 1457; x_wconf 71' lang='grc' dir='ltr'>δὲ</span> <span class='ocrx_word' id='word_1_110' title='bbox 1269 1400 1471 1472; x_wconf 55' lang='lat' dir='ltr'><strong>suam</strong></span> <span class='ocrx_word' id='word_1_111' title='bbox 1507 1402 1610 1465; x_wconf 74' lang='grc' dir='ltr'>δὶς,</span> <span class='ocrx_word' id='word_1_112' title='bbox 1648 1401 1683 1471; x_wconf 69' lang='grc' dir='ltr'>ἢ</span> 
     </span>
    </p>
   </div>
   <div class='ocr_carea' id='block_1_16' title="bbox 111 1491 1685 1572">
    <p class='ocr_par' dir='ltr' id='par_1_16' title="bbox 111 1491 1685 1572">
     <span class='ocr_line' id='line_1_16' title="bbox 111 1491 1685 1572; baseline -0.006 -17"><span class='ocrx_word' id='word_1_113' title='bbox 111 1504 247 1572; x_wconf 33' lang='grc' dir='ltr'>τρὶς.</span> <span class='ocrx_word' id='word_1_114' title='bbox 264 1502 526 1570; x_wconf 83' lang='grc' dir='ltr'>γεγόνασι</span> <span class='ocrx_word' id='word_1_115' title='bbox 553 1498 647 1553; x_wconf 58' lang='grc' dir='ltr'><strong>καὶ⁸</strong></span> <span class='ocrx_word' id='word_1_116' title='bbox 672 1497 1010 1568; x_wconf 71' lang='grc' dir='ltr'>ἐξεκόπησαν</span> <span class='ocrx_word' id='word_1_117' title='bbox 1036 1491 1127 1550; x_wconf 79' lang='grc' dir='ltr'>οἷα</span> <span class='ocrx_word' id='word_1_118' title='bbox 1155 1495 1257 1549; x_wconf 81' lang='grc' dir='ltr'><strong>κάν</strong></span> <span class='ocrx_word' id='word_1_119' title='bbox 1293 1495 1400 1546; x_wconf 86' lang='grc' dir='ltr'>εἰσι</span> <span class='ocrx_word' id='word_1_120' title='bbox 1426 1494 1530 1557; x_wconf 76' lang='grc' dir='ltr'>ἓως</span> <span class='ocrx_word' id='word_1_121' title='bbox 1558 1494 1685 1564; x_wconf 59' lang='lat' dir='ltr'><strong>xpo-</strong></span> 
     </span>
    </p>
   </div>
   <div class='ocr_carea' id='block_1_17' title="bbox 111 1586 1688 1663">
    <p class='ocr_par' dir='ltr' id='par_1_17' title="bbox 111 1586 1688 1663">
     <span class='ocr_line' id='line_1_17' title="bbox 111 1586 1688 1663; baseline -0.005 -17"><span class='ocrx_word' id='word_1_122' title='bbox 111 1611 201 1646; x_wconf 82' lang='grc' dir='ltr'><strong>νου</strong></span> <span class='ocrx_word' id='word_1_123' title='bbox 257 1596 287 1660; x_wconf 71' lang='grc' dir='ltr'><strong>ἠ</strong></span> <span class='ocrx_word' id='word_1_124' title='bbox 323 1594 499 1663; x_wconf 71' lang='grc' dir='ltr'>ἥμισυ</span> <span class='ocrx_word' id='word_1_125' title='bbox 530 1589 1000 1660; x_wconf 70' lang='grc' dir='ltr'>ἐπιτιμᾶσθωσαν.</span> <span class='ocrx_word' id='word_1_126' title='bbox 1043 1589 1168 1643; x_wconf 84' lang='grc' dir='ltr'><strong>Ἐὰν</strong></span> <span class='ocrx_word' id='word_1_127' title='bbox 1194 1588 1253 1641; x_wconf 74' lang='grc' dir='ltr'>δὲ</span> <span class='ocrx_word' id='word_1_128' title='bbox 1292 1588 1385 1640; x_wconf 78' lang='grc' dir='ltr'><strong>ἐπὶ</strong></span> <span class='ocrx_word' id='word_1_129' title='bbox 1417 1586 1688 1653; x_wconf 71' lang='grc' dir='ltr'>γυναικῶν</span> 
     </span>
    </p>
   </div>
   <div class='ocr_carea' id='block_1_18' title="bbox 109 1671 1688 1755">
    <p class='ocr_par' dir='ltr' id='par_1_18' title="bbox 109 1671 1688 1755">
     <span class='ocr_line' id='line_1_18' title="bbox 109 1671 1688 1755; baseline -0.003 -19"><span class='ocrx_word' id='word_1_130' title='bbox 109 1685 260 1751; x_wconf 72' lang='grc' dir='ltr'>φόνοι</span> <span class='ocrx_word' id='word_1_131' title='bbox 289 1683 541 1755; x_wconf 67' lang='grc' dir='ltr'>διάφοροί</span> <span class='ocrx_word' id='word_1_132' title='bbox 573 1699 717 1746; x_wconf 83' lang='grc' dir='ltr'>τινες</span> <span class='ocrx_word' id='word_1_133' title='bbox 747 1682 842 1735; x_wconf 75' lang='lat' dir='ltr'><strong>xui.</strong></span> <span class='ocrx_word' id='word_1_134' title='bbox 874 1682 1097 1753; x_wconf 71' lang='grc' dir='ltr'>μαγεῖαι</span> <span class='ocrx_word' id='word_1_135' title='bbox 1127 1671 1499 1748; x_wconf 76' lang='grc' dir='ltr'>ἐπράχθησαν,</span> <span class='ocrx_word' id='word_1_136' title='bbox 1524 1674 1558 1749; x_wconf 78' lang='grc' dir='ltr'>ἦ</span> <span class='ocrx_word' id='word_1_137' title='bbox 1593 1679 1688 1732; x_wconf 78' lang='grc' dir='ltr'>καὶ</span> 
     </span>
    </p>
   </div>
   <div class='ocr_carea' id='block_1_19' title="bbox 110 1768 1687 1846">
    <p class='ocr_par' dir='ltr' id='par_1_19' title="bbox 110 1768 1687 1846">
     <span class='ocr_line' id='line_1_19' title="bbox 110 1768 1687 1846; baseline -0.003 -19"><span class='ocrx_word' id='word_1_138' title='bbox 110 1777 213 1839; x_wconf 74' lang='grc' dir='ltr'>ἕως</span> <span class='ocrx_word' id='word_1_139' title='bbox 240 1774 422 1829; x_wconf 77' lang='grc' dir='ltr'>αὐτῶν</span> <span class='ocrx_word' id='word_1_140' title='bbox 455 1775 564 1828; x_wconf 81' lang='grc' dir='ltr'>τῶν</span> <span class='ocrx_word' id='word_1_141' title='bbox 594 1773 745 1846; x_wconf 73' lang='grc' dir='ltr'>παρὰ</span> <span class='ocrx_word' id='word_1_142' title='bbox 770 1774 956 1844; x_wconf 79' lang='grc' dir='ltr'>φύσιν,</span> <span class='ocrx_word' id='word_1_143' title='bbox 982 1772 1075 1826; x_wconf 78' lang='grc' dir='ltr'>καὶ</span> <span class='ocrx_word' id='word_1_144' title='bbox 1110 1771 1216 1834; x_wconf 74' lang='grc' dir='ltr'>ἕως</span> <span class='ocrx_word' id='word_1_145' title='bbox 1238 1768 1402 1835; x_wconf 82' lang='grc' dir='ltr'>ὀκτὼ,</span> <span class='ocrx_word' id='word_1_146' title='bbox 1434 1770 1530 1824; x_wconf 59' lang='grc' dir='ltr'><strong>καὶ⁵</strong></span> <span class='ocrx_word' id='word_1_147' title='bbox 1552 1770 1687 1823; x_wconf 81' lang='grc' dir='ltr'>δέκα</span> 
     </span>
    </p>
   </div>
   <div class='ocr_carea' id='block_1_20' title="bbox 114 1885 273 1922">
    <p class='ocr_par' dir='ltr' id='par_1_20' title="bbox 114 1885 273 1922">
     <span class='ocr_line' id='line_1_20' title="bbox 114 1885 273 1922; baseline 0.019 -3"><span class='ocrx_word' id='word_1_148' title='bbox 114 1887 136 1919; x_wconf 81' lang='grc' dir='ltr'><strong>Ε</strong></span> <span class='ocrx_word' id='word_1_149' title='bbox 145 1885 252 1920; x_wconf 78' lang='grc' dir='ltr'><strong>των</strong></span> <span class='ocrx_word' id='word_1_150' title='bbox 258 1908 273 1922; x_wconf 77' lang='grc' dir='ltr'><strong>ο</strong></span> 
     </span>
    </p>
   </div>
   <div class='ocr_carea' id='block_1_21' title="bbox 1786 571 3343 659">
    <p class='ocr_par' dir='ltr' id='par_1_21' title="bbox 1786 571 3343 659">
     <span class='ocr_line' id='line_1_21' title="bbox 1786 571 3343 659; baseline 0.013 -34"><span class='ocrx_word' id='word_1_151' title='bbox 1786 571 1911 625; x_wconf 83' lang='lat' dir='ltr'><strong>dam</strong></span> <span class='ocrx_word' id='word_1_152' title='bbox 1938 572 2202 629; x_wconf 85' lang='lat' dir='ltr'><strong>incestus.</strong></span> <span class='ocrx_word' id='word_1_153' title='bbox 2237 573 2293 628; x_wconf 90' lang='lat' dir='ltr'><strong>Si</strong></span> <span class='ocrx_word' id='word_1_154' title='bbox 2342 591 2471 631; x_wconf 83' lang='lat' dir='ltr'><strong>vero</strong></span> <span class='ocrx_word' id='word_1_155' title='bbox 2516 588 2642 648; x_wconf 87' lang='lat' dir='ltr'><strong>post</strong></span> <span class='ocrx_word' id='word_1_156' title='bbox 2686 580 2901 653; x_wconf 82' lang='lat' dir='ltr'><strong>triginta</strong></span> <span class='ocrx_word' id='word_1_157' title='bbox 2943 598 3137 651; x_wconf 87' lang='lat' dir='ltr'><strong>annos,</strong></span> <span class='ocrx_word' id='word_1_158' title='bbox 3173 601 3343 659; x_wconf 82' lang='lat' dir='ltr'><strong>usque</strong></span> 
     </span>
    </p>
   </div>
   <div class='ocr_carea' id='block_1_22' title="bbox 1786 662 3340 746">
    <p class='ocr_par' dir='ltr' id='par_1_22' title="bbox 1786 662 3340 746">
     <span class='ocr_line' id='line_1_22' title="bbox 1786 662 3340 746; baseline 0.012 -30"><span class='ocrx_word' id='word_1_159' title='bbox 1786 662 1853 717; x_wconf 92' lang='lat' dir='ltr'><strong>ad</strong></span> <span class='ocrx_word' id='word_1_160' title='bbox 1884 663 2100 719; x_wconf 89' lang='lat' dir='ltr'><strong>tertium</strong></span> <span class='ocrx_word' id='word_1_161' title='bbox 2130 674 2225 720; x_wconf 87' lang='lat' dir='ltr'><strong>aut</strong></span> <span class='ocrx_word' id='word_1_162' title='bbox 2251 676 2505 736; x_wconf 88' lang='lat' dir='ltr'><strong>quartum</strong></span> <span class='ocrx_word' id='word_1_163' title='bbox 2529 684 2731 725; x_wconf 88' lang='lat' dir='ltr'><strong>annum</strong></span> <span class='ocrx_word' id='word_1_164' title='bbox 2753 686 2925 743; x_wconf 65' lang='lat' dir='ltr'><strong>plenae</strong></span> <span class='ocrx_word' id='word_1_165' title='bbox 2961 688 3340 746; x_wconf 86' lang='lat' dir='ltr'><strong>prorogantnr.</strong></span> 
     </span>
    </p>
   </div>
   <div class='ocr_carea' id='block_1_23' title="bbox 1789 748 3345 842">
    <p class='ocr_par' dir='ltr' id='par_1_23' title="bbox 1789 748 3345 842">
     <span class='ocr_line' id='line_1_23' title="bbox 1789 748 3345 842; baseline 0.012 -32"><span class='ocrx_word' id='word_1_166' title='bbox 1789 748 1894 811; x_wconf 85' lang='lat' dir='ltr'><strong>Ubi</strong></span> <span class='ocrx_word' id='word_1_167' title='bbox 1919 769 2048 811; x_wconf 85' lang='lat' dir='ltr'><strong>vero</strong></span> <span class='ocrx_word' id='word_1_168' title='bbox 2069 756 2294 813; x_wconf 89' lang='lat' dir='ltr'><strong>interest</strong></span> <span class='ocrx_word' id='word_1_169' title='bbox 2320 760 2497 817; x_wconf 66' lang='lat' dir='ltr'><strong>cedes</strong></span> <span class='ocrx_word' id='word_1_170' title='bbox 2529 777 2634 818; x_wconf 79' lang='lat' dir='ltr'><strong>una</strong></span> <span class='ocrx_word' id='word_1_171' title='bbox 2662 773 2759 819; x_wconf 88' lang='lat' dir='ltr'><strong>aut</strong></span> <span class='ocrx_word' id='word_1_172' title='bbox 2785 766 2984 835; x_wconf 83' lang='lat' dir='ltr'><strong>plures,</strong></span> <span class='ocrx_word' id='word_1_173' title='bbox 3008 769 3092 825; x_wconf 87' lang='lat' dir='ltr'><strong>vel</strong></span> <span class='ocrx_word' id='word_1_174' title='bbox 3119 784 3345 842; x_wconf 77' lang='lat' dir='ltr'><strong>magno-</strong></span> 
     </span>
    </p>
   </div>
   <div class='ocr_carea' id='block_1_24' title="bbox 1785 848 3347 930">
    <p class='ocr_par' dir='ltr' id='par_1_24' title="bbox 1785 848 3347 930">
     <span class='ocr_line' id='line_1_24' title="bbox 1785 848 3347 930; baseline 0.011 -27"><span class='ocrx_word' id='word_1_175' title='bbox 1785 863 1909 904; x_wconf 87' lang='lat' dir='ltr'><strong>rum</strong></span> <span class='ocrx_word' id='word_1_176' title='bbox 1949 848 2275 906; x_wconf 73' lang='lat' dir='ltr'><strong>incestarum</strong></span> <span class='ocrx_word' id='word_1_177' title='bbox 2308 853 2548 924; x_wconf 82' lang='lat' dir='ltr'><strong>aliquod,</strong></span> <span class='ocrx_word' id='word_1_178' title='bbox 2601 855 2765 913; x_wconf 85' lang='lat' dir='ltr'><strong>veluti</strong></span> <span class='ocrx_word' id='word_1_179' title='bbox 2799 872 2923 914; x_wconf 91' lang='lat' dir='ltr'><strong>cum</strong></span> <span class='ocrx_word' id='word_1_180' title='bbox 2951 875 3206 930; x_wconf 85' lang='lat' dir='ltr'><strong>germana</strong></span> <span class='ocrx_word' id='word_1_181' title='bbox 3252 878 3347 920; x_wconf 85' lang='lat' dir='ltr'><strong>so-</strong></span> 
     </span>
    </p>
   </div>
   <div class='ocr_carea' id='block_1_25' title="bbox 1786 941 3350 1026">
    <p class='ocr_par' dir='ltr' id='par_1_25' title="bbox 1786 941 3350 1026">
     <span class='ocr_line' id='line_1_25' title="bbox 1786 941 3350 1026; baseline 0.012 -31"><span class='ocrx_word' id='word_1_182' title='bbox 1786 955 1930 1005; x_wconf 91' lang='lat' dir='ltr'><strong>rore,</strong></span> <span class='ocrx_word' id='word_1_183' title='bbox 1958 941 2040 995; x_wconf 90' lang='lat' dir='ltr'><strong>vel</strong></span> <span class='ocrx_word' id='word_1_184' title='bbox 2077 955 2251 1000; x_wconf 77' lang='lat' dir='ltr'><strong>uxore</strong></span> <span class='ocrx_word' id='word_1_185' title='bbox 2271 943 2389 1011; x_wconf 84' lang='lat' dir='ltr'><strong>lilii,</strong></span> <span class='ocrx_word' id='word_1_186' title='bbox 2425 945 2506 1002; x_wconf 91' lang='lat' dir='ltr'><strong>vel</strong></span> <span class='ocrx_word' id='word_1_187' title='bbox 2538 961 2712 1019; x_wconf 87' lang='lat' dir='ltr'><strong>usque</strong></span> <span class='ocrx_word' id='word_1_188' title='bbox 2736 947 2807 1004; x_wconf 88' lang='lat' dir='ltr'><strong>ad</strong></span> <span class='ocrx_word' id='word_1_189' title='bbox 2826 959 3083 1020; x_wconf 89' lang='lat' dir='ltr'><strong>quartum</strong></span> <span class='ocrx_word' id='word_1_190' title='bbox 3101 961 3158 1009; x_wconf 81' lang='lat' dir='ltr'><strong>et</strong></span> <span class='ocrx_word' id='word_1_191' title='bbox 3186 957 3350 1026; x_wconf 82' lang='lat' dir='ltr'><strong>quin-</strong></span> 
     </span>
    </p>
   </div>
   <div class='ocr_carea' id='block_1_26' title="bbox 1786 1031 3345 1115">
    <p class='ocr_par' dir='ltr' id='par_1_26' title="bbox 1786 1031 3345 1115">
     <span class='ocr_line' id='line_1_26' title="bbox 1786 1031 3345 1115; baseline 0.009 -28"><span class='ocrx_word' id='word_1_192' title='bbox 1786 1040 1926 1088; x_wconf 83' lang='lat' dir='ltr'><strong>tum.</strong></span> <span class='ocrx_word' id='word_1_193' title='bbox 1967 1031 2027 1088; x_wconf 87' lang='lat' dir='ltr'><strong>Si</strong></span> <span class='ocrx_word' id='word_1_194' title='bbox 2050 1048 2180 1088; x_wconf 91' lang='lat' dir='ltr'><strong>vero</strong></span> <span class='ocrx_word' id='word_1_195' title='bbox 2210 1033 2451 1104; x_wconf 81' lang='lat' dir='ltr'><strong>potiatur</strong></span> <span class='ocrx_word' id='word_1_196' title='bbox 2476 1047 2798 1106; x_wconf 88' lang='lat' dir='ltr'><strong>commatre,</strong></span> <span class='ocrx_word' id='word_1_197' title='bbox 2846 1050 2942 1094; x_wconf 86' lang='lat' dir='ltr'><strong>aut</strong></span> <span class='ocrx_word' id='word_1_198' title='bbox 2968 1040 3077 1097; x_wconf 86' lang='lat' dir='ltr'><strong>lilia</strong></span> <span class='ocrx_word' id='word_1_199' title='bbox 3101 1058 3264 1115; x_wconf 85' lang='lat' dir='ltr'><strong>quam</strong></span> <span class='ocrx_word' id='word_1_200' title='bbox 3290 1046 3345 1101; x_wconf 90' lang='lat' dir='ltr'><strong>in</strong></span> 
     </span>
    </p>
   </div>
   <div class='ocr_carea' id='block_1_27' title="bbox 1789 1123 3346 1207">
    <p class='ocr_par' dir='ltr' id='par_1_27' title="bbox 1789 1123 3346 1207">
     <span class='ocr_line' id='line_1_27' title="bbox 1789 1123 3346 1207; baseline 0.01 -29"><span class='ocrx_word' id='word_1_201' title='bbox 1789 1123 2063 1194; x_wconf 85' lang='lat' dir='ltr'><strong>baptismo</strong></span> <span class='ocrx_word' id='word_1_202' title='bbox 2118 1136 2454 1196; x_wconf 81' lang='lat' dir='ltr'><strong>susceperat,</strong></span> <span class='ocrx_word' id='word_1_203' title='bbox 2498 1139 2594 1185; x_wconf 89' lang='lat' dir='ltr'><strong>aut</strong></span> <span class='ocrx_word' id='word_1_204' title='bbox 2647 1132 2838 1189; x_wconf 79' lang='lat' dir='ltr'><strong>matris</strong></span> <span class='ocrx_word' id='word_1_205' title='bbox 2867 1132 3035 1203; x_wconf 85' lang='lat' dir='ltr'><strong>ejus,</strong></span> <span class='ocrx_word' id='word_1_206' title='bbox 3065 1149 3240 1207; x_wconf 87' lang='lat' dir='ltr'><strong>usque</strong></span> <span class='ocrx_word' id='word_1_207' title='bbox 3279 1139 3346 1193; x_wconf 84' lang='lat' dir='ltr'><strong>ad</strong></span> 
     </span>
    </p>
   </div>
   <div class='ocr_carea' id='block_1_28' title="bbox 1785 1217 3348 1297">
    <p class='ocr_par' dir='ltr' id='par_1_28' title="bbox 1785 1217 3348 1297">
     <span class='ocr_line' id='line_1_28' title="bbox 1785 1217 3348 1297; baseline 0.009 -26"><span class='ocrx_word' id='word_1_208' title='bbox 1785 1217 2036 1287; x_wconf 87' lang='lat' dir='ltr'><strong>quintum</strong></span> <span class='ocrx_word' id='word_1_209' title='bbox 2065 1227 2161 1274; x_wconf 90' lang='lat' dir='ltr'><strong>aut</strong></span> <span class='ocrx_word' id='word_1_210' title='bbox 2209 1226 2423 1274; x_wconf 81' lang='lat' dir='ltr'><strong>sextum</strong></span> <span class='ocrx_word' id='word_1_211' title='bbox 2473 1236 2698 1278; x_wconf 87' lang='lat' dir='ltr'><strong>annum.</strong></span> <span class='ocrx_word' id='word_1_212' title='bbox 2731 1222 2787 1278; x_wconf 90' lang='lat' dir='ltr'><strong>Si</strong></span> <span class='ocrx_word' id='word_1_213' title='bbox 2842 1239 2970 1281; x_wconf 83' lang='lat' dir='ltr'><strong>vero</strong></span> <span class='ocrx_word' id='word_1_214' title='bbox 2998 1227 3124 1297; x_wconf 90' lang='lat' dir='ltr'><strong>quis</strong></span> <span class='ocrx_word' id='word_1_215' title='bbox 3150 1242 3348 1285; x_wconf 79' lang='lat' dir='ltr'><strong>secun-</strong></span> 
     </span>
    </p>
   </div>
   <div class='ocr_carea' id='block_1_29' title="bbox 1784 1306 3349 1390">
    <p class='ocr_par' dir='ltr' id='par_1_29' title="bbox 1784 1306 3349 1390">
     <span class='ocr_line' id='line_1_29' title="bbox 1784 1306 3349 1390; baseline 0.011 -29"><span class='ocrx_word' id='word_1_216' title='bbox 1784 1306 1916 1362; x_wconf 87' lang='lat' dir='ltr'><strong>dum</strong></span> <span class='ocrx_word' id='word_1_217' title='bbox 1951 1316 2200 1363; x_wconf 82' lang='lat' dir='ltr'><strong>naturam</strong></span> <span class='ocrx_word' id='word_1_218' title='bbox 2233 1310 2495 1378; x_wconf 73' lang='lat' dir='ltr'><strong>peccavit,</strong></span> <span class='ocrx_word' id='word_1_219' title='bbox 2516 1328 2623 1367; x_wconf 91' lang='lat' dir='ltr'><strong>non</strong></span> <span class='ocrx_word' id='word_1_220' title='bbox 2642 1312 2832 1370; x_wconf 80' lang='lat' dir='ltr'><strong>incidit</strong></span> <span class='ocrx_word' id='word_1_221' title='bbox 2856 1325 3037 1372; x_wconf 82' lang='lat' dir='ltr'><strong>autem</strong></span> <span class='ocrx_word' id='word_1_222' title='bbox 3060 1317 3117 1374; x_wconf 86' lang='lat' dir='ltr'><strong>in</strong></span> <span class='ocrx_word' id='word_1_223' title='bbox 3133 1333 3199 1376; x_wconf 83' lang='lat' dir='ltr'><strong>ea</strong></span> <span class='ocrx_word' id='word_1_224' title='bbox 3227 1335 3349 1390; x_wconf 58' lang='lat' dir='ltr'><strong>qua</strong></span> 
     </span>
    </p>
   </div>
   <div class='ocr_carea' id='block_1_30' title="bbox 1786 1407 3350 1482">
    <p class='ocr_par' dir='ltr' id='par_1_30' title="bbox 1786 1407 3350 1482">
     <span class='ocr_line' id='line_1_30' title="bbox 1786 1407 3350 1482; baseline 0.01 -29"><span class='ocrx_word' id='word_1_225' title='bbox 1786 1411 1973 1454; x_wconf 84' lang='lat' dir='ltr'><strong>contra</strong></span> <span class='ocrx_word' id='word_1_226' title='bbox 2018 1411 2266 1457; x_wconf 84' lang='lat' dir='ltr'><strong>naturam</strong></span> <span class='ocrx_word' id='word_1_227' title='bbox 2317 1412 2480 1468; x_wconf 67' lang='lat' dir='ltr'><strong>sunt,</strong></span> <span class='ocrx_word' id='word_1_228' title='bbox 2516 1419 2691 1476; x_wconf 88' lang='lat' dir='ltr'><strong>neque</strong></span> <span class='ocrx_word' id='word_1_229' title='bbox 2736 1407 2791 1461; x_wconf 90' lang='lat' dir='ltr'><strong>in</strong></span> <span class='ocrx_word' id='word_1_230' title='bbox 2837 1408 3039 1465; x_wconf 84' lang='lat' dir='ltr'><strong>incesta</strong></span> <span class='ocrx_word' id='word_1_231' title='bbox 3072 1412 3258 1482; x_wconf 87' lang='lat' dir='ltr'><strong>qualia</strong></span> <span class='ocrx_word' id='word_1_232' title='bbox 3295 1426 3350 1468; x_wconf 90' lang='lat' dir='ltr'><strong>et</strong></span> 
     </span>
    </p>
   </div>
   <div class='ocr_carea' id='block_1_31' title="bbox 1787 1490 3345 1561">
    <p class='ocr_par' dir='ltr' id='par_1_31' title="bbox 1787 1490 3345 1561">
     <span class='ocr_line' id='line_1_31' title="bbox 1787 1490 3345 1561; baseline 0.01 -18"><span class='ocrx_word' id='word_1_233' title='bbox 1787 1501 2208 1560; x_wconf 86' lang='lat' dir='ltr'><strong>quantacunque</strong></span> <span class='ocrx_word' id='word_1_234' title='bbox 2227 1490 2450 1558; x_wconf 85' lang='lat' dir='ltr'><strong>fuerint,</strong></span> <span class='ocrx_word' id='word_1_235' title='bbox 2477 1511 2623 1553; x_wconf 86' lang='lat' dir='ltr'><strong>anno</strong></span> <span class='ocrx_word' id='word_1_236' title='bbox 2648 1512 2759 1554; x_wconf 88' lang='lat' dir='ltr'><strong>uno</strong></span> <span class='ocrx_word' id='word_1_237' title='bbox 2780 1509 2877 1556; x_wconf 87' lang='lat' dir='ltr'><strong>aut</strong></span> <span class='ocrx_word' id='word_1_238' title='bbox 2906 1500 3120 1558; x_wconf 82' lang='lat' dir='ltr'><strong>duobus</strong></span> <span class='ocrx_word' id='word_1_239' title='bbox 3138 1512 3345 1561; x_wconf 84' lang='lat' dir='ltr'><strong>tantum</strong></span> 
     </span>
    </p>
   </div>
   <div class='ocr_carea' id='block_1_32' title="bbox 1787 1583 3349 1666">
    <p class='ocr_par' dir='ltr' id='par_1_32' title="bbox 1787 1583 3349 1666">
     <span class='ocr_line' id='line_1_32' title="bbox 1787 1583 3349 1666; baseline 0.01 -28"><span class='ocrx_word' id='word_1_240' title='bbox 1787 1584 2065 1653; x_wconf 85' lang='lat' dir='ltr'><strong>puniatur.</strong></span> <span class='ocrx_word' id='word_1_241' title='bbox 2111 1583 2239 1640; x_wconf 72' lang='lat' dir='ltr'><strong>Ihec</strong></span> <span class='ocrx_word' id='word_1_242' title='bbox 2274 1587 2527 1657; x_wconf 83' lang='lat' dir='ltr'><strong>equidem</strong></span> <span class='ocrx_word' id='word_1_243' title='bbox 2558 1604 2689 1661; x_wconf 82' lang='lat' dir='ltr'><strong>erga</strong></span> <span class='ocrx_word' id='word_1_244' title='bbox 2727 1606 2822 1646; x_wconf 90' lang='lat' dir='ltr'><strong>eos</strong></span> <span class='ocrx_word' id='word_1_245' title='bbox 2853 1592 2947 1662; x_wconf 89' lang='lat' dir='ltr'><strong>qui</strong></span> <span class='ocrx_word' id='word_1_246' title='bbox 2995 1593 3082 1650; x_wconf 83' lang='lat' dir='ltr'><strong>his</strong></span> <span class='ocrx_word' id='word_1_247' title='bbox 3123 1595 3349 1666; x_wconf 81' lang='lat' dir='ltr'><strong>quibus-</strong></span> 
     </span>
    </p>
   </div>
   <div class='ocr_carea' id='block_1_33' title="bbox 1791 1675 3350 1754">
    <p class='ocr_par' dir='ltr' id='par_1_33' title="bbox 1791 1675 3350 1754">
     <span class='ocr_line' id='line_1_33' title="bbox 1791 1675 3350 1754; baseline 0.008 -24"><span class='ocrx_word' id='word_1_248' title='bbox 1791 1690 2013 1744; x_wconf 87' lang='lat' dir='ltr'><strong>cunque</strong></span> <span class='ocrx_word' id='word_1_249' title='bbox 2049 1675 2204 1731; x_wconf 88' lang='lat' dir='ltr'><strong>abusi</strong></span> <span class='ocrx_word' id='word_1_250' title='bbox 2235 1677 2454 1744; x_wconf 79' lang='lat' dir='ltr'><strong>fuerint,</strong></span> <span class='ocrx_word' id='word_1_251' title='bbox 2480 1679 2611 1735; x_wconf 86' lang='lat' dir='ltr'><strong>etin</strong></span> <span class='ocrx_word' id='word_1_252' title='bbox 2651 1681 2719 1737; x_wconf 90' lang='lat' dir='ltr'><strong>iis</strong></span> <span class='ocrx_word' id='word_1_253' title='bbox 2756 1685 2954 1754; x_wconf 65' lang='lat' dir='ltr'><strong>sapius</strong></span> <span class='ocrx_word' id='word_1_254' title='bbox 2981 1687 3050 1741; x_wconf 87' lang='lat' dir='ltr'><strong>ad</strong></span> <span class='ocrx_word' id='word_1_255' title='bbox 3099 1696 3350 1742; x_wconf 73' lang='lat' dir='ltr'><strong>senectu-</strong></span> 
     </span>
    </p>
   </div>
   <div class='ocr_carea' id='block_1_34' title="bbox 1788 1771 3348 1845">
    <p class='ocr_par' dir='ltr' id='par_1_34' title="bbox 1788 1771 3348 1845">
     <span class='ocr_line' id='line_1_34' title="bbox 1788 1771 3348 1845; baseline 0.009 -25"><span class='ocrx_word' id='word_1_256' title='bbox 1788 1776 1896 1822; x_wconf 83' lang='lat' dir='ltr'><strong>tem</strong></span> <span class='ocrx_word' id='word_1_257' title='bbox 1936 1783 2112 1838; x_wconf 85' lang='lat' dir='ltr'><strong>usque</strong></span> <span class='ocrx_word' id='word_1_258' title='bbox 2143 1771 2630 1840; x_wconf 73' lang='lat' dir='ltr'><strong>perseveraverint.</strong></span> <span class='ocrx_word' id='word_1_259' title='bbox 2653 1771 2727 1829; x_wconf 79' lang='lat' dir='ltr'><strong>At</strong></span> <span class='ocrx_word' id='word_1_260' title='bbox 2746 1774 2792 1831; x_wconf 92' lang='lat' dir='ltr'><strong>si</strong></span> <span class='ocrx_word' id='word_1_261' title='bbox 2820 1778 3007 1845; x_wconf 85' lang='lat' dir='ltr'><strong>semel,</strong></span> <span class='ocrx_word' id='word_1_262' title='bbox 3031 1778 3116 1835; x_wconf 90' lang='lat' dir='ltr'><strong>vel</strong></span> <span class='ocrx_word' id='word_1_263' title='bbox 3136 1778 3242 1844; x_wconf 84' lang='lat' dir='ltr'><strong>bis,</strong></span> <span class='ocrx_word' id='word_1_264' title='bbox 3266 1778 3348 1835; x_wconf 83' lang='lat' dir='ltr'><strong>vel</strong></span> 
     </span>
    </p>
   </div>
   <div class='ocr_carea' id='block_1_35' title="bbox 1716 1841 3347 1944">
    <p class='ocr_par' dir='ltr' id='par_1_35' title="bbox 1716 1841 3347 1944">
     <span class='ocr_line' id='line_1_35' title="bbox 1716 1841 3347 1944; baseline 0.009 -30"><span class='ocrx_word' id='word_1_265' title='bbox 1716 1841 1757 1897; x_wconf 63' lang='grc' dir='ltr'><strong><em>κ</em></strong></span> <span class='ocrx_word' id='word_1_266' title='bbox 1788 1871 1870 1916; x_wconf 87' lang='lat' dir='ltr'><strong>ter</strong></span> <span class='ocrx_word' id='word_1_267' title='bbox 1912 1862 1967 1917; x_wconf 89' lang='lat' dir='ltr'><strong>id</strong></span> <span class='ocrx_word' id='word_1_268' title='bbox 2010 1861 2263 1930; x_wconf 78' lang='lat' dir='ltr'><strong>fecerint,</strong></span> <span class='ocrx_word' id='word_1_269' title='bbox 2318 1872 2372 1920; x_wconf 88' lang='lat' dir='ltr'><strong>et</strong></span> <span class='ocrx_word' id='word_1_270' title='bbox 2406 1866 2744 1937; x_wconf 85' lang='lat' dir='ltr'><strong>destiterint,</strong></span> <span class='ocrx_word' id='word_1_271' title='bbox 2793 1841 3195 1944; x_wconf 82' lang='lat' dir='ltr'><strong>qualiacunque</strong></span> <span class='ocrx_word' id='word_1_272' title='bbox 3229 1841 3347 1930; x_wconf 80' lang='lat' dir='ltr'><strong>ista</strong></span> 
     </span>
    </p>
   </div>
   <div class='ocr_carea' id='block_1_36' title="bbox 117 1953 3350 2040">
    <p class='ocr_par' dir='ltr' id='par_1_36' title="bbox 117 1953 3350 2040">
     <span class='ocr_line' id='line_1_36' title="bbox 117 1953 3350 2040; baseline 0.004 -26"><span class='ocrx_word' id='word_1_273' title='bbox 117 1961 344 2023; x_wconf 77' lang='lat' dir='ltr'><strong>fuerint,</strong></span> <span class='ocrx_word' id='word_1_274' title='bbox 374 1975 581 2014; x_wconf 85' lang='lat' dir='ltr'><strong>annum</strong></span> <span class='ocrx_word' id='word_1_275' title='bbox 605 1970 794 2024; x_wconf 82' lang='lat' dir='ltr'><strong>umnn,</strong></span> <span class='ocrx_word' id='word_1_276' title='bbox 828 1959 911 2014; x_wconf 77' lang='lat' dir='ltr'><strong>vel</strong></span> <span class='ocrx_word' id='word_1_277' title='bbox 959 1956 1346 2028; x_wconf 81' lang='lat' dir='ltr'><strong>sesquiannum</strong></span> <span class='ocrx_word' id='word_1_278' title='bbox 1372 1954 1685 2027; x_wconf 84' lang='lat' dir='ltr'><strong>puniantur.</strong></span> <span class='ocrx_word' id='word_1_279' title='bbox 1722 1953 1779 2008; x_wconf 88' lang='lat' dir='ltr'><strong>Si</strong></span> <span class='ocrx_word' id='word_1_280' title='bbox 1814 1971 1940 2011; x_wconf 89' lang='lat' dir='ltr'><strong>vero</strong></span> <span class='ocrx_word' id='word_1_281' title='bbox 1964 1971 1994 2011; x_wconf 94' lang='lat' dir='ltr'><strong>a</strong></span> <span class='ocrx_word' id='word_1_282' title='bbox 2024 1958 2344 2014; x_wconf 82' lang='lat' dir='ltr'><strong>mulieribus</strong></span> <span class='ocrx_word' id='word_1_283' title='bbox 2398 1960 2628 2017; x_wconf 62' lang='lat' dir='ltr'><strong>diversa</strong></span> <span class='ocrx_word' id='word_1_284' title='bbox 2652 1963 2848 2026; x_wconf 64' lang='lat' dir='ltr'><strong>cades.</strong></span> <span class='ocrx_word' id='word_1_285' title='bbox 2903 1974 2963 2022; x_wconf 81' lang='lat' dir='ltr'><strong>et</strong></span> <span class='ocrx_word' id='word_1_286' title='bbox 2984 1969 3176 2040; x_wconf 74' lang='lat' dir='ltr'><strong>magiae</strong></span> <span class='ocrx_word' id='word_1_287' title='bbox 3195 1967 3350 2027; x_wconf 57' lang='lat' dir='ltr'><strong>iacta</strong></span> 
     </span>
    </p>
   </div>
   <div class='ocr_carea' id='block_1_37' title="bbox 110 2043 3349 2129">
    <p class='ocr_par' dir='ltr' id='par_1_37' title="bbox 110 2043 3349 2129">
     <span class='ocr_line' id='line_1_37' title="bbox 110 2043 3349 2129; baseline 0.004 -24"><span class='ocrx_word' id='word_1_288' title='bbox 110 2051 337 2115; x_wconf 75' lang='lat' dir='ltr'><strong>fuerint,</strong></span> <span class='ocrx_word' id='word_1_289' title='bbox 372 2060 431 2105; x_wconf 91' lang='lat' dir='ltr'><strong>et</strong></span> <span class='ocrx_word' id='word_1_290' title='bbox 462 2050 529 2106; x_wconf 80' lang='lat' dir='ltr'><strong>ad</strong></span> <span class='ocrx_word' id='word_1_291' title='bbox 567 2064 635 2105; x_wconf 87' lang='lat' dir='ltr'><strong>ea</strong></span> <span class='ocrx_word' id='word_1_292' title='bbox 669 2064 843 2120; x_wconf 91' lang='lat' dir='ltr'><strong>usque</strong></span> <span class='ocrx_word' id='word_1_293' title='bbox 888 2062 1011 2120; x_wconf 63' lang='lat' dir='ltr'><strong>qua</strong></span> <span class='ocrx_word' id='word_1_294' title='bbox 1051 2043 1239 2103; x_wconf 90' lang='lat' dir='ltr'><strong>contra</strong></span> <span class='ocrx_word' id='word_1_295' title='bbox 1265 2055 1514 2100; x_wconf 80' lang='lat' dir='ltr'><strong>naturam</strong></span> <span class='ocrx_word' id='word_1_296' title='bbox 1554 2055 1681 2101; x_wconf 89' lang='lat' dir='ltr'><strong>sunt</strong></span> <span class='ocrx_word' id='word_1_297' title='bbox 1719 2058 2016 2117; x_wconf 70' lang='lat' dir='ltr'><strong>progressae</strong></span> <span class='ocrx_word' id='word_1_298' title='bbox 2046 2047 2271 2112; x_wconf 86' lang='lat' dir='ltr'><strong>fuerint,</strong></span> <span class='ocrx_word' id='word_1_299' title='bbox 2335 2051 2725 2120; x_wconf 77' lang='lat' dir='ltr'><strong>protrahantur</strong></span> <span class='ocrx_word' id='word_1_300' title='bbox 2755 2071 2948 2111; x_wconf 88' lang='lat' dir='ltr'><strong>eorum</strong></span> <span class='ocrx_word' id='word_1_301' title='bbox 3015 2061 3349 2129; x_wconf 66' lang='lat' dir='ltr'><strong>paenitentia:</strong></span> 
     </span>
    </p>
   </div>
   <div class='ocr_carea' id='block_1_38' title="bbox 110 2140 1528 2216">
    <p class='ocr_par' dir='ltr' id='par_1_38' title="bbox 110 2140 1528 2216">
     <span class='ocr_line' id='line_1_38' title="bbox 110 2140 1528 2216; baseline 0 -18"><span class='ocrx_word' id='word_1_302' title='bbox 110 2147 175 2198; x_wconf 72' lang='lat' dir='ltr'><strong>ad</strong></span> <span class='ocrx_word' id='word_1_303' title='bbox 206 2160 412 2200; x_wconf 79' lang='lat' dir='ltr'><strong>annum</strong></span> <span class='ocrx_word' id='word_1_304' title='bbox 437 2158 613 2216; x_wconf 86' lang='lat' dir='ltr'><strong>usque</strong></span> <span class='ocrx_word' id='word_1_305' title='bbox 644 2154 895 2200; x_wconf 85' lang='lat' dir='ltr'><strong>octavum</strong></span> <span class='ocrx_word' id='word_1_306' title='bbox 922 2152 1017 2198; x_wconf 88' lang='lat' dir='ltr'><strong>aut</strong></span> <span class='ocrx_word' id='word_1_307' title='bbox 1042 2144 1205 2199; x_wconf 90' lang='lat' dir='ltr'><strong>etiam</strong></span> <span class='ocrx_word' id='word_1_308' title='bbox 1237 2140 1528 2198; x_wconf 86' lang='lat' dir='ltr'><strong>decimum.</strong></span> 
     </span>
    </p>
   </div>
   <div class='ocr_carea' id='block_1_39' title="bbox 181 2234 1683 2307">
    <p class='ocr_par' dir='ltr' id='par_1_39' title="bbox 181 2234 1683 2307">
     <span class='ocr_line' id='line_1_39' title="bbox 181 2234 1683 2307; baseline -0.001 -16"><span class='ocrx_word' id='word_1_309' title='bbox 181 2238 398 2303; x_wconf 82' lang='grc' dir='ltr'>Ταύτας</span> <span class='ocrx_word' id='word_1_310' title='bbox 427 2239 488 2293; x_wconf 83' lang='grc' dir='ltr'>δὲ</span> <span class='ocrx_word' id='word_1_311' title='bbox 518 2240 617 2303; x_wconf 75' lang='grc' dir='ltr'>τὰς</span> <span class='ocrx_word' id='word_1_312' title='bbox 640 2236 903 2307; x_wconf 67' lang='grc' dir='ltr'>διαφορὰς</span> <span class='ocrx_word' id='word_1_313' title='bbox 926 2239 1022 2292; x_wconf 79' lang='grc' dir='ltr'>καὶ</span> <span class='ocrx_word' id='word_1_314' title='bbox 1045 2237 1393 2307; x_wconf 73' lang='grc' dir='ltr'><strong>ἐπιτιμήσεις</strong></span> <span class='ocrx_word' id='word_1_315' title='bbox 1424 2236 1552 2307; x_wconf 74' lang='grc' dir='ltr'>περὶ</span> <span class='ocrx_word' id='word_1_316' title='bbox 1580 2234 1683 2304; x_wconf 80' lang='grc' dir='ltr'>τῆς</span> 
     </span>
    </p>
   </div>
   <div class='ocr_carea' id='block_1_40' title="bbox 114 2327 1683 2402">
    <p class='ocr_par' dir='ltr' id='par_1_40' title="bbox 114 2327 1683 2402">
     <span class='ocr_line' id='line_1_40' title="bbox 114 2327 1683 2402; baseline -0.002 -18"><span class='ocrx_word' id='word_1_317' title='bbox 114 2332 397 2395; x_wconf 72' lang='grc' dir='ltr'>κοινωνίας</span> <span class='ocrx_word' id='word_1_318' title='bbox 452 2330 726 2402; x_wconf 74' lang='grc' dir='ltr'>ὁρίζομεν·</span> <span class='ocrx_word' id='word_1_319' title='bbox 790 2330 1006 2383; x_wconf 78' lang='grc' dir='ltr'>πάντων</span> <span class='ocrx_word' id='word_1_320' title='bbox 1061 2328 1172 2398; x_wconf 83' lang='grc' dir='ltr'>γάρ</span> <span class='ocrx_word' id='word_1_321' title='bbox 1229 2329 1347 2383; x_wconf 71' lang='grc' dir='ltr'>ἔστι</span> <span class='ocrx_word' id='word_1_322' title='bbox 1384 2327 1683 2399; x_wconf 83' lang='grc' dir='ltr'>βαρύτερον</span> 
     </span>
    </p>
   </div>
   <div class='ocr_carea' id='block_1_41' title="bbox 114 2420 1683 2495">
    <p class='ocr_par' dir='ltr' id='par_1_41' title="bbox 114 2420 1683 2495">
     <span class='ocr_line' id='line_1_41' title="bbox 114 2420 1683 2495; baseline -0.002 -19"><span class='ocrx_word' id='word_1_323' title='bbox 114 2425 419 2495; x_wconf 69' lang='grc' dir='ltr'>ἁμάρτημα</span> <span class='ocrx_word' id='word_1_324' title='bbox 479 2422 543 2477; x_wconf 80' lang='grc' dir='ltr'>τὸ</span> <span class='ocrx_word' id='word_1_325' title='bbox 599 2420 833 2488; x_wconf 77' lang='grc' dir='ltr'><strong>ἀναξίως</strong></span> <span class='ocrx_word' id='word_1_326' title='bbox 878 2424 1175 2484; x_wconf 76' lang='grc' dir='ltr'>κοινωνεῖν,</span> <span class='ocrx_word' id='word_1_327' title='bbox 1215 2420 1245 2475; x_wconf 79' lang='grc' dir='ltr'><strong>δ</strong></span> <span class='ocrx_word' id='word_1_328' title='bbox 1291 2421 1389 2476; x_wconf 74' lang='grc' dir='ltr'>καὶ</span> <span class='ocrx_word' id='word_1_329' title='bbox 1439 2420 1683 2474; x_wconf 78' lang='grc' dir='ltr'>διέλαθεν</span> 
     </span>
    </p>
   </div>
   <div class='ocr_carea' id='block_1_42' title="bbox 114 2513 1684 2587">
    <p class='ocr_par' dir='ltr' id='par_1_42' title="bbox 114 2513 1684 2587">
     <span class='ocr_line' id='line_1_42' title="bbox 114 2513 1684 2587; baseline 0.001 -20"><span class='ocrx_word' id='word_1_330' title='bbox 114 2516 278 2585; x_wconf 69' lang='grc' dir='ltr'>ἡμᾶς.</span> <span class='ocrx_word' id='word_1_331' title='bbox 313 2513 656 2587; x_wconf 73' lang='grc' dir='ltr'>Ἐρωτᾶσθαι</span> <span class='ocrx_word' id='word_1_332' title='bbox 698 2515 780 2568; x_wconf 80' lang='grc' dir='ltr'>δεῖ</span> <span class='ocrx_word' id='word_1_333' title='bbox 820 2515 945 2578; x_wconf 76' lang='grc' dir='ltr'>τοὺς</span> <span class='ocrx_word' id='word_1_334' title='bbox 988 2513 1511 2587; x_wconf 77' lang='grc' dir='ltr'>ἑξομολογουμένους</span> <span class='ocrx_word' id='word_1_335' title='bbox 1544 2515 1684 2585; x_wconf 79' lang='grc' dir='ltr'>μετᾶ</span> 
     </span>
    </p>
   </div>
   <div class='ocr_carea' id='block_1_43' title="bbox 110 2607 1684 2678">
    <p class='ocr_par' dir='ltr' id='par_1_43' title="bbox 110 2607 1684 2678">
     <span class='ocr_line' id='line_1_43' title="bbox 110 2607 1684 2678; baseline 0.001 -18"><span class='ocrx_word' id='word_1_336' title='bbox 110 2608 208 2678; x_wconf 77' lang='grc' dir='ltr'>τὴν</span> <span class='ocrx_word' id='word_1_337' title='bbox 234 2607 460 2663; x_wconf 75' lang='grc' dir='ltr'>ἃπασαν</span> <span class='ocrx_word' id='word_1_338' title='bbox 498 2607 608 2661; x_wconf 78' lang='grc' dir='ltr'><strong>τῶν</strong></span> <span class='ocrx_word' id='word_1_339' title='bbox 639 2607 1051 2678; x_wconf 73' lang='grc' dir='ltr'><strong>ἁμαρτημάτων</strong></span> <span class='ocrx_word' id='word_1_340' title='bbox 1083 2608 1490 2677; x_wconf 75' lang='grc' dir='ltr'>ἐξομολόγησιν,</span> <span class='ocrx_word' id='word_1_341' title='bbox 1523 2609 1583 2659; x_wconf 75' lang='grc' dir='ltr'>τὸ</span> <span class='ocrx_word' id='word_1_342' title='bbox 1634 2610 1684 2661; x_wconf 82' lang='grc' dir='ltr'><strong>εί</strong></span> 
     </span>
    </p>
   </div>
   <div class='ocr_carea' id='block_1_44' title="bbox 113 2696 1684 2771">
    <p class='ocr_par' dir='ltr' id='par_1_44' title="bbox 113 2696 1684 2771">
     <span class='ocr_line' id='line_1_44' title="bbox 113 2696 1684 2771; baseline -0.001 -19"><span class='ocrx_word' id='word_1_343' title='bbox 113 2698 218 2770; x_wconf 78' lang='grc' dir='ltr'><strong>ἄρα</strong></span> <span class='ocrx_word' id='word_1_344' title='bbox 261 2699 334 2753; x_wconf 83' lang='grc' dir='ltr'><strong>τά</strong></span> <span class='ocrx_word' id='word_1_345' title='bbox 360 2697 933 2771; x_wconf 81' lang='grc' dir='ltr'>προεξομολογηῡέντα</span> <span class='ocrx_word' id='word_1_346' title='bbox 958 2697 1129 2751; x_wconf 87' lang='grc' dir='ltr'>ποιῶν</span> <span class='ocrx_word' id='word_1_347' title='bbox 1166 2696 1478 2761; x_wconf 65' lang='lat' dir='ltr'><strong>examinet;</strong></span> <span class='ocrx_word' id='word_1_348' title='bbox 1510 2697 1684 2768; x_wconf 83' lang='grc' dir='ltr'>Ὅπερ</span> 
     </span>
    </p>
   </div>
   <div class='ocr_carea' id='block_1_45' title="bbox 115 2789 1685 2865">
    <p class='ocr_par' dir='ltr' id='par_1_45' title="bbox 115 2789 1685 2865">
     <span class='ocr_line' id='line_1_45' title="bbox 115 2789 1685 2865; baseline -0.003 -19"><span class='ocrx_word' id='word_1_349' title='bbox 115 2792 207 2845; x_wconf 65' lang='grc' dir='ltr'><strong>ἐὰν</strong></span> <span class='ocrx_word' id='word_1_350' title='bbox 232 2792 385 2865; x_wconf 70' lang='grc' dir='ltr'>εἴπῃ,</span> <span class='ocrx_word' id='word_1_351' title='bbox 421 2792 529 2845; x_wconf 73' lang='grc' dir='ltr'><strong>Ναὶ</strong></span> <span class='ocrx_word' id='word_1_352' title='bbox 549 2790 904 2861; x_wconf 68' lang='grc' dir='ltr'>ἐκοινώνησα,</span> <span class='ocrx_word' id='word_1_353' title='bbox 935 2789 1029 2844; x_wconf 77' lang='grc' dir='ltr'>καὶ</span> <span class='ocrx_word' id='word_1_354' title='bbox 1056 2789 1161 2856; x_wconf 76' lang='grc' dir='ltr'>ἔξω</span> <span class='ocrx_word' id='word_1_355' title='bbox 1176 2789 1501 2860; x_wconf 72' lang='grc' dir='ltr'>Πασχαλίου,</span> <span class='ocrx_word' id='word_1_356' title='bbox 1524 2789 1685 2843; x_wconf 85' lang='grc' dir='ltr'>τοῦτο</span> 
     </span>
    </p>
   </div>
   <div class='ocr_carea' id='block_1_46' title="bbox 118 2875 1684 2954">
    <p class='ocr_par' dir='ltr' id='par_1_46' title="bbox 118 2875 1684 2954">
     <span class='ocr_line' id='line_1_46' title="bbox 118 2875 1684 2954; baseline 0 -21"><span class='ocrx_word' id='word_1_357' title='bbox 118 2882 293 2954; x_wconf 82' lang='grc' dir='ltr'>χεῖρον</span> <span class='ocrx_word' id='word_1_358' title='bbox 336 2881 560 2935; x_wconf 83' lang='grc' dir='ltr'>πάντων</span> <span class='ocrx_word' id='word_1_359' title='bbox 597 2877 686 2952; x_wconf 64' lang='grc' dir='ltr'>ἦν,</span> <span class='ocrx_word' id='word_1_360' title='bbox 713 2875 823 2934; x_wconf 79' lang='grc' dir='ltr'>οἷον</span> <span class='ocrx_word' id='word_1_361' title='bbox 862 2880 965 2934; x_wconf 83' lang='grc' dir='ltr'><strong>κάν</strong></span> <span class='ocrx_word' id='word_1_362' title='bbox 995 2879 1112 2931; x_wconf 68' lang='grc' dir='ltr'>ἑστι</span> <span class='ocrx_word' id='word_1_363' title='bbox 1140 2878 1249 2932; x_wconf 85' lang='grc' dir='ltr'>τῶν</span> <span class='ocrx_word' id='word_1_364' title='bbox 1289 2879 1588 2950; x_wconf 77' lang='grc' dir='ltr'><strong>ἐλαχίστων</strong></span> <span class='ocrx_word' id='word_1_365' title='bbox 1621 2880 1684 2933; x_wconf 80' lang='grc' dir='ltr'>τὸ</span> 
     </span>
    </p>
   </div>
   <div class='ocr_carea' id='block_1_47' title="bbox 116 2970 1684 3043">
    <p class='ocr_par' dir='ltr' id='par_1_47' title="bbox 116 2970 1684 3043">
     <span class='ocr_line' id='line_1_47' title="bbox 116 2970 1684 3043; baseline 0 -17"><span class='ocrx_word' id='word_1_366' title='bbox 116 2972 446 3043; x_wconf 78' lang='grc' dir='ltr'>ἁμάρτημα.</span> <span class='ocrx_word' id='word_1_367' title='bbox 495 2972 591 3026; x_wconf 72' lang='grc' dir='ltr'>καὶ</span> <span class='ocrx_word' id='word_1_368' title='bbox 639 2971 863 3025; x_wconf 77' lang='grc' dir='ltr'>πλείονα</span> <span class='ocrx_word' id='word_1_369' title='bbox 927 2971 1029 3043; x_wconf 77' lang='grc' dir='ltr'><strong>τὴν</strong></span> <span class='ocrx_word' id='word_1_370' title='bbox 1091 2970 1303 3039; x_wconf 69' lang='grc' dir='ltr'>ἀποχὴν</span> <span class='ocrx_word' id='word_1_371' title='bbox 1355 2971 1532 3024; x_wconf 82' lang='grc' dir='ltr'>ποιεῖν</span> <span class='ocrx_word' id='word_1_372' title='bbox 1583 2973 1684 3041; x_wconf 75' lang='grc' dir='ltr'>τῆς</span> 
     </span>
    </p>
   </div>
   <div class='ocr_carea' id='block_1_48' title="bbox 121 3065 721 3137">
    <p class='ocr_par' dir='ltr' id='par_1_48' title="bbox 121 3065 721 3137">
     <span class='ocr_line' id='line_1_48' title="bbox 121 3065 721 3137; baseline -0.005 -15"><span class='ocrx_word' id='word_1_373' title='bbox 121 3067 387 3137; x_wconf 75' lang='grc' dir='ltr'>ἁχράντου</span> <span class='ocrx_word' id='word_1_374' title='bbox 417 3065 721 3129; x_wconf 78' lang='grc' dir='ltr'>κοινωνίας.</span> 
     </span>
    </p>
   </div>
   <div class='ocr_carea' id='block_1_49' title="bbox 190 3152 1684 3229">
    <p class='ocr_par' dir='ltr' id='par_1_49' title="bbox 190 3152 1684 3229">
     <span class='ocr_line' id='line_1_49' title="bbox 190 3152 1684 3229; baseline -0.003 -19"><span class='ocrx_word' id='word_1_375' title='bbox 190 3158 318 3229; x_wconf 73' lang='grc' dir='ltr'><strong>Περὶ</strong></span> <span class='ocrx_word' id='word_1_376' title='bbox 365 3157 426 3210; x_wconf 78' lang='grc' dir='ltr'>δὲ</span> <span class='ocrx_word' id='word_1_377' title='bbox 458 3154 730 3227; x_wconf 17' lang='grc' dir='ltr'>βρώσεως,</span> <span class='ocrx_word' id='word_1_378' title='bbox 761 3157 855 3208; x_wconf 70' lang='grc' dir='ltr'>καὶ</span> <span class='ocrx_word' id='word_1_379' title='bbox 893 3153 1103 3217; x_wconf 69' lang='grc' dir='ltr'>πόσεως</span> <span class='ocrx_word' id='word_1_380' title='bbox 1133 3153 1210 3217; x_wconf 84' lang='grc' dir='ltr'>ὡς</span> <span class='ocrx_word' id='word_1_381' title='bbox 1256 3154 1489 3207; x_wconf 75' lang='grc' dir='ltr'><strong>ἑκάστου</strong></span> <span class='ocrx_word' id='word_1_382' title='bbox 1522 3152 1684 3222; x_wconf 73' lang='grc' dir='ltr'>φύσις</span> 
     </span>
    </p>
   </div>
   <div class='ocr_carea' id='block_1_50' title="bbox 120 3244 1685 3318">
    <p class='ocr_par' dir='ltr' id='par_1_50' title="bbox 120 3244 1685 3318">
     <span class='ocr_line' id='line_1_50' title="bbox 120 3244 1685 3318; baseline -0.004 -15"><span class='ocrx_word' id='word_1_383' title='bbox 120 3251 335 3305; x_wconf 85' lang='grc' dir='ltr'>δύναται</span> <span class='ocrx_word' id='word_1_384' title='bbox 368 3247 687 3318; x_wconf 76' lang='grc' dir='ltr'><strong>ὑποφέρειν,</strong></span> <span class='ocrx_word' id='word_1_385' title='bbox 714 3248 877 3317; x_wconf 72' lang='grc' dir='ltr'>ἡμεῖς</span> <span class='ocrx_word' id='word_1_386' title='bbox 910 3246 967 3300; x_wconf 78' lang='grc' dir='ltr'>δὲ</span> <span class='ocrx_word' id='word_1_387' title='bbox 992 3245 1088 3299; x_wconf 73' lang='grc' dir='ltr'>δύο</span> <span class='ocrx_word' id='word_1_388' title='bbox 1120 3246 1257 3309; x_wconf 78' lang='grc' dir='ltr'>τέως</span> <span class='ocrx_word' id='word_1_389' title='bbox 1279 3244 1544 3317; x_wconf 72' lang='grc' dir='ltr'>διαφοράς</span> <span class='ocrx_word' id='word_1_390' title='bbox 1565 3244 1685 3315; x_wconf 74' lang='grc' dir='ltr'>ἔχο-</span> 
     </span>
    </p>
   </div>
   <div class='ocr_carea' id='block_1_51' title="bbox 125 3336 1676 3412">
    <p class='ocr_par' dir='ltr' id='par_1_51' title="bbox 125 3336 1676 3412">
     <span class='ocr_line' id='line_1_51' title="bbox 125 3336 1676 3412; baseline -0.003 -16"><span class='ocrx_word' id='word_1_391' title='bbox 125 3360 239 3412; x_wconf 85' lang='grc' dir='ltr'>μεν,</span> <span class='ocrx_word' id='word_1_392' title='bbox 262 3342 319 3409; x_wconf 87' lang='grc' dir='ltr'>ἐξ</span> <span class='ocrx_word' id='word_1_393' title='bbox 340 3336 421 3396; x_wconf 81' lang='grc' dir='ltr'>ὧν</span> <span class='ocrx_word' id='word_1_394' title='bbox 454 3344 546 3394; x_wconf 73' lang='grc' dir='ltr'>καὶ</span> <span class='ocrx_word' id='word_1_395' title='bbox 573 3338 831 3410; x_wconf 83' lang='grc' dir='ltr'>ποιοῦμεν</span> <span class='ocrx_word' id='word_1_396' title='bbox 856 3340 951 3392; x_wconf 70' lang='grc' dir='ltr'>καὶ</span> <span class='ocrx_word' id='word_1_397' title='bbox 976 3338 1190 3408; x_wconf 79' lang='grc' dir='ltr'>δίδομεν</span> <span class='ocrx_word' id='word_1_398' title='bbox 1212 3339 1470 3410; x_wconf 78' lang='grc' dir='ltr'>τοῖςήμίν</span> <span class='ocrx_word' id='word_1_399' title='bbox 1482 3338 1676 3407; x_wconf 72' lang='grc' dir='ltr'>ἐξομο-</span> 
     </span>
    </p>
   </div>
   <div class='ocr_carea' id='block_1_52' title="bbox 120 3426 1685 3504">
    <p class='ocr_par' dir='ltr' id='par_1_52' title="bbox 120 3426 1685 3504">
     <span class='ocr_line' id='line_1_52' title="bbox 120 3426 1685 3504; baseline -0.004 -18"><span class='ocrx_word' id='word_1_400' title='bbox 120 3434 460 3504; x_wconf 81' lang='grc' dir='ltr'>λογουμένοις</span> <span class='ocrx_word' id='word_1_401' title='bbox 486 3427 573 3484; x_wconf 78' lang='grc' dir='ltr'>οἷα</span> <span class='ocrx_word' id='word_1_402' title='bbox 603 3428 706 3484; x_wconf 80' lang='grc' dir='ltr'>κᾶν</span> <span class='ocrx_word' id='word_1_403' title='bbox 730 3430 837 3482; x_wconf 74' lang='lat' dir='ltr'><strong>sint</strong></span> <span class='ocrx_word' id='word_1_404' title='bbox 868 3426 1341 3498; x_wconf 72' lang='grc' dir='ltr'>τάάμαρτήματα</span> <span class='ocrx_word' id='word_1_405' title='bbox 1369 3427 1464 3481; x_wconf 67' lang='grc' dir='ltr'><strong>καλ⁵</strong></span> <span class='ocrx_word' id='word_1_406' title='bbox 1491 3427 1551 3481; x_wconf 69' lang='grc' dir='ltr'>ἐν</span> <span class='ocrx_word' id='word_1_407' title='bbox 1571 3426 1685 3490; x_wconf 81' lang='grc' dir='ltr'>τοῖς</span> 
     </span>
    </p>
   </div>
   <div class='ocr_carea' id='block_1_53' title="bbox 1855 2228 3347 2305">
    <p class='ocr_par' dir='ltr' id='par_1_53' title="bbox 1855 2228 3347 2305">
     <span class='ocr_line' id='line_1_53' title="bbox 1855 2228 3347 2305; baseline 0.011 -19"><span class='ocrx_word' id='word_1_408' title='bbox 1855 2228 1967 2286; x_wconf 83' lang='lat' dir='ltr'><strong>Has</strong></span> <span class='ocrx_word' id='word_1_409' title='bbox 2014 2232 2429 2304; x_wconf 84' lang='lat' dir='ltr'><strong>castigationum</strong></span> <span class='ocrx_word' id='word_1_410' title='bbox 2478 2233 2809 2305; x_wconf 69' lang='lat' dir='ltr'><strong>differentias</strong></span> <span class='ocrx_word' id='word_1_411' title='bbox 2849 2239 2918 2294; x_wconf 90' lang='lat' dir='ltr'><strong>de</strong></span> <span class='ocrx_word' id='word_1_412' title='bbox 2958 2244 3347 2303; x_wconf 82' lang='lat' dir='ltr'><strong>communione</strong></span> 
     </span>
    </p>
   </div>
   <div class='ocr_carea' id='block_1_54' title="bbox 1780 2324 3350 2403">
    <p class='ocr_par' dir='ltr' id='par_1_54' title="bbox 1780 2324 3350 2403">
     <span class='ocr_line' id='line_1_54' title="bbox 1780 2324 3350 2403; baseline 0.01 -24"><span class='ocrx_word' id='word_1_413' title='bbox 1780 2324 2072 2379; x_wconf 73' lang='lat' dir='ltr'><strong>definimus</strong></span> <span class='ocrx_word' id='word_1_414' title='bbox 2123 2341 2137 2378; x_wconf 88' lang='lat'><strong>:</strong></span> <span class='ocrx_word' id='word_1_415' title='bbox 2185 2324 2430 2380; x_wconf 90' lang='lat' dir='ltr'><strong>omnium</strong></span> <span class='ocrx_word' id='word_1_416' title='bbox 2480 2336 2824 2396; x_wconf 80' lang='lat' dir='ltr'><strong>peccatorum</strong></span> <span class='ocrx_word' id='word_1_417' title='bbox 2852 2333 3233 2403; x_wconf 86' lang='lat' dir='ltr'><strong>gravissimum</strong></span> <span class='ocrx_word' id='word_1_418' title='bbox 3264 2349 3350 2394; x_wconf 74' lang='lat' dir='ltr'><strong>est</strong></span> 
     </span>
    </p>
   </div>
   <div class='ocr_carea' id='block_1_55' title="bbox 1781 2415 3350 2501">
    <p class='ocr_par' dir='ltr' id='par_1_55' title="bbox 1781 2415 3350 2501">
     <span class='ocr_line' id='line_1_55' title="bbox 1781 2415 3350 2501; baseline 0.003 -32"><span class='ocrx_word' id='word_1_419' title='bbox 1781 2415 1998 2485; x_wconf 89' lang='lat' dir='ltr'><strong>indigne</strong></span> <span class='ocrx_word' id='word_1_420' title='bbox 2011 2416 2436 2482; x_wconf 82' lang='lat' dir='ltr'><strong>communicare,</strong></span> <span class='ocrx_word' id='word_1_421' title='bbox 2452 2419 2595 2488; x_wconf 80' lang='lat' dir='ltr'><strong>quod</strong></span> <span class='ocrx_word' id='word_1_422' title='bbox 2617 2434 2718 2476; x_wconf 90' lang='lat' dir='ltr'><strong>nos</strong></span> <span class='ocrx_word' id='word_1_423' title='bbox 2735 2420 3013 2501; x_wconf 79' lang='lat' dir='ltr'><strong>eﬂ&#39;ugerat.</strong></span> <span class='ocrx_word' id='word_1_424' title='bbox 3045 2425 3350 2500; x_wconf 70' lang='lat' dir='ltr'><strong>Interroga-</strong></span> 
     </span>
    </p>
   </div>
   <div class='ocr_carea' id='block_1_56' title="bbox 1783 2508 3347 2588">
    <p class='ocr_par' dir='ltr' id='par_1_56' title="bbox 1783 2508 3347 2588">
     <span class='ocr_line' id='line_1_56' title="bbox 1783 2508 3347 2588; baseline 0.013 -29"><span class='ocrx_word' id='word_1_425' title='bbox 1783 2521 1843 2561; x_wconf 89' lang='lat' dir='ltr'><strong>re</strong></span> <span class='ocrx_word' id='word_1_426' title='bbox 1863 2508 2027 2576; x_wconf 78' lang='lat' dir='ltr'><strong>igitur</strong></span> <span class='ocrx_word' id='word_1_427' title='bbox 2042 2515 2254 2577; x_wconf 85' lang='lat' dir='ltr'><strong>oportet</strong></span> <span class='ocrx_word' id='word_1_428' title='bbox 2270 2508 2586 2565; x_wconf 78' lang='lat' dir='ltr'><strong>conﬁtentes</strong></span> <span class='ocrx_word' id='word_1_429' title='bbox 2603 2526 2722 2581; x_wconf 89' lang='lat' dir='ltr'><strong>post</strong></span> <span class='ocrx_word' id='word_1_430' title='bbox 2737 2524 2985 2571; x_wconf 77' lang='lat' dir='ltr'><strong>exactam</strong></span> <span class='ocrx_word' id='word_1_431' title='bbox 3004 2529 3347 2588; x_wconf 77' lang='lat' dir='ltr'><strong>peccamrum</strong></span> 
     </span>
    </p>
   </div>
   <div class='ocr_carea' id='block_1_57' title="bbox 1780 2598 3349 2686">
    <p class='ocr_par' dir='ltr' id='par_1_57' title="bbox 1780 2598 3349 2686">
     <span class='ocr_line' id='line_1_57' title="bbox 1780 2598 3349 2686; baseline 0.011 -33"><span class='ocrx_word' id='word_1_432' title='bbox 1780 2598 2199 2660; x_wconf 67' lang='lat' dir='ltr'><strong>confessionem,</strong></span> <span class='ocrx_word' id='word_1_433' title='bbox 2232 2601 2498 2671; x_wconf 90' lang='lat' dir='ltr'><strong>nunquid,</strong></span> <span class='ocrx_word' id='word_1_434' title='bbox 2518 2617 2642 2658; x_wconf 89' lang='lat' dir='ltr'><strong>cum</strong></span> <span class='ocrx_word' id='word_1_435' title='bbox 2668 2607 2854 2662; x_wconf 90' lang='lat' dir='ltr'><strong>omnia</strong></span> <span class='ocrx_word' id='word_1_436' title='bbox 2885 2610 3138 2668; x_wconf 85' lang='lat' dir='ltr'><strong>confessa</strong></span> <span class='ocrx_word' id='word_1_437' title='bbox 3156 2629 3290 2686; x_wconf 89' lang='lat' dir='ltr'><strong>perp</strong></span> <span class='ocrx_word' id='word_1_438' title='bbox 3309 2638 3349 2657; x_wconf 84' lang='lat'><strong>~-</strong></span> 
     </span>
    </p>
   </div>
   <div class='ocr_carea' id='block_1_58' title="bbox 1782 2692 3351 2763">
    <p class='ocr_par' dir='ltr' id='par_1_58' title="bbox 1782 2692 3351 2763">
     <span class='ocr_line' id='line_1_58' title="bbox 1782 2692 3351 2763; baseline 0.013 -20"><span class='ocrx_word' id='word_1_439' title='bbox 1782 2697 2000 2755; x_wconf 84' lang='lat' dir='ltr'><strong>lrasset,</strong></span> <span class='ocrx_word' id='word_1_440' title='bbox 2048 2693 2493 2748; x_wconf 79' lang='lat' dir='ltr'><strong>communicavit.</strong></span> <span class='ocrx_word' id='word_1_441' title='bbox 2515 2692 2674 2761; x_wconf 84' lang='lat' dir='ltr'><strong>Quod</strong></span> <span class='ocrx_word' id='word_1_442' title='bbox 2702 2697 2748 2754; x_wconf 87' lang='lat' dir='ltr'><strong>si</strong></span> <span class='ocrx_word' id='word_1_443' title='bbox 2788 2699 2987 2758; x_wconf 78' lang='lat' dir='ltr'><strong>dixerit</strong></span> <span class='ocrx_word' id='word_1_444' title='bbox 3028 2722 3043 2759; x_wconf 91' lang='lat'><strong>:</strong></span> <span class='ocrx_word' id='word_1_445' title='bbox 3094 2703 3172 2761; x_wconf 90' lang='lat' dir='ltr'><strong>lta</strong></span> <span class='ocrx_word' id='word_1_446' title='bbox 3198 2721 3351 2763; x_wconf 90' lang='lat' dir='ltr'><strong>com-</strong></span> 
     </span>
    </p>
   </div>
   <div class='ocr_carea' id='block_1_59' title="bbox 1781 2782 3347 2862">
    <p class='ocr_par' dir='ltr' id='par_1_59' title="bbox 1781 2782 3347 2862">
     <span class='ocr_line' id='line_1_59' title="bbox 1781 2782 3347 2862; baseline 0.011 -25"><span class='ocrx_word' id='word_1_447' title='bbox 1781 2782 2078 2847; x_wconf 87' lang='lat' dir='ltr'><strong>municavi,</strong></span> <span class='ocrx_word' id='word_1_448' title='bbox 2102 2792 2160 2838; x_wconf 89' lang='lat' dir='ltr'><strong>et</strong></span> <span class='ocrx_word' id='word_1_449' title='bbox 2180 2793 2332 2839; x_wconf 79' lang='lat' dir='ltr'><strong>extra</strong></span> <span class='ocrx_word' id='word_1_450' title='bbox 2361 2784 2644 2843; x_wconf 87' lang='lat' dir='ltr'><strong>Pascbatis</strong></span> <span class='ocrx_word' id='word_1_451' title='bbox 2673 2798 2925 2862; x_wconf 84' lang='lat' dir='ltr'><strong>tempus;</strong></span> <span class='ocrx_word' id='word_1_452' title='bbox 2965 2796 3071 2852; x_wconf 83' lang='lat' dir='ltr'><strong>hoc</strong></span> <span class='ocrx_word' id='word_1_453' title='bbox 3101 2799 3347 2855; x_wconf 83' lang='lat' dir='ltr'><strong>omnium</strong></span> 
     </span>
    </p>
   </div>
   <div class='ocr_carea' id='block_1_60' title="bbox 1783 2870 3347 2956">
    <p class='ocr_par' dir='ltr' id='par_1_60' title="bbox 1783 2870 3347 2956">
     <span class='ocr_line' id='line_1_60' title="bbox 1783 2870 3347 2956; baseline 0.015 -33"><span class='ocrx_word' id='word_1_454' title='bbox 1783 2871 1943 2941; x_wconf 71' lang='lat' dir='ltr'><strong>pejus</strong></span> <span class='ocrx_word' id='word_1_455' title='bbox 1964 2881 2068 2938; x_wconf 90' lang='lat' dir='ltr'><strong>est,</strong></span> <span class='ocrx_word' id='word_1_456' title='bbox 2098 2870 2224 2926; x_wconf 85' lang='lat' dir='ltr'><strong>licet</strong></span> <span class='ocrx_word' id='word_1_457' title='bbox 2259 2873 2314 2928; x_wconf 91' lang='lat' dir='ltr'><strong>in</strong></span> <span class='ocrx_word' id='word_1_458' title='bbox 2350 2874 2592 2931; x_wconf 85' lang='lat' dir='ltr'><strong>minimis</strong></span> <span class='ocrx_word' id='word_1_459' title='bbox 2627 2882 2864 2948; x_wconf 88' lang='lat' dir='ltr'><strong>peccatis</strong></span> <span class='ocrx_word' id='word_1_460' title='bbox 2889 2885 3194 2956; x_wconf 78' lang='lat' dir='ltr'><strong>contigerit,</strong></span> <span class='ocrx_word' id='word_1_461' title='bbox 3214 2903 3347 2944; x_wconf 75' lang='lat' dir='ltr'><strong>nte-</strong></span> 
     </span>
    </p>
   </div>
   <div class='ocr_carea' id='block_1_61' title="bbox 1783 2963 3349 3036">
    <p class='ocr_par' dir='ltr' id='par_1_61' title="bbox 1783 2963 3349 3036">
     <span class='ocr_line' id='line_1_61' title="bbox 1783 2963 3349 3036; baseline 0.012 -19"><span class='ocrx_word' id='word_1_462' title='bbox 1783 2972 2045 3032; x_wconf 84' lang='lat' dir='ltr'><strong>relurque</strong></span> <span class='ocrx_word' id='word_1_463' title='bbox 2101 2963 2501 3021; x_wconf 86' lang='lat' dir='ltr'><strong>diuturniorem</strong></span> <span class='ocrx_word' id='word_1_464' title='bbox 2540 2967 2904 3028; x_wconf 58' lang='lat' dir='ltr'><strong>immaculata»</strong></span> <span class='ocrx_word' id='word_1_465' title='bbox 2943 2978 3349 3036; x_wconf 77' lang='lat' dir='ltr'><strong>communionis</strong></span> 
     </span>
    </p>
   </div>
   <div class='ocr_carea' id='block_1_62' title="bbox 1783 3052 2192 3111">
    <p class='ocr_par' dir='ltr' id='par_1_62' title="bbox 1783 3052 2192 3111">
     <span class='ocr_line' id='line_1_62' title="bbox 1783 3052 2192 3111; baseline 0.012 -5"><span class='ocrx_word' id='word_1_466' title='bbox 1783 3052 2192 3111; x_wconf 84' lang='lat' dir='ltr'><strong>abstinentiam.</strong></span> 
     </span>
    </p>
   </div>
   <div class='ocr_carea' id='block_1_63' title="bbox 1854 3142 3345 3227">
    <p class='ocr_par' dir='ltr' id='par_1_63' title="bbox 1854 3142 3345 3227">
     <span class='ocr_line' id='line_1_63' title="bbox 1854 3142 3345 3227; baseline 0.015 -30"><span class='ocrx_word' id='word_1_467' title='bbox 1854 3142 2009 3210; x_wconf 84' lang='lat' dir='ltr'><strong>Quod</strong></span> <span class='ocrx_word' id='word_1_468' title='bbox 2040 3144 2109 3198; x_wconf 87' lang='lat' dir='ltr'><strong>ad</strong></span> <span class='ocrx_word' id='word_1_469' title='bbox 2137 3145 2242 3201; x_wconf 89' lang='lat' dir='ltr'><strong>cibi</strong></span> <span class='ocrx_word' id='word_1_470' title='bbox 2271 3155 2545 3220; x_wconf 85' lang='lat' dir='ltr'><strong>potusque</strong></span> <span class='ocrx_word' id='word_1_471' title='bbox 2573 3151 2955 3211; x_wconf 88' lang='lat' dir='ltr'><strong>abstinentiam</strong></span> <span class='ocrx_word' id='word_1_472' title='bbox 2993 3159 3207 3227; x_wconf 86' lang='lat' dir='ltr'><strong>attinet,</strong></span> <span class='ocrx_word' id='word_1_473' title='bbox 3238 3162 3345 3219; x_wconf 87' lang='lat' dir='ltr'><strong>im-</strong></span> 
     </span>
    </p>
   </div>
   <div class='ocr_carea' id='block_1_64' title="bbox 1782 3236 3346 3328">
    <p class='ocr_par' dir='ltr' id='par_1_64' title="bbox 1782 3236 3346 3328">
     <span class='ocr_line' id='line_1_64' title="bbox 1782 3236 3346 3328; baseline 0.013 -38"><span class='ocrx_word' id='word_1_474' title='bbox 1782 3236 2020 3328; x_wconf 80' lang='lat' dir='ltr'><strong>peranda</strong></span> <span class='ocrx_word' id='word_1_475' title='bbox 2052 3245 2134 3293; x_wconf 89' lang='lat' dir='ltr'><strong>est</strong></span> <span class='ocrx_word' id='word_1_476' title='bbox 2167 3247 2328 3308; x_wconf 91' lang='lat' dir='ltr'><strong>prout</strong></span> <span class='ocrx_word' id='word_1_477' title='bbox 2357 3242 2789 3317; x_wconf 82' lang='lat' dir='ltr'><strong>uniuscujusque</strong></span> <span class='ocrx_word' id='word_1_478' title='bbox 2844 3258 3037 3308; x_wconf 86' lang='lat' dir='ltr'><strong>natura</strong></span> <span class='ocrx_word' id='word_1_479' title='bbox 3072 3252 3218 3310; x_wconf 88' lang='lat' dir='ltr'><strong>ferre</strong></span> <span class='ocrx_word' id='word_1_480' title='bbox 3246 3272 3346 3328; x_wconf 84' lang='lat' dir='ltr'><strong>pu-</strong></span> 
     </span>
    </p>
   </div>
   <div class='ocr_carea' id='block_1_65' title="bbox 1782 3327 3346 3415">
    <p class='ocr_par' dir='ltr' id='par_1_65' title="bbox 1782 3327 3346 3415">
     <span class='ocr_line' id='line_1_65' title="bbox 1782 3327 3346 3415; baseline 0.014 -32"><span class='ocrx_word' id='word_1_481' title='bbox 1782 3335 1908 3384; x_wconf 80' lang='lat' dir='ltr'><strong>test.</strong></span> <span class='ocrx_word' id='word_1_482' title='bbox 1933 3327 2046 3385; x_wconf 85' lang='lat' dir='ltr'><strong>Nos</strong></span> <span class='ocrx_word' id='word_1_483' title='bbox 2065 3344 2193 3384; x_wconf 88' lang='lat' dir='ltr'><strong>vero</strong></span> <span class='ocrx_word' id='word_1_484' title='bbox 2211 3330 2425 3389; x_wconf 85' lang='lat' dir='ltr'><strong>interim</strong></span> <span class='ocrx_word' id='word_1_485' title='bbox 2439 3334 2578 3390; x_wconf 83' lang='lat' dir='ltr'><strong>duas</strong></span> <span class='ocrx_word' id='word_1_486' title='bbox 2592 3336 2923 3396; x_wconf 77' lang='lat' dir='ltr'><strong>dm‘ereutias</strong></span> <span class='ocrx_word' id='word_1_487' title='bbox 2941 3327 3346 3415; x_wconf 78' lang='lat' dir='ltr'><strong>constituimus,</strong></span> 
     </span>
    </p>
   </div>
   <div class='ocr_carea' id='block_1_66' title="bbox 1786 3421 3349 3500">
    <p class='ocr_par' dir='ltr' id='par_1_66' title="bbox 1786 3421 3349 3500">
     <span class='ocr_line' id='line_1_66' title="bbox 1786 3421 3349 3500; baseline 0.015 -24"><span class='ocrx_word' id='word_1_488' title='bbox 1786 3421 2083 3477; x_wconf 87' lang='lat' dir='ltr'><strong>secundum</strong></span> <span class='ocrx_word' id='word_1_489' title='bbox 2112 3438 2249 3491; x_wconf 87' lang='lat' dir='ltr'><strong>quas</strong></span> <span class='ocrx_word' id='word_1_490' title='bbox 2289 3425 2524 3496; x_wconf 83' lang='lat' dir='ltr'><strong>agimus,</strong></span> <span class='ocrx_word' id='word_1_491' title='bbox 2558 3437 2614 3483; x_wconf 87' lang='lat' dir='ltr'><strong>et</strong></span> <span class='ocrx_word' id='word_1_492' title='bbox 2645 3435 3016 3500; x_wconf 71' lang='lat' dir='ltr'><strong>pmmtentiam</strong></span> <span class='ocrx_word' id='word_1_493' title='bbox 3048 3439 3242 3497; x_wconf 65' lang='lat' dir='ltr'><strong>«lamus</strong></span> <span class='ocrx_word' id='word_1_494' title='bbox 3279 3443 3349 3499; x_wconf 90' lang='lat' dir='ltr'><strong>iis</strong></span> 
     </span>
    </p>
   </div>
   <div class='ocr_carea' id='block_1_67' title="bbox 127 3516 1683 3594">
    <p class='ocr_par' dir='ltr' id='par_1_67' title="bbox 127 3517 1683 3594">
     <span class='ocr_line' id='line_1_67' title="bbox 127 3517 1683 3594; baseline -0.003 -18"><span class='ocrx_word' id='word_1_495' title='bbox 127 3526 369 3594; x_wconf 76' lang='grc' dir='ltr'>μεγάλως</span> <span class='ocrx_word' id='word_1_496' title='bbox 418 3522 513 3577; x_wconf 76' lang='grc' dir='ltr'>καὶ</span> <span class='ocrx_word' id='word_1_497' title='bbox 560 3520 771 3593; x_wconf 81' lang='grc' dir='ltr'>μικρῶς</span> <span class='ocrx_word' id='word_1_498' title='bbox 803 3519 1168 3591; x_wconf 76' lang='grc' dir='ltr'>ἡμαρτηκόσι.</span> <span class='ocrx_word' id='word_1_499' title='bbox 1198 3517 1539 3589; x_wconf 80' lang='grc' dir='ltr'>Προείπομεν</span> <span class='ocrx_word' id='word_1_500' title='bbox 1574 3518 1683 3585; x_wconf 83' lang='grc' dir='ltr'>γάρ</span> 
     </span>
    </p>
   </div>
   <div class='ocr_carea' id='block_1_68' title="bbox 1783 3516 3350 3594">
    <p class='ocr_par' dir='ltr' id='par_1_68' title="bbox 1788 3516 3350 3594">
     <span class='ocr_line' id='line_1_68' title="bbox 1788 3516 3350 3594; baseline 0.014 -28"><span class='ocrx_word' id='word_1_501' title='bbox 1788 3516 1880 3581; x_wconf 85' lang='lat' dir='ltr'><strong>qui</strong></span> <span class='ocrx_word' id='word_1_502' title='bbox 1914 3523 2132 3584; x_wconf 82' lang='lat' dir='ltr'><strong>peccata</strong></span> <span class='ocrx_word' id='word_1_503' title='bbox 2149 3531 2246 3571; x_wconf 89' lang='lat' dir='ltr'><strong>sua</strong></span> <span class='ocrx_word' id='word_1_504' title='bbox 2268 3519 2669 3589; x_wconf 85' lang='lat' dir='ltr'><strong>qualiacunque</strong></span> <span class='ocrx_word' id='word_1_505' title='bbox 2692 3521 2816 3579; x_wconf 77' lang='lat' dir='ltr'><strong>sint.</strong></span> <span class='ocrx_word' id='word_1_506' title='bbox 2848 3526 2963 3581; x_wconf 83' lang='lat' dir='ltr'><strong>sive</strong></span> <span class='ocrx_word' id='word_1_507' title='bbox 2990 3542 3204 3594; x_wconf 79' lang='lat' dir='ltr'><strong>multa,</strong></span> <span class='ocrx_word' id='word_1_508' title='bbox 3233 3531 3350 3588; x_wconf 89' lang='lat' dir='ltr'><strong>sive</strong></span> 
     </span>
    </p>
   </div>
   <div class='ocr_carea' id='block_1_69' title="bbox 120 3609 1684 3685">
    <p class='ocr_par' dir='ltr' id='par_1_69' title="bbox 120 3609 1684 3685">
     <span class='ocr_line' id='line_1_69' title="bbox 120 3609 1684 3685; baseline -0.006 -12"><span class='ocrx_word' id='word_1_509' title='bbox 120 3620 199 3673; x_wconf 77' lang='grc' dir='ltr'><strong>ὅτι</strong></span> <span class='ocrx_word' id='word_1_510' title='bbox 234 3618 291 3668; x_wconf 77' lang='grc' dir='ltr'>ἐν</span> <span class='ocrx_word' id='word_1_511' title='bbox 325 3621 438 3679; x_wconf 74' lang='grc' dir='ltr'>τοῖς</span> <span class='ocrx_word' id='word_1_512' title='bbox 468 3612 978 3685; x_wconf 69' lang='grc' dir='ltr'>ἐξομολογουμένοις</span> <span class='ocrx_word' id='word_1_513' title='bbox 1006 3611 1124 3665; x_wconf 70' lang='grc' dir='ltr'>ἐστὶ</span> <span class='ocrx_word' id='word_1_514' title='bbox 1154 3611 1248 3665; x_wconf 77' lang='grc' dir='ltr'>καὶ</span> <span class='ocrx_word' id='word_1_515' title='bbox 1273 3611 1388 3675; x_wconf 72' lang='grc' dir='ltr'>τοῖς</span> <span class='ocrx_word' id='word_1_516' title='bbox 1421 3609 1684 3673; x_wconf 78' lang='grc' dir='ltr'>τοιούτοις</span> 
     </span>
    </p>
   </div>
   <div class='ocr_carea' id='block_1_70' title="bbox 123 3703 1681 3782">
    <p class='ocr_par' dir='ltr' id='par_1_70' title="bbox 123 3703 1681 3782">
     <span class='ocr_line' id='line_1_70' title="bbox 123 3703 1681 3782; baseline -0.004 -18"><span class='ocrx_word' id='word_1_517' title='bbox 123 3708 528 3782; x_wconf 76' lang='grc' dir='ltr'>ἁναδεχομὲνοις</span> <span class='ocrx_word' id='word_1_518' title='bbox 556 3708 591 3781; x_wconf 82' lang='grc' dir='ltr'>ἢ</span> <span class='ocrx_word' id='word_1_519' title='bbox 621 3705 835 3777; x_wconf 76' lang='grc' dir='ltr'>ἐλαφρά</span> <span class='ocrx_word' id='word_1_520' title='bbox 860 3705 895 3777; x_wconf 78' lang='grc' dir='ltr'><strong>ἢ</strong></span> <span class='ocrx_word' id='word_1_521' title='bbox 928 3704 1121 3777; x_wconf 77' lang='grc' dir='ltr'>βαρεῖα</span> <span class='ocrx_word' id='word_1_522' title='bbox 1163 3703 1272 3757; x_wconf 84' lang='grc' dir='ltr'><strong>τῶν</strong></span> <span class='ocrx_word' id='word_1_523' title='bbox 1315 3703 1605 3775; x_wconf 67' lang='grc' dir='ltr'>ἐπιτιμίων</span> <span class='ocrx_word' id='word_1_524' title='bbox 1645 3703 1681 3775; x_wconf 80' lang='grc' dir='ltr'><strong>ἠ</strong></span> 
     </span>
    </p>
   </div>
   <div class='ocr_carea' id='block_1_71' title="bbox 120 3795 1687 3874">
    <p class='ocr_par' dir='ltr' id='par_1_71' title="bbox 120 3795 1687 3874">
     <span class='ocr_line' id='line_1_71' title="bbox 120 3795 1687 3874; baseline -0.005 -16"><span class='ocrx_word' id='word_1_525' title='bbox 120 3802 276 3868; x_wconf 76' lang='grc' dir='ltr'>δόσις.</span> <span class='ocrx_word' id='word_1_526' title='bbox 318 3805 384 3857; x_wconf 84' lang='grc' dir='ltr'>Ἦ</span> <span class='ocrx_word' id='word_1_527' title='bbox 406 3802 515 3874; x_wconf 84' lang='grc' dir='ltr'><strong>γὰρ</strong></span> <span class='ocrx_word' id='word_1_528' title='bbox 535 3800 631 3855; x_wconf 88' lang='grc' dir='ltr'><strong>τοῦ</strong></span> <span class='ocrx_word' id='word_1_529' title='bbox 657 3799 1148 3870; x_wconf 78' lang='grc' dir='ltr'>ὲξομολογουμένου</span> <span class='ocrx_word' id='word_1_530' title='bbox 1176 3796 1394 3868; x_wconf 81' lang='grc' dir='ltr'>καθαρά</span> <span class='ocrx_word' id='word_1_531' title='bbox 1420 3797 1517 3851; x_wconf 74' lang='grc' dir='ltr'>καὶ</span> <span class='ocrx_word' id='word_1_532' title='bbox 1534 3795 1687 3851; x_wconf 75' lang='grc' dir='ltr'>άδιάο</span> 
     </span>
    </p>
   </div>
   <div class='ocr_carea' id='block_1_72' title="bbox 125 3884 1687 3963">
    <p class='ocr_par' dir='ltr' id='par_1_72' title="bbox 125 3884 1687 3963">
     <span class='ocr_line' id='line_1_72' title="bbox 125 3884 1687 3963; baseline -0.003 -14"><span class='ocrx_word' id='word_1_533' title='bbox 125 3914 313 3961; x_wconf 86' lang='grc' dir='ltr'>στατος</span> <span class='ocrx_word' id='word_1_534' title='bbox 362 3895 567 3959; x_wconf 79' lang='grc' dir='ltr'>πίστις,</span> <span class='ocrx_word' id='word_1_535' title='bbox 603 3893 696 3948; x_wconf 74' lang='grc' dir='ltr'>καὶ</span> <span class='ocrx_word' id='word_1_536' title='bbox 724 3892 784 3958; x_wconf 74' lang='grc' dir='ltr'>ἐξ</span> <span class='ocrx_word' id='word_1_537' title='bbox 807 3884 884 3944; x_wconf 83' lang='grc' dir='ltr'>ὧν</span> <span class='ocrx_word' id='word_1_538' title='bbox 915 3890 1029 3963; x_wconf 77' lang='grc' dir='ltr'>εχει</span> <span class='ocrx_word' id='word_1_539' title='bbox 1071 3890 1359 3961; x_wconf 79' lang='grc' dir='ltr'>μετάδοσις</span> <span class='ocrx_word' id='word_1_540' title='bbox 1395 3889 1532 3961; x_wconf 74' lang='grc' dir='ltr'>πρὸς</span> <span class='ocrx_word' id='word_1_541' title='bbox 1556 3890 1687 3955; x_wconf 75' lang='grc' dir='ltr'>τοὺς</span> 
     </span>
    </p>
   </div>
   <div class='ocr_carea' id='block_1_73' title="bbox 119 3981 1685 4062">
    <p class='ocr_par' dir='ltr' id='par_1_73' title="bbox 119 3981 1685 4062">
     <span class='ocr_line' id='line_1_73' title="bbox 119 3981 1685 4062; baseline -0.004 -19"><span class='ocrx_word' id='word_1_542' title='bbox 119 3990 425 4062; x_wconf 83' lang='grc' dir='ltr'>δεομένους.</span> <span class='ocrx_word' id='word_1_543' title='bbox 448 3989 623 4059; x_wconf 64' lang='grc' dir='ltr'><strong>⁴ἤνπερ</strong></span> <span class='ocrx_word' id='word_1_544' title='bbox 643 3989 673 4040; x_wconf 80' lang='grc' dir='ltr'><strong>ὁ</strong></span> <span class='ocrx_word' id='word_1_545' title='bbox 704 3984 975 4057; x_wconf 84' lang='grc' dir='ltr'>μακάριος</span> <span class='ocrx_word' id='word_1_546' title='bbox 993 3982 1287 4046; x_wconf 75' lang='grc' dir='ltr'>ἀπόστολος</span> <span class='ocrx_word' id='word_1_547' title='bbox 1314 3981 1526 4048; x_wconf 81' lang='grc' dir='ltr'>Παῦλος</span> <span class='ocrx_word' id='word_1_548' title='bbox 1546 4000 1685 4054; x_wconf 89' lang='grc' dir='ltr'>καρ-</span> 
     </span>
    </p>
   </div>
   <div class='ocr_carea' id='block_1_74' title="bbox 121 4072 1684 4144">
    <p class='ocr_par' dir='ltr' id='par_1_74' title="bbox 121 4072 1684 4144">
     <span class='ocr_line' id='line_1_74' title="bbox 121 4072 1684 4144; baseline -0.004 -10"><span class='ocrx_word' id='word_1_549' title='bbox 121 4081 220 4134; x_wconf 79' lang='grc' dir='ltr'>πὸν</span> <span class='ocrx_word' id='word_1_550' title='bbox 262 4081 501 4142; x_wconf 81' lang='grc' dir='ltr'>πίστεως</span> <span class='ocrx_word' id='word_1_551' title='bbox 533 4077 796 4144; x_wconf 75' lang='grc' dir='ltr'>ἐπιλέγει.</span> <span class='ocrx_word' id='word_1_552' title='bbox 831 4080 927 4129; x_wconf 79' lang='grc' dir='ltr'>καὶ</span> <span class='ocrx_word' id='word_1_553' title='bbox 971 4077 1004 4144; x_wconf 83' lang='grc' dir='ltr'>ὴ</span> <span class='ocrx_word' id='word_1_554' title='bbox 1047 4072 1142 4127; x_wconf 84' lang='grc' dir='ltr'><strong>τοῦ</strong></span> <span class='ocrx_word' id='word_1_555' title='bbox 1168 4073 1561 4144; x_wconf 78' lang='grc' dir='ltr'>ἀναδεχομένου</span> <span class='ocrx_word' id='word_1_556' title='bbox 1591 4073 1684 4128; x_wconf 78' lang='grc' dir='ltr'><strong>τὸν</strong></span> 
     </span>
    </p>
   </div>
   <div class='ocr_carea' id='block_1_75' title="bbox 118 4166 1681 4245">
    <p class='ocr_par' dir='ltr' id='par_1_75' title="bbox 118 4166 1681 4245">
     <span class='ocr_line' id='line_1_75' title="bbox 118 4166 1681 4245; baseline -0.004 -19"><span class='ocrx_word' id='word_1_557' title='bbox 118 4172 627 4245; x_wconf 80' lang='grc' dir='ltr'>ἐξομολογούμενον,</span> <span class='ocrx_word' id='word_1_558' title='bbox 660 4172 1009 4240; x_wconf 76' lang='grc' dir='ltr'>εὐσύγκρισις</span> <span class='ocrx_word' id='word_1_559' title='bbox 1042 4166 1138 4220; x_wconf 77' lang='grc' dir='ltr'>καὶ</span> <span class='ocrx_word' id='word_1_560' title='bbox 1176 4166 1377 4235; x_wconf 79' lang='grc' dir='ltr'>γνῶσις</span> <span class='ocrx_word' id='word_1_561' title='bbox 1410 4167 1505 4220; x_wconf 78' lang='grc' dir='ltr'>καὶ</span> <span class='ocrx_word' id='word_1_562' title='bbox 1538 4184 1681 4239; x_wconf 89' lang='grc' dir='ltr'>συμ-</span> 
     </span>
    </p>
   </div>
   <div class='ocr_carea' id='block_1_76' title="bbox 119 4254 1686 4336">
    <p class='ocr_par' dir='ltr' id='par_1_76' title="bbox 119 4254 1686 4336">
     <span class='ocr_line' id='line_1_76' title="bbox 119 4254 1686 4336; baseline -0.001 -21"><span class='ocrx_word' id='word_1_563' title='bbox 119 4264 295 4336; x_wconf 75' lang='grc' dir='ltr'>παθὴς</span> <span class='ocrx_word' id='word_1_564' title='bbox 325 4261 735 4330; x_wconf 69' lang='grc' dir='ltr'>ωγκατάὸασις</span> <span class='ocrx_word' id='word_1_565' title='bbox 762 4260 939 4314; x_wconf 80' lang='grc' dir='ltr'>πάντα</span> <span class='ocrx_word' id='word_1_566' title='bbox 990 4259 1199 4330; x_wconf 71' lang='grc' dir='ltr'>ἐλαφρὰ</span> <span class='ocrx_word' id='word_1_567' title='bbox 1242 4254 1372 4319; x_wconf 76' lang='grc' dir='ltr'>οἵδε.</span> <span class='ocrx_word' id='word_1_568' title='bbox 1415 4260 1510 4314; x_wconf 71' lang='grc' dir='ltr'><strong>καὶ</strong></span> <span class='ocrx_word' id='word_1_569' title='bbox 1556 4260 1686 4332; x_wconf 81' lang='grc' dir='ltr'>περὶ</span> 
     </span>
    </p>
   </div>
   <div class='ocr_carea' id='block_1_77' title="bbox 120 4352 1684 4427">
    <p class='ocr_par' dir='ltr' id='par_1_77' title="bbox 120 4352 1684 4427">
     <span class='ocr_line' id='line_1_77' title="bbox 120 4352 1684 4427; baseline -0.004 -15"><span class='ocrx_word' id='word_1_570' title='bbox 120 4354 372 4427; x_wconf 80' lang='grc' dir='ltr'><strong>βρώσεως</strong></span> <span class='ocrx_word' id='word_1_571' title='bbox 402 4355 502 4410; x_wconf 76' lang='grc' dir='ltr'><strong>καὶ</strong></span> <span class='ocrx_word' id='word_1_572' title='bbox 527 4354 739 4418; x_wconf 82' lang='grc' dir='ltr'>πόσεως</span> <span class='ocrx_word' id='word_1_573' title='bbox 764 4353 861 4407; x_wconf 81' lang='grc' dir='ltr'>καὶ</span> <span class='ocrx_word' id='word_1_574' title='bbox 886 4352 1074 4424; x_wconf 81' lang='grc' dir='ltr'>εὐχῆς,</span> <span class='ocrx_word' id='word_1_575' title='bbox 1115 4352 1208 4407; x_wconf 77' lang='grc' dir='ltr'>καὶ</span> <span class='ocrx_word' id='word_1_576' title='bbox 1238 4353 1367 4422; x_wconf 70' lang='grc' dir='ltr'>περὶ</span> <span class='ocrx_word' id='word_1_577' title='bbox 1399 4353 1498 4423; x_wconf 83' lang='grc' dir='ltr'>τῆς</span> <span class='ocrx_word' id='word_1_578' title='bbox 1523 4353 1684 4423; x_wconf 82' lang='grc' dir='ltr'>ἁγίας</span> 
     </span>
    </p>
   </div>
   <div class='ocr_carea' id='block_1_78' title="bbox 119 4440 1685 4514">
    <p class='ocr_par' dir='ltr' id='par_1_78' title="bbox 119 4440 1685 4514">
     <span class='ocr_line' id='line_1_78' title="bbox 119 4440 1685 4514; baseline -0.001 -16"><span class='ocrx_word' id='word_1_579' title='bbox 119 4446 423 4508; x_wconf 76' lang='grc' dir='ltr'>κοινωνίας,</span> <span class='ocrx_word' id='word_1_580' title='bbox 465 4443 560 4497; x_wconf 77' lang='grc' dir='ltr'>καὶ</span> <span class='ocrx_word' id='word_1_581' title='bbox 603 4442 837 4513; x_wconf 86' lang='grc' dir='ltr'>μάλιστα</span> <span class='ocrx_word' id='word_1_582' title='bbox 866 4443 916 4495; x_wconf 87' lang='grc' dir='ltr'><strong>εί</strong></span> <span class='ocrx_word' id='word_1_583' title='bbox 950 4441 1103 4513; x_wconf 84' lang='grc' dir='ltr'>τύχοι</span> <span class='ocrx_word' id='word_1_584' title='bbox 1136 4443 1168 4495; x_wconf 74' lang='grc' dir='ltr'><strong>ὁ</strong></span> <span class='ocrx_word' id='word_1_585' title='bbox 1200 4440 1685 4514; x_wconf 71' lang='grc' dir='ltr'>ἐξομολογούμενος</span> 
     </span>
    </p>
   </div>
   <div class='ocr_carea' id='block_1_79' title="bbox 119 4533 1683 4608">
    <p class='ocr_par' dir='ltr' id='par_1_79' title="bbox 119 4533 1683 4608">
     <span class='ocr_line' id='line_1_79' title="bbox 119 4533 1683 4608; baseline 0.001 -21"><span class='ocrx_word' id='word_1_586' title='bbox 119 4535 204 4589; x_wconf 75' lang='grc' dir='ltr'>ἵνα</span> <span class='ocrx_word' id='word_1_587' title='bbox 232 4537 342 4608; x_wconf 82' lang='grc' dir='ltr'><strong>πρὸ</strong></span> <span class='ocrx_word' id='word_1_588' title='bbox 376 4534 474 4589; x_wconf 85' lang='grc' dir='ltr'><strong>τοῦ</strong></span> <span class='ocrx_word' id='word_1_589' title='bbox 510 4533 1009 4606; x_wconf 74' lang='grc' dir='ltr'>ἐξομολογήσασθαι</span> <span class='ocrx_word' id='word_1_590' title='bbox 1059 4533 1314 4607; x_wconf 65' lang='grc' dir='ltr'>ἀποκόψῃ</span> <span class='ocrx_word' id='word_1_591' title='bbox 1340 4534 1404 4588; x_wconf 82' lang='grc' dir='ltr'><strong>τὺ</strong></span> <span class='ocrx_word' id='word_1_592' title='bbox 1429 4534 1683 4606; x_wconf 80' lang='grc' dir='ltr'>ἁμαρτά-</span> 
     </span>
    </p>
   </div>
   <div class='ocr_carea' id='block_1_80' title="bbox 116 4617 1681 4697">
    <p class='ocr_par' dir='ltr' id='par_1_80' title="bbox 116 4617 1681 4697">
     <span class='ocr_line' id='line_1_80' title="bbox 116 4617 1681 4697; baseline 0.001 -19"><span class='ocrx_word' id='word_1_593' title='bbox 116 4642 245 4691; x_wconf 85' lang='grc' dir='ltr'>νειν,</span> <span class='ocrx_word' id='word_1_594' title='bbox 269 4625 306 4697; x_wconf 80' lang='grc' dir='ltr'>ἢ</span> <span class='ocrx_word' id='word_1_595' title='bbox 336 4617 590 4697; x_wconf 79' lang='grc' dir='ltr'>ὁμολογεῖ</span> <span class='ocrx_word' id='word_1_596' title='bbox 612 4623 717 4678; x_wconf 73' lang='grc' dir='ltr'>κᾶν</span> <span class='ocrx_word' id='word_1_597' title='bbox 744 4623 854 4679; x_wconf 82' lang='grc' dir='ltr'><strong>ἀπὸ</strong></span> <span class='ocrx_word' id='word_1_598' title='bbox 877 4625 978 4696; x_wconf 82' lang='grc' dir='ltr'>τῆς</span> <span class='ocrx_word' id='word_1_599' title='bbox 1006 4622 1444 4695; x_wconf 76' lang='grc' dir='ltr'>ὲξομολογήσεως</span> <span class='ocrx_word' id='word_1_600' title='bbox 1478 4626 1681 4679; x_wconf 81' lang='grc' dir='ltr'>ἀποκό-</span> 
     </span>
    </p>
   </div>
   <div class='ocr_carea' id='block_1_81' title="bbox 119 4715 1682 4788">
    <p class='ocr_par' dir='ltr' id='par_1_81' title="bbox 119 4715 1682 4788">
     <span class='ocr_line' id='line_1_81' title="bbox 119 4715 1682 4788; baseline 0 -18"><span class='ocrx_word' id='word_1_601' title='bbox 119 4733 291 4772; x_wconf 86' lang='grc' dir='ltr'>πτειν.</span> <span class='ocrx_word' id='word_1_602' title='bbox 314 4716 508 4771; x_wconf 70' lang='grc' dir='ltr'>Πολλοὶ</span> <span class='ocrx_word' id='word_1_603' title='bbox 527 4716 637 4788; x_wconf 87' lang='grc' dir='ltr'>γάρ</span> <span class='ocrx_word' id='word_1_604' title='bbox 661 4719 770 4771; x_wconf 77' lang='grc' dir='ltr'>εἰσι</span> <span class='ocrx_word' id='word_1_605' title='bbox 792 4717 843 4771; x_wconf 73' lang='grc' dir='ltr'>οἳ</span> <span class='ocrx_word' id='word_1_606' title='bbox 869 4715 1312 4787; x_wconf 68' lang='grc' dir='ltr'>ἑξομολογοῦνται</span> <span class='ocrx_word' id='word_1_607' title='bbox 1334 4719 1429 4770; x_wconf 77' lang='grc' dir='ltr'>καὶ</span> <span class='ocrx_word' id='word_1_608' title='bbox 1450 4716 1682 4771; x_wconf 82' lang='grc' dir='ltr'>λυποῦν-</span> 
     </span>
    </p>
   </div>
   <div class='ocr_carea' id='block_1_82' title="bbox 113 4806 1680 4881">
    <p class='ocr_par' dir='ltr' id='par_1_82' title="bbox 113 4806 1680 4881">
     <span class='ocr_line' id='line_1_82' title="bbox 113 4806 1680 4881; baseline 0.001 -22"><span class='ocrx_word' id='word_1_609' title='bbox 113 4824 202 4862; x_wconf 85' lang='grc' dir='ltr'><strong>ται</strong></span> <span class='ocrx_word' id='word_1_610' title='bbox 247 4810 342 4863; x_wconf 75' lang='grc' dir='ltr'>καὶ</span> <span class='ocrx_word' id='word_1_611' title='bbox 391 4806 762 4879; x_wconf 79' lang='grc' dir='ltr'>μετανοοῦσιν,</span> <span class='ocrx_word' id='word_1_612' title='bbox 805 4806 922 4861; x_wconf 79' lang='grc' dir='ltr'>ἀλλ’</span> <span class='ocrx_word' id='word_1_613' title='bbox 962 4809 1111 4878; x_wconf 83' lang='grc' dir='ltr'>ὅμως</span> <span class='ocrx_word' id='word_1_614' title='bbox 1151 4807 1185 4879; x_wconf 81' lang='grc' dir='ltr'>ἢ</span> <span class='ocrx_word' id='word_1_615' title='bbox 1231 4807 1390 4876; x_wconf 75' lang='grc' dir='ltr'>φύσει</span> <span class='ocrx_word' id='word_1_616' title='bbox 1436 4808 1471 4881; x_wconf 84' lang='grc' dir='ltr'>ῆ</span> <span class='ocrx_word' id='word_1_617' title='bbox 1507 4808 1680 4880; x_wconf 74' lang='grc' dir='ltr'>κλοπῇ</span> 
     </span>
    </p>
   </div>
   <div class='ocr_carea' id='block_1_83' title="bbox 1792 3610 3351 3689">
    <p class='ocr_par' dir='ltr' id='par_1_83' title="bbox 1792 3610 3351 3689">
     <span class='ocr_line' id='line_1_83' title="bbox 1792 3610 3351 3689; baseline 0.012 -30"><span class='ocrx_word' id='word_1_618' title='bbox 1792 3620 1955 3676; x_wconf 86' lang='lat' dir='ltr'><strong>parva</strong></span> <span class='ocrx_word' id='word_1_619' title='bbox 1999 3610 2362 3676; x_wconf 81' lang='lat' dir='ltr'><strong>peccaverint,</strong></span> <span class='ocrx_word' id='word_1_620' title='bbox 2399 3611 2557 3666; x_wconf 88' lang='lat' dir='ltr'><strong>nobis</strong></span> <span class='ocrx_word' id='word_1_621' title='bbox 2599 3612 2943 3671; x_wconf 84' lang='lat' dir='ltr'><strong>confitentur.</strong></span> <span class='ocrx_word' id='word_1_622' title='bbox 2991 3618 3166 3689; x_wconf 81' lang='lat' dir='ltr'><strong>Supra</strong></span> <span class='ocrx_word' id='word_1_623' title='bbox 3207 3620 3351 3677; x_wconf 72' lang='lat' dir='ltr'><strong>dixi-</strong></span> 
     </span>
    </p>
   </div>
   <div class='ocr_carea' id='block_1_84' title="bbox 1790 3701 3349 3785">
    <p class='ocr_par' dir='ltr' id='par_1_84' title="bbox 1790 3701 3349 3785">
     <span class='ocr_line' id='line_1_84' title="bbox 1790 3701 3349 3785; baseline 0.01 -31"><span class='ocrx_word' id='word_1_624' title='bbox 1790 3713 1915 3755; x_wconf 87' lang='lat' dir='ltr'><strong>mus</strong></span> <span class='ocrx_word' id='word_1_625' title='bbox 1958 3701 2104 3770; x_wconf 88' lang='lat' dir='ltr'><strong>quod</strong></span> <span class='ocrx_word' id='word_1_626' title='bbox 2143 3701 2531 3759; x_wconf 86' lang='lat' dir='ltr'><strong>confitentibus</strong></span> <span class='ocrx_word' id='word_1_627' title='bbox 2560 3714 2615 3759; x_wconf 91' lang='lat' dir='ltr'><strong>et</strong></span> <span class='ocrx_word' id='word_1_628' title='bbox 2647 3720 2742 3761; x_wconf 89' lang='lat' dir='ltr'><strong>eos</strong></span> <span class='ocrx_word' id='word_1_629' title='bbox 2771 3707 3192 3779; x_wconf 81' lang='lat' dir='ltr'><strong>suscipientibus</strong></span> <span class='ocrx_word' id='word_1_630' title='bbox 3230 3728 3349 3785; x_wconf 67' lang='grc' dir='ltr'><strong>ραι</strong></span> 
     </span>
    </p>
   </div>
   <div class='ocr_carea' id='block_1_85' title="bbox 1791 3789 3347 3873">
    <p class='ocr_par' dir='ltr' id='par_1_85' title="bbox 1791 3789 3347 3873">
     <span class='ocr_line' id='line_1_85' title="bbox 1791 3789 3347 3873; baseline 0.009 -29"><span class='ocrx_word' id='word_1_631' title='bbox 1791 3789 2145 3846; x_wconf 82' lang='lat' dir='ltr'><strong>nitentiarum</strong></span> <span class='ocrx_word' id='word_1_632' title='bbox 2170 3790 2490 3851; x_wconf 84' lang='lat' dir='ltr'><strong>distributio</strong></span> <span class='ocrx_word' id='word_1_633' title='bbox 2527 3793 2725 3865; x_wconf 79' lang='lat' dir='ltr'><strong>duplex</strong></span> <span class='ocrx_word' id='word_1_634' title='bbox 2749 3805 2857 3860; x_wconf 81' lang='lat' dir='ltr'><strong>est,</strong></span> <span class='ocrx_word' id='word_1_635' title='bbox 2905 3797 3039 3855; x_wconf 85' lang='lat' dir='ltr'><strong>levis</strong></span> <span class='ocrx_word' id='word_1_636' title='bbox 3061 3808 3118 3855; x_wconf 89' lang='lat' dir='ltr'><strong>et</strong></span> <span class='ocrx_word' id='word_1_637' title='bbox 3145 3803 3347 3873; x_wconf 82' lang='lat' dir='ltr'><strong>gravis.</strong></span> 
     </span>
    </p>
   </div>
   <div class='ocr_carea' id='block_1_86' title="bbox 1784 3876 3353 3958">
    <p class='ocr_par' dir='ltr' id='par_1_86' title="bbox 1784 3876 3353 3958">
     <span class='ocr_line' id='line_1_86' title="bbox 1784 3876 3353 3958; baseline 0.01 -25"><span class='ocrx_word' id='word_1_638' title='bbox 1784 3876 1930 3934; x_wconf 84' lang='lat' dir='ltr'><strong>Pura</strong></span> <span class='ocrx_word' id='word_1_639' title='bbox 1943 3878 2086 3934; x_wconf 88' lang='lat' dir='ltr'><strong>enim</strong></span> <span class='ocrx_word' id='word_1_640' title='bbox 2101 3881 2360 3937; x_wconf 84' lang='lat' dir='ltr'><strong>continua</strong></span> <span class='ocrx_word' id='word_1_641' title='bbox 2384 3891 2439 3938; x_wconf 92' lang='lat' dir='ltr'><strong>et</strong></span> <span class='ocrx_word' id='word_1_642' title='bbox 2458 3882 2760 3941; x_wconf 88' lang='lat' dir='ltr'><strong>indubitata</strong></span> <span class='ocrx_word' id='word_1_643' title='bbox 2777 3886 3087 3944; x_wconf 80' lang='lat' dir='ltr'><strong>confitentis</strong></span> <span class='ocrx_word' id='word_1_644' title='bbox 3119 3889 3271 3958; x_wconf 86' lang='lat' dir='ltr'><strong>fides,</strong></span> <span class='ocrx_word' id='word_1_645' title='bbox 3294 3906 3353 3949; x_wconf 79' lang='lat' dir='ltr'><strong>et</strong></span> 
     </span>
    </p>
   </div>
   <div class='ocr_carea' id='block_1_87' title="bbox 1784 3976 3348 4053">
    <p class='ocr_par' dir='ltr' id='par_1_87' title="bbox 1784 3976 3348 4053">
     <span class='ocr_line' id='line_1_87' title="bbox 1784 3976 3348 4053; baseline 0.01 -27"><span class='ocrx_word' id='word_1_646' title='bbox 1784 3985 1976 4028; x_wconf 89' lang='lat' dir='ltr'><strong>eorum</strong></span> <span class='ocrx_word' id='word_1_647' title='bbox 2003 3988 2128 4043; x_wconf 68' lang='lat' dir='ltr'><strong>qua:</strong></span> <span class='ocrx_word' id='word_1_648' title='bbox 2153 3976 2394 4045; x_wconf 83' lang='lat' dir='ltr'><strong>possidet</strong></span> <span class='ocrx_word' id='word_1_649' title='bbox 2423 3991 2548 4032; x_wconf 91' lang='lat' dir='ltr'><strong>cum</strong></span> <span class='ocrx_word' id='word_1_650' title='bbox 2582 3978 2869 4049; x_wconf 83' lang='lat' dir='ltr'><strong>egentibus</strong></span> <span class='ocrx_word' id='word_1_651' title='bbox 2903 3983 3348 4053; x_wconf 89' lang='lat' dir='ltr'><strong>communicatio,</strong></span> 
     </span>
    </p>
   </div>
   <div class='ocr_carea' id='block_1_88' title="bbox 1787 4065 3346 4145">
    <p class='ocr_par' dir='ltr' id='par_1_88' title="bbox 1787 4065 3346 4145">
     <span class='ocr_line' id='line_1_88' title="bbox 1787 4065 3346 4145; baseline 0.01 -26"><span class='ocrx_word' id='word_1_652' title='bbox 1787 4079 1951 4135; x_wconf 83' lang='lat' dir='ltr'><strong>quam</strong></span> <span class='ocrx_word' id='word_1_653' title='bbox 1983 4066 2176 4122; x_wconf 87' lang='lat' dir='ltr'><strong>beatus</strong></span> <span class='ocrx_word' id='word_1_654' title='bbox 2212 4066 2490 4136; x_wconf 80' lang='lat' dir='ltr'><strong>apostolus</strong></span> <span class='ocrx_word' id='word_1_655' title='bbox 2512 4065 2715 4125; x_wconf 88' lang='lat' dir='ltr'><strong>Paulus</strong></span> <span class='ocrx_word' id='word_1_656' title='bbox 2758 4068 2994 4127; x_wconf 83' lang='lat' dir='ltr'><strong>fructum</strong></span> <span class='ocrx_word' id='word_1_657' title='bbox 3028 4073 3152 4130; x_wconf 87' lang='lat' dir='ltr'><strong>lldel</strong></span> <span class='ocrx_word' id='word_1_658' title='bbox 3191 4077 3346 4145; x_wconf 89' lang='lat' dir='ltr'><strong>dicit,</strong></span> 
     </span>
    </p>
   </div>
   <div class='ocr_carea' id='block_1_89' title="bbox 1787 4157 3351 4231">
    <p class='ocr_par' dir='ltr' id='par_1_89' title="bbox 1787 4157 3351 4231">
     <span class='ocr_line' id='line_1_89' title="bbox 1787 4157 3351 4231; baseline 0.008 -18"><span class='ocrx_word' id='word_1_659' title='bbox 1787 4166 1843 4213; x_wconf 88' lang='lat' dir='ltr'><strong>et</strong></span> <span class='ocrx_word' id='word_1_660' title='bbox 1879 4157 2167 4228; x_wconf 86' lang='lat' dir='ltr'><strong>prudentia</strong></span> <span class='ocrx_word' id='word_1_661' title='bbox 2213 4159 2552 4231; x_wconf 89' lang='lat' dir='ltr'><strong>scientiaque</strong></span> <span class='ocrx_word' id='word_1_662' title='bbox 2585 4160 3044 4221; x_wconf 78' lang='lat' dir='ltr'><strong>confessorisluec</strong></span> <span class='ocrx_word' id='word_1_663' title='bbox 3075 4167 3211 4224; x_wconf 86' lang='lat' dir='ltr'><strong>bene</strong></span> <span class='ocrx_word' id='word_1_664' title='bbox 3235 4169 3351 4228; x_wconf 59' lang='lat' dir='ltr'><strong>disc</strong></span> 
     </span>
    </p>
   </div>
   <div class='ocr_carea' id='block_1_90' title="bbox 1784 4251 3347 4327">
    <p class='ocr_par' dir='ltr' id='par_1_90' title="bbox 1784 4251 3347 4327">
     <span class='ocr_line' id='line_1_90' title="bbox 1784 4251 3347 4327; baseline 0.008 -20"><span class='ocrx_word' id='word_1_665' title='bbox 1784 4265 2013 4307; x_wconf 86' lang='lat' dir='ltr'><strong>cernens</strong></span> <span class='ocrx_word' id='word_1_666' title='bbox 2052 4259 2110 4306; x_wconf 91' lang='lat' dir='ltr'><strong>et</strong></span> <span class='ocrx_word' id='word_1_667' title='bbox 2134 4251 2502 4324; x_wconf 73' lang='lat' dir='ltr'><strong>distinguens],</strong></span> <span class='ocrx_word' id='word_1_668' title='bbox 2543 4253 2820 4325; x_wconf 84' lang='lat' dir='ltr'><strong>ipsiusque</strong></span> <span class='ocrx_word' id='word_1_669' title='bbox 2853 4258 3192 4327; x_wconf 84' lang='lat' dir='ltr'><strong>compatiens</strong></span> <span class='ocrx_word' id='word_1_670' title='bbox 3233 4261 3347 4319; x_wconf 65' lang='lat' dir='ltr'><strong>dis«</strong></span> 
     </span>
    </p>
   </div>
   <div class='ocr_carea' id='block_1_91' title="bbox 1783 4341 3348 4414">
    <p class='ocr_par' dir='ltr' id='par_1_91' title="bbox 1783 4341 3348 4414">
     <span class='ocr_line' id='line_1_91' title="bbox 1783 4341 3348 4414; baseline 0.008 -16"><span class='ocrx_word' id='word_1_671' title='bbox 1783 4342 2033 4414; x_wconf 88' lang='lat' dir='ltr'><strong>pensatio</strong></span> <span class='ocrx_word' id='word_1_672' title='bbox 2058 4352 2115 4397; x_wconf 89' lang='lat' dir='ltr'><strong>et</strong></span> <span class='ocrx_word' id='word_1_673' title='bbox 2151 4341 2581 4400; x_wconf 83' lang='lat' dir='ltr'><strong>accommodatio</strong></span> <span class='ocrx_word' id='word_1_674' title='bbox 2613 4344 2796 4401; x_wconf 88' lang='lat' dir='ltr'><strong>omnia</strong></span> <span class='ocrx_word' id='word_1_675' title='bbox 2825 4344 2961 4402; x_wconf 85' lang='lat' dir='ltr'><strong>levia</strong></span> <span class='ocrx_word' id='word_1_676' title='bbox 2991 4348 3143 4405; x_wconf 91' lang='lat' dir='ltr'><strong>novit</strong></span> <span class='ocrx_word' id='word_1_677' title='bbox 3163 4360 3221 4409; x_wconf 91' lang='lat' dir='ltr'><strong>et</strong></span> <span class='ocrx_word' id='word_1_678' title='bbox 3253 4354 3348 4409; x_wconf 82' lang='lat' dir='ltr'><strong>de-</strong></span> 
     </span>
    </p>
   </div>
   <div class='ocr_carea' id='block_1_92' title="bbox 1782 4433 3349 4508">
    <p class='ocr_par' dir='ltr' id='par_1_92' title="bbox 1782 4433 3349 4508">
     <span class='ocr_line' id='line_1_92' title="bbox 1782 4433 3349 4508; baseline 0.005 -17"><span class='ocrx_word' id='word_1_679' title='bbox 1782 4433 1977 4500; x_wconf 83' lang='lat' dir='ltr'><strong>cernit,</strong></span> <span class='ocrx_word' id='word_1_680' title='bbox 1995 4433 2110 4489; x_wconf 89' lang='lat' dir='ltr'><strong>sive</strong></span> <span class='ocrx_word' id='word_1_681' title='bbox 2131 4433 2336 4499; x_wconf 87' lang='lat' dir='ltr'><strong>cibum,</strong></span> <span class='ocrx_word' id='word_1_682' title='bbox 2358 4434 2474 4490; x_wconf 83' lang='lat' dir='ltr'><strong>sive</strong></span> <span class='ocrx_word' id='word_1_683' title='bbox 2493 4442 2704 4505; x_wconf 88' lang='lat' dir='ltr'><strong>potum,</strong></span> <span class='ocrx_word' id='word_1_684' title='bbox 2731 4436 2848 4494; x_wconf 87' lang='lat' dir='ltr'><strong>sive</strong></span> <span class='ocrx_word' id='word_1_685' title='bbox 2872 4440 3195 4508; x_wconf 86' lang='lat' dir='ltr'><strong>orationem,</strong></span> <span class='ocrx_word' id='word_1_686' title='bbox 3231 4442 3349 4499; x_wconf 85' lang='lat' dir='ltr'><strong>sive</strong></span> 
     </span>
    </p>
   </div>
   <div class='ocr_carea' id='block_1_93' title="bbox 1780 4526 3350 4610">
    <p class='ocr_par' dir='ltr' id='par_1_93' title="bbox 1780 4526 3350 4610">
     <span class='ocr_line' id='line_1_93' title="bbox 1780 4526 3350 4610; baseline 0.005 -27"><span class='ocrx_word' id='word_1_687' title='bbox 1780 4526 2227 4583; x_wconf 86' lang='lat' dir='ltr'><strong>communionem</strong></span> <span class='ocrx_word' id='word_1_688' title='bbox 2287 4534 2565 4596; x_wconf 85' lang='lat' dir='ltr'><strong>spectent;</strong></span> <span class='ocrx_word' id='word_1_689' title='bbox 2614 4529 2910 4598; x_wconf 64' lang='lat' dir='ltr'><strong>praesertim</strong></span> <span class='ocrx_word' id='word_1_690' title='bbox 2961 4531 3008 4588; x_wconf 88' lang='lat' dir='ltr'><strong>si</strong></span> <span class='ocrx_word' id='word_1_691' title='bbox 3067 4533 3350 4610; x_wconf 83' lang='lat' dir='ltr'><strong>contingat</strong></span> 
     </span>
    </p>
   </div>
   <div class='ocr_carea' id='block_1_94' title="bbox 1781 4616 3338 4692">
    <p class='ocr_par' dir='ltr' id='par_1_94' title="bbox 1781 4616 3338 4692">
     <span class='ocr_line' id='line_1_94' title="bbox 1781 4616 3338 4692; baseline 0.006 -19"><span class='ocrx_word' id='word_1_692' title='bbox 1781 4616 2129 4673; x_wconf 72' lang='lat' dir='ltr'><strong>conﬁtentem</strong></span> <span class='ocrx_word' id='word_1_693' title='bbox 2173 4623 2299 4673; x_wconf 85' lang='lat' dir='ltr'><strong>ante</strong></span> <span class='ocrx_word' id='word_1_694' title='bbox 2341 4616 2743 4674; x_wconf 89' lang='lat' dir='ltr'><strong>confessionem</strong></span> <span class='ocrx_word' id='word_1_695' title='bbox 2779 4636 2811 4675; x_wconf 88' lang='lat' dir='ltr'><strong>a</strong></span> <span class='ocrx_word' id='word_1_696' title='bbox 2861 4624 3140 4692; x_wconf 87' lang='lat' dir='ltr'><strong>peccando</strong></span> <span class='ocrx_word' id='word_1_697' title='bbox 3169 4625 3338 4682; x_wconf 87' lang='lat' dir='ltr'><strong>absti-</strong></span> 
     </span>
    </p>
   </div>
   <div class='ocr_carea' id='block_1_95' title="bbox 1782 4710 3343 4783">
    <p class='ocr_par' dir='ltr' id='par_1_95' title="bbox 1782 4710 3343 4783">
     <span class='ocr_line' id='line_1_95' title="bbox 1782 4710 3343 4783; baseline 0.006 -18"><span class='ocrx_word' id='word_1_698' title='bbox 1782 4711 1990 4775; x_wconf 78' lang='lat' dir='ltr'><strong>nuisse,</strong></span> <span class='ocrx_word' id='word_1_699' title='bbox 2035 4719 2131 4766; x_wconf 91' lang='lat' dir='ltr'><strong>aut</strong></span> <span class='ocrx_word' id='word_1_700' title='bbox 2184 4717 2307 4780; x_wconf 86' lang='lat' dir='ltr'><strong>post</strong></span> <span class='ocrx_word' id='word_1_701' title='bbox 2358 4710 2752 4768; x_wconf 85' lang='lat' dir='ltr'><strong>confessionem</strong></span> <span class='ocrx_word' id='word_1_702' title='bbox 2785 4714 3064 4783; x_wconf 88' lang='lat' dir='ltr'><strong>pollicetur</strong></span> <span class='ocrx_word' id='word_1_703' title='bbox 3115 4731 3175 4774; x_wconf 85' lang='lat' dir='ltr'><strong>se</strong></span> <span class='ocrx_word' id='word_1_704' title='bbox 3213 4718 3343 4775; x_wconf 78' lang='lat' dir='ltr'><strong>abs-</strong></span> 
     </span>
    </p>
   </div>
   <div class='ocr_carea' id='block_1_96' title="bbox 1781 4800 3343 4875">
    <p class='ocr_par' dir='ltr' id='par_1_96' title="bbox 1781 4800 3343 4875">
     <span class='ocr_line' id='line_1_96' title="bbox 1781 4800 3343 4875; baseline 0.006 -19"><span class='ocrx_word' id='word_1_705' title='bbox 1781 4809 2079 4857; x_wconf 88' lang='lat' dir='ltr'><strong>tenturum.</strong></span> <span class='ocrx_word' id='word_1_706' title='bbox 2136 4800 2288 4856; x_wconf 79' lang='lat' dir='ltr'><strong>Ilulti</strong></span> <span class='ocrx_word' id='word_1_707' title='bbox 2333 4802 2481 4858; x_wconf 91' lang='lat' dir='ltr'><strong>enim</strong></span> <span class='ocrx_word' id='word_1_708' title='bbox 2532 4811 2692 4869; x_wconf 90' lang='lat' dir='ltr'><strong>sunt,</strong></span> <span class='ocrx_word' id='word_1_709' title='bbox 2748 4804 2842 4875; x_wconf 89' lang='lat' dir='ltr'><strong>qui</strong></span> <span class='ocrx_word' id='word_1_710' title='bbox 2889 4806 3234 4870; x_wconf 84' lang='lat' dir='ltr'><strong>confitentur.</strong></span> <span class='ocrx_word' id='word_1_711' title='bbox 3284 4820 3343 4865; x_wconf 86' lang='lat' dir='ltr'><strong>et</strong></span> 
     </span>
    </p>
   </div>
   <div class='ocr_carea' id='block_1_97' title="bbox 115 4870 1683 4972">
    <p class='ocr_par' dir='ltr' id='par_1_97' title="bbox 115 4870 1679 4972">
     <span class='ocr_line' id='line_1_97' title="bbox 115 4870 1679 4972; baseline 0.003 -22"><span class='ocrx_word' id='word_1_712' title='bbox 115 4898 333 4969; x_wconf 66' lang='grc' dir='ltr'>ἐχθροῦ,</span> <span class='ocrx_word' id='word_1_713' title='bbox 436 4870 808 4972; x_wconf 61' lang='grc' dir='ltr'>κακογνωμία,</span> <span class='ocrx_word' id='word_1_714' title='bbox 838 4899 872 4971; x_wconf 80' lang='grc' dir='ltr'>ἢ</span> <span class='ocrx_word' id='word_1_715' title='bbox 914 4870 1007 4954; x_wconf 60' lang='grc' dir='ltr'><strong>καί</strong></span> <span class='ocrx_word' id='word_1_716' title='bbox 1045 4870 1254 4972; x_wconf 72' lang='grc' dir='ltr'>πονῆρᾷ</span> <span class='ocrx_word' id='word_1_717' title='bbox 1285 4870 1542 4971; x_wconf 68' lang='grc' dir='ltr'>συνηθείᾳ</span> <span class='ocrx_word' id='word_1_718' title='bbox 1588 4870 1679 4955; x_wconf 68' lang='grc' dir='ltr'><strong>ὲλΪ</strong></span> 
     </span>
    </p>
   </div>
   <div class='ocr_carea' id='block_1_98' title="bbox 1783 4870 3347 4972">
    <p class='ocr_par' dir='ltr' id='par_1_98' title="bbox 1784 4870 3347 4964">
     <span class='ocr_line' id='line_1_98' title="bbox 1784 4870 3347 4964; baseline 0.007 -19"><span class='ocrx_word' id='word_1_719' title='bbox 1784 4890 2088 4958; x_wconf 89' lang='lat' dir='ltr'><strong>tristantur,</strong></span> <span class='ocrx_word' id='word_1_720' title='bbox 2104 4899 2159 4946; x_wconf 87' lang='lat' dir='ltr'><strong>et</strong></span> <span class='ocrx_word' id='word_1_721' title='bbox 2172 4890 2499 4962; x_wconf 85' lang='lat' dir='ltr'><strong>resipiscunt</strong></span> <span class='ocrx_word' id='word_1_722' title='bbox 2516 4910 2532 4960; x_wconf 91' lang='lat'><strong>;</strong></span> <span class='ocrx_word' id='word_1_723' title='bbox 2548 4870 2784 4951; x_wconf 77' lang='lat' dir='ltr'><strong>attamen</strong></span> <span class='ocrx_word' id='word_1_724' title='bbox 2803 4896 2888 4952; x_wconf 86' lang='lat' dir='ltr'><strong>vel</strong></span> <span class='ocrx_word' id='word_1_725' title='bbox 2908 4907 3124 4964; x_wconf 84' lang='lat' dir='ltr'><strong>natura,</strong></span> <span class='ocrx_word' id='word_1_726' title='bbox 3144 4900 3229 4955; x_wconf 85' lang='lat' dir='ltr'><strong>vel</strong></span> <span class='ocrx_word' id='word_1_727' title='bbox 3254 4916 3347 4957; x_wconf 84' lang='lat' dir='ltr'><strong>ar-</strong></span> 
     </span>
    </p>
   </div>
   <div class='ocr_carea' id='block_1_99' title="bbox 114 4990 1682 5064">
    <p class='ocr_par' dir='ltr' id='par_1_99' title="bbox 114 4990 1682 5064">
     <span class='ocr_line' id='line_1_99' title="bbox 114 4990 1682 5064; baseline 0.003 -22"><span class='ocrx_word' id='word_1_728' title='bbox 114 4992 335 5060; x_wconf 79' lang='grc' dir='ltr'>κόμενοι</span> <span class='ocrx_word' id='word_1_729' title='bbox 383 4991 705 5060; x_wconf 80' lang='grc' dir='ltr'>σφάλλονται</span> <span class='ocrx_word' id='word_1_730' title='bbox 738 4990 901 5047; x_wconf 81' lang='grc' dir='ltr'>πάλιν</span> <span class='ocrx_word' id='word_1_731' title='bbox 932 4996 1027 5046; x_wconf 77' lang='grc' dir='ltr'>καὶ</span> <span class='ocrx_word' id='word_1_732' title='bbox 1054 4991 1472 5064; x_wconf 81' lang='grc' dir='ltr'>περιπίπτουσιν</span> <span class='ocrx_word' id='word_1_733' title='bbox 1501 4993 1682 5064; x_wconf 84' lang='grc' dir='ltr'>ἁμαρ-</span> 
     </span>
    </p>
   </div>
   <div class='ocr_carea' id='block_1_100' title="bbox 113 5079 1682 5156">
    <p class='ocr_par' dir='ltr' id='par_1_100' title="bbox 113 5079 1682 5156">
     <span class='ocr_line' id='line_1_100' title="bbox 113 5079 1682 5156; baseline 0.004 -25"><span class='ocrx_word' id='word_1_734' title='bbox 113 5079 377 5150; x_wconf 70' lang='grc' dir='ltr'>τήμασιν,</span> <span class='ocrx_word' id='word_1_735' title='bbox 409 5080 462 5135; x_wconf 80' lang='lat' dir='ltr'><strong>oi</strong></span> <span class='ocrx_word' id='word_1_736' title='bbox 479 5082 712 5136; x_wconf 84' lang='grc' dir='ltr'>τοιοῦτοι</span> <span class='ocrx_word' id='word_1_737' title='bbox 735 5082 916 5137; x_wconf 85' lang='grc' dir='ltr'>τοίνυν</span> <span class='ocrx_word' id='word_1_738' title='bbox 941 5082 1030 5136; x_wconf 79' lang='grc' dir='ltr'>ἵνα</span> <span class='ocrx_word' id='word_1_739' title='bbox 1057 5085 1289 5139; x_wconf 82' lang='grc' dir='ltr'>πάντοτε</span> <span class='ocrx_word' id='word_1_740' title='bbox 1303 5083 1405 5154; x_wconf 71' lang='grc' dir='ltr'><strong>μὲν</strong></span> <span class='ocrx_word' id='word_1_741' title='bbox 1428 5083 1682 5156; x_wconf 74' lang='grc' dir='ltr'><strong>ἐξομολο⁴</strong></span> 
     </span>
    </p>
   </div>
   <div class='ocr_carea' id='block_1_101' title="bbox 113 5169 1682 5249">
    <p class='ocr_par' dir='ltr' id='par_1_101' title="bbox 113 5169 1682 5249">
     <span class='ocr_line' id='line_1_101' title="bbox 113 5169 1682 5249; baseline 0.003 -23"><span class='ocrx_word' id='word_1_742' title='bbox 113 5169 318 5238; x_wconf 70' lang='grc' dir='ltr'>γῶν-ται</span> <span class='ocrx_word' id='word_1_743' title='bbox 344 5172 535 5238; x_wconf 79' lang='grc' dir='ltr'>ὁσάκις</span> <span class='ocrx_word' id='word_1_744' title='bbox 567 5172 634 5227; x_wconf 77' lang='grc' dir='ltr'>ἂν</span> <span class='ocrx_word' id='word_1_745' title='bbox 664 5174 924 5229; x_wconf 79' lang='grc' dir='ltr'>πέσωσιν.</span> <span class='ocrx_word' id='word_1_746' title='bbox 967 5173 1095 5228; x_wconf 78' lang='grc' dir='ltr'><strong>Ἐάν</strong></span> <span class='ocrx_word' id='word_1_747' title='bbox 1119 5174 1176 5229; x_wconf 70' lang='grc' dir='ltr'>δὲ</span> <span class='ocrx_word' id='word_1_748' title='bbox 1203 5175 1298 5230; x_wconf 79' lang='grc' dir='ltr'>καὶ</span> <span class='ocrx_word' id='word_1_749' title='bbox 1335 5175 1406 5231; x_wconf 82' lang='grc' dir='ltr'>τὰ</span> <span class='ocrx_word' id='word_1_750' title='bbox 1431 5177 1682 5249; x_wconf 69' lang='grc' dir='ltr'>ἐπιτίμια</span> 
     </span>
    </p>
   </div>
   <div class='ocr_carea' id='block_1_102' title="bbox 115 5255 1682 5340">
    <p class='ocr_par' dir='ltr' id='par_1_102' title="bbox 115 5255 1682 5340">
     <span class='ocr_line' id='line_1_102' title="bbox 115 5255 1682 5340; baseline 0.004 -26"><span class='ocrx_word' id='word_1_751' title='bbox 115 5261 283 5316; x_wconf 81' lang='grc' dir='ltr'>αὑτοῦ</span> <span class='ocrx_word' id='word_1_752' title='bbox 314 5255 701 5335; x_wconf 79' lang='grc' dir='ltr'>πληρώσαντες</span> <span class='ocrx_word' id='word_1_753' title='bbox 727 5266 827 5319; x_wconf 84' lang='grc' dir='ltr'>ὅσα</span> <span class='ocrx_word' id='word_1_754' title='bbox 848 5264 915 5320; x_wconf 85' lang='grc' dir='ltr'>ἂν</span> <span class='ocrx_word' id='word_1_755' title='bbox 943 5264 1040 5337; x_wconf 79' lang='grc' dir='ltr'><strong>ἔτη</strong></span> <span class='ocrx_word' id='word_1_756' title='bbox 1072 5265 1261 5320; x_wconf 74' lang='grc' dir='ltr'>ἔλαϐον</span> <span class='ocrx_word' id='word_1_757' title='bbox 1287 5267 1442 5340; x_wconf 77' lang='grc' dir='ltr'>παρὰ</span> <span class='ocrx_word' id='word_1_758' title='bbox 1466 5266 1561 5321; x_wconf 91' lang='grc' dir='ltr'><strong>τοῦ</strong></span> <span class='ocrx_word' id='word_1_759' title='bbox 1596 5267 1682 5320; x_wconf 85' lang='grc' dir='ltr'>δε-</span> 
     </span>
    </p>
   </div>
   <div class='ocr_carea' id='block_1_103' title="bbox 116 5351 1681 5427">
    <p class='ocr_par' dir='ltr' id='par_1_103' title="bbox 116 5351 1681 5427">
     <span class='ocr_line' id='line_1_103' title="bbox 116 5351 1681 5427; baseline 0.004 -24"><span class='ocrx_word' id='word_1_760' title='bbox 116 5351 427 5424; x_wconf 82' lang='grc' dir='ltr'>σμήσαντος</span> <span class='ocrx_word' id='word_1_761' title='bbox 457 5353 675 5420; x_wconf 79' lang='grc' dir='ltr'>αὐτοὺς,</span> <span class='ocrx_word' id='word_1_762' title='bbox 718 5354 812 5408; x_wconf 77' lang='grc' dir='ltr'>καὶ</span> <span class='ocrx_word' id='word_1_763' title='bbox 862 5353 1146 5425; x_wconf 74' lang='grc' dir='ltr'>μέλλουσιν</span> <span class='ocrx_word' id='word_1_764' title='bbox 1185 5354 1681 5427; x_wconf 80' lang='grc' dir='ltr'>ἁποπληρὼσαντες</span> 
     </span>
    </p>
   </div>
   <div class='ocr_carea' id='block_1_104' title="bbox 114 5446 1684 5517">
    <p class='ocr_par' dir='ltr' id='par_1_104' title="bbox 114 5446 1684 5517">
     <span class='ocr_line' id='line_1_104' title="bbox 114 5446 1684 5517; baseline 0.003 -20"><span class='ocrx_word' id='word_1_765' title='bbox 114 5448 411 5511; x_wconf 79' lang='grc' dir='ltr'>κοινωνεῖν,</span> <span class='ocrx_word' id='word_1_766' title='bbox 426 5446 560 5517; x_wconf 81' lang='grc' dir='ltr'>μηδὲ</span> <span class='ocrx_word' id='word_1_767' title='bbox 575 5448 695 5501; x_wconf 83' lang='grc' dir='ltr'>τότε</span> <span class='ocrx_word' id='word_1_768' title='bbox 713 5449 1157 5506; x_wconf 74' lang='grc' dir='ltr'>κοινωνείτωσαν.</span> <span class='ocrx_word' id='word_1_769' title='bbox 1178 5449 1242 5504; x_wconf 82' lang='lat' dir='ltr'><strong>El</strong></span> <span class='ocrx_word' id='word_1_770' title='bbox 1256 5449 1313 5504; x_wconf 85' lang='grc' dir='ltr'>δὲ</span> <span class='ocrx_word' id='word_1_771' title='bbox 1328 5452 1421 5505; x_wconf 78' lang='grc' dir='ltr'>καὶ</span> <span class='ocrx_word' id='word_1_772' title='bbox 1434 5449 1573 5514; x_wconf 83' lang='grc' dir='ltr'>ὅλως</span> <span class='ocrx_word' id='word_1_773' title='bbox 1590 5450 1684 5502; x_wconf 60' lang='lat' dir='ltr'><strong>aiio</strong></span> 
     </span>
    </p>
   </div>
   <div class='ocr_carea' id='block_1_105' title="bbox 114 5535 1682 5611">
    <p class='ocr_par' dir='ltr' id='par_1_105' title="bbox 114 5535 1682 5611">
     <span class='ocr_line' id='line_1_105' title="bbox 114 5535 1682 5611; baseline 0.002 -23"><span class='ocrx_word' id='word_1_774' title='bbox 114 5535 241 5599; x_wconf 74' lang='grc' dir='ltr'>τοὺς</span> <span class='ocrx_word' id='word_1_775' title='bbox 267 5535 490 5592; x_wconf 76' lang='grc' dir='ltr'>ὲλιῶσιν</span> <span class='ocrx_word' id='word_1_776' title='bbox 515 5540 562 5593; x_wconf 84' lang='lat' dir='ltr'><strong>oi</strong></span> <span class='ocrx_word' id='word_1_777' title='bbox 594 5541 694 5611; x_wconf 74' lang='grc' dir='ltr'>τὴν</span> <span class='ocrx_word' id='word_1_778' title='bbox 718 5540 1069 5611; x_wconf 69' lang='grc' dir='ltr'>ἐξαγόρευσιν</span> <span class='ocrx_word' id='word_1_779' title='bbox 1096 5541 1374 5611; x_wconf 78' lang='grc' dir='ltr'>δεχόμενοι</span> <span class='ocrx_word' id='word_1_780' title='bbox 1410 5537 1682 5594; x_wconf 75' lang='grc' dir='ltr'>κοινωνεί-</span> 
     </span>
    </p>
   </div>
   <div class='ocr_carea' id='block_1_106' title="bbox 115 5627 1682 5703">
    <p class='ocr_par' dir='ltr' id='par_1_106' title="bbox 115 5627 1682 5703">
     <span class='ocr_line' id='line_1_106' title="bbox 115 5627 1682 5703; baseline 0.008 -30"><span class='ocrx_word' id='word_1_781' title='bbox 115 5636 319 5691; x_wconf 82' lang='grc' dir='ltr'>τωσαν,</span> <span class='ocrx_word' id='word_1_782' title='bbox 345 5627 479 5683; x_wconf 77' lang='grc' dir='ltr'>ἀλλὰ</span> <span class='ocrx_word' id='word_1_783' title='bbox 500 5631 638 5700; x_wconf 78' lang='grc' dir='ltr'>μετὰ</span> <span class='ocrx_word' id='word_1_784' title='bbox 658 5629 828 5685; x_wconf 82' lang='grc' dir='ltr'>ταῦτα</span> <span class='ocrx_word' id='word_1_785' title='bbox 851 5631 1451 5703; x_wconf 77' lang='grc' dir='ltr'>παραφυλαττέσθωσαν</span> <span class='ocrx_word' id='word_1_786' title='bbox 1477 5632 1682 5703; x_wconf 78' lang='grc' dir='ltr'>ἄχραν-</span> 
     </span>
    </p>
   </div>
   <div class='ocr_carea' id='block_1_107' title="bbox 117 5719 1682 5794">
    <p class='ocr_par' dir='ltr' id='par_1_107' title="bbox 117 5719 1682 5794">
     <span class='ocr_line' id='line_1_107' title="bbox 117 5719 1682 5794; baseline 0.003 -25"><span class='ocrx_word' id='word_1_787' title='bbox 117 5734 208 5770; x_wconf 86' lang='grc' dir='ltr'><strong>τον</strong></span> <span class='ocrx_word' id='word_1_788' title='bbox 241 5719 525 5774; x_wconf 79' lang='grc' dir='ltr'>κοινωνίαν</span> <span class='ocrx_word' id='word_1_789' title='bbox 575 5721 678 5785; x_wconf 72' lang='grc' dir='ltr'>ἓως</span> <span class='ocrx_word' id='word_1_790' title='bbox 721 5721 787 5776; x_wconf 69' lang='grc' dir='ltr'>ἂν</span> <span class='ocrx_word' id='word_1_791' title='bbox 824 5723 1194 5794; x_wconf 65' lang='grc' dir='ltr'>ἀποκόψωσιν</span> <span class='ocrx_word' id='word_1_792' title='bbox 1235 5723 1418 5786; x_wconf 73' lang='grc' dir='ltr'>ἐλέους</span> <span class='ocrx_word' id='word_1_793' title='bbox 1446 5722 1554 5793; x_wconf 81' lang='grc' dir='ltr'><strong>γὰρ</strong></span> <span class='ocrx_word' id='word_1_794' title='bbox 1589 5721 1682 5774; x_wconf 84' lang='grc' dir='ltr'>καὶ</span> 
     </span>
    </p>
   </div>
   <div class='ocr_carea' id='block_1_108' title="bbox 121 5808 1676 5884">
    <p class='ocr_par' dir='ltr' id='par_1_108' title="bbox 121 5808 1676 5884">
     <span class='ocr_line' id='line_1_108' title="bbox 121 5808 1676 5884; baseline 0.004 -25"><span class='ocrx_word' id='word_1_795' title='bbox 121 5809 308 5862; x_wconf 68' lang='grc' dir='ltr'>τούτου</span> <span class='ocrx_word' id='word_1_796' title='bbox 363 5808 526 5864; x_wconf 76' lang='grc' dir='ltr'>ῑνεκα</span> <span class='ocrx_word' id='word_1_797' title='bbox 580 5811 740 5878; x_wconf 82' lang='grc' dir='ltr'>μόνον</span> <span class='ocrx_word' id='word_1_798' title='bbox 794 5814 855 5865; x_wconf 80' lang='grc' dir='ltr'>ὲν</span> <span class='ocrx_word' id='word_1_799' title='bbox 910 5815 976 5884; x_wconf 77' lang='grc' dir='ltr'><strong>τῇ</strong></span> <span class='ocrx_word' id='word_1_800' title='bbox 1032 5812 1213 5884; x_wconf 80' lang='grc' dir='ltr'>κρίσει</span> <span class='ocrx_word' id='word_1_801' title='bbox 1260 5813 1676 5883; x_wconf 77' lang='grc' dir='ltr'>άξιωθὴσονται.</span> 
     </span>
    </p>
   </div>
   <div class='ocr_carea' id='block_1_109' title="bbox 358 5922 1194 5987">
    <p class='ocr_par' dir='ltr' id='par_1_109' title="bbox 358 5922 1194 5987">
     <span class='ocr_line' id='line_1_109' title="bbox 358 5922 1194 5987; baseline 0.006 -5"><span class='ocrx_word' id='word_1_802' title='bbox 358 5922 624 5987; x_wconf 67' lang='lat' dir='ltr'><strong>Parnm.</strong></span> <span class='ocrx_word' id='word_1_803' title='bbox 668 5928 782 5986; x_wconf 83' lang='lat' dir='ltr'><strong>Gn.</strong></span> <span class='ocrx_word' id='word_1_804' title='bbox 827 5927 1194 5987; x_wconf 65' lang='lat' dir='ltr'><strong>LXXXVIII.</strong></span> 
     </span>
    </p>
   </div>
   <div class='ocr_carea' id='block_1_110' title="bbox 1781 4980 3347 5056">
    <p class='ocr_par' dir='ltr' id='par_1_110' title="bbox 1781 4980 3347 5056">
     <span class='ocr_line' id='line_1_110' title="bbox 1781 4980 3347 5056; baseline 0.008 -20"><span class='ocrx_word' id='word_1_805' title='bbox 1781 4991 1834 5036; x_wconf 91' lang='lat' dir='ltr'><strong>te</strong></span> <span class='ocrx_word' id='word_1_806' title='bbox 1854 4980 2053 5038; x_wconf 87' lang='lat' dir='ltr'><strong>furtiva</strong></span> <span class='ocrx_word' id='word_1_807' title='bbox 2085 4982 2311 5049; x_wconf 88' lang='lat' dir='ltr'><strong>inimici,</strong></span> <span class='ocrx_word' id='word_1_808' title='bbox 2338 4986 2421 5039; x_wconf 91' lang='lat' dir='ltr'><strong>vel</strong></span> <span class='ocrx_word' id='word_1_809' title='bbox 2447 4999 2609 5053; x_wconf 85' lang='lat' dir='ltr'><strong>prava</strong></span> <span class='ocrx_word' id='word_1_810' title='bbox 2632 4986 2908 5056; x_wconf 88' lang='lat' dir='ltr'><strong>opinione,</strong></span> <span class='ocrx_word' id='word_1_811' title='bbox 2928 4989 3012 5044; x_wconf 92' lang='lat' dir='ltr'><strong>vel</strong></span> <span class='ocrx_word' id='word_1_812' title='bbox 3040 4990 3181 5046; x_wconf 87' lang='lat' dir='ltr'><strong>mala</strong></span> <span class='ocrx_word' id='word_1_813' title='bbox 3213 5006 3347 5048; x_wconf 84' lang='lat' dir='ltr'><strong>con-</strong></span> 
     </span>
    </p>
   </div>
   <div class='ocr_carea' id='block_1_111' title="bbox 1780 5072 3346 5152">
    <p class='ocr_par' dir='ltr' id='par_1_111' title="bbox 1780 5072 3346 5152">
     <span class='ocr_line' id='line_1_111' title="bbox 1780 5072 3346 5152; baseline 0.006 -23"><span class='ocrx_word' id='word_1_814' title='bbox 1780 5074 2068 5130; x_wconf 87' lang='lat' dir='ltr'><strong>suetudine</strong></span> <span class='ocrx_word' id='word_1_815' title='bbox 2093 5074 2280 5139; x_wconf 89' lang='lat' dir='ltr'><strong>illecti,</strong></span> <span class='ocrx_word' id='word_1_816' title='bbox 2302 5072 2500 5130; x_wconf 88' lang='lat' dir='ltr'><strong>iterum</strong></span> <span class='ocrx_word' id='word_1_817' title='bbox 2528 5076 2805 5144; x_wconf 89' lang='lat' dir='ltr'><strong>labuntur,</strong></span> <span class='ocrx_word' id='word_1_818' title='bbox 2829 5088 2886 5135; x_wconf 90' lang='lat' dir='ltr'><strong>et</strong></span> <span class='ocrx_word' id='word_1_819' title='bbox 2924 5078 2978 5135; x_wconf 92' lang='lat' dir='ltr'><strong>in</strong></span> <span class='ocrx_word' id='word_1_820' title='bbox 3010 5090 3229 5152; x_wconf 88' lang='lat' dir='ltr'><strong>peccata</strong></span> <span class='ocrx_word' id='word_1_821' title='bbox 3257 5083 3346 5139; x_wconf 86' lang='lat' dir='ltr'><strong>in-</strong></span> 
     </span>
    </p>
   </div>
   <div class='ocr_carea' id='block_1_112' title="bbox 1780 5163 3347 5241">
    <p class='ocr_par' dir='ltr' id='par_1_112' title="bbox 1780 5163 3347 5241">
     <span class='ocr_line' id='line_1_112' title="bbox 1780 5163 3347 5241; baseline 0.006 -19"><span class='ocrx_word' id='word_1_822' title='bbox 1780 5166 1989 5223; x_wconf 88' lang='lat' dir='ltr'><strong>cidunt.</strong></span> <span class='ocrx_word' id='word_1_823' title='bbox 2041 5163 2148 5233; x_wconf 82' lang='lat' dir='ltr'><strong>Qui</strong></span> <span class='ocrx_word' id='word_1_824' title='bbox 2181 5164 2498 5236; x_wconf 89' lang='lat' dir='ltr'><strong>bujusmodi</strong></span> <span class='ocrx_word' id='word_1_825' title='bbox 2550 5179 2700 5235; x_wconf 88' lang='lat' dir='ltr'><strong>sunt,</strong></span> <span class='ocrx_word' id='word_1_826' title='bbox 2742 5183 2956 5241; x_wconf 85' lang='lat' dir='ltr'><strong>semper</strong></span> <span class='ocrx_word' id='word_1_827' title='bbox 2985 5172 3347 5231; x_wconf 83' lang='lat' dir='ltr'><strong>confiteantur</strong></span> 
     </span>
    </p>
   </div>
   <div class='ocr_carea' id='block_1_113' title="bbox 1781 5255 3345 5336">
    <p class='ocr_par' dir='ltr' id='par_1_113' title="bbox 1781 5255 3345 5336">
     <span class='ocr_line' id='line_1_113' title="bbox 1781 5255 3345 5336; baseline 0.002 -22"><span class='ocrx_word' id='word_1_828' title='bbox 1781 5257 1998 5328; x_wconf 86' lang='lat' dir='ltr'><strong>quoties</strong></span> <span class='ocrx_word' id='word_1_829' title='bbox 2029 5255 2328 5312; x_wconf 84' lang='lat' dir='ltr'><strong>ceciderint</strong></span> <span class='ocrx_word' id='word_1_830' title='bbox 2352 5273 2368 5312; x_wconf 90' lang='lat'><strong>:</strong></span> <span class='ocrx_word' id='word_1_831' title='bbox 2389 5257 2435 5313; x_wconf 91' lang='lat' dir='ltr'><strong>si</strong></span> <span class='ocrx_word' id='word_1_832' title='bbox 2468 5265 2648 5313; x_wconf 84' lang='lat' dir='ltr'><strong>autem</strong></span> <span class='ocrx_word' id='word_1_833' title='bbox 2679 5269 2800 5330; x_wconf 89' lang='lat' dir='ltr'><strong>post</strong></span> <span class='ocrx_word' id='word_1_834' title='bbox 2834 5263 3135 5333; x_wconf 86' lang='lat' dir='ltr'><strong>completas</strong></span> <span class='ocrx_word' id='word_1_835' title='bbox 3169 5266 3345 5336; x_wconf 63' lang='grc' dir='ltr'><strong>ρωηίι</strong></span> 
     </span>
    </p>
   </div>
   <div class='ocr_carea' id='block_1_114' title="bbox 1785 5345 3345 5425">
    <p class='ocr_par' dir='ltr' id='par_1_114' title="bbox 1785 5345 3345 5425">
     <span class='ocr_line' id='line_1_114' title="bbox 1785 5345 3345 5425; baseline 0.004 -19"><span class='ocrx_word' id='word_1_836' title='bbox 1785 5349 1984 5406; x_wconf 83' lang='lat' dir='ltr'><strong>tentias</strong></span> <span class='ocrx_word' id='word_1_837' title='bbox 2031 5347 2133 5403; x_wconf 90' lang='lat' dir='ltr'><strong>sibi</strong></span> <span class='ocrx_word' id='word_1_838' title='bbox 2168 5345 2453 5418; x_wconf 88' lang='lat' dir='ltr'><strong>impositas</strong></span> <span class='ocrx_word' id='word_1_839' title='bbox 2497 5348 2612 5417; x_wconf 82' lang='lat' dir='ltr'><strong>jam</strong></span> <span class='ocrx_word' id='word_1_840' title='bbox 2666 5353 3122 5411; x_wconf 88' lang='lat' dir='ltr'><strong>eommunieaturi</strong></span> <span class='ocrx_word' id='word_1_841' title='bbox 3167 5370 3345 5425; x_wconf 87' lang='lat' dir='ltr'><strong>erant,</strong></span> 
     </span>
    </p>
   </div>
   <div class='ocr_carea' id='block_1_115' title="bbox 1782 5441 3348 5512">
    <p class='ocr_par' dir='ltr' id='par_1_115' title="bbox 1782 5441 3348 5512">
     <span class='ocr_line' id='line_1_115' title="bbox 1782 5441 3348 5512; baseline 0.006 -17"><span class='ocrx_word' id='word_1_842' title='bbox 1782 5454 1963 5512; x_wconf 88' lang='lat' dir='ltr'><strong>neque</strong></span> <span class='ocrx_word' id='word_1_843' title='bbox 2006 5448 2123 5494; x_wconf 89' lang='lat' dir='ltr'><strong>tum</strong></span> <span class='ocrx_word' id='word_1_844' title='bbox 2159 5441 2587 5501; x_wconf 86' lang='lat' dir='ltr'><strong>communicent.</strong></span> <span class='ocrx_word' id='word_1_845' title='bbox 2619 5441 2675 5497; x_wconf 86' lang='lat' dir='ltr'><strong>Si</strong></span> <span class='ocrx_word' id='word_1_846' title='bbox 2724 5457 2855 5500; x_wconf 85' lang='lat' dir='ltr'><strong>vero</strong></span> <span class='ocrx_word' id='word_1_847' title='bbox 2888 5461 3077 5502; x_wconf 85' lang='lat' dir='ltr'><strong>eorum</strong></span> <span class='ocrx_word' id='word_1_848' title='bbox 3123 5450 3348 5508; x_wconf 87' lang='lat' dir='ltr'><strong>omnino</strong></span> 
     </span>
    </p>
   </div>
   <div class='ocr_carea' id='block_1_116' title="bbox 1784 5529 3347 5606">
    <p class='ocr_par' dir='ltr' id='par_1_116' title="bbox 1784 5529 3347 5606">
     <span class='ocr_line' id='line_1_116' title="bbox 1784 5529 3347 5606; baseline 0.004 -18"><span class='ocrx_word' id='word_1_849' title='bbox 1784 5534 2133 5597; x_wconf 88' lang='lat' dir='ltr'><strong>miserentur,</strong></span> <span class='ocrx_word' id='word_1_850' title='bbox 2155 5529 2251 5602; x_wconf 88' lang='lat' dir='ltr'><strong>qui</strong></span> <span class='ocrx_word' id='word_1_851' title='bbox 2289 5529 2687 5589; x_wconf 83' lang='lat' dir='ltr'><strong>confessionem</strong></span> <span class='ocrx_word' id='word_1_852' title='bbox 2707 5535 3005 5606; x_wconf 81' lang='lat' dir='ltr'><strong>excipiunt,</strong></span> <span class='ocrx_word' id='word_1_853' title='bbox 3039 5540 3347 5594; x_wconf 83' lang='lat' dir='ltr'><strong>communi-</strong></span> 
     </span>
    </p>
   </div>
   <div class='ocr_carea' id='block_1_117' title="bbox 1785 5621 3348 5694">
    <p class='ocr_par' dir='ltr' id='par_1_117' title="bbox 1785 5621 3348 5694">
     <span class='ocr_line' id='line_1_117' title="bbox 1785 5621 3348 5694; baseline 0.004 -15"><span class='ocrx_word' id='word_1_854' title='bbox 1785 5633 1941 5691; x_wconf 87' lang='lat' dir='ltr'><strong>cent;</strong></span> <span class='ocrx_word' id='word_1_855' title='bbox 1973 5621 2067 5679; x_wconf 82' lang='lat' dir='ltr'><strong>sed</strong></span> <span class='ocrx_word' id='word_1_856' title='bbox 2101 5630 2288 5694; x_wconf 87' lang='lat' dir='ltr'><strong>postea</strong></span> <span class='ocrx_word' id='word_1_857' title='bbox 2315 5622 2418 5679; x_wconf 84' lang='lat' dir='ltr'><strong>hoc</strong></span> <span class='ocrx_word' id='word_1_858' title='bbox 2439 5623 2750 5693; x_wconf 82' lang='lat' dir='ltr'><strong>observent,</strong></span> <span class='ocrx_word' id='word_1_859' title='bbox 2780 5635 2839 5682; x_wconf 92' lang='lat' dir='ltr'><strong>ut</strong></span> <span class='ocrx_word' id='word_1_860' title='bbox 2860 5629 3219 5686; x_wconf 85' lang='lat' dir='ltr'><strong>intermittant</strong></span> <span class='ocrx_word' id='word_1_861' title='bbox 3245 5631 3348 5685; x_wconf 78' lang='lat' dir='ltr'><strong>im-</strong></span> 
     </span>
    </p>
   </div>
   <div class='ocr_carea' id='block_1_118' title="bbox 1786 5716 3349 5793">
    <p class='ocr_par' dir='ltr' id='par_1_118' title="bbox 1786 5716 3349 5793">
     <span class='ocr_line' id='line_1_118' title="bbox 1786 5716 3349 5793; baseline 0.004 -21"><span class='ocrx_word' id='word_1_862' title='bbox 1786 5716 2113 5772; x_wconf 84' lang='lat' dir='ltr'><strong>maculatam</strong></span> <span class='ocrx_word' id='word_1_863' title='bbox 2153 5716 2622 5785; x_wconf 88' lang='lat' dir='ltr'><strong>communionem,</strong></span> <span class='ocrx_word' id='word_1_864' title='bbox 2669 5719 2843 5775; x_wconf 88' lang='lat' dir='ltr'><strong>donec</strong></span> <span class='ocrx_word' id='word_1_865' title='bbox 2878 5735 2910 5775; x_wconf 87' lang='lat' dir='ltr'><strong>a</strong></span> <span class='ocrx_word' id='word_1_866' title='bbox 2955 5730 3179 5793; x_wconf 90' lang='lat' dir='ltr'><strong>peccato</strong></span> <span class='ocrx_word' id='word_1_867' title='bbox 3222 5737 3349 5793; x_wconf 46' lang='lat' dir='ltr'><strong>pere</strong></span> 
     </span>
    </p>
   </div>
   <div class='ocr_carea' id='block_1_119' title="bbox 1787 5807 3347 5883">
    <p class='ocr_par' dir='ltr' id='par_1_119' title="bbox 1787 5807 3347 5883">
     <span class='ocr_line' id='line_1_119' title="bbox 1787 5807 3347 5883; baseline 0.004 -19"><span class='ocrx_word' id='word_1_868' title='bbox 1787 5807 2051 5880; x_wconf 83' lang='lat' dir='ltr'><strong>petrando</strong></span> <span class='ocrx_word' id='word_1_869' title='bbox 2067 5823 2189 5865; x_wconf 81' lang='lat' dir='ltr'><strong>sese</strong></span> <span class='ocrx_word' id='word_1_870' title='bbox 2202 5807 2565 5867; x_wconf 80' lang='lat' dir='ltr'><strong>cohibuerint.</strong></span> <span class='ocrx_word' id='word_1_871' title='bbox 2589 5810 2814 5883; x_wconf 88' lang='lat' dir='ltr'><strong>Propter</strong></span> <span class='ocrx_word' id='word_1_872' title='bbox 2843 5813 2949 5868; x_wconf 87' lang='lat' dir='ltr'><strong>hoc</strong></span> <span class='ocrx_word' id='word_1_873' title='bbox 2965 5814 3110 5869; x_wconf 85' lang='lat' dir='ltr'><strong>enim</strong></span> <span class='ocrx_word' id='word_1_874' title='bbox 3136 5822 3347 5871; x_wconf 84' lang='lat' dir='ltr'><strong>tantum</strong></span> 
     </span>
    </p>
   </div>
   <div class='ocr_carea' id='block_1_120' title="bbox 2884 5921 2949 5984">
    <p class='ocr_par' dir='ltr' id='par_1_120' title="bbox 2884 5921 2949 5984">
     <span class='ocr_line' id='line_1_120' title="bbox 2884 5921 2949 5984; baseline 0.015 -1"><span class='ocrx_word' id='word_1_875' title='bbox 2884 5921 2949 5984; x_wconf 78' lang='grc'><strong>61</strong></span> 
     </span>
    </p>
   </div>
  </div>
