4112 6416
144 355 275 423 1937

1274 359 1529 453 SEBMO
1562 360 1657 420 DE
1689 359 2189 425 PCENITENTIA.

174 500 3337 540 mm

1225 629 1349 677 ΤΟΥ
1390 628 1473 676 EN
1513 628 1725 679 ΑΙἹΟΙΣ
1771 628 2027 680 ΠΛΤΡΟΣ
2050 632 2247 680 ΗΜΩΝ.

1363 774 1372 783 ’
1394 786 2075 904 ΙΩΑΝΝοΥ

1021 1000 1583 1055 ΔΡΧΙΕΠΙΣΚΟῙῙΟΥ
1631 1003 2440 1063 ΚΩΝΣΤΔΝΤΙΝΟΥΠΟΛΕΩΣ

1241 1162 1471 1250 ΤΟΥ
1540 1166 2208 1257 ΝΗΣΤΕΥΤΟΥ

776 1328 957 1381 ΠΕΡΙ
984 1326 1421 1395 ΜΕΤΔΝΟΙΔΣ,
1449 1331 1576 1385 ΚΑΙ
1595 1332 2067 1400 ΕΓΚΡΑΤΕΙΑΣ,
2093 1337 2219 1391 KAI
2242 1333 2672 1391 ΠΑΡΘΕΝΙΑΣ.

1225 1658 1319 1745 S.
1398 1660 1503 1746 P.
1583 1659 1695 1747 N.
1750 1658 2262 1751 JOANNIS

1047 1850 1569 1914 ARCHIEPISCOPI
1598 1851 2412 1913 CONSTANTINOPOLITANI

1648 1984 1806 2021 VULGO

1451 2083 1601 2145 IE1
1603 2082 1824 2145 UNAT
1825 2083 2015 2144 ORIS

716 2201 814 2265 DE
849 2204 1353 2283 P(ENITENTIA,
1383 2209 1481 2270 ET
1512 2207 1698 2271 CON’I

1796 2209 2049 2285 ENTIA,
2093 2211 2190 2271 ET
2229 2209 2747 2272 VIRGINITATE.

125 2328 267 2393 (Opp.
299 2327 355 2379 8.
377 2326 581 2379 Joannis
616 2326 946 2390 Cbrysostomi
974 2331 1056 2381 ed.
1096 2331 1358 2383 Frontonis
1396 2333 1581 2392 Ducat,
1608 2337 1728 2382 tom.
1759 2334 1799 2392 Ι,

1911 2348 1963 2397 g.
1993 2334 2109 2397 809;
2141 2335 2222 2385 ed.
2246 2332 2400 2397 Savil.
2433 2339 2555 2385 tom.
2601 2332 2706 2393 Vll,
2757 2346 2807 2396 p.
2845 2330 2958 2384 διι.
2993 2331 3174 2385 Omisit
3194 2330 3363 2383 lenta,

1154 2394 1344 2446 raucon.
1366 2393 1717 2457 Interpretatio
1744 2399 1823 2445 est
1843 2393 2078 2449 Bel-nardi
2108 2394 2349 2452 Brixiani.

203 2520 261 2574 Ὀ
295 2521 561 2593 μακάριος
588 2520 797 2585 Παῦλος
817 2522 1131 2587 ἀπόστολος,
1159 2526 1188 2577 6
1209 2524 1316 2578 τῶν
1344 2523 1512 2578 ἐθνῶν
1543 2523 1687 2579 διδά-

1855 2526 1917 2582 Si
1961 2527 2150 2583 beatus
2186 2524 2386 2582 Paulus
2432 2523 2712 2595 apostolus
2754 2521 3018 2594 gentium,
3058 2522 3252 2579 doctor
3293 2531 3351 2579 et

125 2614 323 2677 σκαλος
360 2615 457 2667 καί⁵
482 2613 918 2685 τῆςἘκκλησίας
949 2614 1259 2686 γενόμενος,
1289 2618 1319 2671 6
1339 2616 1448 2670 τῶν
1468 2616 1693 2671 ὄπισθεν

123 2703 633 2770 ἐπιλανθανόμενος,
656 2704 751 2757 καὶ
769 2705 888 2767 τοῖς
902 2702 1209 2775 ἔμπροσθεν
1228 2707 1692 2778 ἐπεκτεινόμενος,

123 2796 152 2847 6
177 2793 333 2864 σῶμα
376 2794 616 2865 φθαρτὸν
648 2795 1027 2865 περικείμενος
1052 2836 1068 2861 ,
1109 2797 1343 2861 καὶτοῖς
1386 2797 1694 2869 ἀσωμάτοις

125 2884 415 2954 δυνάμεσιν
462 2885 905 2956 ἀμιλλὼμενος,ὁ
945 2886 1034 2940 τὸν
1065 2887 1265 2958 δρόμον
1295 2887 1555 2954 τελέσας,
1597 2890 1694 2943 καὶ

123 2977 219 3045 τὴν
268 2976 453 3031 πίστιν
511 2979 775 3049 τηρήσας,
823 2980 855 3032 6
902 2979 960 3030 ὲν
1039 2980 1313 3050 νηστείαις
1366 2979 1692 3053 διαπρέψας,

126 3069 219 3122 καὶ
261 3069 320 3122 ἒν
366 3068 635 3131 κινδύνοις
691 3069 1074 3139 εὐδοκιμήσας,
1105 3072 1133 3123 6
1172 3073 1231 3124 ὲν
1257 3071 1403 3142 λιμῷ
1432 3072 1529 3126 καὶ
1553 3073 1695 3143 δίψει

127 3158 518 3231 εύαρεστήσας,
559 3160 589 3212 6
622 3159 729 3212 ἀπὸ
780 3159 1132 3231 Ἰερουσαλὴμ
1176 3162 1361 3233 κύκλῳ
1402 3164 1564 3234 μέχρι
1597 3163 1694 3218 τοῦ

136 3248 434 3319 Ἰλλυρικοῦ
456 3249 535 3321 τῷ
558 3250 776 3321 Χριστῷ
796 3250 1277 3323 διακονησάμενος,
1305 3256 1334 3307 6
1356 3254 1445 3307 τὸν
1464 3256 1696 3327 Χριστὸν

127 3338 262 3410 ἔχων
309 3343 369 3394 ὲν
414 3341 592 3413 ἑαυτῷ
628 3342 892 3396 λαλοῦντα
914 3382 930 3404 ,
968 3345 997 3397 6
1038 3344 1278 3413 ἐπίγειος
1314 3346 1565 3416 ἄγγελος,
1600 3350 1698 3402 καὶ

123 3430 367 3501 οὐράνιος
392 3430 695 3502 ἄνθρωπος,
707 3434 738 3487 6
752 3432 943 3502 κλητὸς
970 3433 1303 3502 ’Δπόστολος,
1326 3437 1526 3491 καὶτοῦ
1540 3438 1695 3506 ἁγίου

125 3521 441 3593 Ηνεύματος
468 3524 671 3594 δοχεῖον
700 3525 1008 3595 γενόμενος,
1043 3525 1077 3578 6
1104 3525 1206 3589 ἕως
1239 3527 1423 3598 τρίτου
1459 3528 1697 3583 ἀνελθὼν

124 3612 352 3683 οὐρανοῦ
379 3653 396 3677 ,
444 3616 540 3668 καὶ
566 3614 676 3668 τῶν
705 3618 961 3688 ἀρρήτων
997 3616 1219 3673 ἑκείνων
1248 3618 1559 3685 ἐπακούσας
1594 3622 1697 3693 ῥη-

130 3703 336 3772 μάτων,
364 3705 397 3757 6
424 3704 563 3776 μετὰ
596 3704 848 3776 σώματος
879 3706 961 3761 ἔτι
988 3707 1232 3779 φθαρτοῦ
1262 3711 1488 3780 οἰκήσας
1518 3711 1699 3782 παρά-

122 3792 318 3859 εεισον,
340 3797 377 3848 6
405 3793 549 3866 ζήλῳ
572 3794 919 3867 ἀσύγκριτος,
952 3800 982 3852 6
1010 3799 1146 3869 πρὸς
1184 3800 1405 3870 ἀγάπην
1434 3800 1599 3864 πολὺς
1628 3841 1642 3864 ,
1669 3804 1698 3854 6

1794 2616 2052 2675 Ecclesiae
2088 2617 2440 2683 constitutus,
2475 2615 2836 2687 posteriorum
2857 2614 3062 2670 oblitus
3082 2614 3211 2670 etin
3252 2630 3352 2671 an-

1793 2710 1989 2765 teriora
2021 2723 2081 2763 se
2121 2707 2438 2775 extendens,
2468 2722 2668 2777 corpus
2708 2705 3060 2775 corruptibile
3107 2704 3349 2771 indutus,

1797 2808 1853 2855 et
1892 2798 2224 2869 incorporeis
2254 2798 2555 2855 colluctans
2582 2797 2942 2868 potestatibus
2966 2814 2981 2853 :
3005 2795 3097 2865 qui
3128 2811 3349 2852 cursum

1795 2889 2191 2947 consummavit
2212 2928 2229 2955 ,
2276 2896 2332 2944 et
2358 2888 2519 2944 ﬁdem
2551 2887 2824 2945 servavit‘
2856 2905 2870 2943 :
2902 2887 2994 2958 qui
3034 2887 3089 2942 in
3131 2886 3355 2956 jejuniis
3420 2900 3423 2903 λ

1791 2978 2063 3045 ειοειιυίι,
2093 2984 2149 3034 et
2189 2977 2246 3033 in
2284 2976 2540 3049 periculis
2564 2976 2792 3033 celebris
2821 2975 2997 3032 factus
3023 2984 3108 3031 est
3140 2976 3269 3047 :qni
3297 2977 3352 3030 in

1792 3068 1961 3133 fame,
1989 3077 2044 3124 et
2071 3068 2124 3124 in
2153 3068 2244 3124 siti
2269 3077 2523 3138 acceptus
2542 3067 2644 3122 fuit
2669 3068 2713 3131 ⁸,
2752 3068 2844 3139 qui
2876 3070 2945 3123 ab
2972 3067 3270 3123 Jerusalem
3297 3068 3350 3122 in

1797 3159 2029 3214 circuitu
2058 3173 2232 3228 usque
2251 3158 2319 3214 ad
2347 3157 2619 3230 Illyricum
2641 3157 2861 3215 Christo
2889 3157 3173 3223 aervivit',
3191 3156 3353 3213 Chri-

1794 3259 1937 3306 stum
1962 3250 2018 3304 in
2043 3250 2222 3320 seipso
2243 3248 2444 3305 habens
2468 3248 2802 3318 loquentem,
2824 3249 3092 3306 terrestris
3109 3249 3354 3320 angelus,

1792 3347 1847 3395 et
1873 3339 2111 3396 caelestis
2132 3341 2317 3404 homo,
2358 3349 2582 3396 vocatus
2601 3340 2911 3410 Apostolus,
2945 3349 3001 3396 et
3032 3343 3204 3397 sancti
3233 3340 3358 3412 Spi-

1793 3432 1934 3497 ritus
1981 3431 2382 3503 receptaculum
2424 3431 2602 3488 iactus
2631 3432 2759 3502 :qui
2807 3447 2980 3502 usque
3021 3432 3092 3488 ad
3134 3432 3354 3488 tertium

1794 3524 1993 3579 malum
2022 3523 2290 3587 ascendit,
2315 3532 2371 3579 et
2398 3522 2687 3579 inetTabilia
2730 3523 2822 3578 illa
2865 3523 3072 3579 audivit
3097 3524 3259 3579 verba
3283 3522 3306 3556 ‘
3337 3542 3357 3578 :

1794 3613 1890 3683 qui
1922 3615 1976 3668 in
2009 3627 2239 3683 corpore
2271 3611 2450 3670 adhuc
2484 3612 2820 3683 corruptibili
2856 3611 3166 3681 paradisum
3204 3611 3356 3665 babi—

1794 3704 1946 3773 tavit,
1969 3704 2084 3759 zelo
2114 3702 2573 3771 ineomparabilis,
2597 3703 2861 3759 cbaritate
2896 3717 3145 3771 magnus,
3175 3701 3356 3757 Eccle-

1796 3788 2001 3863 siarum
2040 3794 2135 3848 Dei
2178 3793 2444 3850 sollicitus
2478 3802 2720 3858 curator,
2754 3802 2938 3848 orator
2979 3792 3213 3863 pietatis,
3247 3794 3355 3848 im-

125 3883 229 3937 τῶν
264 3862 603 3955 Ἐκκλησιῶν
631 3885 726 3939 τοῦ
754 3862 1291 3961 δεοῦῖμεριμνητῆς,
1315 3892 1343 3944 ὁ
1360 3862 1557 3962 ’ῥήτωρ
1579 3862 1696 3963 -τῆς

1796 3862 2068 3944 becillium
2104 3885 2389 3953 deductor,
2435 3885 2769 3942 credentium
2814 3885 3112 3953 pronubus.
3140 3882 3356 3940 Judeo-

124 3975 426 4042 εὐσεϐείας,
455 3978 485 4031 6
513 3975 621 4030 τῶν
647 3977 1014 4033 ἀσθενούντων
1036 3981 1392 4051 χειραγωγὺς,
1412 3984 1446 4035 6
1473 3982 1580 4037 τῶν
1606 3999 1693 4036 m-

125 4067 425 4122 πινόντων
460 4068 845 4139 νυμφαγωγὸς,
872 4071 902 4123 6
934 4070 1042 4125 τῶν
1080 4070 1345 4127 Ἰουδαίων
1388 4073 1626 4144 ἐλεγχος,
1654 4078 1690 4146 ἡ

125 4159 341 4212 πάντων
371 4158 528 4229 ἡμῶν
556 4161 787 4231 σαγήνη,
820 4163 850 4214 6
885 4162 1022 4231 μετά
1053 4162 1318 4234 νέκρωσιν
1353 4164 1689 4229 διδάσκαλος,

122 4251 217 4303 καὶ
251 4250 396 4320 μετὰ
421 4250 654 4305 θάνατον
681 4251 859 4323 κήρυξ
877 4294 894 4319 ,
938 4254 967 4307 6
995 4253 1174 4319 δείξας
1201 4257 1332 4325 ἡμῖν
1373 4256 1488 4320 πῶς
1513 4258 1595 4311 δεῖ
1615 4260 1692 4321 εἰς

121 4340 388 4407 οὐρανοὺς
432 4340 672 4395 ἀνελθεῖν
691 4381 709 4408 ,
753 4344 804 4396 εί
836 4337 989 4406 οὗτος
1019 4345 1048 4396 6
1084 4346 1321 4400 τοσαῦτα
1362 4347 1693 4418 κεκτημένος

121 4431 595 4499 πλεονεκτήματα,
623 4432 653 4483 6
676 4432 871 4499 λέγων,
924 4432 1114 4486 οὐδὲν
1143 4434 1374 4503 ἐμαυτῷ
1401 4436 1654 4490 σύνοιδα
1674 4478 1690 4503 ,

122 4516 369 4584 ἐφοϐεῖτο
400 4519 493 4572 καὶ
512 4519 667 4588 ἔλεγε
700 4560 715 4581 .
761 4521 857 4589 Μή
883 4534 1007 4588 πως
1033 4523 1249 4590 ἄλλοις
1285 4527 1551 4593 κηρύξας
1586 4528 1694 4582 αὺ-

121 4606 223 4671 τὸς
254 4608 541 4679 ἀδόκιμος
561 4610 836 4680 γένωμαι,
868 4613 922 4665 τί
952 4616 1247 4685 ποιήσομεν
1277 4617 1457 4685 ἡμεῖς,
1494 4619 1544 4670 οἱ
1571 4616 1694 4689 μηδ’

121 4697 258 4761 ὅλως
294 4698 625 4770 κατόρθωμα
657 4701 793 4772 πρὸς
834 4702 1036 4774 ἀρετὴν
1075 4706 1442 4775 κεκτημένοις
1482 4709 1685 4764 Οὐκοῦν

122 4788 425 4857 ἀγρυπνεῖν
445 4789 648 4844 δεῖκαὶ
691 4792 1087 4865 προσεύχεσθαι
1122 4797 1180 4849 ὲν
1206 4799 1367 4851 παντὶ
1384 4800 1562 4871 καιρῷ
1600 4802 1693 4857 καὶ

123 4878 295 4930 αἰτεῖν
332 4878 428 4932 τὸν
447 4879 578 4933 θεὸν
604 4920 622 4947 ,
648 4882 709 4934 οὐ
739 4883 958 4953 χρυσὸν,
988 4887 1087 4941 οὐκ
1112 4888 1367 4959 ἄργυρον,
1400 4890 1521 4945 οὕτε
1558 4893 1693 4957 ὅλως

124 4968 355 5023 πλοῦτον
390 4970 649 5038 ἐπίγειον,
690 4973 825 5028 ἀλλά
856 4976 1016 5045 μόνον
1040 4978 1139 5047 τὴν
1169 4978 1442 5049 βασιλείαν
1470 4985 1578 5037 τῶν
1606 4984 1694 5038 οὐ·

129 5064 328 5130 ρανῶν,
356 5067 451 5118 καὶ
475 5066 859 5136 ευφραίνεσθαι
888 5070 982 5124 ἐπὶ
1006 5071 1085 5141 τῷ
1129 5074 1339 5145 Κυρίῳ.
1385 5077 1568 5131 Ἄλλοι
1601 5080 1692 5132 εύ-

125 5155 542 5224 φραινέσθωσαν
565 5160 660 5212 ἐπί
691 5160 905 5233 πλούτῳ
933 5179 950 5196 ο
978 5162 1127 5217 ἄλλοι
1158 5165 1250 5218 ἐπὶ
1284 5166 1461 5238 ὑγιείᾳ
1490 5183 1506 5199 ο
1545 5168 1693 5224 ἄλλοι

125 5244 219 5295 ἐπὶ
247 5245 552 5318 εύπαιδείᾳ,
585 5248 680 5301 καὶ
709 5248 854 5322 δόξῃο
874 5224 922 5321 ⁹ἡ
947 5250 1004 5303 δὲ
1031 5224 1446 5323 παρθένοςίὲπί
1470 5256 1549 5326 τῷ
1580 5258 1663 5312 Κυ
1680 5292 1695 5301 -
1722 5224 1764 5278 c

130 5335 231 5405 ρίῳ
258 5352 277 5370 ο
311 5337 399 5391 ἵνα
425 5341 519 5392 καὶ
554 5339 647 5393 τὸν
675 5339 894 5395 ἔπαινον
926 5345 1025 5413 σχῇ
1057 5345 1187 5414 παρ’
1224 5344 1411 5410 αὑτοῦ,
1460 5345 1692 5414 λέγουσα

124 5425 205 5495 τῷ
226 5426 349 5497 Θεῷ
370 5444 385 5460 ο
412 5432 579 5499 Παρὰ
604 5431 722 5485 σοῦ
767 5436 801 5486 ό
830 5432 1072 5500 ἔπαινός
1104 5452 1243 5502 μου.
1277 5435 1443 5491 Οὐδὲν
1471 5440 1689 5510 αἰσχρό-

124 5529 310 5584 τερον,
359 5516 392 5586 ἢ
440 5517 839 5591 δυσειδέστερον
875 5520 1051 5592 ψυχῆς
1099 5524 1379 5594 ἐμπαθοῦς
1412 5542 1427 5558 ο
1460 5526 1580 5581 ὅθεν
1607 5529 1689 5582 δεῖ

1798 3994 1918 4033 rum
1947 3976 2278 4047 redargntio,
2320 3975 2495 4032 nostri
2524 3974 2769 4031 omnium
2802 3990 3022 4045 sagena,
3052 3983 3174 4045 post
3204 3989 3357 4029 mor-

1797 4068 2141 4126 tiﬁcationem
2164 4067 2380 4132 doctor,
2407 4074 2462 4123 et
2492 4076 2615 4137 post
2646 4076 2874 4124 mortem
2903 4082 3103 4137 praeco,
3141 4068 3235 4138 qui
3256 4082 3357 4123 no-

1796 4158 1883 4213 bis
1929 4157 2352 4222 demonstravit,
2397 4156 2673 4226 quomodo
2724 4156 2779 4211 in
2844 4156 3013 4214 caelos
3062 4157 3357 4215 ascendere

1797 4257 2041 4320 oporteat
2064 4267 2079 4304 :
2105 4249 2153 4305 si
2175 4249 2282 4312 hic.
2300 4249 2543 4317 inquam,
2561 4257 2639 4304 tot
2654 4248 2935 4319 possidens
2963 4248 3258 4319 privilegia,
3278 4250 3357 4305 di-

1797 4351 1927 4392 cens
1961 4355 1975 4391 :
2002 4335 2151 4392 Nihil
2187 4338 2315 4391 mihi
2348 4337 2451 4407 ipsi
2473 4338 2714 4391 conscius
2739 4354 2855 4391 sum
2880 4337 2903 4368 ⁸
2927 4338 3148 4393 timebat
3189 4347 3246 4394 et
3271 4339 3355 4394 di-

1794 4428 1952 4483 cebat
1977 4446 1989 4481 :
2023 4426 2106 4481 Ne
2138 4428 2259 4481 'orte
2281 4428 2411 4481 dum
2428 4428 2556 4483 aliis
2584 4430 2955 4498 pradicavero,
2981 4432 3088 4498 ipse
3107 4429 3353 4498 reprobus

1797 4520 1926 4588 ﬁam
1958 4521 1979 4553 ⁸
2008 4538 2023 4574 :
2049 4519 2179 4589 quid
2213 4517 2475 4575 faciemus
2496 4535 2619 4586 nos,
2654 4520 2863 4575 nullum
2896 4520 2962 4575 ad
2995 4519 3356 4575 virtutemin-

1798 4620 2134 4667 crementum
2167 4610 2390 4680 adepti?
2418 4610 2584 4681 Igitur
2603 4611 2828 4681 vigilare
2854 4616 3095 4681 oportet,"
3117 4622 3174 4668 et
3198 4627 3356 4668 orate

1798 4702 2025 4757 inomni
2054 4710 2313 4773 tempore,
2343 4713 2401 4760 et
2437 4719 2467 4757 a
2501 4702 2610 4758 Deo
2639 4714 2838 4773 petere,
2867 4718 2974 4758 non
2999 4719 3214 4769 aurum,
3242 4720 3355 4760 non

1799 4804 2101 4866 argentum,
2141 4809 2242 4850 nec
2269 4796 2492 4850 omnino
2518 4795 2736 4851 divitias
2768 4804 3030 4861 terrenas,
3057 4796 3151 4851 sed
3178 4796 3354 4851 solum

1797 4888 2057 4942 calorum
2116 4901 2362 4955 regnum,
2399 4888 2530 4943 etin
2573 4886 2803 4943 Domino
2835 4888 3086 4959 gaudere.
3131 4887 3235 4943 Alii
3264 4890 3355 4944 lae-

1800 4986 1980 5032 temur
2006 4977 2063 5032 in
2089 4977 2308 5044 divitiis,
2340 4977 2430 5032 alii
2460 4978 2515 5033 in
2547 4978 2797 5044 sanitate,
2827 4978 2921 5033 alii
2955 4978 3010 5034 in
3038 4980 3280 5035 doctrina
3301 4989 3358 5036 et

1797 5072 2005 5141 gloria:
2054 5075 2203 5142 virgo
2259 5081 2441 5129 autem
2485 5072 2542 5128 in
2590 5072 2844 5138 Domino,
2901 5083 2959 5128 nt
3013 5083 3068 5129 et
3126 5074 3197 5129 ab
3237 5074 3356 5145 ipso

1798 5162 2012 5218 laudem
2055 5163 2265 5231 habeat,
2308 5164 2495 5221 dicens
2546 5163 2693 5220 Deo:
2723 5165 2876 5233 Apud
2910 5176 2958 5219 te
3005 5165 3124 5219 lam
3169 5181 3284 5220 mea
3307 5167 3352 5219 '.

1797 5253 1941 5309 Nihil
1981 5257 2209 5326 turpius,
2246 5268 2341 5313 aut
2367 5258 2655 5314 informius
2689 5263 2871 5312 anima
2907 5258 3051 5311 vitiis
3098 5258 3353 5312 ebuosia.

1801 5348 1954 5405 Unde
1984 5352 2178 5405 animo:
2206 5350 2663 5420 pulchritudinem
2692 5351 2975 5420 providere
3000 5350 3270 5413 convenit,
3299 5357 3357 5403 et

1789 5440 2005 5497 dicere:
2028 5441 2346 5509 Domine,is
2370 5443 2634 5498 nolumus
2677 5453 2768 5497 tua
2795 5452 2989 5513 praesta
3024 5442 3199 5497 decori
3243 5456 3353 5494 nuo

1792 5533 2035 5589 virtutem
2061 5535 2085 5567 ⁸
2112 5551 2131 5591 :
2154 5545 2213 5593 ut
2234 5546 2291 5592 et
2326 5550 2561 5607 sponsus
2592 5536 2901 5592 interiorem
2936 5546 3082 5591 tuam
3115 5534 3350 5605 speciem

203 5671 217 5699 ¹
244 5668 440 5760 ξἸ-’Τίιῃ
464 5690 544 5760 liv,
632 5678 878 5760 semp":
901 5677 1096 5760 ll_C_or.
1116 5695 1203 5760 _xt,
1226 5680 1452 5760 ’ΞΒ-27.ίὶ
1492 5687 1513 5717 ³
1546 5685 1698 5745 ιὶυιιι.

1795 5690 1958 5755 r,19.
2035 5690 2057 5722 ι
2110 5689 2307 5748 llCor.
2344 5690 2592 5760 χωρ-ι.
2668 5688 2877 5747 'lCor.
2916 5688 3063 5757 ιν,ι.
3137 5685 3353 5741 σιροτ.

136 5752 219 5804 ιι,
244 5739 339 5796 27.
410 5742 432 5774 "
461 5742 604 5798 Psal.
642 5739 759 5812 xxi;
792 5747 881 5800 26.
956 5748 978 5780 ⁸
1009 5747 1149 5804 Psal.
1189 5739 1360 5819 'xxu,
1425 5754 1478 5809 8.
