4112 6416
1580 358 1900 420 JOANNIS
1925 359 2439 425 IEJUNATORIS
2493 367 2600 428 (ΖΡ.
2667 371 3022 435 ARCHIEP.

3825 380 3963 446 ιεω

2366 573 2654 643 θελήματι
2675 593 2793 632 σου
2822 579 3141 650 παράσχου
3164 580 3246 648 τῷ
3272 583 3483 640 κάλλει
3500 603 3626 656 μου
3653 585 3958 649 δύναμιν-⁸

687 651 775 752 ἵνα
798 659 892 752 και
912 660 942 712 6
969 659 1200 730 νυμφίος
1233 660 1355 717 ἰδών
1383 679 1476 716 σου
1497 662 1596 734 τὴν
1616 663 1760 718 ἔνδον
1783 665 2084 736 εὐμορφίαν
2108 665 2258 739 εἶπεν
2300 665 2452 736 Ὄλη
2477 672 2636 741 καλνή
2662 671 2724 729 εἴ
2767 675 2806 744 ή
2831 677 3098 746 πλησίον
3109 697 3246 749 μου,
3272 681 3370 736 καί
3387 651 3598 752 μῶμος
3635 683 3760 736 οὐκ
3787 680 3959 737 ἐστιν

684 744 756 799 ἐν
784 750 906 803 σοι.

760 838 862 894 Sed
889 841 1008 896 vide
1030 843 1244 899 etiamsi
1273 845 1526 902 virtutem
1562 849 1900 919 praestiteris,
1933 865 2002 904 ne
2028 848 2260 904 extolla-

689 932 764 987 ris
785 931 847 986 in
878 935 1058 1002 specie
1095 945 1206 1002 tua,
1243 953 1310 991 ue
1345 936 1483 993 forte
1515 949 1733 1010 pr0pter
1766 940 2070 1010 superbiam
2110 951 2258 996 tuam

686 1032 966 1080 avertatur
985 1025 1146 1094 Deus,
1173 1037 1227 1083 et
1248 1029 1410 1085 elatio
1431 1039 1522 1086 tua
1549 1022 1923 1103 redarguatur.
1947 1032 2087 1097 Quid
2113 1035 2258 1088 enim

684 1117 1016 1188 condignum
1039 1119 1123 1176 his
1153 1122 1424 1178 sustinere
1445 1132 1621 1194 potes,
1645 1140 1765 1194 qua:
1786 1135 2000 1194 pr0pter
2022 1136 2073 1181 te
2103 1127 2262 1182 Chri-

685 1217 803 1264 stus
849 1212 1151 1268 sustinuit?
1192 1213 1504 1270 Humiliavit
1542 1217 1782 1286 seipsum
1837 1225 1896 1272 ut
1927 1217 2090 1273 homo
2113 1219 2178 1286 “,
2209 1230 2261 1276 te

2445 854 2603 909 MM
2628 851 2812 922 βλέπε,
2837 856 2942 910 κᾶν
2963 858 3312 932 κατορθώσῃς
3330 861 3428 933 τὴν
3448 860 3770 933 ἀρετὴν,μὴ
3789 865 3960 933 ἐπαρ-

2363 948 2461 1019 θῇς
2479 935 2574 1000 ain
2591 946 2667 1018 τῷ
2683 946 2866 1002 κάλλει
2887 965 3005 1014 σου,
3026 951 3100 1022 μή
3117 968 3244 1005 ποτε
3263 953 3352 1007 διὰ
3365 954 3465 1024 τὴν
3480 954 3806 1026 ὑπεροψίαν
3833 972 3946 1012 σου.

2361 1041 2684 1110 ἀποστραφῇ
2718 1041 2748 1092 6
2781 1039 2935 1104 Θεδς,
2968 1041 3062 1096 καὶ
3098 1041 3325 1115 ὲλεγχθῇ
3356 1061 3449 1098 σου
3481 1046 3543 1100 τὸ
3595 1046 3860 1115 ἔπαρμα.
3890 1047 3952 1100 Τί

2359 1131 2472 1201 γὰρ
2501 1130 2623 1184 κατ’
2649 1130 2810 1197 ἀξίαν
2842 1131 3070 1187 δύνασαι
3095 1134 3406 1206 ὑπομεῖναι,
3455 1129 3532 1190 ὧν
3567 1138 3820 1207 Χριστὸς
3856 1140 3954 1190 ὑπ-

2361 1223 2545 1291 έμεινε
2569 1221 2658 1275 διὰ
2674 1221 2769 1288 σεξ
2789 1224 3156 1278 ἐταπείνωσεν
3167 1225 3358 1280 ἑαυτὸν
3378 1227 3453 1290 ὡς
3473 1228 3574 1282 ἄνθ
3584 1245 3780 1299 ρωπος
3795 1230 3955 1299 τιμίῳ

683 1303 924 1372 pretioso
973 1305 1238 1377 sanguine
1280 1309 1505 1364 redemit
1545 1310 1682 1379 :qui
1734 1310 1829 1365 dat
1880 1326 2059 1367 escam
2110 1314 2258 1368 omni

2359 1313 2554 1383 αἵματι
2593 1314 2762 1368 αὑτοῦ
2807 1315 3051 1386 ἡγόρασέ
3095 1332 3156 1369 σε
3192 1331 3208 1347 ⁸
3242 1318 3272 1372 6
3304 1317 3484 1382 διδοὺς
3537 1319 3768 1390 τροφὴν
3811 1319 3955 1393 πάσῃ

687 1397 868 1463 carni,
891 1396 1159 1470 jejunavit
1199 1410 1418 1472 propter
1464 1411 1518 1457 te
1544 1421 1558 1457 :
1587 1403 1681 1473 qui
1717 1404 1894 1460 mellis
1921 1406 2258 1462 dulcedinem

686 1491 909 1556 ereavit,
943 1490 1013 1548 fel
1053 1495 1289 1564 gustavit
1325 1504 1545 1566 propter
1595 1505 1682 1550 te:
1717 1498 1810 1566 qui
1839 1499 2036 1552 coelum
2079 1502 2261 1555 stella-

685 1596 807 1636 rum
837 1593 980 1638 ctetu
1006 1585 1307 1651 coronavit,
1329 1587 1504 1656 spinis
1530 1598 1748 1658 propter
1771 1597 1820 1644 te
1839 1601 2132 1646 coronatus
2154 1603 2257 1656 est,

2362 1405 2546 1476 σαρκὶ,
2577 1405 2868 1471 ἐνήστευσε
2896 1405 2983 1459 διὰ
3015 1406 3073 1459 σέ
3099 1423 3114 1435 ’
3144 1408 3173 1461 6
3197 1407 3296 1478 τὴν
3318 1409 3645 1478 γλυκύτητα
3673 1411 3783 1463 τοῦ
3811 1411 3954 1481 μέλι-

2358 1493 2450 1560 τος
2498 1495 2944 1567 δημιουργήσας,
2989 1497 3154 1568 χολῆς
3188 1498 3451 1566 ἐγεύσατο
3480 1500 3570 1554 διὰ
3614 1501 3677 1554 σέ
3714 1518 3732 1531 ’
3777 1504 3809 1554 ὁ
3848 1504 3954 1556 στέ-

2357 1587 2466 1656 ψας
2497 1587 2589 1641 τὸν
2639 1587 2866 1656 οὐρανθον
2915 1587 2994 1659 τῷ
3038 1589 3184 1661 χορῷ
3224 1591 3334 1643 τῶν
3371 1593 3634 1663 ἄστρων,
3687 1593 3956 1657 ἀκᾶνθαις

685 1683 742 1728 et
772 1690 945 1745 usque
970 1676 1035 1730 ad
1064 1684 1292 1733 mortem
1321 1679 1578 1734 obediens
1602 1678 1776 1735 factus
1801 1689 1886 1737 est
1913 1683 1953 1715 “
1981 1699 1994 1735 :
2021 1684 2184 1754 igitur
2203 1685 2258 1738 iu

2358 1680 2628 1752 ἐστέψατο
2665 1681 2753 1735 διὰ
2793 1682 2873 1741 σὲ,
2920 1683 3015 1735 καὶ
3047 1683 3207 1754 μέχρι
3235 1683 3476 1740 θανάτου,
3497 1686 3762 1755 ὑπήκοος
3803 1687 3952 1755 γέγο-

686 1766 773 1823 his
818 1783 926 1822 non
960 1767 1129 1823 laetari
1153 1809 1168 1833 ,
1221 1771 1312 1826 sed
1364 1771 1617 1841 plangere
1650 1774 1922 1839 convenit,
1951 1784 2006 1829 et
2043 1776 2260 1830 credi-re

684 1859 883 1914 dicenti
912 1878 926 1914 :
962 1853 1100 1925 om
1121 1861 1295 1916 dicitis
1329 1864 1382 1916 in
1413 1864 1656 1918 cordibus
1716 1867 1919 1930 castris,
1968 1868 2022 1920 in
2068 1868 2256 1922 cubili-

686 1950 780 2006 bus
810 1953 997 2006 vestris
1019 1955 1430 2025 aompuugimini
1456 1955 1500 1985 ι’
1526 1973 1539 2010 :
1568 1965 1626 2009 ut
1661 1971 1783 2026 qua:
1808 1955 1860 2011 in
1891 1957 1980 2012 die
2011 1957 2261 2022 fecimus,

687 2045 741 2099 in
781 2053 939 2101 nocte
971 2045 1213 2101 meditati
1239 2063 1543 2118 gemamus.
1575 2047 1651 2103 Ita
1672 2061 2037 2120 compunctus
2072 2053 2260 2106 Achab

683 2148 890 2194 vestem
925 2139 1106 2203 scidit,
1137 2149 1189 2195 et
1225 2142 1447 2196 indutus
1481 2151 1566 2198 est
1601 2157 1785 2208 sacco,
1823 2152 1878 2198 et
1909 2145 2139 2213 ploravit
2165 2164 2177 2198 :
2203 2154 2254 2200 et

685 2232 814 2301 quid
845 2231 1141 2287 Dominus?
1164 2231 1286 2287 Non
1322 2234 1594 2299 inducam,
1619 2236 1814 2305 inquit,
1845 2237 2043 2290 malum
2073 2237 2185 2306 ejus
2202 2240 2255 2292 in

685 2321 868 2375 diebus
897 2323 1064 2391 ipst
1096 2322 1160 2376 ¹⁸.
1185 2323 1476 2392 Propterea
1510 2333 1566 2378 et
1593 2323 1840 2380 Salvator
1861 2327 1938 2381 ait
1957 2346 1970 2381 :
1992 2325 2142 2380 Beati
2166 2329 2258 2397 qui

685 2415 862 2484 lugent
896 2415 960 2478 “,
995 2429 1102 2468 non
1133 2425 1430 2482 m0rtnum,
1460 2431 1569 2473 non
1611 2418 1901 2487 iacturam,
1935 2419 2027 2474 scd
2065 2436 2259 2490 pecca-

687 2517 803 2562 tum
833 2517 891 2563 ut
913 2507 1084 2572 dicat,
1109 2508 1251 2562 sicut
1281 2506 1452 2562 David
1477 2509 1654 2580 inquit
1686 2530 1700 2564 :
1735 2511 1942 2565 anabo
1967 2529 2059 2582 per
2077 2515 2259 2584 singu-

685 2600 768 2655 las
789 2610 966 2655 noctes
985 2599 1179 2654 lectum
1195 2616 1400 2664 meum;
1422 2599 1675 2671 lacrgmis
1693 2619 1822 2656 mets
1843 2613 2066 2658 stratum
2087 2621 2257 2658 meum

687 2691 872 2761 rigabo
901 2690 978 2756 ";
1011 2698 1066 2746 et
1094 2705 1312 2745 rursum
1340 2708 1353 2744 :
1387 2689 1582 2746 Exitus
1633 2709 1893 2758 aquarum
1925 2694 2258 2748 deduxerunt

687 2781 829 2836 oculi
851 2781 973 2846 mei,
991 2780 1118 2850 quia
1149 2795 1251 2834 non
1275 2780 1635 2835 custodierunt
1656 2782 1814 2850 legem
1835 2792 1975 2835 tuam
2003 2784 2066 2838 “.
2089 2784 2261 2838 Ablue

625 2887 632 2895 '
687 2873 946 2946 Iacrymis
972 2882 1316 2943 peccatorum
1339 2874 1557 2939 sordes,
1580 2873 1808 2929 frontem
1837 2877 2077 2941 verbera,
2105 2877 2258 2946 pulsa

684 2973 904 3036 pectus,
941 2965 992 3018 in
1017 2979 1238 3019 sensum
1265 2965 1388 3018 veni
1415 2980 1606 3020 eorum
1640 2982 1761 3036 qua:
1792 2969 2043 3036 peccasti.
2080 2969 2137 3024 Si
2167 2985 2262 3038 per

684 3059 878 3116 oculos
905 3067 1096 3129 captus
1124 3073 1205 3121 es,
1247 3057 1390 3112 sicut
1418 3058 1546 3112 olim
1574 3057 1742 3113 David
1768 3060 1904 3115 male
1947 3064 2151 3132 apertis
2179 3062 2261 3117 fe-

684 3149 886 3204 nestris
915 3148 956 3178 "
978 3149 1064 3214 ;.si
1093 3155 1279 3202 contra
1301 3147 1539 3202 animam
1567 3158 1714 3204 tuam
1736 3151 1877 3206 oculi
1909 3153 1986 3206 tui
2020 3152 2258 3220 luerunt,

683 3240 948 3296 concludc
980 3241 1032 3294 in
1067 3241 1267 3309 gemitu
1295 3240 1536 3303 oculum,
1575 3258 1738 3312 quem
1785 3245 1923 3298 male
1961 3245 2013 3298 in
2038 3245 2259 3300 lascivia

681 3331 975 3395 reserasti;
1019 3340 1360 3400 peccatorum
1405 3333 1550 3388 enim
1597 3336 1937 3389 consuetudo
1971 3335 2177 3405 lapsum
2204 3339 2258 3390 in

682 3419 839 3488 Peius
878 3418 1064 3472 trahit.
1100 3417 1157 3473 Si
1195 3433 1392 3487 purum
1433 3419 1599 3475 habes
1620 3421 2019 3486 vestimentum,
2053 3437 2122 3476 ne
2141 3435 2259 3475 am-

683 3509 838 3566 bules
861 3511 1102 3576 omnino,
1139 3526 1207 3565 ne
1233 3527 1343 3582 quo
1368 3513 1526 3567 modo
1547 3513 1876 3568 sordidet-ur.
1910 3512 1967 3567 Si
2006 3513 2256 3582 primam,

684 3602 1005 3667 secundam,
1029 3613 1086 3656 et
1129 3603 1346 3656 tertiam
1383 3605 1778 3674 contempseris
1809 3605 2108 3667 maculam,
2132 3619 2256 3659 cum

683 3693 1069 3749 vestimentum
1097 3693 1302 3749 habeas
1351 3695 1654 3759 sordidum,
1689 3710 1795 3748 non
1830 3696 2066 3764 amplius
2097 3711 2260 3765 grave

683 3785 923 3848 videtur,
951 3785 1075 3840 licet
1103 3794 1276 3840 totum
1304 3787 1398 3841 liat
1426 3787 1622 3841 lutum.
1654 3787 1790 3852 Quid
1829 3787 2026 3856 igitur?
2055 3788 2258 3842 oratio-

685 3879 847 3934 nibus
892 3892 1030 3948 opus
1054 3887 1161 3943 est,
1197 3879 1487 3948 nequando
1520 3877 1859 3933 oﬂendamus
1909 3880 1976 3932 ad
2029 3880 2258 3949 lapidem

686 3975 878 4046 pedem
906 3983 1178 4036 nostrum,
1202 3983 1260 4026 ut
1282 3972 1510 4040 angelus
1527 3972 1760 4026 Domino
1799 3972 1851 4025 in
1885 3973 2115 4028 circuitu
2158 3988 2259 4028 no-

686 4075 803 4122 stro
829 4073 1006 4120 castra
1033 4071 1268 4118 metatus
1293 4078 1399 4118 nos
1421 4063 1630 4128 liberet,
1666 4075 1718 4119 et
1740 4065 1817 4118 ita
1840 4065 2020 4119 dicere
2048 4067 2256 4136 possis:

686 4156 922 4228 Angelus
971 4156 1201 4226 eripiens.
1242 4173 1324 4210 me
1369 4157 1433 4209 ab
1485 4155 1781 4210 hominibus
1819 4157 1975 4210 malis
1999 4157 2083 4212 ης
2115 4168 2174 4212 ιιι
2210 4169 2261 4212 te

686 4264 906 4322 quoque
936 4257 1094 4302 vocet
1119 4248 1363 4317 angelus,
1393 4247 1488 4317 qui
1508 4249 1724 4302 vocavit
1743 4248 2038 4303 Abraham.
2061 4248 2259 4303 Amant

686 4344 828 4399 enim
858 4342 1032 4412 angeli
1061 4356 1178 4406 eos,
1214 4341 1308 4411 qui
1337 4339 1625 4394 Dominum
1651 4356 1810 4395 suum
1849 4341 2083 4412 diligunt
2114 4361 2126 4396 :
2158 4340 2262 4396 Su-

685 4437 813 4490 mite
836 4435 1118 4504 psalmum,
1143 4444 1192 4488 et
1232 4435 1352 4487 date
1379 4441 1708 4502 tympanum,
1738 4435 2050 4501 psalterium
2072 4435 2260 4504 jucun-

686 4533 811 4582 dum
849 4545 967 4582 cum
1016 4528 1224 4584 cithara
1247 4528 1312 4580 ".
1371 4527 1554 4583 Unum
1600 4528 1763 4597 capit,
1813 4536 1867 4582 et
1907 4528 2008 4582 tria
2053 4528 2257 4599 exigit;

685 4638 751 4676 ex
785 4621 964 4677 tribus
989 4620 1137 4676 enim
1169 4619 1447 4674 constituti
1479 4634 1693 4686 sumus,
1725 4627 1786 4674 ut
1809 4620 1941 4674 dicit
1969 4618 2170 4675 Paulus
2189 4621 2258 4688 π,

691 4713 758 4769 Ut
779 4713 1036 4785 integrum
1069 4716 1138 4767 sit
1159 4729 1366 4782 corpus,
1397 4721 1447 4767 et
1474 4714 1676 4776 anima,
1711 4722 1760 4767 et
1783 4714 2000 4782 spiritus
2024 4730 2042 4767 :
2066 4715 2262 4784 psalte-

2359 1790 2449 1827 νεν
2476 1791 2490 1804 ο
2535 1771 2732 1826 οὐκοῦν
2781 1773 2918 1844 πρὸς
2975 1773 3144 1826 ταῦτα
3183 1774 3284 1828 οὐκ
3333 1775 3776 1846 εὐφραίνεσθαι,
3832 1776 3954 1829 ἀλλὰ

2358 1865 2654 1921 κόπτεσθαι
2682 1865 2782 1928 δεῖ,
2807 1866 2902 1919 καὶ
2939 1865 3223 1920 πείθεσθαι
3247 1866 3325 1937 τῷ
3355 1866 3568 1937 λέγοντι
3589 1907 3608 1932 ,
3645 1871 3721 1924 Ἀ
3751 1869 3955 1937 λέγετε

2356 1960 2429 2014 ἐν
2463 1959 2594 2026 ταῖς
2637 1959 2907 2030 καρδίαις
2942 1957 3130 2028 ὑμῶν,
3179 1960 3279 2014 ἐπὶ
3327 1959 3460 2027 ταῖς
3500 1964 3741 2027 κοίταις
3801 1959 3956 2031 ὑμὶν

2359 2055 2730 2124 uarat-tim“
2756 2069 2774 2085 ο
2807 2054 2895 2108 ἵνα
2933 2056 3073 2126 ἅπερ
3111 2057 3169 2109 ὲν
3189 2055 3376 2127 ἡμέρα
3401 2053 3761 2124 ἐπράξαμεν,
3806 2056 3868 2108 ἐν
3898 2059 3953 2126 τῇ

2291 2125 2330 2178 Β
2358 2145 2516 2200 νυκτὶ
2561 2145 3016 2217 ἀναλογισάμενοι
3052 2145 3397 2216 στενάξωμεν
3429 2164 3445 2178 ·
3474 2147 3658 2210 οὕτως
3714 2165 3954 2200 κατανυ-

2358 2239 2477 2306 γεὶς
2543 2235 2750 2307 Ἀχαὰὸ
2793 2237 3044 2309 διέρρηξε
3093 2237 3193 2308 τὴν
3233 2238 3461 2308 ἐσθῆτα,
3506 2238 3605 2291 καὶ
3645 2237 3958 2307 νηστεύσας

2359 2328 2730 2400 περιεζώσατο
2762 2329 2987 2396 σάκκον,
3019 2334 3114 2385 καὶ
3143 2330 3372 2385 ἐκλαυσε
3399 2348 3412 2362 ·
3447 2333 3544 2386 καὶ
3567 2332 3628 2384 τί
3649 2332 3681 2384 6
3703 2331 3798 2384 Εὐ
3809 2348 3952 2400 ριος;

2363 2425 2484 2478 Οὐκ
2511 2421 2738 2488 ἐπάξω,
2765 2423 2920 2492 φησι,
2944 2421 3060 2491 τὴν
3085 2425 3306 2478 κακίαν
3335 2423 3611 2478 αὑτοῦέν
3631 2423 3779 2490 ταῖς
3817 2424 3953 2492 ἠμέ-

2350 2533 2491 2584 pate
2523 2515 2736 2571 αὐτοῦ.
2782 2515 2880 2569 Διὰ
2907 2514 3068 2569 τοῦτο
3103 2517 3201 2569 καὶ
3233 2517 3263 2569 6
3304 2516 3495 2587 Σωτήρ
3522 2533 3667 2585 φησι
3693 2533 3711 2546 ⁶
3750 2517 3957 2570 Hami-

2351 2623 2472 2673 ριοι
2511 2607 2567 2659 οί
2606 2605 2943 2672 κλαίοντες,
2987 2606 3051 2659 οὐ
3091 2605 3185 2660 τὸν
3214 2607 3444 2677 νεκρὸν,
3476 2606 3540 2660 οὐ
3581 2607 3691 2678 τὴν
3722 2608 3954 2677 ζημίαν.

2360 2696 2498 2752 ἀλλὰ
2523 2698 2626 2768 τὴν
2669 2697 2968 2768 ἁμαρτίαν,
3019 2698 3106 2751 ἵνα
3137 2699 3216 2762 ὡς
3238 2701 3269 2752 6
3303 2698 3464 2752 Δασὶδ
3489 2699 3646 2768 λέγει
3677 2713 3694 2726 ⁸
3735 2702 3958 2754 Amica

2360 2790 2490 2846 καθ’
2518 2788 2785 2858 ἑκάστην
2814 2791 3002 2844 νύκτα
3026 2789 3142 2858 τὴν
3167 2791 3393 2859 κλίνην
3409 2808 3530 2859 μου
3548 2830 3563 2853 ,
3594 2791 3666 2843 ἐν
3689 2790 3960 2858 δάκρυσί

2354 2902 2476 2954 μου
2504 2882 2622 2950 τὴν
2640 2881 2962 2952 στρωμνήν
2982 2899 3103 2952 μου
3133 2881 3353 2951 βρέξω·
3383 2885 3478 2936 καὶ
3507 2883 3700 2944 πάλιν,
3757 2883 3957 2946 Atei}-

2359 2975 2508 3041 δους
2537 2973 2776 3030 ὑδάτων
2813 2975 3159 3029 κατέδυσαν
3185 2979 3240 3029 ol
3278 2976 3572 3044 ὀφθαλμοί
3596 2992 3725 3044 μου
3759 3015 3778 3038 ,
3828 2976 3955 3029 ἐπεὶ

2361 3071 2472 3123 οὐκ
2497 3069 2772 3138 ἐφύλαξα
2798 3069 2905 3123 τὸν
2939 3070 3128 3138 νόμον
3157 3085 3295 3124 σου.
3344 3069 3682 3122 ’Δπόπλυνον
3718 3068 3818 3122 διᾶ.
3849 3069 3955 3122 τῶν

2358 3161 2610 3234 δακρύων
2638 3161 2731 3214 τὸν
2769 3162 2941 3232 ῥύπον
2979 3159 3091 3214 τῶν
3119 3160 3536 3231 ἁμαρτημάτων
3566 3175 3581 3188 ·
3629 3159 3876 3231 κροῦσον
3898 3158 3958 3212 τὸ

2365 3254 2616 3323 μέτωπον
2645 3268 2661 3282 ·
2699 3253 2868 3322 τύψον
2910 3253 2973 3305 τὸ
3002 3253 3196 3324 στῆθος
3226 3267 3243 3282 ⁶
3288 3255 3370 3316 είς
3404 3252 3663 3318 αῐσθησιν
3706 3252 3839 3306 ἐλθὲ
3881 3245 3957 3305 ὧν

2361 3348 2709 3418 ἡμάρτηκας.
2743 3347 2805 3398 El
2843 3344 3120 3416 ὲθηράθης
3167 3345 3295 3398 ποτὲ
3326 3345 3417 3398 διὰ
3462 3344 3571 3397 τῶν
3602 3343 3916 3415 ὀφθαλμῶν
3937 3383 3954 3404 ,

2285 3471 2328 3527 C
2361 3439 2437 3502 ὡς
2483 3441 2514 3492 6
2557 3437 2722 3491 Δαϐίδ
2771 3454 2900 3490 ποτε
2935 3438 3122 3500 κακῶς
3170 3436 3388 3500 ἀνοίξας
3433 3435 3528 3498 τὰς
3563 3434 3802 3505 θυρὲδας
3837 3453 3854 3469 ο
3907 3439 3956 3490 εἰ

2360 3531 2500 3585 κατὰ
2526 3531 2629 3600 τῆς
2671 3530 2849 3600 ψυχῆς
2878 3547 2972 3583 σου
3001 3533 3050 3583 οἱ
3083 3530 3351 3600 ὀφθαλμοί
3384 3545 3478 3581 σου
3508 3529 3795 3596 ἐγένοντο,
3831 3529 3956 3582 ἀπό-

2359 3623 2574 3676 κλεισον
2600 3625 2659 3674 ἐν
2688 3619 2766 3690 τῷ
2797 3620 3084 3691 στεναγμῷ
3100 3620 3162 3673 τὸ
3187 3620 3342 3690 ὄμμα
3369 3619 3430 3672 τὸ
3455 3618 3650 3682 κακῶς
3676 3618 3957 3687 θεασάμε-

2359 3731 2467 3767 νον.
2509 3714 2575 3766 Ἢ
2599 3712 2712 3782 γὰρ
2743 3713 2999 3782 συνήθεια
3024 3711 3135 3764 τῶν
3172 3711 3582 3782 ἁμαρτημάτων
3617 3711 3719 3762 ἐπὶ
3747 3711 3818 3762 τὸ
3854 3713 3955 3780 xei-

2362 3823 2453 3876 ρον
2488 3805 2612 3872 ἄγει
2650 3803 2745 3856 τὸν
2782 3804 3176 3857 ἐκπεπτωκότα
3203 3820 3221 3836 ο
3239 3802 3476 3870 καθαρὸν
3518 3801 3670 3870 ἔχεις
3714 3803 3955 3871 ἱμάτιον.

2362 3897 2438 3968 μὴ
2469 3897 2630 3951 πάτει
2670 3895 2919 3956 καθόλου,
2956 3898 3032 3966 μή
3058 3911 3176 3958 πως
3210 3893 3462 3968 ρυπωθῇ.
3505 3895 3636 3947 Ἐὰν
3667 3911 3955 3965 καταφρο-

2359 3991 2530 4062 νήσῃς
2555 3987 2775 4059 πρῶτον
2805 3987 2902 4040 καὶ
2936 3986 3192 4058 δευτέρου
3222 3987 3316 4040 καὶ
3338 3987 3527 4057 τρίτου
3569 3985 3808 4049 annon,
3848 3986 3953 4038 λοι·

2359 4082 2484 4147 πὺν,
2509 4080 2587 4144 ὡς
2623 4079 2866 4151 ῥυπαρὸν
2913 4079 3052 4149 έχων
3105 4079 3320 4149 ἱμάτιον
3357 4079 3457 4132 οὐκ
3487 4078 3570 4131 ἔτι
3618 4077 3816 4151 ξενίζει
3857 4079 3955 4131 κᾶν

2357 4174 2480 4227 ὅλον
2512 4171 2768 4243 βόρϐορος
2797 4171 3042 4241 γένηται.
3072 4171 3140 4223 Τί
3176 4166 3271 4223 οὖν
3299 4171 3452 4223 ἐστιν
3479 4186 3495 4232 ς
3543 4169 3728 4239 εὐχῶν
3767 4172 3951 4241 χρεία.

2363 4267 2438 4336 μή
2475 4281 2606 4318 ποτε
2639 4263 3041 4335 προσκόψωμεν
3081 4262 3218 4332 πρὸς
3241 4261 3388 4316 λίθον
3414 4261 3509 4314 τὸν
3545 4260 3691 4313 πόδα
3738 4262 3906 4330 ἡμῶν
3937 4277 3950 4287 ·

2361 4359 2450 4410 ἵνα
2480 4358 2510 4410 6
2541 4355 2773 4423 ἄγγελος
2799 4354 2894 4406 τοῦ
2917 4351 3053 4406 Θεοῦ
3097 4352 3280 4421 κύκλῳ
3326 4351 3485 4422 ἡμῶν
3515 4351 3951 4420 παρεμϐάλλων,

2363 4448 2596 4521 ρύσηται
2629 4447 2798 4516 ἡμᾶς,
2838 4445 2932 4497 καὶ
2963 4442 3108 4496 οὕτω
3128 4442 3364 4513 δυνηθῇς
3393 4443 3570 4495 εἰπεῖν
3604 4459 3621 4474 ·
3683 4443 3750 4494 '0
3786 4442 3951 4509 dnt-

2359 4543 2472 4605 λος
2498 4540 2531 4592 ό
2547 4536 2844 4606 ῥυόμενος
2861 4551 2937 4604 με
2962 4535 3030 4586 ἐκ
3059 4532 3299 4587 πάντων
3330 4531 3450 4585 τῶν
3475 4531 3686 4586 κακῶν
3706 4550 3721 4563 ·
3747 4534 3841 4585 ἵνα
3866 4537 3951 4586 καὶ

2363 4632 2422 4685 σὲ
2467 4630 2675 4700 καλέσῃ
2719 4629 2748 4680 ὀ
2777 4626 3008 4695 ἄγγελος
3037 4627 3067 4679 6
3105 4624 3343 4688 καλέσας
3379 4623 3472 4676 τὸν
3521 4623 3811 4694 Ἀϐραάμ.
3867 4627 3952 4677 οι.

2361 4721 2516 4774 λοῦσι
2560 4718 2672 4789 γὰρ
2713 4719 2762 4770 οἱ
2811 4715 3034 4785 ἄγγελοι
3076 4716 3203 4778 τοὺς
3252 4713 3583 4781 ἀγαπῶντας
3625 4714 3822 4768 αὐτῶν
3863 4716 3952 4767 τὸν

685 4807 828 4863 tium
852 4806 1072 4877 quidem
1093 4816 1176 4860 est
1195 4805 1439 4875 spiritus,
1466 4815 1521 4860 et
1535 4805 1745 4860 cithara
1765 4814 1849 4859 est
1869 4805 2049 4860 anima
2078 4823 2091 4858 :
2119 4814 2253 4876 tym-

2359 4811 2655 4881 Δεσπότην·
2681 4807 2923 4874 Λάϐετε,
2953 4807 3122 4876 λέγει,
3150 4806 3400 4876 ψαλμὸν
3421 4807 3516 4859 καὶ
3551 4805 3698 4860 δότε
3720 4808 3948 4876 nip.tu-

687 4915 895 4972 panum
913 4907 1095 4953 autem
1132 4905 1190 4951 ut
1220 4897 1290 4953 sit
1313 4907 1648 4970 tympanum,
1689 4897 1880 4967 pellem
1913 4897 2076 4952 habet
2112 4912 2261 4950 mur-

2359 4921 2495 4967 νον,
2527 4901 2870 4972 ψαλτήριον
2894 4901 3155 4968 τερπνὸν
3178 4899 3328 4968 μετὰ
3364 4897 3630 4965 κιθάρας.
3672 4898 3773 4950 Ἐν
3814 4896 3951 4968 λαμ-

685 4999 878 5045 tuam:
910 4989 1075 5060 igitur
1126 4989 1392 5044 mortilica
1444 5003 1662 5058 corpus,
1718 4988 1855 5041 utin
1899 4995 2157 5057 tympano
2206 4997 2258 5042 et

2357 4995 2537 5060 δανει,
2563 4995 2662 5048 καὶ
2693 4993 2819 5064 τρία
2849 4994 3077 5046 ἀπαιτεῖ
3110 5007 3126 5021 °
3156 4993 3222 5044 ὲκ
3256 4991 3365 5060 γὰρ
3399 4989 3567 5054 τριῶν
3602 4992 3946 5061 συνεστήκεε

684 5086 858 5138 ιςΙιοιο
885 5083 1074 5138 laudes
1111 5081 1306 5137 Deum.
1345 5080 1598 5136 Christus
1638 5093 1740 5150 pro
1775 5088 1827 5134 te
1867 5079 2016 5134 dedit
2058 5095 2258 5149 corpus

2358 5103 2479 5155 μεν,
2518 5083 2594 5147 ὡς
2633 5083 2783 5152 λέγει
2815 5084 2846 5136 6
2875 5081 3106 5146 Παῦλος,
3152 5079 3287 5134 Ἵνα
3315 5081 3660 5145 ὁλόκληρον
3705 5078 3880 5147 ἡμῶν
3912 5073 3950 5149 ᾗ

686 5178 752 5232 ad
809 5175 1167 5232 deludendum
1200 5175 1450 5230 :videne
1496 5174 1685 5237 dicas,
1733 5171 1861 5243 quid
1908 5172 2154 5228 utilitatis
2201 5173 2255 5228 in

2356 5178 2421 5231 τὸ
2432 5175 2622 5246 σῶμα,
2638 5175 2735 5230 καί
2751 5175 2789 5244 ή
2801 5175 2972 5244 ψυχή
2987 5173 3160 5227 καὶτὸ
3169 5171 3424 5238 πνεῦμα·
3445 5170 3506 5224 τό
3530 5171 3630 5241 μὲν
3641 5171 3832 5241 ψαλτή
3841 5189 3949 5242 ριον

686 5269 951 5340 sanguine
980 5268 1145 5324 meo?
1164 5267 1302 5334 Quid
1338 5268 1481 5321 enim
1507 5266 1804 5321 secundum
1837 5265 2087 5320 meritum
2109 5265 2258 5320 Chri-

2363 5269 2425 5324 τδ
2453 5268 2690 5339 πνεῦμα,
2724 5269 2818 5321 καὶ
2844 5269 2879 5337 ὴ
2904 5268 3048 5337 ψυχὴ
3096 5264 3316 5336 κιθάρα’
3362 5263 3422 5316 τὸ
3444 5253 3501 5318 δὲ
3527 5264 3846 5333 τύμπανον,
3880 5265 3950 5326 ὡς

687 5362 759 5416 sti
809 5361 936 5416 talia
980 5376 1080 5431 pro
1107 5360 1264 5414 nobis
1307 5359 1450 5429 passi
1500 5358 1758 5427 perlicere
1800 5358 2137 5427 possumus?
2173 5357 2258 5414 Sis

2367 5357 2504 5415 εἷναι
2534 5360 2824 5431 τύμπανον
2846 5360 3024 5430 δέρμα
3057 5359 3172 5429 ἔχει
3193 5357 3415 5428 νεκρόν⁹
3456 5357 3742 5427 νέκρωσον
3780 5353 3878 5410 οὖν
3897 5355 3950 5408 τὸ

687 5454 851 5524 igitur
874 5454 1055 5524 planta
1088 5451 1387 5517 fructuosa,
1418 5460 1478 5504 ut
1504 5449 1669 5504 Deum
1702 5449 1909 5512 laudes,
1931 5464 2032 5519 pro
2056 5450 2258 5506 viribus

2371 5453 2549 5523 σῶμα,
2564 5453 2652 5505 ἵνα
2669 5454 2726 5505 ἐν
2740 5453 3009 5522 τυμπάνῳ
3031 5450 3124 5503 καὶ
3141 5447 3289 5519 χορῷ
3317 5449 3475 5518 αἱνῇς
3499 5447 3593 5500 τὸν
3618 5447 3784 5500 Θεόν·
3821 5448 3949 5516 Χρι-

688 5548 796 5602 tnis
821 5545 1117 5603 fructiﬁea.
1145 5543 1201 5600 Si
1223 5560 1329 5599 non
1351 5553 1509 5614 potes
1531 5540 1829 5614 perfectum
1855 5542 1996 5598 ferre
2025 5541 2258 5598 fructum

2374 5543 2500 5607 στὺς
2522 5543 2662 5614 ὑπὲρ
2688 5540 2782 5596 σοῦ
2806 5541 2972 5595 ἔδωκε
2993 5540 3053 5593 τὸ
3078 5538 3238 5610 σῶμα
3251 5537 3620 5608 ἀτιμασθῆναι
3638 5553 3653 5566 ·
3683 5537 3855 5608 βλέπε
3882 5535 3954 5607 μὴ

759 5777 780 5808 ⁸
845 5775 1000 5830 Cant.
1047 5792 1118 5840 tv,
1158 5775 1211 5828 7.
1289 5774 1332 5805 ἐν
1371 5771 1600 5840 Philipp.
1639 5786 1699 5831 ll,
1742 5772 1791 5824 8.
1899 5772 1938 5803 ¹¹
1999 5771 2127 5827 ibid.
2244 5775 2284 5804 "
2318 5775 2458 5831 Pssl.
2508 5792 2578 5830 tv.
2615 5771 2668 5827 5.
2747 5768 2887 5822 ¹³111
2923 5769 3052 5840 nec.
3089 5783 3196 5822 ut.
3230 5761 3424 5840 27-29.
3502 5761 3550 5792 "
3574 5759 3773 5840 H_alth.
3805 5762 3944 5826 r,5.

699 5848 983 5908 "9901M,
1009 5849 1054 5900 7.
1107 5831 1177 5878 ’³⁸
1203 5847 1341 5900 Psal.
1377 5831 1562 5906 mnu}:
1593 5842 1710 5896 156.
1793 5844 1832 5875 ³⁷
1873 5843 1910 5896 ΙΙ
1943 5843 2067 5910 lit-g.
2102 5861 2171 5904 st.
2210 5847 2244 5896 θ).
2292 5861 2438 5914 seqq.
2523 5847 2565 5880 "
2601 5845 2736 5898 (ica.
2775 5856 2956 5906 sunt,
3004 5838 3081 5892 l6.
3161 5840 3204 5869 ”
3236 5837 3378 5890 l‘sal.
3409 5848 3578 5896 Lux,
3612 5831 3672 5884 '5-
