4112 6416
153 466 271 533 1911

1282 475 1535 537 SERMO
1564 477 1660 536 DE
1685 473 2186 538 ΡίΕΝΙΤΕΝΤΙΑ.

3225 475 3373 541 19η

144 584 294 651 εἴπῃς
316 598 328 612 ·
356 581 449 637 Τίς
467 581 702 650 ὠφέλεια
735 584 794 637 ἐν
814 584 891 656 τῷ
917 586 1110 656 αἵματί
1143 605 1264 658 μου.
1295 588 1360 640 Τί
1384 589 1518 660 πρὸς
1537 589 1689 654 ἀξίαν

1797 602 1964 654 unum
2014 599 2257 647 centum;
2296 587 2484 642 saltem
2527 584 2806 639 dimidium
2844 600 3010 641 unum
3052 586 3360 656 sexaginta:

139 671 228 724 τοῦ
256 671 472 725 τοιαῦτα
495 673 889 746 ὑπομείναντος
909 677 980 730 δι’
1001 680 1145 746 ἡμᾶς
1164 679 1437 750 δυνάμεθα
1461 681 1693 752 διαπρά-

139 763 327 830 ξασθαι
351 783 367 830 ;
390 764 550 818 Γενοῢ
579 767 759 820 τοίνυν
798 769 966 838 φυτὸν
1005 774 1374 844 καρποφόρον,
1423 774 1509 828 ἵνα
1539 775 1690 828 εὐλο-

135 860 236 926 γῇς
259 857 351 910 τὸν
376 858 528 923 Θεὸν,
562 860 704 914 κατὰ
729 860 830 932 τὴν
854 861 1083 933 δύναμίν
1114 881 1209 917 σου
1247 867 1688 937 καρποφόρησον.

136 949 196 1000 Εἰ
227 947 300 1020 μὴ
319 949 543 1005 δύνασαι
579 952 640 1007 τὸ
669 952 875 1008 τέλειον
899 955 961 1010 τό
983 956 1042 1009 ἒν
1073 957 1302 1010 ἑκατόν·
1340 958 1444 1012 κᾶν
1471 957 1530 1023 ἐξ
1561 961 1693 1030 ήμι-

131 1040 302 1104 σείας,
329 1040 392 1093 τὸ
419 1040 477 1093 ἓν
507 1041 790 1114 ἐξήκοντα.
860 1045 920 1099 El
951 1047 1007 1101 δὲ
1045 1047 1140 1101 καὶ
1190 1047 1346 1103 τοῦτό
1387 1067 1469 1103 σοι
1531 1049 1690 1120 βαρὺ,

131 1129 233 1182 κᾶν
257 1130 320 1184 τὺ
346 1131 531 1202 τρίτον
560 1134 655 1187 τοῦ
685 1135 890 1189 τελείου
907 1137 965 1190 τὸ
985 1137 1043 1189 ἓν
1060 1139 1352 1208 τριάκοντα
1378 1139 1536 1208 μόνον
1560 1140 1588 1193 ὃ
1606 1140 1695 1193 δύ-

129 1237 286 1274 νασαι
319 1225 760 1296 καρποφόρησον,
787 1228 873 1281 ἵνα
906 1228 980 1300 μὴ
1004 1230 1080 1293 ὡς
1102 1230 1348 1301 ἄκαρπος
1379 1234 1456 1293 είς
1496 1230 1558 1284 τὸ
1583 1232 1695 1302 πῦρ

128 1311 423 1384 ἐμϐληθῇς.
452 1315 518 1370 Et
546 1317 622 1389 μὴ
648 1318 793 1390 ἔχεις
819 1322 1043 1390 χρυσίον
1064 1324 1158 1376 καὶ
1178 1324 1436 1394 ἀργύριον
1469 1325 1567 1388 τὰς
1593 1342 1694 1378 κα-

127 1403 226 1466 λάς
249 1403 504 1474 πράξεις,
537 1409 642 1461 κᾶν
689 1409 826 1481 μηδὲ
864 1410 998 1477 ξύλα
1044 1412 1236 1482 χόρτον
1265 1413 1296 1484 ἧ
1341 1415 1594 1487 καλάμην
1626 1416 1696 1469 τὰ

125 1494 220 1547 τοῦ
243 1497 418 1568 πυρὸς
462 1499 882 1572 ὑπεκκαύματα,
927 1504 1088 1573 βλέπε
1136 1505 1210 1574 μὴ
1246 1508 1448 1578 στήσῃς
1485 1506 1698 1577 σεαυτῷ

129 1586 354 1658 στήλην,
378 1589 409 1642 δ
438 1591 702 1662 ἐμίσησεν
735 1594 764 1644 6
793 1596 994 1663 Κύριος
1017 1613 1032 1627 ·
1059 1599 1281 1666 ἐποίησε
1314 1599 1423 1667 γὰρ
1459 1602 1552 1653 καὶ
1591 1601 1692 1653 Ίαο

127 1677 245 1732 me
271 1680 349 1751 τῷ
373 1683 628 1754 μνημείῳ
666 1685 868 1758 Ῥαχὴλ
918 1689 1138 1760 στήλην.
1166 1690 1282 1743 ἀλλ’
1311 1693 1406 1745 οὐκ
1434 1693 1699 1764 ἐμίσησεν

127 1771 157 1822 6
188 1769 394 1842 Κύριος
417 1790 434 1804 ·
464 1773 627 1843 βλέπε
667 1776 744 1848 μὴ
781 1781 877 1850 στῇ
911 1795 1006 1832 σου
1037 1781 1065 1833 6
1095 1779 1353 1852 λογισμὸς
1396 1782 1696 1856 ῶσπερδεῐ-

126 1861 296 1914 δωλον
336 1863 396 1917 ἐν
440 1865 626 1938 ἡμέρᾳ
649 1869 882 1938 κρίσεως
911 1872 1219 1943 κατήγορός
1245 1891 1339 1928 σου
1367 1876 1651 1946 γινόμενος
1678 1892 1692 1905 ·

131 1951 206 2024 μὴ
236 1953 378 2027 ἄρξῃ
403 1957 525 2011 τότε
559 1959 688 2013 ἄνευ
728 1963 1022 2035 μαρτύρων
1061 1966 1403 2037 ἐλέγχεσθαι,
1450 1971 1542 2024 καὶ
1573 1972 1698 2025 ἄνευ

127 2045 460 2114 ἀποδείξεως
491 2051 833 2129 ὁμολογήσῃς
850 2055 1229 2124 ἐπιγινώσκων
1252 2061 1288 2116 ἂ
1310 2061 1575 2134 ἔπραξας,
1606 2067 1700 2117 καὶ

127 2134 228 2189 ὅσα
257 2137 532 2211 ἐλάλησας
564 2143 624 2209 ἐξ
657 2147 988 2218 ἀπροσεξίας
1013 2167 1028 2184 ·
1059 2151 1293 2207 κλαύσον
1335 2155 1444 2226 πρὸ
1481 2157 1696 2228 καιροῦ,

128 2228 215 2283 ἵνα
259 2233 336 2303 μὴ
368 2236 490 2290 ἐκεῖ
525 2238 787 2313 ἀκούσῃς,
830 2240 946 2296 Νῦν
985 2249 1283 2313 μετανοεῖς,
1326 2247 1412 2300 ὅτε
1455 2249 1554 2302 οὐκ
1587 2249 1700 2303 ἐστι

127 2325 318 2414 καιρὸς
353 2330 674 2397 μετανοίας·
710 2332 816 2396 ἕως
850 2338 1046 2407 καιρὸν
1074 2337 1292 2410 ἔχομεν,
1337 2343 1700 2414 ἐργασώμεθα

126 2412 188 2465 τὺ
217 2414 457 2476 ἀγαθόν·
489 2419 585 2472 ἐάν
606 2437 660 2473 τι
688 2423 1065 2497 ἀπολέσωμεν,
1105 2428 1234 2483 ἄλλο
1276 2447 1330 2485 τι
1371 2412 1574 2505 εὑρεῖνή
1605 2435 1697 2488 δυ-

128 2505 339 2575 νὰμεθα
366 2510 552 2581 τυχόν.
586 2515 793 2583 Καιρὸν
826 2517 882 2570 δὲ
910 2519 1003 2572 ἐάν
1024 2520 1401 2593 ἀπολέσωμεν,
1435 2525 1595 2582 ἄλλον
1620 2528 1704 2580 εύο

130 2597 244 2665 ρεῖν
270 2598 334 2650 ού
379 2599 678 2672 δυνάμεθα·
707 2606 796 2659 διὰ
823 2607 982 2663 τοῦτο
1016 2612 1107 2665 καὶ
1130 2613 1158 2665 6
1181 2613 1393 2678 Παῦλος
1437 2617 1702 2671 νουθετῶν

129 2681 280 2778 λέγει
299 2703 314 2717 ·
348 2687 508 2778 ,Ἕως
537 2694 748 2762 καιρὸν
769 2696 1008 2766 ἔχομεν,
1048 2701 1428 2773 ἐργασώμεθα
1461 2706 1526 2758 τὸ
1548 2709 1693 2778 ἁγα-

131 2775 256 2831 θόν.
290 2777 638 2851 κλαύσωμεν
661 2786 800 2857 ὑπὲρ
833 2781 908 2840 ὧν
944 2789 1298 2862 ἡμάρτομεν·
1333 2775 1688 2862 καταστάξω-

138 2880 237 2934 μεν
285 2867 524 2941 δάκρυον
565 2873 660 2926 ἐπὶ
711 2877 966 2948 παρειὰς,
998 2880 1093 2933 καὶ
1131 2883 1190 2935 τὸ
1230 2884 1426 2955 στῆθος
1456 2889 1698 2958 κρούσω-

137 2974 256 3026 μεν,
293 2959 381 3013 ἵνα
433 2962 554 3016 ἐκεῖ
593 2966 684 3018 τὸν
727 2966 974 3040 βρυγμδν
1018 2971 1130 3024 τῶν
1177 2973 1404 3029 ὀδόντων
1446 2977 1699 3048 ἐκφύγω-

292 3051 658 3126 Κλαύσωμεν,
705 3058 782 3121 ὼς
814 3059 1029 3114 ἔκλαιεν
1069 3065 1097 3116 ὀ
1125 3065 1309 3128 Δασὶδ,
1347 3068 1699 3142 ἵναομακαριο

137 3139 354 3211 σθῶμεν
391 3143 581 3216 ῶσπερ
611 3147 708 3200 καὶ
735 3150 764 3202 ὁ
788 3149 972 3205 Δαόίδ.
1001 3153 1074 3206 Οὐ
1106 3153 1214 3225 γὰρ
1263 3157 1422 3226 μόνον
1463 3139 1696 3226 ἔκλαιεν,

1799 678 1845 732 si
1868 693 1999 733 vero
2025 687 2080 733 et
2104 677 2210 732 hoc
2235 678 2330 730 tibi
2363 691 2545 745 grave,
2575 677 2657 729 vel
2686 677 2901 730 tertium
2927 675 3169 746 perfecti,
3196 692 3361 731 unum

1795 769 2010 840 triginta
2049 789 2063 825 :
2096 779 2307 824 tantum
2334 770 2475 837 quod
2516 779 2670 838 potes
2697 767 2979 832 fruetilica,
3011 784 3078 823 ne
3107 768 3252 823 velut
3277 767 3362 822 in-

1793 861 2106 918 fructuosus
2137 863 2191 915 in
2235 860 2411 930 ignem
2443 860 2776 915 immittaris.
2814 858 2870 914 Si
2903 876 3028 916 vero
3057 875 3164 914 non
3195 859 3363 914 habes

1793 969 1986 1008 aurum
2020 963 2074 1009 et
2099 963 2405 1023 argentum,
2433 953 2606 1007 bonas
2629 951 2970 1022 operationes
2999 969 3013 983 ·
3046 963 3094 1006 et
3126 953 3168 1006 si
3190 967 3365 1020 neque

1793 1045 1962 1106 ligna,
1989 1043 2172 1098 fenum
2202 1052 2256 1098 et
2279 1043 2527 1112 stipulam
2561 1043 2701 1105 vide,
2736 1057 2803 1096 ue
2847 1052 3057 1096 statuas
3112 1041 3206 1094 tibi
3261 1032 3362 1110 ipsi

1795 1145 2053 1202 statuam;
2095 1139 2239 1204 quod
2268 1127 2693 1188 odit’Dominus.
2730 1131 2912 1186 Erexit
2942 1133 3086 1185 enim
3113 1143 3166 1185 et
3193 1130 3362 1186 Jacob

1797 1231 1848 1283 in
1880 1227 2134 1283 Rachelis
2159 1234 2508 1282 monumento
2539 1225 2789 1290 titulum;
2820 1227 2910 1280 sed
2948 1239 3056 1279 non
3107 1223 3224 1279 odit
3256 1223 3364 1279 Do-

1799 1325 1999 1378 minus.
2042 1320 2176 1376 Vide
2217 1337 2284 1375 ne
2319 1328 2425 1375 stet
2448 1317 2791 1373 ratiocinatio
2827 1326 2918 1372 tua
2951 1327 3206 1387 tanquam
3252 1328 3366 1373 sta-

1797 1426 1888 1468 tua
1933 1414 2198 1484 injudicii
2229 1413 2318 1468 die
2362 1410 2664 1466 accusatrix
2707 1421 2794 1464 tua
2857 1407 3000 1463 facta
3039 1411 3106 1463 ":
3132 1425 3200 1464 ue
3237 1416 3369 1465 tunc

1799 1507 2026 1577 incipias
2047 1507 2165 1560 sine
2202 1505 2432 1560 testibus
2463 1503 2638 1573 argui,
2673 1513 2728 1556 et
2757 1502 2876 1557 sine
2907 1501 3369 1557 demonstratione

1798 1600 2128 1663 conﬁtearis,
2150 1615 2269 1668 qua:
2300 1614 2364 1653 ex
2397 1596 2704 1663 ignorantia
2737 1595 2934 1662 fecisti;
2955 1604 3011 1650 et
3047 1594 3261 1649 locutus
3285 1610 3366 1658 es,

1798 1706 2123 1764 agnoscens.
2149 1689 2297 1759 Luge
2319 1698 2444 1744 ante
2476 1699 2710 1757 tempus,
2734 1703 2801 1741 ne
2827 1687 2937 1740 illic
2959 1686 3148 1740 audias
3179 1703 3192 1739 :
3217 1685 3372 1740 Nune

1798 1783 2171 1856 pauiitentiam
2218 1780 2352 1852 agis,
2371 1796 2492 1836 cum
2521 1794 2628 1834 non
2660 1787 2745 1833 est
2773 1777 3366 1848 pmnitentia-tempusu

1806 1876 1976 1930 Donec
2001 1883 2201 1944 tempus
2227 1871 2496 1933 habemus,
2543 1885 2816 1940 operemur
2868 1868 3059 1924 bonum
3086 1869 3157 1924 ”.
3210 1868 3369 1922 Aliud

1734 1945 1776 2000 Β
1802 1967 2166 2037 quodcunque
2199 1964 2337 2018 forte
2368 1977 2659 2033 possumus
2697 1960 2939 2016 invenire
2983 1979 2996 2014 :
3028 1969 3243 2028 tempus
3269 1974 3369 2013 au-

1803 2068 1911 2114 tem
1962 2059 2008 2114 si
2063 2056 2400 2119 amittamus,
2437 2053 2580 2108 aliud
2617 2053 2862 2107 invenire
2889 2067 3000 2107 non
3053 2066 3367 2122 possumus.

1803 2153 2099 2216 Propterea
2124 2147 2322 2202 Paulus
2350 2161 2568 2216 quoque
2599 2159 2972 2208 commoncns,
3007 2144 3167 2198 dicit:
3199 2142 3370 2197 Donec

1803 2254 2002 2312 tempus
2047 2241 2319 2303 habemus,
2350 2253 2621 2308 operemur
2670 2237 2880 2292 bonum.
2926 2235 3232 2306 Lugeamus
3273 2251 3372 2305 pro

1802 2338 1888 2392 his
1907 2350 2026 2406 quae
2043 2333 2410 2405 peccavimus,
2437 2329 2761 2385 distillelnus
2787 2328 3080 2400 Iacrymam
3104 2327 3157 2382 in
3179 2342 3366 2397 genas,

1799 2441 1852 2484 et
1885 2437 2075 2500 pectus
2123 2424 2437 2487 tundamus,
2470 2431 2530 2477 ut
2559 2422 2670 2476 illic
2697 2421 2937 2476 dentium
2967 2419 3256 2476 stridorem
3285 2419 3368 2477 ef-

1800 2523 2092 2594 fugiemus.
2127 2517 2451 2589 Lugeamus,
2481 2525 2540 2571 ut
2577 2514 2792 2585 lugebat
2834 2513 3025 2578 David,
3071 2524 3128 2569 ut
3159 2513 3370 2569 beatiﬁ-

1800 2629 2008 2680 cemur,
2034 2613 2176 2668 sicut
2195 2618 2250 2666 et
2272 2609 2438 2664 David
2460 2609 2546 2662 “2
2585 2605 2704 2663 Non
2722 2608 2864 2662 enim
2890 2615 3098 2662 tantum
3126 2606 3362 2678 lugebat,

1805 2724 1992 2762 verum
2022 2715 2076 2762 et
2101 2705 2373 2775 vigilabat,
2391 2712 2444 2757 ct
2472 2703 2669 2758 lectum
2689 2701 2920 2773 rigabat.
2954 2701 3131 2756 Unam
3155 2709 3368 2757 noctem

1804 2802 1858 2856 in
1893 2801 2175 2870 iniquitate
2201 2799 2374 2861 duxit,
2427 2807 2482 2851 et
2510 2811 2606 2866 per
2634 2795 2876 2866 singulas
2909 2794 3128 2864 lugebat
3159 2803 3368 2852 noctes.

1803 2890 2018 2960 penitus
2050 2888 2176 2943 talia
2203 2887 2470 2942 confitens
2499 2903 2513 2939 :
2547 2882 2750 2939 Dedisti
2784 2883 2915 2937 mihi
2939 2883 3150 2945 oculos,
3187 2891 3252 2936 ut
3281 2882 3368 2936 vi-

1799 2983 1953 3036 deam
1986 2981 2160 3035 lucem
2215 2989 2386 3041 tuam,
2433 2991 2533 3044 ego
2559 2984 2738 3030 autem
2785 2974 2871 3028 his
2914 2973 3053 3028 male
3089 2973 3364 3044 prospexi.

1800 3073 1985 3128 Eri-avi
2012 3071 2301 3140 aliquando
2323 3068 2462 3124 male
2479 3067 2724 3129 intuitus,
2742 3075 2795 3120 et
2813 3066 2940 3136 quia
2955 3065 3093 3119 male
3105 3063 3369 3120 fenestras

1800 3164 2007 3234 aperui,
2053 3171 2333 3231 propterea
2377 3158 2634 3228 lacrymis
2661 3158 2807 3226 ipsas
2856 3156 3036 3210 abluo.
3074 3153 3166 3210 Sic
3203 3155 3368 3224 igitur

134 3228 266 3334 ἀλλὰ
291 3234 388 3336 καί
408 3235 699 3336 ἡγρύπνει,
729 3237 822 3293 καὶ
853 3242 951 3312 τὴν
987 3242 1172 3314 κλίνην
1199 3247 1516 3319 κατέσρεχε.
1552 3251 1689 3304 Μίαν

1803 3264 2014 3325 oportet
2039 3255 2240 3323 lugere,
2274 3261 2328 3306 et
2347 3251 2564 3306 oculum
2592 3249 2733 3303 male
2757 3249 3128 3317 conspicatum
3163 3247 3364 3301 lavare.

134 3319 300 3376 νύκτα
355 3325 623 3398 ὴνόμησε,
681 3331 774 3384 καὶ
819 3331 941 3384 καθ’
975 3333 1212 3406 ἑκάστην
1241 3337 1473 3409 ἐδάκρυε
1499 3339 1689 3406 νύκτα,

133 3415 310 3469 πάντα
367 3419 594 3472 τοιαῦτα
641 3419 1132 3496 ἐξομολογούμενος
1156 3444 1170 3459 ·
1215 3427 1296 3482 ὅτι
1328 3429 1566 3496 δέδωκάς
1602 3451 1691 3502 μοι

130 3505 463 3578 ὀφθαλμοὺς,
488 3510 575 3564 ἵνα
615 3529 710 3565 σου
745 3513 926 3582 βλέπω
961 3517 1021 3570 τὸ
1056 3518 1191 3588 φῶς,
1240 3521 1350 3590 ἐγὼ
1391 3524 1446 3578 δὲ
1488 3525 1596 3579 ῐδον
1633 3528 1692 3580 ἐν

130 3598 334 3664 τούτοις
361 3603 572 3668 κακῶς.
610 3605 950 3679 Ἐπλανήθην
970 3611 1099 3665 ποτὲ
1126 3611 1456 3683 θεασάμενος
1481 3618 1687 3682 κακῶς,

129 3691 221 3744 καὶ
249 3694 441 3765 ἐπειδὴ
468 3696 652 3761 κακῶς
683 3699 869 3770 ἧνοιξα
883 3703 982 3766 τάς
1013 3703 1261 3773 θυρίδας,
1291 3705 1378 3760 διὰ
1405 3707 1564 3761 τοῦτο
1589 3709 1688 3762 αύ-

127 3784 225 3847 τάς
246 3787 359 3849 τοῖς
391 3786 652 3858 δάκρυσιν
675 3792 967 3847 ἀποπλύνω
985 3811 1001 3827 ·
1023 3794 1195 3860 οὕτως
1233 3793 1325 3851 οὖν
1353 3799 1434 3852 δεῖ
1460 3800 1686 3865 κλαίειν,

130 3876 221 3930 καὶ
239 3877 573 3933 ἀποπλύνειν
594 3881 654 3934 τὸ
682 3882 838 3953 ὄμμα
867 3889 928 3938 τὸ
970 3887 1158 3951 κακῶς
1194 3889 1546 3960 θεασάμενον.
1581 3894 1689 3946 Καὶ

131 3966 194 4018 σὺ
221 3963 372 4032 οῐδας
403 3967 466 4022 τὸ
501 3970 740 4041 τραῦμα,
779 3975 1028 4044 ἐπέγνως
1059 3978 1157 4050 τὴν
1202 3983 1470 4050 ἰατρείαν,
1511 3985 1689 4053 ἀσφα-

127 4055 273 4120 λίζου
310 4061 412 4132 τῆς
439 4061 615 4134 ψυχῆς
658 4081 754 4118 σου
799 4066 899 4132 τὰς
934 4069 1153 4143 θυρίδας
1178 4088 1193 4102 ·
1223 4073 1284 4126 ού
1330 4074 1490 4144 μόνον
1527 4076 1584 4130 δὲ
1628 4080 1688 4133 τὸ

125 4145 296 4240 ὄμμα,
326 4149 467 4206 ἀλλὰ
489 4153 584 4206 καὶ
609 4155 710 4226 τὴν
737 4157 910 4228 ἀκοὴν
931 4160 1027 4214 καὶ
1051 4161 1112 4214 τὸ
1149 4163 1320 4233 στόμα
1341 4181 1356 4197 ·
1379 4160 1541 4223 αὗται
1579 4169 1686 4240 γὰρ

125 4239 183 4291 αἱ
212 4239 430 4311 θυρίδες
454 4242 582 4308 εἰσὶ,
613 4244 684 4298 δι’
704 4240 780 4300 ὦν
812 4249 954 4303 κατά
973 4253 1201 4324 γνώμην
1249 4254 1529 4328 ἐξέρχεται
1575 4239 1684 4314 εἴτε

124 4331 324 4422 ἀγαθὰ,
367 4336 478 4389 εἴτε
523 4339 754 4410 πονηρά.
790 4339 964 4396 Βλέπε
1009 4343 1085 4416 μὴ
1126 4346 1354 4412 θάνατος
1385 4351 1559 4422 ἀναϐῇ
1603 4371 1685 4407 σοι

124 4419 210 4475 διὰ
236 4422 346 4476 τῶν
380 4423 612 4496 θυρίδων
667 4447 783 4494 σου,
829 4431 944 4485 ἀλλ’
976 4435 1063 4488 ἀεὶ
1099 4437 1342 4494 ἐστωσάν
1374 4443 1454 4494 σοι
1483 4419 1557 4496 ιζ
1573 4449 1684 4509 τοῖς

122 4510 425 4580 ὀφθαλμοῖς
465 4518 522 4570 αί
553 4519 652 4589 τῆς
683 4521 1012 4594 σεμνότητος
1055 4529 1288 4593 ἐντολαὶ,
1321 4531 1415 4584 ἐπὶ
1447 4540 1516 4588 τὰ
1547 4529 1679 4600 ὦτα,

1799 3349 1865 3404 Ει
1895 3357 1950 3402 ιιι
1995 3347 2194 3400 vulnus
2235 3344 2411 3409 nosti,
2467 3341 2730 3414 aguovisti
2779 3341 3124 3404 medicinam,
3174 3340 3368 3394 animm

1797 3452 1903 3496 tua:
1942 3440 2139 3509 jauuas
2178 3437 2390 3492 munire
2435 3437 2673 3490 festina:
2708 3449 2815 3488 non
2849 3434 3067 3488 oculum
3116 3442 3364 3495 tantum,

1791 3549 1980 3588 verum
2012 3541 2068 3587 et
2097 3547 2258 3586 aures
2299 3540 2354 3585 et
2394 3547 2474 3584 os.
2502 3527 2621 3583 lsla:
2646 3528 2788 3581 enim
2821 3536 2948 3581 sunt
2976 3525 3249 3591 fenestrae,
3272 3540 3367 3596 per

1790 3643 1928 3696 quas
1995 3641 2094 3693 pro
2127 3623 2392 3680 sententia
2431 3624 2512 3676 vel
2556 3621 2694 3675 bona
2737 3621 3023 3689 prodeunt,
3075 3620 3158 3673 vel
3199 3621 3358 3673 mala.

1793 3717 1927 3773 Vide
1949 3733 2015 3772 ne
2041 3732 2189 3771 mors
2223 3715 2484 3770 ascendat
2517 3712 2613 3768 tibi
2637 3728 2734 3782 per
2782 3710 3047 3766 fenestras
3093 3721 3233 3775 tuas,
3270 3711 3362 3766 scd

1795 3814 1905 3866 sint
1934 3811 2026 3865 tibi
2055 3823 2271 3878 semper
2319 3809 2371 3860 in
2419 3806 2591 3861 oculis
2626 3804 2931 3860 honestatis
2981 3804 3254 3870 mandata,
3306 3804 3361 3858 in

1796 3902 2022 3958 auribus
2052 3900 2145 3954 Dei
2188 3909 2575 3968 praeceptorum
2626 3904 2866 3950 statuta:
2899 3896 2952 3948 in
2989 3911 3102 3958 ore,
3144 3895 3360 3950 laudum

1788 3994 2022 4058 cantica,
2053 4001 2108 4048 et
2139 3989 2360 4058 Antiqui
2420 3988 2662 4058 Novique
2702 3985 3032 4042 Testamenti
3060 3985 3358 4040 meditatio.

1788 4086 2180 4157 llaslfenestras
2197 4082 2306 4136 Deo
2327 4080 2544 4151 quidem
2563 4079 2792 4148 aperire,
2813 4079 2904 4134 sed
2936 4088 3156 4148 peccato
3184 4078 3360 4132 occlu-

1783 4181 1912 4232 dere
1929 4177 2205 4231 debemus.
2229 4171 2324 4228 Dic
2344 4181 2399 4226 tu
2413 4187 2626 4242 quoque
2642 4170 2936 4226 secundum
2955 4169 3097 4223 illam
3117 4177 3357 4224 sanctam

1785 4269 2019 4325 animam
2050 4265 2211 4321 ευίωὶ
2244 4280 2264 4318 :
2303 4263 2844 4332 Asceudampalmam
2877 4267 2945 4314 ad
2981 4260 3254 4313 tenendum
3278 4275 3361 4312 su-

1785 4363 2066 4417 blimitates
2089 4361 2202 4430 ejus
2215 4359 2280 4424 ²³,
2295 4357 2428 4412 recti
2437 4356 2670 4412 tudinem
2683 4369 2896 4419 amans,
2914 4361 2968 4408 et
2985 4350 3242 4406 mundum
3263 4351 3359 4404 ha-

1784 4457 1918 4510 bens
1931 4470 2050 4518 cor,
2069 4463 2122 4508 et
2143 4451 2206 4506 ad
2221 4449 2462 4505 ctelestia
2476 4449 2615 4503 bona
2637 4461 2882 4511 currens,
2913 4459 3015 4500 nec
3031 4443 3174 4499 circa
3193 4453 3360 4497 terre'

1784 4564 1852 4602 na
1886 4554 2093 4601 tantum
2109 4539 2588 4597 distractum.Vide
2605 4554 2670 4593 ne
2685 4539 2935 4593 stimulos
2967 4535 3158 4589 habeat
3182 4533 3357 4604 palma

123 4603 216 4656 καὶ
243 4605 302 4658 αἱ
329 4607 440 4661 τῶν
477 4609 572 4662 τοῦ
596 4610 732 4664 Θεοῦ
765 4614 996 4670 ἐντολῶν
1026 4619 1282 4688 διαταγαί
1304 4639 1320 4654 ·
1355 4626 1414 4676 ἐν
1437 4625 1515 4695 τῷ
1545 4629 1676 4681 στό-

1792 4650 1898 4702 tua,
1931 4645 2116 4692 contra
2147 4645 2424 4706 peccatum
2443 4631 2853 4700 redargutiones
2881 4625 3186 4683 :Sermoues
3218 4625 3356 4678 enim

123 4698 254 4763 ματί
303 4715 400 4752 σου
451 4701 508 4754 αἱ
540 4701 820 4772 ύμνῳδίαι,
855 4707 947 4759 καὶ
984 4708 1016 4778 ἡ
1065 4709 1265 4780 μελέτη
1304 4713 1400 4783 τῆς
1433 4716 1675 4782 Παλαιᾶς

121 4794 212 4847 καὶ
243 4793 458 4864 Καινῆς
482 4793 778 4866 Διαθήκης.
809 4799 1023 4865 Ταύτας
1052 4803 1151 4866 τὰς
1180 4802 1402 4875 θυρίδας
1437 4808 1677 4876 ἀνοίγειν

121 4886 218 4955 μὲν
241 4885 324 4958 τῷ
348 4885 490 4958 Θεῷ,
519 4887 828 4944 ἀποκλείειν
855 4892 910 4945 δὲ
936 4895 1000 4965 τῇ
1029 4894 1294 4969 ἁμαρτίᾳ.
1326 4899 1465 4970 Λέγε
1493 4902 1585 4955 καὶ
1610 4903 1675 4957 σὺ

119 4977 259 5030 κατά
293 4977 394 5050 τὴν
437 4979 601 5047 ἁγίαν
627 4981 806 5054 ψυχὴν
839 4985 1075 5053 ἐκείνην,
1106 4989 1279 5056 Εϊπα,
1305 4992 1681 5066 ἀναϐήσομαι

115 5068 215 5122 ἐπὶ
242 5068 325 5136 τῷ
347 5072 573 5140 φοίνικι
603 5075 895 5143 κρατῆσαι
939 5077 1058 5133 τῶν
1095 5081 1298 5151 suum
1320 5087 1507 5142 αὑτοῦ
1534 5104 1549 5121 ·
1580 5089 1681 5162 τὴν

115 5161 390 5233 ὀρθότητα
419 5163 686 5233 ἀγαπῶσα
717 5169 812 5221 καὶ
836 5169 1035 5242 λευκὴν
1061 5172 1257 5244 ἔχουσα
1288 5177 1390 5248 τὴν
1428 5161 1676 5249 καρδίαν,

116 5252 211 5304 καὶ
248 5253 345 5306 ἐπὶ
372 5254 600 5327 οὐράνια
623 5257 805 5324 ἀγαθά
829 5261 1257 5333 ἀνατρέχουσαν,
1292 5268 1386 5321 καὶ
1419 5268 1492 5340 μὴ
1517 5272 1678 5340 μόνον

117 5343 246 5412 περὶ
275 5344 348 5396 τά
381 5344 543 5414 γήϊνα
576 5351 1024 5421 περισπωμένην.
1064 5353 1255 5419 Βλέπε,
1289 5355 1366 5428 μὴ
1409 5359 1678 5426 σκόλοπας

114 5431 288 5502 ἐχέτω
345 5450 440 5487 σου
468 5436 499 5488 6
529 5438 702 5504 φοίνιξ
759 5441 885 5505 τοὺς
915 5445 1055 5497 κατά
1098 5445 1195 5515 τῆς
1227 5449 1500 5519 ἁμαρτίας
1524 5451 1675 5522 ἐλέγ-

116 5539 245 5590 χους
270 5541 285 5556 ·
339 5526 517 5597 Λόγοι
565 5528 676 5598 τὰρ
719 5531 926 5601 σοφῶν
970 5536 1051 5603 ὡς
1079 5540 1150 5592 τὰ
1183 5540 1554 5611 ,βούκεντρα-
1587 5546 1672 5600 ἵνα

115 5612 164 5665 οἱ
193 5613 258 5667 ἐκ
295 5615 502 5671 τούτων
528 5621 893 5693 κεντούμενοι,
925 5628 1366 5687 κατανύσσωνται
1399 5635 1498 5706 τὴν
1527 5654 1660 5710 καρ-

190 5824 238 5853 ¹⁹
272 5821 465 5880 Thess.
498 5843 548 5891 ν,
576 5828 664 5881 ‘25.

745 5831 782 5901 1’"
813 5831 966 5887 llom.
1006 5851 1112 5901 Juv,
1152 5835 1226 5890 12.

124 5896 330 5957 1",“.

410 5897 450 5928 2“
477 5896 616 5952 l'sal.
644 5916 730 5956 λγ.
756 5896 804 5954 8.

1307 5839 1352 5870 ³³
1384 5839 1532 5896 Galat
1582 5858 1650 5908 γι,
1688 5839 1747 5896 ιο
1847 5845 1908 5876 υ·
1945 5843 2062 5898 Psal
2126 5858 2191 5910 vt,
2235 5842 2262 5894 7
2302 5854 2448 5908 seqq.

1779 4733 2090 4801 sapientum,
2106 4738 2354 4797 tanquam
2365 4726 2516 4778 boum
2530 4721 2728 4778 stimuli
2738 4721 2804 4786 “;
2824 4719 2985 4788 utqui
3005 4717 3090 4771 his
3106 4733 3356 4787 pungun-

1781 4831 1890 4887 tur,
1907 4819 2068 4876 corde
2080 4825 2476 4888 compungantu
2486 4831 2528 4878 r,
2548 4810 2762 4868 etomni
2781 4820 3000 4882 peccato
3012 4810 3316 4865 abstineant
3337 4815 3350 4849 ε

1785 4914 1877 4968 sed
1901 4911 2184 4981 diligenter
2207 4909 2375 4979 ipsius
2413 4906 2728 4962 altitudines
2754 4904 2946 4968 retine,
2971 4911 3031 4957 ut
3050 4903 3170 4957 sine
3193 4900 3349 4956 ruina

1787 5017 2105 5074 permaneas
2153 4999 2407 5055 continue
2447 5007 2725 5053 ventorum
2766 4995 3020 5050 incursus
3063 4993 3240 5049 ferens
3264 4997 3349 5048 in-

1786 5101 2071 5166 surgentes
2096 5107 2195 5147 suo
2223 5100 2461 5159 tempore
2491 5089 2836 5143 teutationes.
2862 5085 3089 5141 Versare
3134 5100 3350 5153 semper

1786 5191 1838 5242 in
1868 5186 2065 5241 divinis
2088 5183 2380 5253 Scripturis
2411 5201 2424 5237 :
2455 5183 2592 5237 sicut
2613 5180 2756 5236 enim
2771 5179 2955 5233 vinum
2978 5179 3104 5233 dum
3124 5177 3344 5240 bibitur,

1785 5278 2059 5332 tristitiam
2083 5275 2252 5338 sedat,
2277 5285 2332 5330 et
2360 5289 2454 5328 cor
2472 5280 2771 5328 commutat
2802 5271 2858 5326 in
2884 5271 3154 5324 laetitiam:
3185 5271 3264 5326 sic
3292 5281 3347 5325 et

1784 5369 2064 5439 spirituale
2096 5369 2277 5421 vinum
2301 5365 2430 5420 dum
2461 5365 2680 5430 bibitur,
2722 5363 2776 5417 iu
2849 5361 3042 5415 ltitiam
3076 5364 3342 5416 convertit

1783 5461 2023 5514 animam
2053 5469 2222 5513 tuam.
2255 5455 2478 5524 Semper
2528 5453 2620 5507 Dei
2667 5453 2949 5506 recordare
2987 5451 3171 5506 dicens
3217 5467 3337 5505 cum

1783 5549 2026 5604 Davidc:
2062 5545 2406 5600 Pravidebam
2459 5543 2733 5598 Dominum
2787 5543 2842 5596 in
2901 5549 3174 5608 conspectu
3229 5555 3347 5592 meo

1766 5656 1997 5710 semper:
2021 5638 2267 5709 quoniam
2293 5655 2324 5691 a
2354 5638 2551 5690 dextris
2572 5646 2646 5688 est
2676 5634 2822 5699 mihi,
2853 5651 2912 5687 uc
2933 5647 3259 5686 contmm'cur
3273 5631 3339 5684 ’⁵.

2530 5840 2572 5874 υ
2607 5837 2760 5892 Cant.
2805 5851 2894 5897 vn,
2935 5836 2983 5887 8.
3063 5833 3110 5871 ²¹ο
3160 5829 3340 5890 Eccle.
