  <div class='ocr_page' id='page_1' title='image "/cluster/home/n/w/nwhite01/storage/ocr_20150623/88/nnc1.0046980237/964.png"; bbox 0 0 4112 6416; ppageno 0'>
   <div class='ocr_carea' id='block_1_1' title="bbox 115 462 245 526">
    <p class='ocr_par' dir='ltr' id='par_1_1' title="bbox 115 462 245 526">
     <span class='ocr_line' id='line_1_1' title="bbox 115 462 245 526; baseline -0.008 -1"><span class='ocrx_word' id='word_1_1' title='bbox 115 462 245 526; x_wconf 56' lang='grc' dir='ltr'>Ξλιιὶδ</span> 
     </span>
    </p>
   </div>
   <div class='ocr_carea' id='block_1_2' title="bbox 103 565 1658 646">
    <p class='ocr_par' dir='ltr' id='par_1_2' title="bbox 103 565 1655 638">
     <span class='ocr_line' id='line_1_2' title="bbox 103 565 1655 638; baseline -0.012 -10"><span class='ocrx_word' id='word_1_2' title='bbox 103 585 213 636; x_wconf 78' lang='grc' dir='ltr'>τος,</span> <span class='ocrx_word' id='word_1_3' title='bbox 243 574 367 634; x_wconf 71' lang='grc' dir='ltr'>τοὺς</span> <span class='ocrx_word' id='word_1_4' title='bbox 405 569 462 624; x_wconf 84' lang='grc' dir='ltr'>δὲ</span> <span class='ocrx_word' id='word_1_5' title='bbox 491 569 716 624; x_wconf 54' lang='lat' dir='ltr'><strong>dico-adet</strong></span> <span class='ocrx_word' id='word_1_6' title='bbox 740 569 944 637; x_wconf 53' lang='grc' dir='ltr'>μένους,</span> <span class='ocrx_word' id='word_1_7' title='bbox 977 571 1068 637; x_wconf 77' lang='grc' dir='ltr'><strong>της</strong></span> <span class='ocrx_word' id='word_1_8' title='bbox 1102 566 1268 638; x_wconf 67' lang='grc' dir='ltr'>θύρας</span> <span class='ocrx_word' id='word_1_9' title='bbox 1318 565 1458 634; x_wconf 78' lang='grc' dir='ltr'>μετὰ</span> <span class='ocrx_word' id='word_1_10' title='bbox 1489 567 1655 620; x_wconf 74' lang='grc' dir='ltr'>πολὺν</span> 
     </span>
    </p>
   </div>
   <div class='ocr_carea' id='block_1_3' title="bbox 1758 565 3327 646">
    <p class='ocr_par' dir='ltr' id='par_1_3' title="bbox 1758 568 3327 646">
     <span class='ocr_line' id='line_1_3' title="bbox 1758 568 3327 646; baseline 0.008 -24"><span class='ocrx_word' id='word_1_11' title='bbox 1758 578 1808 622; x_wconf 87' lang='lat' dir='ltr'><strong>et</strong></span> <span class='ocrx_word' id='word_1_12' title='bbox 1844 568 2034 633; x_wconf 90' lang='lat' dir='ltr'><strong>luctui,</strong></span> <span class='ocrx_word' id='word_1_13' title='bbox 2057 578 2110 624; x_wconf 91' lang='lat' dir='ltr'><strong>et</strong></span> <span class='ocrx_word' id='word_1_14' title='bbox 2138 569 2379 625; x_wconf 85' lang='lat' dir='ltr'><strong>dentium</strong></span> <span class='ocrx_word' id='word_1_15' title='bbox 2403 571 2618 627; x_wconf 87' lang='lat' dir='ltr'><strong>stridori</strong></span> <span class='ocrx_word' id='word_1_16' title='bbox 2656 572 2916 641; x_wconf 87' lang='lat' dir='ltr'><strong>traditos;</strong></span> <span class='ocrx_word' id='word_1_17' title='bbox 2945 573 3088 631; x_wconf 86' lang='lat' dir='ltr'><strong>hunc</strong></span> <span class='ocrx_word' id='word_1_18' title='bbox 3106 577 3327 646; x_wconf 81' lang='lat' dir='ltr'><strong>quidem</strong></span> 
     </span>
    </p>
   </div>
   <div class='ocr_carea' id='block_1_4' title="bbox 97 657 1660 732">
    <p class='ocr_par' dir='ltr' id='par_1_4' title="bbox 97 657 1660 732">
     <span class='ocr_line' id='line_1_4' title="bbox 97 657 1660 732; baseline -0.004 -14"><span class='ocrx_word' id='word_1_19' title='bbox 97 667 196 732; x_wconf 81' lang='grc' dir='ltr'>τῆς</span> <span class='ocrx_word' id='word_1_20' title='bbox 224 661 520 732; x_wconf 78' lang='grc' dir='ltr'><strong>παρθενίας</strong></span> <span class='ocrx_word' id='word_1_21' title='bbox 562 661 653 714; x_wconf 74' lang='grc' dir='ltr'>τὸν</span> <span class='ocrx_word' id='word_1_22' title='bbox 697 660 884 713; x_wconf 87' lang='grc' dir='ltr'>κόπον.</span> <span class='ocrx_word' id='word_1_23' title='bbox 935 658 1140 731; x_wconf 80' lang='grc' dir='ltr'>Θεώρει</span> <span class='ocrx_word' id='word_1_24' title='bbox 1179 660 1304 721; x_wconf 86' lang='grc' dir='ltr'>τοὺς</span> <span class='ocrx_word' id='word_1_25' title='bbox 1356 659 1456 729; x_wconf 84' lang='grc' dir='ltr'>μὲν</span> <span class='ocrx_word' id='word_1_26' title='bbox 1487 657 1562 721; x_wconf 63' lang='grc' dir='ltr'><strong>εἰς</strong></span> <span class='ocrx_word' id='word_1_27' title='bbox 1592 660 1660 712; x_wconf 77' lang='grc' dir='ltr'><strong>τὰ</strong></span> 
     </span>
    </p>
   </div>
   <div class='ocr_carea' id='block_1_5' title="bbox 101 750 1662 824">
    <p class='ocr_par' dir='ltr' id='par_1_5' title="bbox 101 750 1662 824">
     <span class='ocr_line' id='line_1_5' title="bbox 101 750 1662 824; baseline -0.003 -15"><span class='ocrx_word' id='word_1_28' title='bbox 101 755 312 821; x_wconf 75' lang='grc' dir='ltr'>ζιζάνια</span> <span class='ocrx_word' id='word_1_29' title='bbox 356 753 784 824; x_wconf 82' lang='grc' dir='ltr'>δεσμουμένους,</span> <span class='ocrx_word' id='word_1_30' title='bbox 827 753 922 806; x_wconf 85' lang='grc' dir='ltr'>καὶ</span> <span class='ocrx_word' id='word_1_31' title='bbox 948 753 1030 816; x_wconf 83' lang='grc' dir='ltr'>εἰς</span> <span class='ocrx_word' id='word_1_32' title='bbox 1053 752 1145 804; x_wconf 82' lang='grc' dir='ltr'><strong>τὸν</strong></span> <span class='ocrx_word' id='word_1_33' title='bbox 1172 750 1428 805; x_wconf 87' lang='grc' dir='ltr'>κλίϐανον</span> <span class='ocrx_word' id='word_1_34' title='bbox 1468 751 1662 822; x_wconf 82' lang='grc' dir='ltr'>βαλλο-</span> 
     </span>
    </p>
   </div>
   <div class='ocr_carea' id='block_1_6' title="bbox 97 843 1660 918">
    <p class='ocr_par' dir='ltr' id='par_1_6' title="bbox 97 843 1660 918">
     <span class='ocr_line' id='line_1_6' title="bbox 97 843 1660 918; baseline -0.003 -17"><span class='ocrx_word' id='word_1_35' title='bbox 97 850 287 918; x_wconf 78' lang='grc' dir='ltr'><strong>μένους</strong></span> <span class='ocrx_word' id='word_1_36' title='bbox 309 864 322 876; x_wconf 82' lang='lat'><strong>&#39;</strong></span> <span class='ocrx_word' id='word_1_37' title='bbox 353 845 546 909; x_wconf 77' lang='grc' dir='ltr'>ἄλλους</span> <span class='ocrx_word' id='word_1_38' title='bbox 572 847 680 899; x_wconf 85' lang='grc' dir='ltr'>τῶν</span> <span class='ocrx_word' id='word_1_39' title='bbox 714 845 888 898; x_wconf 80' lang='grc' dir='ltr'>ποδῶν</span> <span class='ocrx_word' id='word_1_40' title='bbox 920 845 1012 898; x_wconf 82' lang='grc' dir='ltr'><strong>καὶ</strong></span> <span class='ocrx_word' id='word_1_41' title='bbox 1035 843 1142 898; x_wconf 87' lang='grc' dir='ltr'><strong>τῶν</strong></span> <span class='ocrx_word' id='word_1_42' title='bbox 1169 844 1372 915; x_wconf 81' lang='grc' dir='ltr'>χειρῶν</span> <span class='ocrx_word' id='word_1_43' title='bbox 1404 845 1660 914; x_wconf 75' lang='grc' dir='ltr'>δεδεσμε-</span> 
     </span>
    </p>
   </div>
   <div class='ocr_carea' id='block_1_7' title="bbox 93 937 1658 1009">
    <p class='ocr_par' dir='ltr' id='par_1_7' title="bbox 93 937 1658 1009">
     <span class='ocr_line' id='line_1_7' title="bbox 93 937 1658 1009; baseline -0.001 -17"><span class='ocrx_word' id='word_1_44' title='bbox 93 957 234 1004; x_wconf 82' lang='grc' dir='ltr'>νους,</span> <span class='ocrx_word' id='word_1_45' title='bbox 290 937 386 992; x_wconf 81' lang='grc' dir='ltr'>καὶ</span> <span class='ocrx_word' id='word_1_46' title='bbox 411 939 490 1001; x_wconf 88' lang='grc' dir='ltr'><strong>είς</strong></span> <span class='ocrx_word' id='word_1_47' title='bbox 521 938 581 992; x_wconf 81' lang='grc' dir='ltr'>τὺ</span> <span class='ocrx_word' id='word_1_48' title='bbox 623 937 886 1009; x_wconf 76' lang='grc' dir='ltr'><strong>ἐξώτερον</strong></span> <span class='ocrx_word' id='word_1_49' title='bbox 953 938 1145 1000; x_wconf 82' lang='grc' dir='ltr'><strong>σκότος</strong></span> <span class='ocrx_word' id='word_1_50' title='bbox 1195 937 1658 1007; x_wconf 78' lang='grc' dir='ltr'>ἀποφερομένους,</span> 
     </span>
    </p>
   </div>
   <div class='ocr_carea' id='block_1_8' title="bbox 90 1027 1658 1100">
    <p class='ocr_par' dir='ltr' id='par_1_8' title="bbox 90 1027 1658 1100">
     <span class='ocr_line' id='line_1_8' title="bbox 90 1027 1658 1100; baseline -0.001 -17"><span class='ocrx_word' id='word_1_51' title='bbox 90 1035 182 1085; x_wconf 71' lang='grc' dir='ltr'><strong>καὶ</strong></span> <span class='ocrx_word' id='word_1_52' title='bbox 212 1031 410 1094; x_wconf 78' lang='grc' dir='ltr'>ἄλλους</span> <span class='ocrx_word' id='word_1_53' title='bbox 442 1030 520 1099; x_wconf 85' lang='grc' dir='ltr'>τῷ</span> <span class='ocrx_word' id='word_1_54' title='bbox 553 1031 837 1100; x_wconf 71' lang='grc' dir='ltr'>ἀκοιμήτῳ</span> <span class='ocrx_word' id='word_1_55' title='bbox 869 1028 1111 1096; x_wconf 84' lang='grc' dir='ltr'>σκώληκι</span> <span class='ocrx_word' id='word_1_56' title='bbox 1146 1031 1243 1081; x_wconf 79' lang='grc' dir='ltr'><strong>καὶ</strong></span> <span class='ocrx_word' id='word_1_57' title='bbox 1277 1029 1353 1099; x_wconf 85' lang='grc' dir='ltr'>τῷ</span> <span class='ocrx_word' id='word_1_58' title='bbox 1395 1027 1658 1098; x_wconf 74' lang='grc' dir='ltr'>κλαυθμῷ</span> 
     </span>
    </p>
   </div>
   <div class='ocr_carea' id='block_1_9' title="bbox 89 1119 1658 1195">
    <p class='ocr_par' dir='ltr' id='par_1_9' title="bbox 89 1119 1658 1195">
     <span class='ocr_line' id='line_1_9' title="bbox 89 1119 1658 1195; baseline -0.001 -19"><span class='ocrx_word' id='word_1_59' title='bbox 89 1126 181 1184; x_wconf 56' lang='lat' dir='ltr'><strong>xx&quot;.</strong></span> <span class='ocrx_word' id='word_1_60' title='bbox 239 1123 319 1192; x_wconf 84' lang='grc' dir='ltr'>τῷ</span> <span class='ocrx_word' id='word_1_61' title='bbox 377 1121 608 1195; x_wconf 86' lang='grc' dir='ltr'>βρυγμῷ</span> <span class='ocrx_word' id='word_1_62' title='bbox 654 1122 762 1174; x_wconf 83' lang='grc' dir='ltr'><strong>τῶν</strong></span> <span class='ocrx_word' id='word_1_63' title='bbox 790 1121 1016 1174; x_wconf 83' lang='grc' dir='ltr'><strong>ὀδόντων</strong></span> <span class='ocrx_word' id='word_1_64' title='bbox 1041 1119 1500 1190; x_wconf 74' lang='grc' dir='ltr'>παραδιδομένους</span> <span class='ocrx_word' id='word_1_65' title='bbox 1523 1136 1536 1148; x_wconf 86' lang='grc'><strong>·</strong></span> <span class='ocrx_word' id='word_1_66' title='bbox 1567 1121 1658 1174; x_wconf 80' lang='grc' dir='ltr'><strong>τὸν</strong></span> 
     </span>
    </p>
   </div>
   <div class='ocr_carea' id='block_1_10' title="bbox 90 1210 1658 1285">
    <p class='ocr_par' dir='ltr' id='par_1_10' title="bbox 90 1210 1658 1285">
     <span class='ocr_line' id='line_1_10' title="bbox 90 1210 1658 1285; baseline -0.001 -18"><span class='ocrx_word' id='word_1_67' title='bbox 90 1217 210 1285; x_wconf 85' lang='grc' dir='ltr'>μὲν,</span> <span class='ocrx_word' id='word_1_68' title='bbox 244 1215 379 1283; x_wconf 81' lang='grc' dir='ltr'>περὶ</span> <span class='ocrx_word' id='word_1_69' title='bbox 401 1214 633 1284; x_wconf 76' lang='grc' dir='ltr'>ἀκαίρου</span> <span class='ocrx_word' id='word_1_70' title='bbox 680 1213 914 1282; x_wconf 79' lang='grc' dir='ltr'><strong>γέλωτος</strong></span> <span class='ocrx_word' id='word_1_71' title='bbox 966 1211 1304 1281; x_wconf 77' lang='grc' dir='ltr'>κρινόμενον,</span> <span class='ocrx_word' id='word_1_72' title='bbox 1357 1210 1449 1263; x_wconf 85' lang='grc' dir='ltr'><strong>τὸν</strong></span> <span class='ocrx_word' id='word_1_73' title='bbox 1488 1210 1543 1263; x_wconf 83' lang='grc' dir='ltr'>δὲ</span> <span class='ocrx_word' id='word_1_74' title='bbox 1576 1212 1658 1265; x_wconf 84' lang='grc' dir='ltr'>ὅτι</span> 
     </span>
    </p>
   </div>
   <div class='ocr_carea' id='block_1_11' title="bbox 85 1302 1653 1377">
    <p class='ocr_par' dir='ltr' id='par_1_11' title="bbox 85 1302 1653 1377">
     <span class='ocr_line' id='line_1_11' title="bbox 85 1302 1653 1377; baseline -0.004 -17"><span class='ocrx_word' id='word_1_75' title='bbox 85 1307 316 1377; x_wconf 86' lang='grc' dir='ltr'>ήδίκησε</span> <span class='ocrx_word' id='word_1_76' title='bbox 338 1307 434 1360; x_wconf 74' lang='grc' dir='ltr'><strong>τὸν</strong></span> <span class='ocrx_word' id='word_1_77' title='bbox 462 1306 710 1375; x_wconf 82' lang='grc' dir='ltr'><strong>πλησίον,</strong></span> <span class='ocrx_word' id='word_1_78' title='bbox 741 1305 777 1374; x_wconf 77' lang='grc' dir='ltr'>ἢ</span> <span class='ocrx_word' id='word_1_79' title='bbox 799 1305 882 1358; x_wconf 83' lang='grc' dir='ltr'>ὄτι</span> <span class='ocrx_word' id='word_1_80' title='bbox 902 1303 992 1357; x_wconf 82' lang='grc' dir='ltr'>τὸν</span> <span class='ocrx_word' id='word_1_81' title='bbox 1018 1303 1246 1372; x_wconf 78' lang='grc' dir='ltr'>ἀδελφὸν</span> <span class='ocrx_word' id='word_1_82' title='bbox 1263 1302 1615 1356; x_wconf 82' lang='grc' dir='ltr'>ἐσκανδάλισε</span> <span class='ocrx_word' id='word_1_83' title='bbox 1640 1319 1653 1332; x_wconf 87' lang='grc'><strong>·</strong></span> 
     </span>
    </p>
   </div>
   <div class='ocr_carea' id='block_1_12' title="bbox 82 1395 1658 1471">
    <p class='ocr_par' dir='ltr' id='par_1_12' title="bbox 82 1395 1658 1471">
     <span class='ocr_line' id='line_1_12' title="bbox 82 1395 1658 1471; baseline -0.003 -19"><span class='ocrx_word' id='word_1_84' title='bbox 82 1401 176 1454; x_wconf 84' lang='grc' dir='ltr'>τὸν</span> <span class='ocrx_word' id='word_1_85' title='bbox 198 1400 309 1471; x_wconf 77' lang='grc' dir='ltr'>μὲν·</span> <span class='ocrx_word' id='word_1_86' title='bbox 334 1400 480 1471; x_wconf 84' lang='grc' dir='ltr'>ὑπὲρ</span> <span class='ocrx_word' id='word_1_87' title='bbox 510 1399 720 1470; x_wconf 80' lang='grc' dir='ltr'><strong>ἀδήλων</strong></span> <span class='ocrx_word' id='word_1_88' title='bbox 763 1395 1171 1468; x_wconf 78' lang='grc' dir='ltr'><strong>ἁμαρτημάτων</strong></span> <span class='ocrx_word' id='word_1_89' title='bbox 1200 1395 1538 1466; x_wconf 81' lang='grc' dir='ltr'>κρινόμενον,</span> <span class='ocrx_word' id='word_1_90' title='bbox 1565 1395 1658 1448; x_wconf 83' lang='grc' dir='ltr'><strong>τὸν</strong></span> 
     </span>
    </p>
   </div>
   <div class='ocr_carea' id='block_1_13' title="bbox 83 1485 1651 1564">
    <p class='ocr_par' dir='ltr' id='par_1_13' title="bbox 83 1485 1651 1564">
     <span class='ocr_line' id='line_1_13' title="bbox 83 1485 1651 1564; baseline -0.006 -18"><span class='ocrx_word' id='word_1_91' title='bbox 83 1494 139 1546; x_wconf 82' lang='grc' dir='ltr'>δὲ</span> <span class='ocrx_word' id='word_1_92' title='bbox 186 1493 334 1564; x_wconf 82' lang='grc' dir='ltr'>ὑπὲρ</span> <span class='ocrx_word' id='word_1_93' title='bbox 368 1492 544 1564; x_wconf 82' lang='grc' dir='ltr'>ἀργοῦ</span> <span class='ocrx_word' id='word_1_94' title='bbox 579 1493 821 1563; x_wconf 76' lang='grc' dir='ltr'>ῥήματος</span> <span class='ocrx_word' id='word_1_95' title='bbox 859 1487 1318 1559; x_wconf 71' lang='grc' dir='ltr'>εέσπραττόμενον</span> <span class='ocrx_word' id='word_1_96' title='bbox 1343 1486 1496 1549; x_wconf 81' lang='grc' dir='ltr'>δίκας</span> <span class='ocrx_word' id='word_1_97' title='bbox 1521 1500 1536 1515; x_wconf 86' lang='lat'><strong>&#39;</strong></span> <span class='ocrx_word' id='word_1_98' title='bbox 1561 1485 1651 1538; x_wconf 83' lang='grc' dir='ltr'><strong>τὸν</strong></span> 
     </span>
    </p>
   </div>
   <div class='ocr_carea' id='block_1_14' title="bbox 85 1577 1654 1658">
    <p class='ocr_par' dir='ltr' id='par_1_14' title="bbox 85 1577 1654 1658">
     <span class='ocr_line' id='line_1_14' title="bbox 85 1577 1654 1658; baseline -0.005 -20"><span class='ocrx_word' id='word_1_99' title='bbox 85 1587 188 1656; x_wconf 87' lang='grc' dir='ltr'>μὲν</span> <span class='ocrx_word' id='word_1_100' title='bbox 226 1586 371 1658; x_wconf 81' lang='grc' dir='ltr'>ὑπὲρ</span> <span class='ocrx_word' id='word_1_101' title='bbox 425 1585 604 1656; x_wconf 83' lang='grc' dir='ltr'>κακῆς</span> <span class='ocrx_word' id='word_1_102' title='bbox 651 1581 873 1653; x_wconf 84' lang='grc' dir='ltr'>γνώμης</span> <span class='ocrx_word' id='word_1_103' title='bbox 914 1581 1250 1650; x_wconf 76' lang='grc' dir='ltr'>κρινόμενον,</span> <span class='ocrx_word' id='word_1_104' title='bbox 1290 1578 1381 1630; x_wconf 75' lang='grc' dir='ltr'>τὸν</span> <span class='ocrx_word' id='word_1_105' title='bbox 1411 1578 1468 1631; x_wconf 84' lang='grc' dir='ltr'>δὲ</span> <span class='ocrx_word' id='word_1_106' title='bbox 1514 1577 1654 1646; x_wconf 82' lang='grc' dir='ltr'>ὑπὲρ</span> 
     </span>
    </p>
   </div>
   <div class='ocr_carea' id='block_1_15' title="bbox 1292 457 2178 522">
    <p class='ocr_par' dir='ltr' id='par_1_15' title="bbox 1292 457 2178 522">
     <span class='ocr_line' id='line_1_15' title="bbox 1292 457 2178 522; baseline 0.007 -7"><span class='ocrx_word' id='word_1_107' title='bbox 1292 457 1546 517; x_wconf 57' lang='lat' dir='ltr'><strong>SERMU</strong></span> <span class='ocrx_word' id='word_1_108' title='bbox 1564 457 1663 522; x_wconf 85' lang='lat' dir='ltr'><strong>DE</strong></span> <span class='ocrx_word' id='word_1_109' title='bbox 1678 459 1840 519; x_wconf 68' lang='grc' dir='ltr'><strong>ΜΕΝ</strong></span> <span class='ocrx_word' id='word_1_110' title='bbox 1851 458 2178 522; x_wconf 81' lang='grc' dir='ltr'><strong>ΙΤΕΝΤΙΑ.</strong></span> 
     </span>
    </p>
   </div>
   <div class='ocr_carea' id='block_1_16' title="bbox 3190 465 3328 532">
    <p class='ocr_par' dir='ltr' id='par_1_16' title="bbox 3190 465 3328 532">
     <span class='ocr_line' id='line_1_16' title="bbox 3190 465 3328 532; baseline 0.014 -2"><span class='ocrx_word' id='word_1_111' title='bbox 3190 465 3328 532; x_wconf 71' lang='grc'><strong>1946</strong></span> 
     </span>
    </p>
   </div>
   <div class='ocr_carea' id='block_1_17' title="bbox 1760 661 3329 740">
    <p class='ocr_par' dir='ltr' id='par_1_17' title="bbox 1760 661 3329 740">
     <span class='ocr_line' id='line_1_17' title="bbox 1760 661 3329 740; baseline 0.008 -26"><span class='ocrx_word' id='word_1_112' title='bbox 1760 663 1828 715; x_wconf 89' lang='lat' dir='ltr'><strong>de</strong></span> <span class='ocrx_word' id='word_1_113' title='bbox 1852 661 2230 731; x_wconf 88' lang='lat' dir='ltr'><strong>intempestivo</strong></span> <span class='ocrx_word' id='word_1_114' title='bbox 2253 664 2368 719; x_wconf 84' lang='lat' dir='ltr'><strong>risu</strong></span> <span class='ocrx_word' id='word_1_115' title='bbox 2397 663 2633 733; x_wconf 89' lang='lat' dir='ltr'><strong>judicari</strong></span> <span class='ocrx_word' id='word_1_116' title='bbox 2659 684 2672 720; x_wconf 89' lang='lat'>:</span> <span class='ocrx_word' id='word_1_117' title='bbox 2699 666 2846 720; x_wconf 90' lang='lat' dir='ltr'><strong>hunc</strong></span> <span class='ocrx_word' id='word_1_118' title='bbox 2872 681 3002 720; x_wconf 91' lang='lat' dir='ltr'><strong>vero</strong></span> <span class='ocrx_word' id='word_1_119' title='bbox 3020 669 3165 736; x_wconf 88' lang='lat' dir='ltr'><strong>quod</strong></span> <span class='ocrx_word' id='word_1_120' title='bbox 3197 684 3329 740; x_wconf 82' lang='lat' dir='ltr'><strong>pro-</strong></span> 
     </span>
    </p>
   </div>
   <div class='ocr_carea' id='block_1_18' title="bbox 1761 750 3330 826">
    <p class='ocr_par' dir='ltr' id='par_1_18' title="bbox 1761 750 3330 826">
     <span class='ocr_line' id='line_1_18' title="bbox 1761 750 3330 826; baseline 0.008 -24"><span class='ocrx_word' id='word_1_121' title='bbox 1761 750 1968 806; x_wconf 77' lang='lat' dir='ltr'><strong>ximum</strong></span> <span class='ocrx_word' id='word_1_122' title='bbox 1999 751 2178 808; x_wconf 78' lang='lat' dir='ltr'><strong>aﬂ&#39;ecit</strong></span> <span class='ocrx_word' id='word_1_123' title='bbox 2205 753 2425 823; x_wconf 79' lang='lat' dir='ltr'><strong>injuria,</strong></span> <span class='ocrx_word' id='word_1_124' title='bbox 2454 753 2540 808; x_wconf 92' lang='lat' dir='ltr'><strong>vel</strong></span> <span class='ocrx_word' id='word_1_125' title='bbox 2562 755 2708 826; x_wconf 89' lang='lat' dir='ltr'><strong>quod</strong></span> <span class='ocrx_word' id='word_1_126' title='bbox 2737 755 2960 812; x_wconf 77' lang='lat' dir='ltr'><strong>fratrem</strong></span> <span class='ocrx_word' id='word_1_127' title='bbox 2992 759 3330 816; x_wconf 76' lang='lat' dir='ltr'><strong>scandaliza-</strong></span> 
     </span>
    </p>
   </div>
   <div class='ocr_carea' id='block_1_19' title="bbox 1760 844 3325 919">
    <p class='ocr_par' dir='ltr' id='par_1_19' title="bbox 1760 844 3325 919">
     <span class='ocr_line' id='line_1_19' title="bbox 1760 844 3325 919; baseline 0.007 -23"><span class='ocrx_word' id='word_1_128' title='bbox 1760 853 1875 908; x_wconf 70' lang='lat' dir='ltr'><strong>vnt;</strong></span> <span class='ocrx_word' id='word_1_129' title='bbox 1909 844 2054 900; x_wconf 88' lang='lat' dir='ltr'><strong>hunc</strong></span> <span class='ocrx_word' id='word_1_130' title='bbox 2083 845 2299 914; x_wconf 86' lang='lat' dir='ltr'><strong>quidem</strong></span> <span class='ocrx_word' id='word_1_131' title='bbox 2342 848 2410 903; x_wconf 89' lang='lat' dir='ltr'><strong>de</strong></span> <span class='ocrx_word' id='word_1_132' title='bbox 2450 847 2684 904; x_wconf 75' lang='lat' dir='ltr'><strong>occultis</strong></span> <span class='ocrx_word' id='word_1_133' title='bbox 2711 849 2956 905; x_wconf 91' lang='lat' dir='ltr'><strong>damnari</strong></span> <span class='ocrx_word' id='word_1_134' title='bbox 2985 851 3325 919; x_wconf 77' lang='lat' dir='ltr'><strong>criminibus;</strong></span> 
     </span>
    </p>
   </div>
   <div class='ocr_carea' id='block_1_20' title="bbox 1761 934 3329 1013">
    <p class='ocr_par' dir='ltr' id='par_1_20' title="bbox 1761 934 3329 1013">
     <span class='ocr_line' id='line_1_20' title="bbox 1761 934 3329 1013; baseline 0.006 -24"><span class='ocrx_word' id='word_1_135' title='bbox 1761 934 1829 989; x_wconf 85' lang='lat' dir='ltr'><strong>ab</strong></span> <span class='ocrx_word' id='word_1_136' title='bbox 1845 934 1945 988; x_wconf 90' lang='lat' dir='ltr'><strong>hoc</strong></span> <span class='ocrx_word' id='word_1_137' title='bbox 1983 949 2112 989; x_wconf 90' lang='lat' dir='ltr'><strong>vero</strong></span> <span class='ocrx_word' id='word_1_138' title='bbox 2130 935 2196 990; x_wconf 88' lang='lat' dir='ltr'><strong>de</strong></span> <span class='ocrx_word' id='word_1_139' title='bbox 2215 938 2390 992; x_wconf 88' lang='lat' dir='ltr'><strong>otioso</strong></span> <span class='ocrx_word' id='word_1_140' title='bbox 2413 938 2578 994; x_wconf 91' lang='lat' dir='ltr'><strong>verbo</strong></span> <span class='ocrx_word' id='word_1_141' title='bbox 2609 953 2796 1009; x_wconf 73' lang='lat' dir='ltr'><strong>punias</strong></span> <span class='ocrx_word' id='word_1_142' title='bbox 2818 940 2960 1011; x_wconf 85' lang='lat' dir='ltr'><strong>exigi</strong></span> <span class='ocrx_word' id='word_1_143' title='bbox 2994 960 3009 999; x_wconf 74' lang='grc' dir='ltr'><strong>ι</strong></span> <span class='ocrx_word' id='word_1_144' title='bbox 3037 941 3182 998; x_wconf 90' lang='lat' dir='ltr'><strong>hunc</strong></span> <span class='ocrx_word' id='word_1_145' title='bbox 3206 943 3329 1013; x_wconf 89' lang='lat' dir='ltr'><strong>qui-</strong></span> 
     </span>
    </p>
   </div>
   <div class='ocr_carea' id='block_1_21' title="bbox 1761 1026 3330 1100">
    <p class='ocr_par' dir='ltr' id='par_1_21' title="bbox 1761 1026 3330 1100">
     <span class='ocr_line' id='line_1_21' title="bbox 1761 1026 3330 1100; baseline 0.007 -21"><span class='ocrx_word' id='word_1_146' title='bbox 1761 1026 1882 1080; x_wconf 88' lang='lat' dir='ltr'><strong>dem</strong></span> <span class='ocrx_word' id='word_1_147' title='bbox 1921 1027 1986 1081; x_wconf 91' lang='lat' dir='ltr'><strong>de</strong></span> <span class='ocrx_word' id='word_1_148' title='bbox 2031 1027 2172 1082; x_wconf 86' lang='lat' dir='ltr'><strong>mala</strong></span> <span class='ocrx_word' id='word_1_149' title='bbox 2210 1031 2478 1085; x_wconf 88' lang='lat' dir='ltr'><strong>sententia</strong></span> <span class='ocrx_word' id='word_1_150' title='bbox 2507 1030 2773 1100; x_wconf 88' lang='lat' dir='ltr'><strong>judicium</strong></span> <span class='ocrx_word' id='word_1_151' title='bbox 2801 1032 3027 1099; x_wconf 80' lang='lat' dir='ltr'><strong>subire;</strong></span> <span class='ocrx_word' id='word_1_152' title='bbox 3053 1033 3199 1090; x_wconf 87' lang='lat' dir='ltr'><strong>hunc</strong></span> <span class='ocrx_word' id='word_1_153' title='bbox 3236 1050 3330 1090; x_wconf 88' lang='lat' dir='ltr'><strong>ve-</strong></span> 
     </span>
    </p>
   </div>
   <div class='ocr_carea' id='block_1_22' title="bbox 1762 1122 3328 1194">
    <p class='ocr_par' dir='ltr' id='par_1_22' title="bbox 1762 1122 3328 1194">
     <span class='ocr_line' id='line_1_22' title="bbox 1762 1122 3328 1194; baseline 0.006 -23"><span class='ocrx_word' id='word_1_154' title='bbox 1762 1134 1823 1171; x_wconf 87' lang='lat' dir='ltr'><strong>ro</strong></span> <span class='ocrx_word' id='word_1_155' title='bbox 1853 1129 2072 1188; x_wconf 61' lang='lat' dir='ltr'><strong>propter</strong></span> <span class='ocrx_word' id='word_1_156' title='bbox 2099 1122 2401 1176; x_wconf 82' lang='lat' dir='ltr'><strong>convicium</strong></span> <span class='ocrx_word' id='word_1_157' title='bbox 2441 1138 2608 1193; x_wconf 85' lang='lat' dir='ltr'><strong>regno</strong></span> <span class='ocrx_word' id='word_1_158' title='bbox 2632 1125 2846 1180; x_wconf 80' lang='lat' dir='ltr'><strong>excludi</strong></span> <span class='ocrx_word' id='word_1_159' title='bbox 2870 1143 2883 1179; x_wconf 91' lang='lat'><strong>:</strong></span> <span class='ocrx_word' id='word_1_160' title='bbox 2909 1126 3202 1194; x_wconf 86' lang='lat' dir='ltr'><strong>quemdam</strong></span> <span class='ocrx_word' id='word_1_161' title='bbox 3226 1141 3328 1181; x_wconf 86' lang='lat' dir='ltr'><strong>au-</strong></span> 
     </span>
    </p>
   </div>
   <div class='ocr_carea' id='block_1_23' title="bbox 1760 1213 3325 1284">
    <p class='ocr_par' dir='ltr' id='par_1_23' title="bbox 1760 1213 3325 1284">
     <span class='ocr_line' id='line_1_23' title="bbox 1760 1213 3325 1284; baseline 0.004 -20"><span class='ocrx_word' id='word_1_162' title='bbox 1760 1219 1864 1264; x_wconf 93' lang='lat' dir='ltr'><strong>tem</strong></span> <span class='ocrx_word' id='word_1_163' title='bbox 1887 1224 2104 1280; x_wconf 84' lang='lat' dir='ltr'><strong>propter</strong></span> <span class='ocrx_word' id='word_1_164' title='bbox 2127 1223 2394 1266; x_wconf 81' lang='lat' dir='ltr'><strong>servatam</strong></span> <span class='ocrx_word' id='word_1_165' title='bbox 2426 1213 2564 1267; x_wconf 87' lang='lat' dir='ltr'><strong>iram</strong></span> <span class='ocrx_word' id='word_1_166' title='bbox 2609 1214 2975 1276; x_wconf 87' lang='lat' dir='ltr'><strong>intolerabilia</strong></span> <span class='ocrx_word' id='word_1_167' title='bbox 2993 1215 3325 1284; x_wconf 86' lang='lat' dir='ltr'><strong>patientem;</strong></span> 
     </span>
    </p>
   </div>
   <div class='ocr_carea' id='block_1_24' title="bbox 1761 1302 3323 1374">
    <p class='ocr_par' dir='ltr' id='par_1_24' title="bbox 1761 1302 3323 1374">
     <span class='ocr_line' id='line_1_24' title="bbox 1761 1302 3323 1374; baseline 0.003 -18"><span class='ocrx_word' id='word_1_168' title='bbox 1761 1302 1911 1356; x_wconf 88' lang='lat' dir='ltr'><strong>illum</strong></span> <span class='ocrx_word' id='word_1_169' title='bbox 1952 1317 2076 1357; x_wconf 91' lang='lat' dir='ltr'><strong>vero</strong></span> <span class='ocrx_word' id='word_1_170' title='bbox 2113 1304 2167 1356; x_wconf 90' lang='lat' dir='ltr'><strong>in</strong></span> <span class='ocrx_word' id='word_1_171' title='bbox 2207 1302 2558 1374; x_wconf 76' lang='lat' dir='ltr'><strong>ignominiam</strong></span> <span class='ocrx_word' id='word_1_172' title='bbox 2606 1316 2975 1374; x_wconf 76' lang='lat' dir='ltr'><strong>resurgentem</strong></span> <span class='ocrx_word' id='word_1_173' title='bbox 3015 1315 3272 1360; x_wconf 64' lang='lat' dir='ltr'><strong>aeternam</strong></span> <span class='ocrx_word' id='word_1_174' title='bbox 3306 1323 3323 1361; x_wconf 89' lang='lat'><strong>:</strong></span> 
     </span>
    </p>
   </div>
   <div class='ocr_carea' id='block_1_25' title="bbox 1761 1392 3325 1464">
    <p class='ocr_par' dir='ltr' id='par_1_25' title="bbox 1761 1392 3325 1464">
     <span class='ocr_line' id='line_1_25' title="bbox 1761 1392 3325 1464; baseline 0.004 -18"><span class='ocrx_word' id='word_1_175' title='bbox 1761 1393 1860 1447; x_wconf 92' lang='lat' dir='ltr'><strong>hos</strong></span> <span class='ocrx_word' id='word_1_176' title='bbox 1889 1401 2068 1446; x_wconf 90' lang='lat' dir='ltr'><strong>autem</strong></span> <span class='ocrx_word' id='word_1_177' title='bbox 2102 1392 2303 1448; x_wconf 79' lang='lat' dir='ltr'><strong>Christi</strong></span> <span class='ocrx_word' id='word_1_178' title='bbox 2347 1395 2652 1463; x_wconf 75' lang='lat' dir='ltr'><strong>cognitione</strong></span> <span class='ocrx_word' id='word_1_179' title='bbox 2701 1394 2921 1464; x_wconf 89' lang='lat' dir='ltr'><strong>privari,</strong></span> <span class='ocrx_word' id='word_1_180' title='bbox 2969 1405 3022 1458; x_wconf 84' lang='lat' dir='ltr'><strong>et</strong></span> <span class='ocrx_word' id='word_1_181' title='bbox 3073 1395 3261 1449; x_wconf 82' lang='lat' dir='ltr'><strong>audire</strong></span> <span class='ocrx_word' id='word_1_182' title='bbox 3308 1414 3325 1452; x_wconf 89' lang='lat'><strong>:</strong></span> 
     </span>
    </p>
   </div>
   <div class='ocr_carea' id='block_1_26' title="bbox 1756 1483 3330 1556">
    <p class='ocr_par' dir='ltr' id='par_1_26' title="bbox 1756 1483 3330 1556">
     <span class='ocr_line' id='line_1_26' title="bbox 1756 1483 3330 1556; baseline 0.004 -21"><span class='ocrx_word' id='word_1_183' title='bbox 1756 1483 1917 1536; x_wconf 81' lang='lat' dir='ltr'><strong>Amen</strong></span> <span class='ocrx_word' id='word_1_184' title='bbox 1954 1483 2072 1536; x_wconf 86' lang='lat' dir='ltr'><strong>dico</strong></span> <span class='ocrx_word' id='word_1_185' title='bbox 2101 1484 2266 1549; x_wconf 74' lang='lat' dir='ltr'><strong>vobis,</strong></span> <span class='ocrx_word' id='word_1_186' title='bbox 2306 1487 2481 1538; x_wconf 72' lang='lat' dir='ltr'><strong>nescio</strong></span> <span class='ocrx_word' id='word_1_187' title='bbox 2539 1501 2625 1539; x_wconf 74' lang='lat' dir='ltr'><strong>vos</strong></span> <span class='ocrx_word' id='word_1_188' title='bbox 2656 1485 2722 1550; x_wconf 84' lang='grc'><strong>³¹,</strong></span> <span class='ocrx_word' id='word_1_189' title='bbox 2777 1487 3032 1556; x_wconf 81' lang='lat' dir='ltr'><strong>quoniam</strong></span> <span class='ocrx_word' id='word_1_190' title='bbox 3083 1484 3330 1542; x_wconf 77' lang='lat' dir='ltr'><strong>fecerunt</strong></span> 
     </span>
    </p>
   </div>
   <div class='ocr_carea' id='block_1_27' title="bbox 1758 1575 2487 1648">
    <p class='ocr_par' dir='ltr' id='par_1_27' title="bbox 1758 1575 2487 1648">
     <span class='ocr_line' id='line_1_27' title="bbox 1758 1575 2487 1648; baseline 0.005 -19"><span class='ocrx_word' id='word_1_191' title='bbox 1758 1592 1876 1646; x_wconf 66' lang='lat' dir='ltr'><strong>qua!</strong></span> <span class='ocrx_word' id='word_1_192' title='bbox 1909 1575 2159 1633; x_wconf 80' lang='lat' dir='ltr'><strong>Christus</strong></span> <span class='ocrx_word' id='word_1_193' title='bbox 2193 1578 2487 1648; x_wconf 81' lang='lat' dir='ltr'><strong>prohibuit.</strong></span> 
     </span>
    </p>
   </div>
   <div class='ocr_carea' id='block_1_28' title="bbox 81 1669 3328 1751">
    <p class='ocr_par' dir='ltr' id='par_1_28' title="bbox 81 1669 3328 1751">
     <span class='ocr_line' id='line_1_28' title="bbox 81 1669 3328 1751; baseline -0.002 -20"><span class='ocrx_word' id='word_1_194' title='bbox 81 1681 357 1751; x_wconf 76' lang='grc' dir='ltr'>λοιδορίας</span> <span class='ocrx_word' id='word_1_195' title='bbox 384 1679 484 1748; x_wconf 78' lang='grc' dir='ltr'><strong>τῆς</strong></span> <span class='ocrx_word' id='word_1_196' title='bbox 518 1676 794 1748; x_wconf 82' lang='grc' dir='ltr'>βασιλείας</span> <span class='ocrx_word' id='word_1_197' title='bbox 839 1673 1263 1743; x_wconf 81' lang='grc' dir='ltr'>ἀποκλειόμενον</span> <span class='ocrx_word' id='word_1_198' title='bbox 1287 1689 1300 1703; x_wconf 71' lang='grc' dir='ltr'><strong>ο</strong></span> <span class='ocrx_word' id='word_1_199' title='bbox 1333 1673 1422 1723; x_wconf 58' lang='grc' dir='ltr'>τὶν</span> <span class='ocrx_word' id='word_1_200' title='bbox 1469 1669 1565 1740; x_wconf 80' lang='grc' dir='ltr'><strong>μὲν</strong></span> <span class='ocrx_word' id='word_1_201' title='bbox 1595 1671 1734 1739; x_wconf 80' lang='grc' dir='ltr'>ὑπὲρ</span> <span class='ocrx_word' id='word_1_202' title='bbox 1777 1669 2142 1740; x_wconf 75' lang='grc' dir='ltr'>μνησικακίας</span> <span class='ocrx_word' id='word_1_203' title='bbox 2174 1673 2244 1724; x_wconf 76' lang='grc' dir='ltr'>τὰ</span> <span class='ocrx_word' id='word_1_204' title='bbox 2285 1671 2559 1742; x_wconf 80' lang='grc' dir='ltr'>ἀνήκεστα</span> <span class='ocrx_word' id='word_1_205' title='bbox 2591 1670 2888 1741; x_wconf 79' lang='grc' dir='ltr'>πάσχοντα,</span> <span class='ocrx_word' id='word_1_206' title='bbox 2913 1669 3008 1724; x_wconf 75' lang='grc' dir='ltr'>τὸν</span> <span class='ocrx_word' id='word_1_207' title='bbox 3039 1669 3118 1735; x_wconf 79' lang='grc' dir='ltr'><strong>δὲ,</strong></span> <span class='ocrx_word' id='word_1_208' title='bbox 3142 1670 3222 1734; x_wconf 88' lang='grc' dir='ltr'><strong>είς</strong></span> <span class='ocrx_word' id='word_1_209' title='bbox 3239 1670 3328 1724; x_wconf 85' lang='grc' dir='ltr'><strong>αἰ·</strong></span> 
     </span>
    </p>
   </div>
   <div class='ocr_carea' id='block_1_29' title="bbox 83 1759 3327 1840">
    <p class='ocr_par' dir='ltr' id='par_1_29' title="bbox 83 1759 3327 1840">
     <span class='ocr_line' id='line_1_29' title="bbox 83 1759 3327 1840; baseline -0.003 -17"><span class='ocrx_word' id='word_1_210' title='bbox 83 1768 291 1840; x_wconf 84' lang='grc' dir='ltr'>σχύνην</span> <span class='ocrx_word' id='word_1_211' title='bbox 335 1771 559 1824; x_wconf 76' lang='grc' dir='ltr'>αἰώνιον</span> <span class='ocrx_word' id='word_1_212' title='bbox 599 1767 993 1835; x_wconf 75' lang='grc' dir='ltr'>ἀνιστάμενονο</span> <span class='ocrx_word' id='word_1_213' title='bbox 1062 1763 1282 1828; x_wconf 76' lang='grc' dir='ltr'>τοὺςδὲ</span> <span class='ocrx_word' id='word_1_214' title='bbox 1323 1764 1424 1833; x_wconf 79' lang='grc' dir='ltr'>τῆς</span> <span class='ocrx_word' id='word_1_215' title='bbox 1488 1760 1740 1831; x_wconf 83' lang='grc' dir='ltr'>γνώσεως</span> <span class='ocrx_word' id='word_1_216' title='bbox 1769 1760 1859 1814; x_wconf 87' lang='grc' dir='ltr'><strong>τοῦ</strong></span> <span class='ocrx_word' id='word_1_217' title='bbox 1912 1760 2150 1832; x_wconf 81' lang='grc' dir='ltr'>Χριστοῦ</span> <span class='ocrx_word' id='word_1_218' title='bbox 2193 1763 2584 1833; x_wconf 84' lang='grc' dir='ltr'>στερουμένους</span> <span class='ocrx_word' id='word_1_219' title='bbox 2627 1762 2720 1816; x_wconf 75' lang='grc' dir='ltr'>καὶ</span> <span class='ocrx_word' id='word_1_220' title='bbox 2779 1761 3114 1826; x_wconf 84' lang='grc' dir='ltr'>ἀκούοντας·</span> <span class='ocrx_word' id='word_1_221' title='bbox 3147 1759 3327 1831; x_wconf 76' lang='grc' dir='ltr'><strong>Ἀμὴν</strong></span> 
     </span>
    </p>
   </div>
   <div class='ocr_carea' id='block_1_30' title="bbox 81 1845 2461 1930">
    <p class='ocr_par' dir='ltr' id='par_1_30' title="bbox 81 1845 2461 1930">
     <span class='ocr_line' id='line_1_30' title="bbox 81 1845 2461 1930; baseline -0.004 -15"><span class='ocrx_word' id='word_1_222' title='bbox 81 1861 238 1929; x_wconf 62' lang='grc' dir='ltr'>λέγω</span> <span class='ocrx_word' id='word_1_223' title='bbox 272 1859 423 1930; x_wconf 78' lang='grc' dir='ltr'><strong>ὑμῖν</strong></span> <span class='ocrx_word' id='word_1_224' title='bbox 443 1858 729 1913; x_wconf 77' lang='grc' dir='ltr'>οὐδέποτε</span> <span class='ocrx_word' id='word_1_225' title='bbox 747 1859 940 1927; x_wconf 72' lang='grc' dir='ltr'>ἔγνων</span> <span class='ocrx_word' id='word_1_226' title='bbox 966 1853 1118 1926; x_wconf 79' lang='grc' dir='ltr'>ὑμᾶς</span> <span class='ocrx_word' id='word_1_227' title='bbox 1139 1872 1153 1887; x_wconf 81' lang='grc' dir='ltr'><strong>ο</strong></span> <span class='ocrx_word' id='word_1_228' title='bbox 1179 1853 1652 1925; x_wconf 79' lang='grc' dir='ltr'>δτιδιεπραξαντο,</span> <span class='ocrx_word' id='word_1_229' title='bbox 1684 1845 1756 1904; x_wconf 83' lang='grc' dir='ltr'>ὧν</span> <span class='ocrx_word' id='word_1_230' title='bbox 1781 1853 1809 1906; x_wconf 98' lang='lat'><strong>6</strong></span> <span class='ocrx_word' id='word_1_231' title='bbox 1837 1851 2070 1922; x_wconf 85' lang='grc' dir='ltr'>Χριστὸς</span> <span class='ocrx_word' id='word_1_232' title='bbox 2090 1851 2461 1922; x_wconf 78' lang='grc' dir='ltr'>ἀπηγόρευσε.</span> 
     </span>
    </p>
   </div>
   <div class='ocr_carea' id='block_1_31' title="bbox 150 1942 1658 2019">
    <p class='ocr_par' dir='ltr' id='par_1_31' title="bbox 150 1947 1656 2019">
     <span class='ocr_line' id='line_1_31' title="bbox 150 1947 1656 2019; baseline -0.005 -12"><span class='ocrx_word' id='word_1_233' title='bbox 150 1953 382 2006; x_wconf 82' lang='grc' dir='ltr'>Τούτων</span> <span class='ocrx_word' id='word_1_234' title='bbox 435 1947 530 2004; x_wconf 81' lang='grc' dir='ltr'><strong>οὖν</strong></span> <span class='ocrx_word' id='word_1_235' title='bbox 583 1950 754 2014; x_wconf 76' lang='grc' dir='ltr'>οὕτως</span> <span class='ocrx_word' id='word_1_236' title='bbox 818 1949 1049 2019; x_wconf 81' lang='grc' dir='ltr'>ἐχόντων</span> <span class='ocrx_word' id='word_1_237' title='bbox 1104 1947 1378 2010; x_wconf 83' lang='grc' dir='ltr'>ποταποὺς</span> <span class='ocrx_word' id='word_1_238' title='bbox 1398 1947 1479 2000; x_wconf 87' lang='grc' dir='ltr'><strong>δεῖ</strong></span> <span class='ocrx_word' id='word_1_239' title='bbox 1509 1947 1656 2016; x_wconf 78' lang='grc' dir='ltr'>ἡμᾶς</span> 
     </span>
    </p>
   </div>
   <div class='ocr_carea' id='block_1_32' title="bbox 1758 1942 3331 2019">
    <p class='ocr_par' dir='ltr' id='par_1_32' title="bbox 1823 1942 3331 2014">
     <span class='ocr_line' id='line_1_32' title="bbox 1823 1942 3331 2014; baseline 0.001 -15"><span class='ocrx_word' id='word_1_240' title='bbox 1823 1944 1920 2000; x_wconf 86' lang='lat' dir='ltr'><strong>His</strong></span> <span class='ocrx_word' id='word_1_241' title='bbox 1942 1943 2103 2014; x_wconf 90' lang='lat' dir='ltr'><strong>igitur</strong></span> <span class='ocrx_word' id='word_1_242' title='bbox 2139 1944 2220 2000; x_wconf 89' lang='lat' dir='ltr'><strong>sic</strong></span> <span class='ocrx_word' id='word_1_243' title='bbox 2251 1959 2311 1998; x_wconf 90' lang='lat' dir='ltr'><strong>se</strong></span> <span class='ocrx_word' id='word_1_244' title='bbox 2351 1944 2694 2008; x_wconf 88' lang='lat' dir='ltr'><strong>habentibus,</strong></span> <span class='ocrx_word' id='word_1_245' title='bbox 2724 1942 2912 2012; x_wconf 86' lang='lat' dir='ltr'><strong>quales</strong></span> <span class='ocrx_word' id='word_1_246' title='bbox 2961 1957 3062 1997; x_wconf 91' lang='lat' dir='ltr'><strong>nos</strong></span> <span class='ocrx_word' id='word_1_247' title='bbox 3115 1950 3331 2012; x_wconf 83' lang='lat' dir='ltr'><strong>oportet</strong></span> 
     </span>
    </p>
   </div>
   <div class='ocr_carea' id='block_1_33' title="bbox 81 2037 1657 2118">
    <p class='ocr_par' dir='ltr' id='par_1_33' title="bbox 81 2037 1657 2118">
     <span class='ocr_line' id='line_1_33' title="bbox 81 2037 1657 2118; baseline -0.007 -16"><span class='ocrx_word' id='word_1_248' title='bbox 81 2045 246 2109; x_wconf 83' lang='grc' dir='ltr'>εἶναι,</span> <span class='ocrx_word' id='word_1_249' title='bbox 270 2049 307 2118; x_wconf 82' lang='grc' dir='ltr'>ἢ</span> <span class='ocrx_word' id='word_1_250' title='bbox 334 2048 560 2100; x_wconf 83' lang='grc' dir='ltr'>ποταπά</span> <span class='ocrx_word' id='word_1_251' title='bbox 582 2043 770 2114; x_wconf 81' lang='grc' dir='ltr'>φέρειν</span> <span class='ocrx_word' id='word_1_252' title='bbox 797 2043 1007 2115; x_wconf 89' lang='grc' dir='ltr'>δάκρυα</span> <span class='ocrx_word' id='word_1_253' title='bbox 1053 2043 1146 2096; x_wconf 79' lang='grc' dir='ltr'>καὶ</span> <span class='ocrx_word' id='word_1_254' title='bbox 1180 2041 1354 2109; x_wconf 82' lang='grc' dir='ltr'>λέγειν</span> <span class='ocrx_word' id='word_1_255' title='bbox 1378 2055 1392 2071; x_wconf 66' lang='grc' dir='ltr'><strong>θ</strong></span> <span class='ocrx_word' id='word_1_256' title='bbox 1430 2041 1524 2105; x_wconf 83' lang='grc' dir='ltr'>Τίς</span> <span class='ocrx_word' id='word_1_257' title='bbox 1550 2037 1657 2091; x_wconf 77' lang='grc' dir='ltr'><strong>δώ-</strong></span> 
     </span>
    </p>
   </div>
   <div class='ocr_carea' id='block_1_34' title="bbox 83 2133 1655 2210">
    <p class='ocr_par' dir='ltr' id='par_1_34' title="bbox 83 2133 1655 2210">
     <span class='ocr_line' id='line_1_34' title="bbox 83 2133 1655 2210; baseline -0.005 -14"><span class='ocrx_word' id='word_1_258' title='bbox 83 2158 175 2196; x_wconf 85' lang='grc' dir='ltr'><strong>σει</strong></span> <span class='ocrx_word' id='word_1_259' title='bbox 203 2141 282 2210; x_wconf 72' lang='grc' dir='ltr'>τῇ</span> <span class='ocrx_word' id='word_1_260' title='bbox 307 2138 548 2210; x_wconf 72' lang='grc' dir='ltr'>κεφαλῇ</span> <span class='ocrx_word' id='word_1_261' title='bbox 576 2156 696 2209; x_wconf 84' lang='grc' dir='ltr'><strong>μου</strong></span> <span class='ocrx_word' id='word_1_262' title='bbox 719 2137 875 2206; x_wconf 80' lang='grc' dir='ltr'>ὕδωρ</span> <span class='ocrx_word' id='word_1_263' title='bbox 911 2136 1009 2190; x_wconf 82' lang='grc' dir='ltr'><strong>καί</strong></span> <span class='ocrx_word' id='word_1_264' title='bbox 1039 2139 1159 2202; x_wconf 83' lang='grc' dir='ltr'>τοῖς</span> <span class='ocrx_word' id='word_1_265' title='bbox 1181 2133 1506 2204; x_wconf 60' lang='grc' dir='ltr'>ὀφθαλμοῖς</span> <span class='ocrx_word' id='word_1_266' title='bbox 1535 2151 1655 2204; x_wconf 82' lang='grc' dir='ltr'><strong>μου</strong></span> 
     </span>
    </p>
   </div>
   <div class='ocr_carea' id='block_1_35' title="bbox 81 2226 1657 2302">
    <p class='ocr_par' dir='ltr' id='par_1_35' title="bbox 81 2226 1657 2302">
     <span class='ocr_line' id='line_1_35' title="bbox 81 2226 1657 2302; baseline -0.003 -18"><span class='ocrx_word' id='word_1_267' title='bbox 81 2233 294 2302; x_wconf 74' lang='grc' dir='ltr'>πηγὴν</span> <span class='ocrx_word' id='word_1_268' title='bbox 320 2234 623 2302; x_wconf 75' lang='grc' dir='ltr'>δακρύων,</span> <span class='ocrx_word' id='word_1_269' title='bbox 657 2231 756 2284; x_wconf 82' lang='grc' dir='ltr'><strong>καί</strong></span> <span class='ocrx_word' id='word_1_270' title='bbox 800 2230 1139 2297; x_wconf 71' lang='grc' dir='ltr'>κλαύσομαι</span> <span class='ocrx_word' id='word_1_271' title='bbox 1163 2230 1235 2280; x_wconf 86' lang='grc' dir='ltr'>τὰ</span> <span class='ocrx_word' id='word_1_272' title='bbox 1271 2226 1657 2296; x_wconf 76' lang='grc' dir='ltr'>ἁμαρτήματα</span> 
     </span>
    </p>
   </div>
   <div class='ocr_carea' id='block_1_36' title="bbox 82 2319 1658 2396">
    <p class='ocr_par' dir='ltr' id='par_1_36' title="bbox 82 2319 1658 2396">
     <span class='ocr_line' id='line_1_36' title="bbox 82 2319 1658 2396; baseline -0.004 -17"><span class='ocrx_word' id='word_1_273' title='bbox 82 2327 310 2396; x_wconf 71' lang='grc' dir='ltr'>ἡμέρας</span> <span class='ocrx_word' id='word_1_274' title='bbox 338 2325 443 2380; x_wconf 76' lang='grc' dir='ltr'><strong>καί</strong></span> <span class='ocrx_word' id='word_1_275' title='bbox 481 2325 739 2389; x_wconf 79' lang='grc' dir='ltr'>νυκτός;</span> <span class='ocrx_word' id='word_1_276' title='bbox 777 2321 917 2375; x_wconf 81' lang='grc' dir='ltr'>Ἀλλ’</span> <span class='ocrx_word' id='word_1_277' title='bbox 949 2321 1034 2373; x_wconf 81' lang='grc' dir='ltr'><strong>ἵνα</strong></span> <span class='ocrx_word' id='word_1_278' title='bbox 1055 2321 1153 2391; x_wconf 82' lang='grc' dir='ltr'>τὴν</span> <span class='ocrx_word' id='word_1_279' title='bbox 1205 2319 1658 2390; x_wconf 82' lang='grc' dir='ltr'>προσδοκωμένην</span> 
     </span>
    </p>
   </div>
   <div class='ocr_carea' id='block_1_37' title="bbox 83 2409 1658 2483">
    <p class='ocr_par' dir='ltr' id='par_1_37' title="bbox 83 2409 1658 2483">
     <span class='ocr_line' id='line_1_37' title="bbox 83 2409 1658 2483; baseline -0.005 -13"><span class='ocrx_word' id='word_1_280' title='bbox 83 2416 312 2470; x_wconf 71' lang='grc' dir='ltr'>κόλασιν</span> <span class='ocrx_word' id='word_1_281' title='bbox 360 2413 736 2483; x_wconf 76' lang='grc' dir='ltr'>διαφύγωμεν,</span> <span class='ocrx_word' id='word_1_282' title='bbox 775 2409 928 2465; x_wconf 85' lang='grc' dir='ltr'>δεῦτε</span> <span class='ocrx_word' id='word_1_283' title='bbox 969 2409 1370 2481; x_wconf 79' lang='grc' dir='ltr'>προφθάσωμεν</span> <span class='ocrx_word' id='word_1_284' title='bbox 1408 2410 1470 2461; x_wconf 86' lang='grc' dir='ltr'><strong>τὸ</strong></span> <span class='ocrx_word' id='word_1_285' title='bbox 1492 2410 1658 2481; x_wconf 85' lang='grc' dir='ltr'>πρόσ-</span> 
     </span>
    </p>
   </div>
   <div class='ocr_carea' id='block_1_38' title="bbox 83 2500 1654 2578">
    <p class='ocr_par' dir='ltr' id='par_1_38' title="bbox 83 2500 1654 2578">
     <span class='ocr_line' id='line_1_38' title="bbox 83 2500 1654 2578; baseline -0.005 -16"><span class='ocrx_word' id='word_1_286' title='bbox 83 2525 232 2562; x_wconf 87' lang='grc' dir='ltr'>ωπον</span> <span class='ocrx_word' id='word_1_287' title='bbox 289 2507 503 2578; x_wconf 80' lang='grc' dir='ltr'>Κυρίου</span> <span class='ocrx_word' id='word_1_288' title='bbox 561 2506 617 2558; x_wconf 84' lang='grc' dir='ltr'>ὲν</span> <span class='ocrx_word' id='word_1_289' title='bbox 661 2503 1068 2574; x_wconf 75' lang='grc' dir='ltr'>ἐξομολογήσει,</span> <span class='ocrx_word' id='word_1_290' title='bbox 1109 2502 1204 2556; x_wconf 80' lang='grc' dir='ltr'><strong>καὶ</strong></span> <span class='ocrx_word' id='word_1_291' title='bbox 1259 2500 1355 2554; x_wconf 87' lang='grc' dir='ltr'><strong>τοῦ</strong></span> <span class='ocrx_word' id='word_1_292' title='bbox 1389 2501 1505 2570; x_wconf 91' lang='grc' dir='ltr'>βίου</span> <span class='ocrx_word' id='word_1_293' title='bbox 1535 2504 1654 2555; x_wconf 83' lang='grc' dir='ltr'>ὲπι-</span> 
     </span>
    </p>
   </div>
   <div class='ocr_carea' id='block_1_39' title="bbox 81 2578 1657 2672">
    <p class='ocr_par' dir='ltr' id='par_1_39' title="bbox 81 2578 1657 2672">
     <span class='ocr_line' id='line_1_39' title="bbox 81 2578 1657 2672; baseline -0.007 -18"><span class='ocrx_word' id='word_1_294' title='bbox 81 2578 279 2672; x_wconf 55' lang='grc' dir='ltr'>μὲλείᾳ</span> <span class='ocrx_word' id='word_1_295' title='bbox 310 2602 443 2662; x_wconf 77' lang='grc' dir='ltr'>τοὺς</span> <span class='ocrx_word' id='word_1_296' title='bbox 478 2597 740 2668; x_wconf 71' lang='grc' dir='ltr'>ἱλασμοὺς</span> <span class='ocrx_word' id='word_1_297' title='bbox 788 2595 880 2648; x_wconf 87' lang='grc' dir='ltr'><strong>τοῦ</strong></span> <span class='ocrx_word' id='word_1_298' title='bbox 928 2595 1198 2647; x_wconf 72' lang='grc' dir='ltr'>Δεσπότου</span> <span class='ocrx_word' id='word_1_299' title='bbox 1244 2592 1381 2645; x_wconf 87' lang='grc' dir='ltr'>Θεοῦ</span> <span class='ocrx_word' id='word_1_300' title='bbox 1414 2592 1657 2646; x_wconf 76' lang='grc' dir='ltr'>καλεσὼ-</span> 
     </span>
    </p>
   </div>
   <div class='ocr_carea' id='block_1_40' title="bbox 83 2683 1659 2762">
    <p class='ocr_par' dir='ltr' id='par_1_40' title="bbox 83 2683 1659 2762">
     <span class='ocr_line' id='line_1_40' title="bbox 83 2683 1659 2762; baseline -0.004 -15"><span class='ocrx_word' id='word_1_301' title='bbox 83 2694 242 2762; x_wconf 81' lang='grc' dir='ltr'>μεθα.</span> <span class='ocrx_word' id='word_1_302' title='bbox 277 2694 389 2746; x_wconf 74' lang='grc' dir='ltr'><strong>Ἑν</strong></span> <span class='ocrx_word' id='word_1_303' title='bbox 415 2691 526 2760; x_wconf 82' lang='grc' dir='ltr'><strong>τὰρ</strong></span> <span class='ocrx_word' id='word_1_304' title='bbox 548 2687 626 2755; x_wconf 83' lang='grc' dir='ltr'>τῷ</span> <span class='ocrx_word' id='word_1_305' title='bbox 649 2689 786 2756; x_wconf 68' lang='grc' dir='ltr'>ᾅδῃ,</span> <span class='ocrx_word' id='word_1_306' title='bbox 821 2689 1003 2756; x_wconf 70' lang='grc' dir='ltr'>φησὶν,</span> <span class='ocrx_word' id='word_1_307' title='bbox 1042 2687 1131 2751; x_wconf 83' lang='grc' dir='ltr'><strong>τίς</strong></span> <span class='ocrx_word' id='word_1_308' title='bbox 1160 2683 1659 2754; x_wconf 71' lang='grc' dir='ltr'>ἐξομολογήσεται</span> 
     </span>
    </p>
   </div>
   <div class='ocr_carea' id='block_1_41' title="bbox 81 2777 1657 2849">
    <p class='ocr_par' dir='ltr' id='par_1_41' title="bbox 81 2777 1657 2849">
     <span class='ocr_line' id='line_1_41' title="bbox 81 2777 1657 2849; baseline -0.006 -11"><span class='ocrx_word' id='word_1_309' title='bbox 81 2801 210 2846; x_wconf 68' lang='grc' dir='ltr'>σοι;</span> <span class='ocrx_word' id='word_1_310' title='bbox 242 2785 438 2839; x_wconf 83' lang='grc' dir='ltr'>Πάντα</span> <span class='ocrx_word' id='word_1_311' title='bbox 470 2781 637 2836; x_wconf 81' lang='grc' dir='ltr'>διπλᾶ</span> <span class='ocrx_word' id='word_1_312' title='bbox 679 2779 880 2832; x_wconf 77' lang='grc' dir='ltr'>ἔδωκεν</span> <span class='ocrx_word' id='word_1_313' title='bbox 913 2780 1044 2849; x_wconf 89' lang='grc' dir='ltr'>ήμῖν</span> <span class='ocrx_word' id='word_1_314' title='bbox 1069 2781 1097 2829; x_wconf 75' lang='grc' dir='ltr'><strong>ὁ</strong></span> <span class='ocrx_word' id='word_1_315' title='bbox 1118 2778 1248 2841; x_wconf 82' lang='grc' dir='ltr'>Θεός</span> <span class='ocrx_word' id='word_1_316' title='bbox 1270 2795 1284 2807; x_wconf 90' lang='grc'><strong>·</strong></span> <span class='ocrx_word' id='word_1_317' title='bbox 1313 2778 1405 2829; x_wconf 83' lang='grc' dir='ltr'>δύο</span> <span class='ocrx_word' id='word_1_318' title='bbox 1453 2777 1657 2847; x_wconf 69' lang='grc' dir='ltr'>ὀφθαλ-</span> 
     </span>
    </p>
   </div>
   <div class='ocr_carea' id='block_1_42' title="bbox 85 2861 1658 2940">
    <p class='ocr_par' dir='ltr' id='par_1_42' title="bbox 85 2861 1658 2940">
     <span class='ocr_line' id='line_1_42' title="bbox 85 2861 1658 2940; baseline -0.006 -12"><span class='ocrx_word' id='word_1_319' title='bbox 85 2877 239 2940; x_wconf 72' lang='grc' dir='ltr'>ιοὺς,</span> <span class='ocrx_word' id='word_1_320' title='bbox 267 2875 370 2928; x_wconf 82' lang='grc' dir='ltr'>δύο</span> <span class='ocrx_word' id='word_1_321' title='bbox 399 2869 536 2937; x_wconf 79' lang='grc' dir='ltr'>ὦτα,</span> <span class='ocrx_word' id='word_1_322' title='bbox 570 2871 664 2925; x_wconf 87' lang='grc' dir='ltr'>δύο</span> <span class='ocrx_word' id='word_1_323' title='bbox 685 2872 896 2940; x_wconf 80' lang='grc' dir='ltr'>χεῖρας,</span> <span class='ocrx_word' id='word_1_324' title='bbox 920 2867 1012 2921; x_wconf 72' lang='grc' dir='ltr'>δύο</span> <span class='ocrx_word' id='word_1_325' title='bbox 1037 2866 1220 2928; x_wconf 84' lang='grc' dir='ltr'>πόδας.</span> <span class='ocrx_word' id='word_1_326' title='bbox 1262 2864 1386 2918; x_wconf 80' lang='grc' dir='ltr'><strong>Ἐὰν</strong></span> <span class='ocrx_word' id='word_1_327' title='bbox 1419 2861 1510 2917; x_wconf 81' lang='grc' dir='ltr'><strong>οῦν</strong></span> <span class='ocrx_word' id='word_1_328' title='bbox 1531 2865 1658 2918; x_wconf 78' lang='lat'><strong>611:6-</strong></span> 
     </span>
    </p>
   </div>
   <div class='ocr_carea' id='block_1_43' title="bbox 83 2959 1659 3041">
    <p class='ocr_par' dir='ltr' id='par_1_43' title="bbox 83 2959 1659 3041">
     <span class='ocr_line' id='line_1_43' title="bbox 83 2959 1659 3041; baseline -0.009 -18"><span class='ocrx_word' id='word_1_329' title='bbox 83 2988 236 3041; x_wconf 71' lang='grc' dir='ltr'>ςῖρον</span> <span class='ocrx_word' id='word_1_330' title='bbox 296 2967 499 3040; x_wconf 83' lang='grc' dir='ltr'>βλαϐᾖ,</span> <span class='ocrx_word' id='word_1_331' title='bbox 540 2966 630 3019; x_wconf 85' lang='grc' dir='ltr'><strong>διά</strong></span> <span class='ocrx_word' id='word_1_332' title='bbox 671 2963 766 3018; x_wconf 87' lang='grc' dir='ltr'><strong>τοῦ</strong></span> <span class='ocrx_word' id='word_1_333' title='bbox 805 2962 992 3033; x_wconf 78' lang='grc' dir='ltr'>ἐτέρου</span> <span class='ocrx_word' id='word_1_334' title='bbox 1036 2960 1134 3030; x_wconf 85' lang='grc' dir='ltr'>τὴν</span> <span class='ocrx_word' id='word_1_335' title='bbox 1182 2959 1370 3030; x_wconf 85' lang='grc' dir='ltr'>χρείαν</span> <span class='ocrx_word' id='word_1_336' title='bbox 1401 2975 1659 3028; x_wconf 74' lang='grc' dir='ltr'>παραμυ-</span> 
     </span>
    </p>
   </div>
   <div class='ocr_carea' id='block_1_44' title="bbox 1753 2032 3328 2106">
    <p class='ocr_par' dir='ltr' id='par_1_44' title="bbox 1753 2032 3328 2106">
     <span class='ocr_line' id='line_1_44' title="bbox 1753 2032 3328 2106; baseline -0.001 -16"><span class='ocrx_word' id='word_1_337' title='bbox 1753 2050 1894 2100; x_wconf 79' lang='lat' dir='ltr'><strong>esse,</strong></span> <span class='ocrx_word' id='word_1_338' title='bbox 1929 2035 2014 2091; x_wconf 88' lang='lat' dir='ltr'><strong>vel</strong></span> <span class='ocrx_word' id='word_1_339' title='bbox 2034 2036 2223 2106; x_wconf 89' lang='lat' dir='ltr'><strong>quales</strong></span> <span class='ocrx_word' id='word_1_340' title='bbox 2249 2037 2496 2091; x_wconf 87' lang='lat' dir='ltr'><strong>emittere</strong></span> <span class='ocrx_word' id='word_1_341' title='bbox 2514 2037 2800 2105; x_wconf 55' lang='lat' dir='ltr'><strong>lacrjmas,</strong></span> <span class='ocrx_word' id='word_1_342' title='bbox 2825 2042 2880 2090; x_wconf 89' lang='lat' dir='ltr'><strong>et</strong></span> <span class='ocrx_word' id='word_1_343' title='bbox 2929 2035 3111 2090; x_wconf 86' lang='lat' dir='ltr'><strong>dicere</strong></span> <span class='ocrx_word' id='word_1_344' title='bbox 3141 2051 3155 2086; x_wconf 90' lang='lat'><strong>:</strong></span> <span class='ocrx_word' id='word_1_345' title='bbox 3195 2032 3328 2098; x_wconf 67' lang='lat' dir='ltr'><strong>Qui:</strong></span> 
     </span>
    </p>
   </div>
   <div class='ocr_carea' id='block_1_45' title="bbox 1755 2125 3329 2198">
    <p class='ocr_par' dir='ltr' id='par_1_45' title="bbox 1755 2125 3329 2198">
     <span class='ocr_line' id='line_1_45' title="bbox 1755 2125 3329 2198; baseline -0.002 -17"><span class='ocrx_word' id='word_1_346' title='bbox 1755 2129 1902 2181; x_wconf 73' lang='lat' dir='ltr'><strong>dabit</strong></span> <span class='ocrx_word' id='word_1_347' title='bbox 1935 2129 2096 2196; x_wconf 80' lang='lat' dir='ltr'><strong>capiti</strong></span> <span class='ocrx_word' id='word_1_348' title='bbox 2133 2145 2246 2182; x_wconf 85' lang='lat' dir='ltr'><strong>meo</strong></span> <span class='ocrx_word' id='word_1_349' title='bbox 2265 2144 2480 2198; x_wconf 78' lang='lat' dir='ltr'><strong>aquam,</strong></span> <span class='ocrx_word' id='word_1_350' title='bbox 2498 2140 2546 2183; x_wconf 88' lang='lat' dir='ltr'><strong>et</strong></span> <span class='ocrx_word' id='word_1_351' title='bbox 2565 2127 2732 2183; x_wconf 68' lang='lat' dir='ltr'><strong>oculis</strong></span> <span class='ocrx_word' id='word_1_352' title='bbox 2769 2128 2899 2182; x_wconf 78' lang='lat' dir='ltr'><strong>meis</strong></span> <span class='ocrx_word' id='word_1_353' title='bbox 2938 2126 3137 2197; x_wconf 76' lang='lat' dir='ltr'><strong>fontem</strong></span> <span class='ocrx_word' id='word_1_354' title='bbox 3153 2125 3329 2198; x_wconf 78' lang='lat' dir='ltr'><strong>lucry-</strong></span> 
     </span>
    </p>
   </div>
   <div class='ocr_carea' id='block_1_46' title="bbox 1756 2218 3330 2291">
    <p class='ocr_par' dir='ltr' id='par_1_46' title="bbox 1756 2218 3330 2291">
     <span class='ocr_line' id='line_1_46' title="bbox 1756 2218 3330 2291; baseline 0.001 -18"><span class='ocrx_word' id='word_1_355' title='bbox 1756 2237 1982 2283; x_wconf 79' lang='lat' dir='ltr'><strong>marum,</strong></span> <span class='ocrx_word' id='word_1_356' title='bbox 2013 2233 2062 2274; x_wconf 85' lang='lat' dir='ltr'><strong>et</strong></span> <span class='ocrx_word' id='word_1_357' title='bbox 2095 2221 2311 2291; x_wconf 81' lang='lat' dir='ltr'><strong>plorabo</strong></span> <span class='ocrx_word' id='word_1_358' title='bbox 2325 2231 2538 2291; x_wconf 84' lang='lat' dir='ltr'><strong>peccata</strong></span> <span class='ocrx_word' id='word_1_359' title='bbox 2563 2223 2649 2275; x_wconf 85' lang='lat' dir='ltr'><strong>die</strong></span> <span class='ocrx_word' id='word_1_360' title='bbox 2669 2236 2732 2275; x_wconf 83' lang='lat' dir='ltr'><strong>ac</strong></span> <span class='ocrx_word' id='word_1_361' title='bbox 2751 2221 2938 2276; x_wconf 78' lang='lat' dir='ltr'><strong>nocte?</strong></span> <span class='ocrx_word' id='word_1_362' title='bbox 2986 2218 3091 2276; x_wconf 88' lang='lat' dir='ltr'><strong>Sed</strong></span> <span class='ocrx_word' id='word_1_363' title='bbox 3126 2227 3186 2274; x_wconf 90' lang='lat' dir='ltr'><strong>ut</strong></span> <span class='ocrx_word' id='word_1_364' title='bbox 3230 2234 3330 2274; x_wconf 83' lang='lat' dir='ltr'><strong>ex-</strong></span> 
     </span>
    </p>
   </div>
   <div class='ocr_carea' id='block_1_47' title="bbox 1752 2298 3331 2386">
    <p class='ocr_par' dir='ltr' id='par_1_47' title="bbox 1752 2298 3331 2386">
     <span class='ocr_line' id='line_1_47' title="bbox 1752 2298 3331 2386; baseline -0.001 -18"><span class='ocrx_word' id='word_1_365' title='bbox 1752 2323 2043 2383; x_wconf 83' lang='lat' dir='ltr'><strong>spectatam</strong></span> <span class='ocrx_word' id='word_1_366' title='bbox 2065 2314 2383 2385; x_wconf 81' lang='lat' dir='ltr'><strong>ell‘ugiamus</strong></span> <span class='ocrx_word' id='word_1_367' title='bbox 2409 2329 2646 2386; x_wconf 65' lang='lat' dir='ltr'><strong>poenam,</strong></span> <span class='ocrx_word' id='word_1_368' title='bbox 2678 2313 2864 2380; x_wconf 38' lang='lat' dir='ltr'><strong>vlenite,</strong></span> <span class='ocrx_word' id='word_1_369' title='bbox 2893 2298 3331 2383; x_wconf 72' lang='lat' dir='ltr'><strong>praeoccupemus</strong></span> 
     </span>
    </p>
   </div>
   <div class='ocr_carea' id='block_1_48' title="bbox 1754 2405 3318 2474">
    <p class='ocr_par' dir='ltr' id='par_1_48' title="bbox 1754 2405 3318 2474">
     <span class='ocr_line' id='line_1_48' title="bbox 1754 2405 3318 2474; baseline 0.001 -15"><span class='ocrx_word' id='word_1_370' title='bbox 1754 2406 1948 2461; x_wconf 78' lang='lat' dir='ltr'><strong>faciem</strong></span> <span class='ocrx_word' id='word_1_371' title='bbox 1992 2406 2202 2461; x_wconf 87' lang='lat' dir='ltr'><strong>Domini</strong></span> <span class='ocrx_word' id='word_1_372' title='bbox 2256 2406 2311 2461; x_wconf 91' lang='lat' dir='ltr'><strong>in</strong></span> <span class='ocrx_word' id='word_1_373' title='bbox 2362 2405 2707 2462; x_wconf 80' lang='lat' dir='ltr'><strong>confessione</strong></span> <span class='ocrx_word' id='word_1_374' title='bbox 2739 2407 2806 2474; x_wconf 84' lang='grc'><strong>⁸³,</strong></span> <span class='ocrx_word' id='word_1_375' title='bbox 2863 2406 2990 2460; x_wconf 64' lang='lat' dir='ltr'><strong>vita:</strong></span> <span class='ocrx_word' id='word_1_376' title='bbox 3040 2405 3318 2474; x_wconf 73' lang='lat' dir='ltr'><strong>diligentia</strong></span> 
     </span>
    </p>
   </div>
   <div class='ocr_carea' id='block_1_49' title="bbox 1758 2495 3327 2567">
    <p class='ocr_par' dir='ltr' id='par_1_49' title="bbox 1758 2495 3327 2567">
     <span class='ocr_line' id='line_1_49' title="bbox 1758 2495 3327 2567; baseline 0.001 -18"><span class='ocrx_word' id='word_1_377' title='bbox 1758 2497 2166 2567; x_wconf 85' lang='lat' dir='ltr'><strong>propitiationes</strong></span> <span class='ocrx_word' id='word_1_378' title='bbox 2208 2497 2425 2553; x_wconf 88' lang='lat' dir='ltr'><strong>Domini</strong></span> <span class='ocrx_word' id='word_1_379' title='bbox 2471 2497 2565 2553; x_wconf 87' lang='lat' dir='ltr'><strong>Dei</strong></span> <span class='ocrx_word' id='word_1_380' title='bbox 2612 2500 2951 2554; x_wconf 85' lang='lat' dir='ltr'><strong>invocemus.</strong></span> <span class='ocrx_word' id='word_1_381' title='bbox 3008 2495 3076 2552; x_wconf 76' lang='lat' dir='ltr'><strong>In</strong></span> <span class='ocrx_word' id='word_1_382' title='bbox 3118 2498 3327 2567; x_wconf 77' lang='lat' dir='ltr'><strong>inferno</strong></span> 
     </span>
    </p>
   </div>
   <div class='ocr_carea' id='block_1_50' title="bbox 1761 2590 3320 2661">
    <p class='ocr_par' dir='ltr' id='par_1_50' title="bbox 1761 2590 3320 2661">
     <span class='ocr_line' id='line_1_50' title="bbox 1761 2590 3320 2661; baseline 0.004 -19"><span class='ocrx_word' id='word_1_383' title='bbox 1761 2605 2002 2660; x_wconf 86' lang='lat' dir='ltr'><strong>namque,</strong></span> <span class='ocrx_word' id='word_1_384' title='bbox 2021 2591 2118 2657; x_wconf 88' lang='lat' dir='ltr'><strong>ait,</strong></span> <span class='ocrx_word' id='word_1_385' title='bbox 2143 2591 2259 2661; x_wconf 76' lang='lat' dir='ltr'><strong>quis</strong></span> <span class='ocrx_word' id='word_1_386' title='bbox 2295 2591 2627 2660; x_wconf 79' lang='lat' dir='ltr'><strong>conﬁtebitur</strong></span> <span class='ocrx_word' id='word_1_387' title='bbox 2662 2593 2753 2646; x_wconf 81' lang='lat' dir='ltr'><strong>tibi</strong></span> <span class='ocrx_word' id='word_1_388' title='bbox 2769 2593 2814 2624; x_wconf 85' lang='grc'><em>³³</em></span> <span class='ocrx_word' id='word_1_389' title='bbox 2845 2593 2868 2646; x_wconf 67' lang='grc' dir='ltr'><strong>ἲ</strong></span> <span class='ocrx_word' id='word_1_390' title='bbox 2912 2590 3108 2648; x_wconf 87' lang='lat' dir='ltr'><strong>Omnia</strong></span> <span class='ocrx_word' id='word_1_391' title='bbox 3160 2592 3320 2648; x_wconf 84' lang='lat' dir='ltr'><strong>nobis</strong></span> 
     </span>
    </p>
   </div>
   <div class='ocr_carea' id='block_1_51' title="bbox 1754 2680 3328 2750">
    <p class='ocr_par' dir='ltr' id='par_1_51' title="bbox 1754 2680 3328 2750">
     <span class='ocr_line' id='line_1_51' title="bbox 1754 2680 3328 2750; baseline 0.004 -17"><span class='ocrx_word' id='word_1_392' title='bbox 1754 2681 1990 2750; x_wconf 67' lang='lat' dir='ltr'><strong>duplicia</strong></span> <span class='ocrx_word' id='word_1_393' title='bbox 2016 2680 2159 2736; x_wconf 91' lang='lat' dir='ltr'><strong>Deus</strong></span> <span class='ocrx_word' id='word_1_394' title='bbox 2182 2682 2347 2747; x_wconf 86' lang='lat' dir='ltr'><strong>dedit,</strong></span> <span class='ocrx_word' id='word_1_395' title='bbox 2383 2683 2520 2738; x_wconf 91' lang='lat' dir='ltr'><strong>duos</strong></span> <span class='ocrx_word' id='word_1_396' title='bbox 2545 2683 2752 2747; x_wconf 85' lang='lat' dir='ltr'><strong>oculos,</strong></span> <span class='ocrx_word' id='word_1_397' title='bbox 2789 2683 2922 2738; x_wconf 87' lang='lat' dir='ltr'><strong>duas</strong></span> <span class='ocrx_word' id='word_1_398' title='bbox 2955 2697 3140 2747; x_wconf 86' lang='lat' dir='ltr'><strong>aures,</strong></span> <span class='ocrx_word' id='word_1_399' title='bbox 3191 2683 3328 2741; x_wconf 88' lang='lat' dir='ltr'><strong>duas</strong></span> 
     </span>
    </p>
   </div>
   <div class='ocr_carea' id='block_1_52' title="bbox 1755 2761 3329 2848">
    <p class='ocr_par' dir='ltr' id='par_1_52' title="bbox 1755 2761 3329 2848">
     <span class='ocr_line' id='line_1_52' title="bbox 1755 2761 3329 2848; baseline 0.003 -20"><span class='ocrx_word' id='word_1_400' title='bbox 1755 2789 1971 2837; x_wconf 89' lang='lat' dir='ltr'><strong>manus,</strong></span> <span class='ocrx_word' id='word_1_401' title='bbox 1992 2775 2130 2829; x_wconf 89' lang='lat' dir='ltr'><strong>duos</strong></span> <span class='ocrx_word' id='word_1_402' title='bbox 2152 2775 2345 2844; x_wconf 88' lang='lat' dir='ltr'><strong>pedes;</strong></span> <span class='ocrx_word' id='word_1_403' title='bbox 2375 2776 2423 2830; x_wconf 90' lang='lat' dir='ltr'><strong>si</strong></span> <span class='ocrx_word' id='word_1_404' title='bbox 2449 2775 2612 2848; x_wconf 91' lang='lat' dir='ltr'><strong>igitur</strong></span> <span class='ocrx_word' id='word_1_405' title='bbox 2652 2776 2846 2830; x_wconf 86' lang='lat' dir='ltr'><strong>horum</strong></span> <span class='ocrx_word' id='word_1_406' title='bbox 2881 2761 3111 2832; x_wconf 80' lang='lat' dir='ltr'><strong>alterum</strong></span> <span class='ocrx_word' id='word_1_407' title='bbox 3166 2775 3329 2832; x_wconf 59' lang='lat' dir='ltr'><strong>laeda-</strong></span> 
     </span>
    </p>
   </div>
   <div class='ocr_carea' id='block_1_53' title="bbox 1756 2866 3333 2934">
    <p class='ocr_par' dir='ltr' id='par_1_53' title="bbox 1756 2866 3333 2934">
     <span class='ocr_line' id='line_1_53' title="bbox 1756 2866 3333 2934; baseline 0.003 -14"><span class='ocrx_word' id='word_1_408' title='bbox 1756 2875 1862 2930; x_wconf 91' lang='lat' dir='ltr'><strong>tur,</strong></span> <span class='ocrx_word' id='word_1_409' title='bbox 1894 2881 1990 2934; x_wconf 88' lang='lat' dir='ltr'><strong>per</strong></span> <span class='ocrx_word' id='word_1_410' title='bbox 2014 2866 2244 2921; x_wconf 89' lang='lat' dir='ltr'><strong>alterum</strong></span> <span class='ocrx_word' id='word_1_411' title='bbox 2275 2867 2649 2923; x_wconf 81' lang='lat' dir='ltr'><strong>necessitatem</strong></span> <span class='ocrx_word' id='word_1_412' title='bbox 2681 2870 3064 2923; x_wconf 87' lang='lat' dir='ltr'><strong>consolamur:</strong></span> <span class='ocrx_word' id='word_1_413' title='bbox 3087 2869 3333 2924; x_wconf 87' lang='lat' dir='ltr'><strong>animam-</strong></span> 
     </span>
    </p>
   </div>
   <div class='ocr_carea' id='block_1_54' title="bbox 1753 2957 3329 3032">
    <p class='ocr_par' dir='ltr' id='par_1_54' title="bbox 1753 2957 3329 3032">
     <span class='ocr_line' id='line_1_54' title="bbox 1753 2957 3329 3032; baseline 0.003 -20"><span class='ocrx_word' id='word_1_414' title='bbox 1753 2973 1880 3012; x_wconf 91' lang='lat' dir='ltr'><strong>vero</strong></span> <span class='ocrx_word' id='word_1_415' title='bbox 1907 2957 2056 3013; x_wconf 81' lang='lat' dir='ltr'><strong>dedit</strong></span> <span class='ocrx_word' id='word_1_416' title='bbox 2089 2974 2252 3013; x_wconf 86' lang='lat' dir='ltr'><strong>unam</strong></span> <span class='ocrx_word' id='word_1_417' title='bbox 2272 2959 2430 3014; x_wconf 91' lang='lat' dir='ltr'><strong>nobis</strong></span> <span class='ocrx_word' id='word_1_418' title='bbox 2463 2978 2477 3014; x_wconf 92' lang='lat'><strong>:</strong></span> <span class='ocrx_word' id='word_1_419' title='bbox 2501 2961 2546 3014; x_wconf 88' lang='lat' dir='ltr'><strong>si</strong></span> <span class='ocrx_word' id='word_1_420' title='bbox 2578 2962 2719 3015; x_wconf 86' lang='lat' dir='ltr'><strong>hanc</strong></span> <span class='ocrx_word' id='word_1_421' title='bbox 2749 2960 3166 3030; x_wconf 83' lang='lat' dir='ltr'><strong>perdiderimus,</strong></span> <span class='ocrx_word' id='word_1_422' title='bbox 3190 2977 3329 3032; x_wconf 55' lang='lat' dir='ltr'><strong>qua.</strong></span> 
     </span>
    </p>
   </div>
   <div class='ocr_carea' id='block_1_55' title="bbox 87 3048 1658 3132">
    <p class='ocr_par' dir='ltr' id='par_1_55' title="bbox 87 3048 1658 3132">
     <span class='ocr_line' id='line_1_55' title="bbox 87 3048 1658 3132; baseline -0.01 -17"><span class='ocrx_word' id='word_1_423' title='bbox 87 3061 334 3132; x_wconf 67' lang='grc' dir='ltr'>ιούμεθα</span> <span class='ocrx_word' id='word_1_424' title='bbox 360 3078 376 3091; x_wconf 79' lang='grc' dir='ltr'><strong><em>ο</em></strong></span> <span class='ocrx_word' id='word_1_425' title='bbox 405 3057 584 3130; x_wconf 82' lang='grc' dir='ltr'>ψυχὴν</span> <span class='ocrx_word' id='word_1_426' title='bbox 625 3056 682 3109; x_wconf 78' lang='grc' dir='ltr'>δὲ</span> <span class='ocrx_word' id='word_1_427' title='bbox 735 3054 863 3126; x_wconf 86' lang='grc' dir='ltr'>μίαν</span> <span class='ocrx_word' id='word_1_428' title='bbox 913 3054 1045 3124; x_wconf 86' lang='grc' dir='ltr'>ήμϊν</span> <span class='ocrx_word' id='word_1_429' title='bbox 1075 3051 1296 3114; x_wconf 76' lang='grc' dir='ltr'>ἔδωκεν,</span> <span class='ocrx_word' id='word_1_430' title='bbox 1331 3049 1426 3101; x_wconf 74' lang='grc' dir='ltr'><strong>ἐὰν</strong></span> <span class='ocrx_word' id='word_1_431' title='bbox 1455 3048 1658 3132; x_wconf 88' lang='grc' dir='ltr'>ταύτην</span> 
     </span>
    </p>
   </div>
   <div class='ocr_carea' id='block_1_56' title="bbox 1758 3048 3329 3132">
    <p class='ocr_par' dir='ltr' id='par_1_56' title="bbox 1758 3051 3329 3124">
     <span class='ocr_line' id='line_1_56' title="bbox 1758 3051 3329 3124; baseline 0.004 -21"><span class='ocrx_word' id='word_1_432' title='bbox 1758 3065 1880 3104; x_wconf 67' lang='lat' dir='ltr'><strong>nam</strong></span> <span class='ocrx_word' id='word_1_433' title='bbox 1896 3051 2188 3106; x_wconf 77' lang='lat' dir='ltr'><strong>vivemus?</strong></span> <span class='ocrx_word' id='word_1_434' title='bbox 2216 3053 2391 3122; x_wconf 83' lang='lat' dir='ltr'><strong>Hujus</strong></span> <span class='ocrx_word' id='word_1_435' title='bbox 2413 3052 2577 3124; x_wconf 84' lang='lat' dir='ltr'><strong>igitur</strong></span> <span class='ocrx_word' id='word_1_436' title='bbox 2597 3069 2786 3108; x_wconf 89' lang='lat' dir='ltr'><strong>curam</strong></span> <span class='ocrx_word' id='word_1_437' title='bbox 2823 3054 3144 3121; x_wconf 88' lang='lat' dir='ltr'><strong>habeamus,</strong></span> <span class='ocrx_word' id='word_1_438' title='bbox 3189 3055 3329 3110; x_wconf 85' lang='lat' dir='ltr'><strong>nihil</strong></span> 
     </span>
    </p>
   </div>
   <div class='ocr_carea' id='block_1_57' title="bbox 83 3131 1658 3220">
    <p class='ocr_par' dir='ltr' id='par_1_57' title="bbox 83 3131 1658 3220">
     <span class='ocr_line' id='line_1_57' title="bbox 83 3131 1658 3220; baseline -0.01 -15"><span class='ocrx_word' id='word_1_439' title='bbox 83 3154 467 3220; x_wconf 76' lang='grc' dir='ltr'>ὶπολέσωμεν,</span> <span class='ocrx_word' id='word_1_440' title='bbox 503 3148 642 3220; x_wconf 89' lang='grc' dir='ltr'><strong>μετά</strong></span> <span class='ocrx_word' id='word_1_441' title='bbox 675 3147 818 3208; x_wconf 85' lang='grc' dir='ltr'>τίνος</span> <span class='ocrx_word' id='word_1_442' title='bbox 863 3141 1283 3214; x_wconf 87' lang='grc' dir='ltr'>συμϐιώσομεν;</span> <span class='ocrx_word' id='word_1_443' title='bbox 1317 3137 1535 3210; x_wconf 86' lang='grc' dir='ltr'>Ταύτης</span> <span class='ocrx_word' id='word_1_444' title='bbox 1565 3131 1658 3191; x_wconf 77' lang='grc' dir='ltr'><strong>οὖν</strong></span> 
     </span>
    </p>
   </div>
   <div class='ocr_carea' id='block_1_58' title="bbox 1758 3131 3326 3220">
    <p class='ocr_par' dir='ltr' id='par_1_58' title="bbox 1758 3143 3326 3218">
     <span class='ocr_line' id='line_1_58' title="bbox 1758 3143 3326 3218; baseline 0.004 -21"><span class='ocrx_word' id='word_1_445' title='bbox 1758 3143 1929 3211; x_wconf 85' lang='lat' dir='ltr'><strong>ipsius</strong></span> <span class='ocrx_word' id='word_1_446' title='bbox 1957 3146 2117 3200; x_wconf 89' lang='lat' dir='ltr'><strong>saluti</strong></span> <span class='ocrx_word' id='word_1_447' title='bbox 2146 3146 2493 3216; x_wconf 73' lang='lat' dir='ltr'><strong>praeferentes</strong></span> <span class='ocrx_word' id='word_1_448' title='bbox 2521 3166 2535 3202; x_wconf 91' lang='lat'><strong>:</strong></span> <span class='ocrx_word' id='word_1_449' title='bbox 2573 3149 2832 3218; x_wconf 89' lang='lat' dir='ltr'><strong>quoniam</strong></span> <span class='ocrx_word' id='word_1_450' title='bbox 2855 3149 2968 3204; x_wconf 71' lang='lat' dir='ltr'><strong>haec</strong></span> <span class='ocrx_word' id='word_1_451' title='bbox 3001 3150 3166 3203; x_wconf 77' lang='lat' dir='ltr'><strong>etiam</strong></span> <span class='ocrx_word' id='word_1_452' title='bbox 3218 3157 3326 3215; x_wconf 90' lang='lat' dir='ltr'><strong>est,</strong></span> 
     </span>
    </p>
   </div>
   <div class='ocr_carea' id='block_1_59' title="bbox 83 3230 1658 3316">
    <p class='ocr_par' dir='ltr' id='par_1_59' title="bbox 83 3230 1656 3316">
     <span class='ocr_line' id='line_1_59' title="bbox 83 3230 1656 3316; baseline -0.009 -18"><span class='ocrx_word' id='word_1_453' title='bbox 83 3247 346 3316; x_wconf 72' lang='grc' dir='ltr'>τρὸνοιαν</span> <span class='ocrx_word' id='word_1_454' title='bbox 392 3237 769 3311; x_wconf 81' lang='grc' dir='ltr'>ποιησώμεθα,</span> <span class='ocrx_word' id='word_1_455' title='bbox 808 3235 974 3307; x_wconf 81' lang='grc' dir='ltr'>μηδὲν</span> <span class='ocrx_word' id='word_1_456' title='bbox 1019 3233 1120 3304; x_wconf 81' lang='grc' dir='ltr'>τῆς</span> <span class='ocrx_word' id='word_1_457' title='bbox 1168 3231 1341 3300; x_wconf 76' lang='grc' dir='ltr'>αὐτῆς</span> <span class='ocrx_word' id='word_1_458' title='bbox 1383 3230 1656 3302; x_wconf 77' lang='grc' dir='ltr'>σωτηρίας</span> 
     </span>
    </p>
   </div>
   <div class='ocr_carea' id='block_1_60' title="bbox 1758 3230 3331 3316">
    <p class='ocr_par' dir='ltr' id='par_1_60' title="bbox 1758 3241 3331 3311">
     <span class='ocr_line' id='line_1_60' title="bbox 1758 3241 3331 3311; baseline 0.004 -18"><span class='ocrx_word' id='word_1_459' title='bbox 1758 3253 1879 3308; x_wconf 67' lang='lat' dir='ltr'><strong>quae</strong></span> <span class='ocrx_word' id='word_1_460' title='bbox 1899 3255 2024 3294; x_wconf 90' lang='lat' dir='ltr'><strong>cum</strong></span> <span class='ocrx_word' id='word_1_461' title='bbox 2055 3255 2284 3311; x_wconf 88' lang='lat' dir='ltr'><strong>corpore</strong></span> <span class='ocrx_word' id='word_1_462' title='bbox 2310 3241 2604 3311; x_wconf 78' lang='lat' dir='ltr'><strong>iudicatur,</strong></span> <span class='ocrx_word' id='word_1_463' title='bbox 2639 3243 2872 3298; x_wconf 89' lang='lat' dir='ltr'><strong>etsimul</strong></span> <span class='ocrx_word' id='word_1_464' title='bbox 2889 3243 3216 3309; x_wconf 81' lang='lat' dir='ltr'><strong>defenditur,</strong></span> <span class='ocrx_word' id='word_1_465' title='bbox 3272 3253 3331 3299; x_wconf 90' lang='lat' dir='ltr'><strong>et</strong></span> 
     </span>
    </p>
   </div>
   <div class='ocr_carea' id='block_1_61' title="bbox 85 3309 1658 3407">
    <p class='ocr_par' dir='ltr' id='par_1_61' title="bbox 85 3309 1646 3407">
     <span class='ocr_line' id='line_1_61' title="bbox 85 3309 1646 3407; baseline -0.01 -17"><span class='ocrx_word' id='word_1_466' title='bbox 85 3309 653 3407; x_wconf 43' lang='grc' dir='ltr'>προκρίνοντεςξὲπεὶ</span> <span class='ocrx_word' id='word_1_467' title='bbox 687 3331 782 3381; x_wconf 81' lang='grc' dir='ltr'><strong>καί</strong></span> <span class='ocrx_word' id='word_1_468' title='bbox 814 3325 952 3397; x_wconf 83' lang='grc' dir='ltr'>αὓτη</span> <span class='ocrx_word' id='word_1_469' title='bbox 987 3326 1135 3378; x_wconf 73' lang='grc' dir='ltr'>ἐστὶν</span> <span class='ocrx_word' id='word_1_470' title='bbox 1177 3327 1212 3395; x_wconf 92' lang='grc' dir='ltr'><strong>ή</strong></span> <span class='ocrx_word' id='word_1_471' title='bbox 1247 3324 1646 3394; x_wconf 80' lang='grc' dir='ltr'>συγκρινομένη</span> 
     </span>
    </p>
   </div>
   <div class='ocr_carea' id='block_1_62' title="bbox 1758 3309 3332 3407">
    <p class='ocr_par' dir='ltr' id='par_1_62' title="bbox 1758 3309 3332 3406">
     <span class='ocr_line' id='line_1_62' title="bbox 1758 3309 3332 3406; baseline 0.004 -20"><span class='ocrx_word' id='word_1_472' title='bbox 1758 3343 2024 3402; x_wconf 80' lang='lat' dir='ltr'><strong>comparet</strong></span> <span class='ocrx_word' id='word_1_473' title='bbox 2051 3309 2177 3390; x_wconf 79' lang='lat' dir='ltr'><strong>ante</strong></span> <span class='ocrx_word' id='word_1_474' title='bbox 2210 3309 2416 3391; x_wconf 77' lang='lat' dir='ltr'><strong>Christi</strong></span> <span class='ocrx_word' id='word_1_475' title='bbox 2445 3336 2700 3392; x_wconf 78' lang='lat' dir='ltr'><strong>tribunal.</strong></span> <span class='ocrx_word' id='word_1_476' title='bbox 2735 3336 2792 3391; x_wconf 89' lang='lat' dir='ltr'><strong>Si</strong></span> <span class='ocrx_word' id='word_1_477' title='bbox 2813 3347 2944 3393; x_wconf 91' lang='lat' dir='ltr'><strong>tunc</strong></span> <span class='ocrx_word' id='word_1_478' title='bbox 2967 3337 3170 3393; x_wconf 80' lang='lat' dir='ltr'><strong>dixeris</strong></span> <span class='ocrx_word' id='word_1_479' title='bbox 3198 3353 3216 3390; x_wconf 89' lang='lat'><strong><em>:</em></strong></span> <span class='ocrx_word' id='word_1_480' title='bbox 3237 3353 3332 3406; x_wconf 85' lang='lat' dir='ltr'><strong>pe-</strong></span> 
     </span>
    </p>
   </div>
   <div class='ocr_carea' id='block_1_63' title="bbox 85 3417 1658 3500">
    <p class='ocr_par' dir='ltr' id='par_1_63' title="bbox 85 3417 1652 3500">
     <span class='ocr_line' id='line_1_63' title="bbox 85 3417 1652 3500; baseline -0.007 -22"><span class='ocrx_word' id='word_1_481' title='bbox 85 3431 143 3500; x_wconf 72' lang='grc' dir='ltr'><strong>ςῴ</strong></span> <span class='ocrx_word' id='word_1_482' title='bbox 187 3428 422 3498; x_wconf 84' lang='grc' dir='ltr'>σώματι</span> <span class='ocrx_word' id='word_1_483' title='bbox 451 3423 545 3477; x_wconf 78' lang='grc' dir='ltr'><strong>καὶ</strong></span> <span class='ocrx_word' id='word_1_484' title='bbox 606 3417 1117 3489; x_wconf 66' lang='grc' dir='ltr'>συναπολογουμένη</span> <span class='ocrx_word' id='word_1_485' title='bbox 1151 3419 1246 3470; x_wconf 81' lang='grc' dir='ltr'>καὶ</span> <span class='ocrx_word' id='word_1_486' title='bbox 1277 3432 1652 3487; x_wconf 82' lang='grc' dir='ltr'>συμπαριστα-</span> 
     </span>
    </p>
   </div>
   <div class='ocr_carea' id='block_1_64' title="bbox 1758 3417 3326 3500">
    <p class='ocr_par' dir='ltr' id='par_1_64' title="bbox 1758 3424 3326 3492">
     <span class='ocr_line' id='line_1_64' title="bbox 1758 3424 3326 3492; baseline 0.005 -15"><span class='ocrx_word' id='word_1_487' title='bbox 1758 3424 1921 3478; x_wconf 72' lang='lat' dir='ltr'><strong>cuniae</strong></span> <span class='ocrx_word' id='word_1_488' title='bbox 1946 3440 2031 3479; x_wconf 94' lang='lat' dir='ltr'><strong>me</strong></span> <span class='ocrx_word' id='word_1_489' title='bbox 2048 3427 2366 3492; x_wconf 86' lang='lat' dir='ltr'><strong>allexerunt,</strong></span> <span class='ocrx_word' id='word_1_490' title='bbox 2397 3427 2540 3483; x_wconf 86' lang='lat' dir='ltr'><strong>dicet</strong></span> <span class='ocrx_word' id='word_1_491' title='bbox 2575 3428 2673 3484; x_wconf 92' lang='lat' dir='ltr'><strong>tibi</strong></span> <span class='ocrx_word' id='word_1_492' title='bbox 2705 3427 2877 3484; x_wconf 82' lang='lat' dir='ltr'><strong>Judex</strong></span> <span class='ocrx_word' id='word_1_493' title='bbox 2902 3445 2916 3482; x_wconf 92' lang='lat'><strong>:</strong></span> <span class='ocrx_word' id='word_1_494' title='bbox 2942 3427 3064 3484; x_wconf 85' lang='lat' dir='ltr'><strong>Non</strong></span> <span class='ocrx_word' id='word_1_495' title='bbox 3086 3429 3286 3485; x_wconf 84' lang='lat' dir='ltr'><strong>audisti</strong></span> <span class='ocrx_word' id='word_1_496' title='bbox 3311 3433 3326 3470; x_wconf 71' lang='grc'>³</span> 
     </span>
    </p>
   </div>
   <div class='ocr_carea' id='block_1_65' title="bbox 83 3505 1658 3590">
    <p class='ocr_par' dir='ltr' id='par_1_65' title="bbox 83 3505 1650 3590">
     <span class='ocr_line' id='line_1_65' title="bbox 83 3505 1650 3590; baseline -0.011 -16"><span class='ocrx_word' id='word_1_497' title='bbox 83 3523 210 3590; x_wconf 81' lang='grc' dir='ltr'>ιένη</span> <span class='ocrx_word' id='word_1_498' title='bbox 265 3518 374 3573; x_wconf 74' lang='grc' dir='ltr'>ἐπὶ</span> <span class='ocrx_word' id='word_1_499' title='bbox 418 3514 514 3570; x_wconf 83' lang='grc' dir='ltr'><strong>τοῦ</strong></span> <span class='ocrx_word' id='word_1_500' title='bbox 553 3514 797 3585; x_wconf 80' lang='grc' dir='ltr'>βήματος</span> <span class='ocrx_word' id='word_1_501' title='bbox 855 3509 958 3578; x_wconf 68' lang='grc' dir='ltr'>τοῦξ</span> <span class='ocrx_word' id='word_1_502' title='bbox 997 3508 1256 3580; x_wconf 80' lang='grc' dir='ltr'>Χριστοῦ.</span> <span class='ocrx_word' id='word_1_503' title='bbox 1314 3509 1438 3560; x_wconf 72' lang='grc' dir='ltr'><strong>Ἐὰν</strong></span> <span class='ocrx_word' id='word_1_504' title='bbox 1493 3505 1650 3578; x_wconf 75' lang='grc' dir='ltr'>εἴπῃς</span> 
     </span>
    </p>
   </div>
   <div class='ocr_carea' id='block_1_66' title="bbox 1758 3505 3315 3590">
    <p class='ocr_par' dir='ltr' id='par_1_66' title="bbox 1758 3515 3315 3590">
     <span class='ocr_line' id='line_1_66' title="bbox 1758 3515 3315 3590; baseline 0.005 -22"><span class='ocrx_word' id='word_1_505' title='bbox 1758 3515 1882 3580; x_wconf 72' lang='lat' dir='ltr'><strong>Quae</strong></span> <span class='ocrx_word' id='word_1_506' title='bbox 1917 3520 2148 3583; x_wconf 81' lang='lat' dir='ltr'><strong>utilitas,</strong></span> <span class='ocrx_word' id='word_1_507' title='bbox 2178 3521 2224 3574; x_wconf 79' lang='lat' dir='ltr'><strong>si</strong></span> <span class='ocrx_word' id='word_1_508' title='bbox 2249 3521 2367 3590; x_wconf 77' lang='lat' dir='ltr'><strong>quis</strong></span> <span class='ocrx_word' id='word_1_509' title='bbox 2396 3529 2564 3575; x_wconf 80' lang='lat' dir='ltr'><strong>totum</strong></span> <span class='ocrx_word' id='word_1_510' title='bbox 2608 3522 2860 3576; x_wconf 81' lang='lat' dir='ltr'><strong>mundum</strong></span> <span class='ocrx_word' id='word_1_511' title='bbox 2898 3522 3153 3584; x_wconf 80' lang='lat' dir='ltr'><strong>lucretur,</strong></span> <span class='ocrx_word' id='word_1_512' title='bbox 3192 3523 3315 3576; x_wconf 87' lang='lat' dir='ltr'><strong>ani-</strong></span> 
     </span>
    </p>
   </div>
   <div class='ocr_carea' id='block_1_67' title="bbox 95 3599 1658 3683">
    <p class='ocr_par' dir='ltr' id='par_1_67' title="bbox 95 3599 1650 3681">
     <span class='ocr_line' id='line_1_67' title="bbox 95 3599 1650 3681; baseline -0.011 -13"><span class='ocrx_word' id='word_1_513' title='bbox 95 3615 190 3668; x_wconf 88' lang='grc' dir='ltr'><strong>ότε</strong></span> <span class='ocrx_word' id='word_1_514' title='bbox 211 3613 359 3681; x_wconf 51' lang='grc' dir='ltr'>,ιὸτι</span> <span class='ocrx_word' id='word_1_515' title='bbox 396 3607 672 3680; x_wconf 86' lang='grc' dir='ltr'>Χρήματά</span> <span class='ocrx_word' id='word_1_516' title='bbox 727 3621 795 3675; x_wconf 88' lang='grc' dir='ltr'><strong>με</strong></span> <span class='ocrx_word' id='word_1_517' title='bbox 826 3603 1134 3664; x_wconf 77' lang='grc' dir='ltr'>ὲδελέασαν,</span> <span class='ocrx_word' id='word_1_518' title='bbox 1171 3601 1288 3670; x_wconf 83' lang='grc' dir='ltr'><strong>ὲρεῖ</strong></span> <span class='ocrx_word' id='word_1_519' title='bbox 1324 3616 1407 3652; x_wconf 93' lang='grc' dir='ltr'><strong>σοι</strong></span> <span class='ocrx_word' id='word_1_520' title='bbox 1436 3601 1465 3653; x_wconf 90' lang='lat'><strong>6</strong></span> <span class='ocrx_word' id='word_1_521' title='bbox 1493 3599 1650 3652; x_wconf 86' lang='grc' dir='ltr'>δικα-</span> 
     </span>
    </p>
   </div>
   <div class='ocr_carea' id='block_1_68' title="bbox 1758 3599 3325 3683">
    <p class='ocr_par' dir='ltr' id='par_1_68' title="bbox 1758 3611 3325 3683">
     <span class='ocr_line' id='line_1_68' title="bbox 1758 3611 3325 3683; baseline 0.005 -24"><span class='ocrx_word' id='word_1_522' title='bbox 1758 3623 1848 3664; x_wconf 73' lang='grc' dir='ltr'>ιιιω</span> <span class='ocrx_word' id='word_1_523' title='bbox 1868 3619 2041 3663; x_wconf 85' lang='lat' dir='ltr'><strong>autem</strong></span> <span class='ocrx_word' id='word_1_524' title='bbox 2058 3627 2169 3665; x_wconf 62' lang='lat' dir='ltr'><strong>suae</strong></span> <span class='ocrx_word' id='word_1_525' title='bbox 2194 3611 2564 3667; x_wconf 80' lang='lat' dir='ltr'><strong>detrimentum</strong></span> <span class='ocrx_word' id='word_1_526' title='bbox 2592 3615 2832 3683; x_wconf 83' lang='lat' dir='ltr'><strong>patiatur</strong></span> <span class='ocrx_word' id='word_1_527' title='bbox 2853 3613 2944 3667; x_wconf 70' lang='grc'><strong>⁸⁸2</strong></span> <span class='ocrx_word' id='word_1_528' title='bbox 2978 3614 3036 3668; x_wconf 81' lang='lat' dir='ltr'><strong>Si</strong></span> <span class='ocrx_word' id='word_1_529' title='bbox 3083 3614 3286 3669; x_wconf 79' lang='lat' dir='ltr'><strong>dixeris</strong></span> <span class='ocrx_word' id='word_1_530' title='bbox 3310 3633 3325 3667; x_wconf 85' lang='lat'><strong>:</strong></span> 
     </span>
    </p>
   </div>
   <div class='ocr_carea' id='block_1_69' title="bbox 83 3692 1658 3778">
    <p class='ocr_par' dir='ltr' id='par_1_69' title="bbox 83 3692 1656 3778">
     <span class='ocr_line' id='line_1_69' title="bbox 83 3692 1656 3778; baseline -0.01 -17"><span class='ocrx_word' id='word_1_531' title='bbox 83 3708 208 3778; x_wconf 71' lang='grc' dir='ltr'>ττής</span> <span class='ocrx_word' id='word_1_532' title='bbox 236 3723 250 3735; x_wconf 75' lang='grc' dir='ltr'><strong>ο</strong></span> <span class='ocrx_word' id='word_1_533' title='bbox 289 3704 413 3758; x_wconf 85' lang='grc' dir='ltr'>Οὐκ</span> <span class='ocrx_word' id='word_1_534' title='bbox 457 3702 697 3772; x_wconf 77' lang='grc' dir='ltr'>ἦκουσας</span> <span class='ocrx_word' id='word_1_535' title='bbox 721 3715 735 3730; x_wconf 75' lang='grc' dir='ltr'><strong>ο</strong></span> <span class='ocrx_word' id='word_1_536' title='bbox 776 3700 838 3752; x_wconf 81' lang='grc' dir='ltr'>Τί</span> <span class='ocrx_word' id='word_1_537' title='bbox 873 3696 940 3750; x_wconf 80' lang='grc' dir='ltr'>τὸ</span> <span class='ocrx_word' id='word_1_538' title='bbox 974 3695 1214 3766; x_wconf 73' lang='grc' dir='ltr'>ὄφελος,</span> <span class='ocrx_word' id='word_1_539' title='bbox 1259 3693 1371 3747; x_wconf 80' lang='grc' dir='ltr'><strong>ἐάν</strong></span> <span class='ocrx_word' id='word_1_540' title='bbox 1418 3711 1508 3758; x_wconf 83' lang='grc' dir='ltr'>τις</span> <span class='ocrx_word' id='word_1_541' title='bbox 1550 3692 1656 3745; x_wconf 77' lang='grc' dir='ltr'><strong>τὸν</strong></span> 
     </span>
    </p>
   </div>
   <div class='ocr_carea' id='block_1_70' title="bbox 1758 3692 3326 3778">
    <p class='ocr_par' dir='ltr' id='par_1_70' title="bbox 1758 3699 3326 3776">
     <span class='ocr_line' id='line_1_70' title="bbox 1758 3699 3326 3776; baseline 0.004 -23"><span class='ocrx_word' id='word_1_542' title='bbox 1758 3699 1988 3756; x_wconf 87' lang='lat' dir='ltr'><strong>liaholus</strong></span> <span class='ocrx_word' id='word_1_543' title='bbox 2019 3717 2108 3759; x_wconf 88' lang='lat' dir='ltr'><strong>me</strong></span> <span class='ocrx_word' id='word_1_544' title='bbox 2127 3704 2337 3774; x_wconf 88' lang='lat' dir='ltr'><strong>decepit</strong></span> <span class='ocrx_word' id='word_1_545' title='bbox 2375 3722 2391 3764; x_wconf 89' lang='lat'><strong>:</strong></span> <span class='ocrx_word' id='word_1_546' title='bbox 2431 3705 2574 3759; x_wconf 88' lang='lat' dir='ltr'><strong>dicet</strong></span> <span class='ocrx_word' id='word_1_547' title='bbox 2608 3706 2700 3759; x_wconf 88' lang='lat' dir='ltr'><strong>ubi</strong></span> <span class='ocrx_word' id='word_1_548' title='bbox 2731 3714 2787 3760; x_wconf 91' lang='lat' dir='ltr'><strong>et</strong></span> <span class='ocrx_word' id='word_1_549' title='bbox 2831 3707 2948 3776; x_wconf 88' lang='lat' dir='ltr'><strong>ipse</strong></span> <span class='ocrx_word' id='word_1_550' title='bbox 2985 3707 3134 3776; x_wconf 89' lang='lat' dir='ltr'><strong>quod</strong></span> <span class='ocrx_word' id='word_1_551' title='bbox 3191 3707 3326 3761; x_wconf 91' lang='lat' dir='ltr'><strong>nihil</strong></span> 
     </span>
    </p>
   </div>
   <div class='ocr_carea' id='block_1_71' title="bbox 85 3785 1658 3868">
    <p class='ocr_par' dir='ltr' id='par_1_71' title="bbox 85 3785 1646 3868">
     <span class='ocr_line' id='line_1_71' title="bbox 85 3785 1646 3868; baseline -0.004 -20"><span class='ocrx_word' id='word_1_552' title='bbox 85 3800 323 3868; x_wconf 75' lang='grc' dir='ltr'>εόσμον</span> <span class='ocrx_word' id='word_1_553' title='bbox 370 3796 518 3849; x_wconf 75' lang='grc' dir='ltr'>ὅλον</span> <span class='ocrx_word' id='word_1_554' title='bbox 559 3791 849 3860; x_wconf 75' lang='grc' dir='ltr'>κερδήσῃ,</span> <span class='ocrx_word' id='word_1_555' title='bbox 913 3788 1028 3855; x_wconf 69' lang='grc' dir='ltr'><strong>τὴν</strong></span> <span class='ocrx_word' id='word_1_556' title='bbox 1081 3786 1148 3839; x_wconf 85' lang='grc' dir='ltr'>δὲ</span> <span class='ocrx_word' id='word_1_557' title='bbox 1199 3785 1411 3855; x_wconf 76' lang='grc' dir='ltr'><strong>ψυχὴν</strong></span> <span class='ocrx_word' id='word_1_558' title='bbox 1460 3789 1646 3842; x_wconf 84' lang='grc' dir='ltr'>αὐτοῦ</span> 
     </span>
    </p>
   </div>
   <div class='ocr_carea' id='block_1_72' title="bbox 1758 3785 3172 3868">
    <p class='ocr_par' dir='ltr' id='par_1_72' title="bbox 1758 3792 3172 3868">
     <span class='ocr_line' id='line_1_72' title="bbox 1758 3792 3172 3868; baseline 0.004 -22"><span class='ocrx_word' id='word_1_559' title='bbox 1758 3792 1951 3860; x_wconf 76' lang='lat' dir='ltr'><strong>profuit</strong></span> <span class='ocrx_word' id='word_1_560' title='bbox 1972 3793 2114 3861; x_wconf 61' lang='lat' dir='ltr'><strong>Eva,</strong></span> <span class='ocrx_word' id='word_1_561' title='bbox 2143 3797 2270 3866; x_wconf 85' lang='lat' dir='ltr'><strong>quia</strong></span> <span class='ocrx_word' id='word_1_562' title='bbox 2303 3796 2440 3852; x_wconf 89' lang='lat' dir='ltr'><strong>dixit</strong></span> <span class='ocrx_word' id='word_1_563' title='bbox 2471 3816 2484 3851; x_wconf 90' lang='lat'><strong>:</strong></span> <span class='ocrx_word' id='word_1_564' title='bbox 2520 3797 2744 3868; x_wconf 75' lang='lat' dir='ltr'><strong>Serpens</strong></span> <span class='ocrx_word' id='word_1_565' title='bbox 2775 3815 2856 3852; x_wconf 85' lang='lat' dir='ltr'><strong>me</strong></span> <span class='ocrx_word' id='word_1_566' title='bbox 2882 3799 3172 3867; x_wconf 79' lang='lat' dir='ltr'><strong>decepit&quot;.</strong></span> 
     </span>
    </p>
   </div>
   <div class='ocr_carea' id='block_1_73' title="bbox 84 3875 3328 3959">
    <p class='ocr_par' dir='ltr' id='par_1_73' title="bbox 84 3875 3328 3959">
     <span class='ocr_line' id='line_1_73' title="bbox 84 3875 3328 3959; baseline 0.002 -23"><span class='ocrx_word' id='word_1_567' title='bbox 84 3885 348 3959; x_wconf 28' lang='grc' dir='ltr'>,ὴμιωθῇ</span> <span class='ocrx_word' id='word_1_568' title='bbox 371 3904 392 3952; x_wconf 88' lang='grc'><em>;</em></span> <span class='ocrx_word' id='word_1_569' title='bbox 433 3883 559 3940; x_wconf 85' lang='grc' dir='ltr'><strong>Ἐἀν</strong></span> <span class='ocrx_word' id='word_1_570' title='bbox 586 3883 768 3952; x_wconf 77' lang='grc' dir='ltr'>εἴπης,</span> <span class='ocrx_word' id='word_1_571' title='bbox 793 3881 875 3934; x_wconf 81' lang='grc' dir='ltr'>ὅτι</span> <span class='ocrx_word' id='word_1_572' title='bbox 927 3877 987 3932; x_wconf 81' lang='grc'><strong>’0</strong></span> <span class='ocrx_word' id='word_1_573' title='bbox 1024 3875 1268 3941; x_wconf 77' lang='grc' dir='ltr'>διάϐολος</span> <span class='ocrx_word' id='word_1_574' title='bbox 1295 3894 1364 3946; x_wconf 84' lang='grc' dir='ltr'><strong>με</strong></span> <span class='ocrx_word' id='word_1_575' title='bbox 1399 3878 1704 3949; x_wconf 79' lang='grc' dir='ltr'>ἠπάτησεν,</span> <span class='ocrx_word' id='word_1_576' title='bbox 1742 3881 1858 3941; x_wconf 56' lang='lat' dir='ltr'><strong>ipsi</strong></span> <span class='ocrx_word' id='word_1_577' title='bbox 1886 3901 1967 3938; x_wconf 87' lang='grc' dir='ltr'><strong>σοι</strong></span> <span class='ocrx_word' id='word_1_578' title='bbox 1995 3887 2024 3939; x_wconf 89' lang='lat'><strong>6</strong></span> <span class='ocrx_word' id='word_1_579' title='bbox 2052 3887 2214 3950; x_wconf 80' lang='grc' dir='ltr'>αὐτὸς</span> <span class='ocrx_word' id='word_1_580' title='bbox 2270 3888 2352 3940; x_wconf 75' lang='grc' dir='ltr'>ὅτι</span> <span class='ocrx_word' id='word_1_581' title='bbox 2377 3887 2530 3941; x_wconf 85' lang='grc' dir='ltr'>οὐδὲν</span> <span class='ocrx_word' id='word_1_582' title='bbox 2555 3889 2655 3959; x_wconf 79' lang='grc' dir='ltr'>τὴν</span> <span class='ocrx_word' id='word_1_583' title='bbox 2684 3886 2826 3941; x_wconf 80' lang='grc' dir='ltr'>Εὕαν</span> <span class='ocrx_word' id='word_1_584' title='bbox 2844 3887 3020 3958; x_wconf 80' lang='grc' dir='ltr'>ὢνησε</span> <span class='ocrx_word' id='word_1_585' title='bbox 3043 3888 3105 3943; x_wconf 83' lang='grc' dir='ltr'>τὺ</span> <span class='ocrx_word' id='word_1_586' title='bbox 3133 3889 3328 3951; x_wconf 68' lang='lat' dir='ltr'><strong>simu,</strong></span> 
     </span>
    </p>
   </div>
   <div class='ocr_carea' id='block_1_74' title="bbox 84 3973 891 4050">
    <p class='ocr_par' dir='ltr' id='par_1_74' title="bbox 84 3973 891 4050">
     <span class='ocr_line' id='line_1_74' title="bbox 84 3973 891 4050; baseline -0.016 -11"><span class='ocrx_word' id='word_1_587' title='bbox 84 3990 147 4039; x_wconf 85' lang='grc' dir='ltr'><strong>τι</strong></span> <span class='ocrx_word' id='word_1_588' title='bbox 184 3984 258 4037; x_wconf 88' lang='lat'><strong>&#39;0</strong></span> <span class='ocrx_word' id='word_1_589' title='bbox 295 3981 436 4050; x_wconf 60' lang='grc' dir='ltr'>ὄφις</span> <span class='ocrx_word' id='word_1_590' title='bbox 462 3973 776 4046; x_wconf 66' lang='grc' dir='ltr'>ἠπάτησάν</span> <span class='ocrx_word' id='word_1_591' title='bbox 794 3989 891 4042; x_wconf 68' lang='grc' dir='ltr'><strong>με.</strong></span> 
     </span>
    </p>
   </div>
   <div class='ocr_carea' id='block_1_75' title="bbox 135 4062 1660 4135">
    <p class='ocr_par' dir='ltr' id='par_1_75' title="bbox 135 4062 1660 4135">
     <span class='ocr_line' id='line_1_75' title="bbox 135 4062 1660 4135; baseline -0.01 -5"><span class='ocrx_word' id='word_1_592' title='bbox 135 4076 348 4131; x_wconf 82' lang='grc' dir='ltr'>Ταῦτα</span> <span class='ocrx_word' id='word_1_593' title='bbox 377 4073 557 4125; x_wconf 89' lang='grc' dir='ltr'>τοίνυν</span> <span class='ocrx_word' id='word_1_594' title='bbox 585 4068 724 4122; x_wconf 85' lang='grc' dir='ltr'><strong>κατά</strong></span> <span class='ocrx_word' id='word_1_595' title='bbox 767 4065 891 4118; x_wconf 88' lang='grc' dir='ltr'>νοῦν</span> <span class='ocrx_word' id='word_1_596' title='bbox 917 4065 1150 4135; x_wconf 76' lang='grc' dir='ltr'>ἔχοντες,</span> <span class='ocrx_word' id='word_1_597' title='bbox 1187 4062 1341 4116; x_wconf 75' lang='grc' dir='ltr'>δεῦτε</span> <span class='ocrx_word' id='word_1_598' title='bbox 1373 4063 1660 4135; x_wconf 78' lang='grc' dir='ltr'>διαναστή-</span> 
     </span>
    </p>
   </div>
   <div class='ocr_carea' id='block_1_76' title="bbox 85 4153 1660 4237">
    <p class='ocr_par' dir='ltr' id='par_1_76' title="bbox 85 4153 1660 4237">
     <span class='ocr_line' id='line_1_76' title="bbox 85 4153 1660 4237; baseline -0.01 -15"><span class='ocrx_word' id='word_1_599' title='bbox 85 4185 268 4237; x_wconf 85' lang='grc' dir='ltr'>ωμεν</span> <span class='ocrx_word' id='word_1_600' title='bbox 297 4164 525 4225; x_wconf 70' lang='grc' dir='ltr'>ἑαυτοὺς</span> <span class='ocrx_word' id='word_1_601' title='bbox 551 4161 654 4229; x_wconf 79' lang='grc' dir='ltr'>πρὸ</span> <span class='ocrx_word' id='word_1_602' title='bbox 680 4157 774 4212; x_wconf 85' lang='grc' dir='ltr'><strong>τοῦ</strong></span> <span class='ocrx_word' id='word_1_603' title='bbox 807 4155 1161 4220; x_wconf 86' lang='grc' dir='ltr'>συσκοτάσαι,</span> <span class='ocrx_word' id='word_1_604' title='bbox 1205 4154 1336 4225; x_wconf 73' lang='grc' dir='ltr'>πρὶν</span> <span class='ocrx_word' id='word_1_605' title='bbox 1365 4153 1535 4208; x_wconf 82' lang='grc' dir='ltr'>ὲλθεῖν</span> <span class='ocrx_word' id='word_1_606' title='bbox 1562 4153 1660 4226; x_wconf 81' lang='grc' dir='ltr'><strong>τὴν</strong></span> 
     </span>
    </p>
   </div>
   <div class='ocr_carea' id='block_1_77' title="bbox 85 4241 1660 4330">
    <p class='ocr_par' dir='ltr' id='par_1_77' title="bbox 85 4241 1660 4330">
     <span class='ocr_line' id='line_1_77' title="bbox 85 4241 1660 4330; baseline -0.014 -18"><span class='ocrx_word' id='word_1_607' title='bbox 85 4259 304 4330; x_wconf 64' lang='grc' dir='ltr'>ίμέραν</span> <span class='ocrx_word' id='word_1_608' title='bbox 339 4253 547 4324; x_wconf 82' lang='grc' dir='ltr'>Κυρίου</span> <span class='ocrx_word' id='word_1_609' title='bbox 580 4251 677 4322; x_wconf 81' lang='grc' dir='ltr'><strong>τὴν</strong></span> <span class='ocrx_word' id='word_1_610' title='bbox 704 4246 969 4321; x_wconf 78' lang='grc' dir='ltr'>μεγάλην,</span> <span class='ocrx_word' id='word_1_611' title='bbox 1001 4246 1096 4299; x_wconf 73' lang='grc' dir='ltr'>καὶ</span> <span class='ocrx_word' id='word_1_612' title='bbox 1131 4248 1388 4316; x_wconf 79' lang='grc' dir='ltr'>ἐπιφανῆ,</span> <span class='ocrx_word' id='word_1_613' title='bbox 1438 4246 1565 4317; x_wconf 73' lang='grc' dir='ltr'>περὶ</span> <span class='ocrx_word' id='word_1_614' title='bbox 1597 4241 1660 4316; x_wconf 50' lang='grc' dir='ltr'><strong>τῆς</strong></span> 
     </span>
    </p>
   </div>
   <div class='ocr_carea' id='block_1_78' title="bbox 86 4339 1660 4422">
    <p class='ocr_par' dir='ltr' id='par_1_78' title="bbox 86 4339 1660 4422">
     <span class='ocr_line' id='line_1_78' title="bbox 86 4339 1660 4422; baseline -0.002 -26"><span class='ocrx_word' id='word_1_615' title='bbox 86 4385 88 4396; x_wconf 48' lang='grc' dir='ltr'><strong>ι</strong></span> <span class='ocrx_word' id='word_1_616' title='bbox 125 4349 445 4422; x_wconf 81' lang='grc' dir='ltr'>προφήτης</span> <span class='ocrx_word' id='word_1_617' title='bbox 478 4345 629 4412; x_wconf 74' lang='grc' dir='ltr'>λέγει</span> <span class='ocrx_word' id='word_1_618' title='bbox 648 4360 662 4373; x_wconf 91' lang='grc'><strong>·</strong></span> <span class='ocrx_word' id='word_1_619' title='bbox 706 4339 853 4396; x_wconf 85' lang='grc' dir='ltr'>Ἰδοὺ</span> <span class='ocrx_word' id='word_1_620' title='bbox 875 4341 1126 4409; x_wconf 78' lang='grc' dir='ltr'>ἔρχεται,</span> <span class='ocrx_word' id='word_1_621' title='bbox 1155 4339 1250 4391; x_wconf 78' lang='grc' dir='ltr'>καὶ</span> <span class='ocrx_word' id='word_1_622' title='bbox 1272 4339 1360 4404; x_wconf 83' lang='grc' dir='ltr'><strong>τίς</strong></span> <span class='ocrx_word' id='word_1_623' title='bbox 1390 4340 1660 4407; x_wconf 76' lang='grc' dir='ltr'>ὑποστή-</span> 
     </span>
    </p>
   </div>
   <div class='ocr_carea' id='block_1_79' title="bbox 85 4431 1660 4508">
    <p class='ocr_par' dir='ltr' id='par_1_79' title="bbox 85 4431 1660 4508">
     <span class='ocr_line' id='line_1_79' title="bbox 85 4431 1660 4508; baseline -0.009 -10"><span class='ocrx_word' id='word_1_624' title='bbox 85 4459 252 4497; x_wconf 74' lang='grc' dir='ltr'>ινεται</span> <span class='ocrx_word' id='word_1_625' title='bbox 272 4459 296 4506; x_wconf 86' lang='grc'><strong><em>;</em></strong></span> <span class='ocrx_word' id='word_1_626' title='bbox 329 4439 369 4508; x_wconf 81' lang='grc' dir='ltr'><strong>ἣ</strong></span> <span class='ocrx_word' id='word_1_627' title='bbox 409 4437 500 4502; x_wconf 82' lang='grc' dir='ltr'><strong>τίς</strong></span> <span class='ocrx_word' id='word_1_628' title='bbox 539 4432 828 4503; x_wconf 75' lang='grc' dir='ltr'>ὑπομενεῖ</span> <span class='ocrx_word' id='word_1_629' title='bbox 874 4432 1101 4502; x_wconf 71' lang='grc' dir='ltr'>ἡμέραν</span> <span class='ocrx_word' id='word_1_630' title='bbox 1152 4431 1392 4485; x_wconf 74' lang='grc' dir='ltr'>εἰσόδου</span> <span class='ocrx_word' id='word_1_631' title='bbox 1432 4433 1660 4497; x_wconf 80' lang='grc' dir='ltr'>αὑτοῠ;</span> 
     </span>
    </p>
   </div>
   <div class='ocr_carea' id='block_1_80' title="bbox 85 4522 1657 4606">
    <p class='ocr_par' dir='ltr' id='par_1_80' title="bbox 85 4522 1657 4606">
     <span class='ocr_line' id='line_1_80' title="bbox 85 4522 1657 4606; baseline -0.001 -28"><span class='ocrx_word' id='word_1_632' title='bbox 85 4534 304 4606; x_wconf 63' lang='grc' dir='ltr'>ιοδερὲ</span> <span class='ocrx_word' id='word_1_633' title='bbox 333 4533 368 4602; x_wconf 76' lang='grc' dir='ltr'><strong>ἡ</strong></span> <span class='ocrx_word' id='word_1_634' title='bbox 393 4529 577 4599; x_wconf 84' lang='grc' dir='ltr'>ήμέρα</span> <span class='ocrx_word' id='word_1_635' title='bbox 595 4526 776 4595; x_wconf 80' lang='grc' dir='ltr'>ἐκείνη</span> <span class='ocrx_word' id='word_1_636' title='bbox 803 4524 1030 4595; x_wconf 87' lang='grc' dir='ltr'>ὁμίχλης</span> <span class='ocrx_word' id='word_1_637' title='bbox 1055 4523 1297 4585; x_wconf 89' lang='grc' dir='ltr'>σκότους.</span> <span class='ocrx_word' id='word_1_638' title='bbox 1331 4522 1468 4575; x_wconf 80' lang='grc' dir='ltr'>Ἀλλ’</span> <span class='ocrx_word' id='word_1_639' title='bbox 1491 4525 1657 4594; x_wconf 82' lang='grc' dir='ltr'>ἐρεῖς·</span> 
     </span>
    </p>
   </div>
   <div class='ocr_carea' id='block_1_81' title="bbox 85 4612 1660 4690">
    <p class='ocr_par' dir='ltr' id='par_1_81' title="bbox 85 4612 1660 4690">
     <span class='ocr_line' id='line_1_81' title="bbox 85 4612 1660 4690; baseline 0.008 -23"><span class='ocrx_word' id='word_1_640' title='bbox 85 4623 200 4686; x_wconf 78' lang='grc' dir='ltr'>ιῶς</span> <span class='ocrx_word' id='word_1_641' title='bbox 236 4621 359 4690; x_wconf 83' lang='grc' dir='ltr'>ἄρα</span> <span class='ocrx_word' id='word_1_642' title='bbox 384 4619 529 4671; x_wconf 74' lang='grc' dir='ltr'>ἐστιν</span> <span class='ocrx_word' id='word_1_643' title='bbox 553 4617 811 4684; x_wconf 80' lang='grc' dir='ltr'>ἐκφυγεῖν</span> <span class='ocrx_word' id='word_1_644' title='bbox 839 4615 908 4667; x_wconf 68' lang='grc' dir='ltr'><strong>τὰ</strong></span> <span class='ocrx_word' id='word_1_645' title='bbox 935 4612 1306 4682; x_wconf 68' lang='grc' dir='ltr'>προειρημένα</span> <span class='ocrx_word' id='word_1_646' title='bbox 1321 4612 1485 4676; x_wconf 77' lang='grc' dir='ltr'>κακᾶς</span> <span class='ocrx_word' id='word_1_647' title='bbox 1519 4612 1660 4681; x_wconf 76' lang='grc' dir='ltr'><strong>Ἐγώ</strong></span> 
     </span>
    </p>
   </div>
   <div class='ocr_carea' id='block_1_82' title="bbox 88 4703 1662 4780">
    <p class='ocr_par' dir='ltr' id='par_1_82' title="bbox 88 4703 1662 4780">
     <span class='ocr_line' id='line_1_82' title="bbox 88 4703 1662 4780; baseline -0.015 -10"><span class='ocrx_word' id='word_1_648' title='bbox 88 4735 152 4770; x_wconf 50' lang='grc' dir='ltr'>ποι</span> <span class='ocrx_word' id='word_1_649' title='bbox 185 4714 354 4780; x_wconf 77' lang='grc' dir='ltr'>λέγω</span> <span class='ocrx_word' id='word_1_650' title='bbox 382 4727 396 4740; x_wconf 81' lang='lat'>&#39;</span> <span class='ocrx_word' id='word_1_651' title='bbox 429 4710 530 4762; x_wconf 77' lang='grc' dir='ltr'><strong>οὐκ</strong></span> <span class='ocrx_word' id='word_1_652' title='bbox 552 4707 618 4761; x_wconf 78' lang='grc' dir='ltr'><strong>ἂν</strong></span> <span class='ocrx_word' id='word_1_653' title='bbox 643 4706 806 4778; x_wconf 88' lang='grc' dir='ltr'>μόνον</span> <span class='ocrx_word' id='word_1_654' title='bbox 832 4706 893 4758; x_wconf 63' lang='grc' dir='ltr'>τὲ.</span> <span class='ocrx_word' id='word_1_655' title='bbox 949 4703 1109 4774; x_wconf 86' lang='grc' dir='ltr'>σῶμά</span> <span class='ocrx_word' id='word_1_656' title='bbox 1148 4721 1240 4757; x_wconf 89' lang='grc' dir='ltr'><strong>σου</strong></span> <span class='ocrx_word' id='word_1_657' title='bbox 1284 4704 1545 4773; x_wconf 76' lang='grc' dir='ltr'>φυλάξαις</span> <span class='ocrx_word' id='word_1_658' title='bbox 1569 4722 1662 4760; x_wconf 79' lang='grc' dir='ltr'><strong>κα.</strong></span> 
     </span>
    </p>
   </div>
   <div class='ocr_carea' id='block_1_83' title="bbox 1834 4064 3333 4136">
    <p class='ocr_par' dir='ltr' id='par_1_83' title="bbox 1834 4064 3333 4136">
     <span class='ocr_line' id='line_1_83' title="bbox 1834 4064 3333 4136; baseline 0.005 -18"><span class='ocrx_word' id='word_1_659' title='bbox 1834 4064 1956 4120; x_wconf 69' lang='lat' dir='ltr'><strong>Haec</strong></span> <span class='ocrx_word' id='word_1_660' title='bbox 1979 4065 2146 4136; x_wconf 88' lang='lat' dir='ltr'><strong>igitur</strong></span> <span class='ocrx_word' id='word_1_661' title='bbox 2173 4074 2352 4121; x_wconf 87' lang='lat' dir='ltr'><strong>mente</strong></span> <span class='ocrx_word' id='word_1_662' title='bbox 2384 4074 2649 4132; x_wconf 87' lang='lat' dir='ltr'><strong>tenentes,</strong></span> <span class='ocrx_word' id='word_1_663' title='bbox 2677 4067 2876 4133; x_wconf 86' lang='lat' dir='ltr'><strong>venite,</strong></span> <span class='ocrx_word' id='word_1_664' title='bbox 2902 4067 3202 4124; x_wconf 80' lang='lat' dir='ltr'><strong>excitemus</strong></span> <span class='ocrx_word' id='word_1_665' title='bbox 3230 4084 3333 4125; x_wconf 78' lang='lat' dir='ltr'><strong>nos</strong></span> 
     </span>
    </p>
   </div>
   <div class='ocr_carea' id='block_1_84' title="bbox 1761 4157 3331 4228">
    <p class='ocr_par' dir='ltr' id='par_1_84' title="bbox 1761 4157 3331 4228">
     <span class='ocr_line' id='line_1_84' title="bbox 1761 4157 3331 4228; baseline 0.001 -16"><span class='ocrx_word' id='word_1_666' title='bbox 1761 4174 1927 4228; x_wconf 69' lang='lat' dir='ltr'><strong>ipsos,</strong></span> <span class='ocrx_word' id='word_1_667' title='bbox 1958 4157 2277 4228; x_wconf 82' lang='lat' dir='ltr'><strong>priusquam</strong></span> <span class='ocrx_word' id='word_1_668' title='bbox 2301 4157 2715 4225; x_wconf 90' lang='lat' dir='ltr'><strong>obumbremur,</strong></span> <span class='ocrx_word' id='word_1_669' title='bbox 2773 4159 3096 4228; x_wconf 88' lang='lat' dir='ltr'><strong>priusquam</strong></span> <span class='ocrx_word' id='word_1_670' title='bbox 3146 4160 3331 4214; x_wconf 88' lang='lat' dir='ltr'><strong>veniat</strong></span> 
     </span>
    </p>
   </div>
   <div class='ocr_carea' id='block_1_85' title="bbox 1759 4249 3328 4322">
    <p class='ocr_par' dir='ltr' id='par_1_85' title="bbox 1759 4249 3328 4322">
     <span class='ocr_line' id='line_1_85' title="bbox 1759 4249 3328 4322; baseline 0.001 -17"><span class='ocrx_word' id='word_1_671' title='bbox 1759 4251 1874 4305; x_wconf 85' lang='lat' dir='ltr'><strong>dies</strong></span> <span class='ocrx_word' id='word_1_672' title='bbox 1910 4249 2123 4304; x_wconf 90' lang='lat' dir='ltr'><strong>Domini</strong></span> <span class='ocrx_word' id='word_1_673' title='bbox 2151 4265 2399 4320; x_wconf 86' lang='lat' dir='ltr'><strong>magnus,</strong></span> <span class='ocrx_word' id='word_1_674' title='bbox 2439 4261 2495 4306; x_wconf 90' lang='lat' dir='ltr'><strong>et</strong></span> <span class='ocrx_word' id='word_1_675' title='bbox 2515 4259 2792 4320; x_wconf 88' lang='lat' dir='ltr'><strong>appareat,</strong></span> <span class='ocrx_word' id='word_1_676' title='bbox 2828 4253 2894 4304; x_wconf 66' lang='lat' dir='ltr'><strong>«le</strong></span> <span class='ocrx_word' id='word_1_677' title='bbox 2916 4267 3026 4320; x_wconf 86' lang='lat' dir='ltr'><strong>quo</strong></span> <span class='ocrx_word' id='word_1_678' title='bbox 3067 4252 3328 4322; x_wconf 81' lang='lat' dir='ltr'><strong>propheta</strong></span> 
     </span>
    </p>
   </div>
   <div class='ocr_carea' id='block_1_86' title="bbox 1759 4339 3325 4412">
    <p class='ocr_par' dir='ltr' id='par_1_86' title="bbox 1759 4339 3325 4412">
     <span class='ocr_line' id='line_1_86' title="bbox 1759 4339 3325 4412; baseline 0.001 -16"><span class='ocrx_word' id='word_1_679' title='bbox 1759 4341 1890 4396; x_wconf 89' lang='lat' dir='ltr'><strong>dicit</strong></span> <span class='ocrx_word' id='word_1_680' title='bbox 1915 4358 1930 4396; x_wconf 92' lang='lat'><strong>:</strong></span> <span class='ocrx_word' id='word_1_681' title='bbox 1963 4339 2097 4394; x_wconf 76' lang='lat' dir='ltr'><strong>Ecce</strong></span> <span class='ocrx_word' id='word_1_682' title='bbox 2123 4343 2279 4405; x_wconf 79' lang='lat' dir='ltr'><strong>venit,</strong></span> <span class='ocrx_word' id='word_1_683' title='bbox 2307 4351 2354 4394; x_wconf 88' lang='lat' dir='ltr'><strong>et</strong></span> <span class='ocrx_word' id='word_1_684' title='bbox 2379 4341 2494 4410; x_wconf 79' lang='lat' dir='ltr'><strong>quis</strong></span> <span class='ocrx_word' id='word_1_685' title='bbox 2525 4340 2840 4397; x_wconf 74' lang='lat' dir='ltr'><strong>sustinebit?</strong></span> <span class='ocrx_word' id='word_1_686' title='bbox 2868 4342 2946 4396; x_wconf 81' lang='lat' dir='ltr'><strong>vel</strong></span> <span class='ocrx_word' id='word_1_687' title='bbox 2977 4344 3094 4412; x_wconf 69' lang='lat' dir='ltr'><strong>qui:</strong></span> <span class='ocrx_word' id='word_1_688' title='bbox 3123 4343 3325 4397; x_wconf 78' lang='lat' dir='ltr'><strong>tolera-</strong></span> 
     </span>
    </p>
   </div>
   <div class='ocr_carea' id='block_1_87' title="bbox 1765 4433 3333 4502">
    <p class='ocr_par' dir='ltr' id='par_1_87' title="bbox 1765 4433 3333 4502">
     <span class='ocr_line' id='line_1_87' title="bbox 1765 4433 3333 4502; baseline 0.001 -14"><span class='ocrx_word' id='word_1_689' title='bbox 1765 4435 1838 4488; x_wconf 84' lang='lat' dir='ltr'><strong>bit</strong></span> <span class='ocrx_word' id='word_1_690' title='bbox 1861 4433 2001 4488; x_wconf 80' lang='lat' dir='ltr'><strong>diem</strong></span> <span class='ocrx_word' id='word_1_691' title='bbox 2033 4433 2283 4488; x_wconf 80' lang='lat' dir='ltr'><strong>adventus</strong></span> <span class='ocrx_word' id='word_1_692' title='bbox 2317 4434 2428 4502; x_wconf 79' lang='lat' dir='ltr'><strong>eius</strong></span> <span class='ocrx_word' id='word_1_693' title='bbox 2459 4433 2549 4486; x_wconf 73' lang='lat'><strong>”?</strong></span> <span class='ocrx_word' id='word_1_694' title='bbox 2595 4433 2893 4488; x_wconf 81' lang='lat' dir='ltr'><strong>Tremenda</strong></span> <span class='ocrx_word' id='word_1_695' title='bbox 2952 4435 3069 4490; x_wconf 86' lang='lat' dir='ltr'><strong>dies</strong></span> <span class='ocrx_word' id='word_1_696' title='bbox 3108 4435 3201 4490; x_wconf 84' lang='lat' dir='ltr'><strong>illa</strong></span> <span class='ocrx_word' id='word_1_697' title='bbox 3241 4445 3333 4490; x_wconf 83' lang='lat' dir='ltr'><strong>tu-</strong></span> 
     </span>
    </p>
   </div>
   <div class='ocr_carea' id='block_1_88' title="bbox 1765 4521 3329 4595">
    <p class='ocr_par' dir='ltr' id='par_1_88' title="bbox 1765 4521 3329 4595">
     <span class='ocr_line' id='line_1_88' title="bbox 1765 4521 3329 4595; baseline 0.001 -17"><span class='ocrx_word' id='word_1_698' title='bbox 1765 4524 1988 4590; x_wconf 88' lang='lat' dir='ltr'><strong>multus,</strong></span> <span class='ocrx_word' id='word_1_699' title='bbox 2017 4532 2072 4578; x_wconf 92' lang='lat' dir='ltr'><strong>et</strong></span> <span class='ocrx_word' id='word_1_700' title='bbox 2104 4523 2470 4578; x_wconf 89' lang='lat' dir='ltr'><strong>tenebrarum.</strong></span> <span class='ocrx_word' id='word_1_701' title='bbox 2502 4522 2605 4578; x_wconf 89' lang='lat' dir='ltr'><strong>Sed</strong></span> <span class='ocrx_word' id='word_1_702' title='bbox 2636 4523 2785 4578; x_wconf 90' lang='lat' dir='ltr'><strong>dices</strong></span> <span class='ocrx_word' id='word_1_703' title='bbox 2814 4542 2827 4578; x_wconf 89' lang='lat'>:</span> <span class='ocrx_word' id='word_1_704' title='bbox 2859 4521 3329 4595; x_wconf 83' lang='lat' dir='ltr'><strong>Quomodoigitur</strong></span> 
     </span>
    </p>
   </div>
   <div class='ocr_carea' id='block_1_89' title="bbox 1765 4612 3331 4684">
    <p class='ocr_par' dir='ltr' id='par_1_89' title="bbox 1765 4612 3331 4684">
     <span class='ocr_line' id='line_1_89' title="bbox 1765 4612 3331 4684; baseline 0 -15"><span class='ocrx_word' id='word_1_705' title='bbox 1765 4615 1890 4670; x_wconf 88' lang='lat' dir='ltr'><strong>licet</strong></span> <span class='ocrx_word' id='word_1_706' title='bbox 1906 4613 2158 4684; x_wconf 67' lang='lat' dir='ltr'><strong>praedicta</strong></span> <span class='ocrx_word' id='word_1_707' title='bbox 2190 4614 2329 4668; x_wconf 90' lang='lat' dir='ltr'><strong>mala</strong></span> <span class='ocrx_word' id='word_1_708' title='bbox 2367 4612 2636 4683; x_wconf 79' lang='lat' dir='ltr'><strong>effugere?</strong></span> <span class='ocrx_word' id='word_1_709' title='bbox 2687 4612 2872 4668; x_wconf 89' lang='lat' dir='ltr'><strong>Dicam</strong></span> <span class='ocrx_word' id='word_1_710' title='bbox 2908 4631 2923 4668; x_wconf 89' lang='lat'><strong>:</strong></span> <span class='ocrx_word' id='word_1_711' title='bbox 2954 4629 3062 4668; x_wconf 92' lang='lat' dir='ltr'><strong>non</strong></span> <span class='ocrx_word' id='word_1_712' title='bbox 3118 4622 3331 4670; x_wconf 86' lang='lat' dir='ltr'><strong>tantum</strong></span> 
     </span>
    </p>
   </div>
   <div class='ocr_carea' id='block_1_90' title="bbox 1764 4699 3327 4772">
    <p class='ocr_par' dir='ltr' id='par_1_90' title="bbox 1764 4699 3327 4772">
     <span class='ocr_line' id='line_1_90' title="bbox 1764 4699 3327 4772; baseline -0.004 -12"><span class='ocrx_word' id='word_1_713' title='bbox 1764 4719 1964 4772; x_wconf 88' lang='lat' dir='ltr'><strong>corpus</strong></span> <span class='ocrx_word' id='word_1_714' title='bbox 2003 4712 2154 4757; x_wconf 90' lang='lat' dir='ltr'><strong>tuum</strong></span> <span class='ocrx_word' id='word_1_715' title='bbox 2186 4701 2467 4757; x_wconf 89' lang='lat' dir='ltr'><strong>custodias</strong></span> <span class='ocrx_word' id='word_1_716' title='bbox 2498 4716 2716 4770; x_wconf 91' lang='lat' dir='ltr'><strong>purum,</strong></span> <span class='ocrx_word' id='word_1_717' title='bbox 2747 4700 2840 4756; x_wconf 88' lang='lat' dir='ltr'><strong>sed</strong></span> <span class='ocrx_word' id='word_1_718' title='bbox 2860 4715 2984 4755; x_wconf 90' lang='lat' dir='ltr'><strong>cum</strong></span> <span class='ocrx_word' id='word_1_719' title='bbox 3009 4699 3148 4755; x_wconf 89' lang='lat' dir='ltr'><strong>mala</strong></span> <span class='ocrx_word' id='word_1_720' title='bbox 3168 4715 3327 4770; x_wconf 89' lang='lat' dir='ltr'><strong>passa</strong></span> 
     </span>
    </p>
   </div>
   <div class='ocr_carea' id='block_1_91' title="bbox 94 4784 1658 4878">
    <p class='ocr_par' dir='ltr' id='par_1_91' title="bbox 94 4795 1654 4878">
     <span class='ocr_line' id='line_1_91' title="bbox 94 4795 1654 4878; baseline -0.017 -18"><span class='ocrx_word' id='word_1_721' title='bbox 94 4807 280 4878; x_wconf 82' lang='grc' dir='ltr'>αρὸν.</span> <span class='ocrx_word' id='word_1_722' title='bbox 312 4801 429 4856; x_wconf 82' lang='grc' dir='ltr'>ἀλλ’</span> <span class='ocrx_word' id='word_1_723' title='bbox 463 4802 592 4854; x_wconf 83' lang='grc' dir='ltr'>ὅταν</span> <span class='ocrx_word' id='word_1_724' title='bbox 627 4797 812 4859; x_wconf 83' lang='grc' dir='ltr'>κακῶς</span> <span class='ocrx_word' id='word_1_725' title='bbox 861 4795 1109 4850; x_wconf 81' lang='grc' dir='ltr'>παθοῦσα</span> <span class='ocrx_word' id='word_1_726' title='bbox 1138 4796 1526 4866; x_wconf 69' lang='grc' dir='ltr'>εὐεργετήσῃς,</span> <span class='ocrx_word' id='word_1_727' title='bbox 1558 4795 1654 4849; x_wconf 66' lang='grc' dir='ltr'><strong>ἐὰν</strong></span> 
     </span>
    </p>
   </div>
   <div class='ocr_carea' id='block_1_92' title="bbox 1758 4784 3330 4878">
    <p class='ocr_par' dir='ltr' id='par_1_92' title="bbox 1758 4792 3330 4862">
     <span class='ocr_line' id='line_1_92' title="bbox 1758 4792 3330 4862; baseline -0.006 -10"><span class='ocrx_word' id='word_1_728' title='bbox 1758 4795 2111 4859; x_wconf 82' lang='lat' dir='ltr'><strong>benefeceris,</strong></span> <span class='ocrx_word' id='word_1_729' title='bbox 2137 4794 2182 4848; x_wconf 86' lang='lat' dir='ltr'><strong>si</strong></span> <span class='ocrx_word' id='word_1_730' title='bbox 2215 4792 2514 4856; x_wconf 88' lang='lat' dir='ltr'><strong>accuseris,</strong></span> <span class='ocrx_word' id='word_1_731' title='bbox 2549 4792 2834 4848; x_wconf 88' lang='lat' dir='ltr'><strong>continens</strong></span> <span class='ocrx_word' id='word_1_732' title='bbox 2857 4793 2937 4848; x_wconf 90' lang='lat' dir='ltr'><strong>sis</strong></span> <span class='ocrx_word' id='word_1_733' title='bbox 2997 4800 3051 4846; x_wconf 91' lang='lat' dir='ltr'><strong>et</strong></span> <span class='ocrx_word' id='word_1_734' title='bbox 3094 4793 3330 4862; x_wconf 82' lang='lat' dir='ltr'><strong>patiens.</strong></span> 
     </span>
    </p>
   </div>
   <div class='ocr_carea' id='block_1_93' title="bbox 88 4885 1664 4964">
    <p class='ocr_par' dir='ltr' id='par_1_93' title="bbox 88 4885 1664 4964">
     <span class='ocr_line' id='line_1_93' title="bbox 88 4885 1664 4964; baseline -0.008 -13"><span class='ocrx_word' id='word_1_735' title='bbox 88 4892 473 4964; x_wconf 83' lang='grc' dir='ltr'>ιαϐληθεῖσα,</span> <span class='ocrx_word' id='word_1_736' title='bbox 527 4888 930 4960; x_wconf 77' lang='grc' dir='ltr'>φιλοσοφήσῃςο</span> <span class='ocrx_word' id='word_1_737' title='bbox 955 4885 1050 4940; x_wconf 83' lang='grc' dir='ltr'><strong>ὲάν</strong></span> <span class='ocrx_word' id='word_1_738' title='bbox 1086 4885 1476 4956; x_wconf 81' lang='grc' dir='ltr'>λοιδορηθεῖσα,</span> <span class='ocrx_word' id='word_1_739' title='bbox 1515 4885 1664 4939; x_wconf 82' lang='grc' dir='ltr'>εὐλο·</span> 
     </span>
    </p>
   </div>
   <div class='ocr_carea' id='block_1_94' title="bbox 87 4978 1660 5061">
    <p class='ocr_par' dir='ltr' id='par_1_94' title="bbox 87 4978 1660 5061">
     <span class='ocr_line' id='line_1_94' title="bbox 87 4978 1660 5061; baseline 0.001 -28"><span class='ocrx_word' id='word_1_740' title='bbox 87 4991 270 5061; x_wconf 73' lang='grc' dir='ltr'>ιήσῃς</span> <span class='ocrx_word' id='word_1_741' title='bbox 299 5001 316 5016; x_wconf 81' lang='grc' dir='ltr'><strong>ο</strong></span> <span class='ocrx_word' id='word_1_742' title='bbox 350 4984 481 5036; x_wconf 83' lang='grc' dir='ltr'>ὅταν</span> <span class='ocrx_word' id='word_1_743' title='bbox 526 4979 892 5049; x_wconf 79' lang='grc' dir='ltr'>νηστεύσασα,</span> <span class='ocrx_word' id='word_1_744' title='bbox 930 4978 1006 5051; x_wconf 84' lang='grc' dir='ltr'>μὴ</span> <span class='ocrx_word' id='word_1_745' title='bbox 1039 4979 1520 5052; x_wconf 81' lang='grc' dir='ltr'>μεγαλοφρονήσῃς</span> <span class='ocrx_word' id='word_1_746' title='bbox 1556 5001 1566 5011; x_wconf 71' lang='grc' dir='ltr'><strong>ο</strong></span> <span class='ocrx_word' id='word_1_747' title='bbox 1601 4982 1660 5034; x_wconf 88' lang='grc' dir='ltr'><strong>οὐ</strong></span> 
     </span>
    </p>
   </div>
   <div class='ocr_carea' id='block_1_95' title="bbox 83 5067 1665 5150">
    <p class='ocr_par' dir='ltr' id='par_1_95' title="bbox 83 5067 1665 5150">
     <span class='ocr_line' id='line_1_95' title="bbox 83 5067 1665 5150; baseline -0.002 -24"><span class='ocrx_word' id='word_1_748' title='bbox 83 5083 184 5150; x_wconf 53' lang='lat' dir='ltr'><strong>dp</strong></span> <span class='ocrx_word' id='word_1_749' title='bbox 246 5073 442 5144; x_wconf 80' lang='grc' dir='ltr'>ἀποχὴ</span> <span class='ocrx_word' id='word_1_750' title='bbox 502 5069 827 5141; x_wconf 82' lang='grc' dir='ltr'>βρωμάτων,</span> <span class='ocrx_word' id='word_1_751' title='bbox 888 5067 1002 5122; x_wconf 84' lang='grc' dir='ltr'>ἀλλ’</span> <span class='ocrx_word' id='word_1_752' title='bbox 1023 5068 1205 5138; x_wconf 79' lang='grc' dir='ltr'>ἀποχὴ</span> <span class='ocrx_word' id='word_1_753' title='bbox 1253 5069 1665 5140; x_wconf 84' lang='grc' dir='ltr'>ἁμαρτημάτων</span> 
     </span>
    </p>
   </div>
   <div class='ocr_carea' id='block_1_96' title="bbox 91 5160 1659 5242">
    <p class='ocr_par' dir='ltr' id='par_1_96' title="bbox 91 5160 1659 5242">
     <span class='ocr_line' id='line_1_96' title="bbox 91 5160 1659 5242; baseline -0.012 -15"><span class='ocrx_word' id='word_1_754' title='bbox 91 5171 396 5242; x_wconf 81' lang='grc' dir='ltr'>ργάζεται</span> <span class='ocrx_word' id='word_1_755' title='bbox 445 5165 544 5237; x_wconf 77' lang='grc' dir='ltr'>τὴν</span> <span class='ocrx_word' id='word_1_756' title='bbox 586 5163 860 5235; x_wconf 88' lang='grc' dir='ltr'>νηστείαν.</span> <span class='ocrx_word' id='word_1_757' title='bbox 896 5161 1123 5232; x_wconf 84' lang='grc' dir='ltr'>Ἐρεύνα</span> <span class='ocrx_word' id='word_1_758' title='bbox 1163 5161 1220 5214; x_wconf 84' lang='grc' dir='ltr'>δὲ</span> <span class='ocrx_word' id='word_1_759' title='bbox 1272 5160 1371 5224; x_wconf 88' lang='grc' dir='ltr'><strong>τάς</strong></span> <span class='ocrx_word' id='word_1_760' title='bbox 1421 5161 1659 5233; x_wconf 71' lang='grc' dir='ltr'>Γραφάς,</span> 
     </span>
    </p>
   </div>
   <div class='ocr_carea' id='block_1_97' title="bbox 83 5252 1667 5326">
    <p class='ocr_par' dir='ltr' id='par_1_97' title="bbox 83 5252 1667 5326">
     <span class='ocr_line' id='line_1_97' title="bbox 83 5252 1667 5326; baseline -0.008 -12"><span class='ocrx_word' id='word_1_761' title='bbox 83 5264 279 5316; x_wconf 66' lang='grc' dir='ltr'>ὶλέπε</span> <span class='ocrx_word' id='word_1_762' title='bbox 341 5257 459 5320; x_wconf 79' lang='grc' dir='ltr'><strong>πῶς</strong></span> <span class='ocrx_word' id='word_1_763' title='bbox 510 5255 724 5326; x_wconf 81' lang='grc' dir='ltr'>πρῶτον</span> <span class='ocrx_word' id='word_1_764' title='bbox 769 5252 961 5325; x_wconf 77' lang='grc' dir='ltr'>ῥάϐδον</span> <span class='ocrx_word' id='word_1_765' title='bbox 991 5252 1252 5321; x_wconf 83' lang='grc' dir='ltr'>καρυῒνην</span> <span class='ocrx_word' id='word_1_766' title='bbox 1278 5253 1379 5322; x_wconf 80' lang='grc' dir='ltr'>ὁρᾷ</span> <span class='ocrx_word' id='word_1_767' title='bbox 1406 5254 1433 5304; x_wconf 80' lang='grc' dir='ltr'>ὁ</span> <span class='ocrx_word' id='word_1_768' title='bbox 1460 5254 1667 5322; x_wconf 70' lang='grc' dir='ltr'>προφή-</span> 
     </span>
    </p>
   </div>
   <div class='ocr_carea' id='block_1_98' title="bbox 1761 4879 3328 4954">
    <p class='ocr_par' dir='ltr' id='par_1_98' title="bbox 1761 4879 3328 4954">
     <span class='ocr_line' id='line_1_98' title="bbox 1761 4879 3328 4954; baseline -0.003 -14"><span class='ocrx_word' id='word_1_769' title='bbox 1761 4884 1896 4941; x_wconf 89' lang='lat' dir='ltr'><strong>Cum</strong></span> <span class='ocrx_word' id='word_1_770' title='bbox 1909 4883 2263 4954; x_wconf 88' lang='lat' dir='ltr'><strong>jejunaveris,</strong></span> <span class='ocrx_word' id='word_1_771' title='bbox 2297 4896 2365 4936; x_wconf 89' lang='lat' dir='ltr'><strong>ne</strong></span> <span class='ocrx_word' id='word_1_772' title='bbox 2393 4881 2680 4952; x_wconf 89' lang='lat' dir='ltr'><strong>glorieris:</strong></span> <span class='ocrx_word' id='word_1_773' title='bbox 2713 4893 2819 4935; x_wconf 90' lang='lat' dir='ltr'><strong>non</strong></span> <span class='ocrx_word' id='word_1_774' title='bbox 2869 4879 3018 4937; x_wconf 86' lang='lat' dir='ltr'><strong>enim</strong></span> <span class='ocrx_word' id='word_1_775' title='bbox 3081 4881 3328 4936; x_wconf 79' lang='lat' dir='ltr'><strong>ciborum</strong></span> 
     </span>
    </p>
   </div>
   <div class='ocr_carea' id='block_1_99' title="bbox 1726 4971 3331 5050">
    <p class='ocr_par' dir='ltr' id='par_1_99' title="bbox 1726 4971 3331 5050">
     <span class='ocr_line' id='line_1_99' title="bbox 1726 4971 3331 5050; baseline -0.006 -16"><span class='ocrx_word' id='word_1_776' title='bbox 1726 5048 1728 5050; x_wconf 14' lang='grc' dir='ltr'><strong><em>ν</em></strong></span> <span class='ocrx_word' id='word_1_777' title='bbox 1762 4977 2088 5034; x_wconf 89' lang='lat' dir='ltr'><strong>abstinentia</strong></span> <span class='ocrx_word' id='word_1_778' title='bbox 2117 4974 2386 5044; x_wconf 82' lang='lat' dir='ltr'><strong>jejunium</strong></span> <span class='ocrx_word' id='word_1_779' title='bbox 2409 4981 2687 5043; x_wconf 87' lang='lat' dir='ltr'><strong>operatur,</strong></span> <span class='ocrx_word' id='word_1_780' title='bbox 2723 4971 2818 5027; x_wconf 88' lang='lat' dir='ltr'><strong>sed</strong></span> <span class='ocrx_word' id='word_1_781' title='bbox 2845 4971 3176 5027; x_wconf 88' lang='lat' dir='ltr'><strong>abstinentia</strong></span> <span class='ocrx_word' id='word_1_782' title='bbox 3201 4987 3331 5042; x_wconf 88' lang='lat' dir='ltr'><strong>pec-</strong></span> 
     </span>
    </p>
   </div>
   <div class='ocr_carea' id='block_1_100' title="bbox 1760 5061 3331 5134">
    <p class='ocr_par' dir='ltr' id='par_1_100' title="bbox 1760 5061 3331 5134">
     <span class='ocr_line' id='line_1_100' title="bbox 1760 5061 3331 5134; baseline -0.004 -10"><span class='ocrx_word' id='word_1_783' title='bbox 1760 5079 2028 5125; x_wconf 87' lang='lat' dir='ltr'><strong>catorum.</strong></span> <span class='ocrx_word' id='word_1_784' title='bbox 2056 5065 2314 5122; x_wconf 88' lang='lat' dir='ltr'><strong>Scrutare</strong></span> <span class='ocrx_word' id='word_1_785' title='bbox 2333 5064 2476 5120; x_wconf 86' lang='lat' dir='ltr'><strong>enim</strong></span> <span class='ocrx_word' id='word_1_786' title='bbox 2511 5063 2842 5134; x_wconf 87' lang='lat' dir='ltr'><strong>Scripturas.</strong></span> <span class='ocrx_word' id='word_1_787' title='bbox 2869 5061 3007 5118; x_wconf 82' lang='lat' dir='ltr'><strong>Vide</strong></span> <span class='ocrx_word' id='word_1_788' title='bbox 3055 5065 3331 5132; x_wconf 84' lang='lat' dir='ltr'><strong>quomodo</strong></span> 
     </span>
    </p>
   </div>
   <div class='ocr_carea' id='block_1_101' title="bbox 1761 5152 3329 5230">
    <p class='ocr_par' dir='ltr' id='par_1_101' title="bbox 1761 5152 3329 5230">
     <span class='ocr_line' id='line_1_101' title="bbox 1761 5152 3329 5230; baseline -0.004 -16"><span class='ocrx_word' id='word_1_789' title='bbox 1761 5159 1997 5230; x_wconf 91' lang='lat' dir='ltr'><strong>primum</strong></span> <span class='ocrx_word' id='word_1_790' title='bbox 2023 5157 2229 5226; x_wconf 87' lang='lat' dir='ltr'><strong>virgam</strong></span> <span class='ocrx_word' id='word_1_791' title='bbox 2261 5170 2485 5210; x_wconf 85' lang='lat' dir='ltr'><strong>nuceam</strong></span> <span class='ocrx_word' id='word_1_792' title='bbox 2515 5152 2663 5208; x_wconf 84' lang='lat' dir='ltr'><strong>videt</strong></span> <span class='ocrx_word' id='word_1_793' title='bbox 2687 5154 2972 5224; x_wconf 87' lang='lat' dir='ltr'><strong>propheta,</strong></span> <span class='ocrx_word' id='word_1_794' title='bbox 3019 5166 3204 5224; x_wconf 87' lang='lat' dir='ltr'><strong>postea</strong></span> <span class='ocrx_word' id='word_1_795' title='bbox 3254 5156 3329 5208; x_wconf 89' lang='lat' dir='ltr'><strong>le-</strong></span> 
     </span>
    </p>
   </div>
   <div class='ocr_carea' id='block_1_102' title="bbox 1768 5247 3329 5316">
    <p class='ocr_par' dir='ltr' id='par_1_102' title="bbox 1768 5247 3329 5316">
     <span class='ocr_line' id='line_1_102' title="bbox 1768 5247 3329 5316; baseline -0.006 -9"><span class='ocrx_word' id='word_1_796' title='bbox 1768 5253 1942 5307; x_wconf 88' lang='lat' dir='ltr'><strong>hetem</strong></span> <span class='ocrx_word' id='word_1_797' title='bbox 1975 5263 2319 5313; x_wconf 80' lang='lat' dir='ltr'><strong>succensum,</strong></span> <span class='ocrx_word' id='word_1_798' title='bbox 2361 5249 2744 5303; x_wconf 88' lang='lat' dir='ltr'><strong>demonstrans</strong></span> <span class='ocrx_word' id='word_1_799' title='bbox 2798 5247 2942 5316; x_wconf 89' lang='lat' dir='ltr'><strong>quod</strong></span> <span class='ocrx_word' id='word_1_800' title='bbox 2998 5262 3104 5300; x_wconf 92' lang='lat' dir='ltr'><strong>non</strong></span> <span class='ocrx_word' id='word_1_801' title='bbox 3164 5248 3329 5301; x_wconf 81' lang='lat' dir='ltr'><strong>susti-</strong></span> 
     </span>
    </p>
   </div>
   <div class='ocr_carea' id='block_1_103' title="bbox 92 5338 1658 5424">
    <p class='ocr_par' dir='ltr' id='par_1_103' title="bbox 92 5342 1658 5424">
     <span class='ocr_line' id='line_1_103' title="bbox 92 5342 1658 5424; baseline -0.005 -20"><span class='ocrx_word' id='word_1_802' title='bbox 92 5371 203 5424; x_wconf 88' lang='grc' dir='ltr'><strong>ης,</strong></span> <span class='ocrx_word' id='word_1_803' title='bbox 239 5346 375 5403; x_wconf 80' lang='grc' dir='ltr'>εἶτα</span> <span class='ocrx_word' id='word_1_804' title='bbox 405 5346 609 5418; x_wconf 81' lang='grc' dir='ltr'>λέϐητα</span> <span class='ocrx_word' id='word_1_805' title='bbox 640 5344 1095 5413; x_wconf 81' lang='grc' dir='ltr'>ὑπεκκαιόμενον,</span> <span class='ocrx_word' id='word_1_806' title='bbox 1133 5342 1346 5404; x_wconf 81' lang='grc' dir='ltr'>δεικνὺς</span> <span class='ocrx_word' id='word_1_807' title='bbox 1374 5343 1453 5395; x_wconf 83' lang='grc' dir='ltr'><strong>ὅτι</strong></span> <span class='ocrx_word' id='word_1_808' title='bbox 1475 5343 1564 5395; x_wconf 81' lang='grc' dir='ltr'>τὸν</span> <span class='ocrx_word' id='word_1_809' title='bbox 1593 5343 1658 5412; x_wconf 61' lang='grc' dir='ltr'><strong>μί</strong></span> 
     </span>
    </p>
   </div>
   <div class='ocr_carea' id='block_1_104' title="bbox 1758 5338 3330 5424">
    <p class='ocr_par' dir='ltr' id='par_1_104' title="bbox 1773 5338 3330 5412">
     <span class='ocr_line' id='line_1_104' title="bbox 1773 5338 3330 5412; baseline -0.004 -13"><span class='ocrx_word' id='word_1_810' title='bbox 1773 5354 1985 5399; x_wconf 88' lang='lat' dir='ltr'><strong>ncntem</strong></span> <span class='ocrx_word' id='word_1_811' title='bbox 2015 5341 2184 5412; x_wconf 66' lang='lat' dir='ltr'><strong>virgae</strong></span> <span class='ocrx_word' id='word_1_812' title='bbox 2205 5341 2610 5411; x_wconf 87' lang='lat' dir='ltr'><strong>castigationem</strong></span> <span class='ocrx_word' id='word_1_813' title='bbox 2669 5339 2811 5410; x_wconf 88' lang='lat' dir='ltr'><strong>ignis</strong></span> <span class='ocrx_word' id='word_1_814' title='bbox 2861 5339 3091 5408; x_wconf 89' lang='lat' dir='ltr'><strong>suscipit</strong></span> <span class='ocrx_word' id='word_1_815' title='bbox 3119 5338 3184 5393; x_wconf 82' lang='lat'><strong>”.</strong></span> <span class='ocrx_word' id='word_1_816' title='bbox 3241 5338 3330 5393; x_wconf 87' lang='lat' dir='ltr'><strong>Sie</strong></span> 
     </span>
    </p>
   </div>
   <div class='ocr_carea' id='block_1_105' title="bbox 85 5431 1658 5514">
    <p class='ocr_par' dir='ltr' id='par_1_105' title="bbox 85 5433 1658 5514">
     <span class='ocr_line' id='line_1_105' title="bbox 85 5433 1658 5514; baseline -0.005 -20"><span class='ocrx_word' id='word_1_817' title='bbox 85 5441 439 5514; x_wconf 71' lang='grc' dir='ltr'>ινεχόμενον</span> <span class='ocrx_word' id='word_1_818' title='bbox 466 5439 567 5508; x_wconf 81' lang='grc' dir='ltr'>τῆς</span> <span class='ocrx_word' id='word_1_819' title='bbox 612 5435 807 5507; x_wconf 82' lang='grc' dir='ltr'>ῥάϐδου</span> <span class='ocrx_word' id='word_1_820' title='bbox 847 5434 910 5488; x_wconf 75' lang='grc' dir='ltr'>τὸ</span> <span class='ocrx_word' id='word_1_821' title='bbox 955 5433 1316 5505; x_wconf 85' lang='grc' dir='ltr'>παράδειγμα.</span> <span class='ocrx_word' id='word_1_822' title='bbox 1365 5433 1575 5504; x_wconf 85' lang='grc' dir='ltr'>δέχεται</span> <span class='ocrx_word' id='word_1_823' title='bbox 1609 5433 1658 5487; x_wconf 66' lang='grc' dir='ltr'><strong>τί</strong></span> 
     </span>
    </p>
   </div>
   <div class='ocr_carea' id='block_1_106' title="bbox 1758 5431 3328 5514">
    <p class='ocr_par' dir='ltr' id='par_1_106' title="bbox 1765 5431 3328 5506">
     <span class='ocr_line' id='line_1_106' title="bbox 1765 5431 3328 5506; baseline -0.003 -16"><span class='ocrx_word' id='word_1_824' title='bbox 1765 5445 1814 5491; x_wconf 86' lang='lat' dir='ltr'><strong>et</strong></span> <span class='ocrx_word' id='word_1_825' title='bbox 1848 5451 1943 5506; x_wconf 89' lang='lat' dir='ltr'><strong>per</strong></span> <span class='ocrx_word' id='word_1_826' title='bbox 1985 5432 2166 5490; x_wconf 60' lang='lat' dir='ltr'><strong>Mosen</strong></span> <span class='ocrx_word' id='word_1_827' title='bbox 2223 5435 2628 5490; x_wconf 87' lang='lat' dir='ltr'><strong>demonstrabat</strong></span> <span class='ocrx_word' id='word_1_828' title='bbox 2676 5431 2822 5504; x_wconf 88' lang='lat' dir='ltr'><strong>ignis</strong></span> <span class='ocrx_word' id='word_1_829' title='bbox 2884 5432 3192 5487; x_wconf 87' lang='lat' dir='ltr'><strong>columnam</strong></span> <span class='ocrx_word' id='word_1_830' title='bbox 3226 5431 3275 5464; x_wconf 78' lang='lat'>“</span> <span class='ocrx_word' id='word_1_831' title='bbox 3307 5474 3328 5499; x_wconf 80' lang='lat'><strong>,</strong></span> 
     </span>
    </p>
   </div>
   <div class='ocr_carea' id='block_1_107' title="bbox 85 5525 1658 5606">
    <p class='ocr_par' dir='ltr' id='par_1_107' title="bbox 85 5525 1658 5606">
     <span class='ocr_line' id='line_1_107' title="bbox 85 5525 1658 5606; baseline -0.008 -16"><span class='ocrx_word' id='word_1_832' title='bbox 85 5536 146 5590; x_wconf 80' lang='grc' dir='ltr'>εὖ</span> <span class='ocrx_word' id='word_1_833' title='bbox 159 5553 223 5606; x_wconf 88' lang='grc' dir='ltr'><strong>ρ.</strong></span> <span class='ocrx_word' id='word_1_834' title='bbox 275 5531 436 5586; x_wconf 75' lang='grc' dir='ltr'>Οὕτω</span> <span class='ocrx_word' id='word_1_835' title='bbox 466 5531 554 5583; x_wconf 82' lang='grc' dir='ltr'>διὰ</span> <span class='ocrx_word' id='word_1_836' title='bbox 581 5527 858 5589; x_wconf 79' lang='grc' dir='ltr'>Μωῦσέως</span> <span class='ocrx_word' id='word_1_837' title='bbox 894 5526 1017 5581; x_wconf 84' lang='grc' dir='ltr'>τότε</span> <span class='ocrx_word' id='word_1_838' title='bbox 1047 5525 1397 5578; x_wconf 77' lang='grc' dir='ltr'>κατεδείκνυε</span> <span class='ocrx_word' id='word_1_839' title='bbox 1423 5525 1511 5579; x_wconf 83' lang='grc' dir='ltr'><strong>τὸν</strong></span> <span class='ocrx_word' id='word_1_840' title='bbox 1541 5525 1658 5579; x_wconf 88' lang='grc' dir='ltr'>στύ-</span> 
     </span>
    </p>
   </div>
   <div class='ocr_carea' id='block_1_108' title="bbox 1758 5525 3320 5606">
    <p class='ocr_par' dir='ltr' id='par_1_108' title="bbox 1768 5525 3320 5599">
     <span class='ocr_line' id='line_1_108' title="bbox 1768 5525 3320 5599; baseline -0.004 -13"><span class='ocrx_word' id='word_1_841' title='bbox 1768 5533 1932 5586; x_wconf 87' lang='lat' dir='ltr'><strong>rebus</strong></span> <span class='ocrx_word' id='word_1_842' title='bbox 1961 5529 2207 5586; x_wconf 84' lang='lat' dir='ltr'><strong>clamans</strong></span> <span class='ocrx_word' id='word_1_843' title='bbox 2238 5529 2382 5599; x_wconf 90' lang='lat' dir='ltr'><strong>quod</strong></span> <span class='ocrx_word' id='word_1_844' title='bbox 2418 5528 2588 5599; x_wconf 88' lang='lat' dir='ltr'><strong>legem</strong></span> <span class='ocrx_word' id='word_1_845' title='bbox 2623 5527 2873 5591; x_wconf 86' lang='lat' dir='ltr'><strong>audiens,</strong></span> <span class='ocrx_word' id='word_1_846' title='bbox 2919 5525 3065 5580; x_wconf 85' lang='lat' dir='ltr'><strong>videt</strong></span> <span class='ocrx_word' id='word_1_847' title='bbox 3123 5525 3320 5589; x_wconf 86' lang='lat' dir='ltr'><strong>lucem,</strong></span> 
     </span>
    </p>
   </div>
   <div class='ocr_carea' id='block_1_109' title="bbox 89 5617 1658 5694">
    <p class='ocr_par' dir='ltr' id='par_1_109' title="bbox 89 5621 1658 5694">
     <span class='ocr_line' id='line_1_109' title="bbox 89 5621 1658 5694; baseline -0.004 -12"><span class='ocrx_word' id='word_1_848' title='bbox 89 5648 166 5682; x_wconf 86' lang='grc' dir='ltr'><strong>ον</strong></span> <span class='ocrx_word' id='word_1_849' title='bbox 204 5623 322 5680; x_wconf 76' lang='grc' dir='ltr'><strong>τοῦ</strong></span> <span class='ocrx_word' id='word_1_850' title='bbox 364 5623 533 5694; x_wconf 85' lang='grc' dir='ltr'>πυρὸς</span> <span class='ocrx_word' id='word_1_851' title='bbox 559 5621 696 5692; x_wconf 79' lang='grc' dir='ltr'>βοιῖιν</span> <span class='ocrx_word' id='word_1_852' title='bbox 723 5621 810 5675; x_wconf 75' lang='grc' dir='ltr'>διὰ</span> <span class='ocrx_word' id='word_1_853' title='bbox 843 5621 948 5674; x_wconf 84' lang='grc' dir='ltr'><strong>τῶν</strong></span> <span class='ocrx_word' id='word_1_854' title='bbox 998 5621 1359 5691; x_wconf 75' lang='grc' dir='ltr'>πραγυάτων,</span> <span class='ocrx_word' id='word_1_855' title='bbox 1407 5621 1482 5685; x_wconf 82' lang='grc' dir='ltr'>ὡς</span> <span class='ocrx_word' id='word_1_856' title='bbox 1509 5624 1537 5675; x_wconf 90' lang='lat'><strong>6</strong></span> <span class='ocrx_word' id='word_1_857' title='bbox 1570 5622 1658 5692; x_wconf 71' lang='grc' dir='ltr'><strong>μὲι</strong></span> 
     </span>
    </p>
   </div>
   <div class='ocr_carea' id='block_1_110' title="bbox 1758 5617 3328 5694">
    <p class='ocr_par' dir='ltr' id='par_1_110' title="bbox 1771 5617 3328 5692">
     <span class='ocr_line' id='line_1_110' title="bbox 1771 5617 3328 5692; baseline -0.003 -15"><span class='ocrx_word' id='word_1_858' title='bbox 1771 5620 2092 5678; x_wconf 86' lang='lat' dir='ltr'><strong>inobediens</strong></span> <span class='ocrx_word' id='word_1_859' title='bbox 2115 5629 2294 5676; x_wconf 88' lang='lat' dir='ltr'><strong>autem</strong></span> <span class='ocrx_word' id='word_1_860' title='bbox 2329 5621 2555 5692; x_wconf 88' lang='lat' dir='ltr'><strong>suscipit</strong></span> <span class='ocrx_word' id='word_1_861' title='bbox 2587 5620 2789 5692; x_wconf 88' lang='lat' dir='ltr'><strong>ignem.</strong></span> <span class='ocrx_word' id='word_1_862' title='bbox 2817 5617 3004 5690; x_wconf 84' lang='lat' dir='ltr'><strong>Legite</strong></span> <span class='ocrx_word' id='word_1_863' title='bbox 3032 5617 3328 5676; x_wconf 80' lang='lat' dir='ltr'><strong>Salvatoris</strong></span> 
     </span>
    </p>
   </div>
   <div class='ocr_carea' id='block_1_111' title="bbox 147 5830 1658 5908">
    <p class='ocr_par' dir='ltr' id='par_1_111' title="bbox 147 5835 1658 5908">
     <span class='ocr_line' id='line_1_111' title="bbox 147 5835 1658 5908; baseline -0.003 -15"><span class='ocrx_word' id='word_1_864' title='bbox 147 5848 202 5875; x_wconf 47' lang='grc' dir='ltr'>δέ</span> <span class='ocrx_word' id='word_1_865' title='bbox 265 5841 455 5898; x_wconf 81' lang='lat' dir='ltr'><strong>Matth.</strong></span> <span class='ocrx_word' id='word_1_866' title='bbox 503 5857 628 5908; x_wconf 79' lang='lat' dir='ltr'><strong>xxv,</strong></span> <span class='ocrx_word' id='word_1_867' title='bbox 659 5841 740 5895; x_wconf 72' lang='lat'><strong>1‘2.</strong></span> <span class='ocrx_word' id='word_1_868' title='bbox 845 5837 1118 5893; x_wconf 71' lang='lat' dir='ltr'><strong>“Jerem.</strong></span> <span class='ocrx_word' id='word_1_869' title='bbox 1177 5853 1248 5896; x_wconf 78' lang='lat' dir='ltr'><strong>ix.</strong></span> <span class='ocrx_word' id='word_1_870' title='bbox 1305 5837 1354 5908; x_wconf 61' lang='grc' dir='ltr'>ξ.</span> <span class='ocrx_word' id='word_1_871' title='bbox 1459 5836 1503 5868; x_wconf 67' lang='grc'><strong>³³</strong></span> <span class='ocrx_word' id='word_1_872' title='bbox 1547 5835 1658 5891; x_wconf 85' lang='lat' dir='ltr'><strong>Psal</strong></span> 
     </span>
    </p>
   </div>
   <div class='ocr_carea' id='block_1_112' title="bbox 1758 5830 3326 5908">
    <p class='ocr_par' dir='ltr' id='par_1_112' title="bbox 1758 5830 3326 5905">
     <span class='ocr_line' id='line_1_112' title="bbox 1758 5830 3326 5905; baseline -0.002 -15"><span class='ocrx_word' id='word_1_873' title='bbox 1758 5854 1913 5902; x_wconf 71' lang='lat' dir='ltr'><strong>chlv,</strong></span> <span class='ocrx_word' id='word_1_874' title='bbox 1945 5841 1998 5905; x_wconf 86' lang='grc' dir='ltr'><strong>ι,</strong></span> <span class='ocrx_word' id='word_1_875' title='bbox 2032 5838 2086 5892; x_wconf 73' lang='grc'>2.</span> <span class='ocrx_word' id='word_1_876' title='bbox 2187 5837 2232 5868; x_wconf 88' lang='grc'><em>³⁸</em></span> <span class='ocrx_word' id='word_1_877' title='bbox 2287 5835 2433 5894; x_wconf 86' lang='lat' dir='ltr'><strong>Psal.</strong></span> <span class='ocrx_word' id='word_1_878' title='bbox 2484 5852 2559 5903; x_wconf 86' lang='lat' dir='ltr'><strong>vt,</strong></span> <span class='ocrx_word' id='word_1_879' title='bbox 2612 5834 2660 5893; x_wconf 83' lang='grc' dir='ltr'><strong>ϐ.</strong></span> <span class='ocrx_word' id='word_1_880' title='bbox 2766 5835 2813 5868; x_wconf 81' lang='grc'><strong>³⁸</strong></span> <span class='ocrx_word' id='word_1_881' title='bbox 2843 5833 3032 5892; x_wconf 74' lang='lat' dir='ltr'><strong>Matth.</strong></span> <span class='ocrx_word' id='word_1_882' title='bbox 3073 5849 3180 5900; x_wconf 75' lang='lat' dir='ltr'><strong>xvr,</strong></span> <span class='ocrx_word' id='word_1_883' title='bbox 3230 5830 3326 5888; x_wconf 68' lang='lat'><strong>26.,</strong></span> 
     </span>
    </p>
   </div>
   <div class='ocr_carea' id='block_1_113' title="bbox 91 5906 1658 5982">
    <p class='ocr_par' dir='ltr' id='par_1_113' title="bbox 91 5906 1658 5982">
     <span class='ocr_line' id='line_1_113' title="bbox 91 5906 1658 5982; baseline -0.003 -14"><span class='ocrx_word' id='word_1_884' title='bbox 91 5918 110 5945; x_wconf 84' lang='grc'><strong>⁷</strong></span> <span class='ocrx_word' id='word_1_885' title='bbox 159 5912 324 5968; x_wconf 80' lang='lat' dir='ltr'><strong>Gen.</strong></span> <span class='ocrx_word' id='word_1_886' title='bbox 364 5930 444 5982; x_wconf 89' lang='lat' dir='ltr'><strong>Ill,</strong></span> <span class='ocrx_word' id='word_1_887' title='bbox 483 5913 568 5968; x_wconf 77' lang='grc'><strong>15.</strong></span> <span class='ocrx_word' id='word_1_888' title='bbox 614 5906 686 5944; x_wconf 70' lang='grc'><strong>’³⁸</strong></span> <span class='ocrx_word' id='word_1_889' title='bbox 723 5911 949 5969; x_wconf 79' lang='lat' dir='ltr'><strong>Malacb.</strong></span> <span class='ocrx_word' id='word_1_890' title='bbox 987 5925 1066 5977; x_wconf 87' lang='grc' dir='ltr'>ιιι,</span> <span class='ocrx_word' id='word_1_891' title='bbox 1103 5909 1156 5963; x_wconf 73' lang='lat'><strong>2.</strong></span> <span class='ocrx_word' id='word_1_892' title='bbox 1236 5910 1275 5940; x_wconf 83' lang='grc'><strong>³⁹</strong></span> <span class='ocrx_word' id='word_1_893' title='bbox 1303 5906 1494 5964; x_wconf 82' lang='lat' dir='ltr'><strong>Jerem.</strong></span> <span class='ocrx_word' id='word_1_894' title='bbox 1532 5923 1572 5976; x_wconf 87' lang='grc' dir='ltr'><strong>ι,</strong></span> <span class='ocrx_word' id='word_1_895' title='bbox 1606 5909 1658 5963; x_wconf 90' lang='lat' dir='ltr'><strong>ll</strong></span> 
     </span>
    </p>
   </div>
   <div class='ocr_carea' id='block_1_114' title="bbox 1758 5906 2363 5982">
    <p class='ocr_par' dir='ltr' id='par_1_114' title="bbox 1765 5908 2363 5978">
     <span class='ocr_line' id='line_1_114' title="bbox 1765 5908 2363 5978; baseline -0.002 -16"><span class='ocrx_word' id='word_1_896' title='bbox 1765 5948 1777 5962; x_wconf 93' lang='lat'><strong>.</strong></span> <span class='ocrx_word' id='word_1_897' title='bbox 1849 5909 1893 5942; x_wconf 75' lang='grc' dir='ltr'><strong>’⁵ο</strong></span> <span class='ocrx_word' id='word_1_898' title='bbox 1921 5909 2089 5966; x_wconf 63' lang='lat' dir='ltr'><strong>Exod.</strong></span> <span class='ocrx_word' id='word_1_899' title='bbox 2123 5923 2242 5978; x_wconf 87' lang='lat' dir='ltr'><strong>xm,</strong></span> <span class='ocrx_word' id='word_1_900' title='bbox 2272 5908 2363 5962; x_wconf 70' lang='lat' dir='ltr'><strong>2i.</strong></span> 
     </span>
    </p>
   </div>
  </div>
