4112 6416
144 378 269 448 1949

1288 366 1546 430 SERMO
1567 365 1664 426 DE
1674 358 2189 427 ῬίΕΝΙΤΕΝΤῙΑ.

3194 365 3333 431 1950

127 489 369 563 συνήθους
389 486 700 552 διαθέσεως,
727 484 815 540 ἵνα
841 486 906 555 τῇ
941 481 1142 555 μελέτῃ
1193 480 1294 548 τῆς
1339 476 1655 550 νεκρώσεως

1759 488 1817 532 ιιι
1844 475 2280 532 mortiﬁcationis
2332 474 2683 531 meditatione
2724 473 2779 530 in
2825 485 3120 544 supernam
3146 484 3330 535 trans-

123 580 532 656 μετοικισθῶμεν
551 581 631 641 είς
657 580 755 649 τὴν
781 580 892 632 ἀνω
921 575 1097 631 πόλιν.
1126 574 1566 639 ’Υπωπιάσωμεν
1593 571 1655 625 τὸ

119 676 269 743 σῶμα
292 673 380 725 καὶ
402 670 922 740 δουλαγωγήσωμεν.
959 668 1047 720 ἶνα
1080 667 1202 737 μὴή
1239 665 1382 735 ψυχὴ
1416 663 1652 734 δουλωθῇ

113 763 455 833 τῷδιαϐόλῳο
505 764 571 833 τῇ
617 764 829 831 συνεχεί
863 759 1058 830 μελέτῃ
1095 756 1197 827 τῆς
1242 756 1394 819 Θείας
1435 755 1657 825 Γραφῆς

113 859 207 920 τὰς
237 854 600 925 ὑλομανούσας
619 856 677 908 ὲν
703 855 833 924 ἡμῖν
858 851 1050 923 ἡδονὰς
1070 850 1144 913 ὡς
1174 851 1338 920 ἄγρια
1363 848 1529 920 θηρία
1558 867 1657 903 κα-

110 953 541 1022 τακοιμήσωμεν,
575 949 805 1004 πάντοτε
835 949 934 1021 τὴν
969 948 1234 1020 νέκρωσιν
1259 946 1355 1000 τοῦ
1403 944 1576 1014 Ἰησοῦ
1599 947 1658 998 ἐν

112 1044 185 1113 τῷ
213 1042 417 1107 σώματι
447 1042 832 1113 περιφέροντες
856 1040 1314 1111 μνημονεύσωμεν
1341 1039 1433 1092 τοῦ
1471 1038 1657 1101 λέγονο

108 1152 194 1197 τος
217 1150 230 1165 ⁸
257 1133 525 1202 Νήψατε,
556 1134 985 1203 γρηγορήσατε.
1022 1131 1209 1193 Οὐδεὶς
1236 1130 1512 1186 καθεύδων
1537 1149 1656 1183 στε-

110 1223 385 1291 φανοῦται,
410 1222 534 1277 οὔτε
552 1222 963 1287 ἀναπεπτωκὼς
1009 1224 1102 1278 καὶ
1140 1222 1354 1296 ρέγχων
1394 1221 1658 1292 λαμϐάνει

104 1328 163 1379 τὸ
188 1326 460 1396 βραϐεῖον,
494 1325 607 1379 ἀλλ’
634 1325 774 1396 ὁτὴν
800 1325 983 1379 κονίαν
1012 1326 1106 1379 καὶ
1134 1324 1233 1388 τὰς
1261 1324 1474 1395 πληγὰς
1503 1340 1659 1394 περι-

106 1420 374 1489 κείμενος,
431 1412 585 1481 οὗτος
633 1418 785 1489 παρὰ
831 1416 908 1488 τῷ
974 1417 1282 1489 ἀγωνοθέτῃ
1345 1416 1658 1487 εὑρίσκεται

101 1510 334 1582 πρῶτος,
363 1513 392 1565 6
420 1510 489 1563 τὰ
520 1511 810 1582 τραύματα
832 1511 1030 1581 φέρων,
1055 1510 1148 1564 καὶ
1191 1510 1251 1562 τὸ
1288 1506 1425 1579 αἷμα
1458 1512 1662 1581 καταρο

103 1604 223 1672 ῥέον
261 1602 725 1671 ἐπιδεικνύμενος.
760 1601 923 1654 Ὅθεν
957 1600 1142 1671 ἐπειδὴ
1172 1603 1239 1673 τῇ
1277 1601 1445 1672 πείρᾳ
1481 1615 1659 1669 μεμα-

96 1694 237 1764 θήκα
247 1711 367 1763 μεν,
393 1695 467 1758 ὡς
503 1692 675 1747 δεινὸν
697 1693 790 1746 καὶ
814 1693 1046 1763 χαλεπόν
1071 1692 1267 1746 ἔστιτὸ
1294 1691 1390 1746 τοῦ
1414 1690 1659 1744 διαϐόλου

96 1785 463 1855 ἐργαστήριον
484 1802 499 1816 ·
546 1785 736 1852 φεύγει
781 1786 888 1855 γὰρ
916 1784 1008 1837 τὸν
1053 1784 1312 1854 νήφοντα,
1340 1786 1540 1853 γυμνοτ
1571 1782 1661 1834 τὸν
1691 1815 1735 1871 Β

91 1875 442 1946 κοιμώμενον
466 1893 481 1907 ’
514 1878 588 1946 μὴ
618 1876 764 1947 δοίης
792 1876 957 1929 ὓπνον
979 1878 1088 1939 σοῖς
1124 1877 1357 1947 ϐμμασι,
1395 1875 1519 1946 μηδ’
1536 1878 1654 1928 ὲπι-

90 1967 362 2042 νυστάξῃς
391 1972 504 2031 σοῖς
538 1968 844 2041 βλεφάροις,
876 1969 960 2022 ἵνα
982 1968 1129 2042 σώζῃ
1157 1968 1345 2039 ὥσπερ
1377 1969 1572 2041 δορκάς
1594 1971 1657 2022 ὲκ

87 2060 325 2133 βρόχων,
357 2064 454 2117 καὶ
477 2061 664 2130 ὥσπερ
694 2063 878 2133 ὄρνεον
906 2064 969 2117 ὲκ
1016 2061 1260 2131 παγίδος.
1288 2061 1551 2132 Φύγωμεν
1592 2059 1657 2134 δὴ

83 2154 209 2217 τοὺς
241 2152 474 2226 βρόχους
493 2155 585 2208 τοῦ
620 2156 734 2226 βίου
750 2155 962 2220 τούτου,
987 2155 1081 2208 καὶ
1097 2155 1198 2218 τάς
1227 2154 1532 2223 φροντίδας,
1564 2157 1657 2209 καὶ

79 2246 157 2310 ὡς
196 2248 609 2316 ἀποταξάμενοι
662 2246 741 2319 τῷ
790 2248 980 2317 κόσμῳ
1015 2247 1179 2317 μηδὲν
1214 2247 1470 2318 caput.be
1501 2265 1654 2317 περι-

82 2341 346 2411 φέρωμεν
369 2357 384 2373 ο
443 2340 613 2395 πολλά
640 2341 750 2411 γὰρ
797 2340 865 2392 τὰ
898 2339 1089 2410 ένεδρα
1125 2357 1221 2392 του
1269 2339 1516 2394 διαϐόλου
1541 2356 1555 2372 ο
1590 2341 1653 2392 '0

75 2434 395 2501 ἀκτίδικος
425 2433 594 2504 ἡμῶν
621 2436 655 2487 ό
676 2432 974 2499 διάϐολος,
1004 2432 1189 2503 φησιν,
1207 2432 1287 2497 ὡς
1302 2431 1459 2486 λέων
1481 2432 1658 2501 ὠρυόο

73 2544 262 2596 μενος
283 2526 605 2595 περιπατεῖ
651 2524 859 2592 ζητῶν,
907 2525 968 2578 οὔ
1012 2524 1132 2578 τίνα
1175 2524 1401 2597 δάκῃ,ἢ
1458 2524 1652 2598 κλάσῃ,

73 2619 215 2674 ἀλλά
262 2621 401 2674 τινα
436 2621 694 2687 καταπίῃ
728 2636 742 2650 ·
772 2619 939 2687 φεῦγε
968 2617 1060 2671 τοῦ
1111 2619 1355 2673 διαϐόλου
1403 2620 1501 2683 τὰς
1554 2638 1656 2673 πα-

74 2714 367 2784 νουργίας,
394 2715 487 2767 καὶ
514 2712 639 2780 λέγε
674 2712 752 2783 τῷ
773 2712 993 2782 Κυρίῳ·
1029 2712 1130 2766 Ἐν
1152 2711 1251 2766 σοί
1271 2711 1655 2782 ῥυσθήσομαι

73 2805 195 2859 ἀπὸ
227 2804 640 2872 πειρατηρίων,
668 2803 765 2856 καὶ
801 2803 871 2856 ἐν
894 2802 997 2868 τῷ·
1018 2801 1138 2869 Θεῷ
1167 2821 1269 2872 μοι
1320 2804 1652 2871 ὑπερθήσο-

73 2914 178 2964 μαι
214 2896 444 2965 τεῖχος.
478 2895 566 2966 Μὴ
591 2890 684 2948 οὖν
713 2894 892 2965 φύγῃς
925 2894 1014 2947 τὸν
1064 2894 1328 2964 κάματον,
1362 2895 1447 2946 ἵνα
1485 2893 1655 2965 τύχῃς

74 2980 169 3034 τοῦ
220 2985 519 3051 στεφάνου.
592 2984 651 3033 '0
692 2984 932 3054 ἔμπορος
987 2984 1087 3036 οὐκ
1147 2982 1473 3053 ἀποκάμνει,
1519 2981 1653 3035 ἀλλά

73 3075 240 3146 φέρει
266 3077 343 3130 τὰ
364 3076 610 3146 κύματα,
640 3077 725 3130 ἶνα
749 3076 883 3147 εὕρῃ
901 3075 967 3127 τὰ
984 3078 1259 3145 χρήματασ
1275 3075 1303 3126 6
1322 3073 1653 3143 ἀγωνιζόμε-

73 3186 163 3233 νος
203 3168 457 3241 ἀθλητὴς
478 3171 742 3241 γενναίως
772 3171 924 3242 φέρει
953 3172 1024 3225 τὰ
1038 3170 1347 3244 τραύματα,
1383 3170 1519 3242 πρὸς
1562 3171 1653 3223 τὸν
1678 3166 1721 3225 C

73 3274 358 3342 στέφανον
373 3273 717 3328 ἀποϐλέπων·
737 3274 765 3326 6
785 3273 1023 3342 γηπόνος
1037 3275 1134 3345 οὐχ
1145 3275 1388 3346 εὑρίσκει
1406 3273 1475 3326 τὰ
1488 3272 1653 3343 δράγ-

73 3385 247 3436 ματα,
288 3370 342 3422 εἰ
381 3366 455 3438 μὴ
486 3368 752 3438 πρότερον
789 3366 875 3419 διὰ
927 3366 1037 3419 τῶν
1069 3367 1213 3421 ίδίων
1251 3365 1489 3435 ἱδρώτων
1518 3384 1653 3437 προ-

73 3459 405 3530 ιιαταϐἀλλῃ
432 3459 499 3512 τὰ
524 3457 812 3530 σπέρματα
834 3456 1005 3521 οὕτως
1054 3459 1103 3509 οί
1146 3459 1227 3522 είς
1266 3456 1491 3528 οὐρανὸν
1523 3459 1656 3511 ἀπο-

73 3550 401 3614 ελέποντες,
434 3551 586 3603 οὐδὲν
611 3548 872 3618 ἡγοῦνται
913 3548 1010 3612 τὰς
1040 3549 1266 3620 θλίψεις,
1294 3554 1359 3621 τῇ
1390 3551 1498 3605 τῶν
1530 3569 1657 3623 χρη-

73 3645 216 3699 ςτῶν
234 3645 302 3697 ὲλ
316 3645 425 3697 πίδι
448 3643 797 3714 νευρούμενοι
815 3661 828 3674 ·
851 3642 1048 3696 οὐκοῦν
1066 3642 1421 3713 προσέχωμεν
1441 3644 1530 3705 ἀεὶ
1560 3647 1656 3699 καὶ

73 3740 423 3808 τηρήσωμεν
446 3737 577 3788 πότε
608 3733 864 3788 ἀναλύσει
883 3737 912 3787 6
956 3735 1187 3804 νυμφίος
1241 3737 1303 3788 ἔκ
1333 3735 1428 3788 τοῦ
1454 3737 1653 3805 γάμου,

73 3831 152 3883 ἶνα
195 3831 310 3899 τῆς
347 3828 532 3897 φωνῆς
578 3826 744 3879 αὐτοῦ
798 3826 1147 3890 ἀκούσαντες.
1199 3828 1430 3897 ἑτοίμως
1479 3830 1658 3885 διανα-

73 3922 303 3989 ιτῶμεν
333 3922 412 3981 εἰς
438 3918 754 3987 ὑπάντησιν.
792 3919 901 3973 Καὶ
939 3918 1108 3985 ὑμεῖς
1128 3919 1253 3989 γὰρ,
1288 3923 1471 3990 φησὶν.
1522 3922 1657 3976 ἐσε-

73 4019 179 4069 νθε
212 4013 421 4082 ὅμοιοι
441 4011 774 4079 ἀνθρώποις
802 4011 1306 4079 προσδεχομένοις
1320 4014 1425 4066 τὸν
1450 4015 1659 4084 κύριον

73 4103 304 4168 ιὺτῶν,
323 4103 385 4157 ὃν
405 4101 733 4156 ἀπεντεῦθεν
746 4101 1038 4169 μακαρίζει
1060 4104 1088 4154 6
1115 4102 1304 4173 Σωτὴρ
1324 4105 1400 4167 ὡς
1424 4107 1657 4175 νήφοντα

73 4199 249 4263 ,ἐγων
272 4212 288 4225 ·
353 4192 656 4260 Μακάριος
696 4194 729 4246 ό
769 4191 990 4257 δοῦλος
1038 4191 1377 4258 ἐκεῖνος,ὃν
1408 4196 1600 4249 ἐλθὼν
1624 4198 1657 4250 d

73 4289 290 4355 ιύριος
322 4283 512 4337 αὐτοῦ
534 4281 779 4349 εὑρήσει
803 4283 1223 4351 τρητοροῦντα.
1244 4286 1451 4357 Ὠσπερ
1472 4288 1525 4339 δὲ
1551 4305 1657 4356 μα-

73 4378 307 4450 ιαρίςει
345 4376 437 4430 τὸν
466 4373 867 4445 γρηγοροῦντα,
904 4374 1047 4427 οὕτω
1095 4376 1373 4439 ταλανίζει
1400 4377 1489 4429 τὸν
1518 4379 1657 4447 ἀμε-

1756 567 2049 638 migremus
2127 566 2401 621 civitatem
2459 583 2474 620 :
2528 565 2856 635 castigemus
2912 581 3113 635 corpus
3163 578 3218 623 et
3269 570 3327 624 in

1756 659 2063 714 servitutem
2097 656 2401 727 redigamus
2418 656 2485 723 ",
2519 671 2587 711 ne
2608 656 2786 710 anima
2804 672 2957 711 serva
2994 657 3087 712 llat
3106 658 3328 725 diaboli,

1756 752 2014 805 continua
2056 749 2251 803 divina:
2298 748 2589 818 Scriptum
2638 747 2982 804 meditatione
3037 748 3326 811 fruentes:

1756 850 1810 893 et
1833 840 1885 893 in
1926 839 2081 893 nobis
2112 841 2410 906 voluptates
2445 847 2703 907 tanquam
2753 839 3039 907 sylvestres
3071 837 3215 894 feras
3236 853 3328 895 so—

1758 932 1992 1001 piamus,
2050 928 2262 983 Domini
2298 926 2426 983 Jesu
2483 928 2955 982 mortificationem
2995 927 3050 981 in
3104 943 3330 997 corpore

1759 1021 2223 1081 circumferentes,
2266 1021 2614 1076 recordemur
2646 1021 2872 1075 dicentis
2907 1039 2921 1076 :
2950 1018 3326 1086 Sobriiestote,

1759 1126 1807 1170 et
1828 1116 2037 1187 vigilate
2092 1115 2160 1167 ιι.
2220 1113 2391 1168 Nemo
2445 1115 2719 1169 dormiens
2777 1123 3091 1177 coronatur,
3153 1129 3331 1184 neque

1762 1208 2081 1265 recumbens
2114 1216 2168 1262 et
2198 1216 2435 1262 stertens
2458 1207 2701 1261 bravium
2730 1206 2914 1275 capit:
2951 1206 3046 1262 sed
3106 1206 3329 1277 pulvere

1758 1312 1814 1357 et
1840 1301 2011 1371 plagis
2048 1300 2320 1368 squallens
2372 1299 2486 1368 ipse
2525 1300 2666 1369 apud
2695 1298 3076 1367 agonotbetam
3118 1297 3330 1368 primus

1758 1379 2050 1457 invenitur,
2080 1391 2301 1444 vulnera
2336 1404 2551 1458 gerens,
2577 1397 2631 1443 et
2651 1388 2970 1457 sanguinem
3032 1388 3331 1445 ostendens

1760 1483 2100 1539 defluentem.
2141 1479 2289 1536 Unde
2316 1489 2599 1551 postquam
2646 1479 2979 1549 experientia
3028 1479 3321 1534 didicimus

1761 1592 1923 1645 quam
1961 1576 2032 1630 sit
2059 1590 2219 1644 grave
2246 1584 2299 1628 et
2324 1572 2541 1628 difﬁcile
2566 1572 2768 1626 diaboli
2798 1573 3162 1629 ministerium
3210 1572 3323 1641 (fu-

1761 1668 1837 1738 git
1872 1667 2015 1721 enim
2045 1667 2372 1735 vigilantem,
2401 1675 2455 1719 et
2484 1665 2838 1719 dormientem
2873 1666 3111 1736 spoliat),
3136 1680 3206 1721 ne
3233 1665 3329 1721 des

1762 1771 2011 1812 somnum
2045 1756 2215 1810 oculis
2246 1754 2375 1818 tuis,
2410 1767 2510 1808 nec
2539 1754 2811 1823 palpebris
2865 1755 3351 1821 dormitationem,

1764 1858 1823 1903 ut
1870 1848 2094 1903 salveris
2127 1847 2271 1900 velut
2298 1845 2494 1901 dorcas
2518 1861 2582 1902 ex
2623 1847 2891 1910 cassibus,
2946 1848 3157 1902 etvelnt
3213 1847 3328 1903 avis

1761 1954 1826 1992 ex
1861 1938 2071 2005 laqueo.
2102 1935 2415 2007 Fugiamus,
2448 1936 2837 2006 inquam,vitae
2899 1937 3063 2006 hujus
3103 1937 3329 2009 laqueos

1760 2037 1812 2081 et
1838 2042 2020 2087 curas.
2051 2026 2192 2080 velut
2215 2026 2416 2081 mundo
2443 2027 2900 2092 alirenuntiantes,
2950 2028 3082 2083 nihil
3111 2029 3330 2086 carnale

1761 2112 2205 2168 circumferamus
2224 2131 2238 2167 :
2254 2113 2434 2168 multa;
2458 2114 2604 2169 enim
2626 2114 2824 2169 diaboli
2856 2114 3065 2171 insidiae
3090 2132 3104 2170 :
3129 2115 3327 2172 Adser-

1761 2209 1932 2262 sarius
1955 2216 2129 2261 noster
2154 2206 2412 2272 diabolus,
2460 2206 2657 2276 inquit,
2695 2216 2944 2276 tanquam
2973 2207 3053 2262 lea
3117 2209 3328 2280 rugiens

1760 2298 2001 2353 circumit
2026 2313 2284 2369 quwrens,
2325 2313 2430 2352 non
2456 2313 2615 2367 quem
2635 2299 2897 2363 mordeat,
2946 2298 3031 2354 vel
3089 2298 3327 2369 frangat,

1760 2390 1850 2445 sed
1874 2406 2024 2460 quem
2044 2390 2248 2443 devoret
2278 2389 2346 2443 ³¹.
2376 2389 2523 2459 Fuge
2562 2389 2764 2443 diaboli
2818 2390 3067 2452 astutias,
3125 2398 3182 2445 et
3238 2390 3329 2446 dic

1759 2481 2025 2536 Domino:
2067 2477 2134 2533 In
2166 2489 2212 2532 te
2238 2479 2485 2548 eripiara
2514 2480 2818 2543 tentatione,
2840 2488 2889 2534 et
2943 2482 2999 2534 in
3061 2480 3171 2534 Deo
3209 2497 3327 2535 meo

1760 2572 2117 2642 transgredior
2144 2587 2351 2625 murum
2371 2570 2440 2625 ⁸³.
2468 2570 2546 2625 Ne
2578 2569 2755 2639 fugias
2774 2572 2957 2640 itaque
2982 2571 3245 2634 laborem,
3267 2580 3330 2627 ut

1758 2664 2067 2732 assequaris
2120 2676 2376 2718 coronam
2420 2674 2739 2717 :mercator
2798 2678 2907 2717 non
2958 2662 3175 2727 deficit,
3228 2664 3325 2720 sed

1757 2758 1989 2812 sustinet
2038 2753 2231 2817 undas,
2282 2762 2345 2807 ut
2389 2753 2650 2824 pecunias
2705 2754 2982 2820 inveniat;
3035 2754 3321 2810 decertans

1757 2848 1954 2901 athleta
1983 2859 2245 2914 generose
2283 2841 2389 2896 fert
2418 2841 2665 2904 vulnera,
2697 2842 2995 2912 respiciens
3039 2843 3106 2899 ad
3164 2859 3328 2901 coro-

1760 2954 1882 2992 nam
1910 2954 1925 3002 ;
1950 2934 2187 3004 agricola
2219 2949 2328 2989 non
2354 2935 2560 2989 invenit
2582 2934 2888 3004 manipulos
2912 2934 3016 2989 nisi
3060 2933 3212 3004 prius
3235 2949 3330 3004 per

1757 3029 2007 3099 proprios
2032 3027 2260 3082 sudores
2288 3027 2496 3082 semina
2528 3026 2709 3081 mittat
2740 3045 2754 3081 :
2782 3027 3035 3081 similiter
3097 3027 3153 3082 in
3213 3041 3330 3082 eoa-

1760 3122 1867 3174 lum
1892 3119 2242 3188 respicientes
2298 3116 2433 3171 nihil
2470 3126 2664 3186 putant
2700 3117 3101 3181 tribulationes,
3141 3116 3326 3172 bono-

1755 3225 1873 3265 rum
1906 3225 2001 3279 spe
2026 3208 2281 3263 roborati.
2313 3207 2671 3263 Advertamus
2703 3206 2868 3277 igitur
2920 3208 3200 3273 continue,
3262 3217 3317 3263 et

1754 3303 2126 3363 observemus,
2159 3298 2379 3366 quando
2409 3312 2646 3366 sponsus
2677 3305 2865 3368 surget
2892 3312 2924 3353 a
2974 3297 3198 3368 nuptiis.
3259 3306 3325 3354 ut

1757 3394 1927 3464 ipsius
1954 3391 2137 3446 audita
2165 3404 2298 3445 voce
2319 3398 2570 3459 prompte
2625 3404 3019 3457 consurgamus
3050 3390 3102 3443 in
3130 3404 3327 3445 occur-

1755 3502 1896 3543 sum.
1926 3485 1993 3539 Et
2023 3500 2133 3548 vos,
2165 3482 2342 3551 inquit
2368 3483 2534 3547 enim,
2564 3483 2763 3537 similes
2805 3482 3101 3536 hominibus
3138 3500 3325 3552 exspe-

1755 3578 2017 3634 ctantibus
2036 3575 2303 3629 dominum
2330 3591 2501 3639 suum,
2521 3575 2735 3643 qualem
2762 3574 2872 3641 jam
2904 3573 3165 3630 Dominus
3196 3574 3335 3630 bea-

1755 3679 1870 3724 tum
1899 3677 2102 3729 censet,
2128 3665 2314 3720 dicens
2348 3684 2361 3719 :
2399 3664 2594 3719 Beatus
2637 3681 2813 3718 servus
2845 3664 2958 3729 ille,
3006 3681 3157 3733 quem
3208 3682 3325 3719 eum

1756 3760 1949 3816 venerit
1972 3758 2211 3810 dominus
2224 3755 2356 3824 ejus.
2380 3757 2628 3809 invenerit
2652 3755 2950 3825 vigilantem
2971 3756 3040 3810 ⁸⁸.
3063 3754 3213 3811 Sicut
3230 3772 3335 3809 an;

1759 3863 1862 3907 tem
1896 3850 2200 3919 vigilantem
2232 3850 2447 3905 beatum
2484 3849 2761 3918 praedicat,
2789 3851 2861 3904 ita
2890 3852 3146 3905 miserum
3169 3863 3327 3907 vocat

1756 3944 2132 4012 negligentem,
2163 3942 2240 3996 sic
2258 3942 2510 4011 inquiens
2536 3959 2550 3997 :
2576 3940 2637 3995 Si
2658 3958 2773 3995 vero
2790 3944 2999 4011 eruperit
3015 3943 3186 3997 dicere
3210 3959 3328 3996 nta-

1758 4030 1837 4084 lus
1872 4030 1960 4084 ille
1987 4045 2162 4083 servus
2187 4042 2205 4079 :
2232 4028 2478 4082 Moratur
2499 4029 2741 4082 dominus
2758 4045 2902 4083 meus
2936 4030 3129 4093 venire,
3160 4038 3212 4083 et
3243 4031 3331 4082 in-

1756 4125 1945 4192 ceperit
1970 4120 2238 4175 verberare
2253 4137 2523 4174 conservos
2542 4137 2684 4184 suos,
2702 4122 3063 4191 comedereque
3085 4134 3133 4174 et
3156 4122 3328 4175 bibere

1757 4228 1871 4266 cum
1896 4210 2076 4273 ebriis,
2096 4209 2260 4262 veniet
2292 4209 2533 4261 dominus
2558 4209 2673 4277 ejus
2708 4210 2763 4262 in
2790 4209 2876 4261 die
2893 4225 2998 4278 qua
3022 4224 3124 4261 non
3151 4223 3333 4277 ηερε.

1757 4313 1885 4368 ctat,
1902 4312 1950 4355 et
1965 4303 2021 4354 in
2035 4303 2162 4354 hora
2177 4317 2335 4371 quam
2357 4300 2537 4361 nescit,
2554 4309 2603 4353 et
2619 4315 2711 4368 per
2732 4300 2958 4353 medium
2972 4300 3165 4353 dividet
3186 4315 3329 4365 eum,

1758 4404 1805 4449 et
1826 4402 2027 4463 partem
2058 4393 2223 4462 ipsius
2243 4408 2360 4445 cum
2376 4392 2656 4461 hypocritis
2680 4392 2910 4461 ponet".
2940 4392 2996 4445 Si
3025 4400 3202 4446 autem
3232 4393 3324 4461 qui

73 4471 282 4524 οὖντα.
311 4466 458 4521 οὕτω
474 4465 669 4534 λέγων·
690 4465 825 4519 Ἐὰν
847 4465 914 4518 δὲ
928 4466 1178 4534 ἄρξηται
1192 4468 1395 4537 λέγειν
1409 4471 1443 4523 ό
1471 4470 1653 4535 κακὸς

1759 4485 1903 4549 dicit,
1943 4482 2185 4537 Horatur
2208 4482 2447 4536 dominus
2476 4499 2641 4549 mens,
2667 4499 2761 4552 per
2783 4484 3016 4538 medium
3048 4484 3326 4567 dividitur,

73 4560 312 4625 ὀὖλος
345 4557 607 4622 ἐκεῖνος·
642 4554 897 4625 Χρονίζει
942 4559 975 4610 ό
1012 4558 1216 4627 κύριός
1257 4577 1377 4627 μου
1432 4560 1651 4621 ἐλθεῖν,

73 4653 161 4706 :al.
229 4648 501 4717 ἄρξηται
534 4649 777 4701 τύπτειν
830 4646 973 4713 τοὺς
1019 4648 1403 4715 συνδούλους
1446 4652 1655 4713 αὑτοῦ,

74 4746 322 4802 σθίειν
350 4760 417 4796 τε
436 4742 533 4795 καί
562 4742 761 4794 πίνειν
783 4741 932 4810 μετὰ
970 4741 1089 4794 τῶν
1134 4745 1497 4810 μεθυόντων,
1526 4745 1660 4811 ἥξει

74 4843 77 4881 ῖ
103 4838 355 4904 κύριος
383 4832 569 4886 αὑτοῦ
594 4831 663 4883 ὲν
689 4832 898 4900 ἡμέρᾳ,
937 4830 975 4899 ᾖ
1006 4833 1078 4886 οὐ
1106 4833 1435 4900 προσδοκᾷ.
1475 4837 1570 4889 καὶ
1592 4838 1663 4891 ἐν

73 4928 184 4996 ipa
210 4918 263 4999 ᾖ
310 4925 386 4977 οὑ
411 4921 708 4993 γινώσκει.
738 4922 835 4975 καὶ
867 4921 1249 4992 διχοτομήσει
1297 4925 1501 4993 αὑτὸν,
1556 4930 1655 4982 καὶ

77 5021 115 5074 ὁ
146 5018 372 5089 μέρος
395 5015 580 5069 αὑτοῦ
606 5015 754 5082 μετὰ
793 5012 911 5068 τῶν
934 5016 1270 5084 ὑποκριτῶν
1295 5017 1485 5083 θήσει.
1510 5021 1573 5074 El
1601 5020 1658 5074 δὲ

103 5112 351 5180 λέγων,
397 5109 480 5161 ὅτι
526 5106 783 5174 Χρονίζει
809 5112 842 5157 ό
881 5108 1083 5174 κύριός
1103 5126 1244 5175 μου.
1296 5110 1657 5182 διχοτομεῖται

73 5203 342 5263 λθόντος
373 5196 563 5261 αὑτοῦ,
586 5199 615 5250 6
641 5198 775 5266 μηδὲ
809 5197 944 5262 ὅλως
975 5200 1291 5270 προσδοκῶν
1329 5202 1419 5254 τὸν
1469 5204 1658 5275 κύριον

74 5298 245 5354 ὐτοῦ
284 5298 346 5349 τί
392 5296 591 5359 πάθοις
624 5295 908 5364 Ἑτοίμους
953 5292 1046 5350 οὖν
1076 5295 1214 5352 εἶναι
1257 5301 1361 5373 χρὴ
1391 5303 1538 5372 ἡμᾶς
1566 5305 1661 5358 καὶ

73 5393 379 5455 herculei;
408 5390 544 5461 πρὸς
571 5389 661 5443 τὸν
707 5391 954 5444 ἐντεῦθεν
986 5394 1284 5461 ἀπόπλουν,
1339 5399 1433 5451 καὶ
1484 5400 1659 5468 λέγειν

73 5489 162 5560 pf,
204 5504 224 5518 ο
275 5484 525 5552 Ἑτοίμη
552 5483 590 5549 ’ἡ
630 5482 843 5550 καρδία
872 5502 1010 5553 μου,
1043 5489 1075 5539 ὀ
1106 5490 1283 5550 Θεόςο
1315 5492 1374 5543 ἐν
1398 5491 1507 5559 γὰο
1560 5510 1659 5546 πο-

73 5583 225 5651 ξμῳ
268 5574 450 5645 ἐσμὲν
471 5575 529 5627 ἐν
551 5572 627 5645 τῷ
661 5574 865 5645 κόσμῳ·
894 5576 1075 5648 κύκλῳ
1106 5581 1154 5632 οἱ
1179 5581 1392 5646 ἀσεϐεῖς
1421 5601 1659 5654 περιπα-

110 5761 176 5791 ⁸⁶
220 5757 249 5809 1
285 5752 665 5834 ρος-...ιηικξῖζ
732 5754 772 5834 ξ’
799 5752 817 5806 l
847 5753 988 5834 Petr_.
1029 5777 1077 5819 ν,
1155 5760 1199 5791 δ’
1238 5761 1366 5818 ibid,
1405 5763 1456 5818 8,
1532 5767 1578 5797 δι
1614 5764 1659 5819 Ρε

1779 5784 1909 5834 ml,
1945 5771 2031 5824 30.
2108 5770 2153 5802 ’⁵⁸
2190 5769 2318 5824 Luc.
2348 5785 2442 5831 an,
2473 5769 2558 5825 56.
2636 5769 2680 5800 ’⁸⁸
2717 5767 2847 5823 ibid.
2874 5768 2960 5823 '57.

73 5845 231 5894 xiv,
270 5825 471 5880 48-51.
552 5826 594 5855 ’⁵⁷
629 5824 772 5880 Ρετιι.
803 5841 910 5877 ιιι.
952 5826 1005 5881 8.

1753 4578 2000 4631 veniente
2026 4576 2167 4645 ipso,
2191 4575 2283 4646 qui
2325 4592 2425 4630 nec
2448 4576 2670 4631 omnino
2700 4576 2975 4629 dominum
3006 4591 3167 4630 suum
3216 4590 3318 4630 ex-

1756 4678 1985 4735 spectat,
2026 4670 2156 4739 quid
2188 4669 2429 4739 patietur
2454 4670 2476 4723 ?
2502 4668 2729 4725 Paratos
2758 4670 2923 4738 igitur
2951 4684 3052 4723 nos
3096 4684 3240 4737 esse,
3269 4677 3325 4723 et

1756 4763 2050 4832 expeditos,
2082 4762 2147 4815 ad
2179 4762 2303 4816 hinc
2326 4761 2686 4832 navigandum
2718 4770 2949 4830 oportet,
2992 4768 3047 4815 et
3102 4762 3282 4815 dicere
3308 4779 3326 4816 :

1761 4853 2017 4909 Paratum
2050 4870 2142 4908 cor
2162 4870 2352 4916 meum,
2384 4852 2519 4906 Dens
2545 4854 2589 4885 ⁸⁷
2622 4871 2637 4917 ;
2664 4853 2719 4907 in
2775 4854 2913 4907 bello
2948 4853 3093 4907 enim
3137 4866 3328 4907 sumus

1765 4947 1817 4999 in
1853 4947 2079 5011 mundo,
2100 4946 2153 4999 in
2182 4946 2411 5001 circuitu
2443 4946 2592 5015 impii
2646 4945 2947 5012 ambulant,
3008 4953 3325 5015 peccatores

1764 5037 2052 5092 intendunt
2073 5053 2282 5092 arcum.
2306 5036 2404 5091 Hic
2434 5038 2650 5107 quidem
2673 5052 2834 5092 aures
2874 5037 3116 5105 saginat,
3151 5035 3326 5102 tit-ju-

1761 5130 1937 5183 cunde
1967 5130 2357 5184 detractionem
2387 5130 2670 5184 audiamus
2697 5150 2711 5185 :
2747 5131 2834 5185 hic
2863 5140 3041 5185 autem
3104 5130 3324 5184 oculum

1764 5218 1819 5272 in
1849 5218 2122 5274 lasciviam
2162 5220 2382 5281 excitat,
2408 5219 2496 5273 ille
2523 5234 2653 5274 vero
2683 5221 2941 5291 linguam,
2973 5227 3034 5274 ut
3066 5219 3325 5274 fratribus

1765 5310 2005 5365 convicia
2029 5309 2223 5365 inferat
2256 5326 2269 5363 :
2306 5310 2393 5365 hic
2412 5318 2593 5365 autem
2626 5321 2865 5366 ventrem
2914 5311 2967 5366 in
3032 5311 3323 5380 ingluviem

1766 5400 1961 5467 irritat,
2002 5401 2089 5455 ille
2112 5416 2237 5456 vere
2272 5417 2489 5455 manum
2522 5403 2574 5457 in
2594 5402 2879 5457 avaritiam
2925 5412 2979 5457 et
3024 5402 3269 5473 rapinam
3305 5420 3321 5457 :

1767 5492 1907 5546 alius
1929 5491 2090 5561 pedes
2115 5492 2168 5545 in
2203 5492 2459 5546 malitiam
2514 5508 2730 5547 movere
2776 5493 3044 5549 hortatur.
3114 5491 3329 5560 Quibus

1765 5588 1832 5643 de
1862 5587 2044 5643 causis
2077 5586 2276 5645 Paulus
2324 5596 2518 5658 pectus
2568 5590 2816 5644 muniens
2858 5588 3029 5644 armis
3075 5588 3322 5658 spiritus.

3061 5767 3106 5799 "
3134 5766 3326 5820 Matth.
