4112 6416
107 354 242 420 1953
1268 350 1521 412 SERMO
1544 350 1642 411 DE

1760 346 2161 411 ΞΝΙΤΕΝΤΙΑ.
3171 346 3310 413 1954

105 473 210 537 γάρ
238 468 332 522 καὶ
367 466 436 522 τά
468 465 606 522 καλά
636 468 729 520 καὶ
769 464 837 519 τά
873 463 1020 519 κακὰ
1067 464 1219 529 τέλος
1263 465 1406 536 ἔχει⁸
1436 465 1555 517 ἐκεῖ
1582 464 1659 530 δὲ,

1769 475 1960 532 poenae.
1989 460 2089 516 Hic
2117 461 2160 515 si
2189 461 2376 516 ardeat
2395 474 2617 530 corpus,
2649 460 2925 533 egreditur
2950 458 3128 514 anima
3154 501 3168 514 .
3200 461 3312 517 illic

101 560 357 613 ἀθάνατοι
382 559 440 612 αἱ
466 557 732 620 κολάσεις.
771 549 898 610 Ὧδε
927 556 1021 610 ἐὰν
1053 557 1158 627 καῇ
1204 556 1262 608 τὸ
1295 555 1475 626 σῶμα,
1507 554 1658 624 ἐξέρ·

1760 568 1888 608 vero
1917 553 2229 619 incorrupto
2260 562 2576 622 resurgente
2595 567 2850 621 corpore,
2887 566 3101 622 semper
3126 552 3310 607 anima

102 666 254 720 χεται
295 650 330 720 ἡ
376 648 556 718 ψυχή·
602 650 718 702 ἐκεῖ
759 646 815 700 δέ
853 647 1127 718 ἀφθάρτου
1173 646 1518 717 ἐγειρομένου
1566 645 1659 699 τοῦ

1760 645 2092 699 comburitur
2134 659 2149 695 :
2183 653 2237 698 et
2262 653 2573 714 peccatores
2600 644 2744 698 enim
2787 643 3088 714 incorrupti
3127 658 3313 698 resuta

101 736 368 806 σώματος,
393 738 480 791 ἀεὶ
505 739 538 808 ἡ
561 735 704 807 ψυχή
731 735 1087 790 κατακαίεται
1104 752 1117 764 ο
1149 736 1242 788 καὶ
1269 737 1376 806 γὰρ
1408 736 1456 788 οἱ
1481 735 1659 805 ἀμαρ-

1760 745 1921 807 gunt,
1960 752 2064 790 non
2115 745 2175 791 ut
2203 736 2572 802 honorentur,
2613 736 2708 792 sed
2748 745 2809 790 ut
2843 736 3218 791 immortaliter
3255 734 3312 790 in

99 829 258 883 τωλοὶ
281 828 585 900 ἐγείρονται
610 828 892 900 ἄφθαρτοι,
931 828 1028 897 οὐχ
1070 827 1156 879 ἵνα
1198 826 1523 898 τιμηθῶσιν,
1545 826 1659 880 ἀλλ’

1760 828 2044 884 tormentis
2070 837 2440 898 permaneant.
2481 827 2539 883 Si
2584 828 2764 898 itaque
2804 827 2977 882 balnei
3028 835 3315 884 vehemen-

98 921 187 975 ἵνα
218 918 467 974 ἀθάνατα
499 918 909 990 βασανιζόμενοι
944 918 1356 988 παραμένωσιν.
1389 918 1452 970 Ei
1486 917 1659 970 τοίνυν

1760 918 1948 974 liorem
1976 935 2229 991 vaporem
2271 935 2380 975 non
2431 920 2696 989 ferimus,
2755 919 3031 991 quomodo
3076 918 3313 975 feremus

98 1008 384 1080 βαλανείου
414 1010 552 1082 ἀέρα
585 1009 939 1081 σφοδρότερον
969 1010 1030 1062 οὐ
1059 1009 1316 1081 φέρομεν,
1341 1008 1393 1062 τί
1439 1008 1659 1077 ποιήσο-

1760 1009 1971 1075 igneum
2000 1011 2240 1067 ﬂumen?
2264 1010 2412 1082 Opus
2439 1025 2523 1069 est
2567 1013 2714 1069 enim
2751 1027 2942 1068 omnes
2975 1012 3150 1084 ignem
3188 1027 3314 1082 pro-

98 1117 196 1171 μεν
223 1099 315 1154 τὸν
350 1101 576 1174 πύρινον
605 1103 844 1172 ποταμόν
867 1104 991 1169 ςΔεῖ
1015 1100 1124 1173 γὰρ
1144 1101 1350 1165 πάντας
1370 1099 1659 1169 δοκιμάσαι

1760 1099 1889 1156 bare
1911 1140 1929 1166 ,
1962 1101 2010 1156 si
2035 1101 2336 1172 legitimum
2373 1112 2455 1157 est
2487 1117 2682 1157 aurum
2715 1100 2762 1134 “
2799 1121 2812 1156 ς
2849 1112 3059 1173 oportet
3078 1101 3313 1173 sigillum

93 1196 153 1247 τὸ
188 1193 322 1266 πῦρ,
361 1197 414 1248 εί
461 1195 682 1268 γνήσιός
722 1195 868 1249 ἐστιν
911 1197 940 1248 ὁ
976 1194 1208 1266 χρυσός⁹
1245 1194 1328 1246 δεῖ
1356 1192 1454 1264 τήν
1487 1209 1659 1264 σφρα-

1760 1191 1989 1263 inquiri,
2026 1210 2094 1248 ne
2123 1193 2261 1249 forte
2282 1194 2494 1249 ablatus
2523 1192 2691 1248 fuerit
2717 1193 3008 1250 thesaurus
3047 1211 3061 1247 :
3103 1202 3316 1262 oportet

94 1286 218 1352 γίδα
275 1285 658 1358 ἐρευνηθῆναι,
707 1288 781 1356 μή
833 1301 961 1338 ποτε
1001 1285 1230 1356 ἐσυλήθη
1280 1285 1311 1336 δ
1357 1285 1659 1355 θησαυρός·

1760 1283 2002 1352 probari,
2046 1285 2091 1339 si
2123 1285 2254 1341 talis
2285 1295 2368 1340 est
2393 1285 2566 1340 latens
2586 1325 2602 1351 ,
2646 1295 2700 1340 et
2731 1301 2836 1339 non
2865 1295 2947 1339 est
2966 1286 3062 1354 qui
3093 1283 3318 1355 effugiat

93 1379 170 1430 δεῖ
205 1377 628 1449 δοκιμασθῆναι,
659 1380 707 1431 εἰ
753 1377 989 1442 τοιοῦτός
1020 1379 1166 1432 ἐστιν
1196 1380 1224 1432 ὁ
1261 1377 1659 1448 κρυπτόμενος,

1760 1373 1952 1442 iudicis
2059 1375 2338 1446 impetum.
2418 1375 2523 1454 Sed
2597 1377 2820 1432 omnino
2918 1377 3065 1431 dices
3135 1377 3312 1444 mihi,

96 1469 188 1522 καὶ
220 1471 322 1521 οὐκ
356 1469 505 1522 ἐστιν
533 1469 592 1533 ὃς
609 1469 954 1540 διαφεύξεται
995 1469 1091 1541 τήν
1121 1468 1294 1541 ὁρμὴν
1318 1468 1410 1522 τοῦ
1449 1470 1658 1539 κριτοῦ.

1760 1460 2030 1533 quomodo
2051 1472 2226 1534 potest
2246 1465 2426 1520 anima
2453 1465 2562 1520 illic
2599 1481 2812 1534 semper
2835 1463 3124 1519 comburi?
3173 1481 3315 1536 quo-

108 1561 267 1614 Ἀλλά
295 1561 516 1624 πάντως
559 1563 702 1632 ἐρεῖς
739 1576 860 1631 μοι’
917 1561 1041 1623 Πῶς
1075 1559 1298 1616 δύναται
1335 1561 1480 1632 άεὶὴ
1517 1561 1659 1630 ψυχὴ

1760 1554 1921 1610 modo
1964 1554 2052 1610 hic
2087 1570 2280 1626 corpus
2320 1573 2546 1612 manens
2586 1557 2639 1612 in
2669 1556 2814 1612 febre
2839 1557 3172 1611 accenditur.
3203 1556 3316 1612 Etsi

96 1653 210 1705 ἐκεῖ
253 1651 684 1719 κατακαίεσθαι;
731 1653 943 1724 Ὠσπερ
971 1645 1073 1705 ὧδε
1115 1651 1177 1705 τὺ
1217 1652 1373 1722 σῶμα
1416 1651 1574 1722 μένον
1603 1654 1659 1704 ἐν

1760 1647 1902 1701 enim
1940 1647 2030 1703 hic
2065 1647 2352 1718 languente
2380 1663 2604 1718 corpore
2629 1649 2740 1702 exit
2763 1649 2966 1711 anima,
2997 1649 3109 1704 illic
3134 1658 3316 1704 tamen

95 1742 316 1814 πυρετῷ
345 1743 722 1797 κατακαίεται.
750 1743 810 1795 Ei
841 1741 949 1813 γὰρ
977 1743 1071 1796 καὶ
1098 1742 1409 1805 ἁτονοῦντος
1437 1735 1540 1794 ὧδε
1560 1741 1655 1794 τοῦ

1760 1755 1867 1794 non
1915 1740 2223 1812 egredietur
2250 1781 2266 1807 ,
2311 1741 2405 1795 sed
2451 1741 2742 1796 necessitas
2770 1751 2854 1796 est
2895 1743 3130 1796 animam
3167 1757 3318 1798 cum-

95 1835 347 1905 σώματος
373 1836 649 1906 ἐξέρχεται
673 1837 704 1903 ή
733 1833 897 1906 ψυχὴ,
927 1835 1039 1890 ἀλλ’
1062 1836 1176 1888 ἐκεῖ
1201 1836 1299 1888 οὐκ
1323 1834 1651 1899 ἁτονοῦντοςο

1760 1833 1899 1887 buri.
1947 1798 2111 1888 Estne
2154 1798 2321 1904 igitur
2364 1833 2598 1905 aliquis,
2638 1833 2732 1904 qui
2777 1843 2998 1904 propter
3041 1835 3316 1890 somnium

95 1928 227 1980 ἀλλὰ
268 1927 484 1997 ἀνάγκη
514 1927 612 1996 τὴν
650 1926 826 1997 ψυχὴν
863 1927 1279 1980 κατακαίεσθαι.
1313 1928 1454 1997 ’Λρα
1479 1925 1656 1980 τοίνυν

95 2019 210 2071 ἐστι
242 2036 328 2083 τις
360 2019 420 2083 ὃς
450 2019 519 2072 δι’
544 2019 675 2090 ὄναρ
711 2019 939 2089 ἐθελήσῃ
983 2017 1269 2080 διαπαντὸς
1293 2017 1654 2086 κολάζεσθαι;

96 2111 264 2164 Τοῦτο
294 2112 404 2183 γὰρ
431 2113 464 2181 ἡ
489 2109 734 2183 παροῦσα
759 2109 870 2181 ζωὴ
898 2108 1033 2180 πρὸς
1052 2113 1150 2180 τήν
1177 2109 1492 2180 μέλλουσαν.
1524 2110 1657 2164 Ποία

96 2202 203 2273 γὰρ
233 2203 329 2256 κα)⁸
365 2202 649 2272 σύγκρισις
676 2201 783 2254 τῶν
812 2200 1307 2273 προσδοκωμένωνς
1351 2201 1414 2253 Ei
1454 2200 1562 2272 γὰρ
1588 2201 1658 2256 τά

99 2293 484 2363 παρερχόμενα
505 2291 750 2345 τοιαῦτα’
775 2291 883 2363 ἄρα
907 2290 1124 2344 ποταπὰ
1143 2293 1324 2344 ἐκεῖνα
1338 2292 1403 2344 τὰ
1429 2291 1657 2361 βεϐαίως

102 2381 361 2450 μένοντας
398 2383 485 2444 Ὠς
506 2381 680 2435 τοίνυν
710 2381 898 2447 καιρὸν
925 2380 1138 2454 ἔχομεν,
1163 2379 1336 2445 δεῦτε,
1365 2381 1654 2453 ἀγαπητοὶ,

101 2468 168 2527 τά
218 2474 316 2544 τῆς
367 2473 547 2544 ψυχῆς
593 2474 879 2546 τραύματα
930 2474 1158 2544 δάκρυσι
1208 2472 1655 2546 θεραπεύσωμεν,

103 2569 194 2620 καὶ
224 2568 300 2636 μὴ
330 2566 450 2620 καθ’
481 2567 690 2620 ἑαυτῶν
715 2567 814 2628 τὰς
837 2567 1023 2636 χεῖρας
1052 2567 1376 2625 ἐκτείνοντες
1403 2565 1657 2636 τοιαύτην

104 2658 465 2728 εἰσδεξώμεθα
497 2657 738 2714 κόλασιν.
774 2652 878 2722 Εἷς
915 2656 1044 2726 γὰρ,
1084 2657 1266 2727 φησὶν,
1311 2655 1656 2727 οἰκοδομῶ-ν,

109 2750 202 2801 καὶ
233 2744 322 2816 εἷς
343 2749 658 2815 καθαιρῶν,
689 2748 746 2802 τί
772 2747 1095 2817 ὠφέλησαν
1116 2750 1302 2802 πλέον
1328 2747 1365 2815 ἢ
1402 2749 1656 2812 κόπους;

108 2840 167 2892 ΕΞ
205 2841 313 2908 γὰρ
347 2843 552 2894 ἐκεῖνον
583 2840 674 2893 τὸν
702 2839 828 2895 ναὸν
855 2841 942 2892 τὸν
972 2841 1035 2892 ἐκ
1059 2838 1219 2892 λίθων
1245 2839 1657 2909 οἰκοδομηθέντα

118 2929 380 3002 Ἱερεμίας
414 2931 626 3001 ἐθρήνει
661 2929 1075 2997 κατασκαφέντα
1105 2927 1276 2996 λέγων
1295 2947 1309 2960 ·
1352 2927 1562 2997 Ἀφετέ
1581 2945 1660 2996 με

108 3024 440 3092 κλαύσομαι
475 3018 696 3089 πικρῶς
719 3038 737 3054 ·
783 3019 868 3090 μὴ
914 3019 1317 3089 κατισχύσητέ
1348 3036 1425 3088 με
1477 3035 1660 3087 παρα-

1755 1925 1884 1980 velit
1916 1940 2129 1996 semper
2153 1925 2373 1995 puniri?
2401 1925 2515 1981 Hoc
2541 1926 2683 1981 enim
2714 1940 2954 1996 praesens
2985 1926 3094 1981 vita
3122 1927 3187 1981 ad
3223 1926 3314 1981 fu-

1758 2026 1958 2073 turam.
2008 2017 2194 2085 Qualis
2242 2020 2383 2074 enim
2443 2017 2748 2073 futurorum
2800 2019 3186 2090 comparatio?
3256 2019 3316 2074 Si

1755 2124 1990 2180 namque
2018 2108 2391 2180 praetereunda
2423 2109 2547 2164 talia
2573 2147 2590 2172 ,
2621 2109 2798 2176 q‘ualia
2829 2109 2991 2179 igitur
3023 2110 3115 2164 illa
3145 2110 3317 2166 stabi—

1754 2199 1877 2256 liter
1907 2201 2218 2256 manentia?
2265 2200 2400 2256 Dum
2435 2201 2600 2272 igitur
2629 2210 2841 2272 tempus
2880 2203 3179 2268 habemus,
3228 2218 3319 2259 ve-

1755 2295 1888 2359 nite,
1929 2293 2146 2362 dilecti,
2177 2295 2370 2350 anima:
2411 2295 2629 2349 vulnera
2662 2295 2916 2366 lacrymis
2947 2311 3228 2362 curemus,
3265 2304 3320 2350 et

1754 2401 1822 2440 ne
1855 2399 2044 2441 contra
2091 2402 2194 2440 nos
2233 2388 2378 2457 ipsos
2425 2403 2618 2443 manus
2646 2387 2938 2458 dirigentes
2961 2427 2976 2451 ,
3009 2388 3172 2443 talem
3207 2404 3319 2459 pa:-

1755 2491 1878 2529 nam
1920 2477 2229 2531 subeamus.
2272 2475 2414 2529 Ums
2454 2479 2629 2539 enim,
2668 2478 2877 2546 inquit,
2917 2479 3217 2547 wdiﬁcans,
3267 2487 3317 2533 et

1755 2585 1888 2621 unus
1915 2569 2182 2622 destructis
2205 2610 2218 2633 ,
2242 2570 2366 2639 quid
2397 2569 2544 2622 aliud
2575 2569 2904 2623 contulerunt
2925 2613 2941 2637 ,
2983 2587 3138 2641 quam
3172 2570 3320 2624 faba-

1757 2677 1836 2713 "es
1861 2661 1942 2714 "?
1987 2660 2043 2715 Si
2078 2661 2222 2714 enim
2256 2661 2511 2730 templum
2545 2677 2607 2716 cx
2648 2662 2918 2732 lapidibus
2945 2673 3318 2718 constructum

1753 2749 2016 2807 Jeremias
2043 2751 2258 2822 lugebat
2285 2768 2558 2818 eversum,
2593 2753 2780 2807 dicens
2820 2772 2834 2808 :
2883 2752 3055 2809 Sinite
3089 2771 3202 2822 me,
3234 2758 3320 2809 lu-

1755 2859 1900 2912 geam
1939 2859 2118 2896 amare
2137 2883 2152 2906 ,
2181 2860 2269 2896 nec
2318 2844 2580 2896 conamini
2609 2859 2687 2895 me
2715 2844 2974 2897 consolari
2997 2845 3042 2874 "
3071 2861 3084 2896 :
3119 2856 3322 2914 quanto

1759 2934 1928 3004 magis
1960 2933 2192 2986 animam
2231 2932 2516 3003 deplorare
2543 2935 2795 2989 convenit
2826 2935 2916 2988 illo
2950 2937 3274 2990 sanctiorem
3300 2959 3318 2986 ο

1756 3020 1808 3075 in
1835 3039 1942 3091 qua
1968 3038 2072 3076 non
2100 3039 2231 3077 urna
2254 3039 2418 3078 aurea
2448 3025 2652 3079 habens
2682 3040 2880 3079 manna
2906 3067 2920 3088 ,
2950 3026 3044 3080 sed
3071 3041 3192 3095 quae
3217 3026 3321 3080 Pa-

108 3116 331 3178 καλεῖν,
383 3113 532 3183 πόσῳ
571 3111 769 3182 μᾶλλον
800 3110 976 3182 ψυχὴν
1008 3111 1089 3164 δεῖ
1129 3109 1332 3164 κλαίειν
1361 3113 1459 3179 τὴν
1497 3112 1656 3178 ἁγιω-

1760 3123 1890 3166 lrcm
1927 3115 2114 3179 habet,
2142 3125 2195 3168 et
2223 3113 2416 3168 Filium
2439 3155 2454 3180 ,
2485 3125 2540 3170 et
2574 3116 2834 3186 Spiritum
2868 3128 3113 3171 sanctum
3141 3157 3156 3182 ,
3197 3133 3321 3172 san-

109 3204 270 3275 τέραν
297 3203 526 3269 ἐκείνου,
558 3205 614 3254 ἐν
701 3202 763 3255 οὐ
787 3201 1018 3272 στάμνος
1040 3200 1213 3272 χρυσῆ
1234 3201 1428 3272 ἔχουσα
1462 3201 1655 3269 μάννα,

110 3296 240 3351 ἀλλὰ
291 3297 507 3370 Πατέρα
546 3299 638 3350 καὶ
689 3297 815 3350 Υίὺν
847 3299 939 3350 καὶ
974 3297 1034 3350 τὸ
1081 3296 1236 3367 ἅγιον
1273 3296 1515 3366 Πνεῦμα,
1559 3297 1658 3366 τήν

112 3391 265 3459 ἁγίαν
293 3391 500 3461 Τριάδα
549 3389 905 3444 κατοικοῦσαν
955 3391 1014 3443 ἐν
1063 3391 1236 3461 cini};
1296 3390 1356 3443 Εί
1386 3391 1497 3452 τοῖς
1526 3389 1660 3442 ἀπο-

113 3484 400 3552 θνήσκουσι
455 3483 875 3551 συμπάσχομεν,
940 3481 1022 3544 τίς
1075 3479 1244 3542 οὕτως
1301 3479 1657 3551 ἀσυμπαθὴς,

114 3575 186 3638 ὡς
213 3577 309 3644 τήν
341 3572 537 3626 ἐαυτοῦ
595 3575 770 3643 ψυχὴν
827 3571 1198 3627 ἀποθανοῦσαν
1249 3573 1325 3643 μὴ
1370 3572 1658 3625 ἀποκλαίε-

117 3668 263 3732 σθαι;
333 3668 393 3719 ὐ
441 3667 548 3737 γὰρ
598 3665 658 3718 τδ
709 3665 864 3735 σῶμα
909 3664 1224 3736 θεραπεύων
1276 3664 1505 3735 ἡδοναῖς,
1563 3664 1662 3717 θα-

115 3763 258 3814 νατοῖ
296 3761 396 3830 τὴν
441 3758 630 3811 ἐαυτοῦ
680 3757 888 3829 ψυχήν·
923 3759 951 3811 ὁ
977 3757 1034 3811 δέ
1084 3757 1263 3827 ψυχῆς
1297 3755 1660 3827 ἐπιμελούμεμ-

116 3871 219 3916 νος,
246 3853 305 3906 τὸ
333 3852 492 3922 σῶμα
520 3851 668 3920 ὑγιὲς
705 3851 764 3904 οὐ
794 3851 954 3905 ποιεῖ.
985 3849 1146 3902 Ὅθεν
1177 3849 1252 3920 μὴ
1274 3849 1411 3919 ὑπὲρ
1441 3847 1547 3901 τῶν
1579 3865 1663 3900 νε-

118 3943 279 4015 κρῶν,
313 3942 428 3996 ἀλλ’
461 3943 597 4013 ὑπὲρ
635 3941 836 3994 ἑαυτῶν
869 3940 1194 4010 κατάγωμεν
1237 3941 1478 4010 δάκρυα·
1527 3956 1662 4009 μνη-

121 4036 482 4104 μονεύσωμεν,
532 4033 770 4103 ἀδελφοὶ,
821 4034 895 4098 ὡς
939 4036 968 4087 ὁ
1017 4031 1203 4102 καιρὸς
1246 4031 1662 4102 συνεσταλμένος

119 4125 249 4190 ἐστὶ,
281 4126 376 4176 καὶ
415 4124 475 4175 τὸ
519 4123 862 4193 δικαστήριον
901 4121 991 4174 ἐπὶ
1040 4120 1265 4191 θύραιςο
1300 4120 1434 4191 ὅπερ
1476 4123 1523 4172 εί
1568 4119 1662 4172 καὶ

123 4218 451 4287 μακρότερον
480 4216 744 4286 ὑπῆρχεν,
787 4213 907 4266 οὐδὲ
939 4213 1108 4276 οὕτως
1157 4215 1264 4266 ἔδει
1319 4214 1558 4283 θαρρεῖν.
1597 4213 1662 4267 Ἦ

119 4308 226 4372 νὺξ
281 4307 599 4375 προέκοψε,
652 4305 834 4375 φησὶν,
868 4305 1276 4375 ἐξυπνισθῶμεν
1326 4305 1508 4359 λοιπὸν
1555 4306 1664 4359 άπὸ

120 4400 223 4451 τῶν
251 4399 500 4470 ὀνείρων·
543 4399 634 4450 καὶ
672 4399 780 4466 γάρ
819 4397 952 4467 ἡδέα
984 4399 1051 4450 τὰ
1086 4397 1345 4468 παρόντα,
1376 4398 1489 4451 ἀλλ’
1515 4397 1664 4450 οὐδὲν

1761 3215 1866 3260 tam
1895 3205 2210 3260 Trinitatem
2239 3207 2671 3262 inhabitantem?
2709 3207 2766 3261 Si
2793 3210 3147 3265 morientibus
3174 3225 3322 3265 com-

1758 3302 2022 3369 patimur"
2057 3302 2181 3370 quis
2217 3311 2322 3354 tam
2355 3301 2471 3356 sine
2500 3302 2874 3381 misericordia
2902 3312 3022 3368 est,
3063 3304 3156 3374 qui
3195 3305 3316 3359 ani-

1759 3407 1904 3445 mam
1941 3407 2091 3445 suam
2126 3391 2440 3446 morientem
2479 3408 2585 3446 non
2617 3392 2904 3462 deploret?
2938 3393 3147 3464 Corpus
3173 3395 3320 3450 enim

1758 3482 2121 3551 voluptatibus
2150 3480 2339 3536 fovens
2361 3523 2378 3548 ,
2412 3483 2647 3535 animam
2674 3497 2828 3536 suam
2859 3483 3091 3537 occidit:
3125 3484 3321 3539 animat

1760 3591 1888 3632 vero
1920 3593 2104 3631 curam
2130 3576 2353 3647 gerens},
2380 3591 2580 3646 corpus
2613 3591 2806 3632 sanum
2835 3592 2938 3630 non
2976 3575 3128 3631 facit.
3164 3575 3320 3632 Unde

1762 3685 1868 3724 non
1906 3685 2001 3740 pro
2027 3669 2256 3724 mortuis
2280 3711 2296 3735 ,
2340 3670 2432 3723 sed
2475 3684 2571 3738 pro
2607 3668 3017 3738 nobismetipsis
3052 3669 3319 3738 lacrymas

1760 3760 2120 3815 deducamus:
2144 3758 2508 3821 recordemur,
2529 3755 2741 3820 fratres,
2761 3754 2904 3825 quod
2927 3764 3138 3823 tempus
3161 3756 3319 3808 breve

1760 3862 1861 3914 est,
1889 3860 1943 3906 et
1966 3849 2229 3920 judicium
2257 3864 2367 3919 prae
2401 3849 2607 3902 furibus
2645 3858 2749 3912 est,
2789 3847 2931 3916 quod
2956 3846 3079 3901 licet
3107 3846 3318 3918 longiu-

1761 3949 1924 4018 quius
1989 3953 2166 4012 esset,
2222 3961 2320 4000 nec
2369 3945 2444 3998 ila
2490 3953 2665 3997 tamen
2710 3942 2980 3997 conlidere
3023 3950 3315 4010 oporteret.

1762 4039 1887 4094 Non:
1935 4039 2240 4109 praecessit,
2299 4037 2475 4106 inquit
2516 4036 2560 4068 ⁸⁷
2589 4077 2606 4103 ,
2657 4035 3092 4105 expergiscamur
3134 4034 3244 4104 jam
3285 4049 3318 4089 a

1760 4131 2026 4187 somniis:
2072 4129 2268 4186 etenim
2297 4128 2536 4198 jucunda
2571 4127 2854 4198 praesentia
2881 4168 2896 4194 ,
2944 4129 3039 4182 sed
3087 4127 3318 4182 somniis

1759 4222 2112 4277 nihilominus
2155 4220 2386 4274 fallacia.
2435 4217 2604 4274 Nemo
2636 4218 2792 4274 debet
2833 4217 3069 4272 dormire
3144 4218 3316 4272 solem

1760 4325 2024 4365 cernens:
2053 4310 2315 4364 faciamus
2340 4309 2501 4378 igitur
2522 4309 2728 4364 fructus
2751 4307 3080 4379 paenitentiae
3099 4309 3315 4376 dignos,

1761 4400 1904 4454 sicut
1930 4399 2188 4468 scriptum
2215 4409 2298 4454 est
2320 4397 2406 4465 ".;
2427 4397 2492 4450 Et
2521 4398 2663 4452 sicut
2691 4407 2776 4452 est
2802 4399 2856 4451 in
2884 4412 3020 4467 aqua
3051 4396 3319 4467 baptizari

123 4491 324 4561 ὀνείρου
371 4489 765 4560 άπατηλότερα.
798 4487 984 4551 Οὐδεὶς
1010 4487 1209 4556 ὀφείλει
1240 4488 1536 4550 καθεύδειν,
1569 4489 1659 4541 τὸν

1764 4490 1919 4545 facile
1939 4533 1954 4558 ,
1991 4491 2070 4545 sic
2093 4500 2174 4545 est
2200 4489 2360 4546 facile
2385 4489 2620 4543 animam
2647 4489 2926 4560 paenitere.
2964 4487 3083 4544 Non
3127 4488 3320 4543 habuit

121 4581 262 4651 ἥλιον
298 4580 529 4652 βλέπων.
587 4579 906 4651 Ποιήσωμεν
955 4581 1130 4634 τοίνυν
1185 4581 1430 4650 καρποὺς
1481 4579 1662 4646 ἀξίους

119 4673 214 4740 τῆς
263 4671 570 4742 μετανοίας,
602 4669 676 4734 ὡς
711 4670 1044 4741 γέγραπταιο
1097 4670 1190 4724 καὶ⁸
1231 4670 1418 4742 ὥσπερ
1447 4669 1663 4723 εὔκολόν

121 4765 232 4817 ἐστι
279 4761 638 4834 βαπτισθῆναι
691 4763 769 4822 είς
833 4760 998 4832 ὕδωρ,
1055 4760 1224 4824 οὕτως
1285 4759 1502 4813 εὔκολόν
1549 4761 1663 4812 ἐστι

121 4855 180 4908 τὸ
233 4847 558 4926 μετανοῆσαι
603 4853 797 4924 ψυχήν.
835 4854 963 4918 ,Οὐκ
1010 4853 1202 4924 ἐδεήθη
1252 4851 1442 4922 χρόνου
1495 4854 1523 4903 ὁ
1569 4849 1665 4923 λῃ-

126 4947 281 5017 στήςο
307 4947 356 5000 οἱ
395 4946 666 5018 μάρτυρες
697 4945 753 4997 ἐν
783 4943 1054 5015 ἀκαριαιῳ
1096 4941 1570 5014 ἐστεφανώθησαν
1616 4943 1664 4994 εί

123 5035 177 5090 δέ
227 5035 588 5106 άσύγγνωστα
634 5035 729 5090 καὶ
783 5033 918 5104 πρὸς
977 5033 1198 5088 θάνατον
1248 5033 1664 5104 ἡμαρτήκαμεν,

127 5129 328 5198 ἔχοντες
351 5130 420 5182 τὰ
440 5129 677 5199 σωτήρια
708 5127 974 5196 φάρμακα
1003 5125 1078 5198 μὴ
1101 5125 1422 5196 ἀπογνῶμεν
1439 5142 1451 5154 ο
1478 5126 1537 5178 ού
1559 5123 1666 5196 γὰρ

126 5219 184 5272 τὸ
210 5223 389 5273 πεσεῖν
421 5221 537 5272 ἐστι
573 5218 824 5288 χαλεπὸν,
866 5217 1000 5272 ἀλλά
1044 5217 1106 5270 τὸ
1147 5215 1376 5270 πεσόντα
1420 5216 1494 5286 μή
1536 5217 1668 5270 ἀνα-

131 5304 331 5374 στῆναι,
369 5303 656 5360 σατανικδν
697 5306 790 5359 καὶ
819 5304 1090 5375 ὀλέθριονο
1129 5304 1251 5358 ὅθεν
1280 5305 1372 5357 καὶ
1401 5306 1429 5357 ὁ
1470 5302 1668 5371 ἀγαθὸς

128 5395 253 5460 Θεὸς
307 5398 398 5451 καὶ
451 5400 725 5468 Δεσπότης
769 5398 924 5469 ἡμῶν
961 5397 1123 5451 ἐϐόα·
1171 5393 1267 5464 Μὴ
1290 5397 1506 5464 ῥητίνη
1555 5398 1667 5450 οὐκ

130 5489 292 5544 ἔστιν
319 5493 388 5546 ἐν
409 5490 652 5545 Γαλαὰᾶ
670 5531 686 5555 ,
721 5492 758 5559 ἢ
799 5488 993 5557 ἰατρὸς
1018 5491 1128 5543 οὐκ
1158 5489 1328 5542 ἔστιν
1354 5487 1506 5552 casei;
1536 5485 1667 5542 Εῐτα

130 5582 188 5635 τὺ
210 5584 361 5654 σῶμα
387 5586 481 5638 ἐὰν
511 5585 710 5656 πάσχῃ.
750 5583 961 5653 ἰατροὺς
1001 5579 1287 5651 καλοῦμεν,
1319 5581 1412 5634 καὶ
1447 5580 1670 5651 βοτάνας

198 5691 242 5724 ⁸⁸
292 5690 580 5771 lCor._nt.
635 5695 716 5747 13.
794 5694 838 5724 "
876 5691 1040 5748 Eccli.
1077 5707 1261 5756 xxxiv,
1301 5691 1391 5748 28.
1467 5692 1512 5725 “
1546 5691 1659 5756 Tlm

1782 5719 1843 5771 ιι,
1879 5703 1965 5758 18.
2040 5704 2084 5736 ⁸⁷
2121 5705 2274 5760 Bom.
2312 5720 2429 5768 xm,
2466 5706 2550 5759 t2.
2627 5705 2672 5737 ⁸⁸
2703 5703 2832 5758 Luc.
2875 5719 2953 5764 ιιι,
3022 5701 3074 5757 8.

138 5776 265 5816 rem.
316 5779 434 5827 VIII,
462 5764 553 5818 ἢ.

1756 4599 1892 4654 opus
1927 4591 2162 4652 tempore
2189 4581 2362 4636 latro:
2397 4589 2658 4652 martyres
2693 4582 2748 4636 in
2778 4590 3048 4635 momento
3074 4580 3316 4635 coronati

1757 4684 1901 4730 sunt.
1932 4671 1987 4728 Si
2018 4688 2148 4728 vero
2179 4674 2329 4727 venia
2357 4671 2597 4741 indigna,
2625 4684 2680 4726 et
2724 4672 2787 4725 ad
2815 4678 3041 4726 mortem
3072 4671 3318 4741 peccari-

1763 4783 1927 4831 mus,
1988 4765 2252 4818 salutares
2296 4763 2594 4817 medicinas
2634 4763 2890 4816 habentes
2941 4777 3008 4815 ne
3062 4762 3316 4830 despere-

1761 4875 1914 4922 mus;
1939 4872 2041 4912 uou
2070 4857 2212 4912 enim
2237 4856 2497 4912 cecidisse
2519 4869 2679 4924 grave
2705 4861 2807 4919 est,
2837 4854 2931 4909 sed
2956 4863 3077 4922 post
3107 4853 3316 4924 lapsum

1765 4965 1873 5005 non
1916 4947 2311 5012 resurrexisse,
2352 4947 2653 5002 satanicum
2695 4953 2751 5000 et
2815 4944 3176 5017 perniciosum
3211 4954 3317 5000 est.

1767 5039 1919 5096 Unde
1945 5049 1999 5095 et
2019 5025 2197 5094 bonus
2226 5041 2366 5095 Deus
2391 5083 2407 5107 ,
2431 5049 2485 5094 et
2513 5038 2772 5094 Dominus
2801 5045 2983 5092 noster
3009 5037 3276 5092 clamabat
3304 5081 3313 5096 .

1770 5130 2021 5201 Nunquid
2049 5134 2222 5186 resina
2254 5148 2357 5186 non
2381 5141 2457 5185 est
2483 5131 2538 5184 in
2567 5128 2771 5184 Galaad
2787 5169 2803 5193 ,
2851 5128 2928 5182 vel
2953 5127 3180 5181 medicus
3215 5143 3321 5181 non

1767 5235 1842 5280 est
1869 5224 1978 5278 illic
2004 5224 2090 5278 “‘i
2127 5224 2314 5280 Postea
2349 5224 2395 5279 si
2425 5238 2624 5293 corpus
2662 5222 2918 5292 patiatur,
2957 5218 3194 5274 medicos
3218 5232 3320 5272 vo-

1771 5331 1990 5382 camus,
2019 5324 2072 5371 et
2105 5316 2298 5370 herbas
2325 5314 2674 5385 inquirimus,
2707 5312 2891 5368 omnia
2917 5324 3225 5374 movemus,
3259 5319 3320 5365 ut

1772 5409 1954 5464 lmsum
1989 5407 2288 5462 membrum
2313 5419 2566 5462 curemus
2593 5421 2609 5458 :
2639 5403 2876 5458 animam
2903 5415 3028 5457 vero
3061 5399 3206 5455 vitiis
3237 5398 3320 5453 la-

1772 5497 2052 5554 borantcm
2083 5498 2418 5569 negligimus,
2437 5505 2492 5553 et
2515 5495 2720 5550 "nullam
2745 5495 2918 5564 magis
2943 5491 3172 5563 propria:
3196 5505 3320 5560 par-

1773 5593 1842 5647 tis
1871 5591 2128 5646 rationem
2171 5591 2446 5646 habemus.
2476 5588 2786 5644 Timeamus
2814 5601 2936 5642 eum
2958 5627 2972 5650 ,
3020 5584 3112 5654 qui
3145 5592 3320 5653 potest

3157 5698 3202 5728 "
3223 5693 3319 5749 Je-
