4112 6416
143 382 272 447 1957

1275 380 1529 440 SERMO
1551 380 1647 440 DE
1692 381 2194 443 ΡΟΞΝΙΤΕΝΤΙΛ.

3207 377 3348 444 1968

136 495 296 552 αὑτοῦ
326 494 644 567 θεασάμενοι
688 494 786 568 τὴν
829 496 985 550 σκιὰν
1023 496 1226 567 ἔλεγον,
1270 500 1472 555 Καολόν
1516 500 1687 554 ἐστιν

1796 501 1976 569 spicati
2002 501 2252 556 dicebant
2299 518 2311 554 :
2348 497 2552 552 Bonum
2607 508 2686 553 est
2739 513 2831 552 nos
2863 497 2949 551 hic
2997 496 3194 563 esse",
3220 497 3353 568 quid

136 588 288 659 ἡμᾶς
318 584 435 641 ὦδε
463 585 639 651 εἶναι,
670 589 725 640 τί
769 588 838 642 ἂν
876 590 1117 660 εἴπωμεν
1159 592 1318 661 ἡμεῖς
1361 593 1411 645 oi
1464 592 1689 663 προσδο-

136 680 332 742 κῶντες
360 678 520 732 αὐτὸν
553 679 847 732 θεάσασθαι
880 680 939 731 ἐν
971 682 1036 752 τῇ
1068 680 1275 753 φοσερᾷ
1302 681 1462 754 δόξῃς
1496 683 1557 734 El
1588 675 1690 735 ὦδε

130 771 253 833 τοὺς
302 769 656 840 παρεστῶτας
699 770 780 840 τῷ
821 770 1035 841 βασιλεῖ
1078 773 1473 846 μακαρίζομεν,
1507 776 1691 847 ὄχημα

132 862 364 932 χρυσοῦν
390 862 645 932 ὁρῶντες,
677 863 771 916 καὶ
801 863 1111 935 ἁλουργίδα,
1157 867 1249 919 καὶ
1278 868 1556 935 στέφανον,
1590 884 1691 920 πο-

124 950 329 1012 ταποὺς
356 949 437 1002 δεῖ
464 951 611 1021 ἡμᾶς
636 947 774 1005 εἶναι
802 954 926 1016 τοὺς
955 956 1388 1025 παρισταμένους
1408 955 1485 1025 τῷ
1518 957 1690 1028 ἔχοντι

126 1043 306 1111 κρῖναι
351 1040 481 1110 ὅλην
518 1040 617 1111 τὴν
659 1044 1016 1113 οὶκουμὲνην;
1059 1038 1204 1114 Ἀρα
1239 1045 1345 1115 γὰρ
1388 1046 1443 1098 εἰ
1476 1062 1557 1109 τις
1599 1036 1693 1098 ἐπὶ

124 1132 405 1202 βασιλείαν
434 1148 495 1185 σε
525 1132 707 1187 ἐκάλει
746 1134 1005 1203 ἐπίγειον,
1041 1137 1134 1187 καὶ
1165 1130 1311 1206 εἶχεν
1337 1139 1370 1207 ἡ
1406 1135 1523 1199 ὁδὸς
1551 1153 1687 1207 κρη-

125 1225 313 1294 μνοὺς,
356 1225 454 1278 καὶ
493 1225 808 1290 σκοπέλους,
859 1226 955 1279 καὶ
997 1227 1193 1297 ἀηδίαν
1237 1227 1454 1299 πολλὴν,
1495 1229 1593 1281 οὐκ
1624 1228 1691 1281 ἂν

121 1314 302 1367 πάντα
356 1314 598 1386 ὑπέστης
634 1314 819 1369 ἕνεκεν
858 1314 951 1369 τοῦ
986 1315 1324 1386 βασιλεύειν;
1366 1319 1457 1387 Μὴ
1500 1320 1689 1390 εἴπῃςο

135 1402 250 1471 Ἐφ’
293 1397 381 1466 οἷς
438 1403 759 1474 ⁴ἡμάρτηκα,
808 1406 870 1457 ού
910 1404 1144 1478 δύναμαι
1185 1406 1507 1478 ἐπιστρέψαι
1556 1409 1693 1478 πρὸς

116 1495 273 1551 Θεόν.
327 1496 443 1549 Καὶ
477 1499 507 1551 6
543 1496 707 1551 Aa6'l6
744 1500 773 1552 6
818 1498 1071 1568 βασιλεὺς
1112 1500 1331 1567 ἔπεσεν,
1378 1501 1491 1555 ἀλλ’
1519 1500 1693 1566 οὕτως

119 1586 347 1655 ἀνέστη,
377 1587 457 1651 ὼς
483 1588 576 1641 καὶ
600 1591 910 1662 προστάτην
938 1592 1099 1646 αὑτὸν
1122 1591 1374 1660 γενέσθαι
1419 1592 1528 1646 τῶν
1558 1610 1695 1663 προ·-

118 1677 295 1745 γόνων
335 1676 527 1734 αὑτοῦ.
574 1678 637 1733 ΕΞ
669 1680 849 1733 τοίνυν
877 1682 1156 1735 ἐσκέλισεν
1183 1675 1333 1753 ἡμᾶς
1369 1685 1398 1736 6
1423 1683 1689 1747 διάόολος,

1789 606 1893 645 nos
1927 591 2171 647 dicemus
2202 592 2378 662 ipsum
2414 591 2469 644 in
2500 589 2781 644 tremenda
2816 589 2983 659 gloria
3028 586 3223 642 intueri
3255 602 3355 642 ex-

1789 682 2125 752 spectantes?
2156 679 2215 736 Si
2247 682 2333 737 hic
2354 682 2468 751 regi
2501 683 2822 736 assistentes
2852 679 3040 734 beatos
3064 692 3352 735 censemus

1789 772 2096 826 vehiculum
2122 781 2406 827 cernentes
2427 786 2674 837 aureum,
2703 779 2757 826 et
2784 785 3101 841 purpuram,
3125 779 3181 825 et
3198 783 3355 825 coro-

1791 878 1938 924 nam,
1969 862 2156 930 quales
2186 876 2284 915 nos
2310 877 2432 917 esse
2457 862 2614 916 decet
2647 870 2817 917 totum
2859 861 3120 916 mundum
3147 861 3373 931 iudica»

1792 962 1913 1006 turo
1953 952 2323 1007 assistentes?
2368 951 2556 1007 Nonne
2607 952 2654 1007 si
2686 952 2811 1018 quis
2861 960 3135 1006 terrenum
3183 958 3238 1005 te
3288 949 3357 1005 sd

1792 1060 2016 1113 regnum
2054 1053 2288 1106 vocaret,
2317 1054 2371 1097 et
2397 1043 2714 1113 praecipitia,
2751 1053 2806 1097 et
2836 1043 3113 1111 scopulos,
3147 1049 3203 1095 et
3236 1056 3357 1095 mo-

1791 1132 1960 1189 lestia:
1994 1134 2078 1188 via
2131 1134 2361 1188 multum
2407 1134 2679 1200 habente,
2721 1133 2902 1187 omnia
2943 1133 3160 1187 subires
3191 1145 3360 1186 causa

1791 1227 2047 1295 regnandi
2075 1227 2099 1280 ?
2149 1224 2226 1280 Ne
2255 1225 2406 1280 dicas
2438 1242 2451 1279 :
2502 1225 2583 1281 Ob
2611 1232 2831 1296 peccata
2859 1264 2874 1289 ,
2912 1239 3032 1295 quae
3065 1222 3360 1286 commisi,

1792 1319 1858 1372 ad
1897 1308 2186 1372 Dominum
2226 1317 2471 1371 converti
2509 1332 2612 1373 non
2652 1332 2899 1387 possum.
2947 1314 3014 1370 Et
3052 1314 3221 1370 David
3263 1328 3363 1369 rex

1789 1410 2005 1473 cecidit,
2038 1412 2131 1463 sed
2161 1409 2232 1463 ita
2268 1410 2525 1471 surrexit,
2559 1419 2618 1463 ut
2638 1417 2979 1478 posterorum
3007 1421 3229 1461 suorum
3260 1419 3361 1476 pa-

1796 1510 1988 1556 tronus
2014 1502 2188 1555 lieret.
2234 1500 2620 1571 Supplanlavit
2662 1516 2761 1555 uos
2790 1499 3041 1553 diabolus
3063 1540 3078 1564 ,
3114 1498 3207 1553 sed
3233 1513 3363 1553 nos-

1792 1604 1901 1649 met
1918 1595 2323 1650 resuscitemus.
2350 1593 2586 1663 Suscipit
2606 1592 2749 1648 enim
2773 1608 2871 1648 nos
2891 1591 3144 1648 Christus
3163 1605 3360 1646 occur-

1791 1702 1917 1741 rens
1960 1687 2103 1741 sicut
2140 1687 2309 1740 lilium
2361 1696 2533 1756 pater.
2568 1684 2879 1755 Cogitemus
2923 1685 3068 1755 quod
3109 1692 3231 1754 post
3277 1698 3366 1738 re-

118 1768 259 1822 ἁλλὰ
300 1770 756 1842 διαναστήσωμεν
796 1771 1065 1843 ἐαυτούς.,
1088 1774 1313 1846 Δέχεται
1349 1775 1459 1848 γὰρ
1488 1777 1634 1847 ἡμᾶς
1663 1777 1693 1829 6

1796 1794 1955 1848 gnum
1969 1787 2023 1833 et
2055 1778 2277 1833 delicias
2308 1787 2362 1832 et
2386 1779 2566 1832 omnia
2594 1786 2811 1847 peracta
2839 1776 3092 1831 Salomon
3116 1776 3364 1833 dicebat:

114 1861 359 1930 Χριστὸς
393 1837 735 1934 ὑπαντήσας,
762 1867 836 1929 ὡς
880 1865 972 1920 τὸν
1017 1837 1130 1921 υίδν
1242 1837 1441 1941 πατηρ.
1487 1837 1695 1941 ’ἐννοή-

1806 1871 2024 1925 Vanitas
2049 1872 2364 1933 sanitatum,
2388 1879 2439 1923 et
2471 1872 2651 1923 omnia
2678 1871 2883 1924 vanitas
2908 1869 2974 1923 ⁸³.
3005 1867 3173 1940 [gitur
3197 1868 3241 1923 si
3266 1883 3365 1925 nos

118 1970 307 2023 σωμεν
356 1955 443 2008 ὅτι
490 1955 627 2025 μετὰ
665 1956 726 2010 τὸ
758 1956 1088 2027 βασιλεῦσαι,
1132 1962 1226 2015 καὶ
1268 1963 1566 2033 τρυφῆσαι,
1605 1963 1698 2015 καὶ

118 2047 305 2123 πάντα
331 2049 563 2121 ποιῆσαι
605 2049 791 2119 ἔλεγεν
833 2053 862 2104 6
906 2046 1188 2123 Σολομῶνέ
1232 2057 1562 2123 Ματαιότης
1586 2074 1698 2126 μα-

116 2136 478 2206 ταιοτήτων,
527 2139 599 2193 τὰ
624 2139 821 2195 πάντα
852 2143 1191 2210 ματαιότης.
1229 2144 1369 2214 Ἀρα
1398 2148 1446 2198 εί
1476 2146 1699 2217 ἔμελλον

118 2230 269 2300 ἡμᾶς
310 2229 584 2301 εὐφημεῖν
622 2232 672 2284 οἱ
710 2233 789 2295 εἰς
835 2234 896 2285 τὸ
938 2232 1163 2305 θέατρον
1206 2235 1554 2308 καθεζόμενοι
1586 2240 1697 2293 ἐσθ’

114 2321 208 2373 ὅτε
237 2321 338 2373 καὶ
365 2320 546 2374 δοῦλοι
585 2322 683 2375 κα)⁸
724 2322 1025 2379 λωποδύται
1067 2326 1161 2380 καὶ
1192 2327 1560 2382 εύτελέστατοι
1602 2330 1699 2383 άν-

120 2406 360 2476 θρωποι,
416 2411 517 2463 οὐκ
566 2410 631 2464 ἂν
678 2411 855 2466 πάντα
897 2414 1097 2483 τρόπον
1134 2417 1565 2488 ἐσπουδάσαμεν,
1612 2419 1700 2472 ἵνα

118 2489 221 2573 τῆν
253 2502 540 2574 εὐφημίαν
581 2505 954 2576 άρπάσωμεν;
1007 2508 1181 2561 Ὅπου
1222 2509 1315 2563 καὶ
1345 2509 1561 2579 ἄγγελοι
1604 2512 1702 2564 καὶ

117 2594 498 2665 ἀρχάγγελοι,
553 2594 648 2649 καὶ
693 2596 752 2649 αἱ
789 2597 971 2650 λοιπαὶ
1030 2598 1287 2670 δυνάμεις
1336 2601 1431 2654 καὶ
1480 2602 1701 2656 ἐκείνων

119 2686 349 2740 πάντων
394 2686 459 2739 τὸ
492 2685 719 2757 θέατρον
763 2688 947 2758 μέλλει
997 2690 1145 2760 ἡμᾶς
1196 2692 1610 2763 ἀνακηρύττειν,
1646 2694 1701 2747 τί

117 2780 188 2832 ἂν
231 2782 405 2850 ἡμεῖς
452 2780 594 2851 ὑπὲρ
641 2780 851 2834 ἐκείνου
902 2783 1232 2852 ποιήσομενς
1274 2785 1362 2855 Μὴ
1405 2787 1460 2838 ai
1507 2786 1701 2857 πόρναι

116 2875 220 2927 καὶ
261 2875 314 2926 οἱ
359 2872 595 2928 τελῶναι
630 2873 955 2945 προάξουσιν
981 2877 1126 2946 ἡμᾶς
1150 2878 1231 2941 είς
1259 2879 1359 2948 τὴν
1389 2877 1699 2948 βασιλείαν;

120 2963 465 3036 Κατάλληλα
496 2963 819 3035 βοηθήματά
844 2966 981 3019 εἰσιν
1001 2968 1059 3018 ἐν
1088 2969 1206 3031 ταῖς
1234 2967 1404 3032 θείαις
1430 2970 1469 3021 Γ
1472 2973 1700 3040 ραφαῖς·

134 3054 347 3123 Ἀχαὰὸ
380 3056 705 3123 κατανυγεὶς
734 3055 988 3125 ἐκέρδανε
1017 3058 1103 3112 διὰ
1128 3059 1315 3113 τούτου
1352 3062 1444 3115 τοῦ
1487 3064 1704 3134 φαρμά-

1797 1962 2017 2018 laudare
2045 1963 2300 2018 deberent
2344 1964 2398 2016 in
2430 1962 2642 2018 theatro
2673 1962 2922 2017 sedentes
2952 1960 3278 2032 quandoque
3305 1968 3360 2016 et

1798 2058 1974 2122 servi,
2008 2056 2093 2111 vel
2134 2056 2415 2126 praedones
2439 2095 2456 2120 ,
2496 2056 2581 2110 vel
2611 2067 2949 2127 grassatores
2978 2094 2994 2120 ,
3027 2063 3081 2108 et
3118 2053 3368 2109 homines

1797 2149 2047 2204 vilissimi
2079 2187 2094 2212 ,
2143 2164 2250 2203 non
2287 2148 2435 2202 omni
2475 2149 2634 2203 modo
2668 2132 3010 2202 studeremus
3052 2157 3109 2202 ut
3155 2146 3368 2200 laudem

1797 2241 2209 2312 arriperemus?
2237 2238 2339 2295 Ubi
2374 2256 2499 2295 vero
2524 2240 2697 2307 angeli
2729 2253 2782 2294 et
2812 2239 3143 2310 archangeli,
3172 2247 3227 2293 et
3242 2239 3371 2294 reli-

1797 2351 1919 2406 qua:
1949 2343 2245 2404 potestates
2268 2374 2283 2399 ,
2321 2341 2376 2388 et
2420 2333 2638 2387 illorum
2677 2332 2921 2387 omnium
2960 2333 3231 2387 theatrum
3266 2346 3369 2387 nos

1799 2428 2099 2498 praedicare
2127 2426 2284 2480 debet
2304 2463 2320 2486 ,
2347 2425 2476 2495 quid
2508 2439 2606 2477 nos
2636 2439 2732 2493 pro
2764 2424 2855 2478 illo
2884 2423 3190 2479 faciemus?
3220 2422 3374 2479 Nun-

1798 2519 1925 2588 quid
1952 2517 2263 2572 meretrices
2293 2527 2346 2570 et
2370 2515 2647 2585 publicani
2676 2530 2777 2569 nos
2820 2515 2873 2569 in
2909 2530 3132 2585 regnum
3166 2530 3371 2584 praece-

1805 2611 1937 2664 dent
1960 2610 2025 2663 “.
2055 2607 2441 2662 Convenientia
2472 2615 2598 2660 sunt
2636 2606 2689 2659 in
2724 2606 2925 2661 divinis
2968 2606 3165 2660 auxilia
3211 2604 3369 2660 Scri-

1800 2704 1976 2774 pturis
2002 2718 2018 2768 ;
2056 2699 2237 2757 Evasit
2270 2716 2363 2771 per
2396 2700 2537 2755 hanc
2568 2699 2888 2754 medicinam
2912 2701 3087 2753 minas
3115 2713 3348 2768 compun

1801 2807 1923 2851 ctus
1961 2795 2147 2850 Achab
2178 2794 2245 2859 ⁸⁸,
2296 2792 2546 2846 Ninivitze
2578 2807 2673 2860 per
2701 2791 2969 2861 jejunium
3001 2790 3069 2843 ⁸⁸.
3124 2789 3369 2844 Baltasar

1801 2888 2342 2957 pereleemosynam
2385 2884 2709 2940 sententiam
2764 2882 3054 2952 ell‘ugit",
3108 2881 3369 2935 meretrix

1806 2978 2092 3033 Dominum
2146 2976 2399 3047 lacrymis
2444 2972 2755 3029 conciliavit
2798 2972 2889 3026 “z
2935 2972 3137 3025 Paulus
3173 2986 3372 3040 pecca-

1805 3078 1918 3124 tum
1965 3068 2266 3133 cohliteus,
2322 3066 2700 3137 paenitendum
2757 3065 2816 3119 lit
2871 3064 3062 3119 doctor
3098 3063 3186 3115 "z
3232 3063 3372 3117 latro

121 3163 224 3198 κου
271 3146 382 3217 τὴν
433 3147 698 3218 ἀπειλήν·
746 3153 794 3203 οἱ
842 3150 1121 3205 Νινευῑται
1155 3150 1241 3205 διὰ
1285 3153 1384 3224 τῆς
1416 3156 1695 3223 νηστείας·

1805 3158 2051 3223 credens,
2088 3157 2323 3228 paradisi
2361 3156 2501 3211 civis
2535 3156 2711 3209 l‘actus
2738 3163 2824 3207 est
2850 3153 2918 3206 ’⁸.
2960 3151 3085 3207 Haec
3134 3152 3374 3206 medica-

118 3238 429 3311 Βαλτάσαρ
469 3241 539 3295 δι’
567 3241 933 3314 ἐλεημοσύνης
975 3245 1206 3315 ἐξέφυγε
1251 3246 1351 3317 τὴν
1392 3248 1691 3316 ἀπόφασιν·

120 3331 155 3398 ἡ
198 3331 386 3404 πόρνη
418 3334 534 3396 τοῖς
572 3333 802 3405 δάκρυσι
841 3335 936 3388 τὸν
972 3338 1247 3409 Δεσπότην
1286 3338 1694 3409 ἐξευμενίσατο.

117 3423 345 3486 Παῦλος
387 3425 667 3495 ὁμολογῶν
690 3426 786 3498 τὴν
819 3428 1087 3498 ἁμαρτίαν
1116 3429 1432 3493 διδάσκαλος
1466 3430 1575 3484 τῶν
1601 3450 1699 3502 με-

117 3515 473 3569 τανοούντων
503 3515 718 3584 ἐγένετο
735 3533 750 3547 ο
774 3518 803 3570 6
823 3517 1023 3592 λῃστὴς
1052 3520 1343 3584 πιστεύσας
1372 3524 1698 3595 παραδείσου

120 3608 360 3680 πολίτης
395 3608 613 3677 ἐγένετο
630 3627 645 3641 ·
674 3609 876 3675 ταύτας
905 3611 1002 3676 τὰς
1040 3613 1420 3685 ἐμπλάστρους
1448 3616 1701 3681 λαύόντες

1803 3253 1951 3307 mina
1986 3251 2296 3320 capientes,
2336 3248 2562 3302 vulnera
2600 3255 2784 3301 nostra
2811 3259 3066 3300 curemus
3092 3244 3375 3299 dicentes:

1805 3344 1955 3400 Sana
1979 3358 2077 3408 me,
2113 3341 2357 3407 Domine,
2381 3350 2431 3394 et
2457 3338 2686 3393 sanabor
2714 3339 2795 3403 ";
2841 3347 2917 3402 et,
2967 3334 3115 3390 Sana
3142 3335 3378 3389 animans

1803 3452 1993 3499 meant,
2024 3436 2147 3504 quia
2172 3434 2379 3503 peccavi
2408 3432 2503 3485 tibi
2529 3431 2595 3485 ”.
2627 3430 2945 3499 Suscipiens
2966 3429 3108 3482 enim
3136 3442 3235 3483 nos
3262 3426 3377 3482 lle-

1803 3530 1958 3584 dicus
1990 3528 2171 3582 dicet:
2215 3525 2323 3596 Ego
2370 3540 2510 3590 sum,
2554 3524 2642 3593 qui
2685 3523 2831 3577 deleo
2868 3529 3085 3591 peccata
3119 3530 3211 3574 tua
3237 3561 3252 3587 ,
3283 3536 3377 3575 nec

1810 3622 2039 3690 amplius
2064 3619 2377 3673 recordabar
2395 3618 2463 3670 ”.

118 3702 193 3755 τά
261 3700 564 3773 τραύματα
614 3702 821 3757 ἑαυτῶν
872 3702 1296 3777 θεραπεύσωμεν
1356 3706 1631 3777 λέγοντες·
1700 3711 1900 3769 "lauat
1936 3726 2043 3777 με,
2098 3707 2305 3773 Κύριε,
2359 3704 2457 3758 καὶ
2485 3701 2841 3772 ὶαθήσομαιο
2876 3705 2991 3767 καὶ,
3032 3701 3231 3758 Ἰασαί
3260 3717 3382 3771 μου

119 3797 244 3865 τὴν
276 3795 521 3866 ψυχὴν,
560 3796 651 3851 ὅτι
682 3797 946 3868 ἦμαρτόν
977 3816 1098 3854 σοι.
1142 3802 1564 3874 Ἀποδεξάμενος
1599 3807 1702 3880 γὰρ
1732 3809 1876 3879 ἡμᾶς
1905 3807 1933 3858 6
1970 3802 2167 3873 Ἰατρὸς
2232 3798 2405 3865 λέξει·
2465 3800 2604 3869 Ἐγώ
2646 3802 2763 3868 εἰμι
2819 3802 2854 3854 ό
2894 3799 3227 3867 ἐξαλείφων
3276 3798 3382 3856 τὰς

119 3889 433 3960 ἁμαρτίας
492 3905 608 3944 σου
629 3931 646 3958 ,
714 3890 810 3944 καὶ
865 3893 937 3945 οὐ
978 3891 1065 3961 μὴ
1125 3896 1547 3965 μνησθήσομαι
1580 3897 1687 3953 ἔτι.

199 3985 349 4046 Ἴδες
402 3982 544 4035 πόσα
574 4000 654 4037 σοι
696 3984 963 4055 φάρμακα
1008 3986 1402 4041 κατεσκεύασεν
1431 3989 1460 4040 6
1493 3991 1695 4061 ἱατρός;

1878 3987 2038 4041 Vides
2064 3996 2196 4055 quot
2228 3985 2324 4039 tibi
2360 3983 2658 4039 medicinas
2696 3983 2939 4038 medicus
2978 3983 3225 4052 paravit?
3262 3984 3381 4053 Ipse

120 4076 307 4139 Αὐτὸς
342 4074 589 4141 ἐπίλεξαι
627 4075 655 4128 ὃ
680 4075 853 4139 θέλεις
894 4092 908 4108 ο
940 4076 1210 4132 ποικιλίαν
1238 4096 1319 4133 σοι
1346 4078 1695 4152 βοηθημάτων

1803 4080 1937 4149 elige
1969 4092 2130 4148 quam
2164 4077 2247 4131 vis
2284 4094 2299 4130 :
2351 4076 2676 4130 auxiliorum
2724 4076 2822 4129 tibi
2864 4074 3179 4128 varietatem
3217 4073 3374 4144 juxta

125 4168 392 4232 ὑπέδειξε
429 4167 565 4238 πρὸς
587 4167 684 4239 τὴν
712 4167 820 4221 τῶν
852 4170 1180 4240 τραυμάτων
1210 4172 1492 4243 διαφοράν.
1532 4172 1593 4226 Ei
1631 4172 1695 4245 μὴ

1804 4171 2085 4226 vulnerum
2115 4167 2468 4224 diﬁerentiam
2499 4168 2911 4221 demonstravit.
2967 4165 3024 4219 Si
3074 4160 3179 4220 non
3222 4176 3378 4236 potes

122 4261 371 4315 δύνασαι
405 4259 642 4330 ἐλεῆσαι,
680 4259 757 4324 ὡς
798 4263 825 4314 6
856 4261 1163 4332 Βαλτάσαρ,
1193 4262 1268 4325 ὡς
1303 4265 1333 4317 6
1369 4264 1573 4335 Ἀχαὰδ
1606 4282 1695 4319 κα-

1806 4262 2178 4332 eleemosyuas
2226 4258 2407 4314 facere
2432 4299 2446 4323 ,
2503 4266 2564 4312 ut
2608 4257 2873 4321 Baltasar,
2912 4266 2969 4312 ut
3012 4258 3197 4313 Achab
3232 4273 3384 4314 com-

124 4349 434 4419 τανύγηθι.
469 4349 531 4402 Ei
563 4349 636 4419 μὴ
660 4347 883 4402 δύνασαι
913 4350 1204 4419 νηστεῦσαι
1236 4350 1311 4414 ὡς
1335 4350 1387 4404 oi
1406 4352 1695 4418 Νινευῗται,

1806 4368 2043 4423 pungere
2072 4370 2085 4404 :
2122 4366 2168 4404 su
2200 4365 2305 4405 non
2336 4358 2488 4418 potes
2510 4349 2760 4418 jejunare
2789 4349 2943 4403 sicut
2974 4347 3245 4414 Ninivitar,
3276 4349 3386 4405 sal-

121 4441 234 4494 κᾶν
261 4442 347 4504 ὡς
390 4441 425 4509 ὴ
458 4438 628 4510 πόρνη
669 4439 896 4510 δάκρυσι
939 4441 1039 4504 τὰς
1067 4442 1339 4514 ἁμαρτίας
1384 4443 1695 4497 ἀπόπλυνον.

1809 4453 1916 4498 tem
1946 4452 2005 4496 ut
2034 4443 2287 4496 meretrix
2311 4449 2530 4509 peccata
2560 4440 2815 4511 lacrymis
2839 4441 2997 4495 ablue
3022 4458 3036 4494 :
3068 4440 3114 4495 si
3134 4440 3385 4510 jejuuare

124 4529 193 4580 Ei
227 4526 312 4597 μὴ
352 4525 575 4580 δύνασαι
602 4525 913 4597 νηστεῦσαι,
951 4529 1086 4599 μηδέ
1112 4529 1467 4602 ἐξαγορεῦσαί
1497 4550 1591 4587 σου
1616 4534 1695 4597 τὰς

1812 4551 1919 4588 ιιοιι
1946 4546 2116 4603 potes,
2150 4547 2249 4587 uec
2285 4540 2506 4600 peccata
2538 4538 2633 4585 tua
2678 4532 2963 4597 redimere,
2998 4530 3084 4586 eia
3117 4532 3186 4586 ad
3217 4532 3383 4587 mise-

123 4617 448 4688 ἁμαρτίας,
495 4618 586 4670 ἐπὶ
630 4618 690 4671 τὸ
728 4618 873 4683 ἔλεος
915 4620 1008 4673 τοῦ
1050 4621 1184 4675 Θεοῦ
1223 4623 1504 4694 κατάφυγε
1540 4624 1695 4694 λέγωι

1813 4627 2103 4681 ricordiam
2154 4624 2247 4679 Dei
2288 4621 2521 4693 confuge
2551 4637 2677 4678 cum
2718 4622 2922 4677 Davide
2948 4624 3180 4679 dicens:
3222 4622 3384 4679 Hisc-

129 4710 284 4782 μετὰ
321 4709 493 4764 Δαδίδ
528 4726 542 4739 ’
584 4709 875 4777 Ἐλέησόν
903 4729 998 4780 με,
1036 4716 1069 4766 ό
1104 4712 1266 4779 Θεὸς,
1297 4714 1446 4769 κατὰ
1478 4714 1546 4769 τὸ
1565 4716 1695 4785 μέγι

1820 4732 1932 4770 rere
1959 4717 2079 4778 mei,
2136 4714 2296 4774 Deus,
2340 4712 2626 4766 secundum
2678 4728 2924 4783 magnam
2972 4712 3386 4767 misericordiam

123 4803 323 4867 ἔλεός
362 4816 501 4854 σου.
534 4800 609 4853 Οὐ
650 4800 759 4870 γάρ
797 4803 911 4854 ἐστι
944 4803 1127 4873 δῆγμα
1172 4804 1382 4876 ἐχίδνης
1405 4843 1419 4867 ,
1458 4804 1544 4858 ἵνα
1584 4805 1695 4875 πρὸ

1819 4817 1965 4861 ιιιαιιι
1999 4807 2063 4858 ⁸³.
2110 4805 2223 4859 Νοη
2248 4812 2332 4859 est
2381 4804 2524 4859 enim
2567 4803 2764 4874 viperae
2840 4818 3057 4858 morsus
3115 4812 3174 4858 ut
3218 4818 3386 4873 super

126 4894 277 4947 αὐτὸ
309 4891 493 4946 ἐπιθῶ
518 4892 580 4946 τὸ
608 4893 919 4962 φάρμακον,
946 4894 1065 4947 οὐδὲ
1110 4896 1296 4959 σπῖλος
1320 4896 1427 4949 άπὸ
1458 4897 1695 4968 βορϐόροι

1819 4899 1998 4969 ipsum
2032 4897 2351 4952 medicinam
2387 4897 2662 4965 imponam
2691 4934 2707 4960 ,
2757 4909 2859 4950 nec
2900 4895 3115 4949 macula
3152 4911 3219 4952 ex
3265 4895 3384 4951 luto

123 4988 469 5056 γενόμενος,
513 4985 601 5040 ἵνα
648 4984 799 5040 ὕδατι
848 4986 1009 5039 αὑτὸν
1046 4988 1342 5043 ἀποπλύνω
1382 5004 1396 5019 ·
1435 4990 1569 5044 ἀλλὰ
1614 4993 1695 5044 ἀπ

1819 4988 1983 5054 facta,
2011 4998 2071 5042 ut
2103 4989 2271 5058 ipsam
2306 5002 2446 5056 aqua
2473 4986 2713 5050 abluam,
2745 4985 2837 5040 sed
2865 5000 2933 5040 ex
2966 4984 3164 5040 diaboli
3200 4999 3386 5042 morsu

125 5078 437 5148 δήγματος
479 5075 574 5128 τοῦ
610 5076 854 5131 διαϐόλου
901 5078 1016 5130 ἐστί
1047 5079 1107 5132 τὸ
1127 5080 1368 5151 τραῦμα,
1401 5081 1495 5135 τοῦ
1539 5082 1695 5136 ἐλέου.

1823 5081 2021 5135 vulnus
2043 5095 2206 5149 egens
2239 5077 2541 5134 clementia:
2569 5087 2674 5132 tum
2712 5077 3109 5132 misericordia.
3149 5075 3387 5132 Tantum

124 5172 236 5239 τῆς
296 5165 407 5236 σῆς
446 5166 853 5236 φιλανθρωπίας
899 5167 1171 5239 δεόμενον.
1218 5171 1398 5225 Μόνον
1446 5172 1695 5243 πρόσελθε

1816 5171 2011 5226 accede
2043 5178 2229 5239 petens
2254 5211 2269 5236 ,
2311 5178 2363 5223 et
2400 5170 2580 5224 oleum
2616 5169 2903 5223 instillabit
2946 5168 3212 5240 benignus
3234 5209 3250 5236 ,
3276 5167 3387 5247 _qui

127 5259 348 5320 αἰτῶν.
384 5258 479 5311 καὶ
509 5259 786 5324 ἐπιστάξει
810 5260 869 5314 τδ
900 5261 1075 5315 ἔλαιον
1120 5265 1148 5316 6
1175 5261 1551 5334 φιλάνθρωπος
1575 5265 1605 5317 6
1638 5268 1695 5319 είς

1819 5261 1957 5315 dixit
1989 5278 2002 5315 :
2046 5258 2107 5313 Si
2133 5268 2466 5313 convertatur
2495 5259 2689 5327 impius
2731 5276 2765 5313 a
2800 5260 2886 5314 via
2922 5274 3021 5312 sua
3064 5258 3245 5322 mala,
3282 5272 3388 5311 non

120 5352 289 5417 ςτὼν,
342 5352 426 5406 ὅτι
479 5351 621 5406 Ἐὰν
654 5352 983 5424 ἐπιστρέψῃ
1028 5359 1061 5410 ό
1100 5356 1408 5423 ἅνθρωπος
1444 5354 1563 5408 ἀπὸ
1609 5353 1695 5424 nit

1820 5352 2133 5407 recordabar
2159 5352 2498 5420 iniquitatum
2521 5351 2667 5420 ejus,
2697 5366 2827 5421 quas
2856 5351 3113 5405 commisit
3144 5350 3209 5404 ".
3242 5347 3387 5403 Tan-

130 5444 302 5502 ὀδοῦ
363 5445 547 5500 αὐτοῦ
580 5444 691 5514 τῆς
738 5445 1025 5513 πονηρᾶς,
1063 5448 1134 5501 οὐ
1176 5446 1263 5517 μὴ
1295 5444 1695 5516 μνησθήσομα

1824 5457 1937 5504 tum
1967 5446 2163 5502 vulnus
2196 5446 2391 5511 revela,
2418 5452 2475 5500 et
2500 5444 2590 5500 dic
2615 5463 2629 5499 :
2660 5444 2915 5501 Miserere
2942 5446 3069 5512 mei,
3092 5443 3252 5510 Deus,
3282 5442 3387 5497 mi-

128 5539 271 5597 τῶν
293 5538 564 5610 ἀνομιῶν
594 5539 801 5603 αὑτοῦ,
826 5534 915 5594 ὧν
937 5540 1203 5607 ἐποίησε.
1230 5541 1406 5594 Μόνον
1436 5536 1695 5609 γύμνωειο⁴

1825 5553 2003 5594 serere
2023 5537 2265 5606 corporis
2290 5546 2342 5591 et
2363 5535 2556 5591 anima:
2582 5549 2737 5603 meae,
2761 5536 3021 5592 miserere
3047 5535 3156 5590 mei
3184 5542 3241 5590 et
3268 5532 3379 5599 hic,

215 5697 269 5727 "
302 5692 497 5749 Matth.
528 5709 656 5759 svn,
677 5692 729 5748 4.
835 5693 881 5725 ⁸³
905 5691 1079 5748 Eccle.
1112 5707 1151 5757 ι,
1195 5693 1250 5746 9..
1355 5690 1401 5723 “
1449 5690 1636 5745 Matth.
1668 5706 1695 5745 ι

1810 5690 1895 5744 5|.
2030 5689 2074 5759 ε’
2114 5687 2179 5743 lll
2223 5687 2353 5757 Reg.
2394 5704 2507 5759 χιιι.
2536 5686 2627 5752 27,
2654 5687 2743 5743 29.
2818 5689 2863 5759 ’ξ
2890 5686 3149 5750 ειοιιαξιιι,
3176 5688 3201 5742 1
3232 5701 3374 5759 seqq.

129 5768 184 5804 α’
226 5766 385 5819 Dan.
412 5781 483 5825 IV,
512 5763 601 5818 ‘26.
643 5757 720 5795 ﬁ“
751 5762 881 5817 Luc.
910 5779 1003 5825 vn,
1035 5763 1101 5817 57
1136 5778 1286 5833 seqq.
1360 5762 1403 5833 ξ’
1432 5760 1553 5817 Act.
1587 5776 1661 5824 Ix,
1688 5760 1893 5833 iseqq.
1939 5760 2010 5833 __’°
2039 5758 2167 5833 Luc.
2224 5774 2353 5812 mn
2382 5758 2674 5833 λημῶ.
2761 5759 2806 5793 ’³
2838 5757 3036 5815 Jcrem.
3089 5773 3233 5823 xm,
3291 5757 3377 5812 Η.

122 5841 186 5905 ,θ’
245 5836 408 5889 l’sal.
445 5850 530 5900 λι,
567 5834 617 5889 5.
696 5834 741 5865 9’
775 5834 875 5887 lsa.
914 5847 1065 5899 XLIII,
1096 5833 1185 5887 25.
1215 5827 1225 5833 ’
1251 5827 1306 5865 ’⁸⁸
1353 5832 1496 5888 Psal.
1549 5847 1672 5897 xu,

1820 5827 1831 5831 ’
1859 5827 1903 5862 ⁵⁵
1937 5830 2133 5885 Εκοοιι.
2191 5844 2341 5894 svnt,
2387 5828 2478 5897 21,
2506 5827 2596 5885 22.

835 5693 881 5725 ⁸³
905 5691 1079 5748 Eccle.
1112 5707 1151 5757 ι,
1195 5693 1250 5746 9..
