4112 6416
739 373 883 440 ιθῦθ
1654 365 1974 428 JOANNIS
1997 366 2363 428 IEJUNATf

2352 365 2512 426 )RIS
2536 364 2642 424 (ΣΡ.
2683 362 3037 428 ARCHIEP.
3851 368 3976 438 ιω

735 501 788 540 et
821 488 871 538 in
905 483 1088 538 l'uturo
1117 464 1357 537 sarculo:
1390 479 1647 534 miserere
1677 495 1778 532 mel
1811 490 1867 532 et
1900 488 2116 549 propter
2140 488 2295 532 natn-
2326 484 2359 539 Α

2351 484 2368 539 ι
2398 477 2459 530 τὸ
2492 475 2682 539 πὰθος,
2716 478 2808 530 καὶ
2855 477 2978 530 είπέ
3016 493 3029 505 ⁸
3075 477 3327 545 Ἐλέησόν
3358 496 3448 548 με,
3470 481 3500 533 ό
3525 479 3664 540 Θεός
3697 495 3717 509 ⁶
3761 479 3975 544 elices-3

733 595 808 632 ra:
842 575 1211 632 inﬁrmitatem
1231 616 1248 639 ,
1287 585 1341 630 et
1381 579 1600 643 propter
1633 581 1779 623 tuam
1810 571 2126 624 bonitatem.
2151 568 2296 624 Tan-

2401 585 2501 639 μου
2539 569 2600 620 τὸ
2645 568 2825 637 σῶμα,
2867 571 2963 623 καὶ
2981 569 3082 640 τήν
3116 570 3296 640 ψυχήν
3319 589 3333 602 ·
3366 571 3588 642 ἐλέησόν
3619 588 3692 640 με
3727 575 3833 624 καὶ
3863 567 3973 631 ὧδε.

732 679 848 724 tum
887 667 1137 723 desidera
1178 664 1400 721 curari:
1443 664 1673 718 salutem
1702 663 1848 717 enim
1879 673 2024 716 tuam
2061 660 2300 717 Medicus

2398 662 2491 713 καὶ
2528 663 2586 712 ἐν
2612 659 2689 729 τῷ
2730 660 2977 729 μέλλοντι
3015 662 3192 716 αἰῶνι.
3227 662 3475 733 Ἐλέησόν
3505 679 3576 733 με
3620 664 3726 717 καὶ
3769 661 3865 715 δια

731 759 951 833 quaerit,
985 758 1081 828 qui
1107 769 1376 814 errantem
1401 772 1556 810 ovem
1586 755 1869 818 convertit,
1901 755 1992 824 qui
2025 754 2091 808 ad
2129 755 2300 807 nnlos

2395 752 2497 820 τῆς
2527 757 2740 820 φύσεως
2779 753 3080 816 ἀσθένειαν,
3111 753 3204 806 καὶ
3239 753 3328 808 διὰ
3359 754 3459 825 τήν
3503 755 3607 826 σήν
3636 753 3972 823 ἁγαοότητα.

731 860 788 906 ει
815 851 989 904 honos
1025 847 1298 926 vocandas
1332 849 1382 900 in
1417 847 1561 901 bivia
1595 847 1763 900 m'sit.
1797 845 1932 900 Ecce
1957 855 2012 900 et
2037 861 2180 898 nunc
2205 845 2298 898 tibi

2398 844 2850 926 M'Svovmriliqsov
2893 844 3293 917 θεραπευθῆναι
3323 861 3340 876 ο
3372 845 3526 916 ζητεῖ
3571 846 3687 916 γὰρ
3751 862 3856 898 σου
3896 851 3975 912 τήν

731 942 915 997 vendit
967 921 1193 1010 regnum
1232 921 1493 994 caelorum
1527 959 1541 991 :
1595 939 1638 986 si
1683 954 1789 991 non
1839 940 2006 991 habes
2039 938 2256 991 οιιοιιιιη
2282 974 2298 1000 ,

2401 921 2672 1006 σωτηρίαν
2694 937 2721 988 ὀ
2747 936 2946 1006 Ἰατρὸς
2969 937 2998 990 ὁ
3025 928 3090 989 τὸ
3109 936 3517 1007 πεπλανημένον
3547 935 3846 1007 πρόδοτον
3873 936 3978 988 ετξ.

732 1033 874 1088 unde
920 1047 1094 1096 emas,
1133 1045 1252 1084 eme
1290 1031 1491 1099 gemitu
1530 1048 1541 1082 :
1580 1038 1883 1096 tragmento
1937 1046 1996 1097 ιιικ
2027 1029 2091 1082 .is
2133 1029 2300 1082 cmlo-

2402 1027 2660 1095 στρέψας,
2687 1029 2714 1080 ό
2741 1029 2819 1089 είς
2851 1026 2950 1090 τὰς
2977 1027 3180 1089 διόδους
3208 1026 3535 1089 ἀποστείλας
3554 1027 3810 1080 καλέσαι
3831 1043 3980 1095 πονη-

739 1139 854 1178 ··ί.ιιη
897 1139 1118 1194 regnum
1156 1122 1250 1176 tibi
1289 1123 1555 1176 retribuit.
1614 1120 1735 1174 Ειυι
1792 1121 1987 1174 clamat
2031 1117 2301 1188 Propheta

2405 1119 2527 1188 ρούς
2563 1137 2622 1172 τε
2648 1120 2743 1174 καὶ
2770 1118 3027 1188 ἀγαθούς.
3053 1120 3186 1174 Ἰδοὺ
3220 1120 3313 1173 καὶ
3336 1119 3430 1172 νῦν
3450 1119 3627 1173 πωλεῖ
3651 1137 3744 1173 σοι
3769 1118 3981 1187 117:3:-

731 1215 921 1274 dleans
947 1233 962 1272 :
996 1212 1132 1282 Quis
1162 1214 1274 1267 vult
1300 1228 1479 1267 emere
1507 1213 1711 1266 vitam?
1741 1213 1871 1278 ρωδ
1893 1221 1966 1264 est
1995 1217 2180 1278 homo,
2213 1213 2302 1281 qui

2403 1211 2605 1264 σιλείαν
2635 1213 2742 1264 τῶν
2767 1211 3012 1284 οὐρανῶν
3048 1229 3063 1244 ο
3095 1214 3144 1265 εἰ
3173 1212 3248 1283 μή
3269 1211 3399 1284 ἔχῃς
3414 1212 3748 1284 ὠνήσασθαι
3781 1212 3983 1275 ὀϐολοῦ,

731 1307 843 1363 vult
885 1308 1066 1368 vitam,
1095 1306 1267 1374 diligit
1301 1306 1409 1358 dies
1439 1306 1608 1358 ridere
1643 1306 1803 1359 bonos
1831 1305 1917 1357 "i
1954 1303 2064 1358 Non
2100 1305 2303 1358 haben-

2400 1305 2672 1374 ἀγόρασον
2705 1304 3034 1374 στεναγμοῦ.
3077 1305 3224 1356 ’Δντὶ
3243 1304 3554 1374 κλὰσματος
3587 1305 3773 1376 ἄρτου
3796 1305 3984 1357 καταλ-

732 1408 814 1452 tes
834 1439 850 1461 ,
879 1397 1056 1466 inquit
1075 1439 1089 1462 ,
1128 1411 1431 1464 argentum,
1457 1399 1663 1468 absque
1686 1409 1909 1467 argento
1939 1399 2129 1451 tollite.
2160 1396 2302 1462 Quul

2402 1395 2586 1448 λάττει
2639 1413 2721 1449 σοι
2762 1397 2861 1466 τήν
2905 1395 3179 1466 βασιλείαν
3225 1396 3332 1450 τῶν
3366 1396 3639 1467 οὐρανῶν.
3705 1396 3854 1450 Ἰδοὺ
3902 1396 3987 1467 βνᾲ

733 1487 883 1539 cnim
915 1487 1109 1555 quaerit
1143 1501 1172 1538 a
1209 1486 1365 1540 nobis
1391 1485 1574 1541 Deus?
1603 1485 1720 1539 Non
1750 1487 1949 1549 habes,
1983 1487 2176 1556 inquit,
2211 1503 2304 1557 pe-

2401 1488 2430 1539 δ
2470 1490 2759 1559 Προφήτης
2796 1491 2968 1558 λέγων
2994 1504 3010 1519 ⁸
3052 1489 3148 1551 Τίς
3189 1488 3432 1558 βούλεται
3463 1489 3755 1559 ἀγοράσαι
3796 1489 3985 1558 ζωήνς

732 1577 922 1631 cunias
945 1615 960 1639 ,
992 1593 1098 1630 non
1134 1579 1605 1644 compunctionem
1633 1619 1647 1642 ,
1690 1593 1797 1631 non
1831 1581 2156 1648 potentiam,
2194 1594 2302 1632 non

2410 1580 2502 1644 Τίς
2525 1581 2695 1631 ἐστιν
2713 1579 3018 1648 ἄνθρωπος
3063 1582 3096 1633 ό
3123 1579 3314 1632 θέλων
3345 1576 3530 1648 ζωὴν,
3560 1579 3841 1650 ἀγαπῶν
3861 1581 3987 1649 ήμέ.

733 1665 956 1732 luctum,
1012 1681 1116 1721 non
1161 1667 1309 1721 aliud
1359 1669 1486 1738 quid
1539 1684 1727 1723 eorum
1793 1686 1916 1739 qua?
1961 1680 2302 1738 quaeruntur,

2397 1688 2507 1739 ρας
2537 1669 2684 1724 ἰδεῖν
2707 1670 2968 1739 ἀγαθάςξ
3003 1672 3067 1725 Ol
3099 1671 3172 1742 μὴ
3199 1670 3434 1742 ἔχοντες,
3472 1673 3671 1743 φησὶν,
3712 1674 3987 1743 ἀργύριον

730 1757 955 1813 Prohibe
1001 1758 1234 1829 linguam
1265 1768 1410 1812 tuam
1439 1777 1471 1813 a
1505 1761 1680 1824 malo,
1731 1772 1780 1816 et
1811 1763 1954 1814 labia
1998 1772 2089 1815 tua
2130 1779 2193 1816 ne
2231 1762 2302 1815 la-
2333 1821 2354 1835 _

2363 1825 2372 1835 _
2405 1763 2533 1816 ἄνευ
2571 1762 2832 1833 ἀργυρίου
2871 1763 3182 1833 κομίζεσθε.
3215 1763 3280 1816 Τί
3311 1764 3418 1835 γὰρ
3438 1763 3652 1834 ζητεῐό
3683 1765 3837 1828 Θεὸς
3870 1765 3987 1833 παρ’

727 1861 957 1919 quantur
981 1821 1160 1904 dolitm
1190 1845 1256 1913 ",
1308 1860 1362 1905 et
1390 1851 1444 1905 in
1476 1852 1700 1906 salutem
1734 1853 1826 1906 tibi
1864 1854 2135 1908 stiﬂicict?
2167 1853 2300 1909 Vide
2333 1821 2351 1880 l

2361 1825 2374 1878 ι
2402 1855 2557 1924 ήμῶν
2775 1821 3126 1925 ἔχειῆ-φησὶ,
3159 1821 3420 1928 χρήματα
3479 1821 3542 1910 οὐ
3583 1821 3905 1924 κατάνυξιν
3932 1821 3985 1912 ἐξ

728 1948 772 1998 si
799 1944 1076 2012 jejunasti,
1110 1959 1175 1997 ne
1206 1943 1374 1997 altum
1400 1945 1580 2014 sapias
1608 1963 1622 1999 :
1674 1944 1720 1998 si
1756 1946 2160 2017 eleemosynam
2203 1963 2299 2001 es-

2401 1947 2717 2000 δυναστείαν
2743 1964 2758 2009 ;
2780 1947 2840 2000 ού
2875 1946 3190 2016 κλαυθμόν;
3220 1948 3319 2018 οὐχ
3354 1948 3543 2020 ἔτερόν
3566 1967 3628 2002 τι
3649 1951 3772 2003 τῶν
3807 1952 3986 2018 ζητου-

728 2035 952 2089 hibuisli
974 2074 988 2098 ,
1023 2051 1088 2088 ne
1114 2036 1348 2089 inaniter
1379 2035 1626 2106 glorieris
1645 2075 1660 2100 ,
1689 2037 1784 2090 sed
1819 2039 2002 2108 potius
2031 2041 2300 2107 prmterito

2403 2040 2620 2110 μὲνων;
2668 2039 2917 2094 Παῦσον
2963 2039 3078 2107 τὴν
3116 2038 3408 2108 γλῶσσάν
3440 2057 3562 2095 σου
3606 2042 3742 2096 ἀπὸ
3783 2044 3985 2100 κακοῖν.

724 2128 936 2198 jejunio
974 2136 1268 2198 computa,
1311 2128 1443 2198 quid
1488 2143 1553 2182 es
1600 2128 1776 2184 inedia
1819 2141 2143 2186 consecutus
2193 2148 2254 2187 es
2280 2175 2298 2199 ,

2399 2132 2499 2185 καὶ
2528 2130 2702 2200 χείλη
2725 2145 2865 2196 σου,
2901 2131 3008 2186 τοῦ
3022 2129 3113 2200 μὴ
3137 2129 3404 2200 λαλῆσαι
3429 2131 3650 2199 δόλον,
3692 2135 3799 2186 καὶ
3830 2137 3986 2205 ἀρκέ-

728 2219 975 2291 nunquid
1016 2221 1140 2275 talis
1183 2235 1436 2285 egressus
1469 2221 1546 2276 sis
1571 2261 1585 2284 ,
1639 2223 1817 2292 qualis
1841 2226 2135 2293 ingressus.
2165 2223 2300 2281 Vide

2399 2239 2480 2276 σει
2509 2238 2592 2275 σοι
2619 2222 2700 2285 εἰς
2724 2220 3014 2296 σωτηρίαν.
3055 2221 3228 2276 Βλέπε
3254 2224 3305 2276 εί
3335 2222 3704 2294 ἐνήστευσας,
3746 2226 3830 2296 μὴ
3856 2229 3987 2295 μέγα

729 2328 895 2383 quam
942 2311 1067 2366 inde
1116 2311 1389 2367 abstulisti
1437 2313 1728 2380 mendam,
1761 2315 1841 2368 vel
1887 2317 1942 2370 in
1980 2332 2090 2386 quo
2125 2319 2299 2388 teipso

2399 2315 2672 2384 φρονήσῃς
2696 2329 2709 2344 ·
2745 2313 2795 2366 εἰ
2820 2293 3079 2382 ήλὲησας,
3104 2313 3180 2384 μὴ
3209 2293 3569 2388 κενοδοξήσης
3618 2332 3636 2346 ⁶
3858 2293 3987 2386 βι-

729 2406 923 2458 melior
955 2403 1130 2459 factus
1155 2421 1235 2467 es,
1271 2406 1351 2458 vel
1381 2421 1542 2474 quem
1577 2423 1636 2461 es
1663 2421 1946 2463 assecutus
1975 2409 2296 2477 profectum,

2397 2402 2488 2456 λον
2525 2400 2899 2473 παρελθούσης
2920 2403 3019 2472 τῆς
3046 2403 3320 2472 νηστείας,
3350 2403 3561 2471 λόγισαι
3587 2407 3650 2458 τί
3671 2407 3904 2478 ἐκτήσω
3933 2410 3989 2460 ἐκ

729 2499 814 2553 vel
845 2513 1005 2566 quem
1040 2496 1327 2552 correxiin
1359 2495 1628 2553 defectum
1653 2537 1670 2563 ,
1717 2499 1766 2553 si
1809 2499 1880 2554 ab
1927 2500 2005 2554 ira
2043 2501 2297 2556 destitisti

2397 2492 2499 2562 τῆς
2522 2492 2738 2557 ἀσιτίας
2755 2509 2770 2524 ο
2798 2492 2874 2564 μή
2904 2491 3144 2556 τοιοῦτος
3162 2491 3384 2564 ἐξῆλθες
3405 2494 3622 2560 ἁπλῶς,
3653 2492 3775 2559 οἷος
3807 2497 3985 2567 εἰσῆλ·

729 2575 813 2644 vel
838 2589 1105 2654 convicio,
1139 2589 1185 2643 si
1223 2587 1376 2642 fratri
1415 2604 1522 2642 non
1556 2589 1874 2655 detraxisti.
1917 2592 1962 2647 si
1990 2591 2173 2662 jurare
2202 2593 2299 2648 de-

2399 2583 2522 2653 θες;
2555 2584 2729 2638 Βλέπε
2765 2585 2924 2638 ποίαν
2960 2584 3069 2656 ἁρα
3110 2585 3354 2653 ἁπενίψω
3386 2586 3674 2657 ἁμαρτίαν
3706 2603 3724 2617 ’
3774 2589 3812 2658 ἢ
3855 2591 3988 2642 κατὰ

732 2681 896 2740 siisti.
921 2680 1003 2734 vel
1035 2680 1182 2735 aliud
1206 2681 1334 2750 quid
1359 2681 1484 2735 boni
1516 2696 1575 2735 es
1609 2691 1880 2751 operatus.
1913 2681 1970 2737 Si
2001 2699 2129 2737 vero
2163 2685 2298 2739 cibis

2396 2677 2450 2730 τί
2481 2676 2705 2747 βελτίων
2731 2678 2917 2746 ἐγένου
2944 2677 3142 2732 σαυτοῦ
3159 2676 3230 2747 ,ἢ
3259 2680 3410 2732 ποῖον
3436 2679 3795 2751 κατόρθωμα
3821 2696 3984 2753 προσ-

732 2783 940 2827 tantum
972 2773 1285 2827 abstinuisti
1315 2813 1330 2836 ,
1380 2788 1479 2828 nec
1514 2773 1683 2828 ullum
1715 2774 1859 2828 aliud
1889 2777 2045 2845 egisti
2073 2777 2295 2846 bonum,

2398 2771 2640 2840 ἐκτήσω,
2711 2771 2746 2841 ἢ
2788 2773 2941 2824 ποῖον
2989 2771 3277 2840 ἐλάττωμα
3320 2770 3626 2843 διωρθώσω
3668 2791 3682 2802 ’
3723 2776 3780 2827 εἰ
3819 2776 3986 2846 ὀργῆς

727 2865 858 2934 quid
897 2879 1005 2918 non
1049 2863 1388 2918 comedendo
1438 2863 1758 2934 proiecisti?
1786 2864 1945 2921 Forte
1977 2868 2119 2922 enim
2159 2869 2300 2924 (licet

2398 2863 2644 2926 ἐπαύσω,
2673 2862 2706 2933 ἢ
2738 2862 3028 2934 λοιδορίας,
3058 2868 3107 2914 εἰ
3141 2863 3216 2932 μὴ
3243 2862 3627 2932 ητελὰλησας
3651 2865 3921 2935 ἀδελφοῦ,
3944 2872 3985 2918 εἰ

729 2958 824 3011 tibi
847 2977 860 3012 :
892 2955 1030 3012 Vere
1053 2971 1158 3011 non
1181 2957 1402 3027 potuisti
1424 2957 1697 3028 jejunare,
1736 2975 1906 3028 quare
1930 2961 2166 3017 inimicis
2190 2964 2299 3018 tuis

2399 2955 2621 3012 ἐπαύσω
2651 2955 2884 3024 ὀμνύων,
2918 2955 3158 3026 ἢέτερόν
3180 2971 3235 3008 τι
3258 2953 3367 3008 τῶν
3400 2954 3581 3007 καλῶν
3622 2958 3903 3027 εἰργάσω.
3930 2961 3984 3012 Ei

731 3065 839 3102 non
895 3047 1278 3104 reconciliatus
1323 3063 1422 3113 es,
1471 3065 1639 3119 quare
1685 3050 1910 3105 livorem
1955 3060 2013 3108 et
2040 3053 2298 3109 invidiam

2397 3047 2455 3100 δὲ
2487 3047 2648 3118 μόνον
2695 3048 2880 3099 σιτίων
2909 3047 3172 3116 ἀπέσχου,
3210 3047 3304 3099 καὶ
3334 3045 3440 3100 τῶν
3469 3047 3658 3100 ἄλλων
3684 3049 3852 3101 οὐδὲν
3896 3068 3986 3104 κα-

731 3137 937 3194 habens
971 3139 1368 3208 perseverasti?
1401 3140 1534 3208 quid
1569 3149 1750 3195 autem
1788 3151 1842 3196 et
1875 3150 1928 3196 te
1959 3144 2301 3200 contristanti
2323 3155 2355 3215 (ε

2361 3159 2368 3214 ι
2398 3137 2504 3194 λῶν
2542 3139 2818 3210 εἰργάσω,
2848 3138 2901 3192 τί
2929 3139 3214 3208 ὠφέλησας
3253 3139 3319 3191 ἐκ
3352 3137 3444 3191 τοῦ
3478 3139 3555 3208 μή
3590 3143 3844 3208 eiurata»;
3889 3144 3985 3196 Τυ-

728 3230 1131 3288 succeusuisti‘i
1161 3230 1270 3287 Nec
1291 3231 1392 3287 hoc
1415 3231 1613 3298 solum,
1641 3248 1826 3288 verum
1861 3243 1916 3288 et
1941 3235 1995 3289 in
2027 3237 2292 3294 malorum

2395 3233 2490 3304 χδν
2526 3234 2637 3304 γὰρ
2678 3234 2794 3303 ἐρεῖ
2851 3249 2936 3286 σοι
2962 3249 2976 3263 ·
3020 3233 3149 3296 Ναὶ,
3197 3234 3298 3286 οὐκ
3340 3233 3610 3303 ἐδυνήθης
3657 3237 3984 3306 νηστεῦσαι,

729 3325 992 3380 memoria
1017 3324 1383 3394 permansisti,
1407 3339 1518 3396 quo
1552 3325 1760 3380 nullum
1783 3326 1938 3396 pejus
1955 3337 2040 3384 est
2061 3330 2288 3386 malum.

2392 3327 2537 3386 τίνος
2581 3327 2747 3381 ἓνεκα
2776 3328 2896 3388 τοῖς
2935 3325 3148 3395 ἐχθροῖς
3196 3342 3288 3378 σου
3328 3327 3391 3379 οὐ
3427 3325 3776 3396 διηλλάγηςς
3811 3330 3907 3383 διὰ
3935 3332 3984 3382 τί

729 3417 833 3483 Qui
885 3431 1123 3486 namque
1177 3418 1461 3486 corporale
1501 3429 1782 3488 peccatum
1816 3417 1937 3474 fecit
1962 3460 1979 3487 ,
2018 3418 2148 3476 fecit
2174 3438 2294 3478 ma-

2395 3418 2693 3491 βασκανίαν
2727 3419 2823 3474 καὶ
2867 3417 3060 3488 φθόνον
3106 3419 3331 3488 ἔμεινας
3370 3418 3544 3488 ἐχων;
3581 3420 3740 3474 διατί
3790 3423 3854 3476 δὲ
3897 3423 3985 3476 καὶ

729 3509 840 3564 lum
868 3550 885 3575 ,
918 3519 972 3563 et
1007 3509 1116 3564 cito
1143 3509 1354 3563 destitit
1385 3527 1399 3564 :
1445 3509 1714 3564 malorum
1753 3519 1934 3566 autem
1966 3515 2292 3581 recordans,

2393 3513 2672 3584 ὠργίσθης
2701 3513 2779 3584 τῷ
2809 3511 3110 3583 λυπήσαντί
3135 3528 3228 3574 σε;
3253 3512 3328 3565 Οὐ
3351 3511 3512 3580 μόνον
3535 3512 3595 3565 δέ
3615 3513 3823 3578 τοῦτο,
3855 3516 3982 3568 ἁλλὰ

729 3612 996 3673 nocteque
1023 3612 1078 3656 et
1105 3601 1194 3656 die
1218 3641 1235 3666 ,
1265 3610 1320 3656 et
1347 3603 1496 3656 omni
1536 3602 1668 3657 hora
1704 3613 1987 3674 peccatum
2016 3617 2290 3676 operatur.

2393 3605 2491 3661 καὶ
2523 3607 2582 3660 ἐν
2621 3607 2959 3677 μνησικακίᾳ
3001 3605 3313 3674 διέμεινας,
3340 3599 3402 3659 οὗ
3441 3606 3626 3676 χεῖρον
3662 3607 3832 3661 οὐδέν
3872 3610 3982 3662 ἐστι

731 3693 790 3750 Si
820 3695 1012 3751 horum
1039 3693 1350 3750 memineris
1378 3735 1394 3760 ,
1447 3710 1726 3766 nunquam
1757 3698 2134 3754 recordaberis
2162 3715 2295 3755 con-

2393 3700 2584 3755 κακόν.
2634 3699 2694 3753 '0
2745 3699 2855 3770 γὰρ
2900 3699 2999 3769 τὴν
3045 3697 3366 3768 σωματικήν
3408 3699 3695 3771 ἁμαρτίαν
3746 3704 3982 3770 πατήσας

728 3788 990 3850 tumelias.
1007 3787 1366 3858 Quapropter,
1397 3789 1525 3859 quia
1552 3799 1602 3843 te
1621 3789 1711 3844 ille
1733 3789 1913 3847 aﬂecit
1940 3794 2293 3858 contumelia,

2393 3792 2589 3862 ἔδρασε
2625 3791 2688 3844 τὸ
2727 3791 2918 3852 κακὸν,
2964 3791 3056 3843 καὶ
3093 3791 3232 3860 τάχα
3259 3789 3551 3846 ἐπαύσατο.
3598 3791 3661 3844 Ὀ
3689 3792 3752 3846 δὲ
3790 3811 3981 3864 μνησι-

729 3889 786 3936 tu
834 3889 1218 3951 praceptorem
1263 3879 1434 3936 Deum
1482 3897 1552 3937 ne
1583 3885 1916 3940 contumelia
1961 3885 2201 3942 adicias:
2240 3888 2294 3943 in

2393 3881 2599 3945 κακῶν,
2631 3882 2724 3935 καὶ
2757 3883 2816 3935 ἐν
2844 3881 3002 3936 νυκτὶ
3037 3883 3132 3936 καὶ
3157 3883 3216 3933 ἐν
3243 3883 3444 3953 ἡμέρᾳ.
3487 3881 3585 3935 καὶ
3618 3883 3774 3936 κατά
3802 3888 3978 3938 πᾶσαν

732 3973 882 4030 orbis
923 3974 1070 4029 enim
1107 3973 1316 4029 theatro
1347 3974 1465 4031 hac
1489 3977 1673 4031 omnia
1705 3977 2110 4033 revelabuntur.
2145 3975 2296 4037 Unde

2392 3973 2540 4045 ὥραν
2586 3974 2677 4045 τὴν
2706 3975 2981 4045 ἁμαρτίαν
3023 3973 3334 4044 ἐργάζεται.
3375 3975 3502 4030 Ἐἁν
3526 3976 3743 4028 τούτων
3772 3995 3979 4046 μνημο-

729 4067 1050 4140 priusquam
1077 4066 1133 4122 in
1155 4067 1473 4136 perditionis
1493 4067 1666 4122 lutum
1685 4069 1967 4137 cadamus,
1985 4080 2196 4126 tantum
2219 4071 2297 4126 fu-

2393 4067 2612 4141 νεύσης,
2645 4067 2906 4120 οὐδέποτε
2952 4065 3162 4138 ὕϐρεως
3199 4066 3509 4139 μνησθήσῃ.
3551 4068 3722 4122 ’Ὅθεν
3776 4073 3856 4139 μὴ
3901 4073 3978 4122 ὅτι

729 4157 943 4228 giamus
996 4157 1343 4228 supplicium,
1423 4172 1478 4213 et
1541 4159 1846 4229 cogitemus
1891 4162 2036 4231 quod
2076 4162 2296 4232 iudiciis

2394 4159 2583 4232 ’ὑϐρισέ
2605 4177 2664 4214 σε
2689 4163 2718 4214 ὁ
2737 4161 2908 4224 δεῖνα,
2933 4161 2999 4213 σὺ
3025 4159 3256 4231 ὑϐρίσῃς
3283 4159 3376 4213 τὸν
3403 4160 3797 4230 ἐντειλάμενον
3812 4164 3974 4216 Θεόν·

731 4238 832 4305 uos
862 4251 966 4306 illis
996 4249 1286 4306 horrendis
1313 4250 1504 4320 eripiet
1534 4265 1716 4318 nemo,
1748 4268 1853 4308 non
1882 4257 1996 4323 ipse
2024 4253 2157 4318 Noe.
2185 4269 2294 4310 non

2391 4252 2449 4304 ἐν
2485 4252 2594 4321 γὰρ
2614 4250 2694 4322 τῷ
2725 4251 2824 4322 τῆς
2849 4251 3175 4322 οἰκουμένης
3211 4252 3426 4322 θεάτρῳ
3451 4251 3632 4306 ταῦτα
3673 4255 3866 4310 πάντα
3893 4257 3978 4308 ἐι·

730 4339 924 4407 Moses,
952 4356 1060 4395 non
1088 4339 1298 4407 Daniel,
1339 4355 1447 4395 non
1477 4340 1776 4407 Abraham,
1808 4345 1901 4413 qui
1940 4345 2079 4400 lilios
2107 4357 2162 4400 et
2194 4346 2296 4402 ho-

2393 4341 2818 4414 καλυφθήσεται.
2852 4343 3014 4396 Ὅθεν
3036 4342 3164 4412 πρὶν
3187 4343 3269 4405 είς
3302 4343 3394 4396 τὸν
3419 4342 3684 4416 βόρὸορον
3712 4348 3976 4417 ἐμπισεῇ

730 4433 896 4502 spites
925 4440 1134 4487 tantum
1165 4432 1390 4495 dilexit,
1441 4434 1706 4504 supplicio
1752 4435 2052 4491 subtrahet.
2084 4437 2294 4507 (Iogite-
2323 4499 2354 4508 _

2351 4501 2359 4508 _
2392 4433 2491 4504 τῆς
2513 4433 2810 4498 ἀπωλείας,
2839 4434 2942 4505 τήν
2964 4433 3233 4504 τοσαύτην
3256 4433 3477 4487 κόλασιν
3499 4433 3870 4508 διαφύγωμεν
3887 4441 3975 4492 καὶ

731 4499 853 4580 mus
881 4525 1024 4594 quod
1057 4523 1246 4580 multis
1273 4525 1492 4580 obnoxii
1510 4499 1719 4581 sumus
1748 4528 2003 4596 peccatis,
2030 4538 2086 4584 et
2114 4499 2290 4586 mani-
2323 4499 2355 4554 Π

2351 4501 2367 4553 θ
2395 4499 2752 4598 ἐννοήσωμεν,
2795 4525 2870 4590 ὼς
2895 4499 3088 4590 οὐδεὶς
3311 4524 3576 4590 ὲξελεῖται
3600 4499 3741 4582 *τῶν
3763 4499 3975 4601 ’κριτφ

730 4612 883 4670 festis
929 4625 985 4670 et
1021 4616 1274 4672 occultis.
1329 4614 1388 4671 Si
1417 4617 1560 4671 enim
1585 4618 1890 4688 iniquitates
1918 4619 2288 4689 observaveris,

2397 4613 2527 4686 ρίων
2579 4616 2804 4670 ἐκείνων
2850 4616 2960 4670 τῶν
3007 4617 3275 4688 φοϐερῶν,
3330 4619 3433 4672 οὐκ
3480 4619 3648 4685 αὐτὸς
3703 4621 3862 4689 Νῶε,
3915 4625 3973 4676 οὐ

731 4705 972 4768 Domine.
1003 4707 1245 4773 Domine,
1272 4710 1389 4779 quis
1419 4710 1692 4765 sustinebit
1726 4710 1816 4764 "?
1849 4712 1916 4766 Et
1937 4713 2065 4781 quid
2097 4714 2164 4768 de
2195 4729 2290 4770 oc-

2394 4706 2731 4776 Μωῦσῆς,ού
2764 4707 2984 4779 Δανιὴλ,
3023 4707 3124 4761 οὐκ
3174 4707 3426 4778 Ἀδραὰμ
3455 4709 3486 4762 ό
3516 4708 3846 4779 φιλότεκνος
3885 4715 3974 4766 καὶ

727 4798 889 4853 cultis
914 4800 1075 4854 dico?
1104 4801 1148 4855 si
1181 4799 1592 4856 manil‘estorum
1622 4818 1812 4872 pennas
1841 4818 1870 4856 a
1903 4804 2058 4858 nobis
2085 4805 2288 4876 exigat,

2396 4798 2668 4868 φιλόξενος
2706 4799 2967 4864 ἐξελεϊται
3013 4801 3110 4870 τῆς
3135 4801 3431 4864 κολάσεως.
3475 4801 3867 4875 Ἐννοήσωμεν
3897 4807 3972 4858 ὅτι

729 4903 893 4958 quam
936 4889 1254 4946 habebimus
1281 4891 1538 4946 veniam?
1574 4892 1621 4947 si
1652 4893 1704 4947 in
1737 4895 2073 4949 orationibus
2107 4905 2287 4967 torpo-

2395 4889 2610 4953 πολλοῖς
2637 4891 3026 4964 ἁμαρτήμασιν
3050 4891 3340 4946 ὑπεύθυνοί
3386 4893 3554 4962 ἐσμεν
3585 4896 3686 4949 καὶ
3713 4900 3971 4968 φανεραῖς

729 4994 846 5034 rem
878 4979 1155 5046 discutiat,
1180 4982 1263 5034 vel
1289 4980 1342 5035 in
1362 4981 1587 5051 jejuniis
1611 4982 1987 5053 negligentiam
2015 4998 2030 5036 :
2063 4991 2119 5039 et
2143 4987 2289 5054 quod

2392 4982 2486 5033 καὶ
2512 4979 2750 5050 ἀδήλοις.
2767 4981 2902 5035 Ἐὰν
2915 4983 3025 5052 γὰρ
3037 4981 3286 5051 ἀνομίας
3295 4982 3759 5054 παρατηρήσῃς,
3773 4989 3968 5053 Κύριε,

729 5077 855 5122 ante
883 5069 1059 5140 ipsum
1088 5070 1372 5125 constituti
1408 5085 1514 5125 non
1541 5079 1750 5125 tantum
1785 5072 1889 5140 ipsi
1928 5072 2290 5142 impendimus

2395 5073 2590 5140 Κύριε,
2622 5073 2708 5138 τίς
2745 5076 3153 5141 ὑποστήσεται
3168 5092 3188 5140 ;
3215 5075 3323 5130 Καὶ
3342 5075 3395 5128 τί
3424 5075 3567 5144 λέγω
3585 5078 3702 5131 τῶν
3727 5096 3971 5153 κεκρυμ-

731 5159 1016 5224 honorem,
1040 5170 1302 5230 quantum
1326 5162 1730 5230 magistratibus
1755 5163 1972 5226 milites,
2000 5178 2097 5218 nec
2117 5181 2290 5235 quan-

2398 5164 2609 5234 μένωνς
2654 5166 2781 5220 Ἐὰν
2827 5167 2937 5220 τῶν
2983 5167 3230 5237 φανερῶν
3269 5167 3498 5231 εὐθύνας
3519 5169 3817 5245 ἀπαιτήσῃ
3848 5168 3968 5240 παρ’

731 5257 846 5304 tum
877 5251 1070 5305 amicis
1097 5251 1294 5306 amici?
1337 5252 1472 5307 Cum
1519 5261 1720 5324 quanta
1759 5268 1952 5324 nempe
1997 5265 2290 5311 attentione

2393 5255 2570 5325 ήμῶν,
2607 5257 2764 5310 ποίαν
2801 5257 2993 5328 ἐξομεν
3023 5256 3382 5329 συγγνῶμην;
3438 5259 3562 5312 Ἐἁν
3607 5260 3851 5334 ἐξετάσῃ
3878 5263 3967 5334 τήν

729 5341 970 5396 amicum‘
1015 5343 1386 5413 alloquimur?
1457 5344 1623 5401 Deum
1674 5355 1852 5401 autem
1902 5364 1999 5417 pro
2056 5350 2289 5417 peccatis

2392 5345 2452 5401 ἐν
2473 5347 2812 5418 ταίς,εύχαίς
2842 5348 3133 5420 ρᾳθυμίαν,
3154 5348 3190 5419 ἢ
3213 5349 3311 5420 τὴν
3331 5350 3390 5402 ἐν
3417 5351 3536 5414 ταῖς
3551 5353 3842 5420 νηστείαις
3860 5355 3965 5406 ὀλι-

728 5431 1078 5502 deprecantes
1129 5444 1443 5506 torpemus,
1499 5445 1553 5492 et
1599 5438 1828 5508 genibus
1873 5441 2075 5496 nostris
2136 5439 2287 5498 humi

2391 5437 2620 5510 γωρίαν,
2648 5440 2744 5493 καὶ
2773 5441 2856 5494 ὅτι
2884 5441 3194 5513 ἔμπροσθεν
3224 5443 3386 5498 αὐτοῦ
3420 5442 3658 5507 ἑστῶτες
3680 5445 3747 5498 οὗ
3771 5447 3964 5500 τοσαύ-

727 5523 884 5580 llesis
903 5529 1142 5583 exterius
1169 5527 1495 5600 cogitatione
1525 5545 1826 5587 versamur.
1864 5529 1920 5587 Si
1952 5531 2023 5587 ab
2053 5531 2140 5588 his
2166 5543 2286 5588 tan-

2388 5545 2489 5599 την
2531 5530 2682 5600 αὐτῷ
2726 5533 3042 5604 παρέχομεν
3085 5532 3273 5605 τιμήν,
3301 5533 3424 5588 οὐδὲ
3446 5533 3581 5605 ὅσην
3618 5536 3889 5608 ἄρχωσιν
3917 5539 3961 5589 οἰ

729 5624 842 5672 tum
886 5617 1180 5690 inceperit,
1220 5629 1276 5676 et
1315 5621 1582 5678 rationem
1611 5623 1824 5693 exigere
1857 5623 2088 5679 voluerit
2127 5641 2140 5678 :
2194 5625 2282 5680 ubi

2393 5619 2739 5690 στρατιῶται,
2787 5623 2908 5678 ούδέ
2953 5625 3082 5694 ὅσην
3125 5626 3236 5689 τοῖς
3272 5623 3446 5694 φίλοις
3496 5627 3547 5680 οἰ
3588 5626 3774 5697 φίλοις
3819 5629 3963 5684 Πετὰ

807 5813 854 5844 ’⁸
889 5813 1033 5869 Psal.
1093 5831 1286 5881 sntit,
1322 5815 1404 5870 i5.
1480 5819 1522 5848 "
1570 5817 1699 5873 ibid.
1752 5818 1834 5871 l-l.
1912 5819 1955 5848 ‘"'
2002 5817 2141 5874 Psal.
2186 5834 2370 5885 suis,
2401 5823 2454 5875 5.
