4112 6416
89 367 213 431 1961

1220 361 1478 422 SERMO
1533 362 1630 422 DE
1682 361 2189 424 ΡίΕΝΙΤΕΝΤΙΑ.

3198 360 3334 424 1962

86 484 185 552 μὲν
210 479 316 549 γὰρ
349 477 521 546 πόσης
545 473 818 545 προσοχῆς
842 470 920 543 τῷ
943 470 1083 541 φίλῳ
1103 470 1501 541 διαλεγόμεθα;
1531 470 1652 541 Θεῷ

1764 473 1925 543 igitur
1955 487 2056 527 nos
2089 472 2427 529 abscondere
2467 471 2805 542 poterimus?
2837 469 2980 538 Quid
3020 486 3150 528 vero
3187 476 3232 531 si
3279 474 3332 529 in

78 574 132 625 δὲ
154 570 291 639 ὑπὲρ
337 567 623 637 ἁμαρτιῶν
661 564 1089 635 προσευχόμενοι
1117 561 1469 634 ρᾳθυμοῦμεν
1501 579 1516 594 ο
1559 566 1654 616 καὶ

80 663 183 716 τῶν
224 659 466 728 γονάτων
510 655 670 727 ήμῶν
709 654 1051 725 κεκλιμένων
1094 654 1269 724 χαμαὶ
1310 653 1416 720 ἔξω
1457 653 1655 725 ῥεμϐό-

81 754 215 825 μεθα
246 754 309 821 τῇ
331 749 562 820 διανοίᾳ.
599 749 723 801 Ἐὰν
750 747 958 801 τούτων
990 748 1151 818 μόνον
1184 746 1414 817 ἄρξηται
1445 748 1540 800 καὶ
1570 745 1658 799 θε-

78 848 215 916 λήσῃ
259 843 419 911 λόγον
449 842 772 911 ἀπαιτῆσαι,
814 838 917 892 ποῦ
952 839 1061 910 ἄρα
1098 837 1441 909 δυνησόμεθα
1483 855 1657 891 κατα-

75 940 259 1000 δῦναι;
288 937 341 988 τί
370 935 428 987 δὲ
458 934 553 987 ὲάν
575 933 876 1005 παραγάγῃ
905 932 984 996 είς
1012 932 1073 987 τὸ
1102 930 1266 1002 μέσον
1291 930 1392 994 τὰς
1423 947 1657 1002 κατηγο-

79 1030 216 1100 ρίας,
252 1026 320 1089 ἀς
365 1028 487 1080 κατ’
528 1024 773 1095 ἀλλήλων
826 1022 1124 1094 ποιούμεθα
1157 1040 1172 1054 ο
1206 1023 1304 1075 ὲάν
1340 1022 1398 1075 δὲ
1436 1023 1526 1075 καὶ
1560 1022 1658 1086 τάς

77 1121 405 1190 περιέργους
446 1116 607 1188 ἡμῶν
645 1116 797 1186 ὄψεις
840 1117 1095 1187 ἐξετάσῃ,
1143 1116 1237 1168 καὶ
1274 1114 1372 1179 τὰς
1414 1115 1659 1186 πονηρᾶς

77 1210 369 1279 ἐπιθυμίας
414 1209 755 1283 ἐπιζητήσῃ*
811 1209 907 1262 ὲάν
952 1208 1011 1262 δὲ
1059 1209 1153 1261 καὶ
1193 1207 1456 1277 λοιδορίας
1503 1208 1658 1278 ἡμῶν

76 1304 354 1375 ἀπαιτήσῃ
414 1301 571 1370 λόγον
626 1318 642 1333 ⁸
698 1302 806 1373 ἄρα
875 1300 1214 1370 δυνησόμεθα
1273 1300 1480 1366 ἀνοῖξαι
1535 1299 1657 1353 wi-

82 1410 189 1465 μας
223 1385 353 1447 Ἐὰν
410 1392 468 1445 δὲ
519 1392 617 1447 καὶ
668 1392 767 1456 τὰς
819 1392 1146 1458 κενοδοξίας,
1199 1390 1266 1454 ἃς
1312 1391 1661 1463 ὑπομένομεν

79 1486 512 1558 προσευχόμενοι
550 1484 644 1539 καὶ
676 1483 1027 1554 νηστεύοντες
1050 1523 1065 1546 ,
1101 1483 1197 1535 καί⁵
1228 1482 1523 1545 ἐλεοῦντες.
1552 1484 1662 1553 ἄρα

76 1580 424 1650 δυνησόμεθα
449 1578 749 1645 ἀναϐλέψαι
773 1578 854 1640 είς
895 1577 991 1631 τὸν
1026 1576 1287 1647 ούρανόν;
1330 1575 1457 1630 Ἐάν
1482 1574 1539 1628 δὲ
1567 1575 1662 1629 καὶ

78 1676 201 1736 τοὺς
228 1673 419 1736 δόλους
441 1671 535 1735 οὒς
557 1671 942 1743 συρράπτομεν
967 1670 1087 1721 κατ’
1113 1665 1381 1737 ἀλλήλων,
1404 1666 1500 1720 καὶ
1520 1684 1661 1736 παρ·

80 1766 190 1817 όντι
221 1765 323 1836 μὲν
356 1764 433 1829 ὡς
471 1764 611 1834 φίλῳ
638 1761 1001 1833 διαλεγόμεθα
1024 1801 1039 1821 ,
1062 1761 1294 1823 ἀπόντος
1321 1759 1381 1812 δὲ
1419 1759 1662 1813 καταλα-

1762 564 2001 619 medium
2035 565 2271 619 deducat
2307 564 2685 619 accusationes
2711 604 2727 632 ,
2761 578 2901 635 quas
2933 566 3072 617 alter
3102 566 3155 618 in
3194 567 3335 621 alte-

1761 671 1882 710 rum
1914 656 2150 726 agimus,
2173 657 2218 711 si
2245 666 2301 711 et
2335 656 2642 726 superlluos
2672 668 2925 726 aspectus
2956 667 3177 712 nostros
3204 673 3337 713 exa-

1763 747 1930 802 minet
1951 787 1966 809 ,
2007 747 2055 801 si
2094 747 2266 802 malas
2296 747 2540 818 inquirat
2567 748 3071 816 concupiscentias,
3106 749 3153 803 si
3183 757 3239 803 et
3272 751 3341 804 de

1760 837 2027 893 conviciis
2053 837 2257 892 nostris
2287 839 2551 892 rationem
2590 841 2809 908 exigat,
2835 840 3085 908 nunquid
3119 855 3184 896 os
3212 855 3344 909 ope—

1765 929 1874 984 rire
1917 929 2264 999 poterimus?
2307 930 2363 983 Si
2403 944 2534 984 vero
2573 944 2768 983 vanam
2808 945 3028 1000 quoque
3064 931 3297 1002 gloriam
3325 969 3341 994 ,

1762 1037 1928 1092 quam
1962 1022 2297 1077 sustinemus
2327 1031 2549 1077 orantes
2577 1030 2633 1074 et
2660 1020 2993 1090 jeiunantes,
3028 1032 3083 1077 et
3110 1024 3345 1079 cleemo-

1763 1126 1955 1181 synam
1988 1110 2251 1167 facientes
2279 1150 2294 1175 ,
2329 1094 2701 1181 poterimusne
2726 1110 2778 1163 in
2809 1111 3009 1164 caelum
3041 1112 3345 1179 respicere?

1767 1202 1824 1258 Si
1855 1214 2038 1259 autem
2080 1213 2136 1259 et
2174 1204 2333 1258 dolos
2356 1242 2372 1269 ,
2403 1218 2544 1273 quos
2572 1202 2713 1256 alter
2741 1202 2793 1256 in
2823 1202 3057 1257 alterum
3087 1203 3301 1258 animus
3327 1243 3343 1265 ,

1764 1308 1814 1352 et
1846 1307 2178 1368 praesentem
2197 1295 2419 1366 quidem
2444 1305 2701 1365 tanquam
2732 1296 2966 1350 amicum
2991 1296 3343 1367 alloquimur,

1764 1388 1978 1445 absenti
2011 1404 2138 1444 vero
2169 1388 2512 1443 detrahimus
2541 1405 2554 1439 :
2586 1396 2822 1459 quantas
2859 1388 3024 1459 igitur
3048 1387 3347 1444 sustinebi-

1767 1498 1890 1538 mus
1918 1482 2153 1553 pwnas?
2196 1482 2254 1537 Si
2287 1497 2416 1536 vero
2439 1480 2748 1558 jnramenta
2775 1496 2996 1553 quoque
3027 1490 3084 1535 et
3123 1480 3348 1537 menda-

1766 1576 1872 1635 cia.
1903 1584 1958 1630 et
1988 1576 2219 1641 livores,
2250 1582 2307 1629 et
2331 1574 2566 1644 injustas
2592 1574 2998 1645 indignationes
3027 1592 3043 1629 :
3078 1575 3124 1629 si
3160 1573 3347 1644 pet-ju-

1769 1667 1849 1720 ria
1875 1674 2173 1735 computet,
2207 1674 2263 1719 et
2284 1665 2535 1719 tristitias
2567 1664 2843 1734 respiciat,
2868 1663 3072 1731 quibus
3106 1663 3179 1718 ob
3206 1663 3348 1717 ami-

1769 1772 1960 1812 corum
1989 1756 2362 1812 celebritatem
2395 1771 2460 1812 ac
2504 1755 2707 1810 famam
2747 1755 3046 1822 acimur,
3083 1763 3180 1810 aut
3222 1752 3347 1810 aliis

79 1857 296 1928 λοῦμεν,
337 1858 448 1929 ἄρα
490 1857 740 1918 ποταπᾶς
796 1854 1067 1924 ὑφέξομεν
1114 1852 1399 1916 κολάσειςς
1443 1851 1566 1904 Ἐὰν
1605 1850 1663 1903 δὲ

1767 1850 1907 1903 mala
1936 1850 2265 1920 patientibus
2285 1850 2587 1921 gaudemus
2605 1856 2662 1902 et
2689 1846 3055 1901 insultamus:
3085 1846 3133 1903 si
3160 1855 3349 1917 torpo-

81 1951 173 2003 καὶ
210 1952 336 2013 τοὺς
355 1951 556 2020 ὅρκους
578 1950 673 2003 καὶ
699 1950 769 2001 τὰ
795 1947 988 2018 ψεύδη,
1019 1948 1113 2000 καὶ
1144 1947 1241 2010 τὰς
1273 1945 1592 2016 βασκανίας,
1629 1944 1661 2014 ἢ

80 2044 203 2103 τοὺς
262 2042 487 2108 ἀδίκους
533 2041 779 2113 θυμούς·
837 2041 935 2095 ὲάν
989 2040 1048 2094 δὲ
1085 2040 1179 2093 καὶ
1227 2038 1327 2101 τὰς
1377 2036 1664 2104 ἐπιορκίας

81 2135 236 2204 ἡμῶν
272 2136 585 2207 λογίσηται,
617 2137 651 2208 ἢ
682 2137 780 2199 τὰς
818 2134 996 2196 λύπας
1018 2112 1224 2196 finiam,
1255 2132 1311 2183 ἐν
1333 2127 1417 2193 αἷς
1455 2128 1664 2182 εὐδοκι-

85 2229 330 2297 μούντων
359 2229 469 2282 τῶν
502 2229 673 2298 φίλων
698 2223 1090 2298 λυπούμεθα,ῆ
1119 2225 1321 2295 ἑτέρων
1343 2224 1663 2294 πασχόντων

1770 1942 1849 1996 ris
1875 1957 2095 2013 quoque
2120 1942 2172 1996 in
2200 1942 2448 1998 collectis
2478 1955 2671 2012 poenas
2701 1948 2943 2011 repetat,
2977 1939 3198 2011 quando
3233 1939 3351 2009 ipse

1773 2034 1914 2090 Deus
1965 2052 2061 2106 per
2110 2034 2425 2105 Scripturas
2472 2035 2758 2106 loquitur,
2798 2049 2900 2091 nos
2939 2044 3122 2091 autem
3167 2033 3349 2105 ipsum

1767 2129 2105 2186 dimittentes
2137 2144 2263 2185 cum
2297 2130 2502 2185 nostris
2540 2129 2827 2185 conservis
2857 2128 3137 2200 loquimur
3157 2169 3174 2195 ,
3208 2140 3351 2198 quas

1763 2222 1878 2290 jam
1910 2223 2217 2279 subibimus
2246 2237 2438 2292 pinnas
2462 2221 2486 2276 1

85 2323 265 2387 κακῶς
299 2321 612 2393 ἐφηῶμεθα
635 2338 650 2353 ο
683 2321 776 2374 tam
808 2320 865 2373 δὲ
889 2320 1171 2390 ἀπαιτήσῃ
1204 2317 1425 2381 καὶτὰς
1458 2320 1517 2370 ὲν
1544 2318 1665 2379 ταῖς
1700 2316 1955 2384 συνάξεσι
2002 2315 2296 2389 ῥᾳθυμίας,
2352 2314 2443 2369 ὅτε
2491 2312 2652 2377 αὐτὸς
2717 2314 2818 2385 μὲν
2884 2315 2915 2368 ό
2942 2313 3075 2378 Θεὸς
3108 2309 3197 2368 se
3240 2311 3352 2368 τῶν

82 2417 310 2489 Γραφῶν
334 2417 656 2485 διαλέγεται·
682 2419 840 2488 ἡμεῖς
872 2414 928 2469 δὲ
944 2415 1174 2485 ἀφέντες
1195 2414 1377 2477 αὑτὸν,
1411 2415 1524 2476 τοῖς
1543 2412 1851 2477 συνδούλοις
1882 2411 2040 2484 ἡμῶν
2075 2409 2457 2482 διαλεγόμεθαο
2482 2409 2640 2473 ποίας
2656 2411 2764 2480 ἄρα
2793 2409 3063 2480 ύφέξομεν
3081 2408 3350 2476 εὐθύνας;

155 2510 318 2565 Ὅθεν
340 2510 572 2564 πάντοτε
598 2510 704 2581 πρὸ
731 2506 1025 2579 ὀφθαλμῶν
1053 2508 1154 2578 τὴν
1173 2507 1399 2575 γέενναν
1422 2505 1656 2576 ἔχωμεν.

86 2604 147 2657 Εἰ
174 2602 283 2673 γὰρ
308 2601 404 2655 καὶ
424 2601 618 2669 γέεννα
666 2597 741 2669 μὴ
779 2596 1090 2668 ἡπείληται,
1125 2596 1278 2665 πόσῳ
1317 2594 1517 2664 μᾶλλον
1569 2593 1663 2646 καὶ

88 2696 287 2766 ταύτης
319 2692 710 2763 ἀπηρτημένης
742 2687 1103 2761 μνημονεύειν
1124 2688 1415 2758 ὀφείλομεν
1449 2687 1558 2739 τῶν
1585 2688 1663 2740 οἰ·

89 2787 248 2839 κείων
270 2782 797 2856 πλημμελημάτωνς
819 2780 1143 2851 Μνημόνευε
1175 2778 1267 2833 τοῦ
1292 2778 1512 2833 αἰωνίου
1531 2780 1665 2850 Κρι-

89 2877 200 2931 τοῦ.
242 2877 375 2931 Ἰδοὺ
404 2875 517 2947 γάρ
538 2873 792 2945 προλέγω
814 2888 895 2926 σοι
926 2873 1024 2943 τὴν
1046 2871 1340 2941 τιμωρίαν,
1368 2871 1456 2924 ἴνα
1486 2870 1665 2941 φύγῃς

89 2969 177 3020 τὸν
203 2968 468 3021 κίνδυνον.
516 2965 642 3018 Ἐὰν
678 2964 809 3038 εἴπῃ
836 2977 951 3017 σοι’
984 2964 1297 3033 Νήστευσον
1320 3001 1336 3026 ,
1386 2962 1667 3034 προῦάλλῃ

91 3056 393 3110 ἀσθένειαν·
458 3054 556 3108 ἐὰν
612 3055 747 3127 εἴπῃ
812 3070 896 3106 σοι
949 3068 965 3084 ο
1008 3052 1302 3121 Ἐλέησον,
1353 3050 1667 3121 προφασίζῃ

94 3147 279 3201 πενίαν
327 3162 346 3179 ο
376 3147 473 3199 ea»
514 3145 647 3218 εἴπῃ
677 3162 761 3198 σοι
787 3161 801 3176 ·
832 3144 1159 3215 Συνάχθητι,
1200 3142 1428 3213 ἀκηδίαν
1459 3141 1668 3212 σεαυτῷ

95 3240 371 3308 ὑποτίθης’
406 3238 502 3293 ἑὰν
539 3237 670 3310 εἴπῃ
699 3253 784 3290 σοι
809 3252 825 3268 ·
860 3238 955 3306 Mr;
999 3236 1244 3306 ὀργίξου,
1270 3234 1322 3289 τί
1351 3234 1494 3304 ἔχεις
1531 3234 1669 3305 πρὸς

1829 2504 1985 2561 Unde
2018 2520 2237 2576 semper
2280 2514 2412 2560 ante
2450 2506 2641 2561 oculos
2681 2505 2981 2575 gehennam
3028 2502 3349 2574 habeamus.

1756 2599 1896 2654 Cum
1919 2598 2064 2654 enim
2095 2597 2258 2653 etiam
2294 2598 2340 2652 si
2370 2598 2613 2668 gehenna
2649 2612 2756 2651 non
2781 2596 3186 2661 intenderetur,
3226 2611 3353 2666 pec-

1756 2704 1877 2751 cata
1921 2696 2098 2751 vitare
2132 2694 2455 2749 deberemus
2505 2712 2519 2748 :
2561 2703 2768 2763 quanto
2805 2691 2980 2763 magis
3022 2694 3124 2749 hac
3165 2692 3351 2747 immi-

1760 2798 1924 2846 nente
1971 2787 2318 2859 propriorum
2349 2785 2626 2841 reminisci
2667 2796 3011 2856 peccatorum
3050 2785 3354 2842 debemus?

1762 2877 2068 2933 Recordare
2092 2875 2277 2946 μιθνηί
2323 2872 2550 2929 Iudicis.
2584 2873 2724 2928 Ecce
2760 2873 2905 2927 enim
2942 2873 3205 2927 ultionem
3253 2873 3352 2929 tibi

1762 2970 2015 3041 praedico,
2040 2976 2100 3023 ut
2123 2966 2425 3039 periculum
2453 2964 2651 3037 fugias.
2676 2963 2734 3021 Si
2758 2964 2961 3020 dixerit
2980 2964 3076 3021 tibi
3096 2982 3111 3020 :
3130 2963 3351 3034 Jejuna,

1763 3059 2056 3131 pmtendis
2084 3057 2555 3122 imbecillitatem;
2582 3055 2628 3111 si
2664 3056 2761 3111 tibi
2789 3055 3026 3112 dixerit:
3064 3055 3345 3120 Miserere,

1762 3148 2171 3203 excusationem
2211 3144 2464 3199 obtendis
2497 3145 2863 3214 paupertatis;
2907 3145 2953 3199 si
2979 3143 3076 3198 tibi
3104 3143 3347 3200 dixerit:

1767 3238 1847 3293 Ad
1877 3238 2159 3313 collectam
2190 3235 2339 3299 veni,
2363 3233 2747 3305 negligentiam
2788 3234 2880 3289 tibi
2911 3234 3014 3304 ipsi
3045 3235 3345 3306 supponis;

92 3332 243 3385 τοῦτο
276 3333 474 3397 εἰπεῖν,
499 3331 634 3385 ὅπου
654 3329 780 3383 οὔτε
811 3329 1049 3383 ίδιωτεία
1073 3327 1197 3381 οὔτε
1217 3328 1442 3398 ἀσχολία
1465 3328 1662 3382 κωλύει

1766 3334 1824 3387 Si
1855 3332 1949 3387 tibi
1988 3331 2228 3393 dixerit,
2253 3328 2375 3384 Noli
2400 3329 2559 3384 irasci
2593 3346 2610 3385 :
2650 3328 2780 3398 quid
2818 3338 3005 3383 contra
3035 3328 3141 3385 hoc
3166 3329 3350 3385 dicere

95 3426 311 3495 ποιῆσαι
338 3423 441 3492 τὴν
470 3423 707 3495 ἀρετήν;
741 3420 949 3475 Οὐκοῦν
972 3420 1354 3490 ἀσύγγνωστος
1373 3420 1450 3473 ὢν
1481 3420 1572 3472 ἐπὶ
1593 3421 1659 3489 τῇ

93 3517 351 3589 ἁμαρτίᾳ,
395 3515 510 3579 πῶς
553 3516 759 3585 δυνήσῃ
787 3516 886 3578 τὰς
928 3516 1120 3586 χεῖρας
1147 3514 1384 3567 ἐκτεῖναι
1446 3512 1525 3574 είς
1570 3510 1662 3563 τὸν

92 3612 355 3682 ούρανόνς
398 3610 515 3672 πῶς
544 3608 641 3679 τὴν
686 3606 935 3675 γλῶσσαν
980 3606 1242 3675 κινῆσαις
1294 3603 1411 3665 πῶς
1441 3602 1662 3671 αἰτῆσαι

95 3705 457 3775 συγννὼμηνς
507 3702 813 3771 Ἠδίκησαι,
854 3700 1247 3770 ἀπεστέρησαι,
1283 3694 1468 3757 κακῶς
1498 3695 1661 3765 ἤκου-

95 3814 213 3862 σας,
254 3796 399 3866 μέγα
425 3793 682 3863 saxeam,
734 3793 860 3862 μένε
904 3790 1000 3844 τοῦ
1027 3790 1286 3860 ἄρχοντος
1313 3788 1413 3858 τὴν
1445 3788 1661 3857 ἀπόφα-

95 3902 196 3941 ση.
225 3887 286 3940 Εἰ
330 3883 443 3955 γάρ
487 3900 633 3946 τινος
672 3880 859 3935 δοῦλον
901 3879 1203 3951 ὑϐρίσαντά
1243 3896 1302 3931 σε
1354 3878 1415 3931 ού
1459 3877 1661 3948 δέρεις,

94 3981 227 4034 ἀλλά
252 3980 331 4051 τῷ
368 3978 602 4051 δεσπότῃ
645 3976 812 4033 αὐτοῦ
842 3975 1300 4047 προσαναφέρεις,
1336 3974 1489 4043 πόσῳ
1521 3973 1659 4042 μάλ-

93 4074 179 4126 λον
204 4075 299 4126 ἐπὶ
333 4072 429 4126 τοῦ
457 4072 700 4134 εἰπόντος
740 4088 753 4100 ο
811 4068 968 4138 Ἐμοὶ
987 4067 1302 4134 ἐκδίκησις
1323 4106 1340 4131 ,
1365 4066 1481 4133 ἐγὼ
1513 4066 1660 4119 ἀντ·

94 4166 402 4225 ἀποδώσω.
480 4162 642 4233 λέγει
684 4164 934 4230 Κύριος-ς
978 4161 1338 4230 Ἐνήστευσας
1387 4158 1493 4211 ἀπὺ
1523 4157 1663 4228 βρω-

97 4258 311 4326 μάτωνς
353 4256 525 4309 Βλέπε
548 4257 708 4308 ποίαν
735 4256 843 4324 ἄρα
868 4252 1114 4321 ἀπενίψω
1135 4249 1431 4320 ἁμαρτίαν,
1458 4249 1491 4318 ἢ
1521 4248 1663 4301 κατά

92 4348 142 4399 τί
180 4346 404 4418 βελτίων
428 4345 620 4399 ἑαυτοῦ
640 4344 890 4415 ἐγένολμῆ
918 4346 1069 4397 ποῖον
1095 4342 1661 4415 προσεκτήσωκατόρο

94 4442 269 4511 θωμα,
323 4439 359 4510 ἢ
405 4442 555 4493 ποῖον
592 4439 880 4505 ἐλάττωμα
929 4436 1242 4508 διωρθώσω.
1276 4434 1446 4498 Εἰδὼς
1482 4434 1664 4487 τοίνυν

91 4531 163 4594 ὡς
187 4532 264 4601 τῷ
280 4530 377 4584 τοῦ
412 4530 613 4601 Κυρίου
641 4529 844 4600 βήματι
876 4529 1085 4599 μέλλων
1112 4526 1501 4599 παρίστασθαι,
1535 4525 1664 4579 ἔνθα

1763 3434 1940 3496 potes,
1970 3423 2066 3479 ubi
2100 3437 2278 3493 neque
2304 3421 2633 3490 ignorantia,
2662 3436 2840 3491 neque
2867 3423 3141 3493 negotium
3173 3422 3349 3479 virtu-

1764 3528 1869 3574 tem
1901 3531 2162 3573 cxcrcere
2192 3515 2482 3586 prohibet?
2521 3514 2808 3581 Quomodo
2842 3516 3007 3583 igitur
3033 3532 3158 3573 cum
3188 3520 3348 3574 venia

1763 3613 1840 3666 sis
1892 3610 2154 3677 indignus
2200 3610 2429 3679 peccati,
2461 3609 2515 3663 in
2559 3608 2757 3664 uelum
2818 3624 3012 3665 manus
3055 3609 3351 3668 extendere

1761 3704 2003 3775 poteris?
2038 3706 2310 3773 quomodo
2359 3703 2596 3773 linguam
2636 3703 2894 3758 movere?
2938 3704 3212 3774 quomodo
3255 3721 3349 3761 ve-

1762 3798 1905 3853 niam
1950 3796 2165 3867 petere?
2218 3794 2418 3866 lnjuria
2459 3796 2684 3851 allectus
2706 3811 2784 3862 es,
2804 3812 2862 3852 re
2886 3804 2978 3850 tua
3003 3796 3248 3866 privatus
3268 3814 3348 3867 es,

1762 3894 1905 3947 male
1930 3890 2153 3947 audiisti
2183 3908 2196 3944 :
2242 3904 2570 3960 magnopere
2597 3889 2757 3943 laesus
2784 3904 2865 3952 es,
2900 3899 3154 3960 exspecta
3179 3893 3351 3963 magi-

1760 3993 1963 4040 stratus
1998 3983 2340 4037 scntentiam.
2374 3978 2431 4035 Si
2448 3982 2592 4035 enim
2606 3980 2909 4049 cuiuspiam
2930 3996 3146 4036 servum
3173 3984 3266 4052 qui
3301 3993 3351 4038 te

1762 4076 2000 4133 all'ecerit
2019 4074 2396 4138 contumeliis,
2414 4088 2521 4129 non
2539 4074 2813 4136 verberas,
2831 4072 2926 4128 sed
2944 4073 3116 4143 ipsius
3130 4075 3353 4131 domino

1760 4168 1955 4225 oll‘ers:
1980 4176 2187 4238 quanto
2232 4166 2407 4235 magis
2443 4164 2761 4234 ergaillnm,
2785 4165 3031 4235 quidixit
3065 4181 3080 4219 :
3124 4167 3245 4222 Hea
3271 4181 3351 4225 est

1761 4262 1914 4328 ultio,
1930 4270 1981 4315 et
2002 4277 2096 4332 ego
2109 4258 2394 4315 retribuam
2410 4257 2495 4311 οοτ
2518 4255 2784 4326 Jejunasti
2806 4271 2839 4311 a
2862 4255 3034 4311 cibis!
3056 4256 3178 4313 vide
3202 4260 3351 4330 quod

1762 4355 1887 4429 inde
1914 4364 2195 4423 peccatum
2244 4348 2540 4414 abstulisti,
2574 4349 2658 4405 vel
2712 4351 2765 4403 in
2796 4364 2908 4419 quo
2960 4349 3134 4421 teipse
3174 4350 3352 4409 factus

1761 4445 2046 4510 esmelior,
2080 4446 2163 4498 vel
2219 4458 2381 4512 quem
2409 4442 2691 4512 acquisisti
2736 4439 3065 4512 profectum,
3119 4458 3353 4514 quemve

1763 4542 2032 4594 delectum
2052 4536 2363 4592 correxisti.
2378 4536 2573 4591 Sciens
2601 4536 2784 4603 itaque
2808 4536 2954 4603 quod
2985 4528 3111 4590 ante
3130 4534 3353 4592 Domini

93 4626 150 4677 ού
170 4625 411 4695 δεινότης
434 4623 685 4693 γλώσσης
720 4622 914 4693 ἰσχύει,
946 4624 1009 4675 οὐ
1040 4624 1327 4692 συνήγοροι
1358 4618 1662 4691 βοηθοῦσιν,

1769 4630 2008 4686 tribunal
2024 4629 2298 4685 sistendus
2323 4642 2407 4691 es,
2438 4627 2529 4683 ubi
2568 4628 2705 4682 nihil
2724 4628 2921 4699 linguae
2944 4625 3348 4694 valetfacultns,

95 4717 178 4769 διὰ
213 4718 388 4788 πυρὸς
425 4717 784 4787 διερχομένης
820 4732 913 4769 σου
955 4715 1049 4785 τῆς
1092 4715 1305 4784 ψυχῆς,
1337 4712 1664 4784 πρόπεμψον

93 4807 300 4875 δρόσον,
340 4806 562 4877 κίνησον
596 4807 849 4879 δακρύων
898 4807 1095 4878 πηγάς.
1148 4807 1333 4876 Ἔχεις
1360 4806 1423 4858 τὸ
1451 4804 1628 4875 φρέαρ
1649 4845 1664 4870 ,

97 4903 159 4953 ἐκ
183 4900 278 4953 τοῦ
308 4899 471 4970 βυθοῦ
500 4900 600 4971 τῆς
621 4900 844 4971 καρδίας
869 4900 968 4969 τὴν
1000 4897 1176 4968 λύπην
1199 4898 1482 4968 ἄντλησον,
1518 4897 1667 4967 κίνη-

98 5006 185 5041 σον
204 4989 302 5052 τάς
334 4988 589 5059 διδύμους
614 4988 803 5060 κόρας.
842 4988 934 5041 καὶ
962 4988 1166 5059 πρόχεε
1192 4987 1305 5040 τῶν
1334 4985 1584 5055 δακρύων
1601 4986 1671 5038 τά

98 5081 345 5152 ῥεύματα
389 5096 405 5111 ⁸
443 5083 563 5135 κατ’
606 5081 900 5148 ἀναλογίαν
945 5079 1056 5131 τῶν
1086 5078 1493 5148 ἡμαρτημένων
1530 5077 1672 5131 ἔστω

99 5190 177 5225 σοι
211 5175 271 5227 τὸ
289 5174 549 5245 δάκρυον.
578 5174 640 5226 El
666 5172 864 5244 μικρόν
884 5171 967 5227 σοί
991 5188 1046 5223 τι
1069 5171 1330 5239 ἔσφαλται
1351 5212 1367 5235 ,
1397 5171 1562 5240 ἀρκεῖ
1578 5171 1672 5223 καὶ

98 5264 269 5334 βραχὺ
307 5266 581 5336 δάκρυονο
626 5267 674 5319 εί
715 5264 772 5317 δὲ
801 5265 943 5334 μέγα
966 5282 1060 5317 σου
1076 5264 1138 5316 τὸ
1180 5263 1424 5332 σφάλμα,
1472 5261 1673 5333 μείζων

101 5372 193 5408 σου
221 5355 475 5428 δακρύων
504 5356 800 5428 χείμαρρος
832 5356 1082 5426 γένηται.
1125 5354 1187 5406 El
1218 5353 1276 5405 δὲ
1317 5353 1409 5406 καὶ
1434 5351 1672 5424 καθαρό-

97 5464 232 5517 τητα
258 5449 542 5518 κέκτησαι,
564 5448 809 5503 δάνεισον
828 5447 975 5517 ἄλλῳ
1000 5448 1062 5500 τὸ
1087 5447 1321 5516 δάκρυον
1339 5486 1355 5511 ,
1386 5445 1481 5498 καὶ
1510 5442 1673 5497 κλαῦ-

99 5566 186 5602 σον
229 5551 369 5623 ὑπὲρ
411 5552 642 5622 ἀδελφοῦ
688 5554 1105 5624 ἁμαρτήσαντος
1131 5568 1142 5582 ·
1185 5550 1395 5619 γένοιτο
1450 5547 1544 5611 δὲ,
1584 5548 1671 5601 ἴνα

98 5643 197 5695 κᾶν
238 5644 379 5715 ὑπὲρ
428 5645 537 5698 τῶν
602 5645 748 5699 ἰδίων
798 5643 1213 5717 ἁμαρτημάτων
1258 5643 1619 5715 δακρύσωμεν
1650 5658 1665 5675 ο

170 5825 215 5855 ”
272 5827 423 5881 Deut.
488 5839 661 5883 xxvii.
712 5823 800 5876 55.

408 5915 679 5974 I'ATltOL.
715 5913 828 5973 tia.
868 5913 1250 5975 LXXXVIII

1761 4739 1867 4781 non
1885 4722 2215 4778 auxiliantur
2247 4720 2519 4786 advocati,
2548 4728 2805 4790 tanquam
2833 4719 3015 4773 anima
3043 4728 3133 4775 tua
3160 4720 3229 4775 sit
3256 4735 3352 4790 per

1762 4816 1943 4887 ignem
1987 4813 2307 4878 transitura,
2331 4812 2619 4883 ριιαιιηίιιει
2632 4827 2845 4874 rorem,
2881 4810 3048 4866 funde
3085 4812 3352 4884 lacryma-

1764 4924 1885 4962 rnm
1918 4906 2117 4962 fontes.
2154 4903 2334 4959 [Iabes
2371 4906 2617 4973 puteum,
2639 4919 2703 4958 ex
2738 4902 2923 4960 cordis
2950 4903 3219 4975 profundo
3253 4905 3352 4961 tri-

1767 5000 1969 5054 stitiam
2010 4995 2188 5059 hauri,
2218 4997 2466 5067 geminas
2492 5010 2775 5051 con-move
2800 4996 3057 5066 pupillas,
3095 5006 3151 5052 et
3175 4997 3352 5068 Iacry-

1771 5107 1982 5145 marum
2018 5088 2287 5159 profunde
2344 5087 2588 5152 ﬂuenta,
2646 5090 2946 5144 secundum
3000 5098 3348 5159 peccatormn

1770 5181 2175 5253 proportionem
2203 5178 2275 5233 sit
2300 5177 2395 5232 tibi
2424 5178 2681 5249 lacryma.
2706 5177 2763 5233 Si
2795 5182 2847 5233 in
2871 5180 3051 5249 aliqua
3074 5194 3134 5233 re
3156 5180 3348 5249 exigua

1770 5272 2065 5342 deliquisti,
2090 5268 2289 5324 sullicit
2307 5279 2363 5324 et
2385 5270 2578 5341 exigua
2600 5271 2837 5343 lacryma
2865 5288 2881 5325 :
2914 5271 3001 5328 sin
3027 5280 3207 5327 autem
3230 5287 3349 5325 ma-

1773 5379 1938 5437 gnum
1993 5369 2079 5417 est
2119 5361 2378 5437 delictum
2425 5371 2620 5429 tuum,
2668 5363 2843 5431 major
2880 5364 2952 5418 sit
2984 5364 3346 5434 lacrymarum

1774 5469 1989 5513 tuarum
2026 5465 2261 5510 torrens.
2299 5454 2355 5509 Si
2387 5470 2518 5510 vero
2555 5456 2843 5526 puritatem
2872 5472 3089 5527 quoque
3122 5456 3345 5521 retines,

1773 5550 1931 5606 alteri
1991 5557 2181 5604 mutua
2216 5549 2544 5618 laerymam,
2565 5559 2619 5604 ct
2651 5565 2749 5620 pro
2784 5550 2950 5605 l‘ratre
2980 5550 3135 5620 lapso
3170 5550 3343 5620 plora.

1774 5642 1989 5698 Utinam
2002 5657 2133 5697 vero
2165 5642 2353 5697 saltem
2386 5656 2485 5713 pro
2516 5645 3196 5715 peccatislacrymaremus
3222 5658 3346 5715 pro-

3031 5912 3105 5975 62
