  <div class='ocr_page' id='page_1' title='image "/cluster/home/n/w/nwhite01/storage/ocr_20150623/88/nnc1.0046980237/973.png"; bbox 0 0 4112 6416; ppageno 0'>
   <div class='ocr_carea' id='block_1_1' title="bbox 664 339 806 405">
    <p class='ocr_par' dir='ltr' id='par_1_1' title="bbox 664 339 806 405">
     <span class='ocr_line' id='line_1_1' title="bbox 664 339 806 405; baseline 0.021 -3"><span class='ocrx_word' id='word_1_1' title='bbox 664 339 806 405; x_wconf 72' lang='grc'><strong>1963</strong></span> 
     </span>
    </p>
   </div>
   <div class='ocr_carea' id='block_1_2' title="bbox 1592 341 3016 406">
    <p class='ocr_par' dir='ltr' id='par_1_2' title="bbox 1592 341 3016 406">
     <span class='ocr_line' id='line_1_2' title="bbox 1592 341 3016 406; baseline 0.001 -4"><span class='ocrx_word' id='word_1_2' title='bbox 1592 341 1917 403; x_wconf 67' lang='grc' dir='ltr'><strong>ΙΟΑΝΝΙΞ</strong></span> <span class='ocrx_word' id='word_1_3' title='bbox 1939 343 2463 406; x_wconf 75' lang='lat' dir='ltr'><strong>JEJUNATORIS</strong></span> <span class='ocrx_word' id='word_1_4' title='bbox 2500 343 2612 406; x_wconf 76' lang='grc' dir='ltr'><strong>ΟΡ.</strong></span> <span class='ocrx_word' id='word_1_5' title='bbox 2656 342 3016 404; x_wconf 80' lang='lat' dir='ltr'><strong>ARCl-IIEP.</strong></span> 
     </span>
    </p>
   </div>
   <div class='ocr_carea' id='block_1_3' title="bbox 3846 324 3968 392">
    <p class='ocr_par' dir='ltr' id='par_1_3' title="bbox 3846 324 3968 392">
     <span class='ocr_line' id='line_1_3' title="bbox 3846 324 3968 392; baseline 0.016 -2"><span class='ocrx_word' id='word_1_6' title='bbox 3846 324 3968 392; x_wconf 61' lang='lat'><strong>151</strong></span> 
     </span>
    </p>
   </div>
   <div class='ocr_carea' id='block_1_4' title="bbox 661 445 2259 530">
    <p class='ocr_par' dir='ltr' id='par_1_4' title="bbox 661 451 2252 524">
     <span class='ocr_line' id='line_1_4' title="bbox 661 451 2252 524; baseline 0.003 -17"><span class='ocrx_word' id='word_1_7' title='bbox 661 456 815 524; x_wconf 87' lang='lat' dir='ltr'><strong>priis.</strong></span> <span class='ocrx_word' id='word_1_8' title='bbox 850 451 1004 508; x_wconf 82' lang='lat' dir='ltr'><strong>Unde</strong></span> <span class='ocrx_word' id='word_1_9' title='bbox 1037 460 1320 523; x_wconf 82' lang='lat' dir='ltr'><strong>peccatum</strong></span> <span class='ocrx_word' id='word_1_10' title='bbox 1352 453 1642 522; x_wconf 72' lang='lat' dir='ltr'><strong>processit,</strong></span> <span class='ocrx_word' id='word_1_11' title='bbox 1670 456 1884 510; x_wconf 81' lang='lat' dir='ltr'><strong>oriatur</strong></span> <span class='ocrx_word' id='word_1_12' title='bbox 1931 456 2056 510; x_wconf 77' lang='lat' dir='ltr'><strong>loris</strong></span> <span class='ocrx_word' id='word_1_13' title='bbox 2079 457 2252 512; x_wconf 88' lang='lat' dir='ltr'><strong>medi-</strong></span> 
     </span>
    </p>
   </div>
   <div class='ocr_carea' id='block_1_5' title="bbox 2356 445 3965 530">
    <p class='ocr_par' dir='ltr' id='par_1_5' title="bbox 2356 445 3965 530">
     <span class='ocr_line' id='line_1_5' title="bbox 2356 445 3965 530; baseline -0.01 -18"><span class='ocrx_word' id='word_1_14' title='bbox 2356 459 2479 512; x_wconf 77' lang='grc' dir='ltr'><strong>ὅθεν</strong></span> <span class='ocrx_word' id='word_1_15' title='bbox 2508 461 2542 530; x_wconf 81' lang='grc' dir='ltr'><strong>ἠ</strong></span> <span class='ocrx_word' id='word_1_16' title='bbox 2572 459 2832 530; x_wconf 79' lang='grc' dir='ltr'><strong>ἁμαρτία,</strong></span> <span class='ocrx_word' id='word_1_17' title='bbox 2856 454 3121 526; x_wconf 78' lang='grc' dir='ltr'><strong>προῆλθε,</strong></span> <span class='ocrx_word' id='word_1_18' title='bbox 3145 453 3390 523; x_wconf 80' lang='grc' dir='ltr'><strong>γενέσθω</strong></span> <span class='ocrx_word' id='word_1_19' title='bbox 3418 453 3457 522; x_wconf 72' lang='grc' dir='ltr'><strong>ἠ</strong></span> <span class='ocrx_word' id='word_1_20' title='bbox 3669 447 3786 517; x_wconf 80' lang='grc' dir='ltr'><strong>τῆς</strong></span> <span class='ocrx_word' id='word_1_21' title='bbox 3817 445 3965 516; x_wconf 78' lang='grc' dir='ltr'><strong>θεραο</strong></span> 
     </span>
    </p>
   </div>
   <div class='ocr_carea' id='block_1_6' title="bbox 661 547 2253 620">
    <p class='ocr_par' dir='ltr' id='par_1_6' title="bbox 661 547 2253 620">
     <span class='ocr_line' id='line_1_6' title="bbox 661 547 2253 620; baseline 0.003 -20"><span class='ocrx_word' id='word_1_22' title='bbox 661 549 822 612; x_wconf 72' lang='lat' dir='ltr'><strong>cinae,</strong></span> <span class='ocrx_word' id='word_1_23' title='bbox 856 555 914 600; x_wconf 83' lang='lat' dir='ltr'><strong>et</strong></span> <span class='ocrx_word' id='word_1_24' title='bbox 964 548 1286 616; x_wconf 76' lang='lat' dir='ltr'><strong>priusquam</strong></span> <span class='ocrx_word' id='word_1_25' title='bbox 1317 547 1486 616; x_wconf 81' lang='lat' dir='ltr'><strong>janua</strong></span> <span class='ocrx_word' id='word_1_26' title='bbox 1515 547 1838 602; x_wconf 85' lang='lat' dir='ltr'><strong>occlndatur</strong></span> <span class='ocrx_word' id='word_1_27' title='bbox 1880 550 2253 620; x_wconf 67' lang='lat' dir='ltr'><strong>paenitentiam</strong></span> 
     </span>
    </p>
   </div>
   <div class='ocr_carea' id='block_1_7' title="bbox 661 637 2257 708">
    <p class='ocr_par' dir='ltr' id='par_1_7' title="bbox 661 637 2257 708">
     <span class='ocr_line' id='line_1_7' title="bbox 661 637 2257 708; baseline 0.007 -17"><span class='ocrx_word' id='word_1_28' title='bbox 661 654 914 708; x_wconf 80' lang='lat' dir='ltr'><strong>agamus.</strong></span> <span class='ocrx_word' id='word_1_29' title='bbox 949 637 1050 692; x_wconf 85' lang='lat' dir='ltr'><strong>Ubi</strong></span> <span class='ocrx_word' id='word_1_30' title='bbox 1088 651 1405 706; x_wconf 80' lang='lat' dir='ltr'><strong>peccatum,</strong></span> <span class='ocrx_word' id='word_1_31' title='bbox 1455 641 1562 697; x_wconf 93' lang='lat' dir='ltr'><strong>illic</strong></span> <span class='ocrx_word' id='word_1_32' title='bbox 1592 643 1686 697; x_wconf 87' lang='lat' dir='ltr'><strong>liat</strong></span> <span class='ocrx_word' id='word_1_33' title='bbox 1721 653 1777 697; x_wconf 90' lang='lat' dir='ltr'><strong>et</strong></span> <span class='ocrx_word' id='word_1_34' title='bbox 1802 644 2024 700; x_wconf 88' lang='lat' dir='ltr'><strong>solutio.</strong></span> <span class='ocrx_word' id='word_1_35' title='bbox 2059 644 2137 701; x_wconf 84' lang='lat' dir='ltr'><strong>Ne</strong></span> <span class='ocrx_word' id='word_1_36' title='bbox 2167 646 2257 702; x_wconf 76' lang='lat' dir='ltr'><strong>llic</strong></span> 
     </span>
    </p>
   </div>
   <div class='ocr_carea' id='block_1_8' title="bbox 662 735 2254 807">
    <p class='ocr_par' dir='ltr' id='par_1_8' title="bbox 662 735 2254 807">
     <span class='ocr_line' id='line_1_8' title="bbox 662 735 2254 807; baseline 0.007 -24"><span class='ocrx_word' id='word_1_37' title='bbox 662 735 737 785; x_wconf 85' lang='lat' dir='ltr'><strong>sit</strong></span> <span class='ocrx_word' id='word_1_38' title='bbox 787 741 1091 803; x_wconf 85' lang='lat' dir='ltr'><strong>peccatum,</strong></span> <span class='ocrx_word' id='word_1_39' title='bbox 1138 742 1193 788; x_wconf 89' lang='lat' dir='ltr'><strong>et</strong></span> <span class='ocrx_word' id='word_1_40' title='bbox 1249 735 1304 789; x_wconf 90' lang='lat' dir='ltr'><strong>in</strong></span> <span class='ocrx_word' id='word_1_41' title='bbox 1360 736 1501 790; x_wconf 73' lang='lat' dir='ltr'><strong>cmlo</strong></span> <span class='ocrx_word' id='word_1_42' title='bbox 1549 737 1888 807; x_wconf 63' lang='lat' dir='ltr'><strong>paenitentia.</strong></span> <span class='ocrx_word' id='word_1_43' title='bbox 1924 737 2254 794; x_wconf 86' lang='lat' dir='ltr'><strong>Potestatem</strong></span> 
     </span>
    </p>
   </div>
   <div class='ocr_carea' id='block_1_9' title="bbox 662 822 2256 901">
    <p class='ocr_par' dir='ltr' id='par_1_9' title="bbox 662 822 2256 901">
     <span class='ocr_line' id='line_1_9' title="bbox 662 822 2256 901; baseline 0.007 -27"><span class='ocrx_word' id='word_1_44' title='bbox 662 822 809 875; x_wconf 73' lang='lat' dir='ltr'><strong>enim</strong></span> <span class='ocrx_word' id='word_1_45' title='bbox 856 822 1018 876; x_wconf 77' lang='lat' dir='ltr'><strong>liabet</strong></span> <span class='ocrx_word' id='word_1_46' title='bbox 1066 838 1230 892; x_wconf 85' lang='lat' dir='ltr'><strong>super</strong></span> <span class='ocrx_word' id='word_1_47' title='bbox 1270 834 1472 878; x_wconf 74' lang='lat' dir='ltr'><strong>terram</strong></span> <span class='ocrx_word' id='word_1_48' title='bbox 1519 830 1741 895; x_wconf 85' lang='lat' dir='ltr'><strong>peccata</strong></span> <span class='ocrx_word' id='word_1_49' title='bbox 1787 828 2118 897; x_wconf 71' lang='lat' dir='ltr'><strong>dimittendi,</strong></span> <span class='ocrx_word' id='word_1_50' title='bbox 2160 831 2256 901; x_wconf 87' lang='lat' dir='ltr'><strong>qui</strong></span> 
     </span>
    </p>
   </div>
   <div class='ocr_carea' id='block_1_10' title="bbox 664 915 2257 990">
    <p class='ocr_par' dir='ltr' id='par_1_10' title="bbox 664 915 2257 990">
     <span class='ocr_line' id='line_1_10' title="bbox 664 915 2257 990; baseline 0.006 -22"><span class='ocrx_word' id='word_1_51' title='bbox 664 932 766 969; x_wconf 85' lang='lat' dir='ltr'><strong>nos</strong></span> <span class='ocrx_word' id='word_1_52' title='bbox 800 915 1024 970; x_wconf 88' lang='lat' dir='ltr'><strong>redimit</strong></span> <span class='ocrx_word' id='word_1_53' title='bbox 1060 915 1312 972; x_wconf 83' lang='lat' dir='ltr'><strong>Salvator</strong></span> <span class='ocrx_word' id='word_1_54' title='bbox 1343 920 1383 970; x_wconf 87' lang='grc'><strong>¹.</strong></span> <span class='ocrx_word' id='word_1_55' title='bbox 1419 919 1571 974; x_wconf 82' lang='lat' dir='ltr'><strong>Unde</strong></span> <span class='ocrx_word' id='word_1_56' title='bbox 1597 922 1688 990; x_wconf 90' lang='lat' dir='ltr'><strong>qui</strong></span> <span class='ocrx_word' id='word_1_57' title='bbox 1720 932 1869 978; x_wconf 85' lang='lat' dir='ltr'><strong>stare</strong></span> <span class='ocrx_word' id='word_1_58' title='bbox 1899 922 2143 988; x_wconf 87' lang='lat' dir='ltr'><strong>videtur,</strong></span> <span class='ocrx_word' id='word_1_59' title='bbox 2175 925 2257 978; x_wconf 91' lang='lat' dir='ltr'><strong>vi-</strong></span> 
     </span>
    </p>
   </div>
   <div class='ocr_carea' id='block_1_11' title="bbox 664 1007 2254 1086">
    <p class='ocr_par' dir='ltr' id='par_1_11' title="bbox 664 1007 2254 1086">
     <span class='ocr_line' id='line_1_11' title="bbox 664 1007 2254 1086; baseline 0.006 -26"><span class='ocrx_word' id='word_1_60' title='bbox 664 1007 790 1061; x_wconf 89' lang='lat' dir='ltr'><strong>deat</strong></span> <span class='ocrx_word' id='word_1_61' title='bbox 837 1022 905 1061; x_wconf 90' lang='lat' dir='ltr'><strong>ne</strong></span> <span class='ocrx_word' id='word_1_62' title='bbox 941 1009 1136 1062; x_wconf 76' lang='lat' dir='ltr'><strong>cadat’</strong></span> <span class='ocrx_word' id='word_1_63' title='bbox 1167 1027 1180 1063; x_wconf 96' lang='lat'><strong>:</strong></span> <span class='ocrx_word' id='word_1_64' title='bbox 1209 1010 1303 1078; x_wconf 91' lang='lat' dir='ltr'><strong>qui</strong></span> <span class='ocrx_word' id='word_1_65' title='bbox 1331 1027 1460 1065; x_wconf 88' lang='lat' dir='ltr'><strong>vero</strong></span> <span class='ocrx_word' id='word_1_66' title='bbox 1495 1012 1606 1080; x_wconf 88' lang='lat' dir='ltr'><strong>jam</strong></span> <span class='ocrx_word' id='word_1_67' title='bbox 1656 1013 1840 1082; x_wconf 88' lang='lat' dir='ltr'><strong>lapsus</strong></span> <span class='ocrx_word' id='word_1_68' title='bbox 1873 1024 1978 1082; x_wconf 90' lang='lat' dir='ltr'><strong>est,</strong></span> <span class='ocrx_word' id='word_1_69' title='bbox 2025 1025 2254 1086; x_wconf 84' lang='lat' dir='ltr'><strong>surgat:</strong></span> 
     </span>
    </p>
   </div>
   <div class='ocr_carea' id='block_1_12' title="bbox 665 1100 2259 1174">
    <p class='ocr_par' dir='ltr' id='par_1_12' title="bbox 665 1100 2259 1174">
     <span class='ocr_line' id='line_1_12' title="bbox 665 1100 2259 1174; baseline 0.006 -22"><span class='ocrx_word' id='word_1_70' title='bbox 665 1100 758 1167; x_wconf 88' lang='lat' dir='ltr'><strong>qui</strong></span> <span class='ocrx_word' id='word_1_71' title='bbox 804 1100 1017 1164; x_wconf 86' lang='lat' dir='ltr'><strong>cecidit,</strong></span> <span class='ocrx_word' id='word_1_72' title='bbox 1081 1115 1186 1154; x_wconf 93' lang='lat' dir='ltr'><strong>non</strong></span> <span class='ocrx_word' id='word_1_73' title='bbox 1240 1102 1638 1172; x_wconf 83' lang='lat' dir='ltr'><strong>confringatur.</strong></span> <span class='ocrx_word' id='word_1_74' title='bbox 1692 1105 1748 1159; x_wconf 88' lang='lat' dir='ltr'><strong>Si</strong></span> <span class='ocrx_word' id='word_1_75' title='bbox 1801 1108 1925 1174; x_wconf 85' lang='lat' dir='ltr'><strong>quis</strong></span> <span class='ocrx_word' id='word_1_76' title='bbox 1964 1115 2146 1162; x_wconf 89' lang='lat' dir='ltr'><strong>autem</strong></span> <span class='ocrx_word' id='word_1_77' title='bbox 2203 1117 2259 1162; x_wconf 87' lang='lat' dir='ltr'><strong>et</strong></span> 
     </span>
    </p>
   </div>
   <div class='ocr_carea' id='block_1_13' title="bbox 667 1189 2258 1267">
    <p class='ocr_par' dir='ltr' id='par_1_13' title="bbox 667 1189 2258 1267">
     <span class='ocr_line' id='line_1_13' title="bbox 667 1189 2258 1267; baseline 0.007 -24"><span class='ocrx_word' id='word_1_78' title='bbox 667 1189 980 1245; x_wconf 75' lang='lat' dir='ltr'><strong>confractus</strong></span> <span class='ocrx_word' id='word_1_79' title='bbox 1013 1199 1118 1257; x_wconf 89' lang='lat' dir='ltr'><strong>est,</strong></span> <span class='ocrx_word' id='word_1_80' title='bbox 1143 1192 1298 1250; x_wconf 89' lang='lat' dir='ltr'><strong>adest</strong></span> <span class='ocrx_word' id='word_1_81' title='bbox 1329 1193 1592 1250; x_wconf 88' lang='lat' dir='ltr'><strong>Dmninus</strong></span> <span class='ocrx_word' id='word_1_82' title='bbox 1621 1197 1712 1266; x_wconf 87' lang='lat' dir='ltr'><strong>qui</strong></span> <span class='ocrx_word' id='word_1_83' title='bbox 1743 1198 1905 1267; x_wconf 81' lang='lat' dir='ltr'><strong>erigit</strong></span> <span class='ocrx_word' id='word_1_84' title='bbox 1931 1198 2118 1253; x_wconf 92' lang='lat' dir='ltr'><strong>elisos.</strong></span> <span class='ocrx_word' id='word_1_85' title='bbox 2151 1200 2258 1254; x_wconf 84' lang='lat' dir='ltr'><strong>Ac-</strong></span> 
     </span>
    </p>
   </div>
   <div class='ocr_carea' id='block_1_14' title="bbox 666 1281 2260 1352">
    <p class='ocr_par' dir='ltr' id='par_1_14' title="bbox 666 1281 2260 1352">
     <span class='ocr_line' id='line_1_14' title="bbox 666 1281 2260 1352; baseline 0.005 -18"><span class='ocrx_word' id='word_1_86' title='bbox 666 1281 820 1346; x_wconf 83' lang='lat' dir='ltr'><strong>cidit,</strong></span> <span class='ocrx_word' id='word_1_87' title='bbox 850 1290 910 1336; x_wconf 87' lang='lat' dir='ltr'><strong>ut</strong></span> <span class='ocrx_word' id='word_1_88' title='bbox 940 1296 1076 1352; x_wconf 83' lang='lat' dir='ltr'><strong>pene</strong></span> <span class='ocrx_word' id='word_1_89' title='bbox 1119 1298 1454 1346; x_wconf 82' lang='lat' dir='ltr'><strong>moveamur,</strong></span> <span class='ocrx_word' id='word_1_90' title='bbox 1494 1287 1572 1339; x_wconf 85' lang='lat' dir='ltr'><strong>ait</strong></span> <span class='ocrx_word' id='word_1_91' title='bbox 1622 1297 1846 1343; x_wconf 88' lang='lat' dir='ltr'><strong>sanctus</strong></span> <span class='ocrx_word' id='word_1_92' title='bbox 1877 1288 2084 1344; x_wconf 83' lang='lat' dir='ltr'><strong>David:</strong></span> <span class='ocrx_word' id='word_1_93' title='bbox 2120 1288 2260 1343; x_wconf 85' lang='lat' dir='ltr'><strong>Pene</strong></span> 
     </span>
    </p>
   </div>
   <div class='ocr_carea' id='block_1_15' title="bbox 667 1372 2258 1451">
    <p class='ocr_par' dir='ltr' id='par_1_15' title="bbox 667 1372 2258 1451">
     <span class='ocr_line' id='line_1_15' title="bbox 667 1372 2258 1451; baseline 0.008 -27"><span class='ocrx_word' id='word_1_94' title='bbox 667 1372 820 1440; x_wconf 74' lang='lat' dir='ltr'><strong>elIus‘</strong></span> <span class='ocrx_word' id='word_1_95' title='bbox 850 1383 973 1426; x_wconf 83' lang='lat' dir='ltr'><strong>sunt</strong></span> <span class='ocrx_word' id='word_1_96' title='bbox 1021 1389 1229 1443; x_wconf 81' lang='lat' dir='ltr'><strong>gressus</strong></span> <span class='ocrx_word' id='word_1_97' title='bbox 1257 1378 1358 1428; x_wconf 86' lang='lat' dir='ltr'><strong>mei</strong></span> <span class='ocrx_word' id='word_1_98' title='bbox 1388 1377 1430 1429; x_wconf 86' lang='grc'><strong>³.</strong></span> <span class='ocrx_word' id='word_1_99' title='bbox 1465 1377 1528 1431; x_wconf 91' lang='lat' dir='ltr'><strong>Si</strong></span> <span class='ocrx_word' id='word_1_100' title='bbox 1567 1380 1832 1444; x_wconf 84' lang='lat' dir='ltr'><strong>dicebam,</strong></span> <span class='ocrx_word' id='word_1_101' title='bbox 1863 1381 2056 1451; x_wconf 88' lang='lat' dir='ltr'><strong>inquit.</strong></span> <span class='ocrx_word' id='word_1_102' title='bbox 2088 1382 2258 1436; x_wconf 78' lang='lat' dir='ltr'><strong>Motus</strong></span> 
     </span>
    </p>
   </div>
   <div class='ocr_carea' id='block_1_16' title="bbox 669 1469 2259 1543">
    <p class='ocr_par' dir='ltr' id='par_1_16' title="bbox 669 1469 2259 1543">
     <span class='ocr_line' id='line_1_16' title="bbox 669 1469 2259 1543; baseline 0.009 -29"><span class='ocrx_word' id='word_1_103' title='bbox 669 1472 746 1515; x_wconf 85' lang='lat' dir='ltr'><strong>est</strong></span> <span class='ocrx_word' id='word_1_104' title='bbox 790 1478 878 1531; x_wconf 83' lang='lat' dir='ltr'><strong>pes</strong></span> <span class='ocrx_word' id='word_1_105' title='bbox 917 1481 1087 1530; x_wconf 81' lang='lat' dir='ltr'><strong>meus,</strong></span> <span class='ocrx_word' id='word_1_106' title='bbox 1135 1469 1503 1524; x_wconf 72' lang='lat' dir='ltr'><strong>misericordia</strong></span> <span class='ocrx_word' id='word_1_107' title='bbox 1550 1481 1667 1537; x_wconf 83' lang='grc' dir='ltr'><strong>ιιια,</strong></span> <span class='ocrx_word' id='word_1_108' title='bbox 1702 1471 1945 1537; x_wconf 80' lang='lat' dir='ltr'><strong>Domine,</strong></span> <span class='ocrx_word' id='word_1_109' title='bbox 1971 1476 2259 1543; x_wconf 80' lang='lat' dir='ltr'><strong>adjuvabat</strong></span> 
     </span>
    </p>
   </div>
   <div class='ocr_carea' id='block_1_17' title="bbox 671 1554 2258 1624">
    <p class='ocr_par' dir='ltr' id='par_1_17' title="bbox 671 1554 2258 1624">
     <span class='ocr_line' id='line_1_17' title="bbox 671 1554 2258 1624; baseline 0.01 -18"><span class='ocrx_word' id='word_1_110' title='bbox 671 1569 754 1608; x_wconf 84' lang='lat' dir='ltr'><strong>me</strong></span> <span class='ocrx_word' id='word_1_111' title='bbox 809 1554 853 1609; x_wconf 72' lang='grc'><strong>⁸.</strong></span> <span class='ocrx_word' id='word_1_112' title='bbox 912 1557 1123 1612; x_wconf 80' lang='lat' dir='ltr'><strong>Accidit</strong></span> <span class='ocrx_word' id='word_1_113' title='bbox 1180 1575 1235 1611; x_wconf 65' lang='lat' dir='ltr'><strong>ut</strong></span> <span class='ocrx_word' id='word_1_114' title='bbox 1297 1569 1606 1616; x_wconf 84' lang='lat' dir='ltr'><strong>evertamur</strong></span> <span class='ocrx_word' id='word_1_115' title='bbox 1662 1573 1718 1618; x_wconf 84' lang='lat' dir='ltr'><strong>et</strong></span> <span class='ocrx_word' id='word_1_116' title='bbox 1792 1581 1900 1619; x_wconf 90' lang='lat' dir='ltr'><strong>non</strong></span> <span class='ocrx_word' id='word_1_117' title='bbox 1973 1568 2258 1624; x_wconf 85' lang='lat' dir='ltr'><strong>eadamus.</strong></span> 
     </span>
    </p>
   </div>
   <div class='ocr_carea' id='block_1_18' title="bbox 675 1645 2260 1722">
    <p class='ocr_par' dir='ltr' id='par_1_18' title="bbox 675 1645 2260 1722">
     <span class='ocr_line' id='line_1_18' title="bbox 675 1645 2260 1722; baseline 0.011 -24"><span class='ocrx_word' id='word_1_118' title='bbox 675 1645 949 1717; x_wconf 83' lang='lat' dir='ltr'><strong>lmpulsus</strong></span> <span class='ocrx_word' id='word_1_119' title='bbox 970 1651 1110 1704; x_wconf 87' lang='lat' dir='ltr'><strong>enim</strong></span> <span class='ocrx_word' id='word_1_120' title='bbox 1140 1667 1346 1706; x_wconf 82' lang='lat' dir='ltr'><strong>eversus</strong></span> <span class='ocrx_word' id='word_1_121' title='bbox 1377 1671 1512 1720; x_wconf 64' lang='lat' dir='ltr'><strong>sunt,</strong></span> <span class='ocrx_word' id='word_1_122' title='bbox 1549 1666 1606 1706; x_wconf 86' lang='lat' dir='ltr'><strong>ut</strong></span> <span class='ocrx_word' id='word_1_123' title='bbox 1641 1657 1904 1722; x_wconf 83' lang='lat' dir='ltr'><strong>caderem,</strong></span> <span class='ocrx_word' id='word_1_124' title='bbox 1929 1669 1976 1711; x_wconf 89' lang='lat' dir='ltr'><strong>et</strong></span> <span class='ocrx_word' id='word_1_125' title='bbox 2007 1660 2260 1715; x_wconf 87' lang='lat' dir='ltr'><strong>Dominus</strong></span> 
     </span>
    </p>
   </div>
   <div class='ocr_carea' id='block_1_19' title="bbox 671 1741 2257 1814">
    <p class='ocr_par' dir='ltr' id='par_1_19' title="bbox 671 1741 2257 1814">
     <span class='ocr_line' id='line_1_19' title="bbox 671 1741 2257 1814; baseline 0.009 -22"><span class='ocrx_word' id='word_1_126' title='bbox 671 1741 897 1809; x_wconf 72' lang='lat' dir='ltr'><strong>suscepit</strong></span> <span class='ocrx_word' id='word_1_127' title='bbox 924 1758 1006 1796; x_wconf 86' lang='lat' dir='ltr'><strong>me</strong></span> <span class='ocrx_word' id='word_1_128' title='bbox 1039 1745 1082 1795; x_wconf 83' lang='grc'><strong>⁸.</strong></span> <span class='ocrx_word' id='word_1_129' title='bbox 1118 1742 1216 1798; x_wconf 77' lang='lat' dir='ltr'><strong>Est</strong></span> <span class='ocrx_word' id='word_1_130' title='bbox 1245 1754 1301 1798; x_wconf 93' lang='lat' dir='ltr'><strong>et</strong></span> <span class='ocrx_word' id='word_1_131' title='bbox 1332 1747 1483 1814; x_wconf 88' lang='lat' dir='ltr'><strong>lapso</strong></span> <span class='ocrx_word' id='word_1_132' title='bbox 1515 1749 1840 1814; x_wconf 84' lang='lat' dir='ltr'><strong>remedium,</strong></span> <span class='ocrx_word' id='word_1_133' title='bbox 1870 1750 1922 1804; x_wconf 90' lang='lat' dir='ltr'><strong>in</strong></span> <span class='ocrx_word' id='word_1_134' title='bbox 1964 1753 2120 1806; x_wconf 90' lang='lat' dir='ltr'><strong>ruina</strong></span> <span class='ocrx_word' id='word_1_135' title='bbox 2151 1771 2257 1807; x_wconf 87' lang='lat' dir='ltr'><strong>non</strong></span> 
     </span>
    </p>
   </div>
   <div class='ocr_carea' id='block_1_20' title="bbox 673 1822 2332 1914">
    <p class='ocr_par' dir='ltr' id='par_1_20' title="bbox 673 1822 2332 1914">
     <span class='ocr_line' id='line_1_20' title="bbox 673 1822 2332 1914; baseline 0.009 -29"><span class='ocrx_word' id='word_1_136' title='bbox 673 1846 987 1896; x_wconf 68' lang='lat' dir='ltr'><strong>permanere</strong></span> <span class='ocrx_word' id='word_1_137' title='bbox 1036 1853 1050 1890; x_wconf 92' lang='lat'><strong>:</strong></span> <span class='ocrx_word' id='word_1_138' title='bbox 1098 1835 1350 1906; x_wconf 79' lang='lat' dir='ltr'><strong>Nunquid</strong></span> <span class='ocrx_word' id='word_1_139' title='bbox 1393 1839 1485 1908; x_wconf 85' lang='lat' dir='ltr'><strong>qui</strong></span> <span class='ocrx_word' id='word_1_140' title='bbox 1542 1842 1753 1903; x_wconf 81' lang='lat' dir='ltr'><strong>cecidit,</strong></span> <span class='ocrx_word' id='word_1_141' title='bbox 1795 1858 1897 1896; x_wconf 86' lang='lat' dir='ltr'><strong>non</strong></span> <span class='ocrx_word' id='word_1_142' title='bbox 1941 1846 2259 1914; x_wconf 80' lang='lat' dir='ltr'><strong>resurgit‘?</strong></span> <span class='ocrx_word' id='word_1_143' title='bbox 2293 1822 2332 1875; x_wconf 74' lang='grc' dir='ltr'><strong>Β</strong></span> 
     </span>
    </p>
   </div>
   <div class='ocr_carea' id='block_1_21' title="bbox 670 1922 2256 2004">
    <p class='ocr_par' dir='ltr' id='par_1_21' title="bbox 670 1922 2256 2004">
     <span class='ocr_line' id='line_1_21' title="bbox 670 1922 2256 2004; baseline 0.008 -28"><span class='ocrx_word' id='word_1_144' title='bbox 670 1922 769 1978; x_wconf 86' lang='lat' dir='ltr'><strong>Est</strong></span> <span class='ocrx_word' id='word_1_145' title='bbox 790 1933 845 1979; x_wconf 86' lang='lat' dir='ltr'><strong>et</strong></span> <span class='ocrx_word' id='word_1_146' title='bbox 883 1926 1121 1981; x_wconf 85' lang='lat' dir='ltr'><strong>contrito</strong></span> <span class='ocrx_word' id='word_1_147' title='bbox 1178 1926 1370 1982; x_wconf 84' lang='lat' dir='ltr'><strong>salutis</strong></span> <span class='ocrx_word' id='word_1_148' title='bbox 1403 1944 1549 1998; x_wconf 84' lang='lat' dir='ltr'><strong>spes.</strong></span> <span class='ocrx_word' id='word_1_149' title='bbox 1582 1928 1836 1983; x_wconf 77' lang='lat' dir='ltr'><strong>Dominus</strong></span> <span class='ocrx_word' id='word_1_150' title='bbox 1862 1934 2032 1996; x_wconf 89' lang='lat' dir='ltr'><strong>enim,</strong></span> <span class='ocrx_word' id='word_1_151' title='bbox 2060 1935 2256 2004; x_wconf 91' lang='lat' dir='ltr'><strong>inquit,</strong></span> 
     </span>
    </p>
   </div>
   <div class='ocr_carea' id='block_1_22' title="bbox 668 2017 2252 2088">
    <p class='ocr_par' dir='ltr' id='par_1_22' title="bbox 668 2017 2252 2088">
     <span class='ocr_line' id='line_1_22' title="bbox 668 2017 2252 2088; baseline 0.004 -14"><span class='ocrx_word' id='word_1_152' title='bbox 668 2018 828 2088; x_wconf 84' lang='lat' dir='ltr'><strong>erigit</strong></span> <span class='ocrx_word' id='word_1_153' title='bbox 859 2019 1018 2074; x_wconf 88' lang='lat' dir='ltr'><strong>elisos</strong></span> <span class='ocrx_word' id='word_1_154' title='bbox 1035 2021 1079 2075; x_wconf 82' lang='lat'><strong>&#39;.</strong></span> <span class='ocrx_word' id='word_1_155' title='bbox 1113 2017 1219 2075; x_wconf 78' lang='lat' dir='ltr'><strong>Sed</strong></span> <span class='ocrx_word' id='word_1_156' title='bbox 1250 2020 1371 2075; x_wconf 90' lang='lat' dir='ltr'><strong>vide</strong></span> <span class='ocrx_word' id='word_1_157' title='bbox 1405 2035 1473 2075; x_wconf 89' lang='lat' dir='ltr'><strong>ne</strong></span> <span class='ocrx_word' id='word_1_158' title='bbox 1503 2022 1788 2078; x_wconf 85' lang='lat' dir='ltr'><strong>mollescas</strong></span> <span class='ocrx_word' id='word_1_159' title='bbox 1814 2023 1997 2078; x_wconf 87' lang='lat' dir='ltr'><strong>audita</strong></span> <span class='ocrx_word' id='word_1_160' title='bbox 2027 2022 2122 2079; x_wconf 87' lang='lat' dir='ltr'><strong>Dei</strong></span> <span class='ocrx_word' id='word_1_161' title='bbox 2159 2025 2252 2080; x_wconf 75' lang='lat' dir='ltr'><strong>b0‘</strong></span> 
     </span>
    </p>
   </div>
   <div class='ocr_carea' id='block_1_23' title="bbox 671 2114 2260 2190">
    <p class='ocr_par' dir='ltr' id='par_1_23' title="bbox 671 2114 2260 2190">
     <span class='ocr_line' id='line_1_23' title="bbox 671 2114 2260 2190; baseline 0.006 -24"><span class='ocrx_word' id='word_1_162' title='bbox 671 2115 869 2170; x_wconf 85' lang='lat' dir='ltr'><strong>nitate:</strong></span> <span class='ocrx_word' id='word_1_163' title='bbox 895 2114 1037 2171; x_wconf 87' lang='lat' dir='ltr'><strong>Deus</strong></span> <span class='ocrx_word' id='word_1_164' title='bbox 1063 2116 1230 2180; x_wconf 87' lang='lat' dir='ltr'><strong>enim,</strong></span> <span class='ocrx_word' id='word_1_165' title='bbox 1257 2117 1452 2186; x_wconf 85' lang='lat' dir='ltr'><strong>inquit,</strong></span> <span class='ocrx_word' id='word_1_166' title='bbox 1471 2118 1654 2187; x_wconf 87' lang='lat' dir='ltr'><strong>justus</strong></span> <span class='ocrx_word' id='word_1_167' title='bbox 1685 2128 1733 2174; x_wconf 87' lang='lat' dir='ltr'><strong>et</strong></span> <span class='ocrx_word' id='word_1_168' title='bbox 1755 2121 1928 2189; x_wconf 81' lang='lat' dir='ltr'><strong>fortis.</strong></span> <span class='ocrx_word' id='word_1_169' title='bbox 1950 2129 2000 2174; x_wconf 90' lang='lat' dir='ltr'><strong>et</strong></span> <span class='ocrx_word' id='word_1_170' title='bbox 2020 2120 2260 2190; x_wconf 82' lang='lat' dir='ltr'><strong>longani-</strong></span> 
     </span>
    </p>
   </div>
   <div class='ocr_carea' id='block_1_24' title="bbox 669 2206 2258 2282">
    <p class='ocr_par' dir='ltr' id='par_1_24' title="bbox 669 2206 2258 2282">
     <span class='ocr_line' id='line_1_24' title="bbox 669 2206 2258 2282; baseline 0.006 -24"><span class='ocrx_word' id='word_1_171' title='bbox 669 2206 794 2268; x_wconf 84' lang='lat' dir='ltr'><strong>mis,</strong></span> <span class='ocrx_word' id='word_1_172' title='bbox 823 2217 873 2261; x_wconf 87' lang='lat' dir='ltr'><strong>et</strong></span> <span class='ocrx_word' id='word_1_173' title='bbox 894 2223 987 2276; x_wconf 87' lang='lat' dir='ltr'><strong>per</strong></span> <span class='ocrx_word' id='word_1_174' title='bbox 1018 2208 1254 2279; x_wconf 80' lang='lat' dir='ltr'><strong>singulos</strong></span> <span class='ocrx_word' id='word_1_175' title='bbox 1275 2210 1390 2264; x_wconf 87' lang='lat' dir='ltr'><strong>dies</strong></span> <span class='ocrx_word' id='word_1_176' title='bbox 1418 2211 1558 2263; x_wconf 87' lang='lat' dir='ltr'><strong>iram</strong></span> <span class='ocrx_word' id='word_1_177' title='bbox 1585 2226 1688 2262; x_wconf 85' lang='lat' dir='ltr'><strong>non</strong></span> <span class='ocrx_word' id='word_1_178' title='bbox 1713 2211 1966 2266; x_wconf 84' lang='lat' dir='ltr'><strong>inducens</strong></span> <span class='ocrx_word' id='word_1_179' title='bbox 1991 2211 2039 2276; x_wconf 81' lang='grc'><strong>⁸,</strong></span> <span class='ocrx_word' id='word_1_180' title='bbox 2071 2223 2258 2282; x_wconf 85' lang='lat' dir='ltr'><strong>utpote</strong></span> 
     </span>
    </p>
   </div>
   <div class='ocr_carea' id='block_1_25' title="bbox 671 2299 2258 2372">
    <p class='ocr_par' dir='ltr' id='par_1_25' title="bbox 671 2299 2258 2372">
     <span class='ocr_line' id='line_1_25' title="bbox 671 2299 2258 2372; baseline 0.003 -17"><span class='ocrx_word' id='word_1_181' title='bbox 671 2299 884 2355; x_wconf 73' lang='lat' dir='ltr'><strong>scilicet</strong></span> <span class='ocrx_word' id='word_1_182' title='bbox 905 2300 1166 2363; x_wconf 83' lang='lat' dir='ltr'><strong>clemens.</strong></span> <span class='ocrx_word' id='word_1_183' title='bbox 1193 2302 1321 2369; x_wconf 88' lang='lat' dir='ltr'><strong>quia</strong></span> <span class='ocrx_word' id='word_1_184' title='bbox 1343 2302 1718 2372; x_wconf 66' lang='lat' dir='ltr'><strong>paenitentiam</strong></span> <span class='ocrx_word' id='word_1_185' title='bbox 1747 2304 2018 2372; x_wconf 86' lang='lat' dir='ltr'><strong>suscipit:</strong></span> <span class='ocrx_word' id='word_1_186' title='bbox 2053 2303 2116 2358; x_wconf 85' lang='lat' dir='ltr'><strong>Si</strong></span> <span class='ocrx_word' id='word_1_187' title='bbox 2138 2322 2258 2360; x_wconf 77' lang='lat' dir='ltr'><strong>vero</strong></span> 
     </span>
    </p>
   </div>
   <div class='ocr_carea' id='block_1_26' title="bbox 669 2392 2258 2464">
    <p class='ocr_par' dir='ltr' id='par_1_26' title="bbox 669 2392 2258 2464">
     <span class='ocr_line' id='line_1_26' title="bbox 669 2392 2258 2464; baseline 0.005 -20"><span class='ocrx_word' id='word_1_188' title='bbox 669 2407 773 2444; x_wconf 84' lang='lat' dir='ltr'><strong>non</strong></span> <span class='ocrx_word' id='word_1_189' title='bbox 799 2393 1038 2446; x_wconf 78' lang='lat' dir='ltr'><strong>conversi</strong></span> <span class='ocrx_word' id='word_1_190' title='bbox 1081 2392 1311 2462; x_wconf 75' lang='lat' dir='ltr'><strong>fueritis,</strong></span> <span class='ocrx_word' id='word_1_191' title='bbox 1341 2395 1577 2464; x_wconf 82' lang='lat' dir='ltr'><strong>gladium</strong></span> <span class='ocrx_word' id='word_1_192' title='bbox 1625 2412 1780 2449; x_wconf 81' lang='lat' dir='ltr'><strong>suum</strong></span> <span class='ocrx_word' id='word_1_193' title='bbox 1828 2398 2053 2452; x_wconf 70' lang='lat' dir='ltr'><strong>oibrabit</strong></span> <span class='ocrx_word' id='word_1_194' title='bbox 2086 2401 2130 2452; x_wconf 81' lang='grc'><strong>⁸.</strong></span> <span class='ocrx_word' id='word_1_195' title='bbox 2167 2397 2258 2452; x_wconf 90' lang='lat' dir='ltr'><strong>ln-</strong></span> 
     </span>
    </p>
   </div>
   <div class='ocr_carea' id='block_1_27' title="bbox 671 2486 2257 2562">
    <p class='ocr_par' dir='ltr' id='par_1_27' title="bbox 671 2486 2257 2562">
     <span class='ocr_line' id='line_1_27' title="bbox 671 2486 2257 2562; baseline 0.004 -22"><span class='ocrx_word' id='word_1_196' title='bbox 671 2486 829 2541; x_wconf 88' lang='lat' dir='ltr'><strong>teritn</strong></span> <span class='ocrx_word' id='word_1_197' title='bbox 879 2501 988 2541; x_wconf 93' lang='lat' dir='ltr'><strong>non</strong></span> <span class='ocrx_word' id='word_1_198' title='bbox 1039 2487 1229 2553; x_wconf 64' lang='lat' dir='ltr'><strong>caedit,</strong></span> <span class='ocrx_word' id='word_1_199' title='bbox 1283 2489 1462 2544; x_wconf 82' lang='lat' dir='ltr'><strong>vibrat</strong></span> <span class='ocrx_word' id='word_1_200' title='bbox 1509 2499 1742 2555; x_wconf 89' lang='lat' dir='ltr'><strong>tantum,</strong></span> <span class='ocrx_word' id='word_1_201' title='bbox 1804 2499 1866 2546; x_wconf 89' lang='lat' dir='ltr'><strong>ut</strong></span> <span class='ocrx_word' id='word_1_202' title='bbox 1914 2491 2257 2562; x_wconf 86' lang='lat' dir='ltr'><strong>splendorem</strong></span> 
     </span>
    </p>
   </div>
   <div class='ocr_carea' id='block_1_28' title="bbox 667 2581 2255 2655">
    <p class='ocr_par' dir='ltr' id='par_1_28' title="bbox 667 2581 2255 2655">
     <span class='ocr_line' id='line_1_28' title="bbox 667 2581 2255 2655; baseline 0.004 -21"><span class='ocrx_word' id='word_1_203' title='bbox 667 2581 1035 2650; x_wconf 82' lang='lat' dir='ltr'><strong>conspicatus,</strong></span> <span class='ocrx_word' id='word_1_204' title='bbox 1071 2588 1126 2636; x_wconf 90' lang='lat' dir='ltr'><strong>et</strong></span> <span class='ocrx_word' id='word_1_205' title='bbox 1177 2583 1424 2647; x_wconf 85' lang='lat' dir='ltr'><strong>territus,</strong></span> <span class='ocrx_word' id='word_1_206' title='bbox 1456 2582 1522 2636; x_wconf 89' lang='lat' dir='ltr'><strong>ad</strong></span> <span class='ocrx_word' id='word_1_207' title='bbox 1562 2599 1777 2653; x_wconf 65' lang='lat' dir='ltr'><strong>poenam</strong></span> <span class='ocrx_word' id='word_1_208' title='bbox 1809 2599 1917 2638; x_wconf 87' lang='lat' dir='ltr'><strong>non</strong></span> <span class='ocrx_word' id='word_1_209' title='bbox 1954 2587 2255 2655; x_wconf 80' lang='lat' dir='ltr'><strong>pervenias.</strong></span> 
     </span>
    </p>
   </div>
   <div class='ocr_carea' id='block_1_29' title="bbox 668 2668 2256 2744">
    <p class='ocr_par' dir='ltr' id='par_1_29' title="bbox 668 2668 2256 2744">
     <span class='ocr_line' id='line_1_29' title="bbox 668 2668 2256 2744; baseline 0.004 -20"><span class='ocrx_word' id='word_1_210' title='bbox 668 2668 786 2725; x_wconf 81' lang='lat' dir='ltr'><strong>Non</strong></span> <span class='ocrx_word' id='word_1_211' title='bbox 813 2672 971 2726; x_wconf 62' lang='lat' dir='ltr'><strong>caedit</strong></span> <span class='ocrx_word' id='word_1_212' title='bbox 1011 2672 1244 2742; x_wconf 84' lang='lat' dir='ltr'><strong>gladius.</strong></span> <span class='ocrx_word' id='word_1_213' title='bbox 1299 2673 1394 2727; x_wconf 84' lang='lat' dir='ltr'><strong>sed</strong></span> <span class='ocrx_word' id='word_1_214' title='bbox 1434 2682 1620 2736; x_wconf 85' lang='lat' dir='ltr'><strong>terret,</strong></span> <span class='ocrx_word' id='word_1_215' title='bbox 1675 2684 1735 2728; x_wconf 92' lang='lat' dir='ltr'><strong>ut</strong></span> <span class='ocrx_word' id='word_1_216' title='bbox 1772 2674 1946 2744; x_wconf 89' lang='lat' dir='ltr'><strong>ipsius</strong></span> <span class='ocrx_word' id='word_1_217' title='bbox 1997 2676 2158 2730; x_wconf 85' lang='lat' dir='ltr'><strong>timor</strong></span> <span class='ocrx_word' id='word_1_218' title='bbox 2189 2677 2256 2730; x_wconf 89' lang='lat' dir='ltr'><strong>ad</strong></span> 
     </span>
    </p>
   </div>
   <div class='ocr_carea' id='block_1_30' title="bbox 669 2763 2257 2830">
    <p class='ocr_par' dir='ltr' id='par_1_30' title="bbox 669 2763 2257 2830">
     <span class='ocr_line' id='line_1_30' title="bbox 669 2763 2257 2830; baseline 0.003 -14"><span class='ocrx_word' id='word_1_219' title='bbox 669 2763 1048 2830; x_wconf 76' lang='lat' dir='ltr'><strong>pmuitentiam</strong></span> <span class='ocrx_word' id='word_1_220' title='bbox 1103 2771 1156 2817; x_wconf 90' lang='lat' dir='ltr'><strong>te</strong></span> <span class='ocrx_word' id='word_1_221' title='bbox 1192 2763 1425 2817; x_wconf 87' lang='lat' dir='ltr'><strong>suscitet</strong></span> <span class='ocrx_word' id='word_1_222' title='bbox 1463 2781 1479 2818; x_wconf 92' lang='lat'><strong>:</strong></span> <span class='ocrx_word' id='word_1_223' title='bbox 1526 2763 1723 2817; x_wconf 71' lang='lat' dir='ltr'><strong>Arcum</strong></span> <span class='ocrx_word' id='word_1_224' title='bbox 1770 2782 1926 2818; x_wconf 87' lang='lat' dir='ltr'><strong>suum</strong></span> <span class='ocrx_word' id='word_1_225' title='bbox 1955 2767 2177 2820; x_wconf 84' lang='lat' dir='ltr'><strong>tetendit</strong></span> <span class='ocrx_word' id='word_1_226' title='bbox 2205 2777 2257 2820; x_wconf 86' lang='lat' dir='ltr'><strong>et</strong></span> 
     </span>
    </p>
   </div>
   <div class='ocr_carea' id='block_1_31' title="bbox 677 2855 2259 2926">
    <p class='ocr_par' dir='ltr' id='par_1_31' title="bbox 677 2855 2259 2926">
     <span class='ocr_line' id='line_1_31' title="bbox 677 2855 2259 2926; baseline 0.003 -18"><span class='ocrx_word' id='word_1_227' title='bbox 677 2856 886 2924; x_wconf 75' lang='lat' dir='ltr'><strong>parauit</strong></span> <span class='ocrx_word' id='word_1_228' title='bbox 911 2855 1064 2909; x_wconf 86' lang='lat' dir='ltr'><strong>illum</strong></span> <span class='ocrx_word' id='word_1_229' title='bbox 1082 2856 1126 2888; x_wconf 85' lang='grc'><strong>¹⁶</strong></span> <span class='ocrx_word' id='word_1_230' title='bbox 1157 2873 1172 2908; x_wconf 94' lang='lat'><strong>:</strong></span> <span class='ocrx_word' id='word_1_231' title='bbox 1207 2855 1454 2918; x_wconf 83' lang='lat' dir='ltr'><strong>tetendit,</strong></span> <span class='ocrx_word' id='word_1_232' title='bbox 1487 2871 1596 2910; x_wconf 89' lang='lat' dir='ltr'><strong>non</strong></span> <span class='ocrx_word' id='word_1_233' title='bbox 1628 2857 1855 2910; x_wconf 89' lang='lat' dir='ltr'><strong>immisit</strong></span> <span class='ocrx_word' id='word_1_234' title='bbox 1888 2859 2165 2926; x_wconf 80' lang='lat' dir='ltr'><strong>sagittam,</strong></span> <span class='ocrx_word' id='word_1_235' title='bbox 2199 2869 2259 2913; x_wconf 94' lang='lat' dir='ltr'><strong>ut</strong></span> 
     </span>
    </p>
   </div>
   <div class='ocr_carea' id='block_1_32' title="bbox 679 2945 2258 3018">
    <p class='ocr_par' dir='ltr' id='par_1_32' title="bbox 679 2945 2258 3018">
     <span class='ocr_line' id='line_1_32' title="bbox 679 2945 2258 3018; baseline 0.004 -18"><span class='ocrx_word' id='word_1_236' title='bbox 679 2955 732 3000; x_wconf 87' lang='lat' dir='ltr'><strong>te</strong></span> <span class='ocrx_word' id='word_1_237' title='bbox 783 2945 954 3001; x_wconf 72' lang='lat' dir='ltr'><strong>forma</strong></span> <span class='ocrx_word' id='word_1_238' title='bbox 1001 2955 1210 3002; x_wconf 87' lang='lat' dir='ltr'><strong>terreat.</strong></span> <span class='ocrx_word' id='word_1_239' title='bbox 1271 2946 1500 3002; x_wconf 85' lang='lat' dir='ltr'><strong>Paratus</strong></span> <span class='ocrx_word' id='word_1_240' title='bbox 1543 2958 1628 3003; x_wconf 85' lang='lat' dir='ltr'><strong>est</strong></span> <span class='ocrx_word' id='word_1_241' title='bbox 1669 2950 1858 3018; x_wconf 79' lang='lat' dir='ltr'><strong>judex,</strong></span> <span class='ocrx_word' id='word_1_242' title='bbox 1903 2967 1970 3005; x_wconf 91' lang='lat' dir='ltr'><strong>ne</strong></span> <span class='ocrx_word' id='word_1_243' title='bbox 2011 2962 2258 3007; x_wconf 89' lang='lat' dir='ltr'><strong>contem-</strong></span> 
     </span>
    </p>
   </div>
   <div class='ocr_carea' id='block_1_33' title="bbox 677 3041 2258 3115">
    <p class='ocr_par' dir='ltr' id='par_1_33' title="bbox 677 3041 2258 3115">
     <span class='ocr_line' id='line_1_33' title="bbox 677 3041 2258 3115; baseline 0.005 -23"><span class='ocrx_word' id='word_1_244' title='bbox 677 3054 776 3094; x_wconf 87' lang='lat' dir='ltr'><strong>nas</strong></span> <span class='ocrx_word' id='word_1_245' title='bbox 805 3052 990 3094; x_wconf 83' lang='lat' dir='ltr'><strong>arcum</strong></span> <span class='ocrx_word' id='word_1_246' title='bbox 1026 3059 1040 3095; x_wconf 93' lang='lat'><strong>:</strong></span> <span class='ocrx_word' id='word_1_247' title='bbox 1073 3041 1315 3094; x_wconf 88' lang='lat' dir='ltr'><strong>intentus</strong></span> <span class='ocrx_word' id='word_1_248' title='bbox 1343 3041 1488 3095; x_wconf 90' lang='lat' dir='ltr'><strong>enim</strong></span> <span class='ocrx_word' id='word_1_249' title='bbox 1518 3053 1624 3107; x_wconf 86' lang='lat' dir='ltr'><strong>est,</strong></span> <span class='ocrx_word' id='word_1_250' title='bbox 1660 3057 1728 3096; x_wconf 90' lang='lat' dir='ltr'><strong>ne</strong></span> <span class='ocrx_word' id='word_1_251' title='bbox 1755 3043 2044 3099; x_wconf 83' lang='lat' dir='ltr'><strong>molleseas</strong></span> <span class='ocrx_word' id='word_1_252' title='bbox 2065 3085 2082 3111; x_wconf 94' lang='lat'><strong>,</strong></span> <span class='ocrx_word' id='word_1_253' title='bbox 2117 3061 2258 3115; x_wconf 90' lang='lat' dir='ltr'><strong>quo-</strong></span> 
     </span>
    </p>
   </div>
   <div class='ocr_carea' id='block_1_34' title="bbox 668 3129 2254 3205">
    <p class='ocr_par' dir='ltr' id='par_1_34' title="bbox 668 3129 2254 3205">
     <span class='ocr_line' id='line_1_34' title="bbox 668 3129 2254 3205; baseline 0.004 -23"><span class='ocrx_word' id='word_1_254' title='bbox 668 3129 815 3183; x_wconf 85' lang='lat' dir='ltr'><strong>niam</strong></span> <span class='ocrx_word' id='word_1_255' title='bbox 852 3130 1066 3185; x_wconf 78' lang='lat' dir='ltr'><strong>interim</strong></span> <span class='ocrx_word' id='word_1_256' title='bbox 1102 3131 1354 3202; x_wconf 84' lang='lat' dir='ltr'><strong>sagittam</strong></span> <span class='ocrx_word' id='word_1_257' title='bbox 1386 3146 1494 3185; x_wconf 91' lang='lat' dir='ltr'><strong>non</strong></span> <span class='ocrx_word' id='word_1_258' title='bbox 1533 3133 1733 3197; x_wconf 86' lang='lat' dir='ltr'><strong>cernis,</strong></span> <span class='ocrx_word' id='word_1_259' title='bbox 1767 3148 1835 3188; x_wconf 77' lang='lat' dir='ltr'><strong>ne</strong></span> <span class='ocrx_word' id='word_1_260' title='bbox 1869 3134 2107 3205; x_wconf 77' lang='lat' dir='ltr'><strong>negligas</strong></span> <span class='ocrx_word' id='word_1_261' title='bbox 2125 3150 2254 3204; x_wconf 91' lang='lat' dir='ltr'><strong>pro-</strong></span> 
     </span>
    </p>
   </div>
   <div class='ocr_carea' id='block_1_35' title="bbox 2357 540 3967 621">
    <p class='ocr_par' dir='ltr' id='par_1_35' title="bbox 2357 540 3967 621">
     <span class='ocr_line' id='line_1_35' title="bbox 2357 540 3967 621; baseline -0.004 -19"><span class='ocrx_word' id='word_1_262' title='bbox 2357 551 2542 614; x_wconf 73' lang='grc' dir='ltr'><strong>πείας,</strong></span> <span class='ocrx_word' id='word_1_263' title='bbox 2575 552 2673 603; x_wconf 79' lang='grc' dir='ltr'><strong>καὶ</strong></span> <span class='ocrx_word' id='word_1_264' title='bbox 2706 551 2841 621; x_wconf 79' lang='grc' dir='ltr'><strong>πρὶν</strong></span> <span class='ocrx_word' id='word_1_265' title='bbox 2863 546 3300 616; x_wconf 81' lang='grc' dir='ltr'><strong>ἀποκλεισθῆναι</strong></span> <span class='ocrx_word' id='word_1_266' title='bbox 3328 546 3430 616; x_wconf 76' lang='grc' dir='ltr'><strong>τὴν</strong></span> <span class='ocrx_word' id='word_1_267' title='bbox 3459 544 3674 613; x_wconf 79' lang='grc' dir='ltr'><strong>θύραν,</strong></span> <span class='ocrx_word' id='word_1_268' title='bbox 3711 540 3967 610; x_wconf 74' lang='grc' dir='ltr'><strong>μετανοή-</strong></span> 
     </span>
    </p>
   </div>
   <div class='ocr_carea' id='block_1_36' title="bbox 2357 633 3964 715">
    <p class='ocr_par' dir='ltr' id='par_1_36' title="bbox 2357 633 3964 715">
     <span class='ocr_line' id='line_1_36' title="bbox 2357 633 3964 715; baseline -0.006 -20"><span class='ocrx_word' id='word_1_269' title='bbox 2357 659 2542 714; x_wconf 88' lang='grc' dir='ltr'><strong>σωμεν</strong></span> <span class='ocrx_word' id='word_1_270' title='bbox 2565 659 2580 674; x_wconf 90' lang='grc'><strong>·</strong></span> <span class='ocrx_word' id='word_1_271' title='bbox 2615 645 2752 698; x_wconf 82' lang='grc' dir='ltr'>ὅπου</span> <span class='ocrx_word' id='word_1_272' title='bbox 2781 645 2816 715; x_wconf 80' lang='grc' dir='ltr'><strong>ἠ</strong></span> <span class='ocrx_word' id='word_1_273' title='bbox 2839 643 3108 714; x_wconf 77' lang='grc' dir='ltr'><strong>ἁμαρτία,</strong></span> <span class='ocrx_word' id='word_1_274' title='bbox 3157 643 3273 694; x_wconf 78' lang='grc' dir='ltr'><strong>ἐκεῖ</strong></span> <span class='ocrx_word' id='word_1_275' title='bbox 3318 641 3554 710; x_wconf 80' lang='grc' dir='ltr'><strong>γένηται</strong></span> <span class='ocrx_word' id='word_1_276' title='bbox 3585 636 3696 688; x_wconf 76' lang='grc' dir='ltr'><strong>καὶ</strong></span> <span class='ocrx_word' id='word_1_277' title='bbox 3731 636 3771 704; x_wconf 76' lang='grc' dir='ltr'><strong>ἠ</strong></span> <span class='ocrx_word' id='word_1_278' title='bbox 3806 633 3964 693; x_wconf 78' lang='grc' dir='ltr'><strong>λύσις.</strong></span> 
     </span>
    </p>
   </div>
   <div class='ocr_carea' id='block_1_37' title="bbox 2357 725 3965 807">
    <p class='ocr_par' dir='ltr' id='par_1_37' title="bbox 2357 725 3965 807">
     <span class='ocr_line' id='line_1_37' title="bbox 2357 725 3965 807; baseline -0.006 -19"><span class='ocrx_word' id='word_1_279' title='bbox 2357 735 2450 807; x_wconf 80' lang='grc' dir='ltr'><strong>Μὴ</strong></span> <span class='ocrx_word' id='word_1_280' title='bbox 2479 729 2584 790; x_wconf 75' lang='grc' dir='ltr'><strong>ὧδε</strong></span> <span class='ocrx_word' id='word_1_281' title='bbox 2605 737 2639 806; x_wconf 80' lang='grc' dir='ltr'><strong>ἡ</strong></span> <span class='ocrx_word' id='word_1_282' title='bbox 2664 736 2930 806; x_wconf 80' lang='grc' dir='ltr'><strong>ἁμαρτία.</strong></span> <span class='ocrx_word' id='word_1_283' title='bbox 2955 735 3048 788; x_wconf 79' lang='grc' dir='ltr'><strong>καὶ</strong></span> <span class='ocrx_word' id='word_1_284' title='bbox 3069 736 3129 787; x_wconf 80' lang='grc' dir='ltr'><strong>ἐν</strong></span> <span class='ocrx_word' id='word_1_285' title='bbox 3152 731 3370 804; x_wconf 80' lang='grc' dir='ltr'><strong>οὐρανῷ</strong></span> <span class='ocrx_word' id='word_1_286' title='bbox 3389 733 3425 802; x_wconf 75' lang='grc' dir='ltr'><strong>ἡ</strong></span> <span class='ocrx_word' id='word_1_287' title='bbox 3452 730 3764 801; x_wconf 73' lang='grc' dir='ltr'><strong>μετάνοια.</strong></span> <span class='ocrx_word' id='word_1_288' title='bbox 3798 725 3965 788; x_wconf 76' lang='grc' dir='ltr'><strong>Ἐξωο</strong></span> 
     </span>
    </p>
   </div>
   <div class='ocr_carea' id='block_1_38' title="bbox 2359 818 3968 900">
    <p class='ocr_par' dir='ltr' id='par_1_38' title="bbox 2359 818 3968 900">
     <span class='ocr_line' id='line_1_38' title="bbox 2359 818 3968 900; baseline -0.01 -17"><span class='ocrx_word' id='word_1_289' title='bbox 2359 828 2481 882; x_wconf 82' lang='grc' dir='ltr'>σίαν</span> <span class='ocrx_word' id='word_1_290' title='bbox 2504 829 2616 900; x_wconf 81' lang='grc' dir='ltr'><strong>γὰρ</strong></span> <span class='ocrx_word' id='word_1_291' title='bbox 2637 829 2754 900; x_wconf 78' lang='grc' dir='ltr'><strong>ἔχει</strong></span> <span class='ocrx_word' id='word_1_292' title='bbox 2774 831 2868 882; x_wconf 79' lang='grc' dir='ltr'><strong>ἐπὶ</strong></span> <span class='ocrx_word' id='word_1_293' title='bbox 2889 832 2990 900; x_wconf 82' lang='grc' dir='ltr'><strong>τῆς</strong></span> <span class='ocrx_word' id='word_1_294' title='bbox 3012 828 3119 897; x_wconf 84' lang='grc' dir='ltr'><strong>γῆς</strong></span> <span class='ocrx_word' id='word_1_295' title='bbox 3145 826 3423 897; x_wconf 84' lang='grc' dir='ltr'><strong>ἁμαρτίας</strong></span> <span class='ocrx_word' id='word_1_296' title='bbox 3441 825 3684 893; x_wconf 79' lang='grc' dir='ltr'><strong>ἀφιέναι</strong></span> <span class='ocrx_word' id='word_1_297' title='bbox 3709 822 3744 871; x_wconf 91' lang='lat'><strong>6</strong></span> <span class='ocrx_word' id='word_1_298' title='bbox 3766 818 3968 888; x_wconf 64' lang='grc' dir='ltr'><strong>λυτρού-</strong></span> 
     </span>
    </p>
   </div>
   <div class='ocr_carea' id='block_1_39' title="bbox 2361 910 3969 990">
    <p class='ocr_par' dir='ltr' id='par_1_39' title="bbox 2361 910 3969 990">
     <span class='ocr_line' id='line_1_39' title="bbox 2361 910 3969 990; baseline -0.016 -6"><span class='ocrx_word' id='word_1_299' title='bbox 2361 935 2524 990; x_wconf 80' lang='grc' dir='ltr'><strong>μενος</strong></span> <span class='ocrx_word' id='word_1_300' title='bbox 2556 921 2705 989; x_wconf 78' lang='grc' dir='ltr'><strong>ἡμᾶς</strong></span> <span class='ocrx_word' id='word_1_301' title='bbox 2731 919 2944 990; x_wconf 81' lang='grc' dir='ltr'><strong>Σωτήρ.</strong></span> <span class='ocrx_word' id='word_1_302' title='bbox 2975 917 3146 972; x_wconf 83' lang='grc' dir='ltr'><strong>Ὅθεν</strong></span> <span class='ocrx_word' id='word_1_303' title='bbox 3170 917 3394 971; x_wconf 78' lang='grc' dir='ltr'><strong>ὀδοκῶν</strong></span> <span class='ocrx_word' id='word_1_304' title='bbox 3424 915 3700 970; x_wconf 73' lang='grc' dir='ltr'><strong>ἐστάναι.</strong></span> <span class='ocrx_word' id='word_1_305' title='bbox 3737 910 3969 979; x_wconf 72' lang='grc' dir='ltr'><strong>βλεπέτω</strong></span> 
     </span>
    </p>
   </div>
   <div class='ocr_carea' id='block_1_40' title="bbox 2361 1003 3970 1083">
    <p class='ocr_par' dir='ltr' id='par_1_40' title="bbox 2361 1003 3970 1083">
     <span class='ocr_line' id='line_1_40' title="bbox 2361 1003 3970 1083; baseline -0.012 -13"><span class='ocrx_word' id='word_1_306' title='bbox 2361 1011 2439 1082; x_wconf 81' lang='grc' dir='ltr'>μὴ</span> <span class='ocrx_word' id='word_1_307' title='bbox 2485 1011 2648 1083; x_wconf 78' lang='grc' dir='ltr'><strong>πέσῃ.</strong></span> <span class='ocrx_word' id='word_1_308' title='bbox 2696 1011 2756 1063; x_wconf 85' lang='lat' dir='ltr'><strong>&#39;U</strong></span> <span class='ocrx_word' id='word_1_309' title='bbox 2792 1011 2851 1064; x_wconf 84' lang='grc' dir='ltr'><strong>δὲ</strong></span> <span class='ocrx_word' id='word_1_310' title='bbox 2899 1010 3115 1080; x_wconf 77' lang='grc' dir='ltr'><strong>φθάσας</strong></span> <span class='ocrx_word' id='word_1_311' title='bbox 3154 1008 3471 1078; x_wconf 77' lang='grc' dir='ltr'><strong>ὀλισθῆσαι,</strong></span> <span class='ocrx_word' id='word_1_312' title='bbox 3515 1005 3910 1071; x_wconf 74' lang='grc' dir='ltr'><strong>ὄιαναστήτω·</strong></span> <span class='ocrx_word' id='word_1_313' title='bbox 3945 1003 3970 1050; x_wconf 74' lang='grc' dir='ltr'>ὁ</span> 
     </span>
    </p>
   </div>
   <div class='ocr_carea' id='block_1_41' title="bbox 2360 1100 3968 1176">
    <p class='ocr_par' dir='ltr' id='par_1_41' title="bbox 2360 1100 3968 1176">
     <span class='ocr_line' id='line_1_41' title="bbox 2360 1100 3968 1176; baseline -0.006 -18"><span class='ocrx_word' id='word_1_314' title='bbox 2360 1103 2566 1166; x_wconf 84' lang='grc' dir='ltr'><strong>πεσὼν.</strong></span> <span class='ocrx_word' id='word_1_315' title='bbox 2605 1105 2680 1176; x_wconf 83' lang='grc' dir='ltr'><strong>μὴ</strong></span> <span class='ocrx_word' id='word_1_316' title='bbox 2704 1106 3134 1176; x_wconf 76' lang='grc' dir='ltr'><strong>καταρῤαγήτω.</strong></span> <span class='ocrx_word' id='word_1_317' title='bbox 3167 1103 3229 1156; x_wconf 78' lang='grc' dir='ltr'><strong>Εἰ</strong></span> <span class='ocrx_word' id='word_1_318' title='bbox 3258 1103 3316 1157; x_wconf 81' lang='grc' dir='ltr'><strong>δέ</strong></span> <span class='ocrx_word' id='word_1_319' title='bbox 3347 1119 3434 1165; x_wconf 91' lang='grc' dir='ltr'><strong>τις</strong></span> <span class='ocrx_word' id='word_1_320' title='bbox 3467 1101 3575 1153; x_wconf 74' lang='grc' dir='ltr'><strong>καὶ</strong></span> <span class='ocrx_word' id='word_1_321' title='bbox 3613 1100 3968 1166; x_wconf 63' lang='grc' dir='ltr'><strong>κατερράγη,</strong></span> 
     </span>
    </p>
   </div>
   <div class='ocr_carea' id='block_1_42' title="bbox 2359 1188 3969 1265">
    <p class='ocr_par' dir='ltr' id='par_1_42' title="bbox 2359 1188 3969 1265">
     <span class='ocr_line' id='line_1_42' title="bbox 2359 1188 3969 1265; baseline -0.006 -19"><span class='ocrx_word' id='word_1_322' title='bbox 2359 1195 2509 1247; x_wconf 77' lang='grc' dir='ltr'>ἐστιν</span> <span class='ocrx_word' id='word_1_323' title='bbox 2562 1198 2592 1248; x_wconf 91' lang='lat'><strong>6</strong></span> <span class='ocrx_word' id='word_1_324' title='bbox 2632 1193 2836 1265; x_wconf 78' lang='grc' dir='ltr'><strong>Κύριος</strong></span> <span class='ocrx_word' id='word_1_325' title='bbox 2882 1197 2912 1247; x_wconf 97' lang='lat'><strong>6</strong></span> <span class='ocrx_word' id='word_1_326' title='bbox 2963 1193 3210 1265; x_wconf 78' lang='grc' dir='ltr'><strong>ἀνορθῶν</strong></span> <span class='ocrx_word' id='word_1_327' title='bbox 3254 1193 3384 1255; x_wconf 79' lang='grc' dir='ltr'><strong>τοὺς</strong></span> <span class='ocrx_word' id='word_1_328' title='bbox 3443 1188 3969 1260; x_wconf 73' lang='grc' dir='ltr'><strong>κατερρατμένους.</strong></span> 
     </span>
    </p>
   </div>
   <div class='ocr_carea' id='block_1_43' title="bbox 2363 1281 3972 1358">
    <p class='ocr_par' dir='ltr' id='par_1_43' title="bbox 2363 1281 3972 1358">
     <span class='ocr_line' id='line_1_43' title="bbox 2363 1281 3972 1358; baseline -0.006 -18"><span class='ocrx_word' id='word_1_329' title='bbox 2363 1288 2521 1340; x_wconf 84' lang='grc' dir='ltr'><strong>Ἔστι</strong></span> <span class='ocrx_word' id='word_1_330' title='bbox 2570 1286 2898 1358; x_wconf 78' lang='grc' dir='ltr'><strong>σαλευθῆναι</strong></span> <span class='ocrx_word' id='word_1_331' title='bbox 2945 1287 3100 1358; x_wconf 83' lang='grc' dir='ltr'><strong>παρὰ</strong></span> <span class='ocrx_word' id='word_1_332' title='bbox 3146 1285 3364 1356; x_wconf 76' lang='grc' dir='ltr'><strong>μικρὸν,</strong></span> <span class='ocrx_word' id='word_1_333' title='bbox 3410 1284 3493 1348; x_wconf 83' lang='grc' dir='ltr'><strong>ὡς</strong></span> <span class='ocrx_word' id='word_1_334' title='bbox 3542 1283 3719 1350; x_wconf 72' lang='grc' dir='ltr'><strong>λέγει</strong></span> <span class='ocrx_word' id='word_1_335' title='bbox 3760 1284 3793 1333; x_wconf 90' lang='lat'><strong>6</strong></span> <span class='ocrx_word' id='word_1_336' title='bbox 3839 1281 3972 1346; x_wconf 66' lang='grc' dir='ltr'><strong>ἅγιος</strong></span> 
     </span>
    </p>
   </div>
   <div class='ocr_carea' id='block_1_44' title="bbox 2360 1371 3970 1447">
    <p class='ocr_par' dir='ltr' id='par_1_44' title="bbox 2360 1371 3970 1447">
     <span class='ocr_line' id='line_1_44' title="bbox 2360 1371 3970 1447; baseline -0.007 -15"><span class='ocrx_word' id='word_1_337' title='bbox 2360 1379 2524 1432; x_wconf 77' lang='grc' dir='ltr'>Δαὸίδ</span> <span class='ocrx_word' id='word_1_338' title='bbox 2555 1395 2569 1409; x_wconf 93' lang='grc'><strong>·</strong></span> <span class='ocrx_word' id='word_1_339' title='bbox 2614 1378 2757 1447; x_wconf 81' lang='lat' dir='ltr'><strong>Hap’</strong></span> <span class='ocrx_word' id='word_1_340' title='bbox 2786 1379 2996 1447; x_wconf 76' lang='grc' dir='ltr'><strong>ὀλίγον</strong></span> <span class='ocrx_word' id='word_1_341' title='bbox 3029 1376 3288 1445; x_wconf 75' lang='grc' dir='ltr'><strong>ἐξεχύθη</strong></span> <span class='ocrx_word' id='word_1_342' title='bbox 3328 1376 3401 1430; x_wconf 84' lang='grc' dir='ltr'><strong>τὰ</strong></span> <span class='ocrx_word' id='word_1_343' title='bbox 3439 1371 3814 1440; x_wconf 56' lang='lat' dir='ltr'><strong>beatitudini</strong></span> <span class='ocrx_word' id='word_1_344' title='bbox 3849 1388 3970 1438; x_wconf 65' lang='lat' dir='ltr'><strong>pem.</strong></span> 
     </span>
    </p>
   </div>
   <div class='ocr_carea' id='block_1_45' title="bbox 2360 1461 3974 1536">
    <p class='ocr_par' dir='ltr' id='par_1_45' title="bbox 2360 1461 3974 1536">
     <span class='ocr_line' id='line_1_45' title="bbox 2360 1461 3974 1536; baseline -0.006 -18"><span class='ocrx_word' id='word_1_345' title='bbox 2360 1467 2431 1518; x_wconf 82' lang='lat' dir='ltr'><strong>Ei</strong></span> <span class='ocrx_word' id='word_1_346' title='bbox 2480 1465 2725 1535; x_wconf 65' lang='grc' dir='ltr'><strong>ἔλεγον,</strong></span> <span class='ocrx_word' id='word_1_347' title='bbox 2776 1467 2935 1536; x_wconf 72' lang='grc' dir='ltr'><strong>φησὶ,</strong></span> <span class='ocrx_word' id='word_1_348' title='bbox 2989 1465 3362 1520; x_wconf 71' lang='grc' dir='ltr'><strong>Σεσάλευται</strong></span> <span class='ocrx_word' id='word_1_349' title='bbox 3409 1467 3446 1516; x_wconf 85' lang='grc' dir='ltr'><em>ὀ</em></span> <span class='ocrx_word' id='word_1_350' title='bbox 3481 1462 3658 1528; x_wconf 74' lang='grc' dir='ltr'><strong>ποῦς</strong></span> <span class='ocrx_word' id='word_1_351' title='bbox 3710 1478 3863 1529; x_wconf 81' lang='grc' dir='ltr'><strong>μου,</strong></span> <span class='ocrx_word' id='word_1_352' title='bbox 3918 1461 3974 1510; x_wconf 77' lang='grc' dir='ltr'><strong>τὸ</strong></span> 
     </span>
    </p>
   </div>
   <div class='ocr_carea' id='block_1_46' title="bbox 2359 1553 3974 1624">
    <p class='ocr_par' dir='ltr' id='par_1_46' title="bbox 2359 1553 3974 1624">
     <span class='ocr_line' id='line_1_46' title="bbox 2359 1553 3974 1624; baseline -0.005 -15"><span class='ocrx_word' id='word_1_353' title='bbox 2359 1557 2534 1623; x_wconf 75' lang='grc' dir='ltr'><strong>ἔλεός</strong></span> <span class='ocrx_word' id='word_1_354' title='bbox 2555 1572 2694 1624; x_wconf 85' lang='grc' dir='ltr'><strong>σου,</strong></span> <span class='ocrx_word' id='word_1_355' title='bbox 2725 1562 2921 1624; x_wconf 78' lang='grc' dir='ltr'><strong>Κύριε.</strong></span> <span class='ocrx_word' id='word_1_356' title='bbox 2946 1558 3178 1623; x_wconf 79' lang='grc' dir='ltr'><strong>ἐϐοήθει</strong></span> <span class='ocrx_word' id='word_1_357' title='bbox 3195 1575 3320 1624; x_wconf 82' lang='grc' dir='ltr'><strong>μοι.</strong></span> <span class='ocrx_word' id='word_1_358' title='bbox 3353 1557 3555 1609; x_wconf 85' lang='grc' dir='ltr'>Ἔστιν</span> <span class='ocrx_word' id='word_1_359' title='bbox 3583 1553 3974 1624; x_wconf 67' lang='grc' dir='ltr'><strong>ἀνατραπῆναι</strong></span> 
     </span>
    </p>
   </div>
   <div class='ocr_carea' id='block_1_47' title="bbox 2362 1643 3971 1720">
    <p class='ocr_par' dir='ltr' id='par_1_47' title="bbox 2362 1643 3971 1720">
     <span class='ocr_line' id='line_1_47' title="bbox 2362 1643 3971 1720; baseline 0.001 -20"><span class='ocrx_word' id='word_1_360' title='bbox 2362 1653 2456 1702; x_wconf 66' lang='grc' dir='ltr'><strong>καὶ</strong></span> <span class='ocrx_word' id='word_1_361' title='bbox 2492 1651 2567 1720; x_wconf 80' lang='grc' dir='ltr'><strong>μὴ</strong></span> <span class='ocrx_word' id='word_1_362' title='bbox 2589 1653 2798 1703; x_wconf 77' lang='grc' dir='ltr'><strong>πεσεῖν.</strong></span> <span class='ocrx_word' id='word_1_363' title='bbox 2817 1651 3049 1714; x_wconf 74' lang='grc' dir='ltr'><strong>Ὠσθεις</strong></span> <span class='ocrx_word' id='word_1_364' title='bbox 3073 1649 3184 1718; x_wconf 81' lang='grc' dir='ltr'><strong>τὰρ</strong></span> <span class='ocrx_word' id='word_1_365' title='bbox 3205 1647 3569 1714; x_wconf 62' lang='grc' dir='ltr'><strong>(ἐνετράπην</strong></span> <span class='ocrx_word' id='word_1_366' title='bbox 3604 1644 3726 1699; x_wconf 82' lang='grc' dir='ltr'><strong>τοῦ</strong></span> <span class='ocrx_word' id='word_1_367' title='bbox 3753 1643 3971 1701; x_wconf 69' lang='grc' dir='ltr'><strong>πεσεῖν.</strong></span> 
     </span>
    </p>
   </div>
   <div class='ocr_carea' id='block_1_48' title="bbox 2363 1736 3974 1812">
    <p class='ocr_par' dir='ltr' id='par_1_48' title="bbox 2363 1736 3974 1812">
     <span class='ocr_line' id='line_1_48' title="bbox 2363 1736 3974 1812; baseline -0.005 -16"><span class='ocrx_word' id='word_1_368' title='bbox 2363 1744 2462 1796; x_wconf 75' lang='grc' dir='ltr'>καί</span> <span class='ocrx_word' id='word_1_369' title='bbox 2501 1745 2537 1796; x_wconf 82' lang='grc' dir='ltr'><em>ό</em></span> <span class='ocrx_word' id='word_1_370' title='bbox 2561 1744 2781 1812; x_wconf 78' lang='grc' dir='ltr'><strong>Κύριος</strong></span> <span class='ocrx_word' id='word_1_371' title='bbox 2811 1744 3173 1798; x_wconf 71' lang='grc' dir='ltr'><strong>ἀντελάϐετό</strong></span> <span class='ocrx_word' id='word_1_372' title='bbox 3216 1759 3359 1811; x_wconf 77' lang='grc' dir='ltr'><strong>μου.</strong></span> <span class='ocrx_word' id='word_1_373' title='bbox 3416 1742 3595 1794; x_wconf 81' lang='grc' dir='ltr'><strong>Ἔστι</strong></span> <span class='ocrx_word' id='word_1_374' title='bbox 3646 1739 3754 1792; x_wconf 82' lang='grc' dir='ltr'><strong>καὶ</strong></span> <span class='ocrx_word' id='word_1_375' title='bbox 3781 1736 3863 1806; x_wconf 73' lang='grc' dir='ltr'><strong>τῷ</strong></span> <span class='ocrx_word' id='word_1_376' title='bbox 3893 1755 3974 1788; x_wconf 60' lang='grc' dir='ltr'><strong>π·</strong></span> 
     </span>
    </p>
   </div>
   <div class='ocr_carea' id='block_1_49' title="bbox 2361 1831 3970 1908">
    <p class='ocr_par' dir='ltr' id='par_1_49' title="bbox 2361 1831 3970 1908">
     <span class='ocr_line' id='line_1_49' title="bbox 2361 1831 3970 1908; baseline -0.005 -20"><span class='ocrx_word' id='word_1_377' title='bbox 2361 1837 2510 1888; x_wconf 84' lang='grc' dir='ltr'><strong>σόντι</strong></span> <span class='ocrx_word' id='word_1_378' title='bbox 2544 1834 2894 1906; x_wconf 79' lang='grc' dir='ltr'><strong>παραμυθία,</strong></span> <span class='ocrx_word' id='word_1_379' title='bbox 2940 1836 3004 1888; x_wconf 83' lang='grc' dir='ltr'><strong>τὸ</strong></span> <span class='ocrx_word' id='word_1_380' title='bbox 3034 1837 3110 1908; x_wconf 82' lang='grc' dir='ltr'><strong>μὴ</strong></span> <span class='ocrx_word' id='word_1_381' title='bbox 3150 1837 3521 1905; x_wconf 82' lang='grc' dir='ltr'><strong>ἐναπομεῖναι</strong></span> <span class='ocrx_word' id='word_1_382' title='bbox 3557 1833 3651 1902; x_wconf 82' lang='grc' dir='ltr'><strong>τῷ</strong></span> <span class='ocrx_word' id='word_1_383' title='bbox 3700 1831 3970 1900; x_wconf 73' lang='grc' dir='ltr'><strong>πτώματι·</strong></span> 
     </span>
    </p>
   </div>
   <div class='ocr_carea' id='block_1_50' title="bbox 2359 1925 3971 1996">
    <p class='ocr_par' dir='ltr' id='par_1_50' title="bbox 2359 1925 3971 1996">
     <span class='ocr_line' id='line_1_50' title="bbox 2359 1925 3971 1996; baseline -0.003 -15"><span class='ocrx_word' id='word_1_384' title='bbox 2359 1927 2457 1995; x_wconf 79' lang='grc' dir='ltr'><strong>Μὴ</strong></span> <span class='ocrx_word' id='word_1_385' title='bbox 2487 1931 2522 1981; x_wconf 83' lang='grc' dir='ltr'><em>ό</em></span> <span class='ocrx_word' id='word_1_386' title='bbox 2551 1928 2781 1994; x_wconf 72' lang='grc' dir='ltr'><strong>πεσὼν,</strong></span> <span class='ocrx_word' id='word_1_387' title='bbox 2809 1930 2922 1982; x_wconf 81' lang='grc' dir='ltr'><strong>οὐκ</strong></span> <span class='ocrx_word' id='word_1_388' title='bbox 2947 1928 3300 1989; x_wconf 74' lang='grc' dir='ltr'><strong>ἀνὶσταταιξ</strong></span> <span class='ocrx_word' id='word_1_389' title='bbox 3323 1928 3487 1979; x_wconf 84' lang='grc' dir='ltr'><strong>Ἐστι</strong></span> <span class='ocrx_word' id='word_1_390' title='bbox 3516 1927 3628 1980; x_wconf 79' lang='grc' dir='ltr'><strong>καὶ</strong></span> <span class='ocrx_word' id='word_1_391' title='bbox 3669 1925 3758 1996; x_wconf 77' lang='grc' dir='ltr'><strong>τῷ</strong></span> <span class='ocrx_word' id='word_1_392' title='bbox 3785 1929 3971 1995; x_wconf 61' lang='grc' dir='ltr'><strong>κατεβ-</strong></span> 
     </span>
    </p>
   </div>
   <div class='ocr_carea' id='block_1_51' title="bbox 2361 2019 3970 2093">
    <p class='ocr_par' dir='ltr' id='par_1_51' title="bbox 2361 2019 3970 2093">
     <span class='ocr_line' id='line_1_51' title="bbox 2361 2019 3970 2093; baseline -0.006 -18"><span class='ocrx_word' id='word_1_393' title='bbox 2361 2022 2624 2093; x_wconf 82' lang='grc' dir='ltr'>ραγμένῳ</span> <span class='ocrx_word' id='word_1_394' title='bbox 2672 2022 2828 2086; x_wconf 81' lang='grc' dir='ltr'>ἐλπὶς</span> <span class='ocrx_word' id='word_1_395' title='bbox 2868 2021 3146 2093; x_wconf 78' lang='grc' dir='ltr'><strong>σωτηρίας</strong></span> <span class='ocrx_word' id='word_1_396' title='bbox 3195 2037 3210 2050; x_wconf 98' lang='grc'><strong>·</strong></span> <span class='ocrx_word' id='word_1_397' title='bbox 3261 2022 3486 2087; x_wconf 81' lang='grc' dir='ltr'><strong>Κύριος</strong></span> <span class='ocrx_word' id='word_1_398' title='bbox 3537 2021 3670 2091; x_wconf 79' lang='grc' dir='ltr'><strong>γὰρ</strong></span> <span class='ocrx_word' id='word_1_399' title='bbox 3717 2019 3970 2086; x_wconf 68' lang='lat' dir='ltr'><strong>drepani,</strong></span> 
     </span>
    </p>
   </div>
   <div class='ocr_carea' id='block_1_52' title="bbox 2359 2112 3972 2183">
    <p class='ocr_par' dir='ltr' id='par_1_52' title="bbox 2359 2112 3972 2183">
     <span class='ocr_line' id='line_1_52' title="bbox 2359 2112 3972 2183; baseline 0.002 -7"><span class='ocrx_word' id='word_1_400' title='bbox 2359 2115 2514 2182; x_wconf 68' lang='grc' dir='ltr'><strong>φησὶ.</strong></span> <span class='ocrx_word' id='word_1_401' title='bbox 2537 2114 2683 2178; x_wconf 84' lang='grc' dir='ltr'><strong>τοὺς</strong></span> <span class='ocrx_word' id='word_1_402' title='bbox 2702 2114 3239 2183; x_wconf 73' lang='grc' dir='ltr'><strong>κατερῤαγμένουςο</strong></span> <span class='ocrx_word' id='word_1_403' title='bbox 3274 2113 3416 2167; x_wconf 80' lang='grc' dir='ltr'><strong>Ἀλλ’</strong></span> <span class='ocrx_word' id='word_1_404' title='bbox 3432 2114 3544 2183; x_wconf 70' lang='grc' dir='ltr'><strong>ὅραι</strong></span> <span class='ocrx_word' id='word_1_405' title='bbox 3577 2113 3668 2183; x_wconf 82' lang='grc' dir='ltr'><strong>μὴ</strong></span> <span class='ocrx_word' id='word_1_406' title='bbox 3689 2112 3972 2182; x_wconf 68' lang='grc' dir='ltr'><strong>καυνωθῇς</strong></span> 
     </span>
    </p>
   </div>
   <div class='ocr_carea' id='block_1_53' title="bbox 2358 2205 3968 2278">
    <p class='ocr_par' dir='ltr' id='par_1_53' title="bbox 2358 2205 3968 2278">
     <span class='ocr_line' id='line_1_53' title="bbox 2358 2205 3968 2278; baseline 0 -18"><span class='ocrx_word' id='word_1_407' title='bbox 2358 2208 2601 2271; x_wconf 77' lang='grc' dir='ltr'><strong>ἀκούσας</strong></span> <span class='ocrx_word' id='word_1_408' title='bbox 2641 2208 2742 2278; x_wconf 83' lang='grc' dir='ltr'><strong>τὴν</strong></span> <span class='ocrx_word' id='word_1_409' title='bbox 2780 2208 3098 2278; x_wconf 83' lang='grc' dir='ltr'><strong>ἀγαθότητα</strong></span> <span class='ocrx_word' id='word_1_410' title='bbox 3149 2207 3244 2261; x_wconf 71' lang='grc' dir='ltr'><strong>τοῦ</strong></span> <span class='ocrx_word' id='word_1_411' title='bbox 3287 2207 3447 2261; x_wconf 80' lang='grc' dir='ltr'><strong>Θεοῦ·</strong></span> <span class='ocrx_word' id='word_1_412' title='bbox 3506 2207 3580 2259; x_wconf 87' lang='grc' dir='ltr'><strong><em>Ὁ</em></strong></span> <span class='ocrx_word' id='word_1_413' title='bbox 3654 2205 3816 2271; x_wconf 76' lang='grc' dir='ltr'><strong>Θεὸς</strong></span> <span class='ocrx_word' id='word_1_414' title='bbox 3855 2206 3968 2272; x_wconf 69' lang='grc' dir='ltr'><strong>γὰρ.</strong></span> 
     </span>
    </p>
   </div>
   <div class='ocr_carea' id='block_1_54' title="bbox 2358 2297 3972 2370">
    <p class='ocr_par' dir='ltr' id='par_1_54' title="bbox 2358 2297 3972 2370">
     <span class='ocr_line' id='line_1_54' title="bbox 2358 2297 3972 2370; baseline -0.014 -3"><span class='ocrx_word' id='word_1_415' title='bbox 2358 2299 2516 2370; x_wconf 64' lang='grc' dir='ltr'>φησιν</span> <span class='ocrx_word' id='word_1_416' title='bbox 2549 2298 2780 2366; x_wconf 79' lang='grc' dir='ltr'><strong>δίκαιος</strong></span> <span class='ocrx_word' id='word_1_417' title='bbox 2815 2299 2913 2352; x_wconf 59' lang='grc' dir='ltr'><strong>καὶ</strong></span> <span class='ocrx_word' id='word_1_418' title='bbox 2955 2299 3241 2368; x_wconf 70' lang='grc' dir='ltr'><strong>ἰσχυρὸς,</strong></span> <span class='ocrx_word' id='word_1_419' title='bbox 3271 2298 3370 2352; x_wconf 81' lang='grc' dir='ltr'><strong>καί</strong></span> <span class='ocrx_word' id='word_1_420' title='bbox 3403 2300 3851 2367; x_wconf 77' lang='grc' dir='ltr'><strong>μακρόθυμος,</strong></span> <span class='ocrx_word' id='word_1_421' title='bbox 3888 2297 3972 2346; x_wconf 74' lang='grc' dir='ltr'><strong>καὶ</strong></span> 
     </span>
    </p>
   </div>
   <div class='ocr_carea' id='block_1_55' title="bbox 2351 2388 3973 2462">
    <p class='ocr_par' dir='ltr' id='par_1_55' title="bbox 2351 2388 3973 2462">
     <span class='ocr_line' id='line_1_55' title="bbox 2351 2388 3973 2462; baseline -0.004 -17"><span class='ocrx_word' id='word_1_422' title='bbox 2351 2389 2441 2459; x_wconf 79' lang='grc' dir='ltr'><strong>μὴ</strong></span> <span class='ocrx_word' id='word_1_423' title='bbox 2489 2390 2678 2462; x_wconf 74' lang='grc' dir='ltr'><strong>ὀργὴν</strong></span> <span class='ocrx_word' id='word_1_424' title='bbox 2731 2390 2972 2462; x_wconf 57' lang='grc' dir='ltr'><strong>ἐπείνων</strong></span> <span class='ocrx_word' id='word_1_425' title='bbox 3010 2392 3145 2445; x_wconf 82' lang='grc' dir='ltr'><strong>καθ’</strong></span> <span class='ocrx_word' id='word_1_426' title='bbox 3191 2391 3464 2459; x_wconf 76' lang='grc' dir='ltr'><strong>ἑκάστην</strong></span> <span class='ocrx_word' id='word_1_427' title='bbox 3530 2389 3812 2458; x_wconf 72' lang='grc' dir='ltr'><strong>ἡμέραν.</strong></span> <span class='ocrx_word' id='word_1_428' title='bbox 3897 2388 3973 2448; x_wconf 83' lang='lat'><strong>‘11;</strong></span> 
     </span>
    </p>
   </div>
   <div class='ocr_carea' id='block_1_56' title="bbox 2357 2479 3972 2556">
    <p class='ocr_par' dir='ltr' id='par_1_56' title="bbox 2357 2479 3972 2556">
     <span class='ocr_line' id='line_1_56' title="bbox 2357 2479 3972 2556; baseline -0.004 -19"><span class='ocrx_word' id='word_1_429' title='bbox 2357 2479 2452 2538; x_wconf 78' lang='grc' dir='ltr'>οὖν</span> <span class='ocrx_word' id='word_1_430' title='bbox 2485 2484 2866 2556; x_wconf 79' lang='grc' dir='ltr'><strong>φιλάνθρωπος</strong></span> <span class='ocrx_word' id='word_1_431' title='bbox 2893 2484 3174 2555; x_wconf 81' lang='grc' dir='ltr'><strong>ἐκδέχεται</strong></span> <span class='ocrx_word' id='word_1_432' title='bbox 3211 2484 3311 2552; x_wconf 67' lang='grc' dir='ltr'><strong>τὴν</strong></span> <span class='ocrx_word' id='word_1_433' title='bbox 3354 2484 3696 2553; x_wconf 70' lang='grc' dir='ltr'><strong>μετάνοιαν.</strong></span> <span class='ocrx_word' id='word_1_434' title='bbox 3745 2483 3887 2534; x_wconf 79' lang='grc' dir='ltr'><strong>Ἐὰν</strong></span> <span class='ocrx_word' id='word_1_435' title='bbox 3911 2482 3972 2530; x_wconf 69' lang='grc' dir='ltr'><strong>δὲ</strong></span> 
     </span>
    </p>
   </div>
   <div class='ocr_carea' id='block_1_57' title="bbox 2351 2574 3969 2645">
    <p class='ocr_par' dir='ltr' id='par_1_57' title="bbox 2351 2574 3969 2645">
     <span class='ocr_line' id='line_1_57' title="bbox 2351 2574 3969 2645; baseline -0.003 -16"><span class='ocrx_word' id='word_1_436' title='bbox 2351 2575 2440 2645; x_wconf 79' lang='grc' dir='ltr'><strong>μὴ</strong></span> <span class='ocrx_word' id='word_1_437' title='bbox 2471 2574 2896 2645; x_wconf 72' lang='grc' dir='ltr'><strong>ἐπιστραφῆτε,</strong></span> <span class='ocrx_word' id='word_1_438' title='bbox 2924 2575 3039 2644; x_wconf 77' lang='grc' dir='ltr'><strong>τὴν</strong></span> <span class='ocrx_word' id='word_1_439' title='bbox 3064 2576 3370 2645; x_wconf 64' lang='grc' dir='ltr'><strong>ῥομφαίαν</strong></span> <span class='ocrx_word' id='word_1_440' title='bbox 3383 2575 3587 2629; x_wconf 78' lang='grc' dir='ltr'><strong>αὑτοῦ</strong></span> <span class='ocrx_word' id='word_1_441' title='bbox 3620 2574 3969 2628; x_wconf 65' lang='grc' dir='ltr'><strong>σταῑὸώιτει.</strong></span> 
     </span>
    </p>
   </div>
   <div class='ocr_carea' id='block_1_58' title="bbox 2358 2668 3970 2741">
    <p class='ocr_par' dir='ltr' id='par_1_58' title="bbox 2358 2668 3970 2741">
     <span class='ocr_line' id='line_1_58' title="bbox 2358 2668 3970 2741; baseline -0.002 -19"><span class='ocrx_word' id='word_1_442' title='bbox 2358 2670 2511 2733; x_wconf 87' lang='grc' dir='ltr'><strong>Τέως</strong></span> <span class='ocrx_word' id='word_1_443' title='bbox 2541 2671 2601 2722; x_wconf 82' lang='grc' dir='ltr'><strong>οὐ</strong></span> <span class='ocrx_word' id='word_1_444' title='bbox 2625 2670 2836 2741; x_wconf 83' lang='grc' dir='ltr'><strong>τέμνει,</strong></span> <span class='ocrx_word' id='word_1_445' title='bbox 2882 2671 3090 2724; x_wconf 81' lang='grc' dir='ltr'><strong>στιλὸοἶ</strong></span> <span class='ocrx_word' id='word_1_446' title='bbox 3138 2671 3320 2740; x_wconf 78' lang='grc' dir='ltr'><strong>μόνον,</strong></span> <span class='ocrx_word' id='word_1_447' title='bbox 3357 2671 3446 2724; x_wconf 85' lang='grc' dir='ltr'><strong>ἵνα</strong></span> <span class='ocrx_word' id='word_1_448' title='bbox 3490 2668 3602 2740; x_wconf 77' lang='grc' dir='ltr'><strong>τὴν</strong></span> <span class='ocrx_word' id='word_1_449' title='bbox 3649 2668 3970 2738; x_wconf 63' lang='grc' dir='ltr'><strong>λαμπηδόνα</strong></span> 
     </span>
    </p>
   </div>
   <div class='ocr_carea' id='block_1_59' title="bbox 2358 2759 3968 2833">
    <p class='ocr_par' dir='ltr' id='par_1_59' title="bbox 2358 2759 3968 2833">
     <span class='ocr_line' id='line_1_59' title="bbox 2358 2759 3968 2833; baseline -0.002 -21"><span class='ocrx_word' id='word_1_450' title='bbox 2358 2759 2695 2831; x_wconf 78' lang='grc' dir='ltr'><strong>θεασάμενος</strong></span> <span class='ocrx_word' id='word_1_451' title='bbox 2739 2765 2835 2816; x_wconf 76' lang='grc' dir='ltr'><strong>καὶ</strong></span> <span class='ocrx_word' id='word_1_452' title='bbox 2872 2761 3157 2832; x_wconf 75' lang='grc' dir='ltr'><strong>φοὸηθεὶς,</strong></span> <span class='ocrx_word' id='word_1_453' title='bbox 3214 2763 3290 2833; x_wconf 80' lang='grc' dir='ltr'><strong>μὴ</strong></span> <span class='ocrx_word' id='word_1_454' title='bbox 3336 2761 3562 2831; x_wconf 77' lang='grc' dir='ltr'><strong>φθάσῃς</strong></span> <span class='ocrx_word' id='word_1_455' title='bbox 3607 2759 3968 2828; x_wconf 65' lang='grc' dir='ltr'><strong>κολασθῆναι.</strong></span> 
     </span>
    </p>
   </div>
   <div class='ocr_carea' id='block_1_60' title="bbox 2358 2848 3967 2925">
    <p class='ocr_par' dir='ltr' id='par_1_60' title="bbox 2358 2848 3967 2925">
     <span class='ocr_line' id='line_1_60' title="bbox 2358 2848 3967 2925; baseline -0.005 -18"><span class='ocrx_word' id='word_1_456' title='bbox 2358 2855 2436 2907; x_wconf 73' lang='grc' dir='ltr'><strong>Οὐ</strong></span> <span class='ocrx_word' id='word_1_457' title='bbox 2457 2853 2645 2925; x_wconf 84' lang='grc' dir='ltr'><strong>τέμνει</strong></span> <span class='ocrx_word' id='word_1_458' title='bbox 2666 2855 2700 2924; x_wconf 77' lang='grc' dir='ltr'><strong>ἡ</strong></span> <span class='ocrx_word' id='word_1_459' title='bbox 2735 2855 2999 2925; x_wconf 81' lang='grc' dir='ltr'>ῥομφαία,</span> <span class='ocrx_word' id='word_1_460' title='bbox 3027 2855 3167 2908; x_wconf 80' lang='grc' dir='ltr'><strong>ἀλλᾶ</strong></span> <span class='ocrx_word' id='word_1_461' title='bbox 3191 2856 3368 2923; x_wconf 77' lang='grc' dir='ltr'><strong>φοϐεῖ,</strong></span> <span class='ocrx_word' id='word_1_462' title='bbox 3400 2855 3494 2907; x_wconf 83' lang='grc' dir='ltr'><strong>ἱνα</strong></span> <span class='ocrx_word' id='word_1_463' title='bbox 3519 2853 3778 2922; x_wconf 66' lang='lat'><strong><em>6-9660;</em></strong></span> <span class='ocrx_word' id='word_1_464' title='bbox 3807 2848 3967 2905; x_wconf 71' lang='grc' dir='ltr'><strong>αὐτοῦ</strong></span> 
     </span>
    </p>
   </div>
   <div class='ocr_carea' id='block_1_61' title="bbox 2355 2943 3965 3020">
    <p class='ocr_par' dir='ltr' id='par_1_61' title="bbox 2355 2943 3965 3020">
     <span class='ocr_line' id='line_1_61' title="bbox 2355 2943 3965 3020; baseline 0 -20"><span class='ocrx_word' id='word_1_465' title='bbox 2355 2947 2601 3020; x_wconf 64' lang='grc' dir='ltr'><strong>διεγείρει</strong></span> <span class='ocrx_word' id='word_1_466' title='bbox 2621 2964 2684 3000; x_wconf 90' lang='grc' dir='ltr'><strong>σε</strong></span> <span class='ocrx_word' id='word_1_467' title='bbox 2709 2949 2791 3010; x_wconf 85' lang='grc' dir='ltr'><strong>είς</strong></span> <span class='ocrx_word' id='word_1_468' title='bbox 2815 2948 3127 3018; x_wconf 77' lang='grc' dir='ltr'><strong>μετάνοιαν.</strong></span> <span class='ocrx_word' id='word_1_469' title='bbox 3164 2948 3237 3000; x_wconf 84' lang='grc' dir='ltr'><strong>Τὸ</strong></span> <span class='ocrx_word' id='word_1_470' title='bbox 3259 2946 3441 3010; x_wconf 77' lang='grc' dir='ltr'><strong>τόξον</strong></span> <span class='ocrx_word' id='word_1_471' title='bbox 3455 2945 3660 2999; x_wconf 73' lang='grc' dir='ltr'><strong>αὐτοῦ</strong></span> <span class='ocrx_word' id='word_1_472' title='bbox 3683 2943 3965 3020; x_wconf 67' lang='grc' dir='ltr'><strong>ἐνέτεινε.</strong></span> 
     </span>
    </p>
   </div>
   <div class='ocr_carea' id='block_1_62' title="bbox 2359 3019 3963 3106">
    <p class='ocr_par' dir='ltr' id='par_1_62' title="bbox 2359 3019 3963 3106">
     <span class='ocr_line' id='line_1_62' title="bbox 2359 3019 3963 3106; baseline 0.001 -16"><span class='ocrx_word' id='word_1_473' title='bbox 2359 3037 2459 3090; x_wconf 71' lang='grc' dir='ltr'><strong>καί</strong></span> <span class='ocrx_word' id='word_1_474' title='bbox 2491 3019 2828 3106; x_wconf 75' lang='grc' dir='ltr'><strong>ἡτοίμασεν</strong></span> <span class='ocrx_word' id='word_1_475' title='bbox 2854 3039 3006 3091; x_wconf 82' lang='grc' dir='ltr'><strong>αὺτό</strong></span> <span class='ocrx_word' id='word_1_476' title='bbox 3030 3053 3046 3067; x_wconf 87' lang='grc'><strong>·</strong></span> <span class='ocrx_word' id='word_1_477' title='bbox 3077 3039 3364 3100; x_wconf 75' lang='grc' dir='ltr'><strong>ἐνέτεινεν,</strong></span> <span class='ocrx_word' id='word_1_478' title='bbox 3387 3037 3492 3089; x_wconf 72' lang='grc' dir='ltr'><strong>οὒκ</strong></span> <span class='ocrx_word' id='word_1_479' title='bbox 3514 3035 3752 3105; x_wconf 71' lang='grc' dir='ltr'><strong>ἔπεμψε</strong></span> <span class='ocrx_word' id='word_1_480' title='bbox 3949 3073 3963 3092; x_wconf 77' lang='lat'>.</span> 
     </span>
    </p>
   </div>
   <div class='ocr_carea' id='block_1_63' title="bbox 2359 3126 3963 3203">
    <p class='ocr_par' dir='ltr' id='par_1_63' title="bbox 2359 3126 3963 3203">
     <span class='ocr_line' id='line_1_63' title="bbox 2359 3126 3963 3203; baseline -0.017 5"><span class='ocrx_word' id='word_1_481' title='bbox 2359 3131 2447 3183; x_wconf 63' lang='grc' dir='ltr'><strong>ἵνα</strong></span> <span class='ocrx_word' id='word_1_482' title='bbox 2483 3129 2701 3203; x_wconf 72' lang='grc' dir='ltr'><strong>φοδήσῃ</strong></span> <span class='ocrx_word' id='word_1_483' title='bbox 2739 3147 2800 3182; x_wconf 80' lang='grc' dir='ltr'><strong>σε</strong></span> <span class='ocrx_word' id='word_1_484' title='bbox 2835 3129 2916 3199; x_wconf 75' lang='grc' dir='ltr'><strong>τῷ</strong></span> <span class='ocrx_word' id='word_1_485' title='bbox 2969 3131 3233 3199; x_wconf 78' lang='grc' dir='ltr'><strong>σχήματιο</strong></span> <span class='ocrx_word' id='word_1_486' title='bbox 3275 3129 3577 3198; x_wconf 71' lang='grc' dir='ltr'><strong>Εὖτρεπῆς</strong></span> <span class='ocrx_word' id='word_1_487' title='bbox 3633 3129 3666 3179; x_wconf 76' lang='grc' dir='ltr'><strong>ὁ</strong></span> <span class='ocrx_word' id='word_1_488' title='bbox 3719 3126 3918 3196; x_wconf 69' lang='grc' dir='ltr'><strong>κριτής</strong></span> <span class='ocrx_word' id='word_1_489' title='bbox 3951 3143 3963 3152; x_wconf 86' lang='grc'><strong>·</strong></span> 
     </span>
    </p>
   </div>
   <div class='ocr_carea' id='block_1_64' title="bbox 670 3221 2259 3293">
    <p class='ocr_par' dir='ltr' id='par_1_64' title="bbox 670 3221 2252 3290">
     <span class='ocr_line' id='line_1_64' title="bbox 670 3221 2252 3290; baseline 0.003 -18"><span class='ocrx_word' id='word_1_490' title='bbox 670 3229 791 3286; x_wconf 89' lang='lat' dir='ltr'><strong>pter</strong></span> <span class='ocrx_word' id='word_1_491' title='bbox 830 3221 1004 3290; x_wconf 90' lang='lat' dir='ltr'><strong>ipsius</strong></span> <span class='ocrx_word' id='word_1_492' title='bbox 1055 3221 1544 3290; x_wconf 87' lang='lat' dir='ltr'><strong>longanimitatem.</strong></span> <span class='ocrx_word' id='word_1_493' title='bbox 1590 3224 1728 3277; x_wconf 84' lang='lat' dir='ltr'><strong>Audi</strong></span> <span class='ocrx_word' id='word_1_494' title='bbox 1769 3223 2062 3279; x_wconf 86' lang='lat' dir='ltr'><strong>salutarem</strong></span> <span class='ocrx_word' id='word_1_495' title='bbox 2107 3226 2252 3279; x_wconf 81' lang='lat' dir='ltr'><strong>illam</strong></span> 
     </span>
    </p>
   </div>
   <div class='ocr_carea' id='block_1_65' title="bbox 2356 3221 3970 3293">
    <p class='ocr_par' dir='ltr' id='par_1_65' title="bbox 2361 3221 3970 3293">
     <span class='ocr_line' id='line_1_65' title="bbox 2361 3221 3970 3293; baseline -0.002 -18"><span class='ocrx_word' id='word_1_496' title='bbox 2361 3222 2438 3293; x_wconf 82' lang='grc' dir='ltr'><strong>μὴ</strong></span> <span class='ocrx_word' id='word_1_497' title='bbox 2467 3224 2796 3292; x_wconf 81' lang='grc' dir='ltr'><strong>καταφρόνει</strong></span> <span class='ocrx_word' id='word_1_498' title='bbox 2834 3222 2929 3275; x_wconf 77' lang='grc' dir='ltr'><strong>τοῦ</strong></span> <span class='ocrx_word' id='word_1_499' title='bbox 2961 3222 3138 3288; x_wconf 71' lang='grc' dir='ltr'><strong>τόξου,</strong></span> <span class='ocrx_word' id='word_1_500' title='bbox 3180 3223 3403 3276; x_wconf 82' lang='grc' dir='ltr'><strong>τέταται</strong></span> <span class='ocrx_word' id='word_1_501' title='bbox 3444 3222 3581 3290; x_wconf 82' lang='grc' dir='ltr'><strong>γάρ·</strong></span> <span class='ocrx_word' id='word_1_502' title='bbox 3633 3221 3716 3291; x_wconf 81' lang='grc' dir='ltr'><strong>μὴ</strong></span> <span class='ocrx_word' id='word_1_503' title='bbox 3762 3238 3970 3290; x_wconf 76' lang='grc' dir='ltr'><strong>χαυνω-</strong></span> 
     </span>
    </p>
   </div>
   <div class='ocr_carea' id='block_1_66' title="bbox 670 3312 2257 3383">
    <p class='ocr_par' dir='ltr' id='par_1_66' title="bbox 670 3312 2257 3383">
     <span class='ocr_line' id='line_1_66' title="bbox 670 3312 2257 3383; baseline 0.007 -20"><span class='ocrx_word' id='word_1_504' title='bbox 670 3327 860 3367; x_wconf 89' lang='lat' dir='ltr'><strong>vocem</strong></span> <span class='ocrx_word' id='word_1_505' title='bbox 899 3333 912 3368; x_wconf 88' lang='lat'><strong>:</strong></span> <span class='ocrx_word' id='word_1_506' title='bbox 957 3312 1044 3368; x_wconf 84' lang='lat' dir='ltr'><strong>Sis</strong></span> <span class='ocrx_word' id='word_1_507' title='bbox 1093 3315 1368 3368; x_wconf 78' lang='lat' dir='ltr'><strong>benevolus</strong></span> <span class='ocrx_word' id='word_1_508' title='bbox 1416 3317 1723 3369; x_wconf 81' lang='lat' dir='ltr'><strong>adversario</strong></span> <span class='ocrx_word' id='word_1_509' title='bbox 1768 3325 1856 3370; x_wconf 87' lang='lat' dir='ltr'><strong>tuo</strong></span> <span class='ocrx_word' id='word_1_510' title='bbox 1889 3318 1954 3372; x_wconf 81' lang='grc'><strong>¹¹.</strong></span> <span class='ocrx_word' id='word_1_511' title='bbox 2002 3316 2257 3383; x_wconf 87' lang='lat' dir='ltr'><strong>Quotidie</strong></span> 
     </span>
    </p>
   </div>
   <div class='ocr_carea' id='block_1_67' title="bbox 668 3406 2257 3480">
    <p class='ocr_par' dir='ltr' id='par_1_67' title="bbox 668 3406 2257 3480">
     <span class='ocr_line' id='line_1_67' title="bbox 668 3406 2257 3480; baseline 0.002 -18"><span class='ocrx_word' id='word_1_512' title='bbox 668 3423 790 3464; x_wconf 83' lang='lat' dir='ltr'><strong>cum</strong></span> <span class='ocrx_word' id='word_1_513' title='bbox 821 3407 1138 3462; x_wconf 87' lang='lat' dir='ltr'><strong>adversario</strong></span> <span class='ocrx_word' id='word_1_514' title='bbox 1177 3406 1280 3461; x_wconf 87' lang='lat' dir='ltr'><strong>iter</strong></span> <span class='ocrx_word' id='word_1_515' title='bbox 1310 3406 1458 3474; x_wconf 83' lang='lat' dir='ltr'><strong>agis;</strong></span> <span class='ocrx_word' id='word_1_516' title='bbox 1486 3409 1644 3476; x_wconf 87' lang='lat' dir='ltr'><strong>cujus</strong></span> <span class='ocrx_word' id='word_1_517' title='bbox 1669 3410 1985 3465; x_wconf 85' lang='lat' dir='ltr'><strong>comitatum</strong></span> <span class='ocrx_word' id='word_1_518' title='bbox 2019 3411 2257 3480; x_wconf 86' lang='lat' dir='ltr'><strong>ell&#39;ugere</strong></span> 
     </span>
    </p>
   </div>
   <div class='ocr_carea' id='block_1_68' title="bbox 671 3498 2256 3571">
    <p class='ocr_par' dir='ltr' id='par_1_68' title="bbox 671 3498 2256 3571">
     <span class='ocr_line' id='line_1_68' title="bbox 671 3498 2256 3571; baseline 0 -17"><span class='ocrx_word' id='word_1_519' title='bbox 671 3516 780 3557; x_wconf 91' lang='lat' dir='ltr'><strong>non</strong></span> <span class='ocrx_word' id='word_1_520' title='bbox 806 3510 980 3571; x_wconf 79' lang='lat' dir='ltr'><strong>potes.</strong></span> <span class='ocrx_word' id='word_1_521' title='bbox 1011 3498 1216 3553; x_wconf 87' lang='lat' dir='ltr'><strong>Paulus</strong></span> <span class='ocrx_word' id='word_1_522' title='bbox 1242 3509 1290 3551; x_wconf 90' lang='lat' dir='ltr'><strong>te</strong></span> <span class='ocrx_word' id='word_1_523' title='bbox 1322 3499 1578 3561; x_wconf 86' lang='lat' dir='ltr'><strong>instruat,</strong></span> <span class='ocrx_word' id='word_1_524' title='bbox 1615 3500 1806 3554; x_wconf 89' lang='lat' dir='ltr'><strong>dicens</strong></span> <span class='ocrx_word' id='word_1_525' title='bbox 1840 3516 1854 3551; x_wconf 91' lang='lat'><strong>:</strong></span> <span class='ocrx_word' id='word_1_526' title='bbox 1896 3499 2036 3554; x_wconf 74' lang='lat' dir='ltr'><strong>Caro</strong></span> <span class='ocrx_word' id='word_1_527' title='bbox 2061 3517 2256 3554; x_wconf 83' lang='lat' dir='ltr'><strong>concu-</strong></span> 
     </span>
    </p>
   </div>
   <div class='ocr_carea' id='block_1_69' title="bbox 666 3593 2255 3661">
    <p class='ocr_par' dir='ltr' id='par_1_69' title="bbox 666 3593 2255 3661">
     <span class='ocr_line' id='line_1_69' title="bbox 666 3593 2255 3661; baseline 0.001 -15"><span class='ocrx_word' id='word_1_528' title='bbox 666 3595 823 3661; x_wconf 86' lang='lat' dir='ltr'><strong>piscit</strong></span> <span class='ocrx_word' id='word_1_529' title='bbox 840 3593 1090 3646; x_wconf 78' lang='lat' dir='ltr'><strong>adversus</strong></span> <span class='ocrx_word' id='word_1_530' title='bbox 1113 3593 1382 3659; x_wconf 81' lang='lat' dir='ltr'><strong>spiritum,</strong></span> <span class='ocrx_word' id='word_1_531' title='bbox 1410 3599 1461 3645; x_wconf 88' lang='lat' dir='ltr'><strong>et</strong></span> <span class='ocrx_word' id='word_1_532' title='bbox 1479 3593 1700 3661; x_wconf 86' lang='lat' dir='ltr'><strong>spiritus</strong></span> <span class='ocrx_word' id='word_1_533' title='bbox 1723 3593 1975 3647; x_wconf 76' lang='lat' dir='ltr'><strong>adversus</strong></span> <span class='ocrx_word' id='word_1_534' title='bbox 2005 3610 2216 3648; x_wconf 87' lang='lat' dir='ltr'><strong>carnem</strong></span> <span class='ocrx_word' id='word_1_535' title='bbox 2235 3609 2255 3648; x_wconf 94' lang='lat'><strong>:</strong></span> 
     </span>
    </p>
   </div>
   <div class='ocr_carea' id='block_1_70' title="bbox 669 3683 2257 3753">
    <p class='ocr_par' dir='ltr' id='par_1_70' title="bbox 669 3683 2257 3753">
     <span class='ocr_line' id='line_1_70' title="bbox 669 3683 2257 3753; baseline 0.003 -16"><span class='ocrx_word' id='word_1_536' title='bbox 669 3687 780 3740; x_wconf 68' lang='lat' dir='ltr'><strong>haec</strong></span> <span class='ocrx_word' id='word_1_537' title='bbox 805 3696 1004 3750; x_wconf 87' lang='lat' dir='ltr'><strong>autem,</strong></span> <span class='ocrx_word' id='word_1_538' title='bbox 1029 3683 1227 3753; x_wconf 85' lang='lat' dir='ltr'><strong>inquit.</strong></span> <span class='ocrx_word' id='word_1_539' title='bbox 1259 3685 1360 3738; x_wconf 80' lang='lat' dir='ltr'><strong>sibi</strong></span> <span class='ocrx_word' id='word_1_540' title='bbox 1377 3685 1599 3737; x_wconf 80' lang='lat' dir='ltr'><strong>invicem</strong></span> <span class='ocrx_word' id='word_1_541' title='bbox 1633 3685 1985 3739; x_wconf 81' lang='lat' dir='ltr'><strong>adversantur</strong></span> <span class='ocrx_word' id='word_1_542' title='bbox 2023 3687 2088 3739; x_wconf 71' lang='grc' dir='ltr'><strong>ι’.</strong></span> <span class='ocrx_word' id='word_1_543' title='bbox 2111 3685 2257 3741; x_wconf 79' lang='lat' dir='ltr'><strong>Resi-</strong></span> 
     </span>
    </p>
   </div>
   <div class='ocr_carea' id='block_1_71' title="bbox 669 3775 2255 3848">
    <p class='ocr_par' dir='ltr' id='par_1_71' title="bbox 669 3775 2255 3848">
     <span class='ocr_line' id='line_1_71' title="bbox 669 3775 2255 3848; baseline 0 -15"><span class='ocrx_word' id='word_1_544' title='bbox 669 3785 777 3833; x_wconf 89' lang='lat' dir='ltr'><strong>stat</strong></span> <span class='ocrx_word' id='word_1_545' title='bbox 805 3779 1030 3848; x_wconf 89' lang='lat' dir='ltr'><strong>spiritus</strong></span> <span class='ocrx_word' id='word_1_546' title='bbox 1056 3775 1332 3844; x_wconf 87' lang='lat' dir='ltr'><strong>carni,spe</strong></span> <span class='ocrx_word' id='word_1_547' title='bbox 1365 3775 1534 3830; x_wconf 82' lang='lat' dir='ltr'><strong>fultus</strong></span> <span class='ocrx_word' id='word_1_548' title='bbox 1571 3786 1906 3846; x_wconf 76' lang='lat' dir='ltr'><strong>exspectata,</strong></span> <span class='ocrx_word' id='word_1_549' title='bbox 1928 3791 2255 3848; x_wconf 66' lang='lat' dir='ltr'><strong>comparans</strong></span> 
     </span>
    </p>
   </div>
   <div class='ocr_carea' id='block_1_72' title="bbox 667 3868 2257 3940">
    <p class='ocr_par' dir='ltr' id='par_1_72' title="bbox 667 3868 2257 3940">
     <span class='ocr_line' id='line_1_72' title="bbox 667 3868 2257 3940; baseline 0.001 -15"><span class='ocrx_word' id='word_1_550' title='bbox 667 3869 1164 3940; x_wconf 85' lang='lat' dir='ltr'><strong>concupiscentiam</strong></span> <span class='ocrx_word' id='word_1_551' title='bbox 1207 3868 1413 3933; x_wconf 88' lang='lat' dir='ltr'><strong>mumli,</strong></span> <span class='ocrx_word' id='word_1_552' title='bbox 1447 3879 1500 3922; x_wconf 91' lang='lat' dir='ltr'><strong>et</strong></span> <span class='ocrx_word' id='word_1_553' title='bbox 1530 3883 1757 3938; x_wconf 87' lang='lat' dir='ltr'><strong>regnum</strong></span> <span class='ocrx_word' id='word_1_554' title='bbox 1788 3871 2078 3925; x_wconf 64' lang='lat' dir='ltr'><strong>caslorum.</strong></span> <span class='ocrx_word' id='word_1_555' title='bbox 2114 3870 2257 3926; x_wconf 89' lang='lat' dir='ltr'><strong>Caro</strong></span> 
     </span>
    </p>
   </div>
   <div class='ocr_carea' id='block_1_73' title="bbox 666 3959 2252 4031">
    <p class='ocr_par' dir='ltr' id='par_1_73' title="bbox 666 3959 2252 4031">
     <span class='ocr_line' id='line_1_73' title="bbox 666 3959 2252 4031; baseline -0.001 -14"><span class='ocrx_word' id='word_1_556' title='bbox 666 3963 812 4017; x_wconf 80' lang='lat' dir='ltr'><strong>enim</strong></span> <span class='ocrx_word' id='word_1_557' title='bbox 874 3962 942 4016; x_wconf 92' lang='lat' dir='ltr'><strong>ad</strong></span> <span class='ocrx_word' id='word_1_558' title='bbox 992 3961 1267 4031; x_wconf 85' lang='lat' dir='ltr'><strong>pulverem</strong></span> <span class='ocrx_word' id='word_1_559' title='bbox 1312 3960 1570 4022; x_wconf 85' lang='lat' dir='ltr'><strong>declinat,</strong></span> <span class='ocrx_word' id='word_1_560' title='bbox 1620 3961 1803 4014; x_wconf 89' lang='lat' dir='ltr'><strong>anima</strong></span> <span class='ocrx_word' id='word_1_561' title='bbox 1849 3975 1980 4014; x_wconf 86' lang='lat' dir='ltr'><strong>vero</strong></span> <span class='ocrx_word' id='word_1_562' title='bbox 2011 3959 2252 4015; x_wconf 86' lang='lat' dir='ltr'><strong>divinam</strong></span> 
     </span>
    </p>
   </div>
   <div class='ocr_carea' id='block_1_74' title="bbox 669 4053 2254 4126">
    <p class='ocr_par' dir='ltr' id='par_1_74' title="bbox 669 4053 2254 4126">
     <span class='ocr_line' id='line_1_74' title="bbox 669 4053 2254 4126; baseline -0.002 -16"><span class='ocrx_word' id='word_1_563' title='bbox 669 4056 959 4126; x_wconf 85' lang='lat' dir='ltr'><strong>imaginem</strong></span> <span class='ocrx_word' id='word_1_564' title='bbox 993 4053 1195 4108; x_wconf 81' lang='lat' dir='ltr'><strong>imitari</strong></span> <span class='ocrx_word' id='word_1_565' title='bbox 1226 4054 1458 4106; x_wconf 87' lang='lat' dir='ltr'><strong>studeat.</strong></span> <span class='ocrx_word' id='word_1_566' title='bbox 1491 4053 1566 4104; x_wconf 86' lang='lat' dir='ltr'><strong>lta</strong></span> <span class='ocrx_word' id='word_1_567' title='bbox 1601 4053 1874 4106; x_wconf 76' lang='lat' dir='ltr'><strong>benevolus</strong></span> <span class='ocrx_word' id='word_1_568' title='bbox 1901 4053 1974 4107; x_wconf 86' lang='lat' dir='ltr'><strong>sis</strong></span> <span class='ocrx_word' id='word_1_569' title='bbox 2003 4053 2254 4107; x_wconf 81' lang='lat' dir='ltr'><strong>adversa-</strong></span> 
     </span>
    </p>
   </div>
   <div class='ocr_carea' id='block_1_75' title="bbox 667 4143 2256 4211">
    <p class='ocr_par' dir='ltr' id='par_1_75' title="bbox 667 4143 2256 4211">
     <span class='ocr_line' id='line_1_75' title="bbox 667 4143 2256 4211; baseline -0.001 -12"><span class='ocrx_word' id='word_1_570' title='bbox 667 4148 749 4201; x_wconf 85' lang='lat' dir='ltr'><strong>rio</strong></span> <span class='ocrx_word' id='word_1_571' title='bbox 792 4157 902 4209; x_wconf 83' lang='lat' dir='ltr'><strong>tuo,</strong></span> <span class='ocrx_word' id='word_1_572' title='bbox 956 4146 1118 4200; x_wconf 85' lang='lat' dir='ltr'><strong>donec</strong></span> <span class='ocrx_word' id='word_1_573' title='bbox 1159 4160 1212 4197; x_wconf 87' lang='lat' dir='ltr'><strong>es</strong></span> <span class='ocrx_word' id='word_1_574' title='bbox 1258 4144 1313 4198; x_wconf 90' lang='lat' dir='ltr'><strong>in</strong></span> <span class='ocrx_word' id='word_1_575' title='bbox 1344 4145 1434 4197; x_wconf 70' lang='lat' dir='ltr'><strong>via</strong></span> <span class='ocrx_word' id='word_1_576' title='bbox 1465 4160 1583 4197; x_wconf 89' lang='lat' dir='ltr'><strong>cum</strong></span> <span class='ocrx_word' id='word_1_577' title='bbox 1616 4144 1731 4211; x_wconf 89' lang='lat' dir='ltr'><strong>ipso</strong></span> <span class='ocrx_word' id='word_1_578' title='bbox 1754 4181 1771 4206; x_wconf 88' lang='lat'><strong>,</strong></span> <span class='ocrx_word' id='word_1_579' title='bbox 1801 4143 1908 4199; x_wconf 84' lang='lat' dir='ltr'><strong>hoc</strong></span> <span class='ocrx_word' id='word_1_580' title='bbox 1943 4154 2023 4199; x_wconf 88' lang='lat' dir='ltr'><strong>est</strong></span> <span class='ocrx_word' id='word_1_581' title='bbox 2072 4145 2125 4199; x_wconf 92' lang='lat' dir='ltr'><strong>in</strong></span> <span class='ocrx_word' id='word_1_582' title='bbox 2153 4143 2256 4197; x_wconf 87' lang='lat' dir='ltr'><strong>hac</strong></span> 
     </span>
    </p>
   </div>
   <div class='ocr_carea' id='block_1_76' title="bbox 667 4235 2257 4306">
    <p class='ocr_par' dir='ltr' id='par_1_76' title="bbox 667 4235 2257 4306">
     <span class='ocr_line' id='line_1_76' title="bbox 667 4235 2257 4306; baseline -0.002 -13"><span class='ocrx_word' id='word_1_583' title='bbox 667 4239 776 4294; x_wconf 87' lang='lat' dir='ltr'><strong>vita</strong></span> <span class='ocrx_word' id='word_1_584' title='bbox 805 4253 963 4295; x_wconf 90' lang='lat' dir='ltr'><strong>:eum</strong></span> <span class='ocrx_word' id='word_1_585' title='bbox 981 4237 1126 4291; x_wconf 90' lang='lat' dir='ltr'><strong>enim</strong></span> <span class='ocrx_word' id='word_1_586' title='bbox 1154 4235 1239 4288; x_wconf 90' lang='lat' dir='ltr'><strong>via</strong></span> <span class='ocrx_word' id='word_1_587' title='bbox 1267 4244 1646 4290; x_wconf 89' lang='lat' dir='ltr'><strong>consummata</strong></span> <span class='ocrx_word' id='word_1_588' title='bbox 1671 4235 1852 4298; x_wconf 84' lang='lat' dir='ltr'><strong>fuerit,</strong></span> <span class='ocrx_word' id='word_1_589' title='bbox 1885 4251 1994 4290; x_wconf 85' lang='lat' dir='ltr'><strong>non</strong></span> <span class='ocrx_word' id='word_1_590' title='bbox 2023 4235 2257 4306; x_wconf 88' lang='lat' dir='ltr'><strong>amplius</strong></span> 
     </span>
    </p>
   </div>
   <div class='ocr_carea' id='block_1_77' title="bbox 667 4325 2255 4398">
    <p class='ocr_par' dir='ltr' id='par_1_77' title="bbox 667 4325 2255 4398">
     <span class='ocr_line' id='line_1_77' title="bbox 667 4325 2255 4398; baseline -0.002 -13"><span class='ocrx_word' id='word_1_591' title='bbox 667 4332 764 4386; x_wconf 87' lang='lat' dir='ltr'><strong>tibi</strong></span> <span class='ocrx_word' id='word_1_592' title='bbox 791 4330 1124 4398; x_wconf 70' lang='lat' dir='ltr'><strong>pmnitentia:</strong></span> <span class='ocrx_word' id='word_1_593' title='bbox 1152 4337 1385 4397; x_wconf 87' lang='lat' dir='ltr'><strong>tempus.</strong></span> <span class='ocrx_word' id='word_1_594' title='bbox 1415 4325 1550 4382; x_wconf 83' lang='lat' dir='ltr'><strong>Vide</strong></span> <span class='ocrx_word' id='word_1_595' title='bbox 1598 4343 1666 4383; x_wconf 89' lang='lat' dir='ltr'><strong>ne</strong></span> <span class='ocrx_word' id='word_1_596' title='bbox 1705 4338 1755 4384; x_wconf 89' lang='lat' dir='ltr'><strong>te</strong></span> <span class='ocrx_word' id='word_1_597' title='bbox 1793 4330 1974 4384; x_wconf 89' lang='lat' dir='ltr'><strong>tradat</strong></span> <span class='ocrx_word' id='word_1_598' title='bbox 1999 4329 2255 4384; x_wconf 83' lang='lat' dir='ltr'><strong>adversa-</strong></span> 
     </span>
    </p>
   </div>
   <div class='ocr_carea' id='block_1_78' title="bbox 2358 3313 3967 3386">
    <p class='ocr_par' dir='ltr' id='par_1_78' title="bbox 2358 3313 3967 3386">
     <span class='ocr_line' id='line_1_78' title="bbox 2358 3313 3967 3386; baseline -0.002 -17"><span class='ocrx_word' id='word_1_599' title='bbox 2358 3317 2478 3386; x_wconf 78' lang='grc' dir='ltr'><strong>θῇς,</strong></span> <span class='ocrx_word' id='word_1_600' title='bbox 2501 3317 2690 3385; x_wconf 84' lang='grc' dir='ltr'><strong>ἐπειδὴ</strong></span> <span class='ocrx_word' id='word_1_601' title='bbox 2729 3316 2866 3377; x_wconf 86' lang='grc' dir='ltr'><strong>τέως</strong></span> <span class='ocrx_word' id='word_1_602' title='bbox 2911 3316 2970 3370; x_wconf 69' lang='grc' dir='ltr'><strong>τὸ</strong></span> <span class='ocrx_word' id='word_1_603' title='bbox 2994 3315 3146 3385; x_wconf 75' lang='grc' dir='ltr'><strong>βέλος</strong></span> <span class='ocrx_word' id='word_1_604' title='bbox 3173 3313 3236 3367; x_wconf 83' lang='grc' dir='ltr'><strong>οὐ</strong></span> <span class='ocrx_word' id='word_1_605' title='bbox 3266 3313 3489 3384; x_wconf 79' lang='grc' dir='ltr'><strong>βλέπεις</strong></span> <span class='ocrx_word' id='word_1_606' title='bbox 3526 3328 3541 3342; x_wconf 77' lang='grc'><strong><em>⁸</em></strong></span> <span class='ocrx_word' id='word_1_607' title='bbox 3593 3315 3745 3384; x_wconf 77' lang='grc' dir='ltr'><strong>μηδὲ</strong></span> <span class='ocrx_word' id='word_1_608' title='bbox 3773 3313 3967 3366; x_wconf 76' lang='grc' dir='ltr'>ὑπτιοῦ</span> 
     </span>
    </p>
   </div>
   <div class='ocr_carea' id='block_1_79' title="bbox 2355 3408 3968 3481">
    <p class='ocr_par' dir='ltr' id='par_1_79' title="bbox 2355 3408 3968 3481">
     <span class='ocr_line' id='line_1_79' title="bbox 2355 3408 3968 3481; baseline -0.002 -18"><span class='ocrx_word' id='word_1_609' title='bbox 2355 3409 2444 3464; x_wconf 80' lang='grc' dir='ltr'><strong>διὰ</strong></span> <span class='ocrx_word' id='word_1_610' title='bbox 2489 3409 2590 3480; x_wconf 75' lang='grc' dir='ltr'><strong>τὴν</strong></span> <span class='ocrx_word' id='word_1_611' title='bbox 2629 3409 3014 3481; x_wconf 67' lang='grc' dir='ltr'><strong>μακροθυμίαν</strong></span> <span class='ocrx_word' id='word_1_612' title='bbox 3052 3408 3238 3463; x_wconf 79' lang='grc' dir='ltr'><strong>αὐτοῦ,</strong></span> <span class='ocrx_word' id='word_1_613' title='bbox 3287 3410 3490 3462; x_wconf 73' lang='grc' dir='ltr'><strong>ΙἈκουιε</strong></span> <span class='ocrx_word' id='word_1_614' title='bbox 3528 3412 3636 3479; x_wconf 84' lang='grc' dir='ltr'><strong>τῆς</strong></span> <span class='ocrx_word' id='word_1_615' title='bbox 3688 3409 3968 3479; x_wconf 75' lang='grc' dir='ltr'><strong>σωτηρίου</strong></span> 
     </span>
    </p>
   </div>
   <div class='ocr_carea' id='block_1_80' title="bbox 2357 3497 3970 3572">
    <p class='ocr_par' dir='ltr' id='par_1_80' title="bbox 2357 3497 3970 3572">
     <span class='ocr_line' id='line_1_80' title="bbox 2357 3497 3970 3572; baseline -0.004 -17"><span class='ocrx_word' id='word_1_616' title='bbox 2357 3501 2544 3572; x_wconf 80' lang='grc' dir='ltr'><strong>φωνῆς</strong></span> <span class='ocrx_word' id='word_1_617' title='bbox 2569 3501 2794 3572; x_wconf 80' lang='grc' dir='ltr'><strong>ταύτης·</strong></span> <span class='ocrx_word' id='word_1_618' title='bbox 2829 3503 2974 3555; x_wconf 80' lang='grc' dir='ltr'><strong>ἰσθι</strong></span> <span class='ocrx_word' id='word_1_619' title='bbox 2995 3500 3227 3554; x_wconf 77' lang='grc' dir='ltr'><strong>εὐνοῶν</strong></span> <span class='ocrx_word' id='word_1_620' title='bbox 3241 3497 3322 3564; x_wconf 80' lang='grc' dir='ltr'><strong>τῷ</strong></span> <span class='ocrx_word' id='word_1_621' title='bbox 3345 3499 3636 3564; x_wconf 75' lang='grc' dir='ltr'><strong>ἀντιδίκῳ</strong></span> <span class='ocrx_word' id='word_1_622' title='bbox 3661 3516 3815 3554; x_wconf 86' lang='grc' dir='ltr'><strong>σου.</strong></span> <span class='ocrx_word' id='word_1_623' title='bbox 3863 3502 3970 3553; x_wconf 72' lang='grc' dir='ltr'><strong>Ἂν..</strong></span> 
     </span>
    </p>
   </div>
   <div class='ocr_carea' id='block_1_81' title="bbox 2355 3588 3970 3666">
    <p class='ocr_par' dir='ltr' id='par_1_81' title="bbox 2355 3588 3970 3666">
     <span class='ocr_line' id='line_1_81' title="bbox 2355 3588 3970 3666; baseline -0.002 -17"><span class='ocrx_word' id='word_1_624' title='bbox 2355 3597 2548 3666; x_wconf 85' lang='grc' dir='ltr'>τιδίκῳ</span> <span class='ocrx_word' id='word_1_625' title='bbox 2607 3594 2916 3656; x_wconf 80' lang='grc' dir='ltr'><strong>συνοδεύεις</strong></span> <span class='ocrx_word' id='word_1_626' title='bbox 2973 3594 3099 3648; x_wconf 81' lang='grc' dir='ltr'><strong>καθ’</strong></span> <span class='ocrx_word' id='word_1_627' title='bbox 3151 3595 3394 3666; x_wconf 82' lang='grc' dir='ltr'><strong>ἐκάστην</strong></span> <span class='ocrx_word' id='word_1_628' title='bbox 3453 3593 3705 3664; x_wconf 79' lang='grc' dir='ltr'><strong>ἡμέραν,</strong></span> <span class='ocrx_word' id='word_1_629' title='bbox 3758 3588 3830 3647; x_wconf 73' lang='grc' dir='ltr'>οὗ</span> <span class='ocrx_word' id='word_1_630' title='bbox 3874 3595 3970 3663; x_wconf 76' lang='grc' dir='ltr'><strong>τὴν</strong></span> 
     </span>
    </p>
   </div>
   <div class='ocr_carea' id='block_1_82' title="bbox 2359 3685 3970 3758">
    <p class='ocr_par' dir='ltr' id='par_1_82' title="bbox 2359 3685 3970 3758">
     <span class='ocr_line' id='line_1_82' title="bbox 2359 3685 3970 3758; baseline -0.005 -15"><span class='ocrx_word' id='word_1_631' title='bbox 2359 3689 2609 3744; x_wconf 74' lang='grc' dir='ltr'><strong>συνοδίαν</strong></span> <span class='ocrx_word' id='word_1_632' title='bbox 2675 3689 2942 3758; x_wconf 75' lang='grc' dir='ltr'><strong>ἐκφυγεῖν</strong></span> <span class='ocrx_word' id='word_1_633' title='bbox 2997 3687 3062 3740; x_wconf 82' lang='grc' dir='ltr'><strong>οὑ</strong></span> <span class='ocrx_word' id='word_1_634' title='bbox 3129 3687 3380 3743; x_wconf 83' lang='grc' dir='ltr'><strong>δύνασαι.</strong></span> <span class='ocrx_word' id='word_1_635' title='bbox 3447 3685 3673 3749; x_wconf 80' lang='grc' dir='ltr'>Παῦλος</span> <span class='ocrx_word' id='word_1_636' title='bbox 3740 3686 3970 3740; x_wconf 72' lang='grc' dir='ltr'>ἐπαλει-</span> 
     </span>
    </p>
   </div>
   <div class='ocr_carea' id='block_1_83' title="bbox 2357 3779 3966 3853">
    <p class='ocr_par' dir='ltr' id='par_1_83' title="bbox 2357 3779 3966 3853">
     <span class='ocr_line' id='line_1_83' title="bbox 2357 3779 3966 3853; baseline -0.001 -17"><span class='ocrx_word' id='word_1_637' title='bbox 2357 3783 2506 3853; x_wconf 81' lang='grc' dir='ltr'><strong>φὲτω</strong></span> <span class='ocrx_word' id='word_1_638' title='bbox 2535 3800 2594 3836; x_wconf 88' lang='grc' dir='ltr'><strong>σε</strong></span> <span class='ocrx_word' id='word_1_639' title='bbox 2621 3781 2814 3851; x_wconf 81' lang='grc' dir='ltr'><strong>λέγων·</strong></span> <span class='ocrx_word' id='word_1_640' title='bbox 2852 3781 2924 3836; x_wconf 82' lang='grc' dir='ltr'><strong>Ἦ</strong></span> <span class='ocrx_word' id='word_1_641' title='bbox 2947 3780 3106 3850; x_wconf 76' lang='grc' dir='ltr'><strong>σὰρξ</strong></span> <span class='ocrx_word' id='word_1_642' title='bbox 3144 3779 3416 3850; x_wconf 77' lang='grc' dir='ltr'><strong>ἐπιθυμεῖ</strong></span> <span class='ocrx_word' id='word_1_643' title='bbox 3437 3781 3593 3833; x_wconf 77' lang='grc' dir='ltr'><strong>κατὰ</strong></span> <span class='ocrx_word' id='word_1_644' title='bbox 3620 3780 3741 3834; x_wconf 76' lang='grc' dir='ltr'><strong>τοῦ</strong></span> <span class='ocrx_word' id='word_1_645' title='bbox 3782 3782 3966 3835; x_wconf 74' lang='lat' dir='ltr'><strong>mi-</strong></span> 
     </span>
    </p>
   </div>
   <div class='ocr_carea' id='block_1_84' title="bbox 2349 3873 3963 3947">
    <p class='ocr_par' dir='ltr' id='par_1_84' title="bbox 2349 3873 3963 3947">
     <span class='ocr_line' id='line_1_84' title="bbox 2349 3873 3963 3947; baseline -0.004 -16"><span class='ocrx_word' id='word_1_646' title='bbox 2349 3892 2561 3947; x_wconf 80' lang='grc' dir='ltr'><strong>ματος,</strong></span> <span class='ocrx_word' id='word_1_647' title='bbox 2589 3877 2687 3929; x_wconf 78' lang='grc' dir='ltr'><strong>καὶ</strong></span> <span class='ocrx_word' id='word_1_648' title='bbox 2711 3874 2780 3929; x_wconf 81' lang='grc' dir='ltr'><strong>τὸ</strong></span> <span class='ocrx_word' id='word_1_649' title='bbox 2797 3874 3034 3944; x_wconf 79' lang='grc' dir='ltr'><strong>πνεῦμα</strong></span> <span class='ocrx_word' id='word_1_650' title='bbox 3051 3873 3205 3928; x_wconf 80' lang='grc' dir='ltr'><strong>κατὰ</strong></span> <span class='ocrx_word' id='word_1_651' title='bbox 3224 3873 3338 3942; x_wconf 79' lang='grc' dir='ltr'><strong>τῆς</strong></span> <span class='ocrx_word' id='word_1_652' title='bbox 3361 3876 3618 3941; x_wconf 74' lang='grc' dir='ltr'><strong>σαρκός·</strong></span> <span class='ocrx_word' id='word_1_653' title='bbox 3651 3874 3860 3928; x_wconf 78' lang='grc' dir='ltr'><strong>ταῦτα</strong></span> <span class='ocrx_word' id='word_1_654' title='bbox 3877 3875 3963 3934; x_wconf 70' lang='lat' dir='ltr'><strong>es.</strong></span> 
     </span>
    </p>
   </div>
   <div class='ocr_carea' id='block_1_85' title="bbox 2357 3965 3961 4038">
    <p class='ocr_par' dir='ltr' id='par_1_85' title="bbox 2357 3965 3961 4038">
     <span class='ocr_line' id='line_1_85' title="bbox 2357 3965 3961 4038; baseline -0.002 -16"><span class='ocrx_word' id='word_1_655' title='bbox 2357 3971 2543 4038; x_wconf 77' lang='grc' dir='ltr'>φησὶν,</span> <span class='ocrx_word' id='word_1_656' title='bbox 2565 3969 2888 4023; x_wconf 80' lang='grc' dir='ltr'><strong>ἀντίκειται</strong></span> <span class='ocrx_word' id='word_1_657' title='bbox 2911 3965 3228 4035; x_wconf 69' lang='grc' dir='ltr'><strong>ἀλλήλους.</strong></span> <span class='ocrx_word' id='word_1_658' title='bbox 3266 3965 3626 4018; x_wconf 81' lang='grc' dir='ltr'><strong>Ἀντικείσθω</strong></span> <span class='ocrx_word' id='word_1_659' title='bbox 3649 3967 3716 4018; x_wconf 77' lang='grc' dir='ltr'><strong>τὸ</strong></span> <span class='ocrx_word' id='word_1_660' title='bbox 3739 3966 3961 4036; x_wconf 78' lang='grc' dir='ltr'><strong>πνεῦμα</strong></span> 
     </span>
    </p>
   </div>
   <div class='ocr_carea' id='block_1_86' title="bbox 2354 4055 3958 4128">
    <p class='ocr_par' dir='ltr' id='par_1_86' title="bbox 2354 4055 3958 4128">
     <span class='ocr_line' id='line_1_86' title="bbox 2354 4055 3958 4128; baseline 0 -18"><span class='ocrx_word' id='word_1_661' title='bbox 2354 4060 2421 4128; x_wconf 80' lang='grc' dir='ltr'><strong>τῇ</strong></span> <span class='ocrx_word' id='word_1_662' title='bbox 2453 4057 2618 4127; x_wconf 70' lang='grc' dir='ltr'><strong>σαρκὶ</strong></span> <span class='ocrx_word' id='word_1_663' title='bbox 2644 4057 3071 4126; x_wconf 79' lang='grc' dir='ltr'>ἐπαλειφόμενον</span> <span class='ocrx_word' id='word_1_664' title='bbox 3096 4059 3217 4119; x_wconf 75' lang='grc' dir='ltr'><strong>ταῖς</strong></span> <span class='ocrx_word' id='word_1_665' title='bbox 3234 4055 3730 4126; x_wconf 76' lang='grc' dir='ltr'><strong>προσδοκωμέναις</strong></span> <span class='ocrx_word' id='word_1_666' title='bbox 3753 4057 3958 4115; x_wconf 73' lang='grc' dir='ltr'>ἐλπίσι.</span> 
     </span>
    </p>
   </div>
   <div class='ocr_carea' id='block_1_87' title="bbox 2357 4145 3959 4220">
    <p class='ocr_par' dir='ltr' id='par_1_87' title="bbox 2357 4145 3959 4220">
     <span class='ocr_line' id='line_1_87' title="bbox 2357 4145 3959 4220; baseline -0.001 -19"><span class='ocrx_word' id='word_1_667' title='bbox 2357 4150 2784 4220; x_wconf 79' lang='grc' dir='ltr'><strong>συγκρινόμενον</strong></span> <span class='ocrx_word' id='word_1_668' title='bbox 2826 4147 3123 4216; x_wconf 71' lang='grc' dir='ltr'>ἐπιθυμίαν</span> <span class='ocrx_word' id='word_1_669' title='bbox 3150 4147 3358 4218; x_wconf 76' lang='grc' dir='ltr'>κόσμου</span> <span class='ocrx_word' id='word_1_670' title='bbox 3405 4147 3502 4200; x_wconf 80' lang='grc' dir='ltr'><strong>καὶ</strong></span> <span class='ocrx_word' id='word_1_671' title='bbox 3537 4145 3843 4216; x_wconf 68' lang='grc' dir='ltr'><strong>βαοτλείαν</strong></span> <span class='ocrx_word' id='word_1_672' title='bbox 3870 4151 3959 4202; x_wconf 68' lang='lat' dir='ltr'><strong>o5-</strong></span> 
     </span>
    </p>
   </div>
   <div class='ocr_carea' id='block_1_88' title="bbox 2359 4236 3958 4310">
    <p class='ocr_par' dir='ltr' id='par_1_88' title="bbox 2359 4236 3958 4310">
     <span class='ocr_line' id='line_1_88' title="bbox 2359 4236 3958 4310; baseline -0.003 -17"><span class='ocrx_word' id='word_1_673' title='bbox 2359 4239 2554 4310; x_wconf 87' lang='grc' dir='ltr'><strong>ρανῶν.</strong></span> <span class='ocrx_word' id='word_1_674' title='bbox 2593 4237 2658 4291; x_wconf 89' lang='lat' dir='ltr'><strong>&#39;Il</strong></span> <span class='ocrx_word' id='word_1_675' title='bbox 2688 4239 2798 4309; x_wconf 84' lang='grc' dir='ltr'><strong>γὰρ</strong></span> <span class='ocrx_word' id='word_1_676' title='bbox 2834 4237 2972 4309; x_wconf 71' lang='grc' dir='ltr'><strong>σὰρξ</strong></span> <span class='ocrx_word' id='word_1_677' title='bbox 3013 4238 3105 4290; x_wconf 75' lang='grc' dir='ltr'><strong>ἐπὶ</strong></span> <span class='ocrx_word' id='word_1_678' title='bbox 3125 4237 3219 4290; x_wconf 78' lang='grc' dir='ltr'><strong>τὸν</strong></span> <span class='ocrx_word' id='word_1_679' title='bbox 3258 4236 3390 4306; x_wconf 83' lang='grc' dir='ltr'>χοῦν</span> <span class='ocrx_word' id='word_1_680' title='bbox 3423 4237 3608 4307; x_wconf 74' lang='grc' dir='ltr'><strong>ῥέπει,</strong></span> <span class='ocrx_word' id='word_1_681' title='bbox 3642 4239 3678 4308; x_wconf 81' lang='grc' dir='ltr'><strong>ή</strong></span> <span class='ocrx_word' id='word_1_682' title='bbox 3710 4238 3775 4290; x_wconf 80' lang='grc' dir='ltr'><strong>δὲ</strong></span> 
     </span>
    </p>
   </div>
   <div class='ocr_carea' id='block_1_89' title="bbox 2354 4327 3956 4403">
    <p class='ocr_par' dir='ltr' id='par_1_89' title="bbox 2354 4327 3956 4403">
     <span class='ocr_line' id='line_1_89' title="bbox 2354 4327 3956 4403; baseline -0.002 -20"><span class='ocrx_word' id='word_1_683' title='bbox 2354 4333 2454 4403; x_wconf 82' lang='grc' dir='ltr'><strong>τὴν</strong></span> <span class='ocrx_word' id='word_1_684' title='bbox 2507 4329 2661 4386; x_wconf 87' lang='grc' dir='ltr'>θείαν</span> <span class='ocrx_word' id='word_1_685' title='bbox 2704 4330 2891 4384; x_wconf 81' lang='grc' dir='ltr'><strong>εἰκόνα</strong></span> <span class='ocrx_word' id='word_1_686' title='bbox 2953 4329 3305 4394; x_wconf 73' lang='grc' dir='ltr'><strong>σπουδαζέτω</strong></span> <span class='ocrx_word' id='word_1_687' title='bbox 3373 4327 3692 4399; x_wconf 75' lang='grc' dir='ltr'><strong>μιμεῖσθαι.</strong></span> <span class='ocrx_word' id='word_1_688' title='bbox 3769 4329 3956 4389; x_wconf 75' lang='grc' dir='ltr'><strong>οὕτως</strong></span> 
     </span>
    </p>
   </div>
   <div class='ocr_carea' id='block_1_90' title="bbox 668 4416 2259 4491">
    <p class='ocr_par' dir='ltr' id='par_1_90' title="bbox 668 4421 2256 4491">
     <span class='ocr_line' id='line_1_90' title="bbox 668 4421 2256 4491; baseline 0.001 -17"><span class='ocrx_word' id='word_1_689' title='bbox 668 4421 1011 4491; x_wconf 74' lang='lat' dir='ltr'><strong>rius&#39;judiei,</strong></span> <span class='ocrx_word' id='word_1_690' title='bbox 1055 4429 1111 4474; x_wconf 91' lang='lat' dir='ltr'><strong>et</strong></span> <span class='ocrx_word' id='word_1_691' title='bbox 1164 4421 1328 4490; x_wconf 81' lang='lat' dir='ltr'><strong>judex</strong></span> <span class='ocrx_word' id='word_1_692' title='bbox 1403 4421 1693 4475; x_wconf 81' lang='lat' dir='ltr'><strong>ultricibus</strong></span> <span class='ocrx_word' id='word_1_693' title='bbox 1767 4422 2157 4491; x_wconf 83' lang='lat' dir='ltr'><strong>potestatibus,</strong></span> <span class='ocrx_word' id='word_1_694' title='bbox 2199 4431 2256 4476; x_wconf 90' lang='lat' dir='ltr'><strong>et</strong></span> 
     </span>
    </p>
   </div>
   <div class='ocr_carea' id='block_1_91' title="bbox 2356 4416 3958 4491">
    <p class='ocr_par' dir='ltr' id='par_1_91' title="bbox 2356 4416 3958 4489">
     <span class='ocr_line' id='line_1_91' title="bbox 2356 4416 3958 4489; baseline -0.002 -11"><span class='ocrx_word' id='word_1_695' title='bbox 2356 4425 2551 4478; x_wconf 77' lang='grc' dir='ltr'><strong>εὐνόει</strong></span> <span class='ocrx_word' id='word_1_696' title='bbox 2599 4423 2682 4489; x_wconf 83' lang='grc' dir='ltr'><strong>τῷ</strong></span> <span class='ocrx_word' id='word_1_697' title='bbox 2708 4422 2990 4487; x_wconf 81' lang='grc' dir='ltr'><strong>ἀντιδίκῳ</strong></span> <span class='ocrx_word' id='word_1_698' title='bbox 3029 4438 3170 4484; x_wconf 88' lang='grc' dir='ltr'><strong>σου,</strong></span> <span class='ocrx_word' id='word_1_699' title='bbox 3194 4421 3306 4487; x_wconf 76' lang='grc' dir='ltr'><strong>ἕως</strong></span> <span class='ocrx_word' id='word_1_700' title='bbox 3345 4420 3489 4474; x_wconf 83' lang='grc' dir='ltr'><strong>ὅτου</strong></span> <span class='ocrx_word' id='word_1_701' title='bbox 3519 4416 3582 4473; x_wconf 74' lang='grc' dir='ltr'><strong>εἷ</strong></span> <span class='ocrx_word' id='word_1_702' title='bbox 3605 4421 3681 4473; x_wconf 73' lang='grc' dir='ltr'><strong>ἐν</strong></span> <span class='ocrx_word' id='word_1_703' title='bbox 3715 4421 3798 4489; x_wconf 75' lang='grc' dir='ltr'><strong>τιῙ</strong></span> <span class='ocrx_word' id='word_1_704' title='bbox 3839 4419 3958 4484; x_wconf 72' lang='grc' dir='ltr'><strong>ὀδῷ</strong></span> 
     </span>
    </p>
   </div>
   <div class='ocr_carea' id='block_1_92' title="bbox 664 4513 2259 4585">
    <p class='ocr_par' dir='ltr' id='par_1_92' title="bbox 664 4513 2250 4582">
     <span class='ocr_line' id='line_1_92' title="bbox 664 4513 2250 4582; baseline 0.001 -14"><span class='ocrx_word' id='word_1_705' title='bbox 664 4514 978 4582; x_wconf 81' lang='lat' dir='ltr'><strong>conjiciaris</strong></span> <span class='ocrx_word' id='word_1_706' title='bbox 1037 4513 1090 4566; x_wconf 94' lang='lat' dir='ltr'><strong>in</strong></span> <span class='ocrx_word' id='word_1_707' title='bbox 1145 4527 1440 4576; x_wconf 83' lang='lat' dir='ltr'><strong>carcerem,</strong></span> <span class='ocrx_word' id='word_1_708' title='bbox 1508 4515 1564 4568; x_wconf 91' lang='lat' dir='ltr'><strong>in</strong></span> <span class='ocrx_word' id='word_1_709' title='bbox 1622 4514 1874 4569; x_wconf 84' lang='lat' dir='ltr'><strong>tenebras</strong></span> <span class='ocrx_word' id='word_1_710' title='bbox 1928 4515 2250 4578; x_wconf 79' lang='lat' dir='ltr'><strong>exteriores,</strong></span> 
     </span>
    </p>
   </div>
   <div class='ocr_carea' id='block_1_93' title="bbox 2356 4513 3952 4585">
    <p class='ocr_par' dir='ltr' id='par_1_93' title="bbox 2356 4513 3952 4585">
     <span class='ocr_line' id='line_1_93' title="bbox 2356 4513 3952 4585; baseline -0.003 -15"><span class='ocrx_word' id='word_1_711' title='bbox 2356 4518 2478 4585; x_wconf 81' lang='grc' dir='ltr'><strong>μετ’</strong></span> <span class='ocrx_word' id='word_1_712' title='bbox 2507 4517 2715 4580; x_wconf 84' lang='grc' dir='ltr'><strong>αὐτοῦ,</strong></span> <span class='ocrx_word' id='word_1_713' title='bbox 2747 4515 3048 4579; x_wconf 79' lang='grc' dir='ltr'><strong>τουτέστιν,</strong></span> <span class='ocrx_word' id='word_1_714' title='bbox 3089 4516 3148 4568; x_wconf 88' lang='grc' dir='ltr'>ἐν</span> <span class='ocrx_word' id='word_1_715' title='bbox 3189 4513 3326 4585; x_wconf 82' lang='grc' dir='ltr'><strong>τῷδε</strong></span> <span class='ocrx_word' id='word_1_716' title='bbox 3357 4513 3437 4583; x_wconf 83' lang='grc' dir='ltr'><strong>τῷ</strong></span> <span class='ocrx_word' id='word_1_717' title='bbox 3475 4513 3612 4583; x_wconf 84' lang='grc' dir='ltr'><strong>βίῳ·</strong></span> <span class='ocrx_word' id='word_1_718' title='bbox 3647 4516 3754 4567; x_wconf 78' lang='grc' dir='ltr'>ἐὰν</span> <span class='ocrx_word' id='word_1_719' title='bbox 3786 4514 3897 4582; x_wconf 71' lang='grc' dir='ltr'><strong>γὰρ</strong></span> <span class='ocrx_word' id='word_1_720' title='bbox 3919 4516 3952 4582; x_wconf 78' lang='grc' dir='ltr'><strong>ἠ</strong></span> 
     </span>
    </p>
   </div>
   <div class='ocr_carea' id='block_1_94' title="bbox 665 4604 2285 4676">
    <p class='ocr_par' dir='ltr' id='par_1_94' title="bbox 665 4604 2285 4676">
     <span class='ocr_line' id='line_1_94' title="bbox 665 4604 2285 4676; baseline 0.001 -18"><span class='ocrx_word' id='word_1_721' title='bbox 665 4607 840 4659; x_wconf 87' lang='lat' dir='ltr'><strong>donec</strong></span> <span class='ocrx_word' id='word_1_722' title='bbox 870 4605 1062 4659; x_wconf 89' lang='lat' dir='ltr'><strong>reddas</strong></span> <span class='ocrx_word' id='word_1_723' title='bbox 1090 4604 1343 4659; x_wconf 89' lang='lat' dir='ltr'><strong>ultimum</strong></span> <span class='ocrx_word' id='word_1_724' title='bbox 1376 4605 1736 4676; x_wconf 88' lang='lat' dir='ltr'><strong>quadrantem</strong></span> <span class='ocrx_word' id='word_1_725' title='bbox 1767 4606 1813 4638; x_wconf 80' lang='lat'><strong>“</strong></span> <span class='ocrx_word' id='word_1_726' title='bbox 1835 4645 1850 4671; x_wconf 92' lang='lat'><strong>,</strong></span> <span class='ocrx_word' id='word_1_727' title='bbox 1884 4620 1991 4661; x_wconf 87' lang='lat' dir='ltr'><strong>non</strong></span> <span class='ocrx_word' id='word_1_728' title='bbox 2041 4615 2255 4661; x_wconf 91' lang='lat' dir='ltr'><strong>tantum</strong></span> <span class='ocrx_word' id='word_1_729' title='bbox 2281 4613 2285 4618; x_wconf 86' lang='lat'>&#39;</span> 
     </span>
    </p>
   </div>
   <div class='ocr_carea' id='block_1_95' title="bbox 663 4696 2252 4766">
    <p class='ocr_par' dir='ltr' id='par_1_95' title="bbox 663 4696 2252 4766">
     <span class='ocr_line' id='line_1_95' title="bbox 663 4696 2252 4766; baseline 0.003 -18"><span class='ocrx_word' id='word_1_730' title='bbox 663 4697 732 4750; x_wconf 88' lang='lat' dir='ltr'><strong>de</strong></span> <span class='ocrx_word' id='word_1_731' title='bbox 751 4696 1082 4760; x_wconf 79' lang='lat' dir='ltr'><strong>actionibus,</strong></span> <span class='ocrx_word' id='word_1_732' title='bbox 1095 4709 1280 4750; x_wconf 90' lang='lat' dir='ltr'><strong>verum</strong></span> <span class='ocrx_word' id='word_1_733' title='bbox 1305 4704 1360 4750; x_wconf 90' lang='lat' dir='ltr'><strong>et</strong></span> <span class='ocrx_word' id='word_1_734' title='bbox 1389 4697 1457 4752; x_wconf 87' lang='lat' dir='ltr'><strong>de</strong></span> <span class='ocrx_word' id='word_1_735' title='bbox 1471 4697 1894 4766; x_wconf 82' lang='lat' dir='ltr'><strong>cogitationibus</strong></span> <span class='ocrx_word' id='word_1_736' title='bbox 1904 4697 2252 4766; x_wconf 74' lang='lat' dir='ltr'><strong>iudicandus.</strong></span> 
     </span>
    </p>
   </div>
   <div class='ocr_carea' id='block_1_96' title="bbox 666 4787 2251 4860">
    <p class='ocr_par' dir='ltr' id='par_1_96' title="bbox 666 4787 2251 4860">
     <span class='ocr_line' id='line_1_96' title="bbox 666 4787 2251 4860; baseline 0.003 -18"><span class='ocrx_word' id='word_1_737' title='bbox 666 4787 792 4845; x_wconf 70' lang='lat' dir='ltr'><strong>llaec</strong></span> <span class='ocrx_word' id='word_1_738' title='bbox 848 4789 1016 4860; x_wconf 82' lang='lat' dir='ltr'><strong>igitur</strong></span> <span class='ocrx_word' id='word_1_739' title='bbox 1062 4789 1245 4844; x_wconf 85' lang='lat' dir='ltr'><strong>omnia</strong></span> <span class='ocrx_word' id='word_1_740' title='bbox 1277 4791 1534 4855; x_wconf 88' lang='lat' dir='ltr'><strong>scientes,</strong></span> <span class='ocrx_word' id='word_1_741' title='bbox 1593 4791 1867 4844; x_wconf 86' lang='lat' dir='ltr'><strong>nobismet</strong></span> <span class='ocrx_word' id='word_1_742' title='bbox 1903 4791 2251 4846; x_wconf 79' lang='lat' dir='ltr'><strong>auxiliemur.</strong></span> 
     </span>
    </p>
   </div>
   <div class='ocr_carea' id='block_1_97' title="bbox 664 4881 2248 4953">
    <p class='ocr_par' dir='ltr' id='par_1_97' title="bbox 664 4881 2248 4953">
     <span class='ocr_line' id='line_1_97' title="bbox 664 4881 2248 4953; baseline 0 -16"><span class='ocrx_word' id='word_1_743' title='bbox 664 4881 820 4937; x_wconf 87' lang='lat' dir='ltr'><strong>Tunc</strong></span> <span class='ocrx_word' id='word_1_744' title='bbox 851 4881 996 4937; x_wconf 88' lang='lat' dir='ltr'><strong>enim</strong></span> <span class='ocrx_word' id='word_1_745' title='bbox 1029 4897 1421 4951; x_wconf 86' lang='lat' dir='ltr'><strong>cognoscemus</strong></span> <span class='ocrx_word' id='word_1_746' title='bbox 1455 4897 1620 4953; x_wconf 91' lang='lat' dir='ltr'><strong>quam</strong></span> <span class='ocrx_word' id='word_1_747' title='bbox 1653 4883 1725 4937; x_wconf 88' lang='lat' dir='ltr'><strong>sit</strong></span> <span class='ocrx_word' id='word_1_748' title='bbox 1769 4898 1952 4936; x_wconf 87' lang='lat' dir='ltr'><strong>amara</strong></span> <span class='ocrx_word' id='word_1_749' title='bbox 1979 4883 2248 4952; x_wconf 83' lang='lat' dir='ltr'><strong>voluptas,</strong></span> 
     </span>
    </p>
   </div>
   <div class='ocr_carea' id='block_1_98' title="bbox 662 4973 2246 5043">
    <p class='ocr_par' dir='ltr' id='par_1_98' title="bbox 662 4973 2246 5043">
     <span class='ocr_line' id='line_1_98' title="bbox 662 4973 2246 5043; baseline 0.001 -17"><span class='ocrx_word' id='word_1_750' title='bbox 662 4988 787 5026; x_wconf 91' lang='lat' dir='ltr'><strong>cum</strong></span> <span class='ocrx_word' id='word_1_751' title='bbox 825 4987 882 5026; x_wconf 90' lang='lat' dir='ltr'><strong>re</strong></span> <span class='ocrx_word' id='word_1_752' title='bbox 912 4973 1030 5043; x_wconf 90' lang='lat' dir='ltr'><strong>ipsa</strong></span> <span class='ocrx_word' id='word_1_753' title='bbox 1061 4973 1425 5042; x_wconf 81' lang='lat' dir='ltr'><strong>experiemur,</strong></span> <span class='ocrx_word' id='word_1_754' title='bbox 1451 4982 1674 5043; x_wconf 64' lang='lat' dir='ltr'><strong>quanta:</strong></span> <span class='ocrx_word' id='word_1_755' title='bbox 1701 4974 1860 5028; x_wconf 88' lang='lat' dir='ltr'><strong>nobis</strong></span> <span class='ocrx_word' id='word_1_756' title='bbox 1886 4974 1955 5028; x_wconf 89' lang='lat' dir='ltr'><strong>sit</strong></span> <span class='ocrx_word' id='word_1_757' title='bbox 1984 4978 2246 5028; x_wconf 72' lang='lat' dir='ltr'><strong>amaritu-</strong></span> 
     </span>
    </p>
   </div>
   <div class='ocr_carea' id='block_1_99' title="bbox 663 5064 1101 5120">
    <p class='ocr_par' dir='ltr' id='par_1_99' title="bbox 663 5064 1101 5120">
     <span class='ocr_line' id='line_1_99' title="bbox 663 5064 1101 5120; baseline 0 -1"><span class='ocrx_word' id='word_1_758' title='bbox 663 5064 808 5120; x_wconf 88' lang='lat' dir='ltr'><strong>dinis</strong></span> <span class='ocrx_word' id='word_1_759' title='bbox 831 5064 1101 5120; x_wconf 90' lang='lat' dir='ltr'><strong>ministra.</strong></span> 
     </span>
    </p>
   </div>
   <div class='ocr_carea' id='block_1_100' title="bbox 2356 4605 3952 4679">
    <p class='ocr_par' dir='ltr' id='par_1_100' title="bbox 2356 4605 3952 4679">
     <span class='ocr_line' id='line_1_100' title="bbox 2356 4605 3952 4679; baseline -0.002 -18"><span class='ocrx_word' id='word_1_760' title='bbox 2356 4609 2473 4670; x_wconf 71' lang='lat'><strong><em>666:</em></strong></span> <span class='ocrx_word' id='word_1_761' title='bbox 2499 4608 2750 4679; x_wconf 79' lang='grc' dir='ltr'><strong>τελεσθῇ,</strong></span> <span class='ocrx_word' id='word_1_762' title='bbox 2772 4608 2891 4674; x_wconf 78' lang='grc' dir='ltr'><strong>,οὐκ</strong></span> <span class='ocrx_word' id='word_1_763' title='bbox 2916 4607 3031 4660; x_wconf 71' lang='grc' dir='ltr'>ἐστι</span> <span class='ocrx_word' id='word_1_764' title='bbox 3059 4624 3142 4661; x_wconf 88' lang='grc' dir='ltr'>σοι</span> <span class='ocrx_word' id='word_1_765' title='bbox 3191 4605 3484 4677; x_wconf 84' lang='grc' dir='ltr'><strong>μετανοίας</strong></span> <span class='ocrx_word' id='word_1_766' title='bbox 3510 4607 3736 4679; x_wconf 77' lang='grc' dir='ltr'><strong>καιρός.</strong></span> 
     </span>
    </p>
   </div>
   <div class='ocr_carea' id='block_1_101' title="bbox 2357 4697 3954 4770">
    <p class='ocr_par' dir='ltr' id='par_1_101' title="bbox 2357 4697 3954 4770">
     <span class='ocr_line' id='line_1_101' title="bbox 2357 4697 3954 4770; baseline -0.006 -15"><span class='ocrx_word' id='word_1_767' title='bbox 2357 4699 2432 4770; x_wconf 85' lang='grc' dir='ltr'><strong>μή</strong></span> <span class='ocrx_word' id='word_1_768' title='bbox 2489 4715 2548 4751; x_wconf 89' lang='grc' dir='ltr'><strong>σε</strong></span> <span class='ocrx_word' id='word_1_769' title='bbox 2592 4698 2822 4769; x_wconf 86' lang='grc' dir='ltr'><strong>παραδῷ</strong></span> <span class='ocrx_word' id='word_1_770' title='bbox 2850 4700 2880 4752; x_wconf 89' lang='lat'><strong>6</strong></span> <span class='ocrx_word' id='word_1_771' title='bbox 2909 4698 3180 4762; x_wconf 82' lang='grc' dir='ltr'><strong>ἀντίδικος</strong></span> <span class='ocrx_word' id='word_1_772' title='bbox 3219 4697 3300 4769; x_wconf 80' lang='grc' dir='ltr'><strong>τῷ</strong></span> <span class='ocrx_word' id='word_1_773' title='bbox 3328 4699 3486 4767; x_wconf 81' lang='grc' dir='ltr'><strong>κριτῇ</strong></span> <span class='ocrx_word' id='word_1_774' title='bbox 3513 4738 3529 4761; x_wconf 94' lang='grc'><strong>,</strong></span> <span class='ocrx_word' id='word_1_775' title='bbox 3560 4699 3662 4750; x_wconf 76' lang='grc' dir='ltr'><strong>καὶ</strong></span> <span class='ocrx_word' id='word_1_776' title='bbox 3690 4700 3724 4750; x_wconf 90' lang='lat'><strong>6</strong></span> <span class='ocrx_word' id='word_1_777' title='bbox 3757 4699 3954 4768; x_wconf 75' lang='grc' dir='ltr'><strong>κριτὴς</strong></span> 
     </span>
    </p>
   </div>
   <div class='ocr_carea' id='block_1_102' title="bbox 2351 4788 3950 4861">
    <p class='ocr_par' dir='ltr' id='par_1_102' title="bbox 2351 4788 3950 4861">
     <span class='ocr_line' id='line_1_102' title="bbox 2351 4788 3950 4861; baseline -0.001 -19"><span class='ocrx_word' id='word_1_778' title='bbox 2351 4792 2472 4853; x_wconf 86' lang='grc' dir='ltr'><strong>ταῖς</strong></span> <span class='ocrx_word' id='word_1_779' title='bbox 2500 4789 2873 4861; x_wconf 81' lang='grc' dir='ltr'><strong>τιμωρούσαις</strong></span> <span class='ocrx_word' id='word_1_780' title='bbox 2894 4789 3193 4859; x_wconf 84' lang='grc' dir='ltr'><strong>δυνάμεσι,</strong></span> <span class='ocrx_word' id='word_1_781' title='bbox 3229 4790 3326 4842; x_wconf 74' lang='grc' dir='ltr'><strong>καὶ</strong></span> <span class='ocrx_word' id='word_1_782' title='bbox 3356 4788 3560 4859; x_wconf 77' lang='grc' dir='ltr'><strong>βληθῇς</strong></span> <span class='ocrx_word' id='word_1_783' title='bbox 3593 4791 3680 4852; x_wconf 86' lang='grc' dir='ltr'><strong>εἱς</strong></span> <span class='ocrx_word' id='word_1_784' title='bbox 3710 4791 3823 4859; x_wconf 78' lang='grc' dir='ltr'><strong>τὴν</strong></span> <span class='ocrx_word' id='word_1_785' title='bbox 3851 4808 3950 4857; x_wconf 71' lang='grc' dir='ltr'><strong>φυ-</strong></span> 
     </span>
    </p>
   </div>
   <div class='ocr_carea' id='block_1_103' title="bbox 2351 4873 3949 4952">
    <p class='ocr_par' dir='ltr' id='par_1_103' title="bbox 2351 4873 3949 4952">
     <span class='ocr_line' id='line_1_103' title="bbox 2351 4873 3949 4952; baseline 0.006 -18"><span class='ocrx_word' id='word_1_786' title='bbox 2351 4880 2540 4952; x_wconf 75' lang='grc' dir='ltr'><strong>λακὴν,</strong></span> <span class='ocrx_word' id='word_1_787' title='bbox 2574 4883 2652 4945; x_wconf 82' lang='grc' dir='ltr'><strong>είς</strong></span> <span class='ocrx_word' id='word_1_788' title='bbox 2697 4881 2758 4934; x_wconf 81' lang='grc' dir='ltr'><strong>τὺ</strong></span> <span class='ocrx_word' id='word_1_789' title='bbox 2804 4881 2993 4944; x_wconf 76' lang='grc' dir='ltr'><strong>σκότος</strong></span> <span class='ocrx_word' id='word_1_790' title='bbox 3033 4881 3097 4933; x_wconf 76' lang='grc' dir='ltr'><strong>τὸ</strong></span> <span class='ocrx_word' id='word_1_791' title='bbox 3140 4879 3423 4950; x_wconf 82' lang='grc' dir='ltr'><strong>ἐξώτερον,</strong></span> <span class='ocrx_word' id='word_1_792' title='bbox 3457 4880 3564 4942; x_wconf 71' lang='grc' dir='ltr'><strong>ἓως</strong></span> <span class='ocrx_word' id='word_1_793' title='bbox 3615 4873 3683 4932; x_wconf 72' lang='grc' dir='ltr'>οὗ</span> <span class='ocrx_word' id='word_1_794' title='bbox 3730 4879 3949 4948; x_wconf 64' lang='grc' dir='ltr'><strong>ἀποδῷς</strong></span> 
     </span>
    </p>
   </div>
   <div class='ocr_carea' id='block_1_104' title="bbox 2352 4971 3947 5042">
    <p class='ocr_par' dir='ltr' id='par_1_104' title="bbox 2352 4971 3947 5042">
     <span class='ocr_line' id='line_1_104' title="bbox 2352 4971 3947 5042; baseline -0.001 -17"><span class='ocrx_word' id='word_1_795' title='bbox 2352 4973 2445 5025; x_wconf 82' lang='grc' dir='ltr'><strong>τὸν</strong></span> <span class='ocrx_word' id='word_1_796' title='bbox 2485 4973 2715 5042; x_wconf 78' lang='grc' dir='ltr'><strong>ἔσχατον</strong></span> <span class='ocrx_word' id='word_1_797' title='bbox 2768 4971 3084 5042; x_wconf 79' lang='grc' dir='ltr'><strong>κοδράντην,</strong></span> <span class='ocrx_word' id='word_1_798' title='bbox 3126 4972 3189 5023; x_wconf 86' lang='grc' dir='ltr'><strong>οὐ</strong></span> <span class='ocrx_word' id='word_1_799' title='bbox 3249 4973 3411 5041; x_wconf 85' lang='grc' dir='ltr'>μόνον</span> <span class='ocrx_word' id='word_1_800' title='bbox 3444 4971 3577 5040; x_wconf 82' lang='grc' dir='ltr'><strong>περὶ</strong></span> <span class='ocrx_word' id='word_1_801' title='bbox 3632 4971 3752 5023; x_wconf 79' lang='grc' dir='ltr'><strong>τῶν</strong></span> <span class='ocrx_word' id='word_1_802' title='bbox 3804 4975 3947 5041; x_wconf 68' lang='grc' dir='ltr'><strong>τερα-</strong></span> 
     </span>
    </p>
   </div>
   <div class='ocr_carea' id='block_1_105' title="bbox 2353 5063 3942 5136">
    <p class='ocr_par' dir='ltr' id='par_1_105' title="bbox 2353 5063 3942 5136">
     <span class='ocr_line' id='line_1_105' title="bbox 2353 5063 3942 5136; baseline -0.003 -18"><span class='ocrx_word' id='word_1_803' title='bbox 2353 5066 2510 5133; x_wconf 81' lang='grc' dir='ltr'><strong>ξεων,</strong></span> <span class='ocrx_word' id='word_1_804' title='bbox 2568 5064 2704 5118; x_wconf 81' lang='grc' dir='ltr'><strong>ἀλλὰ</strong></span> <span class='ocrx_word' id='word_1_805' title='bbox 2749 5070 2842 5118; x_wconf 79' lang='grc' dir='ltr'><strong>καὶ</strong></span> <span class='ocrx_word' id='word_1_806' title='bbox 2878 5065 3007 5135; x_wconf 71' lang='grc' dir='ltr'><strong>περὶ</strong></span> <span class='ocrx_word' id='word_1_807' title='bbox 3047 5064 3157 5116; x_wconf 83' lang='grc' dir='ltr'><strong>τῶν</strong></span> <span class='ocrx_word' id='word_1_808' title='bbox 3197 5063 3550 5134; x_wconf 81' lang='grc' dir='ltr'>ἐνθυμήσεων</span> <span class='ocrx_word' id='word_1_809' title='bbox 3589 5064 3942 5136; x_wconf 57' lang='grc' dir='ltr'><strong>κρινόμενος.</strong></span> 
     </span>
    </p>
   </div>
   <div class='ocr_carea' id='block_1_106' title="bbox 662 5154 3945 5232">
    <p class='ocr_par' dir='ltr' id='par_1_106' title="bbox 662 5154 3945 5232">
     <span class='ocr_line' id='line_1_106' title="bbox 662 5154 3945 5232; baseline -0.002 -18"><span class='ocrx_word' id='word_1_810' title='bbox 662 5160 849 5214; x_wconf 80' lang='grc' dir='ltr'><strong>Ταῦτα</strong></span> <span class='ocrx_word' id='word_1_811' title='bbox 877 5154 970 5213; x_wconf 84' lang='grc' dir='ltr'><strong>οὖν</strong></span> <span class='ocrx_word' id='word_1_812' title='bbox 998 5157 1178 5212; x_wconf 79' lang='grc' dir='ltr'><strong>πάντα</strong></span> <span class='ocrx_word' id='word_1_813' title='bbox 1213 5158 1414 5223; x_wconf 83' lang='grc' dir='ltr'><strong>εἰδότες</strong></span> <span class='ocrx_word' id='word_1_814' title='bbox 1449 5157 1804 5230; x_wconf 81' lang='grc' dir='ltr'><strong>βοηθήσωμεν</strong></span> <span class='ocrx_word' id='word_1_815' title='bbox 1884 5161 2114 5222; x_wconf 77' lang='grc' dir='ltr'><strong>ἑαυτοῖς.</strong></span> <span class='ocrx_word' id='word_1_816' title='bbox 2167 5160 2303 5212; x_wconf 76' lang='grc' dir='ltr'><strong>Τότε</strong></span> <span class='ocrx_word' id='word_1_817' title='bbox 2346 5159 2454 5232; x_wconf 79' lang='grc' dir='ltr'><strong>γὰρ</strong></span> <span class='ocrx_word' id='word_1_818' title='bbox 2522 5158 2846 5229; x_wconf 79' lang='grc' dir='ltr'><strong>γνωσόμεθα</strong></span> <span class='ocrx_word' id='word_1_819' title='bbox 2883 5159 3032 5220; x_wconf 79' lang='grc' dir='ltr'><strong>ὅπως</strong></span> <span class='ocrx_word' id='word_1_820' title='bbox 3099 5158 3215 5209; x_wconf 75' lang='grc' dir='ltr'>ἐστὶ</span> <span class='ocrx_word' id='word_1_821' title='bbox 3252 5156 3426 5228; x_wconf 84' lang='grc' dir='ltr'><strong>πικρά</strong></span> <span class='ocrx_word' id='word_1_822' title='bbox 3489 5157 3526 5226; x_wconf 79' lang='grc' dir='ltr'><strong>ἡ</strong></span> <span class='ocrx_word' id='word_1_823' title='bbox 3569 5156 3776 5229; x_wconf 81' lang='grc' dir='ltr'><strong>ἡδονὴ,</strong></span> <span class='ocrx_word' id='word_1_824' title='bbox 3818 5160 3945 5221; x_wconf 73' lang='grc' dir='ltr'><strong>ὅταν</strong></span> 
     </span>
    </p>
   </div>
   <div class='ocr_carea' id='block_1_107' title="bbox 661 5250 2380 5323">
    <p class='ocr_par' dir='ltr' id='par_1_107' title="bbox 661 5250 2380 5323">
     <span class='ocr_line' id='line_1_107' title="bbox 661 5250 2380 5323; baseline 0.001 -18"><span class='ocrx_word' id='word_1_825' title='bbox 661 5252 878 5323; x_wconf 69' lang='grc' dir='ltr'>γνῶμεν</span> <span class='ocrx_word' id='word_1_826' title='bbox 895 5251 962 5320; x_wconf 79' lang='grc' dir='ltr'><strong>τῇ</strong></span> <span class='ocrx_word' id='word_1_827' title='bbox 989 5251 1175 5320; x_wconf 75' lang='grc' dir='ltr'><strong>πείρᾳ,</strong></span> <span class='ocrx_word' id='word_1_828' title='bbox 1205 5250 1440 5320; x_wconf 81' lang='grc' dir='ltr'><strong>πηλίκης</strong></span> <span class='ocrx_word' id='word_1_829' title='bbox 1466 5252 1691 5322; x_wconf 82' lang='grc' dir='ltr'><strong>πικρίας</strong></span> <span class='ocrx_word' id='word_1_830' title='bbox 1709 5253 1841 5322; x_wconf 77' lang='grc' dir='ltr'>ἡμῖν</span> <span class='ocrx_word' id='word_1_831' title='bbox 1869 5253 2079 5319; x_wconf 82' lang='grc' dir='ltr'><strong>γίνεται</strong></span> <span class='ocrx_word' id='word_1_832' title='bbox 2103 5253 2380 5321; x_wconf 77' lang='grc' dir='ltr'><strong>πρόξενος.</strong></span> 
     </span>
    </p>
   </div>
   <div class='ocr_carea' id='block_1_108' title="bbox 735 5343 2243 5415">
    <p class='ocr_par' dir='ltr' id='par_1_108' title="bbox 735 5343 2243 5415">
     <span class='ocr_line' id='line_1_108' title="bbox 735 5343 2243 5415; baseline -0.002 -13"><span class='ocrx_word' id='word_1_833' title='bbox 735 5347 981 5402; x_wconf 82' lang='lat' dir='ltr'><strong>Scientes</strong></span> <span class='ocrx_word' id='word_1_834' title='bbox 1021 5343 1184 5410; x_wconf 84' lang='lat' dir='ltr'><strong>igitur</strong></span> <span class='ocrx_word' id='word_1_835' title='bbox 1231 5359 1354 5398; x_wconf 88' lang='lat' dir='ltr'><strong>cum</strong></span> <span class='ocrx_word' id='word_1_836' title='bbox 1397 5345 1596 5415; x_wconf 90' lang='lat' dir='ltr'><strong>quibus</strong></span> <span class='ocrx_word' id='word_1_837' title='bbox 1642 5347 1802 5400; x_wconf 90' lang='lat' dir='ltr'><strong>nobis</strong></span> <span class='ocrx_word' id='word_1_838' title='bbox 1837 5347 1909 5400; x_wconf 92' lang='lat' dir='ltr'><strong>sit</strong></span> <span class='ocrx_word' id='word_1_839' title='bbox 1951 5357 2243 5412; x_wconf 88' lang='lat' dir='ltr'><strong>certamen,</strong></span> 
     </span>
    </p>
   </div>
   <div class='ocr_carea' id='block_1_109' title="bbox 2419 5341 3942 5414">
    <p class='ocr_par' dir='ltr' id='par_1_109' title="bbox 2419 5341 3942 5414">
     <span class='ocr_line' id='line_1_109' title="bbox 2419 5341 3942 5414; baseline -0.003 -14"><span class='ocrx_word' id='word_1_840' title='bbox 2419 5346 2635 5409; x_wconf 82' lang='grc' dir='ltr'><strong>Εἰδότες</strong></span> <span class='ocrx_word' id='word_1_841' title='bbox 2664 5344 2842 5398; x_wconf 85' lang='grc' dir='ltr'>τοίνυν</span> <span class='ocrx_word' id='word_1_842' title='bbox 2875 5344 2933 5396; x_wconf 92' lang='grc' dir='ltr'><strong>ἐν</strong></span> <span class='ocrx_word' id='word_1_843' title='bbox 2952 5343 3094 5396; x_wconf 88' lang='grc' dir='ltr'>τίσιν</span> <span class='ocrx_word' id='word_1_844' title='bbox 3119 5345 3256 5414; x_wconf 80' lang='grc' dir='ltr'>ἡμῖν</span> <span class='ocrx_word' id='word_1_845' title='bbox 3278 5343 3312 5413; x_wconf 77' lang='grc' dir='ltr'><strong>ἡ</strong></span> <span class='ocrx_word' id='word_1_846' title='bbox 3341 5341 3510 5412; x_wconf 78' lang='grc' dir='ltr'><strong>πάλη,</strong></span> <span class='ocrx_word' id='word_1_847' title='bbox 3535 5342 3942 5412; x_wconf 65' lang='grc' dir='ltr'><strong>παρακαλέσαν-</strong></span> 
     </span>
    </p>
   </div>
   <div class='ocr_carea' id='block_1_110' title="bbox 664 5433 2259 5510">
    <p class='ocr_par' dir='ltr' id='par_1_110' title="bbox 664 5437 2245 5503">
     <span class='ocr_line' id='line_1_110' title="bbox 664 5437 2245 5503; baseline 0.003 -11"><span class='ocrx_word' id='word_1_848' title='bbox 664 5441 978 5493; x_wconf 81' lang='lat' dir='ltr'><strong>invocemus</strong></span> <span class='ocrx_word' id='word_1_849' title='bbox 1035 5437 1441 5491; x_wconf 83' lang='lat' dir='ltr'><strong>misericordem</strong></span> <span class='ocrx_word' id='word_1_850' title='bbox 1503 5438 1725 5503; x_wconf 81' lang='lat' dir='ltr'><strong>Deum,</strong></span> <span class='ocrx_word' id='word_1_851' title='bbox 1781 5454 1848 5494; x_wconf 89' lang='lat' dir='ltr'><strong>ne</strong></span> <span class='ocrx_word' id='word_1_852' title='bbox 1900 5439 2245 5496; x_wconf 65' lang='lat' dir='ltr'><strong>daemonibus</strong></span> 
     </span>
    </p>
   </div>
   <div class='ocr_carea' id='block_1_111' title="bbox 2356 5433 3936 5510">
    <p class='ocr_par' dir='ltr' id='par_1_111' title="bbox 2356 5433 3936 5510">
     <span class='ocr_line' id='line_1_111' title="bbox 2356 5433 3936 5510; baseline -0.004 -17"><span class='ocrx_word' id='word_1_853' title='bbox 2356 5456 2450 5510; x_wconf 90' lang='grc' dir='ltr'>μεν</span> <span class='ocrx_word' id='word_1_854' title='bbox 2476 5438 2569 5492; x_wconf 70' lang='grc' dir='ltr'><strong>τὸν</strong></span> <span class='ocrx_word' id='word_1_855' title='bbox 2590 5437 2712 5509; x_wconf 85' lang='grc' dir='ltr'><strong>ἐλεὴ</strong></span> <span class='ocrx_word' id='word_1_856' title='bbox 2721 5454 2856 5508; x_wconf 90' lang='grc' dir='ltr'>μονα</span> <span class='ocrx_word' id='word_1_857' title='bbox 2873 5436 3028 5498; x_wconf 81' lang='grc' dir='ltr'><strong>Θεὸν,</strong></span> <span class='ocrx_word' id='word_1_858' title='bbox 3058 5436 3133 5506; x_wconf 78' lang='grc' dir='ltr'><strong>μὴ</strong></span> <span class='ocrx_word' id='word_1_859' title='bbox 3152 5434 3525 5506; x_wconf 81' lang='grc' dir='ltr'><strong>παραδοθῆναι</strong></span> <span class='ocrx_word' id='word_1_860' title='bbox 3549 5437 3668 5497; x_wconf 84' lang='grc' dir='ltr'><strong>τοῖς</strong></span> <span class='ocrx_word' id='word_1_861' title='bbox 3689 5433 3936 5504; x_wconf 78' lang='grc' dir='ltr'><strong>δαίμοσι.</strong></span> 
     </span>
    </p>
   </div>
   <div class='ocr_carea' id='block_1_112' title="bbox 662 5533 2242 5600">
    <p class='ocr_par' dir='ltr' id='par_1_112' title="bbox 662 5533 2242 5600">
     <span class='ocr_line' id='line_1_112' title="bbox 662 5533 2242 5600; baseline -0.001 -11"><span class='ocrx_word' id='word_1_862' title='bbox 662 5535 960 5600; x_wconf 72' lang='lat' dir='ltr'><strong>tradantur,</strong></span> <span class='ocrx_word' id='word_1_863' title='bbox 1001 5533 1247 5589; x_wconf 86' lang='lat' dir='ltr'><strong>dicentes</strong></span> <span class='ocrx_word' id='word_1_864' title='bbox 1299 5547 1423 5587; x_wconf 87' lang='lat' dir='ltr'><strong>cum</strong></span> <span class='ocrx_word' id='word_1_865' title='bbox 1472 5533 1632 5589; x_wconf 83' lang='lat' dir='ltr'><strong>beato</strong></span> <span class='ocrx_word' id='word_1_866' title='bbox 1670 5533 1886 5588; x_wconf 87' lang='lat' dir='ltr'><strong>David:</strong></span> <span class='ocrx_word' id='word_1_867' title='bbox 1932 5533 2016 5588; x_wconf 82' lang='lat' dir='ltr'><strong>Ne</strong></span> <span class='ocrx_word' id='word_1_868' title='bbox 2059 5536 2242 5588; x_wconf 85' lang='lat' dir='ltr'><strong>tradas</strong></span> 
     </span>
    </p>
   </div>
   <div class='ocr_carea' id='block_1_113' title="bbox 733 5647 2322 5718">
    <p class='ocr_par' dir='ltr' id='par_1_113' title="bbox 733 5647 2322 5718">
     <span class='ocr_line' id='line_1_113' title="bbox 733 5647 2322 5718; baseline 0.001 -13"><span class='ocrx_word' id='word_1_869' title='bbox 733 5654 749 5683; x_wconf 89' lang='grc'>¹</span> <span class='ocrx_word' id='word_1_870' title='bbox 787 5651 919 5705; x_wconf 82' lang='lat' dir='ltr'><strong>Luc.</strong></span> <span class='ocrx_word' id='word_1_871' title='bbox 955 5666 1006 5708; x_wconf 90' lang='lat' dir='ltr'><strong>v.</strong></span> <span class='ocrx_word' id='word_1_872' title='bbox 1042 5649 1132 5705; x_wconf 70' lang='lat'><strong>21.</strong></span> <span class='ocrx_word' id='word_1_873' title='bbox 1212 5650 1231 5680; x_wconf 87' lang='grc'>¹</span> <span class='ocrx_word' id='word_1_874' title='bbox 1278 5647 1452 5704; x_wconf 89' lang='lat' dir='ltr'><strong>lCor.</strong></span> <span class='ocrx_word' id='word_1_875' title='bbox 1501 5667 1554 5718; x_wconf 69' lang='grc' dir='ltr'><strong>ι,</strong></span> <span class='ocrx_word' id='word_1_876' title='bbox 1609 5650 1697 5704; x_wconf 88' lang='lat'><strong>12.</strong></span> <span class='ocrx_word' id='word_1_877' title='bbox 1775 5652 1794 5683; x_wconf 79' lang='grc'>³</span> <span class='ocrx_word' id='word_1_878' title='bbox 1834 5652 1981 5707; x_wconf 83' lang='lat' dir='ltr'><strong>Psal.</strong></span> <span class='ocrx_word' id='word_1_879' title='bbox 2044 5668 2214 5717; x_wconf 70' lang='lat' dir='ltr'><strong>LXXII,</strong></span> <span class='ocrx_word' id='word_1_880' title='bbox 2267 5653 2322 5706; x_wconf 90' lang='lat'><strong>2.</strong></span> 
     </span>
    </p>
   </div>
   <div class='ocr_carea' id='block_1_114' title="bbox 1579 5720 2632 5789">
    <p class='ocr_par' dir='ltr' id='par_1_114' title="bbox 1579 5720 2632 5789">
     <span class='ocr_line' id='line_1_114' title="bbox 1579 5720 2632 5789; baseline 0.003 -13"><span class='ocrx_word' id='word_1_881' title='bbox 1579 5722 1602 5755; x_wconf 83' lang='grc'>⁸</span> <span class='ocrx_word' id='word_1_882' title='bbox 1634 5720 1780 5778; x_wconf 85' lang='lat' dir='ltr'><strong>Psal.</strong></span> <span class='ocrx_word' id='word_1_883' title='bbox 1819 5739 1912 5787; x_wconf 86' lang='lat' dir='ltr'><strong>cn,</strong></span> <span class='ocrx_word' id='word_1_884' title='bbox 1949 5725 2002 5789; x_wconf 81' lang='lat'><strong>8,</strong></span> <span class='ocrx_word' id='word_1_885' title='bbox 2044 5726 2098 5778; x_wconf 80' lang='grc'><strong>9.</strong></span> <span class='ocrx_word' id='word_1_886' title='bbox 2175 5725 2195 5756; x_wconf 76' lang='grc'><strong>⁸</strong></span> <span class='ocrx_word' id='word_1_887' title='bbox 2245 5721 2391 5778; x_wconf 80' lang='lat' dir='ltr'><strong>Psal.</strong></span> <span class='ocrx_word' id='word_1_888' title='bbox 2423 5721 2632 5787; x_wconf 81' lang='lat' dir='ltr'><strong>vn,15.</strong></span> 
     </span>
    </p>
   </div>
   <div class='ocr_carea' id='block_1_115' title="bbox 659 5719 1478 5784">
    <p class='ocr_par' dir='ltr' id='par_1_115' title="bbox 659 5719 1478 5784">
     <span class='ocr_line' id='line_1_115' title="bbox 659 5719 1478 5784; baseline 0.002 -10"><span class='ocrx_word' id='word_1_889' title='bbox 659 5739 774 5784; x_wconf 80' lang='lat' dir='ltr'><strong>\‘Ill,</strong></span> <span class='ocrx_word' id='word_1_890' title='bbox 810 5724 864 5778; x_wconf 79' lang='grc'><strong>4.</strong></span> <span class='ocrx_word' id='word_1_891' title='bbox 943 5722 961 5751; x_wconf 92' lang='grc'>⁷</span> <span class='ocrx_word' id='word_1_892' title='bbox 994 5719 1137 5775; x_wconf 86' lang='lat' dir='ltr'><strong>Psal.</strong></span> <span class='ocrx_word' id='word_1_893' title='bbox 1171 5735 1353 5782; x_wconf 77' lang='lat' dir='ltr'><strong>cxuv,</strong></span> <span class='ocrx_word' id='word_1_894' title='bbox 1390 5721 1478 5776; x_wconf 71' lang='lat'><strong>14.</strong></span> 
     </span>
    </p>
   </div>
   <div class='ocr_carea' id='block_1_116' title="bbox 662 5789 1346 5858">
    <p class='ocr_par' dir='ltr' id='par_1_116' title="bbox 662 5789 1346 5858">
     <span class='ocr_line' id='line_1_116' title="bbox 662 5789 1346 5858; baseline -0.006 -10"><span class='ocrx_word' id='word_1_895' title='bbox 662 5795 748 5850; x_wconf 72' lang='grc' dir='ltr'><strong>Π.</strong></span> <span class='ocrx_word' id='word_1_896' title='bbox 829 5795 872 5824; x_wconf 78' lang='grc'><strong>’³</strong></span> <span class='ocrx_word' id='word_1_897' title='bbox 904 5791 1094 5846; x_wconf 75' lang='lat' dir='ltr'><strong>Matth.</strong></span> <span class='ocrx_word' id='word_1_898' title='bbox 1164 5807 1218 5858; x_wconf 91' lang='lat' dir='ltr'><strong>v,</strong></span> <span class='ocrx_word' id='word_1_899' title='bbox 1254 5789 1346 5844; x_wconf 70' lang='grc'><strong>26.</strong></span> 
     </span>
    </p>
   </div>
   <div class='ocr_carea' id='block_1_117' title="bbox 2341 5523 3934 5601">
    <p class='ocr_par' dir='ltr' id='par_1_117' title="bbox 2341 5523 3934 5601">
     <span class='ocr_line' id='line_1_117' title="bbox 2341 5523 3934 5601; baseline -0.007 -16"><span class='ocrx_word' id='word_1_900' title='bbox 2341 5532 2593 5600; x_wconf 75' lang='grc' dir='ltr'><strong>λέγοντες</strong></span> <span class='ocrx_word' id='word_1_901' title='bbox 2641 5528 2778 5601; x_wconf 73' lang='grc' dir='ltr'><strong>μετὰ</strong></span> <span class='ocrx_word' id='word_1_902' title='bbox 2814 5527 2912 5581; x_wconf 79' lang='grc' dir='ltr'><strong>τοῦ</strong></span> <span class='ocrx_word' id='word_1_903' title='bbox 2955 5527 3113 5595; x_wconf 78' lang='grc' dir='ltr'>ἁγίου</span> <span class='ocrx_word' id='word_1_904' title='bbox 3150 5524 3337 5579; x_wconf 76' lang='grc' dir='ltr'>Δαϐίδ·</span> <span class='ocrx_word' id='word_1_905' title='bbox 3376 5525 3468 5594; x_wconf 73' lang='grc' dir='ltr'><strong>Μὴ</strong></span> <span class='ocrx_word' id='word_1_906' title='bbox 3507 5523 3803 5593; x_wconf 74' lang='grc' dir='ltr'><strong>παραδιῖις</strong></span> <span class='ocrx_word' id='word_1_907' title='bbox 3839 5542 3934 5595; x_wconf 66' lang='grc' dir='ltr'><strong>με,</strong></span> 
     </span>
    </p>
   </div>
   <div class='ocr_carea' id='block_1_118' title="bbox 2398 5637 3934 5706">
    <p class='ocr_par' dir='ltr' id='par_1_118' title="bbox 2398 5637 3934 5706">
     <span class='ocr_line' id='line_1_118' title="bbox 2398 5637 3934 5706; baseline -0.008 0"><span class='ocrx_word' id='word_1_908' title='bbox 2398 5651 2420 5682; x_wconf 74' lang='grc'><strong>⁸</strong></span> <span class='ocrx_word' id='word_1_909' title='bbox 2452 5650 2596 5706; x_wconf 79' lang='lat' dir='ltr'><strong>Psal.</strong></span> <span class='ocrx_word' id='word_1_910' title='bbox 2658 5665 2808 5706; x_wconf 71' lang='grc' dir='ltr'><strong>κιῑιιι.</strong></span> <span class='ocrx_word' id='word_1_911' title='bbox 2857 5648 2943 5701; x_wconf 87' lang='lat'><strong>18.</strong></span> <span class='ocrx_word' id='word_1_912' title='bbox 3052 5643 3074 5675; x_wconf 83' lang='lat'><strong>&#39;</strong></span> <span class='ocrx_word' id='word_1_913' title='bbox 3116 5641 3257 5698; x_wconf 85' lang='lat' dir='ltr'><strong>Psal.</strong></span> <span class='ocrx_word' id='word_1_914' title='bbox 3314 5657 3472 5704; x_wconf 70' lang='grc' dir='ltr'><strong>στιν,</strong></span> <span class='ocrx_word' id='word_1_915' title='bbox 3517 5640 3569 5695; x_wconf 90' lang='grc'><strong>8.</strong></span> <span class='ocrx_word' id='word_1_916' title='bbox 3651 5641 3676 5671; x_wconf 80' lang='grc'>⁸</span> <span class='ocrx_word' id='word_1_917' title='bbox 3729 5637 3934 5693; x_wconf 70' lang='lat' dir='ltr'><strong>lenem.</strong></span> 
     </span>
    </p>
   </div>
   <div class='ocr_carea' id='block_1_119' title="bbox 2711 5689 3934 5777">
    <p class='ocr_par' dir='ltr' id='par_1_119' title="bbox 2711 5689 3934 5777">
     <span class='ocr_line' id='line_1_119' title="bbox 2711 5689 3934 5777; baseline -0.01 -2"><span class='ocrx_word' id='word_1_918' title='bbox 2711 5689 2943 5775; x_wconf 58' lang='grc' dir='ltr'><strong>ἰδ”ἲωῖἶ</strong></span> <span class='ocrx_word' id='word_1_919' title='bbox 3006 5716 3047 5747; x_wconf 80' lang='grc' dir='ltr'><strong>ιι</strong></span> <span class='ocrx_word' id='word_1_920' title='bbox 3078 5689 3268 5768; x_wconf 51' lang='lat' dir='ltr'><strong>usus:</strong></span> <span class='ocrx_word' id='word_1_921' title='bbox 3303 5689 3482 5777; x_wconf 60' lang='grc' dir='ltr'><strong>ιζ’ῖὲδῖ</strong></span> <span class='ocrx_word' id='word_1_922' title='bbox 3521 5689 3608 5743; x_wconf 64' lang='grc' dir='ltr'><strong>’ὶί</strong></span> <span class='ocrx_word' id='word_1_923' title='bbox 3638 5689 3934 5776; x_wconf 24' lang='lat' dir='ltr'><strong>cuiatis,</strong></span> 
     </span>
    </p>
   </div>
  </div>
