4112 6416
122 367 246 430 1965

1274 366 1362 425 SE
1371 364 1528 425 RMO
1552 365 1649 426 DE
1667 363 2173 424 PiENITENTIA.

3228 365 3361 434 1966

119 482 297 547 Κύριε.
344 477 465 544 τοῖς
511 477 792 533 ἀδικοῦσι
824 495 921 547 με.
965 475 1128 530 Αὐτοὶ
1168 477 1274 547 γάρ
1310 475 1664 546 διεγείρουσιν

1770 490 1873 537 me,
1907 472 2145 534 Domine.
2173 474 2599 543 persequentibus
2645 492 2725 530 me
2752 476 2816 530 ⁸⁸.
2848 474 2953 547 Ipsi
2982 492 3215 547 namque
3259 492 3360 533 nos

117 572 247 640 ἡμᾶς
266 571 342 634 είς
367 570 425 623 τὸ
454 570 742 639 ἁμαρτεῖν.
770 569 867 621 καὶ
889 568 1044 621 αὐτοὶ
1068 568 1365 638 κατήγοροι
1394 565 1663 635 γίνονταισ

117 664 167 716 οὗ
201 662 353 731 μόνον
378 662 488 731 γὰρ
518 663 546 713 ὀ
571 660 816 724 διάὕολος
833 657 1035 725 ἀνοίξει
1063 659 1187 713 καθ’
1208 659 1364 730 ἡμῶν
1383 658 1447 711 τὸ
1467 657 1664 729 στόμα,

115 751 237 808 ἰ),λά
282 751 371 804 καὶ
422 749 577 803 αὐτοὶ
620 750 670 802 οἱ
713 748 965 818 δαίμονες
1018 746 1291 815 λέγοντες’
1339 747 1452 817 Οὐχ
1507 747 1667 817 ἡμεῖς

113 843 365 914 ὑπηρέται
395 842 550 912 ὑμῶν
575 842 877 912 γεγόναμεν
900 843 980 905 εἰς
1002 841 1063 894 τὸ
1090 839 1434 912 ὀργισθῆναι,
1460 838 1494 907 ἢ
1518 854 1667 891 κενο-

113 936 335 1005 Ξοξῆσαι,
382 935 419 1005 ἦ
458 933 832 1002 καταλαλῆσαι
868 933 961 987 τοῦ
1003 931 1274 1001 ἀδελφοὶὴ
1312 929 1665 1001 ὼϐηθῶμεν,

111 1024 346 1093 ἀδελφοὶ,
375 1024 475 1095 τὴν
515 1025 731 1095 ἡμέραν
760 1025 995 1093 ἐκείνην,
1028 1025 1087 1078 ἑν
1116 1018 1150 1097 ᾖ
1198 1025 1249 1077 oi
1278 1024 1539 1094 ἡμέτεροι
1577 1022 1666 1074 λο-

110 1116 282 1187 γισμοὶ
327 1112 450 1169 καθ’
473 1114 630 1184 ἡμῶν
679 1116 1001 1182 γενήσονται
1040 1114 1355 1185 πικρότεροι
1391 1112 1664 1167 δικασταί.

109 1208 187 1277 Μὴ
218 1202 308 1260 οὖν
357 1207 632 1275 μείνωμεν
674 1205 800 1267 τοὺς
840 1203 1142 1267 ἀντιδίκους
1182 1204 1489 1275 μάρτυρας,
1532 1204 1668 1258 ἀλλά

107 1299 298 1367 μᾶλλον
324 1298 792 1369 παρακαλέσωμεν
833 1298 923 1351 τὸν
954 1298 1230 1366 Δεσπότην
1269 1297 1421 1351 Θεόν.
1463 1298 1526 1350 Εἰ
1559 1298 1668 1368 γὰρ

105 1388 431 1453 καὶάσθενὲς
453 1392 512 1443 eo
543 1390 785 1461 σαρκίον,
812 1388 841 1442 ὃ
869 1388 1248 1460 περικείμεθα,
1271 1387 1408 1442 ἀλλά
1444 1389 1614 1458 μέγας
1638 1391 1665 1442 ό

105 1481 361 1551 βοηθῆσαι
391 1481 685 1553 δυνάμενος
718 1481 970 1553 Χριστὸς,
1013 1482 1108 1535 καὶ
1137 1480 1310 1534 σῶσαι
1331 1482 1409 1545 είς
1440 1480 1536 1550 τὴν
1567 1480 1666 1550 βα-

103 1569 300 1621 σιλείαν
342 1570 533 1624 αὑτοῦ.
576 1570 804 1640 Φιλῆσαι
843 1571 949 1641 χρὴ
992 1570 1084 1622 τὸν
1132 1570 1407 1641 Δεσπότην
1456 1570 1550 1624 καὶ
1591 1569 1668 1634 ὡς

103 1660 313 1729 ὡραῖον,
362 1661 459 1713 καλ⁸
499 1662 575 1724 ὡς
617 1661 931 1732 εὐεργέτην,
985 1662 1079 1714 καὶ
1124 1661 1201 1726 ὡς
1248 1661 1505 1731 φιλοῦντα
1542 1663 1668 1726 τοὺς

1774 565 1843 620 ad
1874 564 2207 635 peccandum
2239 565 2467 621 incitant
2490 607 2506 630 ,
2538 576 2593 621 et
2612 567 2775 623 iidem
2804 578 2934 623 sunt
2962 579 3310 625 accusatores
3338 587 3351 623 :

1780 672 1893 711 non
1946 658 2091 712 enim
2141 671 2205 711 os
2242 658 2395 713 solus
2449 667 2638 713 contra
2690 673 2792 716 nos
2836 660 3083 716 diabolus
3134 663 3359 731 aperiet,

1773 761 1961 801 verum
1994 754 2049 800 et
2076 745 2167 799 alii
2192 746 2463 803 daemones
2482 748 2767 805 dicentes;
2802 746 2943 804 Num
2988 766 3089 806 nos
3124 752 3356 806 tuinistri

1772 839 1926 895 vobis
1951 837 2177 901 fuimus,
2214 850 2275 892 ut
2305 839 2699 905 irasceremini,
2735 841 2818 896 vel
2852 857 2988 896 vana
3022 843 3360 897 dueercmini

1773 930 1962 1000 gloria,
2014 930 2097 984 vel
2150 930 2202 984 in
2262 929 2479 986 fratrem
2532 932 2983 987 invehercmini?
3027 933 3359 1000 Timeamus,

1776 1020 1996 1082 fratres,
2032 1019 2176 1072 diem
2201 1018 2377 1084 illum,
2409 1020 2462 1074 iu
2492 1037 2601 1088 quo
2633 1031 2831 1076 nostrae
2861 1022 3219 1091 cogitationes
3254 1024 3346 1091 ju-

1777 1110 1928 1164 dices
1977 1112 2109 1164 lieut
2134 1109 2395 1165 adversus
2443 1128 2545 1167 nos
2580 1114 2910 1168 acerbiores.
2959 1112 3037 1168 Ne
3063 1114 3231 1183 igitur
3260 1114 3360 1168 ad-

1774 1202 2048 1257 versarios
2076 1210 2240 1257 testes
2267 1213 2668 1270 exspectemus,
2715 1202 2805 1257 sed
2853 1203 3033 1271 potius
3069 1218 3360 1258 exoremus

1774 1292 2065 1348 Dominum
2096 1292 2287 1348 Deum.
2316 1293 2429 1348 Etsi
2457 1295 2601 1349 enim
2632 1302 2719 1349 est
2769 1293 3004 1358 inﬁrma,
3034 1311 3139 1365 qua
3183 1293 3358 1349 induti

1775 1401 1990 1453 SlllllllS,
2012 1400 2144 1441 caro
2185 1403 2198 1439 2
2232 1395 2605 1441 verumtamen
2637 1401 2871 1457 magnus
2894 1396 2995 1451 est,
3132 1400 3360 1442 succur—

1774 1494 1895 1532 rere
1926 1486 2102 1548 potest
2128 1476 2400 1544 Christus,
2440 1487 2495 1533 et
2523 1478 2734 1533 salvare
2765 1479 2818 1533 in
2848 1494 3017 1549 regno
3041 1494 3163 1534 suo.
3182 1478 3359 1551 Igitur

1774 1585 1959 1623 amare
1986 1569 2240 1624 convenit
2266 1568 2578 1633 Dominum,
2603 1580 2658 1625 et
2686 1578 2945 1641 tanquam
2972 1571 3279 1641 pulchrum,
3302 1582 3359 1626 et

1775 1671 2039 1730 tanquam
2096 1658 2525 1726 benefactorem,
2569 1671 2623 1716 et
2680 1672 2937 1733 tanquam
2976 1662 3079 1718 sibi
3123 1663 3360 1734 legitime

101 1751 326 1822 γνησίως
361 1750 512 1822 αὐτῷ
555 1753 924 1815 δουλεύοντας.
970 1753 1078 1806 Καὶ
1106 1753 1214 1825 γὰρ
1259 1754 1353 1808 καὶ
1383 1754 1544 1824 ἡμεῖς
1581 1754 1664 1809 διὰ

1777 1752 2073 1805 servientes
2100 1750 2432 1821 diligentem.
2455 1750 2665 1807 Etenim
2699 1769 2798 1808 nos
2827 1768 3044 1823 quoque
3076 1766 3358 1825 propterea

99 1843 251 1897 τοῦτό
272 1861 431 1909 τινας
461 1845 744 1917 φιλοῦμεν,
765 1846 852 1899 διὰ
884 1845 953 1900 τὰ
976 1845 1103 1918 τρία
1126 1846 1299 1900 ταῦτα
1325 1862 1340 1877 ο
1373 1848 1406 1917 ἢ
1428 1847 1515 1900 διά
1542 1846 1664 1901 κάλ-

1775 1857 2046 1913 quemque
2106 1842 2404 1914 diligimus,
2457 1855 2679 1915 propter
2744 1847 2858 1901 lnec
2905 1846 3029 1909 tria,
3090 1845 3176 1900 vel
3234 1861 3360 1916 pro-

99 1943 196 2002 λος,
229 1939 263 2009 ἢ
288 1938 359 1992 δι’
378 1938 717 2010 εὐεργεσίαν,
743 1939 776 2010 ἢ
817 1940 910 1994 ἐάν
938 1956 1021 2003 τις
1051 1941 1197 2010 ἡμᾶς
1227 1940 1377 2012 φιλῇ.
1409 1940 1664 2010 Τίτοίνυν

1772 1948 1887 2006 pter
1916 1934 2396 2004 pulchritudinem,
2435 1935 2520 1990 vel
2550 1947 2770 2007 propter
2814 1936 3159 2003 beneﬁcium,
3190 1937 3272 1991 vel
3311 1936 3356 1993 si

98 2031 415 2102 bpatdtspov
448 2032 541 2085 τοῦ
588 2034 857 2087 Δεσπότου
900 2033 1175 2105 Χριστοῦς
1215 2033 1399 2099 καθὼς
1437 2039 1466 2089 ό
1502 2036 1667 2090 Δαῦὶδ

95 2126 231 2189 ιέγει
264 2142 279 2156 ’
324 2126 554 2194 Ὠραῖος
586 2127 795 2182 κάλλει
838 2130 998 2199 παρὰ
1033 2129 1174 2195 τοὺς
1209 2129 1378 2195 viain:
1415 2128 1533 2183 τῶν
1561 2131 1665 2185 ἀν-

95 2216 355 2285 νρώπων.
395 2220 491 2284 Τίς
524 2221 581 2275 δὲ
603 2220 775 2285 οὕτως
797 2222 1111 2292 εὐεργέτης,
1142 2223 1217 2284 ὡς
1248 2224 1532 2293 ἑτοιμάσαι
1554 2226 1665 2285 τοῖς

93 2310 379 2377 ὶγαπῶσιν
423 2312 586 2366 αὑτὸν
627 2312 663 2367 ἃ.
694 2312 972 2383 ὀφθαλμὸς
1015 2315 1115 2368 οὐκ
1180 2314 1277 2381 ίδε,
1305 2317 1399 2370 καὶ
1439 2313 1532 2381 οὖς
1564 2316 1663 2369 οὐκ

91 2404 309 2471 ᾗκουσε,
375 2406 472 2459 καὶ
540 2405 633 2459 ἐπὶ
678 2406 904 2477 καρδίαν
956 2405 1243 2478 ἀνθρώπου
1301 2408 1403 2462 οὐκ
1460 2407 1662 2476 ἀνείσης

92 2496 175 2559 Γίς
203 2496 260 2550 δὲ
291 2498 468 2561 οὕτως
487 2499 744 2568 ἐφίλησεν
763 2500 910 2571 ἡμᾶς
927 2516 1076 2561 ποτε,
1110 2501 1191 2554 ὄτι
1214 2499 1290 2564 ὡς
1313 2499 1494 2572 πατὴρ
1518 2500 1666 2569 φιλό-

89 2604 315 2657 στοργος
536 2590 632 2657 Μὴ
688 2590 1041 2659 ἐπιλήσεται
1114 2591 1269 2661 γυνὴ
1330 2595 1402 2645 τὰ
1446 2592 1666 2661 ἔγγονα

88 2680 314 2747 ιὺτῆς;
345 2683 413 2735 El
446 2681 515 2734 δὲ
548 2682 645 2735 καί
668 2682 1009 2737 ἐπιλάθοιτο
1031 2684 1207 2753 γυνὴ,
1239 2683 1381 2738 ἀλλ’
1410 2682 1525 2750 ἐγὼ
1550 2685 1663 2737 οὐκ

87 2774 457 2843 ἐπιλήσομαί
507 2790 648 2835 σου.
690 2774 851 2844 ,λέγει
907 2775 1139 2843 Κύριος.
1187 2775 1389 2829 Τοῦτον
1444 2775 1664 2845 φιλῶνό

85 2865 244 2918 ὶαὸὶδ
273 2866 524 2936 ἐγλίχετο
545 2865 839 2920 θεάσασθαι
872 2867 1056 2933 αὐτὸν,
1089 2866 1282 2934 λέγων’
1337 2868 1486 2921 Πότε
1516 2866 1661 2933 ἥξω,

85 2959 176 3010 cal
218 2957 568 3028 ὀφθήσομαι
618 2959 698 3025 τῷ
752 2958 1048 3027 προσώπῳ
1082 2959 1190 3013 τοῦ
1233 2958 1515 3022 Θεοῦςοιῦ
1555 2962 1663 3031 γὰρ

83 3050 272 3120 ἕστεγε
298 3051 403 3123 τὴν
424 3049 737 3123 ὑπέρθεσιν,
773 3050 912 3105 ἀλλά
938 3050 1259 3104 κατεκαίετο
1298 3051 1549 3105 ἀπελθεῖν
1579 3054 1664 3105 ενα

81 3143 275 3197 ιεῦθεν
307 3144 667 3215 ἐπειγόμενος
697 3142 995 3197 θεάσασθαι
1025 3143 1117 3196 τὸν
1162 3143 1501 3213 ποθούμενον
1532 3145 1663 3214 Χρι-

1770 2028 1894 2097 quis
1950 2042 2050 2083 nos
2099 2036 2262 2083 amet.
2308 2028 2449 2095 Quid
2493 2029 2658 2098 igitur
2701 2030 2931 2085 Domino
2973 2028 3190 2085 Christo
3239 2030 3360 2100 pul-

1769 2120 2000 2175 chrius?
2038 2120 2181 2176 sicut
2233 2119 2401 2175 David
2439 2122 2655 2192 inquit:
2702 2122 2979 2191 Speciosus
3030 2123 3205 2192 forma
3244 2139 3359 2194 pra:

1774 2212 1901 2280 ﬁliis
1931 2211 2204 2266 hominum
2253 2212 2317 2266 ".
2355 2211 2490 2279 Quis
2522 2229 2651 2269 vero
2680 2221 2868 2271 tantus
2904 2214 3214 2270 benefactor
3240 2254 3256 2278 ,
3297 2225 3356 2268 ut

1776 2315 1929 2373 paret
1959 2304 2307 2375 diligentibus
2336 2321 2415 2373 se,
2439 2323 2560 2377 qtae
2588 2308 2779 2363 oculus
2811 2324 2916 2363 non
2940 2306 3096 2375 vidit,
3128 2316 3181 2363 et
3209 2306 3360 2363 auris

1772 2412 1878 2452 non
1927 2398 2160 2462 audivit,
2198 2414 2430 2469 quaeque
2477 2399 2529 2454 in
2559 2416 2657 2455 cor
2696 2401 2931 2457 hominis
2957 2417 3066 2458 non
3099 2403 3358 2459 ascende-

1772 2500 1899 2543 runt
1932 2489 2025 2544 "‘l
2078 2488 2213 2555 Quis
2268 2505 2397 2545 vero
2440 2491 2520 2547 sic
2569 2508 2808 2561 unquam
2854 2506 2954 2548 nos
3014 2493 3235 2558 amavit,
3300 2504 3360 2547 ut

1772 2581 1867 2651 qui
1894 2589 2153 2650 tanquam
2173 2590 2326 2650 pater
2349 2580 2468 2651 pius
2488 2582 2687 2637 clamat
2708 2602 2721 2637 :
2749 2582 3005 2653 Nunquid
3025 2583 3361 2638 obliviscetur

1772 2674 1961 2727 mulier
1991 2674 2134 2742 ﬁlios
2158 2675 2183 2727 .’
2212 2672 2272 2728 Si
2291 2688 2463 2729 autem
2494 2686 2543 2730 et
2576 2676 2922 2730 obliviscatur
2944 2675 3152 2742 mulier,
3186 2689 3360 2731 tamen

1768 2782 1859 2834 ego
1886 2775 1934 2819 te
1970 2782 2074 2819 non
2097 2765 2399 2831 obliviscar,
2431 2766 2562 2820 dicit
2592 2766 2848 2821 Dominus
2881 2767 2945 2819 ”.
2978 2764 3135 2821 Hunc
3164 2782 3359 2821 amans

1772 2855 1962 2921 David,
1986 2856 2306 2926 conspicere
2333 2858 2605 2927 cupiebat,
2633 2857 2821 2911 dicens
2848 2876 2862 2911 :
2898 2857 3125 2923 Quando
3152 2860 3358 2912 veniam

1768 2956 1819 2999 et
1862 2948 2124 3016 apparebo
2168 2956 2290 3002 ante
2330 2949 2521 3018 facient
2560 2948 2763 3003 Dei"?
2794 2947 2913 3004 Non
2950 2950 3097 3003 enim
3143 2950 3359 3003 dilatio-

1772 3054 1892 3093 netn
1924 3039 2208 3106 tolerabat,
2247 3039 2341 3096 sed
2382 3040 2509 3095 hinc
2560 3041 2790 3111 migrare
2823 3040 3065 3106 ardebat,
3097 3042 3357 3110 concupi-

1771 3139 1887 3187 tum
1929 3147 2150 3187 eernere
2193 3130 2473 3188 Christum
2518 3133 2804 3189 festinans.
2855 3135 2899 3189 0
2945 3132 3143 3189 anima:
3184 3133 3356 3189 Deum

81 3194 232 3288 se;
254 3194 329 3287 ui
347 3194 629 3304 sese;
642 3194 824 3305 ῖιᾲὶῖῖξ
838 3194 1105 3304 sedeam}
1124 3272 1140 3297 ,
1170 3194 1263 3286 si
1280 3194 1431 3306 gs.
1450 3194 1518 3288 Ia;
1555 3194 1664 3289 άῖιω

1774 3222 2016 3277 amantis
2061 3225 2440 3294 propositum,
2470 3233 2525 3279 et
2554 3224 2622 3280 ad
2668 3228 2951 3297 superiora
2991 3228 3186 3300 pennis
3223 3228 3357 3285 sub—

81 3322 565 3394 ὶνεπτερωμένηςι
596 3322 797 3376 Τοῦτον
834 3321 1072 3393 πόθησον
1096 3323 1188 3375 καὶ
1221 3324 1307 3384 σὺ.
1338 3322 1505 3393 ψυχὴ,
1531 3325 1666 3376 πάν-

81 3430 135 3465 τα
156 3411 231 3465 τὰ
278 3410 538 3483 ὁρώμενα
566 3412 1004 3487 παρατρέχουσα,
1029 3414 1122 3469 καὶ
1144 3414 1231 3469 ἀεὶ
1255 3413 1667 3485 μνημονεύουσα

81 3506 169 3574 τῆς
205 3506 440 3560 αἰωνίου
472 3505 637 3576 ζωῆς,
678 3506 773 3558 κα)⁸
807 3506 908 3577 τῆς
941 3505 1208 3560 ἀθανάτου
1232 3506 1537 3576 βασιλείας,
1566 3507 1667 3576 τῆς

81 3598 217 3651 ιετά
267 3597 524 3665 ἀγγέλων
577 3597 795 3668 χορείας
822 3634 841 3663 ,
876 3597 979 3669 τῆς
1021 3598 1297 3669 ἀκηράτου
1344 3598 1525 3670 δόξης,
1566 3599 1666 3669 τῆς

81 3688 218 3742 ιετά
284 3687 386 3742 τοῦ
439 3690 706 3743 Δεσπότου
758 3689 1057 3761 διαγωγῆς,
1100 3693 1199 3762 τῆς
1251 3693 1431 3764 πάσης
1473 3692 1665 3763 ὀδύνης

81 3780 540 3851 ἱππηλλαγμένης.
592 3780 874 3851 Ἐννοὴσον
926 3782 1008 3835 ὅτι
1040 3782 1193 3835 οὐδὲν
1242 3782 1355 3852 ἔχει
1399 3784 1428 3836 ὁ
1454 3783 1589 3852 βίος,
1614 3783 1664 3835 εἰ

81 3874 147 3944 ti;
182 3874 416 3945 δάκρυα
441 3872 534 3926 καὶ
562 3874 740 3945 όνείδη
766 3874 863 3927 καὶ
886 3873 1152 3946 λοιδορίας
1180 3875 1275 3928 καὶ
1302 3875 1536 3944 ἀθυμίας
1573 3875 1664 3929 καὶ

81 3965 381 4037 ιλιγωρίας
436 3968 531 4022 καὶ
582 3964 777 4028 πόνους
830 3966 925 4019 καὶ
972 3968 1163 4030 νόσους
1200 3967 1295 4021 καὶ
1344 3970 1520 4039 γῆρας
1569 3968 1665 4021 καὶ

81 4058 364 4131 ιμαρτίας
410 4058 505 4112 καὶ
538 4058 785 4113 θάνατον.
825 4058 1011 4112 Ταῦτα
1058 4057 1253 4112 ἐννοῶν
1279 4061 1307 4111 ό
1334 4058 1495 4111 Δασιδ
1519 4099 1534 4122 ,
1563 4059 1661 4123 τὰς

81 4151 475 4221 τυκοφαντίας,
499 4152 599 4216 τὰς
626 4151 872 4223 χηρείας,
894 4151 991 4215 τὰς
1016 4151 1299 4224 ὀρφανίας,
1325 4151 1423 4214 τάς
1454 4152 1658 4216 πενίας,

93 4245 166 4306 ἀς
210 4243 618 4311 ταλαιπωρίας,
659 4244 758 4306 τάς
805 4242 1071 4309 κολάσεις,
1115 4242 1212 4306 τὰς
1262 4242 1658 4308 καταπτὼσεις,

81 4334 292 4388 σούτων
342 4332 624 4402 ἐπιθυμῶν
658 4332 1037 4404 ἀπαλλαγῆναι
1079 4332 1231 4402 ἔλεγε
1262 4350 1277 4365 ο
1315 4335 1464 4387 Πότε
1513 4334 1657 4399 ἥξω,

81 4426 167 4479 χιι
193 4424 549 4495 ὀφθήσομαι
578 4422 656 4489 τῷ
675 4426 970 4494 προσώπῳ
992 4424 1099 4479 τοῦ
1126 4426 1273 4481 Θεοῦ
1300 4440 1317 4456 ·
1336 4427 1421 4480 ἵνα
1444 4426 1660 4480 ἀπέλθω

1770 3313 1965 3367 vectae!
2014 3312 2169 3369 llunc
2217 3325 2271 3369 et
2297 3324 2376 3379 tu,
2418 3315 2621 3383 anima,
2653 3320 2980 3390 concupisce
3008 3330 3206 3376 cuncta
3236 3338 3359 3391 quze

1768 3405 2020 3461 videntur
2092 3417 2549 3477 praeter-currens.
2596 3418 2663 3465 er
2713 3426 2926 3482 semper
2995 3415 3359 3470 reminiscens

1770 3506 1991 3551 aeterna
2049 3497 2174 3553 vitae
2218 3508 2274 3553 et
2321 3499 2644 3556 immortalis
2677 3503 2851 3573 regni,
2885 3514 2939 3559 et
2981 3506 3199 3562 sociata
3228 3523 3357 3563 cum

1766 3591 1975 3660 angelis
2028 3590 2262 3656 choreas,
2327 3592 2755 3665 incorruptibilis
2800 3596 3009 3665 gloriae,
3064 3608 3117 3652 et
3177 3599 3359 3655 ducta:

1766 3697 1891 3735 eum
1931 3682 2159 3738 Domino
2185 3685 2616 3741 conversationis
2640 3686 2709 3741 ab
2738 3686 2886 3742 onmi
2921 3688 3111 3745 dolore
3147 3689 3353 3746 liberat.

1765 3773 1955 3845 Cogita
1994 3775 2141 3845 quod
2187 3776 2322 3831 nihil
2359 3776 2521 3832 habet
2568 3778 2677 3832 vita
2712 3778 2817 3835 nisi
2853 3779 3125 3853 lacrymas
3149 3790 3206 3838 et
3257 3794 3357 3853 op-
3458 3822 3461 3823 ν

1768 3866 2013 3937 probria,
2049 3875 2106 3921 et
2142 3868 2431 3923 convincia
2453 3908 2469 3933 ,
2505 3879 2558 3923 et
2604 3870 2853 3925 tristitias
2878 3880 2934 3925 et
2968 3873 3346 3944 negligentias,

1764 3969 1821 4014 et
1855 3956 2092 4025 labores,
2132 3967 2187 4015 et
2210 3959 2454 4023 morbos.
2484 3970 2537 4016 et
2570 3972 2925 4025 senectutem,
2956 3974 3009 4018 et
3034 3976 3276 4035 peccata,
3300 3977 3357 4018 et

1768 4064 2021 4107 mortem.
2048 4053 2175 4108 Haec
2195 4054 2442 4124 cogitans
2471 4053 2659 4121 David,
2688 4057 3014 4121 calumnias,
3040 4057 3353 4119 viduitates,

1766 4144 2051 4207 orbitates,
2093 4160 2390 4211 aerumnas,
2440 4161 2649 4217 pmnas,
2707 4147 2911 4217 lapsus,
2980 4150 3063 4204 his
3122 4150 3351 4220 cupiens

1760 4237 1968 4292 absolvi
2011 4237 2227 4293 dicebat
2265 4256 2280 4292 :
2318 4239 2541 4306 Quando
2567 4240 2792 4305 veniant,
2816 4250 2867 4295 et
2918 4244 3179 4311 apparebo
3232 4255 3355 4298 ante

1760 4331 1951 4400 [aciem
1979 4330 2094 4395 Dei,
2131 4342 2190 4386 ut
2207 4332 2320 4400 jam
2344 4333 2556 4399 abeam,
2578 4334 2670 4388 ubi
2697 4350 2825 4405 pax,
2852 4335 3062 4400 laetitia,
3096 4337 3352 4393 charitas'

1764 4422 2170 4493 longanimitas,
2197 4423 2416 4479 claritas
2468 4436 2805 4493 sanctorum,
2846 4436 2902 4481 et
2930 4428 3115 4482 omnia
3148 4428 3348 4484 caetera

82 4517 275 4572 ,οιπδν
334 4517 468 4571 ὅπου
517 4517 731 4587 εἰρήνη,
781 4516 946 4587 χαρά,
997 4517 1231 4586 ἀγάπη,
1285 4517 1660 4589 μακροθυμία,

1770 4512 1886 4567 sine
1911 4512 2277 4568 sollicitudine
2306 4513 2473 4579 bona,
2498 4530 2619 4585 qua!
2642 4531 2824 4570 sermo
2846 4518 3029 4571 nullus
3050 4518 3356 4588 exprimere

86 4608 416 4680 αμπρότης
466 4607 575 4661 τῶν
625 4609 814 4676 ἀγίων,
860 4608 953 4662 καὶ
997 4608 1064 4661 τά
1101 4607 1237 4662 ἄλλα
1271 4609 1447 4661 πάντα
1489 4607 1664 4676 ἀγαθά

1770 4604 1985 4673 potest?
2012 4602 2169 4659 Unde
2207 4612 2262 4657 tu
2295 4620 2514 4674 quoque
2540 4605 2707 4660 tantis
2729 4617 3052 4677 exspectans
3081 4606 3190 4664 l'rui
3215 4608 3354 4663 deli-

81 4700 223 4752 ιετά
286 4698 641 4769 ἀμεριμνίας,
695 4699 841 4770 ἀπερ
888 4699 1062 4763 οὐδεὶς
1108 4700 1264 4767 λόγος
1319 4700 1664 4771 παραστῆσαι

1770 4696 1886 4759 ciis,
1945 4710 2013 4749 ne
2061 4704 2379 4751 contemnas
2436 4698 2600 4752 vitam
2670 4710 2835 4753 tuam.
2908 4697 2968 4754 Si
3025 4700 3171 4756 enim
3226 4703 3355 4757 vilis

84 4793 352 4853 ἀναταις
386 4789 550 4842 Ὅθεν
580 4790 675 4843 καὶ
708 4790 773 4843 σὺ
804 4790 879 4854 ὡς
899 4791 1169 4864 τοσαύτης
1199 4794 1510 4867 προσδοκῶν
1534 4796 1664 4847 ἀπο-

1770 4798 1907 4842 esset
1950 4797 2045 4843 aut
2083 4804 2309 4859 pauper,
2357 4790 2449 4860 qui
2473 4792 2571 4845 ahs
2619 4801 2671 4845 te
2722 4793 3114 4859 contemnitur,
3158 4804 3345 4863 aperte

83 4882 283 4936 αὖσαι
307 4880 541 4950 τρυφῆς,
575 4880 649 4952 μὴ
678 4884 1005 4954 καταφρόνει
1037 4901 1130 4937 σου
1154 4885 1256 4955 τῆς
1282 4884 1448 4956 ζωῆς.
1483 4886 1543 4938 El
1568 4887 1664 4956 μὲν

1770 4881 2087 4951 dormitarcs
2115 4902 2128 4937 :
2162 4883 2206 4938 si
2231 4899 2358 4939 vero
2387 4885 2702 4954 splendidus
2723 4896 2777 4941 et
2799 4888 3071 4956 gloriosus
3099 4897 3153 4943 et
3177 4889 3345 4943 totius

88 4980 177 5047 ἀρ
220 4973 460 5045 εὐτελὴς
493 4970 562 5046 ἦν
600 4976 633 5045 ἧ
668 4976 834 5045 πένης
854 4979 882 5029 ὁ
908 4977 1059 5048 παρά
1086 4978 1181 5031 σοῦ
1224 4982 1664 5051 καταφρονούμε-

1770 4972 1916 5041 regni
1955 4972 2212 5027 Dominus
2245 5013 2261 5037 ,
2290 4975 2380 5043 qui
2414 4986 2761 5044 exspectatur
2804 4976 3057 5033 Christus
3111 4997 3125 5033 :
3171 4978 3350 5033 luceat

81 5086 183 5132 ος,
244 5066 435 5131 καλῶς
476 5068 541 5121 ἂν
572 5069 664 5122 καὶ
700 5068 989 5132 ἐνύσταζες
1028 5085 1044 5100 ·
1098 5073 1145 5124 εἰ
1172 5070 1229 5123 δὲ
1256 5070 1543 5142 λαμπρὸς,
1575 5071 1664 5124 καὶ

1770 5064 1977 5133 lampas
1997 5064 2258 5133 quatidie,
2296 5077 2520 5134 paratus
2545 5067 2621 5120 sis
2648 5067 2702 5121 in
2755 5066 2953 5137 Spousi
3015 5067 3349 5123 occursnmi

81 5154 357 5221 πίδοξος,
391 5154 484 5208 καὶ
518 5155 696 5226 πάσης
726 5155 825 5224 τῆς
860 5155 1136 5225 βασιλείας
1159 5158 1422 5228 δεσπότης
1446 5162 1475 5213 ὁ
1498 5175 1664 5231 προσ-

1772 5164 1833 5208 ut
1856 5167 1911 5210 et
1943 5164 1998 5209 tu
2029 5156 2220 5212 audias
2252 5174 2270 5213 :
2303 5155 2460 5213 Intra
2488 5161 2545 5212 in
2568 5158 2824 5230 gaudium
2851 5159 3062 5214 Domini
3085 5163 3163 5215 tui
3184 5161 3249 5215 δ’.

82 5245 399 5315 οκώμενος
452 5246 683 5316 Χριστὸς
719 5286 735 5311 ,
783 5247 1156 5318 φαιδρυνέσθω
1201 5250 1235 5319 ἡ
1271 5248 1492 5318 λαμπὰς
1540 5246 1662 5301 καθ’
1699 5244 1915 5316 ἡμέραν
1941 5261 1955 5274 ’
1983 5246 2199 5318 ἕτοιμος
2222 5248 2315 5304 ἔσο
2370 5252 2450 5315 εἰς
2475 5250 2573 5319 τὴν
2630 5251 2936 5321 ἀπάντησιν
2962 5249 3057 5303 τοῦ
3089 5250 3347 5320 νυμφίου,

81 5356 150 5390 να
183 5334 445 5406 ἀκούσῃς
476 5335 569 5387 καὶ
601 5335 665 5389 σύ
710 5350 725 5364 ⁸
757 5336 1010 5391 Εἵσελθε
1047 5339 1134 5404 εἱς
1174 5337 1289 5405 τὴν
1325 5338 1516 5409 χαρὰν
1560 5336 1663 5391 τοῦ
1700 5335 1923 5402 Κυρίου
1945 5351 2085 5391 σου.

130 5429 437 5497 Χορηγείν
474 5428 556 5481 δεῖ
595 5429 689 5481 καὶ
710 5428 1107 5498 προσεύχεσθαι
1153 5429 1211 5482 ὲν
1248 5432 1412 5483 stanti.
1452 5429 1652 5501 καιρῷ,

1838 5430 2072 5502 Vigilare
2085 5440 2316 5500 oportet.
2339 5437 2393 5486 et
2414 5446 2571 5485 orare
2592 5431 2648 5487 in
2671 5430 2818 5486 omni
2844 5440 3119 5502 tempore:
3142 5433 3346 5488 dilecti.

87 5517 391 5587 γαπητοί.
423 5519 482 5571 El
508 5519 617 5587 γὰρ
645 5519 738 5571 τοῦ
763 5518 895 5572 θεοῦ
926 5521 1169 5585 εἰπόντος
1190 5521 1269 5592 τῷ
1295 5520 1549 5592 διαϐόλῳ,
1576 5522 1659 5575 ὅτι

1770 5522 1825 5575 Si
1843 5524 1986 5577 enim
2008 5524 2225 5579 dicente
2258 5522 2370 5579 Deo
2397 5525 2462 5580 ad
2495 5525 2771 5581 diabolqu
2800 5543 2813 5578 :
2843 5524 2959 5581 Non
2990 5527 3225 5596 attiuges
3249 5525 3350 5581 .loh

81 5610 160 5680 Ιὴ
199 5607 328 5679 ἅψῃ
356 5607 450 5661 τοῦ
480 5609 621 5672 Ἰὼϐ,
651 5612 679 5663 ό
703 5611 935 5680 πονηρὸς
975 5611 1205 5681 ἐπέμενε
1237 5614 1474 5682 νομίζων
1495 5614 1661 5668 αὑτὸν

1770 5618 1839 5683 ’⁸,
1879 5618 2151 5689 malignus
2193 5620 2443 5675 incubuit
2480 5634 2679 5691 putans
2710 5636 2769 5677 se
2795 5636 2920 5676 eum
2969 5621 3345 5692 deiecturum:

140 5743 197 5773 “
234 5742 619 5823 Psal._c§vtt_t,
656 5741 775 5796 lii.
819 5744 896 5823 Δί’
928 5742 1086 5823 ιιξξιε
1116 5759 1265 5823 μιν,
1310 5746 1363 5800 3.
1443 5749 1486 5779 “
1544 5749 1645 5805 lsa.

1776 5751 1949 5820 nui;
2016 5752 2036 5807 l
2105 5752 2229 5809 Cor.
2296 5769 2358 5823 tt,
2408 5756 2461 5811 9.
2544 5757 2585 5788 ¹⁷
2643 5758 2896 5822 lsa.xt.tx,
2944 5755 3029 5811 l5.
3116 5738 3346 5811 ":Psale

94 5828 191 5877 ιι,
234 5810 290 5865 3.
374 5814 413 5845 "
447 5811 634 5869 Matth.
669 5829 793 5878 xxv,
817 5812 906 5867 21.
984 5814 1027 5845 ³⁸
1060 5813 1162 5870 Job
1202 5832 1261 5883 ιι,
1295 5822 1344 5872 5.
