4112 6416
136 332 266 396 1969
1323 342 1581 403 SERMO
1614 344 1715 406 DE

1841 345 2246 416 ΞΝΙΤΕΝΤΙΑ.
3260 351 3401 419 1970

129 462 260 532 πλὴν
287 463 335 516 οί
364 462 452 516 διὰ
479 461 591 515 τῶν
615 461 790 534 λόγων
818 464 1029 536 ἔλεγχοι
1067 465 1243 520 καλοί·
1268 467 1382 523 εἴθε
1408 469 1518 543 γὰρ
1546 471 1641 526 καὶ
1667 474 1698 526 6
1733 490 1739 516 λ

1841 473 2082 528 culorum
2104 476 2175 530 ".
2201 475 2340 532 Cum
2359 469 2513 532 'enitn
2538 479 2620 534 sic
2643 477 2816 535 fueris
2838 479 3058 543 affecta,
3080 478 3405 536 sollicitudi-

121 554 370 618 πλούσιος
399 556 606 618 ἐκεῖνος
633 555 918 627 ἠλέγχετο,
939 557 1036 612 καὶ
1071 557 1147 630 μὴ
1172 560 1290 614 ἐκεῖ
1315 561 1416 632 τὴν
1442 561 1695 631 γλῶσσαν

1841 580 1926 620 em
1963 575 2114 622 tuam
2143 568 2249 625 sibi
2283 568 2572 624 vindicans
2603 569 2699 625 tibi
2731 572 2864 627 dicit
2897 591 2911 628 :
2941 571 3048 638 Qui
3080 572 3248 643 tangit
3293 589 3402 640 vos,

121 643 603 713 κατετηγανίζετοί
634 644 1019 718 Ἐπεθύμησας
1061 647 1394 720 παρθινίαν;
1427 651 1693 725 διατήρη-

1841 674 2056 728 mqttam
2083 659 2177 730 qui
2217 661 2388 732 tangit
2408 659 2671 731 pupillam
2701 661 2846 717 oculi
2867 665 2970 718 mei
2990 663 3056 718 υ.

115 757 206 795 σον
250 738 495 805 ἐντολάς,
547 740 642 793 καὶ
683 741 713 794 6
766 739 970 812 Κύριος
1015 743 1314 814 χορηγήσει
1373 762 1456 799 σοι
1503 748 1694 818 αὐτήν.
1750 751 1878 805 Ἐάν
1940 753 2051 824 γὰρ
2113 753 2277 829 λέγῃς
2302 753 2741 828 προσευχομένη·
2768 754 3051 821 causa
3070 772 3174 826 με,
3202 755 3404 824 Κύριε.

113 835 194 899 ὡς
221 834 410 902 κόρην
453 833 559 888 τοῦ
591 834 926 904 ὀφθαλμοῦ,
955 835 1102 904 λέξει
1127 853 1212 890 σοι
1239 837 1335 892 καλ⁵
1402 839 1587 904 αὐτός·
1617 844 1902 910 Φύλαξον
1924 846 1930 852 ’
1955 847 2102 917 ἐμὰς
2137 847 2413 914 ἐντολὰς,
2442 848 2541 903 καί
2566 846 2842 915 βιώσεις·
2906 847 3054 914 τοὺς
3111 847 3183 902 δὲ
3218 846 3407 923 ἐμοὺς

107 929 330 996 λόγους
381 925 586 995 ὥσπερ
625 931 805 998 κόρας
841 930 1138 1000 ὀμμάτων.
1205 932 1376 987 Ὅταν
1435 935 1544 1007 γὰρ
1590 935 1762 1002 οὕτως
1801 939 1901 1012 ἔσῃ
1956 939 2302 1012 διακειμένη,
2350 941 2778 1012 οἰκειωσάμενος
2822 957 2918 995 σου
2968 941 3069 1010 τὴν
3110 940 3405 1014 μέριμναν,

107 1021 276 1089 λέγει.
296 1019 361 1074 '0
392 1021 730 1091 ἁπτόμενος
762 1023 952 1090 ὑμῶν,
981 1025 1064 1092 ὡς
1097 1029 1132 1081 ό
1167 1026 1509 1099 ἁπτόμενος
1534 1030 1859 1102 τῆς-κόρης
1887 1034 1994 1088 τοῦ
2022 1035 2334 1106 ὀφθαλμοῦ
2364 1036 2572 1090 αὑτοῦ.

176 1113 433 1168 Βαλοῦσα
480 1115 660 1168 τοίνυν
705 1117 806 1188 τὴν
851 1119 1014 1190 χεῖρά
1064 1137 1159 1174 σου
1193 1123 1280 1175 ἐπ’
1323 1122 1577 1195 ἄροτρον,
1624 1123 1700 1197 μὴ

1869 1125 2006 1184 Cum
2031 1127 2197 1199 igitur
2221 1128 2287 1183 ad
2307 1137 2548 1182 aratrum
2574 1142 2798 1182 manum
2828 1127 3067 1189 miseris,
3110 1142 3178 1181 ne
3217 1128 3284 1182 ad
3339 1145 3402 1184 ea

105 1210 359 1280 στραφῇς
389 1209 473 1272 εἰς
502 1207 574 1268 τὰ
600 1208 778 1262 ὀπίσω
797 1249 813 1272 ,
867 1210 944 1282 μὴ
972 1212 1106 1285 γένῃ
1138 1214 1308 1286 στήλη
1337 1215 1501 1280 ἁλός·
1550 1216 1639 1271 ἀεὶ
1665 1219 1701 1286 ή

1848 1235 1932 1274 tne
1956 1229 2088 1275 sunt
2119 1236 2150 1275 a
2182 1230 2335 1290 tergo
2369 1219 2730 1282 convertaris,
2773 1234 2841 1273 ne
2881 1219 2982 1274 fias
3011 1228 3194 1273 statua
3226 1219 3360 1276 salis
3387 1238 3401 1276 :

101 1301 332 1368 γλῶσσά
364 1316 463 1353 σου
492 1299 726 1355 λαλείτω
754 1303 884 1374 περὶ
911 1303 1008 1374 τῆς
1043 1305 1298 1376 κρίσεως,
1342 1307 1509 1378 μηδὲν
1532 1309 1704 1381 ἀργὸν

1841 1327 2015 1382 smper
2032 1312 2216 1382 lingua
2250 1321 2344 1367 tua
2366 1311 2650 1382 dejudicio
2681 1311 2960 1380 loquatur,
2991 1310 3128 1366 nihil
3167 1311 3406 1367 otiosum

104 1392 488 1464 φθεγγομένη,
525 1394 600 1465 μὴ
628 1393 738 1448 ἀπὸ
764 1394 958 1466 ὀργῆς,
989 1396 1065 1467 μὴ
1094 1397 1204 1452 άπὸ
1240 1398 1441 1468 λύπης,
1484 1399 1561 1473 μὴ
1590 1403 1704 1456 άπὸ

1841 1419 2030 1468 onans,
2052 1413 2148 1459 aut
2166 1420 2253 1460 .ex
2277 1404 2383 1467 ira,
2424 1403 2638 1458 nihilex
2665 1402 2912 1468 tristitia,
2934 1413 3029 1458 aut
3065 1418 3130 1458 ex
3152 1403 3262 1459 ulla
3283 1403 3404 1460 'alia

101 1485 269 1586 ἄλλου
311 1486 535 1586 πάθους
574 1487 741 1553 τινὸς,
785 1487 922 1544 ἀλλὰ
968 1489 1172 1561 μᾶλλον
1204 1490 1528 1561 φθεγγέσθω
1573 1495 1703 1566 περὶ
1734 1532 1739 1586 1

1841 1498 2228 1566 erturbatione,
2292 1499 2386 1555 sed
2454 1498 2638 1569 potius
2701 1499 2768 1553 de
2816 1497 2924 1554 illis
2978 1497 3263 1569 suppliciis
3317 1499 3402 1553 lo-

101 1578 214 1631 τῶν
242 1577 530 1632 κολάσεων
549 1579 659 1633 τῶν
676 1582 824 1634 ἐκεῖο
859 1582 948 1638 ἵνα
975 1583 1284 1655 φοϐουμένη
1313 1588 1378 1638 ὲκ
1405 1587 1515 1640 τῶν
1540 1587 1702 1657 φοσε-
1734 1577 1739 1586 ’

1843 1603 1970 1648 uatu
1979 1610 2022 1655 r.
2039 1601 2099 1648 ut
2113 1593 2390 1647 tremenda
2410 1593 2607 1648 timens
2617 1589 2638 1662 j
2650 1590 2828 1646 udicia
2843 1591 3048 1662 ,scipsa
3070 1591 3259 1647 melior
3272 1591 3364 1646 ﬁat
3387 1609 3402 1647 :

100 1672 217 1742 ρῶν
251 1671 565 1745 κριτηρίων
594 1673 820 1745 βελτίων
858 1677 1060 1748 ἑαυτῆς
1095 1676 1325 1765 γένηται
1351 1694 1366 1710 ·
1414 1668 1645 1732 πάντοτε
1673 1679 1704 1731 6

1841 1687 2120 1758 emperlcx
2145 1685 2266 1756 eius
2284 1685 2337 1739 in
2360 1701 2455 1740 ore
2488 1695 2583 1740 tuo
2614 1685 2709 1750 sit,
2743 1694 2805 1739 ut
2823 1693 2880 1740 et
2903 1684 3069 1740 verba
3092 1695 3182 1740 tua
3205 1699 3408 1740 secun-

99 1764 268 1833 νόμος
317 1763 496 1818 αὐτοῦ
564 1765 658 1818 ἐπὶ
687 1763 769 1835 τῷ
798 1765 1028 1836 στόματί
1060 1783 1154 1820 σου
1177 1763 1349 1831 ἔστω,
1379 1768 1468 1821 ἵνα
1497 1768 1592 1822 καὶ
1635 1768 1704 1823 τὰ

1844 1793 1934 1832 um
1961 1776 2050 1832 Dei
2081 1777 2412 1832 voluntatem
2443 1775 3169 1848 procedant.!Legislatorem
3192 1791 3405 1847 semper

101 1857 336 1928 ῥήματά
365 1873 464 1912 σου
494 1859 635 1912 κατὰ
669 1857 732 1911 τδ
756 1857 849 1912 τοῦ
883 1859 1018 1914 Θεοῦ
1057 1859 1271 1932 θέλημα
1303 1861 1704 1934 προέρχωνται.

1841 1887 1862 1924 ιι
1878 1885 1973 1925 ore
1984 1885 2167 1942 geras;
2185 1869 2273 1924 ille
2297 1869 2393 1924 tibi
2415 1884 2599 1924 eomes
2615 1877 2670 1924 et
2689 1868 2900 1926 socius.
2922 1867 3048 1923 Sive
3060 1869 3206 1925 enim
3221 1884 3406 1940 quem-

101 1949 209 2002 Τὸν
239 1948 556 2021 νομοθέτην
584 1950 816 2004 πάντοτε
860 1952 956 2004 ἐπὶ
1001 1952 1272 2024 πόματος
1318 1951 1410 2024 ἔχε
1432 1971 1450 1987 ο
1501 1954 1707 2019 ἐκεῖνός

1841 1959 1956 2013 νίοιιι
1986 1958 2186 2014 videris
2205 1972 2461 2029 prospere
2477 1966 2750 2028 agentem,
2769 1958 2853 2014 vel
2871 1959 3082 2015 deliciis
3097 1968 3406 2026 vacantem,

103 2055 188 2120 σοι
218 2039 370 2093 ἔστω
414 2038 634 2104 σύνοδος
663 2042 758 2095 καὶ
792 2043 1078 2114 συνόμιλος
1097 2060 1114 2076 θ
1159 2043 1263 2099 κᾶν
1302 2044 1412 2116 γὰρ
1443 2043 1562 2118 ἴδῃς
1586 2046 1710 2100 τινὰ

103 2134 501 2206 εὐημεροῦντα
535 2135 569 2208 ἢ
616 2135 710 2189 καὶ
753 2134 1127 2206 βασιλεύοντα,
1183 2136 1422 2206 γίνωσκε
1461 2137 1546 2190 ὅτι
1576 2138 1711 2191 ὡσεὶ

104 2224 273 2290 ἂνοος
325 2225 529 2298 χόρτου
579 2226 719 2298 ταχὺ
768 2227 1302 2298 ἁποξηρανθήσεται.
1360 2229 1602 2294 Ἐκεῖνος
1646 2231 1713 2285 ὲκ

107 2321 222 2372 τῶν
256 2320 590 2391 ἐδεσμάτων
615 2319 878 2392 τρυφάτω
901 2335 920 2354 ο
970 2320 1036 2374 σὺ
1061 2319 1120 2376 δὲ
1147 2320 1243 2375 τοῦ
1273 2325 1544 2377 Δεσπότου
1575 2324 1714 2394 Χρι-

111 2413 243 2466 στοῦ
276 2413 616 2485 κατατρύφα
637 2429 654 2446 ο
702 2413 897 2467 πολλαὶ
935 2413 1043 2466 τῶν
1072 2413 1360 2486 παρθένων
1400 2415 1716 2487 ἐμαρτύρηο

1809 2051 1894 2107 vel
1917 2051 2082 2107 etiam
2106 2061 2444 2122 regnantem,
2482 2065 2650 2105 nosce
2674 2051 2822 2121 quod
2849 2059 3106 2122 tanquam
3147 2051 3248 2108 nos
3297 2051 3406 2106 teni

1811 2143 2072 2198 velociter
2098 2151 2330 2198 arescet.
2357 2141 2450 2198 Ille
2472 2140 2694 2196 ferculis
2717 2143 2967 2212 gaudeat,
2996 2153 3052 2198 tu
3075 2160 3200 2198 vero
3222 2144 3276 2199 in
3298 2143 3406 2198 Do-

1814 2236 1964 2292 tnino
1991 2235 2214 2291 Christo
2242 2235 2439 2308 gaude.
2472 2235 2653 2290 Multae
2677 2236 2916 2309 virgines
2937 2235 3258 2308 martyrium
3281 2245 3411 2291 sunt

1815 2343 1994 2399 passae
2026 2345 2041 2383 :
2068 2326 2218 2398 quod
2246 2327 2292 2383 si
2319 2337 2549 2382 tnortem
2584 2329 2767 2384 caeteri
2795 2329 3064 2395 vicerunt,
3105 2337 3162 2384 tu
3201 2342 3408 2384 concu-

1817 2419 2138 2492 piscentiam
2181 2420 2401 2476 vincere
2434 2436 2544 2475 non
2591 2421 2789 2491 potes?
2827 2419 3056 2491 Oportet
3084 2429 3138 2476 te
3164 2421 3410 2476 membra

114 2525 216 2562 σαν
242 2525 259 2540 ο
301 2509 356 2561 εἰ
392 2507 452 2560 δὲ
479 2507 574 2562 καὶ
603 2506 835 2561 θανάτου
861 2507 1042 2578 ἕτεροι
1069 2507 1471 2578 περιεγένοντο,
1502 2510 1565 2563 σὺ
1595 2510 1719 2562 ἐπι-

1841 2512 2180 2579 nortilicare,
2205 2528 2314 2567 non
2345 2520 2556 2567 tantum
2591 2513 3116 2584 concupiscentiam,
3147 2530 3336 2569 verum
3359 2522 3415 2568 et

114 2599 327 2670 θυμίας
361 2597 753 2670 περιγενέσθαι
791 2599 854 2652 οὐ
887 2598 1114 2653 δύνασαι
1145 2615 1161 2664 ;
1213 2601 1505 2672 Νεκρῶσαι
1538 2603 1620 2656 δεῖ
1651 2602 1722 2657 τὰ

1845 2623 1980 2673 ram,
2019 2614 2074 2661 et
2117 2606 2354 2660 furorem
2392 2605 2693 2660 continere.
2745 2603 2953 2677 Lingua
3001 2615 3094 2662 tua
3124 2621 3415 2662 mensuras

118 2691 283 2759 μέλη,
311 2689 378 2743 οὐ
408 2689 569 2760 μόνον
593 2690 910 2759 ἐπιθυμίας,
945 2691 1083 2746 ἀλλὰ
1105 2693 1200 2748 καὶ
1229 2693 1401 2764 ὀργῆς
1426 2695 1520 2748 καὶ
1544 2695 1720 2762 θυμοῦ

1841 2699 2022 2754 tabent
2047 2717 2060 2752 :
2092 2697 2216 2752 vide
2245 2713 2313 2752 ne
2340 2706 2466 2752 ante
2492 2709 2708 2768 tempus
2735 2707 2786 2752 te
2806 2698 3141 2754 conscientia
3171 2707 3262 2753 tua
3286 2712 3416 2753 con-

116 2783 627 2853 ὲγκρατευομένην.
663 2781 730 2835 Ἦ
753 2781 976 2850 γλῶσσά
1006 2801 1099 2837 σου
1127 2784 1304 2856 μέτρα
1329 2785 1530 2856 ἐχέτω·
1559 2785 1722 2855 βλέπε

1841 2790 2063 2844 lcmnet.
2115 2786 2277 2857 Venit
2311 2803 2458 2844 mors
2506 2798 2562 2843 et
2597 2785 2785 2842 omnia
2831 2788 3164 2843 revelantur.
3217 2789 3414 2844 Coram

122 2876 200 2946 μὴ
234 2877 346 2946 πρἰ
379 2873 576 2947 καιροῦ
608 2875 914 2950 κατακρίνῃ
943 2895 1002 2930 σε
1034 2879 1068 2948 ὴ
1099 2877 1404 2948 συνείδησις
1435 2895 1549 2932 σου.
1582 2881 1715 2950 Ἔρ-

1841 2883 2005 2953 diquo
2035 2897 2182 2936 nunc
2210 2878 2588 2936 confusionem
2627 2879 2736 2952 pati
2779 2881 3040 2936 nolumus
3072 2899 3087 2936 :
3130 2881 3241 2937 illic
3290 2895 3420 2936 vero

122 2985 281 3037 χεται
329 2969 361 3021 6
415 2968 664 3034 θάνατος,
711 2969 808 3023 καὶ
853 2969 1029 3024 πάντα
1077 2970 1546 3026 ἀποκαλύπτεται.
1603 2971 1726 3024 Ἐπί

121 3080 270 3126 τινος
291 3063 440 3134 ἀσχη
451 3063 680 3134 μονῆσαι
706 3064 802 3118 νῦν
826 3064 887 3117 οὐ
910 3064 1136 3136 θέλομεν
1163 3082 1178 3096 ·
1209 3066 1327 3118 ἐκεῖ
1344 3065 1402 3119 δὲ
1423 3067 1514 3119 ἐπὶ
1540 3065 1726 3119 τοσού-

120 3172 233 3207 των
287 3156 575 3226 μυριάδων
599 3173 614 3188 ο
653 3155 756 3210 ποῦ
795 3155 906 3228 ἄρα
953 3157 1410 3228 καταδυσόμεθας
1475 3158 1730 3228 Ἰωάννης

124 3247 293 3314 ἁγνὸς
320 3243 417 3319 ἦν,
452 3247 543 3302 διὰ
576 3247 737 3303 τοῦτο
780 3249 872 3301 ἐπὶ
900 3247 961 3301 τὺ
1006 3247 1205 3320 στῆθος
1238 3247 1332 3302 τοῦ
1365 3249 1602 3320 Χριστοῦ
1637 3250 1731 3304 ἀνι

126 3339 333 3394 ἐπεσεν
373 3354 390 3370 °
463 3341 499 3411 ἡ
556 3339 778 3411 Χριστῷ
835 3339 1066 3394 θέλουσα
1120 3340 1492 3411 ωμφευοῆναι
1559 3341 1728 3412 ψυχὴ,

128 3433 462 3501 φυλασσέτω
478 3432 579 3504 τὴν
608 3432 849 3501 ἁγνείαν.
875 3432 964 3486 ἵνα
990 3434 1055 3485 ὲκ
1073 3431 1169 3486 τοῦ
1197 3431 1415 3505 καρποῦ
1437 3432 1498 3486 τὸ
1515 3433 1732 3505 δένδρον

128 3524 421 3597 γνωρισθῇ
447 3539 462 3554 ·
531 3523 1060 3593 Ἐπιδεικνυμένην
1111 3525 1258 3594 γὰρ,
1311 3525 1466 3597 φησι,
1523 3526 1736 3579 πίστιν

129 3615 481 3688 ἀπαγγελεῖ
527 3615 778 3684 δίκαιος.
833 3616 1282 3689 ’Δναμιμνήσκου
1343 3617 1582 3672 πάντοτε
1633 3621 1734 3690 τῆς

129 3710 439 3778 ὁμολογίας
488 3708 692 3780 ταύτης
717 3750 732 3770 ,
791 3709 890 3764 καὶ
941 3708 1190 3780 λάμϐανε
1243 3711 1325 3774 είς
1380 3709 1591 3764 ἔννοιαν
1637 3711 1736 3781 τὴν

131 3805 386 3873 ἐσχάτην
414 3803 650 3874 ἡμέραν.
701 3801 874 3854 Βλέπε
903 3801 1084 3856 τοίνυν
1117 3804 1194 3873 μὴ
1230 3801 1320 3855 διὰ
1356 3802 1459 3873 τῆς
1485 3800 1738 3874 γλώσσης

133 3896 362 3966 φθαρῇς
385 3911 402 3927 ο
443 3894 512 3950 ἸΙ
532 3893 785 3964 γλῶσσα
805 3894 934 3964 γὰρ,
952 3895 1139 3964 φησὶν,
1167 3893 1340 3948 ἐστίν
1359 3894 1398 3961 ἡ
1426 3894 1740 3949 σπιλοῦσα

131 3989 289 4043 ὅλον
306 3987 383 4043 τὸ
409 3986 608 4057 σῶμα·
638 3987 732 4042 τοῦ
747 3987 805 4041 δὲ
832 3987 1087 4057 σώματος
1118 3986 1502 4052 σπιλωθέντος,
1522 3988 1740 4059 ἀνάγκη

134 4081 234 4134 καὶ
292 4080 394 4135 τὸν
459 4077 587 4133 νοῦν
643 4079 1150 4150 καταφθείρεσθαι,
1224 4079 1411 4143 καθὼς
1480 4079 1696 4151 εἴρηται
1722 4094 1738 4108 ⁸

133 4173 511 4241 Φθείρουσιν
572 4171 689 4241 ἤθη
753 4172 989 4242 χρηστὰ
1063 4173 1290 4242 όμιλίιιι
1357 4174 1570 4226 κακαί·
1647 4174 1742 4227 καὶ

1834 2989 2020 3030 coram
2059 2983 2138 3028 tot
2168 2973 2406 3028 millibus
2431 2973 2524 3028 ubi
2554 2973 2999 3029 abscondemur?
3033 2971 3275 3028 Joannes
3317 2989 3418 3043 puc

1836 3079 1930 3118 rus
1959 3072 2100 3126 erat,
2134 3071 2417 3132 propterea
2453 3077 2618 3133 supra
2646 3061 2854 3118 Christi
2886 3073 3077 3133 pectus
3126 3061 3376 3116 recubuit
3403 3080 3418 3116 :

1835 3154 2016 3210 anima
2047 3153 2271 3209 Christo
2294 3155 2482 3208 volens
2518 3153 2862 3224 desponsari,
2911 3155 3194 3225 puritatem
3237 3164 3422 3209 custo-

1805 3242 1978 3309 diat,
2011 3255 2071 3298 ttt
2106 3260 2172 3298 ex
2206 3244 2386 3299 fructu
2427 3245 2590 3300 arbor
2634 3255 2999 3315 cognoscatur
3029 3263 3044 3299 :
3079 3243 3422 3313 Manifestum

1835 3338 2000 3400 enim,
2057 3337 2271 3408 inquit,
2314 3337 2472 3408 ﬁdem
2518 3338 2859 3391 annuntiabit
2897 3337 3080 3409 justus
3119 3337 3187 3392 ".
3249 3335 3424 3408 llujus

1837 3431 2206 3487 confessionis
2237 3431 2543 3495 recordare,
2575 3439 2629 3485 et
2673 3430 2923 3486 ultitnutn
2951 3443 3171 3502 quoque
3201 3429 3428 3496 concipe

1842 3533 2023 3579 tuente
2064 3525 2230 3579 diem.
2274 3521 2408 3577 Vide
2451 3523 2637 3594 igitur,
2683 3539 2751 3578 ne
2781 3538 2877 3593 per
2909 3522 3148 3593 linguam
3184 3536 3376 3594 pereas
3409 3537 3426 3576 :

1843 3616 2050 3688 Lingua
2077 3619 2214 3672 enim
2237 3627 2338 3682 est,
2368 3617 2566 3687 inquit,
2592 3633 2710 3687 qua:
2735 3614 2927 3686 polluit
2949 3625 3120 3670 totum
3147 3631 3337 3684 corpus
3357 3615 3426 3668 ”.

1843 3712 2088 3781 Corpore
2113 3725 2242 3766 vero
2295 3711 2568 3766 maculato
2624 3720 2864 3764 mentem
2900 3724 3120 3780 quoque
3152 3707 3429 3776 corrumpi

1847 3821 2069 3862 necesse
2111 3814 2216 3872 est,
2261 3805 2403 3860 sicut
2457 3804 2664 3858 dictum
2709 3811 2830 3858 est:
2861 3801 3218 3868 Corrumpunt
3269 3800 3430 3853 bona:

1846 3913 2011 3951 more;
2041 3895 2306 3966 colloquia
2350 3895 2495 3949 mala
2517 3894 2560 3924 ὀ
2589 3912 2601 3948 :
2648 3902 2702 3947 ct
2738 3892 2941 3948 Paulus
2998 3890 3212 3962 inquit:
3243 3889 3430 3944 Homi-

1847 4007 1935 4044 nea
1961 3991 2197 4058 corrupti
2233 3996 2400 4042 mente
2425 3986 2491 4042 ³¹.
2528 3985 2722 4052 Quaere
2744 3984 2972 4040 Paulum
3004 3993 3260 4052 tanquam
3285 3980 3429 4035 The-

1847 4085 1951 4146 cla,
1977 4092 2035 4135 ut
2053 4082 2248 4135 audias
2270 4097 2392 4150 qua:
2416 4095 2510 4150 per
2540 4082 2714 4149 ipsum
2737 4077 2832 4132 tibi
2851 4078 3128 4131 dicuntur.
3165 4075 3279 4130 Alis
3293 4089 3434 4144 Opus

1849 4185 1935 4229 est
1965 4173 2086 4240 tibi,
2114 4173 2162 4229 si
2199 4189 2306 4228 nun
2321 4171 2513 4236 habes,
2556 4185 2658 4225 nec
2685 4169 2887 4223 habere
2925 4167 3172 4232 festinas,
3227 4166 3432 4221 frustra

135 4266 289 4320 Παῦ)
301 4265 367 4328 ός
415 4281 584 4334 φησιν
614 4280 630 4295 ο
711 4265 1045 4333 Ἄνθρωποι
1101 4263 1576 4334 κατεφθαρμένοι
1634 4265 1739 4321 τὸν

1850 4264 2142 4336 profiteris.
2184 4262 2394 4324 Clamet
2423 4262 2617 4318 oculus
2643 4270 2772 4315 tuus
2793 4260 3046 4331 pietatem
3081 4257 3312 4314 interius
3337 4257 3436 4312 ba-

134 4358 322 4414 νοῦν.
346 4359 514 4426 Ζήτει
542 4357 751 4412 Παῦλον
777 4357 853 4421 ὡς
878 4359 912 4428 ἡ
941 4356 1121 4410 Θέκλα
1139 4397 1156 4419 .
1191 4357 1279 4412 ἴνα
1300 4357 1542 4430 ἀκούσῃς
1561 4358 1634 4413 τὰ
1657 4355 1750 4412 ὑπ’

138 4449 317 4505 αὑτοῦ
360 4467 448 4502 σοι
491 4448 781 4519 λεγόμενα.
839 4447 1135 4519 Πτερύγων
1186 4449 1273 4503 σοὶ
1313 4449 1510 4521 χρείαο
1570 4451 1619 4504 εί
1649 4452 1750 4505 οὐκ

137 4545 296 4615 ἔχεις
325 4542 536 4606 ταύτας
565 4542 662 4596 καὶ
698 4543 760 4596 οὐ
796 4541 1120 4606 σπουδάζεις
1154 4541 1322 4612 ἔχειν,
1369 4545 1548 4615 μάτην
1582 4546 1752 4613 ἐπαγ-

137 4635 344 4708 γέλλῃ.
400 4633 588 4688 Βοάτω
635 4651 729 4687 σου
773 4636 802 4687 ὁ
848 4633 1128 4704 ὀφθαλμὸς
1174 4635 1274 4704 τὴν
1310 4634 1457 4688 ἔνδον
1493 4635 1752 4690 οἰκοῦσαν

137 4725 452 4780 εὐλάϐειαν
477 4740 492 4755 ο
539 4723 689 4778 κάτω
732 4723 875 4776 ἔστω
913 4739 1009 4776 σου
1046 4724 1108 4777 τὸ
1142 4723 1319 4794 ὄμμα,
1364 4725 1452 4780 ἶνα
1541 4725 1750 4780 διάνοια

140 4819 286 4872 ἔινω.
340 4814 582 4886 Νήψεως
621 4814 823 4882 πολλῆς
855 4815 1015 4885 χρεία
1039 4831 1054 4846 ο
1101 4816 1132 4868 6
1157 4815 1266 4887 γὰρ
1297 4815 1565 4880 ἀντίδικος
1595 4817 1752 4888 ἡμῶν

141 4913 346 4982 νήφει.
408 4907 542 4961 Ἀπὸ
591 4906 920 4978 παραδείσου
963 4905 1221 4972 ἐξέϐαλε·
1263 4906 1357 4960 νῦν
1405 4909 1487 4971 εἰς
1525 4909 1753 4981 οὐρανὸν

141 4998 495 5070 ἀνέρχεσθαι
520 4997 620 5049 οὐκ
642 4997 950 5068 ἐπιτρέπει.
974 4995 1149 5050 Βλέπε
1177 4997 1253 5068 μὴ
1271 4997 1362 5050 τδν
1385 4999 1754 5070 πνευματικὸν

141 5089 302 5146 οἶνον
333 5089 492 5142 ὕδατι
521 5088 830 5160 ἁχρειώσης
857 5107 872 5121 ο
921 5088 1011 5159 ἔχε
1043 5089 1165 5143 ἀντὶ
1193 5091 1359 5162 ἄρτου
1395 5092 1491 5161 τὴν
1524 5092 1755 5164 μελέτην

143 5181 265 5234 τῶν
299 5180 470 5233 θείων
500 5178 754 5249 ι’ραφῶν,
788 5180 884 5232 καὶ
914 5181 1038 5232 ἀντὶ
1070 5181 1214 5234 οἴνου
1262 5182 1328 5233 τὰ
1377 5181 1472 5234 τοῦ
1505 5183 1756 5255 Σωτῆρος

147 5273 504 5343 ἐντάλματα.
539 5273 738 5325 Ἀκουε
768 5271 863 5325 τοῦ
888 5272 1140 5341 λέγοντος
1161 5288 1177 5303 ⁸
1215 5273 1364 5326 Θέλω
1395 5275 1540 5344 ὑμᾶς
1563 5276 1756 5346 ἀμερξ-

153 5381 340 5436 μνους
376 5359 539 5427 εἶναι,
570 5363 666 5416 καὶ
719 5363 886 5434 μηδὲν
920 5365 1213 5436 μεριμνᾷν,
1265 5365 1315 5416 εί
1352 5365 1428 5436 μὴ
1476 5365 1607 5438 περὶ
1653 5365 1755 5437 τῆς

152 5455 474 5528 βασιλείας.
517 5454 673 5508 Μετὰ
701 5455 889 5526 γηϊνου
927 5455 1181 5524 σώματος
1230 5456 1309 5520 εἰς
1359 5456 1620 5527 οὐρανοὺς
1663 5459 1758 5512 ἀνο

152 5551 353 5606 ελθεῖν
382 5548 768 5621 ὲπεθύμησ.ο;;
818 5548 1080 5602 λέπτυνον
1128 5547 1228 5612 τὰς
1276 5549 1506 5620 σάρκας,
1543 5551 1628 5603 ἵνα
1666 5551 1760 5604 εὑ.-

239 5730 290 5759 ""
335 5725 493 5779 l‘rov.
527 5740 624 5783 vtt.
659 5725 714 5777 “2.
794 5727 836 5756 ²⁷
870 5724 1034 5778 lac-It.
1093 5741 1153 5786 tt,
1183 5724 1236 5778 8.

159 5800 210 5830 ³⁸
247 5798 451 5853 Matth.
487 5812 559 5855 τι.
595 5797 657 5851 51
688 5813 840 5866 seqq.
920 5797 964 5827 ³³
1001 5795 1153 5850 l’eut.
1221 5811 1396 5861 χχχιι,
1452 5797 1539 5850 li).
1623 5865 1625 5868 ρ

1314 5725 1359 5756 ⁸³
1393 5723 1408 5776 l
1443 5726 1569 5780 Cor.
1604 5742 1686 5793 nt,
1736 5729 1815 5784 ιδ.

1850 4357 2112 4412 hitatttem
2144 4355 2438 4411 :deorsunt
2485 4357 2558 4410 sit
2589 4363 2842 4425 aspectus
2883 4361 3028 4415 tuus,
3070 4360 3130 4407 ut
3171 4352 3242 4407 sit
3279 4364 3436 4404 mens

1847 4466 2089 4506 sursum.
2157 4447 2446 4519 Vigilantia
2513 4462 2653 4518 opus
2709 4455 2794 4501 est
2839 4445 3053 4500 multa:
3085 4441 3435 4498 adversarius

1846 4543 1990 4596 enim
2026 4552 2213 4595 noster
2262 4540 2468 4610 vigilat.
2499 4539 2669 4607 chcit
2715 4538 2845 4592 olim
2880 4553 2948 4591 ex
2980 4536 3256 4607 paradiso,
3290 4550 3436 4589 nttttc

1849 4634 1903 4689 itt
1935 4635 2134 4689 caelum
2164 4633 2372 4703 regredi
2413 4647 2523 4687 non
2557 4630 2842 4702 permittit.
2885 4629 3016 4684 Vide
3043 4645 3112 4684 ne
3147 4627 3431 4698 spirituale

1848 4727 2036 4780 vinum
2064 4741 2204 4794 aqua
2233 4723 2424 4779 inutile
2462 4725 2678 4779 reddas.
2715 4723 2863 4778 Habe
2903 4738 3002 4793 pro
3048 4736 3187 4792 pane
3222 4719 3437 4775 divina-

1850 4833 1971 4871 runt
2008 4816 2416 4872 meditationem
2457 4815 2892 4886 Scripturarum,
2925 4823 2980 4867 et
3036 4829 3134 4883 pro
3163 4811 3291 4866 vino
3319 4809 3439 4862 Sal—

1849 4909 2055 4965 vatoris
2083 4909 2356 4963 tnandata.
2399 4909 2538 4963 Audi
2563 4909 2832 4963 dicentem
2858 4925 2873 4962 :
2908 4905 3043 4964 Volo
3070 4921 3166 4962 vos
3189 4919 3297 4958 non
3320 4917 3442 4956 esse

1851 5000 2159 5060 sollicitos,
2200 5009 2258 5054 et
2307 4999 2442 5054 nihil
2472 5014 2703 5064 curare,
2746 4998 2849 5053 nisi
2887 4996 2957 5052 de
3007 5011 3177 5065 regno
3198 4994 3262 5046 ³⁸.
3302 4991 3441 5046 Cum

1861 5103 2081 5147 terreno
2111 5107 2342 5162 corpore
2395 5094 2595 5150 uelum
2635 5092 2934 5146 ascendere
2965 5086 3318 5158 concupisti?
3349 5100 3444 5138 cx-

1861 5195 2022 5237 tenua
2055 5200 2269 5248 carnes,
2294 5193 2356 5238 ut
2379 5185 2446 5238 ad
2486 5198 2777 5239 ascensum
2810 5181 2970 5250 agilis
3009 5180 3130 5235 llas.
3176 5177 3357 5248 Equus
3395 5175 3444 5228 si

1860 5275 2089 5328 multum
2116 5275 2385 5341 comedat,
2416 5291 2523 5329 non
2573 5275 2978 5328 cttrritiathleta
2998 5286 3106 5325 non
3136 5267 3281 5338 quod
3306 5267 3439 5328 vult.

1861 5363 2247 5420 cotnedit.Nisi
2281 5366 2606 5421 comedisset
2627 5364 2813 5426 Israel.
2835 5373 2888 5419 et
2916 5361 3286 5432 impinguatus
3310 5354 3445 5410 fuis-

1866 5468 1984 5524 sct,
2041 5474 2149 5513 non
2195 5459 2594 5514 recalcitrasset
2624 5457 2689 5510 ³³.
2734 5456 2964 5510 Sursum
3020 5453 3184 5523 igitur
3227 5449 3447 5504 oculum

1871 5563 2022 5604 ttutttt
2079 5567 2296 5620 semper
2341 5549 2562 5611 habeas,
2614 5548 2704 5601 tthi
2745 5556 2800 5600 ct
2853 5545 2950 5600 tibi
2998 5542 3320 5611 concupitus
3365 5546 3452 5596 est

2979 5725 3016 5754 ³·
3059 5720 3246 5775 ΙΤὶιιι.
3285 5732 3358 5782 vt,

1895 5732 1935 5760 ³³
1974 5728 2086 5785 Jac.
2129 5747 2208 5791 ιιι,
2244 5731 2291 5783 ti.
2393 5729 2435 5756 ³⁸³
2479 5726 2496 5781 l
2527 5729 2654 5783 Cur.
2690 5743 2777 5792 xv,
2811 5727 2898 5781 55.
