4112 6416
187 344 318 406 1973

1365 355 1623 418 8ΕΒΜΟ
1658 358 1756 419 DE
1796 361 2303 427 PCENITENTIA.

3307 385 3443 450 1974

181 455 600 528 κατορθούμενα·
640 458 843 529 Ὁμοία
870 461 978 533 γάρ
1001 461 1175 518 ἐστιν
1193 465 1234 533 ἡ
1254 466 1563 535 βασιλεία,
1598 472 1732 541 φησι

1860 476 2136 545 expeditu.
2204 478 2339 536 Nam
2398 483 2574 539 simile
2621 496 2738 553 est,
2793 490 3007 562 inquit,
3074 514 3288 567 regnum
3338 519 3442 558 ca:-

176 549 290 605 τῶν
313 551 586 621 οὐρανῶν
619 554 765 609 δέκα
792 558 1133 625 παρθένοις,
1163 561 1264 633 οὐχ
1300 561 1457 635 ἡλίῳ.
1491 566 1555 619 οὐ
1590 568 1753 639 σελή-

175 660 260 716 νῃ,
300 645 402 699 οὐκ
435 644 668 717 ἄστροις,
724 648 827 702 οὐκ
864 650 1050 713 αὐτοῖς
1091 656 1206 716 τοῖς
1250 658 1655 727 περικαλλέσιν,
1688 662 1753 715 ού

172 735 374 807 χρυσῷ,
410 737 513 790 οὐκ
552 738 820 811 ἀργυρίῳ,
853 742 916 794 οὐ
964 742 1150 798 κάλλει
1191 749 1599 821 μαραινομένῳ,
1652 753 1753 807 οὐκ

171 826 318 898 αὐτῷ
350 826 431 899 τῷ
461 830 697 901 οὐρανῷ.
732 833 798 886 Τί
838 835 1017 890 τοίνυν
1059 836 1173 908 ἔχει
1202 840 1236 910 η
1278 838 1547 912 βασιλεία,
1579 843 1613 914 ἢ
1652 844 1753 917 τὴν

169 918 385 971 πάντων
421 919 829 994 πλουσιωτέραν
852 927 1210 998 ἀμεριμνίαν,
1243 932 1373 1004 περὶ
1404 928 1474 1007 ἧς
1509 935 1540 988 ό
1575 953 1753 1005 νυμφ-

167 1011 382 1079 αγωγὸς
402 1012 498 1066 τοῦ
520 1014 758 1085 Χριστοῦ
782 1016 995 1081 Παῦλος
1026 1019 1205 1090 ἔλεγεν
1237 1023 1401 1078 Θέλω
1427 1024 1586 1093 ὑμᾶς
1608 1028 1750 1097 ἀμε-

158 1101 416 1170 ρᾲινους
445 1097 597 1156 εἷναι
614 1119 635 1168 ;
667 1104 832 1159 Ὅθεν
849 1107 1103 1177 εὔχεσθαι
1131 1111 1259 1185 χρὴ,
1289 1114 1377 1168 ῖνα
1420 1116 1520 1169 ἑὰν
1546 1133 1632 1182 τις
1667 1136 1754 1172 νο-

166 1198 256 1264 σῇ,
290 1195 514 1268 ύγιάνῃ·
542 1196 631 1250 ἶνα
661 1197 891 1271 διαμένῃ
919 1199 983 1254 τὸ
1010 1202 1217 1274 κτῆμα.
1248 1204 1425 1278 Εὕχου
1467 1209 1647 1263 τοίνυν
1671 1209 1751 1281 τῷ

161 1286 281 1356 Θεῷ
304 1288 447 1358 μετά
470 1288 566 1343 τοῦ
600 1290 755 1360 ἀγίου
785 1290 1041 1361 λέγουσα,
1080 1295 1363 1365 Ἐπτὰκις
1386 1298 1498 1369 τῆς
1524 1300 1753 1371 ἡμέρας

164 1375 359 1444 ⁹ᾑνιςσιί
390 1392 487 1433 σε.
536 1379 601 1433 Ei
656 1380 798 1454 καλὴ
849 1383 958 1455 γὰρ
1001 1387 1261 1458 συντυχία
1309 1390 1504 1462 ἀνδρὸς
1540 1394 1750 1463 ἀγαθοῦ

162 1468 364 1538 βελτιοῖ
392 1468 487 1523 τὸν
525 1476 979 1544 συντυγχάνονταο
1020 1480 1175 1553 πόσῳ
1210 1482 1411 1553 μᾶλλον
1437 1485 1532 1538 καὶ
1573 1487 1632 1540 ιν
1660 1505 1752 1541 νυ-

162 1562 250 1613 κτὶ
292 1560 390 1615 καὶ
422 1563 484 1615 ὲν
507 1564 691 1638 ἡμέρα
714 1572 1070 1641 προσομιλεῖν
1096 1572 1177 1646 τῷ
1198 1574 1350 1647 Θεῷ;
1388 1576 1487 1644 Τίς
1521 1579 1631 1653 γὰρ
1660 1584 1750 1636 ἑν-

161 1651 298 1707 νοῶν
330 1657 587 1725 παρεῖναι
623 1656 717 1712 τὸν
753 1659 885 1715 Θεὸν
924 1664 1249 1735 ἁμαρτάνει.
1294 1651 1619 1739 Μνημόνευε
1652 1671 1747 1726 τοῦ

159 1746 458 1816 εἰρημένου
480 1747 576 1802 τοῦ
598 1748 1010 1823 Ἀδιαλείπτως
1033 1759 1465 1828 προσεύχεσθε.
1482 1761 1635 1834 Καλὴ
1650 1764 1750 1833 μὲν

1859 564 2032 620 lorum
2054 570 2229 624 decem
2256 574 2544 644 virginibus
2575 575 2644 643 “,
2677 594 2783 633 non
2819 582 2943 647 soli,
2980 599 3091 641 non
3131 564 3301 655 luna,
3334 606 3443 649 non

1855 655 2046 723 stellis,
2078 674 2190 715 non
2221 659 2356 732 ipsis
2384 664 2702 734 monilibus,
2736 684 2845 725 non
2881 687 3039 741 auro,
3067 690 3184 732 non
3219 691 3444 748 argento

1854 760 1963 800 non
2022 747 2219 805 forma:
2262 753 2586 822 tabescenti,
2625 774 2737 813 non
2788 758 2895 830 ipsi
2925 763 3090 820 calo.
3120 765 3266 834 Quid
3289 747 3442 826 aliud

1852 839 2021 910 igitur
2050 843 2217 900 habet
2248 861 2500 917 regnum,
2535 866 2701 922 quam
2733 854 2995 912 omnibus
3052 858 3301 921 ditiorem
3352 880 3444 920 se-

1851 932 2164 1002 curitatem,
2217 936 2287 992 de
2316 954 2425 1007 qua
2454 946 2739 1010 pronubus
2767 945 2974 1003 Christi
3025 947 3232 1009 Paulus
3293 954 3442 1011 dice-

1853 1022 1978 1078 bat:
2028 1023 2156 1080 Volo
2181 1045 2270 1083 vos
2302 1030 2417 1085 sine
2440 1034 2795 1092 sollicitudine
2823 1056 2937 1095 esse
2970 1040 3064 1096 “l
3098 1041 3249 1100 Unde
3275 1053 3439 1118 opor-

1850 1123 1930 1168 tet
1951 1131 2130 1185 orare,
2167 1131 2225 1174 ut
2253 1121 2300 1177 si
2339 1124 2467 1193 quis
2500 1136 2743 1197 aegrotet,
2800 1143 3044 1198 sanetur,
3103 1143 3164 1191 ut
3217 1151 3438 1208 perma-

1851 1216 1980 1261 neat
2030 1213 2338 1279 possessio.
2380 1214 2549 1284 Igitur
2583 1232 2677 1275 ora
2708 1218 2877 1277 Deum
2910 1239 3033 1279 cum
3067 1241 3261 1284 sancto
3296 1231 3437 1298 viro,

1848 1297 2040 1355 dicens
2065 1319 2081 1356 :
2147 1300 2353 1374 Septies
2400 1309 2455 1362 in
2482 1309 2567 1363 die
2595 1310 2809 1366 laudem
2838 1315 2954 1369 dixi
2982 1316 3078 1371 tibi
3108 1317 3176 1374 ⁸⁷.
3201 1319 3338 1377 Nam
3388 1297 3436 1379 si

1850 1388 2031 1446 bonus
2073 1393 2177 1449 viri
2202 1395 2329 1452 boni
2367 1413 2632 1456 occursus
2688 1403 2967 1460 meliorem
3019 1407 3195 1464 reddit
3238 1426 3441 1468 occur-

1852 1494 2086 1552 rentem,
2124 1498 2332 1557 quanto
2362 1494 2539 1565 magis
2585 1506 2854 1569 nocteque
2899 1515 2967 1556 ac
3021 1501 3112 1559 die
3161 1503 3271 1561 Deo
3322 1507 3438 1563 col-

1848 1576 2044 1647 loqui?
2075 1579 2213 1647 Quis
2252 1586 2399 1639 enim
2434 1585 2606 1643 Deum
2648 1589 2839 1648 adesse
2894 1595 3142 1665 cogitans
3202 1602 3434 1669 peccat?

1848 1669 2275 1730 Mementoillius
2298 1676 2426 1732 dicti
2453 1695 2468 1732 :
2496 1678 2622 1735 Sine
2641 1683 3028 1741 intermissione
3055 1700 3206 1745 orate
3223 1689 3288 1744 ⁸³.
3310 1691 3433 1749 Oris

1808 1792 1813 1795 ι
1847 1763 2067 1832 quidem
2128 1766 2304 1822 oratio
2334 1768 2499 1836 bona,
2528 1774 2702 1828 multo
2734 1776 2929 1833 melius
2965 1779 3011 1834 si
3069 1795 3165 1849 per
3223 1785 3439 1856 suppli-

156 1837 265 1907 γὰρ
311 1840 347 1909 η
390 1837 481 1893 διὰ
521 1840 790 1912 στόματος
818 1850 1117 1920 προσευχὴ,
1141 1850 1321 1924 πολλῷ
1363 1852 1563 1923 μᾶλλον
1594 1857 1627 1927 ὴ
1659 1856 1734 1911 διά

1849 1866 2037 1913 cantes
2071 1862 2126 1914 in
2157 1860 2355 1931 spiritu
2405 1863 2500 1920 tibi
2542 1868 2875 1925 sacriﬁcium
2931 1871 2991 1927 ιιι
3033 1837 3180 1941 apud

154 1931 264 1982 τῶν
288 1931 564 2003 δεομένων
591 1937 650 1989 ὲν
674 1936 948 2010 πνεύματι
972 1940 1133 1996 θυσία
1160 1961 1242 1998 σοι
1264 1945 1477 2013 γίνεται
1500 1947 1637 2019 πρὸς
1656 1950 1734 2004 τδι

1850 1949 2235 2011 Prtemeditare
2267 1957 2335 2013 de
2369 1963 2675 2031 moriendo,
2708 1966 2953 2024 membra
3003 1931 3169 2041 supra
3225 1931 3425 2030 terrain

154 2022 307 2077 θεόν.
345 2025 664 2097 Προμελέτα
695 2028 757 2081 τὸ
780 2029 1092 2096 ἀποθανεῖν,
1123 2034 1377 2107 νεκρῶσα
1407 2040 1473 2093 τὰ
1503 2038 1638 2111 μίλη
1676 2039 1747 2095 τά

152 2115 246 2169 ἐπὶ
289 2114 393 2187 τῆς
424 2117 552 2188 γῆς’
586 2120 769 2192 ἡμέρα
810 2123 919 2194 γὰρ
944 2126 1150 2197 Κυρίου
1178 2127 1255 2192 ὡς
1285 2127 1542 2201 κλέπτης,
1571 2132 1744 2198 οὕτως

151 2207 396 2279 ἔρχεται.
443 2211 570 2265 Ἐὰν
598 2213 995 2285 ἀπαιτούμενος
1025 2216 1123 2288 τὴν
1142 2219 1342 2292 ψυχὴν,
1376 2221 1516 2296 ἄρξῃ
1542 2223 1740 2294 λέγειν’

163 2299 394 2355 Ἐἀσατέ
449 2318 520 2372 με
578 2306 936 2376 μετανοῆσαι·
991 2307 1294 2379 νηστεύσω,
1348 2312 1577 2384 ὲλεήσωυ
1625 2316 1745 2386 ἐρεῖ

151 2405 233 2442 σοι
273 2392 304 2444 ὁ
335 2392 635 2464 Δεσπότης,
668 2395 781 2449 οὐκ
820 2396 1091 2467 ηκουσαςο
1124 2402 1501 2468 Μετανοεῖτε,
1533 2404 1742 2475 ﬁnisse

150 2482 260 2549 γύρ
285 2484 323 2551 ἠ
351 2485 650 2548 ,βασιλεία
680 2485 801 2541 τῶν
819 2490 1126 2557 cupas-(Br;
1154 2494 1262 2547 Καὶ
1291 2495 1503 2562 Παῦλος
1530 2498 1736 2569 ἔλεγεν·

151 2572 301 2638 Ἕως
344 2576 558 2642 καιρόν
592 2575 833 2646 ἔχομεν,
865 2577 1250 2650 ἐργασώμεθα
1294 2583 1363 2637 τὸ
1398 2584 1644 2656 ἀγαθόν’
1674 2586 1739 2640 ού

148 2663 257 2734 γὰρ
284 2665 484 2735 καιροῦ
521 2665 718 2720 πολλοῦ
756 2669 914 2739 χρεία
944 2670 1082 2741 πρὸς
1107 2671 1201 2726 τὸν
1224 2673 1466 2747 σωθῆναι
1489 2675 1733 2734 θέλοντα.

159 2757 218 2809 '0
264 2758 377 2829 γὰρ
430 2758 638 2831 λῃστὴς
686 2763 745 2815 ὲν
789 2765 929 2835 ῥοπῇ
965 2764 1144 2838 ἐσώθη
1174 2769 1490 2835 πιστεύσας,
1527 2772 1739 2827 καὶτὸν

146 2848 498 2920 ἀδαπάνητον
557 2851 832 2925 θησαυρὸν
890 2854 991 2925 τῆς
1037 2857 1315 2927 βασιλείας
1362 2861 1640 2933 ὲκέρδανε.
1671 2866 1736 2919 Οί

148 2940 294 3007 ἆγιοι
338 2942 642 3015 μάρτυρες,
688 2947 747 2999 ἐν
778 2948 879 3018 μιᾷ
921 2945 1044 3019 ὥρα
1087 2950 1503 3022 ἑδικαιώθησαν,
1536 2956 1734 3011 ἐκεῖνοι

145 3032 206 3084 τὸ
254 3027 399 3103 αἷμα
451 3034 736 3101 δεδώκασι,
787 3038 853 3091 σὺ
894 3038 1015 3093 ἀντὶ
1060 3041 1292 3112 αἵματος
1320 3044 1601 3118 κατάφερε
1642 3048 1736 3103 δά-

147 3141 310 3192 κρυα.
352 3126 619 3197 Ἀψευδὴς
661 3128 692 3182 ὁ
728 3128 920 3198 λέγων,
962 3131 1114 3186 Θέλω
1160 3134 1370 3201 πάντας
1413 3138 1735 3211 ἀνθρώπους

146 3216 412 3287 σωθῆναι.
446 3218 538 3271 Διὸ
572 3219 635 3273 οὐ
669 3220 829 3289 μόνον
864 3222 974 3276 ἀπὸ
1000 3225 1110 3278 τῶν
1139 3225 1301 3280 θείων
1341 3228 1574 3300 Γραφῶν
1609 3250 1732 3287 νουο
1756 3254 1800 3312 C
1834 3242 2029 3300 instrui

145 3308 311 3373 θετεῖ,
360 3309 503 3363 ἀλλὰ
538 3311 635 3364 καὶ
663 3314 724 3365 ἑν
752 3317 877 3378 ταῖς
901 3315 1012 3369 τῶν
1043 3317 1222 3372 ἀλλων
1258 3326 1567 3394 συμφοραῖς
1601 3343 1731 3378 παι-

142 3399 288 3454 δεύει
328 3403 502 3473 ήμᾶς.
537 3405 600 3457 Oi
643 3405 752 3476 γάρ
797 3407 974 3478 ἰατροὶ
1011 3409 1099 3463 διά
1147 3411 1307 3466 τοῦτο
1349 3417 1731 3488 χειρουργοῦσι

142 3490 404 3564 δημοσίᾳ,
430 3493 525 3545 καὶ⁸
547 3494 782 3560 καίουσι,
808 3498 903 3550 καὶ
930 3498 1187 3570 ἄρχοντες
1214 3502 1408 3573 ὑψηλοὶ
1433 3507 1526 3561 ἐπὶ
1551 3508 1617 3579 βή
1626 3527 1733 3579 μα-

142 3599 234 3646 τος
255 3583 468 3655 ὐψηλοῦ
502 3584 797 3657 καθήμενοι
827 3587 1058 3655 ξέουσιν,
1093 3592 1178 3646 ἴνα
1203 3594 1261 3646 ὲν
1289 3598 1402 3661 τοῖς
1431 3597 1730 3672 ἀλλοτρίοις

144 3677 337 3739 κακοῖς
366 3677 532 3747 ἡμεῖς
562 3678 620 3730 ὲν
642 3680 934 3746 κατανύξει
964 3682 1276 3756 γενώμεθα,
1301 3687 1426 3742 ὅθεν
1446 3692 1731 3765 ἐπιστηρι-

142 3764 386 3836 ζόμενοι,
416 3769 511 3822 ἐπὶ
531 3769 629 3840 τὴν
652 3770 855 3838 γνῶσιν
874 3773 1237 3846 ὁδηγούμεθα,
1261 3780 1372 3834 ἀπὸ
1388 3780 1446 3834 δὲ
1469 3783 1569 3854 τῆς
1588 3784 1730 3853 γνώ-

144 3874 283 3921 σεως
314 3859 407 3912 διὰ
436 3859 547 3913 τῶν
578 3861 887 3917 ἀκολούθων
908 3866 1120 3936 ἀρετῶν
1140 3869 1234 3921 ἐπὶ
1258 3870 1358 3941 τὴν
1384 3873 1607 3946 ἀγάπην
1632 3877 1726 3948 ἐρ-

141 3950 386 4020 χόμενοι,
428 3952 500 4005 δι’
534 3953 703 4024 αὐτῆς
731 3956 824 4008 ἐπὶ
853 3956 954 4028 τὴν
981 3958 1347 4033 κληρονομίαν
1369 3967 1725 4039 ἐπειγόμεθα,

138 4046 239 4114 τὴν
285 4046 391 4116 μὲν
432 4047 713 4119 ἁμαρτίαν
757 4050 1136 4123 ἀποδυόμενοι,
1177 4056 1237 4109 τὸ
1267 4057 1325 4110 δὲ
1367 4060 1595 4130 κόσμιον
1630 4063 1726 4116 τοῦ

139 4136 303 4205 ἤθους
338 4140 796 4210 ἀμφιεννύμενοι,
832 4145 899 4213 τῇ
930 4148 1207 4217 προσευχῇ
1254 4153 1727 4222 προσκαρτεροῦν-

135 4242 250 4292 τες,
301 4227 381 4292 ώς
428 4229 759 4303 γέγραπται.
810 4233 907 4297 Τίς
958 4236 1067 4306 γάρ
1119 4239 1476 4311 ἀγρυπνήσας
1514 4244 1725 4316 ἐτρώθη

138 4318 306 4385 «ore;
338 4320 517 4385 οὐδεὶς
556 4321 662 4394 γὰρ
687 4327 986 4395 ἀγρυπνῶν
1023 4327 1230 4401 ὲσλάδη
1256 4332 1411 4385 ποτέ·
1441 4335 1491 4387 οί
1526 4337 1727 4406 ποιμέ-

134 4426 225 4473 νες
264 4412 361 4464 καὶ
408 4412 485 4483 μὴ
520 4415 805 4484 παρόντων
845 4415 1024 4472 λύκων
1055 4421 1441 4494 ἐφεστήκασινο
1480 4428 1531 4480 οἱ
1564 4429 1727 4495 κύνες

134 4503 635 4573 παρακολουθοῦσι,
677 4508 781 4562 κᾶν
808 4509 884 4580 μὴ
912 4515 1061 4583 παρῇ
1101 4514 1170 4567 τά
1199 4516 1384 4588 θηρία.
1420 4518 1585 4575 Ὅθεν
1623 4540 1724 4577 κα-

1847 2044 2208 2103 mortitlcans.
2249 2047 2376 2106 Dies
2404 2053 2548 2107 enim
2584 2055 2797 2113 Domini
2834 2061 2979 2117 sicut
3026 2062 3115 2119 fur
3144 2064 3313 2123 venit.
3369 2067 3429 2124 Si

1845 2138 2220 2207 repetentibus
2267 2143 2506 2198 animam
2558 2148 2741 2206 dicere
2791 2154 3060 2225 coeperis:
3116 2154 3290 2213 Sinite
3340 2174 3429 2214 me

1843 2230 2127 2298 [)(Bllilel'e,
2176 2230 2464 2304 jejunabo,
2510 2240 2851 2300 miserebor:
2919 2245 3064 2303 dicet
3116 2246 3423 2307 Dominus:

1843 2320 1961 2375 Non
2017 2323 2267 2380 audisti:
2313 2327 2691 2387 Pmcitentiam
2756 2337 2918 2407 agile,
2987 2344 3424 2414 appropinquavit

1840 2412 1980 2465 enim
2003 2428 2221 2483 regnum
2248 2417 2497 2473 calorum
2526 2421 2610 2476 "l
2664 2424 2729 2479 Et
2762 2424 2965 2485 Paulus
2994 2431 3209 2487 dicebat
3234 2412 3266 2490 :7
3284 2433 3424 2490 Dum

1843 2515 2043 2577 tempus
2076 2509 2349 2577 habemus,
2393 2530 2668 2585 operemur
2720 2520 2912 2576 bonum
2972 2525 3041 2584 ⁸⁸.
3100 2526 3218 2583 Non
3273 2529 3419 2586 enim

1839 2607 2080 2669 tempore
2110 2604 2282 2659 multo
2328 2621 2467 2676 opus
2495 2618 2579 2665 est
2608 2612 2819 2669 salvare
2882 2630 2943 2672 se
2978 2618 3202 2678 volenti.
3256 2621 3421 2679 Latro

1837 2692 1984 2746 enirn
2038 2694 2094 2748 in
2113 2708 2393 2754 momento
2417 2702 2658 2760 salvatus
2706 2716 2813 2770 est,
2843 2709 3001 2766 ﬁdem
3050 2713 3300 2786 adeptus,
3364 2730 3420 2775 et

1838 2784 2219 2857 incorruptum
2270 2794 2421 2863 regni
2454 2796 2770 2854 thesaurum
2799 2801 3044 2862 lucratus
3072 2784 3173 2864 est.
3229 2808 3417 2868 Sancti

1837 2886 2105 2947 martyres
2138 2895 2247 2935 una
2276 2881 2411 2938 hora
2438 2885 2723 2954 justiﬂcati
2752 2901 2917 2947 sunt:
2964 2894 3039 2951 illi
3092 2901 3415 2971 sanguinem

1834 2967 2124 3037 dederunt,
2157 2979 2214 3026 tu
2249 2988 2348 3044 pro
2400 2980 2668 3047 sanguine
2701 2980 2878 3040 deduc
2926 2967 3221 3060 lacryntas:
3293 2993 3415 3052 Non

1835 3062 2096 3117 mentitur
2146 3066 2241 3136 qui
2294 3069 2447 3135 dicit,
2494 3070 2630 3127 Volo
2680 3091 2875 3134 omnes
2927 3079 3179 3140 homines
3231 3088 3417 3145 salvos

1836 3151 1996 3207 ﬁeri:
2047 3166 2329 3227 propterea
2355 3178 2462 3216 non
2494 3173 2706 3222 tantum
2761 3185 2826 3224 ex
2857 3171 3059 3230 divinis
3116 3175 3415 3251 Scripturis

2035 3259 2076 3313 t,
2111 3265 2298 3307 verum
2326 3263 2379 3310 et
2405 3255 2599 3315 alienis
2632 3277 2731 3317 nos
2758 3265 2938 3321 erudit
2981 3268 3409 3334 calamitatibus.

1832 3334 1967 3391 Nam
2016 3339 2222 3398 idcirco
2252 3346 2446 3402 medici
2484 3351 2696 3420 publice
2742 3355 3078 3427 chirurgiam
3131 3378 3410 3434 exercent.

1828 3433 1885 3478 et
1922 3438 2128 3485 urunt:
2161 3441 2217 3486 et
2255 3437 2611 3506 magistratus
2645 3444 2909 3503 sublimes
2933 3465 3095 3521 super
3143 3456 3256 3512 alto
3316 3473 3409 3516 se-

1828 3518 2023 3575 dentes
2058 3523 2324 3581 tribunali
2376 3544 2498 3585 reos
2526 3534 2763 3601 caedunt,
2793 3547 2851 3593 ut
2896 3540 2949 3594 in
2999 3518 3193 3601 alienis
3250 3546 3411 3607 malis

1829 3623 1932 3663 nos
1958 3609 2013 3665 in
2035 3618 2508 3685 compunctionem
2562 3626 2865 3696 veniamus,
2914 3633 3057 3690 unde
3082 3634 3282 3694 ﬁrmati
3350 3643 3407 3699 in

1827 3702 2114 3760 scientiam
2140 3707 2428 3778 ducamur,
2465 3730 2494 3768 a
2530 3718 2756 3775 scientia
2789 3737 2919 3777 vero
2952 3740 3047 3795 per
3074 3742 3409 3804 consequen-

1829 3804 1909 3851 tes
1934 3799 2163 3858 virtutes
2188 3802 2254 3857 ad
2295 3805 2617 3864 charitatem
2653 3813 2955 3881 venientes,
2992 3835 3088 3890 per
3111 3799 3285 3893 ipsam
3336 3828 3407 3883 ad

1829 3889 2194 3947 hereditatem
2231 3893 2579 3966 festinemus,
2611 3914 2892 3972 peccatum
2940 3889 3161 3980 quidem
3234 3933 3408 3975 exua-

1829 3994 1971 4046 tnus,
2007 3997 2219 4039 morum
2282 3998 2462 4044 autem
2527 3996 2951 4055 moderationem
3008 4002 3304 4065 induamus
3351 4012 3405 4068 in

1826 4074 2075 4129 oratione
2105 4091 2541 4148 perseverantes,
2596 4086 2738 4143 sicut
2767 4092 3031 4162 scriptum
3070 4107 3156 4153 est
3179 4098 3246 4156 ".
3269 4101 3406 4169 Quis

1823 4161 1967 4215 enim
1990 4163 2220 4233 vigilans
2249 4183 2487 4239 unquam
2525 4173 2841 4233 vulneratus
2867 4161 2994 4236 est?
3018 4182 3210 4245 Nullus
3256 4161 3404 4248 enim

1825 4252 2051 4321 vigilans
2084 4272 2324 4327 unquam
2359 4262 2519 4319 laesus
2536 4265 2915 4327 est.Pastores
2941 4275 3103 4330 etiam
3137 4294 3245 4335 non
3265 4297 3405 4351 pra:-

1824 4346 2071 4402 sentibus
2097 4348 2241 4420 lupis
2272 4355 2584 4423 praesident,
2651 4375 2816 4417 canes
2875 4379 3200 4439 sequuntur,
3265 4346 3407 4431 licet

1826 4436 1953 4492 fera:
1974 4454 2083 4494 non
2113 4442 2312 4498 adsint.
2335 4444 2488 4502 Unde
2514 4454 2729 4521 expedit
2756 4436 2971 4527 semper
2998 4436 3400 4537 sobrie-agere:

1826 4542 1949 4581 nam
1976 4530 2141 4585 etiam
2172 4533 2219 4588 si
2268 4534 2517 4593 laborum
2574 4543 2720 4598 nulla
2778 4545 2851 4601 sit
2900 4551 3209 4621 retributio,
3239 4530 3400 4615 vnibil

132 4593 223 4644 λδν
254 4594 323 4647 τὸ
353 4596 587 4650 πάντοτε
618 4599 828 4668 νήφειν·
862 4602 968 4655 κᾶν
996 4606 1103 4676 γάρ
1151 4606 1227 4678 μὴ
1264 4609 1469 4683 ἀμοιϐὴ
1514 4608 1583 4684 ἦν
1614 4615 1725 4669 τῶν

2594 4593 2720 4598 ηπ
2778 4593 2850 4601 _--
2900 4593 3209 4621 ---...,......,
3264 4593 3400 4615 .......

1834 4620 1924 4673 tibi
1959 4625 2178 4679 nocebit
2204 4632 2546 4689 exercitatio.
2582 4636 2723 4691 Audi
2756 4637 2923 4709 igitur
2940 4641 3114 4701 bonos
3145 4648 3403 4705 consilia-

133 4684 338 4751 πόνων,
388 4688 544 4741 οὐδέν
584 4706 644 4742 σε
688 4692 1039 4763 παραδλάψει
1082 4697 1143 4749 τὸ
1171 4700 1490 4771 γυμνάσιον.
1523 4706 1723 4761 ΙἌκουε.

129 4777 317 4830 τοίνυν
360 4778 473 4831 τῶν
499 4781 682 4834 καλῶν
712 4784 1055 4853 συμϐούλων,
1087 4784 1195 4842 τῶν
1223 4792 1367 4846 κατά
1401 4795 1578 4865 σάρκα
1623 4816 1719 4868 γο-

130 4870 291 4931 νέων,
319 4870 372 4923 οἳ
413 4872 555 4925 κατά
589 4873 810 4944 πνεῦμά
839 4877 945 4930 εἰσι
988 4879 1463 4956 ηδεμονέστεροι,
1497 4903 1720 4959 συμπα-

127 4958 360 5021 θοῦντες
385 4962 500 5024 τοῖς
524 4961 933 5037 ἀσθενεστέροις
975 4970 1070 5022 καὶ
1103 4969 1376 5039 λέγοντεςο
1410 4976 1506 5042 Τίς
1537 4958 1716 5035 ἀσθε-

126 5050 241 5114 νεῖ,
271 5049 377 5103 καὶ
412 5054 523 5105 οὐκ
552 5053 824 5119 deﬂeri);
850 5056 1017 5112 ὀθεν
1040 5060 1125 5114 δεῖ
1145 5063 1411 5118 ἐπιθεῖναι
1439 5066 1534 5121 τοῦ
1559 5070 1718 5139 λόγου

126 5140 185 5191 τὸ
221 5142 547 5213 φάρμακον.
574 5145 735 5218 Ψυχὴ
773 5149 884 5220 γὰρ
912 5151 1061 5217 ἀπαξ
1089 5154 1365 5226 ἁμαρτίας
1385 5162 1715 5234 γευσαμένη,

126 5232 225 5284 καὶ
283 5232 512 5299 ἀλύπως
556 5236 881 5303 διατεθεῖσα,
927 5242 1131 5315 πολλὴν
1176 5247 1404 5318 παρέχει
1451 5252 1528 5321 τῷ
1553 5232 1715 5325 νοσήή-

127 5340 264 5392 ματι
282 5324 388 5395 τὴν
409 5327 748 5401 προσθήκην.
759 5330 968 5404 Ὥσπερ
994 5335 1102 5406 γάρ
1123 5337 1381 5409 σπινθὴρ,
1413 5342 1712 5420 ἑάνφθάσῃ

124 5413 491 5469 ἑπιλαῦἑσθαι
521 5415 673 5487 ὕλης,
705 5420 882 5475 πάντα
912 5421 1098 5478 λοιπὸν
1141 5429 1526 5500 κατανέμεται,
1573 5413 1716 5490 οῦτώ

124 5506 223 5558 καὶ
256 5506 363 5576 τῆς
408 5508 685 5579 ἁμαρτίας
730 5515 763 5583 η
794 5514 976 5583 φύσις,
1006 5518 1226 5573 ἐπειδὰν
1258 5521 1369 5574 τῶν
1408 5526 1506 5594 τῆς
1537 5525 1714 5600 ψυχῆς

120 5597 458 5667 ὲπιλάΰηται
487 5601 785 5675 λογισμῶν,
819 5608 914 5661 καὶ
943 5610 1136 5682 μηδεὶς
1233 5614 1263 5666 ὁ
1294 5615 1583 5684 σϐεννύων,
1612 5597 1709 5693 χαο

196 5758 245 5791 ⁸⁸
280 5759 633 5858 ξί-ιιιιθὶιικξ..
789 5770 880 5858 “il
913 5774 1039 5858 (Eur.
1083 5780 1297 5858 vu,__52‘.
1376 5783 1420 5815 "
1457 5785 1600 5840 Psal.
1637 5806 1820 5858 csvm,
1870 5796 1986 5854 Ιθ-ί.

119 5828 220 5884 lat.
283 5847 361 5897 vn,
424 5834 508 5888 10.
583 5836 771 5894 “Act.
808 5857 869 5910 ll,
921 5828 1035 5903 i2.
1085 5828 1371 5909 "Hyllvtl'or.
1406 5828 1601 5920 ιιι-,Ξῖ

1817 4897 1970 4954 ribus
2002 4905 2420 4972 compatientes,
2454 4918 2508 4964 et
2543 4912 2820 4969 dicentes:
2886 4914 3019 4984 Quis
3070 4920 3393 4992 inﬁrmatur,

1814 4999 1865 5041 et
1925 5008 2018 5060 ego
2084 5010 2185 5048 non
2246 4998 2487 5067 inﬁrmor
2514 5003 2605 5058 "?
2662 5007 2804 5062 unde
2861 5012 3013 5066 verbi
3070 5014 3394 5072 medicinam

1824 5081 2102 5152 imponere
2173 5092 2443 5149 convenit.
2505 5096 2700 5153 Anima
2761 5115 2993 5171 namque
3059 5121 3181 5175 qua:
3228 5111 3396 5166 semel

1821 5187 2100 5244 peccatum
2166 5187 2419 5251 gustavit,
2470 5198 2525 5245 et
2571 5192 2693 5247 sine
2747 5195 2960 5251 tristitia
3000 5207 3112 5265 est,
3167 5203 3393 5260 multam

1817 5263 1974 5319 aﬁ‘ert
2006 5270 2194 5323 morbo
2227 5277 2621 5334 accessionem.
2657 5281 2811 5339 Sicut
2857 5287 3002 5341 enim
3063 5291 3296 5349 scintilla
3345 5297 3393 5351 si

1820 5358 2102 5414 materiam
2120 5366 2526 5433 apprehendere
2542 5379 3022 5446 praeoccupaverit,
3046 5383 3229 5438 omnia
3246 5394 3396 5454 post-

1817 5450 2038 5505 modum
2070 5453 2315 5525 depascit
2344 5478 2356 5513 :
2394 5462 2475 5517 sic
2509 5473 2563 5517 et
2610 5467 2816 5534 peccati
2866 5480 3078 5538 natura,
3107 5450 3392 5546 ροειιίιιδιιι

1820 5538 2017 5593 anima:
2047 5543 2403 5613 cogitationes
2441 5554 2882 5623 apprehenderit,
2939 5569 2994 5614 et
3041 5538 3135 5633 qui
3181 5538 3388 5621 exstin-

1817 5637 1948 5697 guat
1980 5627 2143 5689 fuerit
2172 5652 2368 5693 uento:
2413 5640 2680 5699 diﬂicilior
2712 5645 2876 5701 luerit
2897 5647 3035 5718 jam,
3058 5627 3139 5707 vet
3176 5655 3263 5710 vix
3294 5674 3390 5712 su-

2066 5801 2111 5834 ³⁸
2145 5802 2163 5857 Ι
2202 5805 2389 5863 Thess.
2422 5826 2472 5873 ι’,
2509 5810 2591 5867 l7.
2672 5814 2712 5847 ³⁵³
2746 5813 2936 5872 Matth.
2964 5832 3047 5885 ιιι,
3075 5819 3128 5873 2.
3206 5819 3251 5850 ⁵ο
3283 5819 3392 5876 Ga-
