4112 6416
685 338 821 404 1975

1588 336 1912 398 JOANNIS
1953 337 2474 400 JEJUNANORIS
2493 339 2602 401 ΟΡ.
2629 339 2983 400 ARCIIIEP.
3841 333 3968 399 1976

681 443 938 516 perabilis
965 442 1024 498 lit
1048 441 1390 514 sequentium
1417 445 1756 509 accessione,
1785 445 1850 499 ad
1888 446 2151 517 majorem
2202 461 2258 501 se

2361 447 2651 519 λεπωτέρα
2689 447 2875 501 λοιπὸν
2917 447 3016 502 καὶ
3068 446 3432 518 δυσχείρωτος
3472 446 3699 515 γίνεται
3745 446 3821 516 τῇ
3866 444 3967 498 tris

679 544 1050 606 cantemptum
1080 534 1364 590 extollens.
1400 533 1475 589 Ita
1523 537 1724 605 saepius
1783 535 1854 591 ab
1908 537 2067 591 initio
2108 537 2266 591 llam-

685 645 830 684 Inam
864 629 1085 700 quidam
1122 643 1228 683 non
1281 628 1800 699 exstinguentes,in
1852 643 2112 698 maguum
2168 631 2263 683 de-

680 735 878 775 venere
921 719 1268 790 naufragium
1311 735 1326 773 :
1365 736 1474 776 non
1511 721 1719 778 habens
1776 723 1922 778 enim
1978 732 2262 793 peccatum

679 828 740 865 se
786 812 1014 866 ulterius
1072 814 1365 882 procedere
1423 815 1822 884 prohibentem,
1885 831 2028 887 equo
2085 816 2266 874 simile

683 914 788 967 est,
823 905 918 974 qui
945 905 1162 960 frenum
1187 906 1485 976 abruperit,
1543 917 1890 964 ctsessorem
1961 909 2264 979 prmcipita-

689 995 850 1049 verit.
881 993 1092 1048 Etenim
1126 994 1325 1048 inhi-mi
1365 995 1542 1049 donec
1576 997 1915 1051 medicantes
1938 995 2260 1060 admittunt,

679 1087 912 1143 multam
948 1087 1148 1141 habent
1174 1101 1324 1156 spent
1356 1086 1652 1142 sanitatis:
1707 1098 1991 1158 postquam
2025 1101 2155 1142 vero
2205 1088 2260 1140 in

679 1181 876 1236 mentis
905 1179 1287 1235 alienationem
1307 1179 1625 1246 deciderint,
1662 1180 2090 1238 immedicabiles
2111 1192 2259 1246 sunt,

678 1275 830 1328 nullo
864 1281 1113 1334 curante.
1145 1289 1253 1328 non
1315 1283 1531 1343 propter
1591 1273 1768 1328 morbi
1827 1281 2103 1338 naturam,
2165 1275 2259 1330 sed

676 1375 898 1436 propter
928 1365 1168 1422 curantis
1205 1365 1531 1419 absentiam.
1562 1363 1788 1434 Oportet
1810 1365 1994 1435 igitur
2050 1366 2258 1435 peccati

676 1457 1108 1526 corruptionem,
1151 1457 1297 1509 velut
1318 1470 1520 1524 equum
1551 1455 1810 1508 etfrcnem
1847 1455 1901 1508 in
1954 1455 2258 1524 posteriora

679 1549 882 1620 repelli.
916 1548 1047 1602 Nam
1081 1555 1204 1617 post
1241 1547 1362 1602 vitae
1392 1547 1550 1600 linem
1578 1560 1754 1616 neque
1783 1556 1932 1601 recte
1959 1545 2253 1613 factorum,

677 1659 854 1716 neque
910 1635 1299 1713 praeclarorum
1351 1642 1656 1698 facinorum
1712 1652 1843 1697 sunt
1895 1641 2256 1696 occasiones:

675 1737 818 1789 sicut
867 1749 968 1789 nec
995 1735 1214 1788 athletis
1250 1742 1370 1804 post
1406 1741 1681 1787 transacta
1715 1733 2042 1797 certamina,
2099 1748 2257 1786 coro-

677 1841 775 1879 nas
807 1824 1166 1894 adipiscendi.
1211 1824 1364 1879 Unde
1414 1838 1639 1878 corona:
1696 1822 1928 1892 gloriam
1978 1832 2254 1892 optantes,

674 1916 900 1970 obnoxii
950 1915 1438 1971 calumniatoribus
1469 1929 1592 1970 esse
1645 1913 1958 1984 fugiamus:
1996 1911 2056 1968 Si
2103 1914 2255 1983 cujus

673 2010 811 2063 enim
840 2025 992 2079 opus,
1025 2009 1221 2080 inquit,
1248 2009 1459 2074 arserit,
1501 2006 1880 2062 detrimentum
1927 2008 2159 2078 patietur
2184 2006 2252 2063 ⁸³.

676 2100 1004 2170 Exprobrari
1034 2099 1102 2156 de
1147 2101 1402 2155 deteriori
1439 2101 1643 2155 dictum
1672 2109 1779 2164 est,
1825 2110 1993 2170 atque
2046 2102 2256 2154 utinam

675 2196 872 2249 liatnus
902 2195 1025 2266 igne
1057 2193 1350 2248 combusti.
1387 2193 1443 2244 Si
1477 2193 1645 2262 igitur
1665 2192 1827 2246 nobis
1857 2192 2111 2246 nolumus
2161 2208 2258 2245 ex-

673 2289 914 2361 probari,
947 2303 1015 2342 ne
1070 2303 1170 2343 nos
1214 2288 1450 2358 cuipiam
1515 2287 1924 2356 exprobremus.
1983 2283 2119 2339 Nam
2177 2285 2260 2339 in-

673 2384 826 2452 quit:
858 2380 986 2435 Noli
1015 2383 1375 2450 improperare
1413 2380 1615 2433 homini
1662 2379 1914 2433 avertenti
1958 2394 2013 2433 se
2044 2394 2079 2430 α
2135 2393 2257 2448 pec-

674 2489 794 2531 cato
826 2476 888 2531 ".
943 2477 999 2529 Si
1025 2477 1198 2538 enim,
1234 2474 1464 2538 adulter,
1494 2474 1692 2541 inquit,
1718 2489 1837 2526 cum
1866 2481 2051 2541 captus
2073 2471 2254 2540 fuerit,

673 2569 878 2624 dolores
900 2579 948 2622 et
977 2584 1152 2630 poenas
1168 2566 1371 2635 stt/fert,
1405 2566 1568 2635 ipsius
1593 2574 1769 2619 autem
1795 2563 2131 2634 opprobrium
2155 2580 2258 2618 non

674 2663 934 2715 delebitur
962 2661 1010 2691 "
1040 2679 1055 2714 :
1086 2669 1288 2728 quanto
1314 2657 1562 2728 magisin
1581 2657 1792 2727 judicio
1825 2658 1936 2718 illo.
1968 2658 2113 2727 quod
2158 2671 2258 2711 ne-

673 2768 779 2823 que
796 2751 1092 2812 donis.'nec
1109 2751 1233 2805 ullis
1265 2751 1387 2805 aliis
1434 2751 1596 2804 rebus
1614 2749 1889 2805 subitur?
1915 2749 2082 2819 Igitur
2125 2765 2256 2816 ape-

674 2848 720 2899 ri
759 2861 820 2898 os
851 2854 1002 2897 tuum
1028 2846 1192 2896 verbo
1219 2839 1330 2900 Dei.
1357 2852 1412 2896 et
1444 2856 1510 2894 ne
1541 2839 1716 2894 otiose
1739 2840 2001 2910 loquaris.
2030 2838 2087 2893 Si
2109 2839 2254 2894 enim

673 2935 740 2989 de
760 2935 938 2989 otioso
956 2933 1118 2987 verbo
1133 2946 1324 3002 poenas
1341 2931 1616 2996 dabimus,
1640 2938 1847 3000 quanto
1880 2931 2050 3000 magis
2063 2930 2132 2985 de
2165 2947 2258 2984 ne-

675 3026 822 3097 gotio
854 3024 1131 3093 nonjnxta
1167 3021 1480 3076 mandatum
1501 3019 1766 3090 peracto?
1793 3019 1871 3074 Ne
1897 3019 2058 3091 igitur
2091 3035 2259 3073 vana-

675 3132 796 3171 rum
818 3130 997 3170 rerum
1021 3112 1333 3183 jucunditas
1366 3127 1467 3166 nos
1488 3109 1782 3182 aliquando
1813 3111 2068 3180 decipiat.
2106 3109 2257 3165 Sicut

672 3207 816 3263 enim
841 3207 1089 3261 umbram
1127 3203 1529 3275 apprehendere
1565 3217 1674 3256 non
1708 3201 1889 3265 datur,
1923 3204 1994 3256 ita
2029 3216 2130 3256 nec
2159 3202 2261 3255 hu-

675 3313 835 3352 mana
877 3297 1095 3365 negotia
1128 3313 1142 3349 :
1199 3294 1451 3364 quaedam
1509 3293 1653 3348 enim
1682 3293 1801 3346 sine
1833 3295 1940 3347 line
1971 3292 2259 3365 resolvun-

676 3400 786 3452 tur,
821 3389 1069 3459 quaedam
1101 3394 1282 3439 autem
1311 3394 1437 3438 ante
1465 3385 1649 3446 linem,
1675 3392 1728 3437 et
1755 3391 1992 3438 torrente
2018 3384 2260 3438 velocius

680 3479 1073 3552 prwterlluuut.
1109 3475 1317 3530 Futura
1340 3489 1467 3529 vero
1493 3489 1601 3529 non
1635 3483 1840 3529 norunt
1869 3475 2255 3536 mutationem.

677 3581 953 3629 senectam
1007 3570 1276 3633 nesciunt,
1309 3566 1518 3620 nullam
1565 3567 1764 3622 habent
1819 3567 2256 3633 conversionem,

676 3664 771 3719 sed
811 3676 1025 3731 semper
1049 3661 1249 3730 vigent,
1304 3669 1360 3714 et
1387 3658 1440 3712 in
1470 3657 1717 3728 speciosa
1749 3658 2014 3714 varietate
2044 3673 2260 3730 perma-

677 3765 832 3810 nent.
881 3753 994 3807 Nec
1023 3751 1282 3822 pecunias
1311 3750 1621 3816 admireris,
1651 3764 1774 3821 quae
1795 3750 1936 3820 apud
1967 3765 2255 3820 possesso-

679 3862 767 3901 res
803 3860 913 3899 non
975 3855 1315 3913 permanent,
1343 3842 1434 3896 sed
1469 3842 1722 3895 dominos
1788 3850 2023 3906 mutant,
2081 3853 2134 3896 et
2190 3840 2260 3895 ab

680 3941 784 3993 hoc
812 3938 878 3992 ad
904 3937 1135 3990 alterum
1165 3935 1498 4001 transiliunt,
1532 3945 1695 4002 atque
1725 3934 1794 3986 ab
1830 3933 1922 3986 illo
1973 3947 2165 3986 rursus
2189 3931 2257 3986 ad

679 4030 846 4083 alium
873 4046 886 4082 :
920 4028 1034 4081 haec
1063 4027 1248 4081 omnia
1272 4025 1537 4094 despuere
1554 4023 1807 4078 convenit
1833 4041 1848 4077 :
1879 4022 2076 4076 sullicit
2111 4023 2257 4078 cnim

680 4123 857 4175 solum
888 4135 1012 4174 eum
1042 4119 1251 4181 audire,
1302 4119 1395 4188 qui
1448 4116 1578 4171 dicit
1634 4115 1780 4185 quod
1849 4132 1966 4185 qua:
2016 4115 2260 4168 uidentur

681 4209 992 4280 .emporalia
1023 4217 1196 4262 sunt:
1251 4222 1368 4276 qua:
1422 4222 1540 4260 vero
1605 4222 1707 4258 non
1758 4205 2019 4271 ridentur,
2061 4217 2260 4259 a'terna

677 4307 799 4352 sunt
833 4297 902 4350 ³⁸.
971 4295 1244 4365 Scriptum
1304 4303 1441 4347 est:
1495 4291 1633 4345 Deus
1676 4290 1878 4360 judex,
1925 4291 2145 4360 justus,
2207 4300 2259 4346 et

680 4392 856 4460 fortis,
909 4398 959 4442 et
1009 4385 1326 4457 longanimis
1356 4385 1426 4439 ⁸⁷.
1459 4382 1750 4454 Vigilantia
1771 4383 1866 4436 tibi
1895 4397 2030 4452 opus
2059 4393 2162 4448 est,
2197 4393 2259 4438 ut

2363 540 2634 611 δευτέρων
2665 540 2976 611 προσθήκῃ,
3001 538 3141 609 πρὸς
3174 537 3398 608 μείζονα
3427 537 3863 607 καταφρόνησιν
3885 539 3966 589 ὲκ.

2363 631 2646 702 αιρομίνη.
2683 629 2843 684 Οὕτω
2868 629 3128 692 πολλάκις
3161 630 3313 699 παρά
3338 629 3440 699 τὴν
3464 627 3652 699 ἀρχὴν
3698 627 3768 679 οὺ
3797 628 3964 696 φλόγα

2364 723 2710 787 σϐεννύοντες
2738 740 2901 787 τινες,
2942 725 3025 786 είς
3067 722 3327 790 ναυᾶγιον
3377 722 3523 791 μέγα
3574 722 3960 789 κατήντηεαικ.

2362 816 2454 885 Μὴ
2495 815 2695 884 ἔχουσα
2736 815 2845 883 γὰρ
2891 815 2924 884 ἡ
2963 812 3209 883 ἁμαρτία
3252 813 3347 866 τὸν
3396 814 3590 884 πρόσω
3638 811 3962 881 προϐαίνειν

2363 906 2664 967 κωλύοντα,
2699 907 2853 975 ἵππῳ
2890 906 3033 958 ἔοικε
3059 905 3153 957 τὸν
3180 903 3398 974 χαλινὸν
3424 903 3849 974 ἀπορῤήξαντι,
3877 900 3962 953 καὶ

2361 999 2451 1052 τὸν
2505 998 2785 1068 ἀναϐάτην
2837 999 3220 1068 κρημνίσαντι.
3278 996 3390 1049 Καὶ
3416 997 3527 1066 γάρ
3573 996 3627 1047 οἱ
3680 989 3961 1054 νοσοῦντες

2361 1090 2466 1152 ἕως
2495 1090 2596 1160 μὲν
2624 1090 2907 1160 προΐενται
2931 1091 3057 1152 τοὺς
3081 1088 3508 1158 θεραπεύοντας,
3540 1085 3765 1156 πολλὴν
3792 1085 3959 1154 ἒχουεπ

2359 1182 2458 1250 τῆς
2483 1181 2695 1250 ὑγιείας
2721 1181 2822 1252 τὴν
2845 1181 3053 1234 ἐλπίδα·
3082 1182 3219 1233 ὲπάν
3238 1179 3294 1233 δὲ
3320 1182 3400 1243 εἰς
3427 1180 3692 1249 φρενῖτιν
3715 1176 3961 1246 ἐμπέσω-

2361 1290 2468 1336 σιν,
2510 1273 2731 1327 ἀνίατόν
2777 1273 2947 1337 ἐστιν,
2980 1272 3191 1335 οὐδενὸς
3231 1271 3665 1343 θεραπεύοντος,
3710 1270 3779 1323 οὐ
3827 1269 3962 1338 παρὰ

2358 1367 2456 1434 τὴν
2487 1363 2590 1434 τῆς
2620 1364 2778 1418 νόσου
2805 1363 2989 1433 φύσιν,
3022 1363 3161 1418 ἀλλά
3189 1364 3341 1433 παρὰ
3373 1365 3471 1433 τὴν
3493 1361 3596 1415 τοῦ
3621 1359 3960 1432 θεραπεύον-

2357 1473 2449 1517 τος
2480 1456 2741 1527 ἐρημίαν.
2783 1459 2877 1509 Δεῖ
2901 1451 2996 1509 οὖν
3019 1455 3118 1526 τὴν
3147 1455 3355 1525 φθορὰν
3390 1455 3491 1525 τῆς
3525 1454 3833 1524 ἁμαρτίας
3864 1452 3961 1506 ὦσ-

2359 1563 2466 1617 περ
2527 1547 2694 1599 ἵππον
2757 1545 3007 1616 δυσηνιον
3054 1546 3136 1607 εἰς
3183 1545 3252 1599 τά
3303 1546 3478 1599 ὀπίσω
3524 1543 3960 1613 ἀνακρούεσθαι.

2357 1638 2515 1693 Μετά
2555 1639 2665 1710 γὰρ
2698 1637 2794 1691 τοῦ
2829 1638 2944 1708 βίου
2987 1636 3260 1708 τελευτὴν,
3303 1637 3430 1691 οὔτε
3473 1636 3958 1708 κατορθωμάτων,

2357 1729 2481 1785 οὔτε
2535 1728 3040 1800 ἀνδραγαθημάτων
3085 1731 3223 1783 εἰσὶν
3274 1731 3546 1800 ἀφορμαὶ,
3604 1729 3816 1797 cbo-mp
3847 1729 3957 1780 οὔτε

2357 1825 2470 1887 τοῖς
2502 1821 2761 1894 ἀθληταῖς
2792 1822 2932 1892 μετά
2974 1822 3036 1876 τὸ
3067 1822 3357 1894 παρελθεῖν
3397 1824 3524 1885 τοὺς
3561 1821 3804 1889 ἀγῶνας
3848 1823 3961 1883 τοπ

2360 1913 2659 1984 στεφάνους
2705 1912 3056 1983 ἐφέλκεσθαι.
3093 1914 3258 1968 Ὅθεν
3308 1917 3408 1986 τὴν
3447 1914 3616 1980 δόξαν
3663 1912 3960 1976 ποθοῦντες

2357 2006 2453 2060 τοῦ
2505 2009 2796 2076 στεφάνου,
2825 2008 3092 2082 φύγωμεν
3135 2008 3198 2060 τὸ
3237 2007 3634 2078 ὀνειδισθῆναι.
3686 2008 3770 2060 ει
3809 2024 3961 2072 τινος

2357 2098 2490 2168 γὰρ,
2526 2098 2683 2170 φησὶ,
2725 2099 2794 2152 τὸ
2837 2099 3017 2168 ἔργον
3072 2097 3542 2162 κατακαήσεται,
3591 2097 3958 2166 ζημιωθήσε-

2357 2205 2472 2242 ται.
2506 2189 2578 2240 Τὸ
2615 2187 2976 2258 ὀνειδισθῆναι
3013 2187 3108 2242 ἐπὶ
3153 2185 3249 2241 τοῦ
3295 2188 3545 2258 χείρονος
3587 2188 3844 2257 εἰρηται·
3891 2187 3960 2249 ὡς

2357 2278 2546 2346 ὕφελον
2588 2279 2638 2330 εἰ
2670 2278 3014 2348 ἐγενήθημεν
3041 2279 3425 2349 πυρίκαυστοι.
3459 2278 3522 2330 Εἰ
3565 2279 3770 2330 τοίνυν
3799 2277 3958 2331 832w-

2361 2388 2462 2434 μεν
2507 2372 2582 2442 μὴ
2613 2369 2997 2439 ὀνειδισθῆναι,
3036 2369 3171 2441 μηδὲ
3206 2373 3369 2440 ἡμεῖς
3411 2387 3535 2423 τινα
3573 2369 3957 2439 ὀνειδίσωμεν·

2356 2464 2454 2532 Μὴ
2487 2464 2735 2525 ὀνείδιζε
2763 2463 2895 2534 γὰρ,
2921 2467 3108 2534 φησὶν,
3143 2464 3459 2532 ἄνθρωπον
3480 2465 3958 2535 ἀποστρέφοντα

2357 2555 2478 2612 ἀπὸ
2505 2559 2814 2626 ἁμαρτίας.
2847 2557 2909 2610 Εἰ
2942 2559 3051 2629 γὰρ
3092 2561 3124 2612 d
3148 2561 3385 2627 μοιχὸς,
3427 2562 3630 2628 φησιν,
3666 2560 3790 2613 ἐὰν
3818 2557 3957 2625 ἁλῷ,

2358 2649 2584 2716 ὀδύνας
2603 2649 2705 2704 καὶ
2755 2651 3033 2719 τιμωρίας
3086 2650 3396 2720 ὑποφέρει,
3454 2651 3525 2704 τὸ
3587 2650 3662 2705 δὲ
3733 2652 3960 2718 ὄνειδος

2357 2742 2547 2798 αὐτοῦ
2590 2745 2704 2796 οὐκ
2744 2742 3267 2812 ἐξαλειφθήσεταυ
3310 2744 3464 2812 πόσῳ
3502 2745 3728 2812 μᾶλλον
3753 2746 3960 2799 ἐκείνου

2357 2833 2454 2889 τοῦ
2487 2834 2801 2906 κριτηρίου,
2833 2835 2929 2888 τοῦ
2963 2835 3100 2906 μηδὲ
3133 2836 3351 2907 δώροις,
3403 2836 3541 2907 μηδὲ
3592 2837 3820 2906 ἑτέροις
3858 2839 3960 2890 τισὶ

2356 2926 2752 2996 διαλυομένους
2785 2927 2981 2980 Τοίνυν
3030 2927 3213 2995 ἄνοιγέ
3254 2945 3348 2980 σου
3384 2929 3563 2999 στόμα
3616 2929 3774 3001 λόγῳ
3808 2929 3960 2993 Θεοῦ,

2360 3019 2456 3071 καὶ
2486 3016 2563 3090 μὴ
2594 3017 2905 3090 ἀργολὸγειο
2936 3019 2986 3071 ei
3017 3017 3127 3090 γὰρ
3153 3021 3280 3090 περὶ
3308 3018 3482 3089 ἀργοῦ
3511 3019 3682 3087 λόγου
3716 3019 3961 3089 δώσομεν

2285 3137 2327 3192 c
2361 3109 2615 3173 εὐθύνας,
2644 3113 2798 3181 πόσῳ
2837 3110 3041 3180 μᾶλλον
3068 3111 3200 3181 περὶ
3227 3111 3556 3181 πράγματος
3583 3111 3690 3165 τοῦ
3729 3113 3811 3184 μὴ
3845 3116 3960 3166 κατ’

2362 3201 2583 3273 ἐντολὴν
2625 3202 3026 3272 γεγενημένους
3062 3203 3154 3274 Μὴ
3187 3200 3283 3257 οὖν
3313 3203 3374 3256 τὸ
3401 3203 3501 3274 ἡδὺ
3545 3203 3667 3257 τῶν
3697 3204 3963 3274 φαινομέ-

2360 3315 2466 3348 νων
2502 3296 2767 3349 ἀπατάτω
2816 3297 2981 3366 ὑμᾶς.
3036 3297 3246 3367 Ὠσπερ
3297 3297 3405 3366 γὰρ
3444 3299 3615 3360 σκιᾶς
3663 3299 3779 3351 οὐκ
3823 3300 3964 3353 ἐστιν

2359 3384 2736 3451 ἐπιλαϐέσθαι,
2762 3385 2932 3450 οὓτως
2962 3385 3085 3439 οὐδὲ
3121 3386 3231 3438 τῶν
3279 3387 3649 3458 ἀνθρωπίνων
3694 3391 3965 3461 πραγμά-

2358 3493 2488 3529 των·
2515 3477 2585 3531 τὰ
2623 3477 2724 3548 μὲν
2756 3477 2865 3550 γὰρ
2893 3480 2961 3548 τῇ
2995 3478 3224 3549 τελευτῇ
3263 3477 3623 3532 καταλύεται·
3653 3481 3732 3534 τὰ
3765 3482 3828 3535 δὲ
3866 3484 3966 3553 πρὸ

2359 3566 2462 3637 τῆς
2490 3567 2768 3638 τελευτῆς,
2799 3568 2896 3620 καὶ
2925 3568 3106 3621 πάντα
3138 3569 3444 3640 χειμάρρου
3475 3569 3965 3642 ὀξυῤῥεττὲστερον

2360 3661 2656 3732 παραρρεῖ.
2685 3661 2768 3714 Ta
2797 3660 2853 3714 δὲ
2883 3661 3149 3732 μέλλοντα
3191 3663 3296 3716 οὐκ
3336 3658 3447 3715 οἶδε
3478 3663 3833 3737 μεταϐολὴν,
3873 3669 3966 3720 οὐκ

2361 3753 2655 3806 ἐπίσταται
2699 3753 2900 3823 γῆρας,
2955 3753 3057 3806 οὐκ
3112 3753 3226 3823 ἔχει
3276 3755 3399 3808 τινὰ
3450 3753 3782 3820 ἀλλοίωσιν,

2359 3845 2599 3916 ἀκμάζει
2649 3845 2966 3910 διαπαντὸς,
3007 3847 3104 3901 καὶ
3151 3850 3209 3902 ἐν
3266 3848 3540 3911 ποικίλαις
3594 3851 3968 3921 εὐπρεπείαις

2357 3937 2625 4005 διαμένει.
2657 3937 2750 4008 Μὴ
2776 3937 3066 4010 θαυμάσῃς
3095 3940 3358 4010 χρήματα
3387 3939 3455 3994 τὰ
3488 3941 3567 4014 μὴ
3598 3946 3966 4013 παραμένον-

2358 4044 2428 4080 τα
2454 4029 2568 4090 τοῖς
2608 4029 2989 4099 κεκτημένοις,
3025 4028 3139 4082 ἀλλ’
3170 4029 3468 4100 ἀμείὸοντα
3493 4034 3631 4096 τοὺς
3665 4034 3966 4099 δεσπότας,

2361 4116 2456 4168 καὶ
2497 4117 2606 4170 ἀπὸ
2636 4117 2830 4171 τούτου
2857 4119 2940 4181 είς
2965 4119 3152 4188 ἕτερον
3179 4117 3609 4188 μεταπηδῶντα,
3646 4121 3758 4174 καὶ
3808 4124 3968 4177 πάλιν

2361 4209 2456 4261 ἀπ’
2495 4209 2704 4261 ἐκείνου
2761 4209 2900 4280 πρὸς
2930 4209 3110 4263 ἄλλον
3140 4209 3345 4264 τούτων
3392 4211 3624 4266 πάντων
3664 4213 3758 4266 δεῖ
3801 4233 3964 4269 κατα-

2362 4299 2571 4352 πτύειν·
2611 4300 2774 4370 ἀρκεῖ
2800 4301 2909 4372 γὰρ
2937 4300 3172 4355 ἀκοῦσαι
3205 4301 3370 4372 μόνου
3400 4301 3497 4354 τοῦ
3529 4303 3810 4371 λεγοντος
3842 4324 3858 4338 ·
3898 4307 3966 4359 Τὰ

2355 4391 2711 4460 βλεπόμενα
2739 4391 3096 4460 πρόσκαιρα,
3136 4393 3210 4446 τὰ
3231 4392 3301 4445 δὲ
3326 4391 3414 4461 μὴ
3434 4393 3822 4463 βλεπόμενα
3849 4397 3968 4449 aid»

679 4487 906 4537 domum
963 4489 1112 4533 tuam
1160 4495 1190 4533 a
1255 4476 1464 4532 latrone
1518 4475 1819 4530 custodias.
1900 4473 2258 4529 Adversarius

2362 4499 2482 4535 νια.
2528 4483 2882 4552 Γέγραπται·
2923 4483 2986 4536 '0
3033 4483 3178 4550 Θεὸς
3224 4484 3469 4554 κριτὴς,
3529 4485 3810 4553 δίκαιος,
3875 4490 3964 4541 καί

679 4568 827 4630 enim
872 4571 1128 4627 diabolus
1158 4579 1209 4624 te
1239 4568 1592 4639 supplantare
1628 4567 1843 4636 quaerit,
1877 4581 1944 4621 ne
1968 4567 2258 4620 ascendere

2366 4575 2637 4641 ὶσχιῳὸς,
2693 4575 2792 4626 καὶ
2835 4577 3242 4645 μακρόθυμος.
3287 4572 3642 4648 Ἃγρυπνίας
3685 4597 3781 4634 σοι
3815 4585 3967 4652 χρεία

681 4665 885 4736 possis,
911 4663 1055 4718 unde
1077 4661 1165 4716 ille
1193 4660 1387 4714 cecidit
1407 4659 1474 4712 ⁵³.
1507 4656 1686 4712 Multa:
1715 4666 1842 4711 sunt
1872 4657 2046 4726 ipsius
2079 4668 2258 4711 artes:

2365 4660 2588 4730 πολλῆς,
2617 4661 2704 4714 ἵνα
2732 4664 2982 4734 τηρήσῃς
3007 4680 3104 4716 σου
3141 4665 3241 4736 τὴν
3269 4666 3446 4719 οἰκίαν
3472 4666 3562 4719 διὰ
3593 4669 3695 4722 τὸν
3737 4671 3963 4744 λῃστήν.

682 4761 752 4813 ab
778 4759 899 4829 ipso
927 4756 1074 4825 fuge,
1108 4763 1166 4807 ut
1210 4752 1400 4806 dicas:
1437 4749 1559 4819 Ipse
1590 4749 1833 4802 liberabit
1865 4764 1945 4801 me
1970 4749 2035 4801 de
2074 4747 2258 4817 laqueo

2377 4751 2436 4805 '0
2465 4754 2574 4824 γὰρ
2605 4753 2876 4818 ἀντίδικός
2907 4773 3000 4810 σου
3030 4755 3276 4822 διάϐολος
3309 4758 3554 4813 σκελίσαι
3587 4777 3652 4814 σε
3683 4763 3963 4832 βούλεται,

683 4849 1007 4912 cenantium,
1050 4844 1326 4897 etaverbo
1351 4857 1537 4905 aspero
1579 4841 1644 4892 “.
1671 4839 1790 4893 Non
1845 4850 2055 4894 tantum
2123 4854 2258 4907 opus

2369 4845 2456 4898 ἵνα
2481 4845 2556 4916 μὴ
2586 4846 2837 4918 ἀνέλθῃς,
2867 4848 2992 4903 ὅθεν
3014 4849 3224 4912 ἐκεῖνος
3255 4850 3442 4906 ἔπεσε.
3472 4852 3684 4906 nam
3710 4856 3890 4909 αὐτοῦ
3913 4859 3964 4909 ai

683 4950 768 4994 est
853 4938 948 4994 tibi
1032 4936 1274 4997 lucerna,
1334 4949 1518 4988 verum
1573 4943 1626 4986 et
1679 4932 1881 4987 lumine
1931 4931 2258 5000 sempiterno

2368 4933 2616 5004 μεθοδίαι
2667 4938 2793 4988 εἰσί·
2844 4937 3014 5006 φεῦγε
3057 4941 3150 4992 ἀπ’
3190 4940 3382 5008 αὑτοῦ,
3407 4943 3497 4996 ἵνα
3537 4943 3739 5015 λέγῃς.
3774 4951 3962 5012 Αὐτὸς

686 5037 907 5099 propter
938 5025 1346 5080 occurrentium
1378 5023 1626 5077 insidias.
1675 5022 1847 5077 Pedes
1887 5023 2093 5076 habens
2149 5038 2258 5076 non

2358 5027 2614 5093 ῥύσεταί
2649 5044 2727 5096 με
2749 5029 2819 5082 ἐκ
2847 5030 3100 5099 παγίδος
3120 5033 3448 5100 θηρευτῶν,
3477 5037 3580 5089 καὶ
3613 5039 3742 5092 ἀπὸ
3776 5043 3962 5110 ,λόγου

687 5128 841 5189 potes
869 5117 1165 5178 ambulare,
1216 5114 1322 5169 nisi
1375 5115 1653 5168 lucernam
1683 5115 1885 5167 habeas
1920 5111 2012 5168 Dei
2048 5113 2256 5182 legem:

689 5223 883 5262 manus
915 5207 1121 5260 habens
1149 5220 1256 5258 non
1312 5213 1462 5273 potes
1497 5203 1739 5274 palpare,
1770 5203 1872 5258 nisi
1925 5205 2017 5257 lux
2078 5203 2259 5258 adsit:

688 5301 878 5354 oculos
921 5297 1128 5352 habens
1158 5311 1381 5351 cernere
1414 5311 1520 5350 non
1555 5307 1730 5366 potes,
1763 5297 1868 5350 nisi
1923 5297 2105 5351 lumen
2162 5311 2258 5366 ap-

690 5401 913 5462 pareat:
948 5390 1089 5442 viam
1120 5387 1360 5457 quotidie
1399 5388 1600 5457 pergis,
1636 5402 1775 5456 opus
1807 5387 1975 5442 habes
2008 5387 2256 5453 lucerna,

691 5501 759 5539 ne
809 5484 864 5537 iu
923 5480 1280 5552 praecipitium
1341 5481 1504 5534 cadas
1537 5480 1603 5534 °°.
1661 5477 1875 5549 Ubique
1925 5482 2002 5534 sis
2054 5481 2264 5550 laqueis

693 5574 964 5645 superior,
991 5573 1261 5627 clamans:
1304 5569 1713 5642 Transmigrnbo
1769 5572 1823 5625 in
1854 5583 2078 5627 montem
2121 5574 2258 5626 sicut

2364 5115 2767 5186 ταραχώδους.
2814 5121 2890 5172 υὺ
2925 5122 3086 5190 μόνον
3130 5120 3325 5193 λύχνου
3359 5142 3443 5179 σοι
3473 5128 3663 5197 χρεία,
3692 5130 3843 5183 ἀλλά
3874 5131 3958 5183 καὶ

2365 5209 2539 5277 φωτὸς
2566 5210 2760 5274 ἀϊδίου,
2787 5210 2876 5266 διὰ
2907 5214 3006 5272 τὰς
3031 5214 3400 5270 ἀπαντώντων
3427 5219 3762 5285 ἐπιϐουλάς.
3795 5224 3956 5284 Πάδος

2363 5299 2560 5368 ἔχουσα
2609 5301 2671 5353 οὺ
2717 5300 2942 5355 δύνασαι
2974 5308 3318 5374 περιπατεῖν,
3348 5307 3442 5360 ὲάν
3470 5310 3547 5379 μὴ
3580 5312 3719 5383 ἔχῃς
3768 5313 3957 5383 λύχνον

2361 5393 2454 5444 τὸν
2483 5391 2577 5444 τοῦ
2601 5391 2738 5446 Θεοῦ
2769 5393 2957 5464 νόμον*
2983 5398 3171 5465 χεῖρας
3205 5397 3406 5466 ἔχουσα
3427 5401 3490 5452 οὐ
3521 5399 3762 5456 δύνασαι
3793 5406 3957 5473 55:32.:-

2371 5485 2563 5554 φῆσαι,
2600 5485 2696 5538 ἐὰν
2730 5486 2806 5557 μὴ
2843 5487 2904 5540 τὸ
2937 5488 3050 5556 φῶς
3083 5490 3256 5560 παρῗγ
3288 5490 3607 5560 ὀφθαλμοὺς
3640 5494 3871 5564 ἔχοντα,
3900 5497 3956 5548 οὗ

2367 5574 2591 5629 δύνασαι
2641 5575 2879 5646 βλέπειν,
2916 5581 3012 5631 ἐὰν
3057 5579 3132 5650 μὴ
3177 5579 3345 5652 φαίνῃ
3402 5583 3539 5651 φὼς·
3581 5585 3708 5639 ὁδὸν

839 5752 1006 5834 Ιβυικ
1042 5769 1124 5834 ιιι,
1396 5752 1560 5834 fiet-li.
1593 5769 1706 5834 sui,
1873 5755 1916 5787 δδ
1946 5752 2106 5812 Prov.
2141 5770 2213 5823 vt,
2246 5755 2258 5810 ξ

2409 5755 2455 5788 ⁵⁵
2490 5756 2530 5812 ιι
2564 5755 2688 5812 Cor.
2716 5773 2788 5823 ιν,
2827 5757 2910 5812 18.
2985 5760 3030 5790 δῖ
3056 5758 3198 5816 i‘sul.
3236 5778 3327 5826 γη,
3365 5763 3445 5818 l2.
3523 5766 3571 5798 ⁵⁸
3599 5765 3618 5819 Ι
3648 5764 3802 5823 Pctr.
3838 5769 3951 5834 νβ.

691 5819 736 5852 ⁸⁸·
770 5820 910 5877 l‘sul.
941 5840 1026 5890 sc,
1062 5826 1112 5878 5.
1221 5825 1265 5856 εο
1301 5825 1438 5879 l'.~al.
1481 5839 1629 5887 cun,
1675 5824 1793 5883 5-7.
