  <div class='ocr_page' id='page_1' title='image "/cluster/home/n/w/nwhite01/storage/ocr_20150623/88/nnc1.0046980237/980.png"; bbox 0 0 4112 6416; ppageno 0'>
   <div class='ocr_carea' id='block_1_1' title="bbox 149 377 282 445">
    <p class='ocr_par' dir='ltr' id='par_1_1' title="bbox 149 377 282 445">
     <span class='ocr_line' id='line_1_1' title="bbox 149 377 282 445; baseline -0.023 -1"><span class='ocrx_word' id='word_1_1' title='bbox 149 377 282 445; x_wconf 75' lang='grc'><strong>1977</strong></span> 
     </span>
    </p>
   </div>
   <div class='ocr_carea' id='block_1_2' title="bbox 1294 378 2209 441">
    <p class='ocr_par' dir='ltr' id='par_1_2' title="bbox 1294 378 2209 441">
     <span class='ocr_line' id='line_1_2' title="bbox 1294 378 2209 441; baseline 0 -1"><span class='ocrx_word' id='word_1_2' title='bbox 1294 378 1550 441; x_wconf 82' lang='lat' dir='ltr'><strong>SERMO</strong></span> <span class='ocrx_word' id='word_1_3' title='bbox 1580 378 1680 440; x_wconf 86' lang='lat' dir='ltr'><strong>DE</strong></span> <span class='ocrx_word' id='word_1_4' title='bbox 1705 378 2209 441; x_wconf 71' lang='grc' dir='ltr'><strong>ΗΕΝΙΤΕΝΤΙΑ.</strong></span> 
     </span>
    </p>
   </div>
   <div class='ocr_carea' id='block_1_3' title="bbox 3236 377 3380 447">
    <p class='ocr_par' dir='ltr' id='par_1_3' title="bbox 3236 377 3380 447">
     <span class='ocr_line' id='line_1_3' title="bbox 3236 377 3380 447; baseline 0.028 -4"><span class='ocrx_word' id='word_1_5' title='bbox 3236 377 3380 447; x_wconf 75' lang='grc'><strong>1978</strong></span> 
     </span>
    </p>
   </div>
   <div class='ocr_carea' id='block_1_4' title="bbox 149 488 1705 564">
    <p class='ocr_par' dir='ltr' id='par_1_4' title="bbox 149 489 1705 564">
     <span class='ocr_line' id='line_1_4' title="bbox 149 489 1705 564; baseline -0.003 -13"><span class='ocrx_word' id='word_1_6' title='bbox 149 496 265 554; x_wconf 85' lang='grc' dir='ltr'><strong>καθ’</strong></span> <span class='ocrx_word' id='word_1_7' title='bbox 290 489 524 564; x_wconf 73' lang='grc' dir='ltr'><strong>ἑκάστην</strong></span> <span class='ocrx_word' id='word_1_8' title='bbox 564 490 800 564; x_wconf 77' lang='grc' dir='ltr'><strong>ἡμέραν,</strong></span> <span class='ocrx_word' id='word_1_9' title='bbox 840 492 1028 563; x_wconf 87' lang='grc' dir='ltr'><strong>χρείαν</strong></span> <span class='ocrx_word' id='word_1_10' title='bbox 1059 490 1203 564; x_wconf 69' lang='grc' dir='ltr'><strong>ἔχεις</strong></span> <span class='ocrx_word' id='word_1_11' title='bbox 1237 492 1334 546; x_wconf 79' lang='grc' dir='ltr'><strong>τοῦ</strong></span> <span class='ocrx_word' id='word_1_12' title='bbox 1372 492 1591 564; x_wconf 86' lang='grc' dir='ltr'><strong>λύχνου,</strong></span> <span class='ocrx_word' id='word_1_13' title='bbox 1621 493 1705 547; x_wconf 75' lang='grc' dir='ltr'><strong>ἵνα</strong></span> 
     </span>
    </p>
   </div>
   <div class='ocr_carea' id='block_1_5' title="bbox 1810 488 3375 564">
    <p class='ocr_par' dir='ltr' id='par_1_5' title="bbox 1810 488 3375 561">
     <span class='ocr_line' id='line_1_5' title="bbox 1810 488 3375 561; baseline 0 -17"><span class='ocrx_word' id='word_1_14' title='bbox 1810 505 1993 559; x_wconf 72' lang='lat' dir='ltr'><strong>passer</strong></span> <span class='ocrx_word' id='word_1_15' title='bbox 2020 491 2062 523; x_wconf 83' lang='grc'><strong>⁶¹</strong></span> <span class='ocrx_word' id='word_1_16' title='bbox 2092 508 2109 559; x_wconf 90' lang='lat'><strong>;</strong></span> <span class='ocrx_word' id='word_1_17' title='bbox 2138 498 2227 546; x_wconf 86' lang='lat' dir='ltr'><strong>et:</strong></span> <span class='ocrx_word' id='word_1_18' title='bbox 2261 488 2396 556; x_wconf 81' lang='lat' dir='ltr'><strong>Quis</strong></span> <span class='ocrx_word' id='word_1_19' title='bbox 2418 489 2568 546; x_wconf 83' lang='lat' dir='ltr'><strong>dabit</strong></span> <span class='ocrx_word' id='word_1_20' title='bbox 2588 489 2720 547; x_wconf 74' lang='lat' dir='ltr'><strong>mihi</strong></span> <span class='ocrx_word' id='word_1_21' title='bbox 2758 507 2977 561; x_wconf 72' lang='lat' dir='ltr'><strong>paruas,</strong></span> <span class='ocrx_word' id='word_1_22' title='bbox 3012 490 3148 547; x_wconf 70' lang='lat' dir='ltr'><strong>sicut</strong></span> <span class='ocrx_word' id='word_1_23' title='bbox 3174 493 3375 547; x_wconf 75' lang='lat' dir='ltr'><strong>colum-</strong></span> 
     </span>
    </p>
   </div>
   <div class='ocr_carea' id='block_1_6' title="bbox 144 582 1705 662">
    <p class='ocr_par' dir='ltr' id='par_1_6' title="bbox 144 583 1703 662">
     <span class='ocr_line' id='line_1_6' title="bbox 144 583 1703 662; baseline -0.003 -20"><span class='ocrx_word' id='word_1_24' title='bbox 144 591 219 662; x_wconf 74' lang='grc' dir='ltr'><strong>μὴ</strong></span> <span class='ocrx_word' id='word_1_25' title='bbox 256 590 335 652; x_wconf 79' lang='grc' dir='ltr'><strong>είς</strong></span> <span class='ocrx_word' id='word_1_26' title='bbox 370 584 616 657; x_wconf 77' lang='grc' dir='ltr'><strong>κρημνὸν</strong></span> <span class='ocrx_word' id='word_1_27' title='bbox 644 584 983 656; x_wconf 76' lang='grc' dir='ltr'><strong>καταπέσῃς·</strong></span> <span class='ocrx_word' id='word_1_28' title='bbox 1012 585 1244 639; x_wconf 83' lang='grc' dir='ltr'><strong>πάντοτε</strong></span> <span class='ocrx_word' id='word_1_29' title='bbox 1277 583 1428 654; x_wconf 87' lang='grc' dir='ltr'><strong>γίνου</strong></span> <span class='ocrx_word' id='word_1_30' title='bbox 1452 583 1703 656; x_wconf 71' lang='grc' dir='ltr'><strong>άνωτέρα</strong></span> 
     </span>
    </p>
   </div>
   <div class='ocr_carea' id='block_1_7' title="bbox 1810 582 3377 662">
    <p class='ocr_par' dir='ltr' id='par_1_7' title="bbox 1811 582 3377 655">
     <span class='ocr_line' id='line_1_7' title="bbox 1811 582 3377 655; baseline 0.004 -20"><span class='ocrx_word' id='word_1_31' title='bbox 1811 582 1889 637; x_wconf 70' lang='lat' dir='ltr'><strong>ba:</strong></span> <span class='ocrx_word' id='word_1_32' title='bbox 1911 591 1961 636; x_wconf 84' lang='lat' dir='ltr'><strong>et</strong></span> <span class='ocrx_word' id='word_1_33' title='bbox 2016 582 2203 638; x_wconf 80' lang='lat' dir='ltr'><strong>volabo</strong></span> <span class='ocrx_word' id='word_1_34' title='bbox 2226 592 2276 636; x_wconf 82' lang='lat' dir='ltr'><strong>et</strong></span> <span class='ocrx_word' id='word_1_35' title='bbox 2340 585 2662 655; x_wconf 72' lang='lat' dir='ltr'><strong>requiescam</strong></span> <span class='ocrx_word' id='word_1_36' title='bbox 2695 583 2781 638; x_wconf 70' lang='lat'><strong>“1’</strong></span> <span class='ocrx_word' id='word_1_37' title='bbox 2814 582 3021 654; x_wconf 77' lang='lat' dir='ltr'><strong>Pupilla</strong></span> <span class='ocrx_word' id='word_1_38' title='bbox 3072 586 3377 655; x_wconf 66' lang='lat' dir='ltr'><strong>appellatur</strong></span> 
     </span>
    </p>
   </div>
   <div class='ocr_carea' id='block_1_8' title="bbox 140 674 1700 746">
    <p class='ocr_par' dir='ltr' id='par_1_8' title="bbox 140 674 1700 746">
     <span class='ocr_line' id='line_1_8' title="bbox 140 674 1700 746; baseline -0.002 -13"><span class='ocrx_word' id='word_1_39' title='bbox 140 681 246 734; x_wconf 82' lang='grc' dir='ltr'><strong>τῶν</strong></span> <span class='ocrx_word' id='word_1_40' title='bbox 292 675 559 746; x_wconf 89' lang='grc' dir='ltr'><strong>παγίδων.</strong></span> <span class='ocrx_word' id='word_1_41' title='bbox 622 674 834 745; x_wconf 76' lang='grc' dir='ltr'><strong>βοῶσαο</strong></span> <span class='ocrx_word' id='word_1_42' title='bbox 884 674 1423 745; x_wconf 70' lang='grc' dir='ltr'><strong>Μεταναστήσομαι</strong></span> <span class='ocrx_word' id='word_1_43' title='bbox 1476 676 1576 730; x_wconf 71' lang='grc' dir='ltr'><strong>ἐπὶ</strong></span> <span class='ocrx_word' id='word_1_44' title='bbox 1626 674 1700 730; x_wconf 78' lang='grc' dir='ltr'><strong>τὰ</strong></span> 
     </span>
    </p>
   </div>
   <div class='ocr_carea' id='block_1_9' title="bbox 137 763 1695 838">
    <p class='ocr_par' dir='ltr' id='par_1_9' title="bbox 137 763 1695 838">
     <span class='ocr_line' id='line_1_9' title="bbox 137 763 1695 838; baseline -0.004 -13"><span class='ocrx_word' id='word_1_45' title='bbox 137 771 265 838; x_wconf 81' lang='grc' dir='ltr'><strong>ὅρη,</strong></span> <span class='ocrx_word' id='word_1_46' title='bbox 303 769 385 834; x_wconf 81' lang='grc' dir='ltr'><strong>ὡς</strong></span> <span class='ocrx_word' id='word_1_47' title='bbox 426 766 767 836; x_wconf 78' lang='grc' dir='ltr'><strong>στρουθίον·</strong></span> <span class='ocrx_word' id='word_1_48' title='bbox 805 765 903 819; x_wconf 80' lang='grc' dir='ltr'><strong>καί</strong></span> <span class='ocrx_word' id='word_1_49' title='bbox 928 767 1020 832; x_wconf 78' lang='grc' dir='ltr'><strong>τις</strong></span> <span class='ocrx_word' id='word_1_50' title='bbox 1046 764 1225 819; x_wconf 79' lang='grc' dir='ltr'>δώσει</span> <span class='ocrx_word' id='word_1_51' title='bbox 1248 782 1351 836; x_wconf 81' lang='grc' dir='ltr'><strong>μοι</strong></span> <span class='ocrx_word' id='word_1_52' title='bbox 1377 763 1695 837; x_wconf 64' lang='grc' dir='ltr'><strong>πτέρυγας,</strong></span> 
     </span>
    </p>
   </div>
   <div class='ocr_carea' id='block_1_10' title="bbox 134 855 1698 926">
    <p class='ocr_par' dir='ltr' id='par_1_10' title="bbox 134 855 1698 926">
     <span class='ocr_line' id='line_1_10' title="bbox 134 855 1698 926; baseline -0.003 -12"><span class='ocrx_word' id='word_1_53' title='bbox 134 858 277 914; x_wconf 80' lang='grc' dir='ltr'><strong>ὡσεί</strong></span> <span class='ocrx_word' id='word_1_54' title='bbox 316 856 692 926; x_wconf 73' lang='grc' dir='ltr'><strong>περιστερᾶς,</strong></span> <span class='ocrx_word' id='word_1_55' title='bbox 733 857 831 910; x_wconf 73' lang='grc' dir='ltr'><strong>καὶ</strong></span> <span class='ocrx_word' id='word_1_56' title='bbox 875 856 1351 925; x_wconf 77' lang='grc' dir='ltr'><strong>πετασθήσομαι,</strong></span> <span class='ocrx_word' id='word_1_57' title='bbox 1381 855 1480 911; x_wconf 73' lang='grc' dir='ltr'><strong>καὶ</strong></span> <span class='ocrx_word' id='word_1_58' title='bbox 1519 873 1698 911; x_wconf 81' lang='grc' dir='ltr'><strong>κατα-</strong></span> 
     </span>
    </p>
   </div>
   <div class='ocr_carea' id='block_1_11' title="bbox 134 948 1701 1021">
    <p class='ocr_par' dir='ltr' id='par_1_11' title="bbox 134 948 1701 1021">
     <span class='ocr_line' id='line_1_11' title="bbox 134 948 1701 1021; baseline -0.003 -15"><span class='ocrx_word' id='word_1_59' title='bbox 134 953 382 1013; x_wconf 80' lang='grc' dir='ltr'><strong>παύσω;</strong></span> <span class='ocrx_word' id='word_1_60' title='bbox 422 949 570 1021; x_wconf 79' lang='grc' dir='ltr'><strong>Κόρη</strong></span> <span class='ocrx_word' id='word_1_61' title='bbox 601 950 1071 1020; x_wconf 78' lang='grc' dir='ltr'><strong>προσαγορεύεται</strong></span> <span class='ocrx_word' id='word_1_62' title='bbox 1111 950 1142 1002; x_wconf 88' lang='lat'><strong>6</strong></span> <span class='ocrx_word' id='word_1_63' title='bbox 1168 948 1464 1021; x_wconf 81' lang='grc' dir='ltr'><strong>ὀφθαλμός·</strong></span> <span class='ocrx_word' id='word_1_64' title='bbox 1495 950 1582 1003; x_wconf 80' lang='grc' dir='ltr'><strong>ἵνα</strong></span> <span class='ocrx_word' id='word_1_65' title='bbox 1622 948 1701 1013; x_wconf 84' lang='grc' dir='ltr'><strong>ὡς</strong></span> 
     </span>
    </p>
   </div>
   <div class='ocr_carea' id='block_1_12' title="bbox 134 1041 1703 1116">
    <p class='ocr_par' dir='ltr' id='par_1_12' title="bbox 134 1041 1703 1116">
     <span class='ocr_line' id='line_1_12' title="bbox 134 1041 1703 1116; baseline -0.003 -18"><span class='ocrx_word' id='word_1_66' title='bbox 134 1044 315 1116; x_wconf 78' lang='grc' dir='ltr'><strong>ἐκείνη</strong></span> <span class='ocrx_word' id='word_1_67' title='bbox 336 1041 442 1097; x_wconf 79' lang='grc' dir='ltr'><strong>ὑπὸ</strong></span> <span class='ocrx_word' id='word_1_68' title='bbox 463 1042 557 1096; x_wconf 91' lang='grc' dir='ltr'><strong>δύο</strong></span> <span class='ocrx_word' id='word_1_69' title='bbox 580 1042 860 1113; x_wconf 78' lang='grc' dir='ltr'><strong>βλεφάρων</strong></span> <span class='ocrx_word' id='word_1_70' title='bbox 879 1042 954 1106; x_wconf 84' lang='grc' dir='ltr'><strong>ὡς</strong></span> <span class='ocrx_word' id='word_1_71' title='bbox 978 1042 1036 1095; x_wconf 77' lang='grc' dir='ltr'><strong>ἐν</strong></span> <span class='ocrx_word' id='word_1_72' title='bbox 1051 1059 1159 1097; x_wconf 84' lang='grc' dir='ltr'><strong>τινι</strong></span> <span class='ocrx_word' id='word_1_73' title='bbox 1188 1042 1556 1113; x_wconf 83' lang='grc' dir='ltr'><strong>κουϐουκλείῳ</strong></span> <span class='ocrx_word' id='word_1_74' title='bbox 1573 1043 1703 1096; x_wconf 83' lang='grc' dir='ltr'><strong>ἀπο-</strong></span> 
     </span>
    </p>
   </div>
   <div class='ocr_carea' id='block_1_13' title="bbox 130 1133 1700 1206">
    <p class='ocr_par' dir='ltr' id='par_1_13' title="bbox 130 1133 1700 1206">
     <span class='ocr_line' id='line_1_13' title="bbox 130 1133 1700 1206; baseline -0.004 -14"><span class='ocrx_word' id='word_1_75' title='bbox 130 1137 463 1201; x_wconf 81' lang='grc' dir='ltr'><strong>κέκλεισται,</strong></span> <span class='ocrx_word' id='word_1_76' title='bbox 488 1134 631 1188; x_wconf 78' lang='grc' dir='ltr'><strong>οὕτω</strong></span> <span class='ocrx_word' id='word_1_77' title='bbox 667 1136 764 1188; x_wconf 79' lang='grc' dir='ltr'><strong>καὶ</strong></span> <span class='ocrx_word' id='word_1_78' title='bbox 802 1136 838 1204; x_wconf 82' lang='grc' dir='ltr'><strong>ἡ</strong></span> <span class='ocrx_word' id='word_1_79' title='bbox 866 1133 1136 1206; x_wconf 79' lang='grc' dir='ltr'><strong>παρθένος</strong></span> <span class='ocrx_word' id='word_1_80' title='bbox 1175 1133 1449 1205; x_wconf 82' lang='grc' dir='ltr'><strong>διαμείνῃ.</strong></span> <span class='ocrx_word' id='word_1_81' title='bbox 1486 1133 1700 1205; x_wconf 82' lang='grc' dir='ltr'><strong>Ὥσπερ</strong></span> 
     </span>
    </p>
   </div>
   <div class='ocr_carea' id='block_1_14' title="bbox 130 1224 1705 1299">
    <p class='ocr_par' dir='ltr' id='par_1_14' title="bbox 130 1224 1705 1299">
     <span class='ocr_line' id='line_1_14' title="bbox 130 1224 1705 1299; baseline -0.004 -16"><span class='ocrx_word' id='word_1_82' title='bbox 130 1230 225 1283; x_wconf 69' lang='grc' dir='ltr'><strong>καὶ</strong></span> <span class='ocrx_word' id='word_1_83' title='bbox 250 1228 353 1299; x_wconf 70' lang='grc' dir='ltr'><strong>τὴν</strong></span> <span class='ocrx_word' id='word_1_84' title='bbox 378 1226 633 1297; x_wconf 88' lang='grc' dir='ltr'><strong>γλῶσσαν</strong></span> <span class='ocrx_word' id='word_1_85' title='bbox 661 1226 769 1281; x_wconf 83' lang='grc' dir='ltr'><strong>ὑπὸ</strong></span> <span class='ocrx_word' id='word_1_86' title='bbox 790 1226 885 1280; x_wconf 88' lang='grc' dir='ltr'><strong>δύο</strong></span> <span class='ocrx_word' id='word_1_87' title='bbox 908 1225 1199 1297; x_wconf 77' lang='grc' dir='ltr'><strong>φραγμῶν,</strong></span> <span class='ocrx_word' id='word_1_88' title='bbox 1222 1225 1331 1280; x_wconf 87' lang='grc' dir='ltr'><strong>τῶν</strong></span> <span class='ocrx_word' id='word_1_89' title='bbox 1352 1224 1580 1280; x_wconf 83' lang='grc' dir='ltr'><strong>ὀδόντων</strong></span> <span class='ocrx_word' id='word_1_90' title='bbox 1611 1224 1705 1277; x_wconf 81' lang='grc' dir='ltr'><strong>λέ-</strong></span> 
     </span>
    </p>
   </div>
   <div class='ocr_carea' id='block_1_15' title="bbox 1805 674 3373 747">
    <p class='ocr_par' dir='ltr' id='par_1_15' title="bbox 1805 674 3373 747">
     <span class='ocr_line' id='line_1_15' title="bbox 1805 674 3373 747; baseline 0.002 -20"><span class='ocrx_word' id='word_1_91' title='bbox 1805 675 2018 741; x_wconf 84' lang='lat' dir='ltr'><strong>oculus,</strong></span> <span class='ocrx_word' id='word_1_92' title='bbox 2048 685 2105 730; x_wconf 89' lang='lat' dir='ltr'><strong>ut</strong></span> <span class='ocrx_word' id='word_1_93' title='bbox 2138 674 2284 730; x_wconf 93' lang='lat' dir='ltr'><strong>sicut</strong></span> <span class='ocrx_word' id='word_1_94' title='bbox 2314 675 2404 729; x_wconf 89' lang='lat' dir='ltr'><strong>ille</strong></span> <span class='ocrx_word' id='word_1_95' title='bbox 2442 675 2655 730; x_wconf 86' lang='lat' dir='ltr'><strong>dnahus</strong></span> <span class='ocrx_word' id='word_1_96' title='bbox 2675 675 2947 747; x_wconf 78' lang='lat' dir='ltr'><strong>palpebris</strong></span> <span class='ocrx_word' id='word_1_97' title='bbox 2971 676 3115 731; x_wconf 90' lang='lat' dir='ltr'><strong>velut</strong></span> <span class='ocrx_word' id='word_1_98' title='bbox 3149 676 3203 731; x_wconf 92' lang='lat' dir='ltr'><strong>in</strong></span> <span class='ocrx_word' id='word_1_99' title='bbox 3236 690 3373 745; x_wconf 87' lang='lat' dir='ltr'><strong>quo-</strong></span> 
     </span>
    </p>
   </div>
   <div class='ocr_carea' id='block_1_16' title="bbox 1804 767 3375 837">
    <p class='ocr_par' dir='ltr' id='par_1_16' title="bbox 1804 767 3375 837">
     <span class='ocr_line' id='line_1_16' title="bbox 1804 767 3375 837; baseline -0.003 -14"><span class='ocrx_word' id='word_1_100' title='bbox 1804 767 1927 823; x_wconf 85' lang='lat' dir='ltr'><strong>dam</strong></span> <span class='ocrx_word' id='word_1_101' title='bbox 1954 767 2197 823; x_wconf 83' lang='lat' dir='ltr'><strong>conclavi</strong></span> <span class='ocrx_word' id='word_1_102' title='bbox 2251 767 2472 823; x_wconf 87' lang='lat' dir='ltr'><strong>clausus</strong></span> <span class='ocrx_word' id='word_1_103' title='bbox 2512 778 2616 834; x_wconf 89' lang='lat' dir='ltr'><strong>est,</strong></span> <span class='ocrx_word' id='word_1_104' title='bbox 2648 769 2721 822; x_wconf 88' lang='lat' dir='ltr'><strong>ita</strong></span> <span class='ocrx_word' id='word_1_105' title='bbox 2749 780 2804 823; x_wconf 88' lang='lat' dir='ltr'><strong>et</strong></span> <span class='ocrx_word' id='word_1_106' title='bbox 2859 768 3012 837; x_wconf 79' lang='lat' dir='ltr'><strong>virgo</strong></span> <span class='ocrx_word' id='word_1_107' title='bbox 3037 777 3375 837; x_wconf 74' lang='lat' dir='ltr'><strong>permaneat.</strong></span> 
     </span>
    </p>
   </div>
   <div class='ocr_carea' id='block_1_17' title="bbox 1806 857 3377 930">
    <p class='ocr_par' dir='ltr' id='par_1_17' title="bbox 1806 857 3377 930">
     <span class='ocr_line' id='line_1_17' title="bbox 1806 857 3377 930; baseline 0.002 -16"><span class='ocrx_word' id='word_1_108' title='bbox 1806 857 1960 914; x_wconf 90' lang='lat' dir='ltr'><strong>Sicut</strong></span> <span class='ocrx_word' id='word_1_109' title='bbox 2017 868 2072 914; x_wconf 94' lang='lat' dir='ltr'><strong>et</strong></span> <span class='ocrx_word' id='word_1_110' title='bbox 2120 858 2359 929; x_wconf 79' lang='lat' dir='ltr'><strong>linguam</strong></span> <span class='ocrx_word' id='word_1_111' title='bbox 2411 859 2516 913; x_wconf 91' lang='lat' dir='ltr'><strong>sub</strong></span> <span class='ocrx_word' id='word_1_112' title='bbox 2586 859 2801 915; x_wconf 90' lang='lat' dir='ltr'><strong>duobus</strong></span> <span class='ocrx_word' id='word_1_113' title='bbox 2872 862 3065 930; x_wconf 88' lang='lat' dir='ltr'><strong>septis,</strong></span> <span class='ocrx_word' id='word_1_114' title='bbox 3121 860 3377 917; x_wconf 88' lang='lat' dir='ltr'><strong>dentibus</strong></span> 
     </span>
    </p>
   </div>
   <div class='ocr_carea' id='block_1_18' title="bbox 1803 948 3379 1022">
    <p class='ocr_par' dir='ltr' id='par_1_18' title="bbox 1803 948 3379 1022">
     <span class='ocr_line' id='line_1_18' title="bbox 1803 948 3379 1022; baseline 0.002 -16"><span class='ocrx_word' id='word_1_115' title='bbox 1803 950 1945 1016; x_wconf 85' lang='lat' dir='ltr'><strong>dico,</strong></span> <span class='ocrx_word' id='word_1_116' title='bbox 2004 958 2056 1005; x_wconf 91' lang='lat' dir='ltr'><strong>et</strong></span> <span class='ocrx_word' id='word_1_117' title='bbox 2109 949 2268 1005; x_wconf 87' lang='lat' dir='ltr'><strong>labiis</strong></span> <span class='ocrx_word' id='word_1_118' title='bbox 2320 948 2460 1005; x_wconf 83' lang='lat' dir='ltr'><strong>Deus</strong></span> <span class='ocrx_word' id='word_1_119' title='bbox 2510 951 2798 1017; x_wconf 90' lang='lat' dir='ltr'><strong>conclusit,</strong></span> <span class='ocrx_word' id='word_1_120' title='bbox 2852 963 2914 1008; x_wconf 89' lang='lat' dir='ltr'><strong>ut</strong></span> <span class='ocrx_word' id='word_1_121' title='bbox 2971 961 3230 1022; x_wconf 86' lang='lat' dir='ltr'><strong>tanquam</strong></span> <span class='ocrx_word' id='word_1_122' title='bbox 3285 968 3379 1008; x_wconf 88' lang='lat' dir='ltr'><strong>ve-</strong></span> 
     </span>
    </p>
   </div>
   <div class='ocr_carea' id='block_1_19' title="bbox 1805 1041 3381 1115">
    <p class='ocr_par' dir='ltr' id='par_1_19' title="bbox 1805 1041 3381 1115">
     <span class='ocr_line' id='line_1_19' title="bbox 1805 1041 3381 1115; baseline 0.001 -18"><span class='ocrx_word' id='word_1_123' title='bbox 1805 1041 2045 1097; x_wconf 86' lang='lat' dir='ltr'><strong>recunda</strong></span> <span class='ocrx_word' id='word_1_124' title='bbox 2107 1041 2262 1110; x_wconf 83' lang='lat' dir='ltr'><strong>virgo</strong></span> <span class='ocrx_word' id='word_1_125' title='bbox 2317 1042 2392 1096; x_wconf 87' lang='lat' dir='ltr'><strong>nil</strong></span> <span class='ocrx_word' id='word_1_126' title='bbox 2443 1042 2794 1097; x_wconf 82' lang='lat' dir='ltr'><strong>indiscretum</strong></span> <span class='ocrx_word' id='word_1_127' title='bbox 2821 1044 3218 1115; x_wconf 84' lang='lat' dir='ltr'><strong>loquatur,sed</strong></span> <span class='ocrx_word' id='word_1_128' title='bbox 3279 1062 3381 1115; x_wconf 86' lang='lat' dir='ltr'><strong>po-</strong></span> 
     </span>
    </p>
   </div>
   <div class='ocr_carea' id='block_1_20' title="bbox 1808 1132 3379 1205">
    <p class='ocr_par' dir='ltr' id='par_1_20' title="bbox 1808 1132 3379 1205">
     <span class='ocr_line' id='line_1_20' title="bbox 1808 1132 3379 1205; baseline 0.002 -17"><span class='ocrx_word' id='word_1_129' title='bbox 1808 1134 1917 1188; x_wconf 92' lang='lat' dir='ltr'><strong>tius</strong></span> <span class='ocrx_word' id='word_1_130' title='bbox 1967 1132 2217 1204; x_wconf 82' lang='lat' dir='ltr'><strong>cogitans</strong></span> <span class='ocrx_word' id='word_1_131' title='bbox 2238 1148 2362 1203; x_wconf 67' lang='lat' dir='ltr'><strong>quae</strong></span> <span class='ocrx_word' id='word_1_132' title='bbox 2420 1144 2545 1189; x_wconf 88' lang='lat' dir='ltr'><strong>sunt</strong></span> <span class='ocrx_word' id='word_1_133' title='bbox 2570 1134 2785 1205; x_wconf 87' lang='lat' dir='ltr'><strong>jmlicii,</strong></span> <span class='ocrx_word' id='word_1_134' title='bbox 2832 1135 3009 1190; x_wconf 87' lang='lat' dir='ltr'><strong>dicat:</strong></span> <span class='ocrx_word' id='word_1_135' title='bbox 3044 1134 3235 1202; x_wconf 83' lang='lat' dir='ltr'><strong>Qualis</strong></span> <span class='ocrx_word' id='word_1_136' title='bbox 3288 1143 3379 1192; x_wconf 86' lang='lat' dir='ltr'><strong>est</strong></span> 
     </span>
    </p>
   </div>
   <div class='ocr_carea' id='block_1_21' title="bbox 1812 1224 3379 1296">
    <p class='ocr_par' dir='ltr' id='par_1_21' title="bbox 1812 1224 3379 1296">
     <span class='ocr_line' id='line_1_21' title="bbox 1812 1224 3379 1296; baseline 0 -15"><span class='ocrx_word' id='word_1_137' title='bbox 1812 1225 2006 1296; x_wconf 80' lang='lat' dir='ltr'><strong>igneus</strong></span> <span class='ocrx_word' id='word_1_138' title='bbox 2033 1224 2272 1280; x_wconf 80' lang='lat' dir='ltr'><strong>ﬂuvius?</strong></span> <span class='ocrx_word' id='word_1_139' title='bbox 2319 1226 2508 1294; x_wconf 82' lang='lat' dir='ltr'><strong>quales</strong></span> <span class='ocrx_word' id='word_1_140' title='bbox 2584 1228 2691 1282; x_wconf 70' lang='lat' dir='ltr'><strong>illa:</strong></span> <span class='ocrx_word' id='word_1_141' title='bbox 2745 1237 2875 1283; x_wconf 89' lang='lat' dir='ltr'><strong>sunt</strong></span> <span class='ocrx_word' id='word_1_142' title='bbox 2928 1230 3145 1282; x_wconf 81' lang='lat' dir='ltr'><strong>tandem</strong></span> <span class='ocrx_word' id='word_1_143' title='bbox 3206 1230 3379 1296; x_wconf 72' lang='lat' dir='ltr'><strong>ignea:</strong></span> 
     </span>
    </p>
   </div>
   <div class='ocr_carea' id='block_1_22' title="bbox 129 1316 1705 1390">
    <p class='ocr_par' dir='ltr' id='par_1_22' title="bbox 129 1317 1705 1390">
     <span class='ocr_line' id='line_1_22' title="bbox 129 1317 1705 1390; baseline -0.004 -15"><span class='ocrx_word' id='word_1_144' title='bbox 129 1340 211 1390; x_wconf 91' lang='grc' dir='ltr'><strong>γω</strong></span> <span class='ocrx_word' id='word_1_145' title='bbox 246 1320 344 1375; x_wconf 78' lang='grc' dir='ltr'><strong>καὶ</strong></span> <span class='ocrx_word' id='word_1_146' title='bbox 372 1320 482 1373; x_wconf 90' lang='grc' dir='ltr'><strong>τῶν</strong></span> <span class='ocrx_word' id='word_1_147' title='bbox 511 1319 755 1390; x_wconf 82' lang='grc' dir='ltr'><strong>χείλεων,</strong></span> <span class='ocrx_word' id='word_1_148' title='bbox 798 1320 1144 1385; x_wconf 81' lang='grc' dir='ltr'><strong>ἀπέκλεισεν,</strong></span> <span class='ocrx_word' id='word_1_149' title='bbox 1175 1319 1263 1373; x_wconf 85' lang='grc' dir='ltr'><strong>ῐνα</strong></span> <span class='ocrx_word' id='word_1_150' title='bbox 1306 1318 1384 1381; x_wconf 84' lang='grc' dir='ltr'><strong>ὼς</strong></span> <span class='ocrx_word' id='word_1_151' title='bbox 1431 1317 1705 1387; x_wconf 71' lang='grc' dir='ltr'><strong>αἰδέσιμος</strong></span> 
     </span>
    </p>
   </div>
   <div class='ocr_carea' id='block_1_23' title="bbox 1810 1316 3378 1390">
    <p class='ocr_par' dir='ltr' id='par_1_23' title="bbox 1816 1316 3378 1387">
     <span class='ocr_line' id='line_1_23' title="bbox 1816 1316 3378 1387; baseline 0.003 -14"><span class='ocrx_word' id='word_1_152' title='bbox 1816 1317 2055 1373; x_wconf 69' lang='lat' dir='ltr'><strong>tenebrae</strong></span> <span class='ocrx_word' id='word_1_153' title='bbox 2080 1316 2401 1372; x_wconf 71' lang='lat' dir='ltr'><strong>exteriores?</strong></span> <span class='ocrx_word' id='word_1_154' title='bbox 2423 1318 2604 1387; x_wconf 86' lang='lat' dir='ltr'><strong>qualis</strong></span> <span class='ocrx_word' id='word_1_155' title='bbox 2632 1319 2849 1374; x_wconf 78' lang='lat' dir='ltr'><strong>tandem</strong></span> <span class='ocrx_word' id='word_1_156' title='bbox 2876 1318 3076 1374; x_wconf 82' lang='lat' dir='ltr'><strong>stridor</strong></span> <span class='ocrx_word' id='word_1_157' title='bbox 3104 1318 3378 1379; x_wconf 80' lang='lat' dir='ltr'><strong>dentium?</strong></span> 
     </span>
    </p>
   </div>
   <div class='ocr_carea' id='block_1_24' title="bbox 130 1409 3378 1485">
    <p class='ocr_par' dir='ltr' id='par_1_24' title="bbox 130 1409 3378 1485">
     <span class='ocr_line' id='line_1_24' title="bbox 130 1409 3378 1485; baseline 0 -19"><span class='ocrx_word' id='word_1_158' title='bbox 130 1412 422 1484; x_wconf 72' lang='grc' dir='ltr'><strong>παρθένος.</strong></span> <span class='ocrx_word' id='word_1_159' title='bbox 441 1412 608 1483; x_wconf 84' lang='grc' dir='ltr'><strong>μηδὲν</strong></span> <span class='ocrx_word' id='word_1_160' title='bbox 626 1414 845 1484; x_wconf 77' lang='grc' dir='ltr'><strong>ἄκριτον</strong></span> <span class='ocrx_word' id='word_1_161' title='bbox 875 1411 1202 1484; x_wconf 80' lang='grc' dir='ltr'><strong>φθέγγηται,</strong></span> <span class='ocrx_word' id='word_1_162' title='bbox 1225 1411 1360 1465; x_wconf 82' lang='grc' dir='ltr'><strong>άλλά</strong></span> <span class='ocrx_word' id='word_1_163' title='bbox 1384 1410 1582 1481; x_wconf 78' lang='grc' dir='ltr'><strong>μᾶλλον</strong></span> <span class='ocrx_word' id='word_1_164' title='bbox 1594 1409 1880 1481; x_wconf 79' lang='grc' dir='ltr'><strong>προορῶσα</strong></span> <span class='ocrx_word' id='word_1_165' title='bbox 1891 1411 1960 1464; x_wconf 83' lang='grc' dir='ltr'><strong>τὰ</strong></span> <span class='ocrx_word' id='word_1_166' title='bbox 1982 1409 2081 1480; x_wconf 83' lang='grc' dir='ltr'><strong>τῆς</strong></span> <span class='ocrx_word' id='word_1_167' title='bbox 2109 1410 2339 1482; x_wconf 83' lang='grc' dir='ltr'><strong>κρίσεως</strong></span> <span class='ocrx_word' id='word_1_168' title='bbox 2355 1409 2510 1482; x_wconf 72' lang='grc' dir='ltr'><strong>λέγῃο</strong></span> <span class='ocrx_word' id='word_1_169' title='bbox 2540 1412 2682 1482; x_wconf 83' lang='grc' dir='ltr'><strong>Ἀρα</strong></span> <span class='ocrx_word' id='word_1_170' title='bbox 2699 1412 2938 1475; x_wconf 87' lang='grc' dir='ltr'><strong>ποταπός</strong></span> <span class='ocrx_word' id='word_1_171' title='bbox 2953 1414 3096 1465; x_wconf 72' lang='grc' dir='ltr'><strong>ἐστιν</strong></span> <span class='ocrx_word' id='word_1_172' title='bbox 3112 1414 3141 1467; x_wconf 93' lang='lat'><strong>6</strong></span> <span class='ocrx_word' id='word_1_173' title='bbox 3154 1411 3378 1485; x_wconf 77' lang='grc' dir='ltr'>πύρινος</span> 
     </span>
    </p>
   </div>
   <div class='ocr_carea' id='block_1_25' title="bbox 131 1490 3374 1578">
    <p class='ocr_par' dir='ltr' id='par_1_25' title="bbox 131 1490 3374 1578">
     <span class='ocr_line' id='line_1_25' title="bbox 131 1490 3374 1578; baseline -0 -17"><span class='ocrx_word' id='word_1_174' title='bbox 131 1507 408 1576; x_wconf 79' lang='grc' dir='ltr'><strong>ποταμόςς</strong></span> <span class='ocrx_word' id='word_1_175' title='bbox 453 1506 561 1578; x_wconf 80' lang='grc' dir='ltr'><strong>ἄρα</strong></span> <span class='ocrx_word' id='word_1_176' title='bbox 599 1505 842 1560; x_wconf 85' lang='grc' dir='ltr'><strong>ποταπόν</strong></span> <span class='ocrx_word' id='word_1_177' title='bbox 866 1508 1013 1559; x_wconf 75' lang='grc' dir='ltr'><strong>ἐστιν</strong></span> <span class='ocrx_word' id='word_1_178' title='bbox 1037 1507 1214 1559; x_wconf 78' lang='grc' dir='ltr'><strong>ἐκεῖνο</strong></span> <span class='ocrx_word' id='word_1_179' title='bbox 1236 1505 1300 1558; x_wconf 85' lang='grc' dir='ltr'><strong>τδ</strong></span> <span class='ocrx_word' id='word_1_180' title='bbox 1322 1504 1548 1577; x_wconf 80' lang='grc' dir='ltr'>πύρινον</span> <span class='ocrx_word' id='word_1_181' title='bbox 1577 1504 1765 1566; x_wconf 81' lang='grc' dir='ltr'><strong>σκότος</strong></span> <span class='ocrx_word' id='word_1_182' title='bbox 1798 1502 1891 1556; x_wconf 79' lang='grc' dir='ltr'><strong>καὶ</strong></span> <span class='ocrx_word' id='word_1_183' title='bbox 1927 1500 2217 1572; x_wconf 73' lang='grc' dir='ltr'><strong>ἐξώτερονς</strong></span> <span class='ocrx_word' id='word_1_184' title='bbox 2248 1502 2356 1572; x_wconf 83' lang='grc' dir='ltr'><strong>άρα</strong></span> <span class='ocrx_word' id='word_1_185' title='bbox 2385 1503 2626 1567; x_wconf 79' lang='grc' dir='ltr'><strong>ποταπὸς</strong></span> <span class='ocrx_word' id='word_1_186' title='bbox 2650 1506 2680 1557; x_wconf 98' lang='lat'><strong>6</strong></span> <span class='ocrx_word' id='word_1_187' title='bbox 2705 1503 2947 1575; x_wconf 77' lang='grc' dir='ltr'>βρυγμὸς</span> <span class='ocrx_word' id='word_1_188' title='bbox 2981 1503 3089 1557; x_wconf 86' lang='grc' dir='ltr'><strong>τῶν</strong></span> <span class='ocrx_word' id='word_1_189' title='bbox 3116 1490 3374 1560; x_wconf 72' lang='grc' dir='ltr'><strong>ὅδόντωνό</strong></span> 
     </span>
    </p>
   </div>
   <div class='ocr_carea' id='block_1_26' title="bbox 201 1597 1705 1675">
    <p class='ocr_par' dir='ltr' id='par_1_26' title="bbox 201 1601 1705 1675">
     <span class='ocr_line' id='line_1_26' title="bbox 201 1601 1705 1675; baseline -0.002 -18"><span class='ocrx_word' id='word_1_190' title='bbox 201 1603 391 1657; x_wconf 82' lang='grc' dir='ltr'><strong>Ταῦτα</strong></span> <span class='ocrx_word' id='word_1_191' title='bbox 427 1604 487 1656; x_wconf 84' lang='grc' dir='ltr'><strong>ὲν</strong></span> <span class='ocrx_word' id='word_1_192' title='bbox 512 1601 588 1673; x_wconf 84' lang='grc' dir='ltr'>νῷ</span> <span class='ocrx_word' id='word_1_193' title='bbox 610 1602 964 1672; x_wconf 88' lang='grc' dir='ltr'><strong>λαμϐάνουσα</strong></span> <span class='ocrx_word' id='word_1_194' title='bbox 989 1603 1190 1675; x_wconf 80' lang='grc' dir='ltr'><strong>ἄρεσκε</strong></span> <span class='ocrx_word' id='word_1_195' title='bbox 1221 1601 1301 1673; x_wconf 84' lang='grc' dir='ltr'><strong>τῷ</strong></span> <span class='ocrx_word' id='word_1_196' title='bbox 1328 1601 1548 1673; x_wconf 80' lang='grc' dir='ltr'><strong>νυμφίῳ</strong></span> <span class='ocrx_word' id='word_1_197' title='bbox 1571 1602 1705 1671; x_wconf 88' lang='grc' dir='ltr'><strong>Χρι-</strong></span> 
     </span>
    </p>
   </div>
   <div class='ocr_carea' id='block_1_27' title="bbox 1810 1597 3380 1675">
    <p class='ocr_par' dir='ltr' id='par_1_27' title="bbox 1882 1597 3380 1669">
     <span class='ocr_line' id='line_1_27' title="bbox 1882 1597 3380 1669; baseline 0 -16"><span class='ocrx_word' id='word_1_198' title='bbox 1882 1598 2009 1656; x_wconf 64' lang='lat' dir='ltr'><strong>llam</strong></span> <span class='ocrx_word' id='word_1_199' title='bbox 2063 1608 2244 1654; x_wconf 87' lang='lat' dir='ltr'><strong>mente</strong></span> <span class='ocrx_word' id='word_1_200' title='bbox 2301 1598 2617 1668; x_wconf 86' lang='lat' dir='ltr'><strong>concipiens</strong></span> <span class='ocrx_word' id='word_1_201' title='bbox 2685 1597 2845 1654; x_wconf 90' lang='lat' dir='ltr'><strong>stude</strong></span> <span class='ocrx_word' id='word_1_202' title='bbox 2913 1612 3118 1669; x_wconf 87' lang='lat' dir='ltr'><strong>sponso</strong></span> <span class='ocrx_word' id='word_1_203' title='bbox 3167 1597 3380 1667; x_wconf 87' lang='lat' dir='ltr'><strong>placere</strong></span> 
     </span>
    </p>
   </div>
   <div class='ocr_carea' id='block_1_28' title="bbox 134 1692 1706 1767">
    <p class='ocr_par' dir='ltr' id='par_1_28' title="bbox 134 1692 1706 1767">
     <span class='ocr_line' id='line_1_28' title="bbox 134 1692 1706 1767; baseline -0.003 -17"><span class='ocrx_word' id='word_1_204' title='bbox 134 1695 262 1767; x_wconf 82' lang='grc' dir='ltr'><strong>στῷ.</strong></span> <span class='ocrx_word' id='word_1_205' title='bbox 280 1695 589 1765; x_wconf 79' lang='grc' dir='ltr'><strong>Ἀπόδημος</strong></span> <span class='ocrx_word' id='word_1_206' title='bbox 620 1695 757 1758; x_wconf 80' lang='grc' dir='ltr'><strong>τέως</strong></span> <span class='ocrx_word' id='word_1_207' title='bbox 785 1694 922 1748; x_wconf 83' lang='grc' dir='ltr'><strong>ὲστί.</strong></span> <span class='ocrx_word' id='word_1_208' title='bbox 952 1693 1192 1759; x_wconf 70' lang='grc' dir='ltr'><strong>Φύλαξον</strong></span> <span class='ocrx_word' id='word_1_209' title='bbox 1232 1692 1383 1764; x_wconf 83' lang='grc' dir='ltr'><strong>αὐτῷ</strong></span> <span class='ocrx_word' id='word_1_210' title='bbox 1407 1692 1504 1764; x_wconf 77' lang='grc' dir='ltr'><strong>τὴν</strong></span> <span class='ocrx_word' id='word_1_211' title='bbox 1534 1692 1706 1747; x_wconf 82' lang='grc' dir='ltr'><strong>συνεί-</strong></span> 
     </span>
    </p>
   </div>
   <div class='ocr_carea' id='block_1_29' title="bbox 130 1783 1709 1858">
    <p class='ocr_par' dir='ltr' id='par_1_29' title="bbox 130 1783 1709 1858">
     <span class='ocr_line' id='line_1_29' title="bbox 130 1783 1709 1858; baseline -0.001 -18"><span class='ocrx_word' id='word_1_212' title='bbox 130 1788 306 1858; x_wconf 86' lang='grc' dir='ltr'><strong>δησιν,</strong></span> <span class='ocrx_word' id='word_1_213' title='bbox 340 1786 446 1849; x_wconf 73' lang='grc' dir='ltr'><strong>ἕως</strong></span> <span class='ocrx_word' id='word_1_214' title='bbox 478 1785 544 1840; x_wconf 83' lang='grc' dir='ltr'><strong>ἂν</strong></span> <span class='ocrx_word' id='word_1_215' title='bbox 569 1784 697 1856; x_wconf 73' lang='grc' dir='ltr'><strong>ἔλθῃ</strong></span> <span class='ocrx_word' id='word_1_216' title='bbox 741 1787 799 1838; x_wconf 72' lang='grc' dir='ltr'><strong>ἐν</strong></span> <span class='ocrx_word' id='word_1_217' title='bbox 832 1787 899 1855; x_wconf 74' lang='grc' dir='ltr'><strong>τῇ</strong></span> <span class='ocrx_word' id='word_1_218' title='bbox 934 1784 1060 1857; x_wconf 78' lang='grc' dir='ltr'><strong>δόξῃ</strong></span> <span class='ocrx_word' id='word_1_219' title='bbox 1089 1785 1275 1849; x_wconf 77' lang='grc' dir='ltr'><strong>αὑτοῦ,</strong></span> <span class='ocrx_word' id='word_1_220' title='bbox 1304 1783 1601 1854; x_wconf 80' lang='grc' dir='ltr'><strong>ψάλλουσα,</strong></span> <span class='ocrx_word' id='word_1_221' title='bbox 1643 1783 1709 1838; x_wconf 85' lang='grc' dir='ltr'><strong>Ἠ</strong></span> 
     </span>
    </p>
   </div>
   <div class='ocr_carea' id='block_1_30' title="bbox 129 1868 1703 1946">
    <p class='ocr_par' dir='ltr' id='par_1_30' title="bbox 129 1868 1703 1946">
     <span class='ocr_line' id='line_1_30' title="bbox 129 1868 1703 1946; baseline -0.005 -16"><span class='ocrx_word' id='word_1_222' title='bbox 129 1879 300 1946; x_wconf 69' lang='grc' dir='ltr'><strong>ψυχή</strong></span> <span class='ocrx_word' id='word_1_223' title='bbox 334 1892 458 1945; x_wconf 84' lang='grc' dir='ltr'><strong>μου</strong></span> <span class='ocrx_word' id='word_1_224' title='bbox 489 1875 559 1931; x_wconf 69' lang='grc' dir='ltr'><strong>ἐν</strong></span> <span class='ocrx_word' id='word_1_225' title='bbox 588 1875 719 1941; x_wconf 83' lang='grc' dir='ltr'><strong>ταῖς</strong></span> <span class='ocrx_word' id='word_1_226' title='bbox 747 1875 921 1944; x_wconf 83' lang='grc' dir='ltr'><strong>χερσί</strong></span> <span class='ocrx_word' id='word_1_227' title='bbox 946 1889 1064 1927; x_wconf 87' lang='grc' dir='ltr'><strong>σου</strong></span> <span class='ocrx_word' id='word_1_228' title='bbox 1093 1871 1440 1937; x_wconf 78' lang='grc' dir='ltr'><strong>διαπαντὸς,</strong></span> <span class='ocrx_word' id='word_1_229' title='bbox 1471 1869 1570 1923; x_wconf 75' lang='grc' dir='ltr'><strong>καί</strong></span> <span class='ocrx_word' id='word_1_230' title='bbox 1596 1868 1703 1923; x_wconf 82' lang='grc' dir='ltr'><strong>τοῦ</strong></span> 
     </span>
    </p>
   </div>
   <div class='ocr_carea' id='block_1_31' title="bbox 129 1960 1699 2038">
    <p class='ocr_par' dir='ltr' id='par_1_31' title="bbox 129 1960 1699 2038">
     <span class='ocr_line' id='line_1_31' title="bbox 129 1960 1699 2038; baseline -0.004 -17"><span class='ocrx_word' id='word_1_231' title='bbox 129 1969 316 2038; x_wconf 72' lang='grc' dir='ltr'><strong>νόμου</strong></span> <span class='ocrx_word' id='word_1_232' title='bbox 342 1985 462 2023; x_wconf 87' lang='grc' dir='ltr'><strong>σου</strong></span> <span class='ocrx_word' id='word_1_233' title='bbox 499 1970 609 2022; x_wconf 82' lang='grc' dir='ltr'><strong>οὐκ</strong></span> <span class='ocrx_word' id='word_1_234' title='bbox 633 1966 1033 2035; x_wconf 74' lang='grc' dir='ltr'><strong>ἐπελαθόμην.</strong></span> <span class='ocrx_word' id='word_1_235' title='bbox 1062 1964 1227 2018; x_wconf 85' lang='grc' dir='ltr'>Ὅσον</span> <span class='ocrx_word' id='word_1_236' title='bbox 1251 1964 1363 2019; x_wconf 83' lang='grc' dir='ltr'><strong>άνω</strong></span> <span class='ocrx_word' id='word_1_237' title='bbox 1393 1960 1699 2032; x_wconf 83' lang='grc' dir='ltr'><strong>τυγχάνεις,</strong></span> 
     </span>
    </p>
   </div>
   <div class='ocr_carea' id='block_1_32' title="bbox 129 2053 1702 2132">
    <p class='ocr_par' dir='ltr' id='par_1_32' title="bbox 129 2053 1702 2132">
     <span class='ocr_line' id='line_1_32' title="bbox 129 2053 1702 2132; baseline -0.006 -16"><span class='ocrx_word' id='word_1_238' title='bbox 129 2063 230 2116; x_wconf 81' lang='grc' dir='ltr'><strong>οὐκ</strong></span> <span class='ocrx_word' id='word_1_239' title='bbox 263 2060 562 2132; x_wconf 74' lang='grc' dir='ltr'><strong>ἐμπίπτεις</strong></span> <span class='ocrx_word' id='word_1_240' title='bbox 608 2061 687 2123; x_wconf 89' lang='grc' dir='ltr'><strong>εἰς</strong></span> <span class='ocrx_word' id='word_1_241' title='bbox 721 2059 819 2122; x_wconf 80' lang='grc' dir='ltr'><strong>τὰς</strong></span> <span class='ocrx_word' id='word_1_242' title='bbox 850 2057 1103 2125; x_wconf 82' lang='grc' dir='ltr'><strong>παγίδας,</strong></span> <span class='ocrx_word' id='word_1_243' title='bbox 1136 2055 1225 2110; x_wconf 76' lang='grc' dir='ltr'><strong>ἵνα</strong></span> <span class='ocrx_word' id='word_1_244' title='bbox 1255 2054 1487 2126; x_wconf 77' lang='grc' dir='ltr'><strong>δυνηθῇς</strong></span> <span class='ocrx_word' id='word_1_245' title='bbox 1523 2053 1702 2122; x_wconf 72' lang='grc' dir='ltr'><strong>λέγειν</strong></span> 
     </span>
    </p>
   </div>
   <div class='ocr_carea' id='block_1_33' title="bbox 131 2144 1701 2219">
    <p class='ocr_par' dir='ltr' id='par_1_33' title="bbox 131 2144 1701 2219">
     <span class='ocr_line' id='line_1_33' title="bbox 131 2144 1701 2219; baseline -0.006 -14"><span class='ocrx_word' id='word_1_246' title='bbox 131 2154 191 2207; x_wconf 81' lang='grc' dir='ltr'><strong>ὲν</strong></span> <span class='ocrx_word' id='word_1_247' title='bbox 221 2152 455 2207; x_wconf 75' lang='grc' dir='ltr'><strong>συνέσειο</strong></span> <span class='ocrx_word' id='word_1_248' title='bbox 504 2148 752 2219; x_wconf 66' lang='grc' dir='ltr'><strong>Ἡψυχή</strong></span> <span class='ocrx_word' id='word_1_249' title='bbox 804 2166 924 2218; x_wconf 84' lang='grc' dir='ltr'><strong>μου</strong></span> <span class='ocrx_word' id='word_1_250' title='bbox 971 2147 1052 2212; x_wconf 83' lang='grc' dir='ltr'><strong>ὡς</strong></span> <span class='ocrx_word' id='word_1_251' title='bbox 1091 2147 1411 2214; x_wconf 81' lang='grc' dir='ltr'><strong>στρουθίον</strong></span> <span class='ocrx_word' id='word_1_252' title='bbox 1441 2144 1701 2213; x_wconf 80' lang='grc' dir='ltr'><strong>ἐρῤύσθη</strong></span> 
     </span>
    </p>
   </div>
   <div class='ocr_carea' id='block_1_34' title="bbox 131 2234 1699 2315">
    <p class='ocr_par' dir='ltr' id='par_1_34' title="bbox 131 2234 1699 2315">
     <span class='ocr_line' id='line_1_34' title="bbox 131 2234 1699 2315; baseline -0.007 -16"><span class='ocrx_word' id='word_1_253' title='bbox 131 2247 200 2301; x_wconf 82' lang='grc' dir='ltr'><strong>ἐκ</strong></span> <span class='ocrx_word' id='word_1_254' title='bbox 244 2244 353 2314; x_wconf 82' lang='grc' dir='ltr'><strong>τῆς</strong></span> <span class='ocrx_word' id='word_1_255' title='bbox 388 2245 641 2315; x_wconf 80' lang='grc' dir='ltr'><strong>παγίδος</strong></span> <span class='ocrx_word' id='word_1_256' title='bbox 669 2243 791 2297; x_wconf 76' lang='grc' dir='ltr'><strong>τῶν</strong></span> <span class='ocrx_word' id='word_1_257' title='bbox 826 2242 1218 2309; x_wconf 74' lang='grc' dir='ltr'><strong>θηρευόντων.</strong></span> <span class='ocrx_word' id='word_1_258' title='bbox 1257 2240 1495 2294; x_wconf 79' lang='grc' dir='ltr'><strong>Πάντοτε</strong></span> <span class='ocrx_word' id='word_1_259' title='bbox 1532 2234 1699 2307; x_wconf 82' lang='grc' dir='ltr'><strong>φοϐοῦ</strong></span> 
     </span>
    </p>
   </div>
   <div class='ocr_carea' id='block_1_35' title="bbox 133 2330 1703 2409">
    <p class='ocr_par' dir='ltr' id='par_1_35' title="bbox 133 2330 1703 2409">
     <span class='ocr_line' id='line_1_35' title="bbox 133 2330 1703 2409; baseline -0.006 -17"><span class='ocrx_word' id='word_1_260' title='bbox 133 2338 221 2392; x_wconf 81' lang='grc' dir='ltr'><strong>τὸν</strong></span> <span class='ocrx_word' id='word_1_261' title='bbox 269 2338 502 2409; x_wconf 77' lang='grc' dir='ltr'><strong>Κριτὴν,</strong></span> <span class='ocrx_word' id='word_1_262' title='bbox 536 2336 629 2390; x_wconf 71' lang='grc' dir='ltr'><strong>καὶ</strong></span> <span class='ocrx_word' id='word_1_263' title='bbox 655 2336 705 2388; x_wconf 83' lang='grc' dir='ltr'><strong>εί</strong></span> <span class='ocrx_word' id='word_1_264' title='bbox 733 2333 807 2405; x_wconf 77' lang='grc' dir='ltr'><strong>μὴ</strong></span> <span class='ocrx_word' id='word_1_265' title='bbox 851 2334 988 2403; x_wconf 74' lang='grc' dir='ltr'><strong>μετὰ</strong></span> <span class='ocrx_word' id='word_1_266' title='bbox 1014 2333 1261 2402; x_wconf 81' lang='grc' dir='ltr'><strong>ἀγγέλων</strong></span> <span class='ocrx_word' id='word_1_267' title='bbox 1301 2330 1483 2393; x_wconf 79' lang='grc' dir='ltr'><strong>ποθεῖς</strong></span> <span class='ocrx_word' id='word_1_268' title='bbox 1507 2330 1703 2397; x_wconf 90' lang='grc' dir='ltr'><strong>διαγω-</strong></span> 
     </span>
    </p>
   </div>
   <div class='ocr_carea' id='block_1_36' title="bbox 132 2420 1703 2503">
    <p class='ocr_par' dir='ltr' id='par_1_36' title="bbox 132 2420 1703 2503">
     <span class='ocr_line' id='line_1_36' title="bbox 132 2420 1703 2503; baseline -0.007 -19"><span class='ocrx_word' id='word_1_269' title='bbox 132 2432 256 2503; x_wconf 83' lang='grc' dir='ltr'><strong>γὴν,</strong></span> <span class='ocrx_word' id='word_1_270' title='bbox 288 2430 395 2484; x_wconf 82' lang='grc' dir='ltr'><strong>κᾶν</strong></span> <span class='ocrx_word' id='word_1_271' title='bbox 443 2428 581 2501; x_wconf 79' lang='grc' dir='ltr'><strong>μετὰ</strong></span> <span class='ocrx_word' id='word_1_272' title='bbox 622 2427 716 2482; x_wconf 82' lang='grc' dir='ltr'><strong>τοῦ</strong></span> <span class='ocrx_word' id='word_1_273' title='bbox 758 2426 1006 2481; x_wconf 86' lang='grc' dir='ltr'><strong>διαϐόλου</strong></span> <span class='ocrx_word' id='word_1_274' title='bbox 1056 2424 1343 2496; x_wconf 77' lang='grc' dir='ltr'><strong>φοϐήθητι.</strong></span> <span class='ocrx_word' id='word_1_275' title='bbox 1391 2421 1587 2475; x_wconf 83' lang='grc' dir='ltr'><strong>Βλέπε·</strong></span> <span class='ocrx_word' id='word_1_276' title='bbox 1626 2420 1703 2483; x_wconf 87' lang='grc' dir='ltr'><strong>ὡς</strong></span> 
     </span>
    </p>
   </div>
   <div class='ocr_carea' id='block_1_37' title="bbox 134 2513 1703 2595">
    <p class='ocr_par' dir='ltr' id='par_1_37' title="bbox 134 2513 1703 2595">
     <span class='ocr_line' id='line_1_37' title="bbox 134 2513 1703 2595; baseline -0.006 -18"><span class='ocrx_word' id='word_1_277' title='bbox 134 2524 242 2595; x_wconf 84' lang='grc' dir='ltr'><strong>γὰρ</strong></span> <span class='ocrx_word' id='word_1_278' title='bbox 289 2524 534 2594; x_wconf 81' lang='grc' dir='ltr'><strong>κλέπτης</strong></span> <span class='ocrx_word' id='word_1_279' title='bbox 582 2522 802 2594; x_wconf 75' lang='grc' dir='ltr'><strong>ἔρχεται</strong></span> <span class='ocrx_word' id='word_1_280' title='bbox 853 2522 883 2575; x_wconf 93' lang='lat'><strong>6</strong></span> <span class='ocrx_word' id='word_1_281' title='bbox 923 2520 1176 2580; x_wconf 85' lang='grc' dir='ltr'><strong>θάνατος.</strong></span> <span class='ocrx_word' id='word_1_282' title='bbox 1203 2515 1443 2586; x_wconf 78' lang='grc' dir='ltr'><strong>Ἀναψόν</strong></span> <span class='ocrx_word' id='word_1_283' title='bbox 1491 2531 1585 2567; x_wconf 93' lang='grc' dir='ltr'><strong>σου</strong></span> <span class='ocrx_word' id='word_1_284' title='bbox 1613 2513 1703 2568; x_wconf 86' lang='grc' dir='ltr'><strong>τδν</strong></span> 
     </span>
    </p>
   </div>
   <div class='ocr_carea' id='block_1_38' title="bbox 134 2609 1705 2688">
    <p class='ocr_par' dir='ltr' id='par_1_38' title="bbox 134 2609 1705 2688">
     <span class='ocr_line' id='line_1_38' title="bbox 134 2609 1705 2688; baseline -0.008 -17"><span class='ocrx_word' id='word_1_285' title='bbox 134 2618 346 2688; x_wconf 77' lang='grc' dir='ltr'><strong>λύχνονο</strong></span> <span class='ocrx_word' id='word_1_286' title='bbox 372 2616 576 2688; x_wconf 70' lang='grc' dir='ltr'><strong>φαιδρὰ</strong></span> <span class='ocrx_word' id='word_1_287' title='bbox 616 2616 759 2668; x_wconf 73' lang='grc' dir='ltr'><strong>ἔστω</strong></span> <span class='ocrx_word' id='word_1_288' title='bbox 799 2630 893 2667; x_wconf 92' lang='grc' dir='ltr'><strong>σου</strong></span> <span class='ocrx_word' id='word_1_289' title='bbox 920 2614 954 2683; x_wconf 84' lang='grc' dir='ltr'>ἡ</span> <span class='ocrx_word' id='word_1_290' title='bbox 982 2611 1223 2681; x_wconf 79' lang='grc' dir='ltr'><strong>λαμπὰς,</strong></span> <span class='ocrx_word' id='word_1_291' title='bbox 1263 2609 1351 2662; x_wconf 79' lang='grc' dir='ltr'><strong>ἴνα</strong></span> <span class='ocrx_word' id='word_1_292' title='bbox 1385 2609 1462 2679; x_wconf 81' lang='grc' dir='ltr'><strong>μὴ</strong></span> <span class='ocrx_word' id='word_1_293' title='bbox 1499 2624 1705 2677; x_wconf 84' lang='grc' dir='ltr'><strong>κοιμω-</strong></span> 
     </span>
    </p>
   </div>
   <div class='ocr_carea' id='block_1_39' title="bbox 141 2698 1704 2783">
    <p class='ocr_par' dir='ltr' id='par_1_39' title="bbox 141 2698 1704 2783">
     <span class='ocr_line' id='line_1_39' title="bbox 141 2698 1704 2783; baseline -0.011 -16"><span class='ocrx_word' id='word_1_294' title='bbox 141 2715 307 2783; x_wconf 83' lang='grc' dir='ltr'><strong>μένης</strong></span> <span class='ocrx_word' id='word_1_295' title='bbox 346 2729 440 2765; x_wconf 89' lang='grc' dir='ltr'><strong>σου</strong></span> <span class='ocrx_word' id='word_1_296' title='bbox 481 2708 678 2781; x_wconf 80' lang='grc' dir='ltr'><strong>εὑρεθῇ</strong></span> <span class='ocrx_word' id='word_1_297' title='bbox 721 2706 1017 2775; x_wconf 80' lang='grc' dir='ltr'><strong>λειπομένη</strong></span> <span class='ocrx_word' id='word_1_298' title='bbox 1061 2704 1125 2758; x_wconf 84' lang='grc' dir='ltr'><strong>τὸ</strong></span> <span class='ocrx_word' id='word_1_299' title='bbox 1161 2703 1358 2757; x_wconf 67' lang='grc' dir='ltr'><strong>ἔλαιον.</strong></span> <span class='ocrx_word' id='word_1_300' title='bbox 1389 2701 1483 2771; x_wconf 85' lang='grc' dir='ltr'><strong>Μὴ</strong></span> <span class='ocrx_word' id='word_1_301' title='bbox 1512 2698 1704 2770; x_wconf 81' lang='grc' dir='ltr'><strong>λογίσῃ</strong></span> 
     </span>
    </p>
   </div>
   <div class='ocr_carea' id='block_1_40' title="bbox 136 2791 1705 2875">
    <p class='ocr_par' dir='ltr' id='par_1_40' title="bbox 136 2791 1705 2875">
     <span class='ocr_line' id='line_1_40' title="bbox 136 2791 1705 2875; baseline -0.009 -18"><span class='ocrx_word' id='word_1_302' title='bbox 136 2804 231 2875; x_wconf 78' lang='grc' dir='ltr'><strong>τὴν</strong></span> <span class='ocrx_word' id='word_1_303' title='bbox 260 2801 657 2872; x_wconf 76' lang='grc' dir='ltr'><strong>ταλαιπωρίαν,</strong></span> <span class='ocrx_word' id='word_1_304' title='bbox 686 2798 821 2852; x_wconf 67' lang='grc' dir='ltr'><strong>ἀλλὰ</strong></span> <span class='ocrx_word' id='word_1_305' title='bbox 849 2797 949 2869; x_wconf 80' lang='grc' dir='ltr'><strong>τὴν</strong></span> <span class='ocrx_word' id='word_1_306' title='bbox 976 2798 1305 2869; x_wconf 64' lang='grc' dir='ltr'><strong>παρρησίαν</strong></span> <span class='ocrx_word' id='word_1_307' title='bbox 1337 2795 1411 2864; x_wconf 78' lang='grc' dir='ltr'><strong>μὴ</strong></span> <span class='ocrx_word' id='word_1_308' title='bbox 1439 2793 1539 2855; x_wconf 82' lang='grc' dir='ltr'><strong>τὰς</strong></span> <span class='ocrx_word' id='word_1_309' title='bbox 1570 2791 1705 2863; x_wconf 84' lang='grc' dir='ltr'><strong>πλη-</strong></span> 
     </span>
    </p>
   </div>
   <div class='ocr_carea' id='block_1_41' title="bbox 137 2886 1700 2965">
    <p class='ocr_par' dir='ltr' id='par_1_41' title="bbox 137 2886 1700 2965">
     <span class='ocr_line' id='line_1_41' title="bbox 137 2886 1700 2965; baseline -0.008 -14"><span class='ocrx_word' id='word_1_310' title='bbox 137 2899 261 2965; x_wconf 72' lang='grc' dir='ltr'><strong>γὰς,</strong></span> <span class='ocrx_word' id='word_1_311' title='bbox 298 2895 441 2951; x_wconf 74' lang='grc' dir='ltr'><strong>ἀλλὰ</strong></span> <span class='ocrx_word' id='word_1_312' title='bbox 484 2895 583 2957; x_wconf 83' lang='grc' dir='ltr'><strong>τὰς</strong></span> <span class='ocrx_word' id='word_1_313' title='bbox 630 2893 815 2961; x_wconf 87' lang='grc' dir='ltr'><strong>τιμάς·</strong></span> <span class='ocrx_word' id='word_1_314' title='bbox 870 2893 947 2963; x_wconf 85' lang='grc' dir='ltr'><strong>μὴ</strong></span> <span class='ocrx_word' id='word_1_315' title='bbox 983 2890 1083 2954; x_wconf 82' lang='grc' dir='ltr'><strong>τὰς</strong></span> <span class='ocrx_word' id='word_1_316' title='bbox 1122 2888 1425 2951; x_wconf 83' lang='grc' dir='ltr'><strong>πιπτούσας</strong></span> <span class='ocrx_word' id='word_1_317' title='bbox 1463 2886 1700 2955; x_wconf 75' lang='grc' dir='ltr'><strong>λογίζου,</strong></span> 
     </span>
    </p>
   </div>
   <div class='ocr_carea' id='block_1_42' title="bbox 1811 1690 3377 1760">
    <p class='ocr_par' dir='ltr' id='par_1_42' title="bbox 1811 1690 3377 1760">
     <span class='ocr_line' id='line_1_42' title="bbox 1811 1690 3377 1760; baseline -0.001 -14"><span class='ocrx_word' id='word_1_318' title='bbox 1811 1692 2052 1747; x_wconf 82' lang='lat' dir='ltr'><strong>Christo.</strong></span> <span class='ocrx_word' id='word_1_319' title='bbox 2092 1690 2302 1747; x_wconf 82' lang='lat' dir='ltr'><strong>Absens</strong></span> <span class='ocrx_word' id='word_1_320' title='bbox 2342 1690 2559 1746; x_wconf 83' lang='lat' dir='ltr'><strong>interim</strong></span> <span class='ocrx_word' id='word_1_321' title='bbox 2584 1699 2688 1755; x_wconf 88' lang='lat' dir='ltr'><strong>est,</strong></span> <span class='ocrx_word' id='word_1_322' title='bbox 2715 1690 2817 1760; x_wconf 90' lang='lat' dir='ltr'><strong>ipsi</strong></span> <span class='ocrx_word' id='word_1_323' title='bbox 2856 1690 3247 1745; x_wconf 79' lang='lat' dir='ltr'><strong>conscientiam</strong></span> <span class='ocrx_word' id='word_1_324' title='bbox 3276 1705 3377 1745; x_wconf 83' lang='lat' dir='ltr'><strong>cu-</strong></span> 
     </span>
    </p>
   </div>
   <div class='ocr_carea' id='block_1_43' title="bbox 1811 1782 3378 1853">
    <p class='ocr_par' dir='ltr' id='par_1_43' title="bbox 1811 1782 3378 1853">
     <span class='ocr_line' id='line_1_43' title="bbox 1811 1782 3378 1853; baseline -0.003 -14"><span class='ocrx_word' id='word_1_325' title='bbox 1811 1784 1975 1849; x_wconf 81' lang='lat' dir='ltr'><strong>stodi,</strong></span> <span class='ocrx_word' id='word_1_326' title='bbox 2006 1785 2179 1839; x_wconf 91' lang='lat' dir='ltr'><strong>donec</strong></span> <span class='ocrx_word' id='word_1_327' title='bbox 2227 1784 2280 1837; x_wconf 93' lang='lat' dir='ltr'><strong>in</strong></span> <span class='ocrx_word' id='word_1_328' title='bbox 2311 1784 2482 1853; x_wconf 86' lang='lat' dir='ltr'><strong>gloria</strong></span> <span class='ocrx_word' id='word_1_329' title='bbox 2512 1798 2612 1837; x_wconf 86' lang='lat' dir='ltr'><strong>sua</strong></span> <span class='ocrx_word' id='word_1_330' title='bbox 2647 1782 2853 1848; x_wconf 85' lang='lat' dir='ltr'><strong>veniat,</strong></span> <span class='ocrx_word' id='word_1_331' title='bbox 2877 1783 3148 1852; x_wconf 86' lang='lat' dir='ltr'><strong>psallens:</strong></span> <span class='ocrx_word' id='word_1_332' title='bbox 3181 1783 3378 1836; x_wconf 80' lang='lat' dir='ltr'><strong>Anima</strong></span> 
     </span>
    </p>
   </div>
   <div class='ocr_carea' id='block_1_44' title="bbox 1810 1874 3376 1946">
    <p class='ocr_par' dir='ltr' id='par_1_44' title="bbox 1810 1874 3376 1946">
     <span class='ocr_line' id='line_1_44' title="bbox 1810 1874 3376 1946; baseline -0.001 -17"><span class='ocrx_word' id='word_1_333' title='bbox 1810 1892 1925 1929; x_wconf 77' lang='lat' dir='ltr'><strong>mea</strong></span> <span class='ocrx_word' id='word_1_334' title='bbox 1952 1877 2009 1930; x_wconf 82' lang='lat' dir='ltr'><strong>in</strong></span> <span class='ocrx_word' id='word_1_335' title='bbox 2047 1876 2291 1931; x_wconf 79' lang='lat' dir='ltr'><strong>manibus</strong></span> <span class='ocrx_word' id='word_1_336' title='bbox 2338 1879 2444 1930; x_wconf 79' lang='lat' dir='ltr'><strong>tuis</strong></span> <span class='ocrx_word' id='word_1_337' title='bbox 2478 1890 2701 1945; x_wconf 78' lang='lat' dir='ltr'><strong>semper,</strong></span> <span class='ocrx_word' id='word_1_338' title='bbox 2753 1884 2804 1929; x_wconf 83' lang='grc' dir='ltr'><strong>ει</strong></span> <span class='ocrx_word' id='word_1_339' title='bbox 2843 1874 3006 1946; x_wconf 76' lang='lat' dir='ltr'><strong>legem</strong></span> <span class='ocrx_word' id='word_1_340' title='bbox 3076 1884 3225 1928; x_wconf 83' lang='lat' dir='ltr'><strong>tuam</strong></span> <span class='ocrx_word' id='word_1_341' title='bbox 3270 1890 3376 1929; x_wconf 78' lang='lat' dir='ltr'><strong>non</strong></span> 
     </span>
    </p>
   </div>
   <div class='ocr_carea' id='block_1_45' title="bbox 1808 1961 3380 2038">
    <p class='ocr_par' dir='ltr' id='par_1_45' title="bbox 1808 1961 3380 2038">
     <span class='ocr_line' id='line_1_45' title="bbox 1808 1961 3380 2038; baseline 0 -15"><span class='ocrx_word' id='word_1_342' title='bbox 1808 1985 1925 2023; x_wconf 79' lang='lat' dir='ltr'><strong>sum</strong></span> <span class='ocrx_word' id='word_1_343' title='bbox 1980 1961 2147 2023; x_wconf 82' lang='lat' dir='ltr'><strong>oblita</strong></span> <span class='ocrx_word' id='word_1_344' title='bbox 2173 1968 2241 2025; x_wconf 83' lang='grc'><strong>⁸³.</strong></span> <span class='ocrx_word' id='word_1_345' title='bbox 2281 1968 2500 2036; x_wconf 81' lang='lat' dir='ltr'><strong>Quanto</strong></span> <span class='ocrx_word' id='word_1_346' title='bbox 2526 1970 2772 2038; x_wconf 89' lang='lat' dir='ltr'><strong>superior</strong></span> <span class='ocrx_word' id='word_1_347' title='bbox 2799 1969 3004 2032; x_wconf 84' lang='lat' dir='ltr'><strong>evadis,</strong></span> <span class='ocrx_word' id='word_1_348' title='bbox 3041 1966 3093 2022; x_wconf 91' lang='lat' dir='ltr'><strong>in</strong></span> <span class='ocrx_word' id='word_1_349' title='bbox 3156 1967 3380 2035; x_wconf 79' lang='lat' dir='ltr'><strong>laqueos</strong></span> 
     </span>
    </p>
   </div>
   <div class='ocr_carea' id='block_1_46' title="bbox 1807 2058 3379 2131">
    <p class='ocr_par' dir='ltr' id='par_1_46' title="bbox 1807 2058 3379 2131">
     <span class='ocr_line' id='line_1_46' title="bbox 1807 2058 3379 2131; baseline -0.001 -18"><span class='ocrx_word' id='word_1_350' title='bbox 1807 2075 1917 2114; x_wconf 91' lang='lat' dir='ltr'><strong>non</strong></span> <span class='ocrx_word' id='word_1_351' title='bbox 1958 2060 2176 2126; x_wconf 83' lang='lat' dir='ltr'><strong>incidis,</strong></span> <span class='ocrx_word' id='word_1_352' title='bbox 2231 2068 2288 2115; x_wconf 92' lang='lat' dir='ltr'><strong>ut</strong></span> <span class='ocrx_word' id='word_1_353' title='bbox 2319 2060 2500 2131; x_wconf 89' lang='lat' dir='ltr'><strong>possis</strong></span> <span class='ocrx_word' id='word_1_354' title='bbox 2553 2061 2737 2115; x_wconf 88' lang='lat' dir='ltr'><strong>dicere</strong></span> <span class='ocrx_word' id='word_1_355' title='bbox 2788 2074 2855 2115; x_wconf 81' lang='lat' dir='ltr'><strong>ex</strong></span> <span class='ocrx_word' id='word_1_356' title='bbox 2927 2058 3135 2114; x_wconf 88' lang='lat' dir='ltr'><strong>corde:</strong></span> <span class='ocrx_word' id='word_1_357' title='bbox 3185 2059 3379 2114; x_wconf 79' lang='lat' dir='ltr'><strong>Anima</strong></span> 
     </span>
    </p>
   </div>
   <div class='ocr_carea' id='block_1_47' title="bbox 1808 2149 3374 2223">
    <p class='ocr_par' dir='ltr' id='par_1_47' title="bbox 1808 2149 3374 2223">
     <span class='ocr_line' id='line_1_47' title="bbox 1808 2149 3374 2223; baseline 0.001 -19"><span class='ocrx_word' id='word_1_358' title='bbox 1808 2168 1925 2206; x_wconf 85' lang='lat' dir='ltr'><strong>mea</strong></span> <span class='ocrx_word' id='word_1_359' title='bbox 1949 2154 2085 2207; x_wconf 78' lang='lat' dir='ltr'><strong>sicut</strong></span> <span class='ocrx_word' id='word_1_360' title='bbox 2115 2168 2299 2223; x_wconf 76' lang='lat' dir='ltr'><strong>passer</strong></span> <span class='ocrx_word' id='word_1_361' title='bbox 2337 2163 2519 2223; x_wconf 79' lang='lat' dir='ltr'><strong>erepta</strong></span> <span class='ocrx_word' id='word_1_362' title='bbox 2549 2154 2714 2207; x_wconf 78' lang='lat' dir='ltr'><strong>estde</strong></span> <span class='ocrx_word' id='word_1_363' title='bbox 2760 2150 2947 2220; x_wconf 76' lang='lat' dir='ltr'><strong>laqueo</strong></span> <span class='ocrx_word' id='word_1_364' title='bbox 2969 2151 3275 2205; x_wconf 73' lang='lat' dir='ltr'><strong>venantium</strong></span> <span class='ocrx_word' id='word_1_365' title='bbox 3308 2149 3374 2205; x_wconf 81' lang='lat'><strong>“.</strong></span> 
     </span>
    </p>
   </div>
   <div class='ocr_carea' id='block_1_48' title="bbox 1809 2242 3378 2317">
    <p class='ocr_par' dir='ltr' id='par_1_48' title="bbox 1809 2242 3378 2317">
     <span class='ocr_line' id='line_1_48' title="bbox 1809 2242 3378 2317; baseline -0.002 -17"><span class='ocrx_word' id='word_1_366' title='bbox 1809 2242 2057 2317; x_wconf 86' lang='lat' dir='ltr'><strong>Undique</strong></span> <span class='ocrx_word' id='word_1_367' title='bbox 2087 2244 2331 2301; x_wconf 84' lang='lat' dir='ltr'><strong>Judicem</strong></span> <span class='ocrx_word' id='word_1_368' title='bbox 2369 2248 2519 2311; x_wconf 90' lang='lat' dir='ltr'><strong>time,</strong></span> <span class='ocrx_word' id='word_1_369' title='bbox 2548 2255 2603 2301; x_wconf 93' lang='lat' dir='ltr'><strong>et</strong></span> <span class='ocrx_word' id='word_1_370' title='bbox 2640 2246 2687 2300; x_wconf 93' lang='lat' dir='ltr'><strong>si</strong></span> <span class='ocrx_word' id='word_1_371' title='bbox 2740 2260 2863 2301; x_wconf 92' lang='lat' dir='ltr'><strong>cum</strong></span> <span class='ocrx_word' id='word_1_372' title='bbox 2894 2244 3101 2314; x_wconf 76' lang='lat' dir='ltr'><strong>angelis</strong></span> <span class='ocrx_word' id='word_1_373' title='bbox 3149 2258 3378 2298; x_wconf 88' lang='lat' dir='ltr'><strong>conver-</strong></span> 
     </span>
    </p>
   </div>
   <div class='ocr_carea' id='block_1_49' title="bbox 1808 2336 3375 2407">
    <p class='ocr_par' dir='ltr' id='par_1_49' title="bbox 1808 2336 3375 2407">
     <span class='ocr_line' id='line_1_49' title="bbox 1808 2336 3375 2407; baseline -0.001 -16"><span class='ocrx_word' id='word_1_374' title='bbox 1808 2338 2073 2392; x_wconf 90' lang='lat' dir='ltr'><strong>sationem</strong></span> <span class='ocrx_word' id='word_1_375' title='bbox 2132 2354 2241 2393; x_wconf 93' lang='lat' dir='ltr'><strong>non</strong></span> <span class='ocrx_word' id='word_1_376' title='bbox 2302 2338 2478 2407; x_wconf 89' lang='lat' dir='ltr'><strong>cupis,</strong></span> <span class='ocrx_word' id='word_1_377' title='bbox 2525 2337 2716 2393; x_wconf 84' lang='lat' dir='ltr'><strong>saltem</strong></span> <span class='ocrx_word' id='word_1_378' title='bbox 2795 2353 2922 2393; x_wconf 89' lang='lat' dir='ltr'><strong>cum</strong></span> <span class='ocrx_word' id='word_1_379' title='bbox 2983 2336 3202 2392; x_wconf 88' lang='lat' dir='ltr'><strong>diabolo</strong></span> <span class='ocrx_word' id='word_1_380' title='bbox 3268 2351 3375 2390; x_wconf 90' lang='lat' dir='ltr'><strong>non</strong></span> 
     </span>
    </p>
   </div>
   <div class='ocr_carea' id='block_1_50' title="bbox 1808 2427 3381 2498">
    <p class='ocr_par' dir='ltr' id='par_1_50' title="bbox 1808 2427 3381 2498">
     <span class='ocr_line' id='line_1_50' title="bbox 1808 2427 3381 2498; baseline -0.001 -15"><span class='ocrx_word' id='word_1_381' title='bbox 1808 2444 2151 2485; x_wconf 75' lang='lat' dir='ltr'><strong>conversam.</strong></span> <span class='ocrx_word' id='word_1_382' title='bbox 2185 2429 2356 2484; x_wconf 81' lang='lat' dir='ltr'><strong>Cauta</strong></span> <span class='ocrx_word' id='word_1_383' title='bbox 2385 2429 2503 2485; x_wconf 88' lang='lat' dir='ltr'><strong>sis:</strong></span> <span class='ocrx_word' id='word_1_384' title='bbox 2564 2444 2714 2485; x_wconf 88' lang='lat' dir='ltr'><strong>mors</strong></span> <span class='ocrx_word' id='word_1_385' title='bbox 2755 2429 2900 2484; x_wconf 91' lang='lat' dir='ltr'><strong>enim</strong></span> <span class='ocrx_word' id='word_1_386' title='bbox 2977 2438 3232 2498; x_wconf 85' lang='lat' dir='ltr'><strong>tanquam</strong></span> <span class='ocrx_word' id='word_1_387' title='bbox 3289 2427 3381 2482; x_wconf 80' lang='lat' dir='ltr'><strong>fur</strong></span> 
     </span>
    </p>
   </div>
   <div class='ocr_carea' id='block_1_51' title="bbox 1809 2511 3378 2586">
    <p class='ocr_par' dir='ltr' id='par_1_51' title="bbox 1809 2511 3378 2586">
     <span class='ocr_line' id='line_1_51' title="bbox 1809 2511 3378 2586; baseline 0.001 -15"><span class='ocrx_word' id='word_1_388' title='bbox 1809 2521 1974 2575; x_wconf 72' lang='lat' dir='ltr'><strong>venit.</strong></span> <span class='ocrx_word' id='word_1_389' title='bbox 2007 2511 2306 2576; x_wconf 72' lang='lat' dir='ltr'><strong>Lucernam</strong></span> <span class='ocrx_word' id='word_1_390' title='bbox 2350 2530 2500 2576; x_wconf 87' lang='lat' dir='ltr'><strong>tuam</strong></span> <span class='ocrx_word' id='word_1_391' title='bbox 2552 2520 2810 2586; x_wconf 76' lang='lat' dir='ltr'><strong>ascende,</strong></span> <span class='ocrx_word' id='word_1_392' title='bbox 2870 2519 3069 2576; x_wconf 86' lang='lat' dir='ltr'><strong>ardens</strong></span> <span class='ocrx_word' id='word_1_393' title='bbox 3100 2521 3174 2575; x_wconf 90' lang='lat' dir='ltr'><strong>sit</strong></span> <span class='ocrx_word' id='word_1_394' title='bbox 3238 2518 3378 2573; x_wconf 84' lang='lat' dir='ltr'><strong>lam-</strong></span> 
     </span>
    </p>
   </div>
   <div class='ocr_carea' id='block_1_52' title="bbox 1808 2609 3380 2680">
    <p class='ocr_par' dir='ltr' id='par_1_52' title="bbox 1808 2609 3380 2680">
     <span class='ocr_line' id='line_1_52' title="bbox 1808 2609 3380 2680; baseline -0.003 -15"><span class='ocrx_word' id='word_1_395' title='bbox 1808 2626 1906 2680; x_wconf 86' lang='lat' dir='ltr'><strong>pas</strong></span> <span class='ocrx_word' id='word_1_396' title='bbox 1938 2621 2052 2677; x_wconf 89' lang='lat' dir='ltr'><strong>tua,</strong></span> <span class='ocrx_word' id='word_1_397' title='bbox 2113 2625 2182 2664; x_wconf 92' lang='lat' dir='ltr'><strong>ne</strong></span> <span class='ocrx_word' id='word_1_398' title='bbox 2207 2610 2512 2665; x_wconf 90' lang='lat' dir='ltr'><strong>dormiente</strong></span> <span class='ocrx_word' id='word_1_399' title='bbox 2535 2618 2590 2665; x_wconf 87' lang='lat' dir='ltr'><strong>te</strong></span> <span class='ocrx_word' id='word_1_400' title='bbox 2625 2609 2806 2664; x_wconf 90' lang='lat' dir='ltr'><strong>oleum</strong></span> <span class='ocrx_word' id='word_1_401' title='bbox 2841 2609 3073 2664; x_wconf 78' lang='lat' dir='ltr'><strong>deiicere</strong></span> <span class='ocrx_word' id='word_1_402' title='bbox 3137 2609 3380 2663; x_wconf 82' lang='lat' dir='ltr'><strong>invenia-</strong></span> 
     </span>
    </p>
   </div>
   <div class='ocr_carea' id='block_1_53' title="bbox 1808 2699 3379 2773">
    <p class='ocr_par' dir='ltr' id='par_1_53' title="bbox 1808 2699 3379 2773">
     <span class='ocr_line' id='line_1_53' title="bbox 1808 2699 3379 2773; baseline -0.002 -17"><span class='ocrx_word' id='word_1_403' title='bbox 1808 2710 1915 2756; x_wconf 91' lang='lat' dir='ltr'><strong>tur.</strong></span> <span class='ocrx_word' id='word_1_404' title='bbox 1946 2699 2023 2756; x_wconf 83' lang='lat' dir='ltr'><strong>Ne</strong></span> <span class='ocrx_word' id='word_1_405' title='bbox 2069 2702 2276 2773; x_wconf 89' lang='lat' dir='ltr'><strong>cogites</strong></span> <span class='ocrx_word' id='word_1_406' title='bbox 2302 2716 2621 2765; x_wconf 61' lang='lat' dir='ltr'><strong>erumnam,</strong></span> <span class='ocrx_word' id='word_1_407' title='bbox 2679 2701 2779 2758; x_wconf 86' lang='lat' dir='ltr'><strong>sed</strong></span> <span class='ocrx_word' id='word_1_408' title='bbox 2835 2699 3184 2755; x_wconf 86' lang='lat' dir='ltr'><strong>libertatem:</strong></span> <span class='ocrx_word' id='word_1_409' title='bbox 3269 2713 3379 2753; x_wconf 92' lang='lat' dir='ltr'><strong>non</strong></span> 
     </span>
    </p>
   </div>
   <div class='ocr_carea' id='block_1_54' title="bbox 1807 2792 3380 2864">
    <p class='ocr_par' dir='ltr' id='par_1_54' title="bbox 1807 2792 3380 2864">
     <span class='ocr_line' id='line_1_54' title="bbox 1807 2792 3380 2864; baseline -0.001 -16"><span class='ocrx_word' id='word_1_410' title='bbox 1807 2793 2034 2864; x_wconf 82' lang='lat' dir='ltr'><strong>ﬂagella,</strong></span> <span class='ocrx_word' id='word_1_411' title='bbox 2069 2795 2161 2850; x_wconf 87' lang='lat' dir='ltr'><strong>sed</strong></span> <span class='ocrx_word' id='word_1_412' title='bbox 2222 2795 2506 2850; x_wconf 88' lang='lat' dir='ltr'><strong>honores:</strong></span> <span class='ocrx_word' id='word_1_413' title='bbox 2590 2810 2701 2848; x_wconf 91' lang='lat' dir='ltr'><strong>non</strong></span> <span class='ocrx_word' id='word_1_414' title='bbox 2757 2794 3034 2859; x_wconf 89' lang='lat' dir='ltr'><strong>cadentes,</strong></span> <span class='ocrx_word' id='word_1_415' title='bbox 3091 2792 3185 2848; x_wconf 88' lang='lat' dir='ltr'><strong>sed</strong></span> <span class='ocrx_word' id='word_1_416' title='bbox 3241 2792 3380 2847; x_wconf 88' lang='lat' dir='ltr'><strong>bene</strong></span> 
     </span>
    </p>
   </div>
   <div class='ocr_carea' id='block_1_55' title="bbox 1808 2885 3375 2958">
    <p class='ocr_par' dir='ltr' id='par_1_55' title="bbox 1808 2885 3375 2958">
     <span class='ocr_line' id='line_1_55' title="bbox 1808 2885 3375 2958; baseline -0.003 -17"><span class='ocrx_word' id='word_1_417' title='bbox 1808 2887 2080 2958; x_wconf 85' lang='lat' dir='ltr'><strong>placentes</strong></span> <span class='ocrx_word' id='word_1_418' title='bbox 2132 2895 2403 2956; x_wconf 88' lang='lat' dir='ltr'><strong>computa.</strong></span> <span class='ocrx_word' id='word_1_419' title='bbox 2436 2885 2671 2943; x_wconf 88' lang='lat' dir='ltr'><strong>Sanctus</strong></span> <span class='ocrx_word' id='word_1_420' title='bbox 2714 2885 3021 2957; x_wconf 86' lang='lat' dir='ltr'><strong>Stephanus</strong></span> <span class='ocrx_word' id='word_1_421' title='bbox 3061 2901 3166 2940; x_wconf 93' lang='lat' dir='ltr'><strong>non</strong></span> <span class='ocrx_word' id='word_1_422' title='bbox 3197 2895 3375 2939; x_wconf 81' lang='lat' dir='ltr'><strong>terre-</strong></span> 
     </span>
    </p>
   </div>
   <div class='ocr_carea' id='block_1_56' title="bbox 138 2963 1705 3053">
    <p class='ocr_par' dir='ltr' id='par_1_56' title="bbox 138 2963 1705 3053">
     <span class='ocr_line' id='line_1_56' title="bbox 138 2963 1705 3053; baseline -0.004 -18"><span class='ocrx_word' id='word_1_423' title='bbox 138 2963 272 3037; x_wconf 68' lang='grc' dir='ltr'><strong>ἀλλά</strong></span> <span class='ocrx_word' id='word_1_424' title='bbox 300 2984 398 3046; x_wconf 78' lang='grc' dir='ltr'><strong>τὰς</strong></span> <span class='ocrx_word' id='word_1_425' title='bbox 429 2981 848 3053; x_wconf 86' lang='grc' dir='ltr'><strong>εύαρεστούσας.</strong></span> <span class='ocrx_word' id='word_1_426' title='bbox 889 2980 949 3033; x_wconf 84' lang='grc'><strong>⁸0</strong></span> <span class='ocrx_word' id='word_1_427' title='bbox 987 2978 1142 3047; x_wconf 81' lang='grc' dir='ltr'><strong>ἆγιος</strong></span> <span class='ocrx_word' id='word_1_428' title='bbox 1184 2976 1455 3047; x_wconf 83' lang='grc' dir='ltr'><strong>Στέφανος</strong></span> <span class='ocrx_word' id='word_1_429' title='bbox 1491 2976 1553 3029; x_wconf 84' lang='grc' dir='ltr'><strong>οὐ</strong></span> <span class='ocrx_word' id='word_1_430' title='bbox 1582 2976 1705 3039; x_wconf 76' lang='grc' dir='ltr'><strong>τοὺς</strong></span> 
     </span>
    </p>
   </div>
   <div class='ocr_carea' id='block_1_57' title="bbox 1810 2963 3377 3053">
    <p class='ocr_par' dir='ltr' id='par_1_57' title="bbox 1810 2978 3377 3051">
     <span class='ocr_line' id='line_1_57' title="bbox 1810 2978 3377 3051; baseline 0.001 -18"><span class='ocrx_word' id='word_1_431' title='bbox 1810 2992 1910 3033; x_wconf 90' lang='lat' dir='ltr'><strong>nos</strong></span> <span class='ocrx_word' id='word_1_432' title='bbox 1940 2979 2145 3049; x_wconf 90' lang='lat' dir='ltr'><strong>lapides</strong></span> <span class='ocrx_word' id='word_1_433' title='bbox 2174 2979 2574 3045; x_wconf 86' lang='lat' dir='ltr'><strong>considerabat,</strong></span> <span class='ocrx_word' id='word_1_434' title='bbox 2608 2979 2704 3035; x_wconf 90' lang='lat' dir='ltr'><strong>sed</strong></span> <span class='ocrx_word' id='word_1_435' title='bbox 2758 2994 2995 3051; x_wconf 86' lang='lat' dir='ltr'><strong>superna</strong></span> <span class='ocrx_word' id='word_1_436' title='bbox 3044 2979 3230 3033; x_wconf 84' lang='lat' dir='ltr'><strong>bravia</strong></span> <span class='ocrx_word' id='word_1_437' title='bbox 3285 2978 3330 3010; x_wconf 83' lang='lat'>“</span> <span class='ocrx_word' id='word_1_438' title='bbox 3359 2995 3377 3035; x_wconf 92' lang='lat'><strong>:</strong></span> 
     </span>
    </p>
   </div>
   <div class='ocr_carea' id='block_1_58' title="bbox 140 3069 1708 3142">
    <p class='ocr_par' dir='ltr' id='par_1_58' title="bbox 140 3069 1708 3142">
     <span class='ocr_line' id='line_1_58' title="bbox 140 3069 1708 3142; baseline -0.005 -13"><span class='ocrx_word' id='word_1_439' title='bbox 140 3076 288 3129; x_wconf 80' lang='grc' dir='ltr'><strong>κάτω</strong></span> <span class='ocrx_word' id='word_1_440' title='bbox 311 3075 493 3142; x_wconf 85' lang='grc' dir='ltr'><strong>λίθους</strong></span> <span class='ocrx_word' id='word_1_441' title='bbox 522 3073 767 3127; x_wconf 75' lang='grc' dir='ltr'><strong>ἐσκόπει·</strong></span> <span class='ocrx_word' id='word_1_442' title='bbox 800 3072 939 3127; x_wconf 78' lang='grc' dir='ltr'><strong>ἀλλὰ</strong></span> <span class='ocrx_word' id='word_1_443' title='bbox 965 3075 1034 3126; x_wconf 81' lang='grc' dir='ltr'><strong>τὰ</strong></span> <span class='ocrx_word' id='word_1_444' title='bbox 1063 3071 1175 3125; x_wconf 81' lang='grc' dir='ltr'><strong>ἄνω</strong></span> <span class='ocrx_word' id='word_1_445' title='bbox 1200 3069 1451 3142; x_wconf 69' lang='grc' dir='ltr'><strong>βραδεῖα*</strong></span> <span class='ocrx_word' id='word_1_446' title='bbox 1489 3070 1538 3122; x_wconf 87' lang='grc' dir='ltr'><strong>οἱ</strong></span> <span class='ocrx_word' id='word_1_447' title='bbox 1569 3070 1708 3140; x_wconf 81' lang='grc' dir='ltr'><strong>μάρ-</strong></span> 
     </span>
    </p>
   </div>
   <div class='ocr_carea' id='block_1_59' title="bbox 140 3141 1707 3235">
    <p class='ocr_par' dir='ltr' id='par_1_59' title="bbox 140 3141 1707 3235">
     <span class='ocr_line' id='line_1_59' title="bbox 140 3141 1707 3235; baseline -0.004 -17"><span class='ocrx_word' id='word_1_448' title='bbox 140 3182 298 3235; x_wconf 85' lang='grc' dir='ltr'><strong>τυρες</strong></span> <span class='ocrx_word' id='word_1_449' title='bbox 324 3166 425 3229; x_wconf 79' lang='grc' dir='ltr'><strong>τάς</strong></span> <span class='ocrx_word' id='word_1_450' title='bbox 444 3141 621 3234; x_wconf 59' lang='grc' dir='ltr'><strong>ψυχὰς</strong></span> <span class='ocrx_word' id='word_1_451' title='bbox 651 3163 833 3217; x_wconf 88' lang='grc' dir='ltr'><strong>αὐτῶν</strong></span> <span class='ocrx_word' id='word_1_452' title='bbox 856 3162 1082 3217; x_wconf 73' lang='grc' dir='ltr'><strong>ἔδωκανο</strong></span> <span class='ocrx_word' id='word_1_453' title='bbox 1118 3141 1278 3232; x_wconf 79' lang='grc' dir='ltr'><strong>ἡμεῖς</strong></span> <span class='ocrx_word' id='word_1_454' title='bbox 1306 3161 1409 3214; x_wconf 81' lang='grc' dir='ltr'><strong>κᾶν</strong></span> <span class='ocrx_word' id='word_1_455' title='bbox 1437 3159 1535 3228; x_wconf 82' lang='grc' dir='ltr'><strong>τὴν</strong></span> <span class='ocrx_word' id='word_1_456' title='bbox 1559 3158 1707 3211; x_wconf 83' lang='grc' dir='ltr'><strong>αῐκι-</strong></span> 
     </span>
    </p>
   </div>
   <div class='ocr_carea' id='block_1_60' title="bbox 143 3252 1708 3327">
    <p class='ocr_par' dir='ltr' id='par_1_60' title="bbox 143 3252 1708 3327">
     <span class='ocr_line' id='line_1_60' title="bbox 143 3252 1708 3327; baseline -0.004 -17"><span class='ocrx_word' id='word_1_457' title='bbox 143 3275 223 3311; x_wconf 92' lang='grc' dir='ltr'>σιν</span> <span class='ocrx_word' id='word_1_458' title='bbox 248 3258 457 3313; x_wconf 76' lang='grc' dir='ltr'><strong>ἑαυτῶν</strong></span> <span class='ocrx_word' id='word_1_459' title='bbox 481 3255 950 3327; x_wconf 84' lang='grc' dir='ltr'><strong>προσενέγκωμεν.</strong></span> <span class='ocrx_word' id='word_1_460' title='bbox 979 3254 1187 3316; x_wconf 78' lang='grc' dir='ltr'><strong>Γλυκὺς</strong></span> <span class='ocrx_word' id='word_1_461' title='bbox 1209 3253 1238 3306; x_wconf 96' lang='lat'><strong>6</strong></span> <span class='ocrx_word' id='word_1_462' title='bbox 1263 3252 1431 3314; x_wconf 74' lang='grc' dir='ltr'><strong>ὕπνος</strong></span> <span class='ocrx_word' id='word_1_463' title='bbox 1456 3253 1708 3320; x_wconf 81' lang='grc' dir='ltr'><strong>φαίνεται</strong></span> 
     </span>
    </p>
   </div>
   <div class='ocr_carea' id='block_1_61' title="bbox 139 3344 1709 3420">
    <p class='ocr_par' dir='ltr' id='par_1_61' title="bbox 139 3344 1709 3420">
     <span class='ocr_line' id='line_1_61' title="bbox 139 3344 1709 3420; baseline -0.005 -17"><span class='ocrx_word' id='word_1_464' title='bbox 139 3351 237 3420; x_wconf 81' lang='grc' dir='ltr'><strong>τῆς</strong></span> <span class='ocrx_word' id='word_1_465' title='bbox 263 3350 477 3411; x_wconf 87' lang='grc' dir='ltr'><strong>νυκτός·</strong></span> <span class='ocrx_word' id='word_1_466' title='bbox 522 3348 637 3401; x_wconf 76' lang='grc' dir='ltr'><strong>ἀλλ’</strong></span> <span class='ocrx_word' id='word_1_467' title='bbox 662 3344 721 3401; x_wconf 78' lang='grc' dir='ltr'><strong>εὖ</strong></span> <span class='ocrx_word' id='word_1_468' title='bbox 773 3346 880 3400; x_wconf 56' lang='lat' dir='ltr'><strong>rso:</strong></span> <span class='ocrx_word' id='word_1_469' title='bbox 930 3346 1007 3409; x_wconf 88' lang='grc' dir='ltr'><strong>ὼς</strong></span> <span class='ocrx_word' id='word_1_470' title='bbox 1054 3345 1205 3399; x_wconf 79' lang='grc' dir='ltr'><strong>οὐδὲν</strong></span> <span class='ocrx_word' id='word_1_471' title='bbox 1238 3344 1570 3414; x_wconf 83' lang='grc' dir='ltr'><strong>γλυκύτερον</strong></span> <span class='ocrx_word' id='word_1_472' title='bbox 1609 3344 1709 3413; x_wconf 83' lang='grc' dir='ltr'><strong>τῆς</strong></span> 
     </span>
    </p>
   </div>
   <div class='ocr_carea' id='block_1_62' title="bbox 140 3434 1709 3513">
    <p class='ocr_par' dir='ltr' id='par_1_62' title="bbox 140 3434 1709 3513">
     <span class='ocr_line' id='line_1_62' title="bbox 140 3434 1709 3513; baseline -0.005 -18"><span class='ocrx_word' id='word_1_473' title='bbox 140 3441 474 3513; x_wconf 78' lang='grc' dir='ltr'><strong>ψαλμῳδίας.</strong></span> <span class='ocrx_word' id='word_1_474' title='bbox 512 3438 672 3494; x_wconf 81' lang='grc' dir='ltr'><strong>Ἀλλά</strong></span> <span class='ocrx_word' id='word_1_475' title='bbox 700 3438 838 3511; x_wconf 88' lang='grc' dir='ltr'><strong>βαρύ</strong></span> <span class='ocrx_word' id='word_1_476' title='bbox 862 3456 945 3491; x_wconf 93' lang='grc' dir='ltr'><strong>σοι</strong></span> <span class='ocrx_word' id='word_1_477' title='bbox 968 3438 1031 3491; x_wconf 79' lang='grc' dir='ltr'><strong>τὸ</strong></span> <span class='ocrx_word' id='word_1_478' title='bbox 1056 3437 1230 3509; x_wconf 72' lang='grc' dir='ltr'><strong>χαμαὶ</strong></span> <span class='ocrx_word' id='word_1_479' title='bbox 1269 3434 1562 3506; x_wconf 81' lang='grc' dir='ltr'><strong>κοιμᾶσθαι</strong></span> <span class='ocrx_word' id='word_1_480' title='bbox 1584 3452 1600 3495; x_wconf 73' lang='grc' dir='ltr'><strong>ς</strong></span> <span class='ocrx_word' id='word_1_481' title='bbox 1625 3436 1709 3487; x_wconf 72' lang='grc' dir='ltr'><strong>ὲν-</strong></span> 
     </span>
    </p>
   </div>
   <div class='ocr_carea' id='block_1_63' title="bbox 141 3525 1707 3602">
    <p class='ocr_par' dir='ltr' id='par_1_63' title="bbox 141 3525 1707 3602">
     <span class='ocr_line' id='line_1_63' title="bbox 141 3525 1707 3602; baseline -0.007 -15"><span class='ocrx_word' id='word_1_482' title='bbox 141 3535 348 3602; x_wconf 85' lang='grc' dir='ltr'><strong>νόησον,</strong></span> <span class='ocrx_word' id='word_1_483' title='bbox 400 3534 482 3586; x_wconf 84' lang='grc' dir='ltr'><strong>δτι</strong></span> <span class='ocrx_word' id='word_1_484' title='bbox 528 3533 577 3585; x_wconf 80' lang='grc' dir='ltr'><strong>οἱ</strong></span> <span class='ocrx_word' id='word_1_485' title='bbox 624 3530 900 3602; x_wconf 88' lang='grc' dir='ltr'><strong>μάρτυρες</strong></span> <span class='ocrx_word' id='word_1_486' title='bbox 944 3529 1033 3581; x_wconf 71' lang='grc' dir='ltr'><strong>ἐπ’</strong></span> <span class='ocrx_word' id='word_1_487' title='bbox 1065 3526 1350 3598; x_wconf 84' lang='grc' dir='ltr'><strong>ἀνθράκων</strong></span> <span class='ocrx_word' id='word_1_488' title='bbox 1400 3525 1707 3580; x_wconf 70' lang='grc' dir='ltr'><strong>ἐϐάλλοντο*</strong></span> 
     </span>
    </p>
   </div>
   <div class='ocr_carea' id='block_1_64' title="bbox 142 3616 1711 3696">
    <p class='ocr_par' dir='ltr' id='par_1_64' title="bbox 142 3616 1711 3696">
     <span class='ocr_line' id='line_1_64' title="bbox 142 3616 1711 3696; baseline -0.007 -17"><span class='ocrx_word' id='word_1_489' title='bbox 142 3623 276 3679; x_wconf 77' lang='grc' dir='ltr'><strong>ἀλλὰ</strong></span> <span class='ocrx_word' id='word_1_490' title='bbox 298 3623 624 3696; x_wconf 84' lang='grc' dir='ltr'><strong>πικρότερόν</strong></span> <span class='ocrx_word' id='word_1_491' title='bbox 650 3639 744 3675; x_wconf 91' lang='grc' dir='ltr'><strong>σου</strong></span> <span class='ocrx_word' id='word_1_492' title='bbox 775 3622 919 3674; x_wconf 79' lang='grc' dir='ltr'><strong>ποιεί</strong></span> <span class='ocrx_word' id='word_1_493' title='bbox 940 3620 1002 3673; x_wconf 86' lang='grc' dir='ltr'><strong>τὸ</strong></span> <span class='ocrx_word' id='word_1_494' title='bbox 1024 3619 1198 3690; x_wconf 86' lang='grc' dir='ltr'><strong>στόμα</strong></span> <span class='ocrx_word' id='word_1_495' title='bbox 1222 3620 1256 3690; x_wconf 78' lang='grc' dir='ltr'>ὴ</span> <span class='ocrx_word' id='word_1_496' title='bbox 1286 3616 1546 3689; x_wconf 81' lang='grc' dir='ltr'><strong>νηστεία;</strong></span> <span class='ocrx_word' id='word_1_497' title='bbox 1580 3617 1711 3687; x_wconf 90' lang='grc' dir='ltr'><strong>Χρι-</strong></span> 
     </span>
    </p>
   </div>
   <div class='ocr_carea' id='block_1_65' title="bbox 147 3708 1709 3786">
    <p class='ocr_par' dir='ltr' id='par_1_65' title="bbox 147 3708 1709 3786">
     <span class='ocr_line' id='line_1_65' title="bbox 147 3708 1709 3786; baseline -0.004 -19"><span class='ocrx_word' id='word_1_498' title='bbox 147 3716 264 3780; x_wconf 78' lang='grc' dir='ltr'><strong>στὸς</strong></span> <span class='ocrx_word' id='word_1_499' title='bbox 307 3718 335 3771; x_wconf 96' lang='lat'><strong>6</strong></span> <span class='ocrx_word' id='word_1_500' title='bbox 360 3717 461 3786; x_wconf 82' lang='grc' dir='ltr'><strong>τὴν</strong></span> <span class='ocrx_word' id='word_1_501' title='bbox 507 3713 822 3784; x_wconf 78' lang='grc' dir='ltr'><strong>γλυκύτητα</strong></span> <span class='ocrx_word' id='word_1_502' title='bbox 867 3711 963 3765; x_wconf 82' lang='grc' dir='ltr'><strong>τοῦ</strong></span> <span class='ocrx_word' id='word_1_503' title='bbox 1018 3710 1233 3782; x_wconf 81' lang='grc' dir='ltr'><strong>μέλιτος</strong></span> <span class='ocrx_word' id='word_1_504' title='bbox 1273 3708 1709 3780; x_wconf 78' lang='grc' dir='ltr'><strong>δημιουργήσας,</strong></span> 
     </span>
    </p>
   </div>
   <div class='ocr_carea' id='block_1_66' title="bbox 143 3802 1707 3880">
    <p class='ocr_par' dir='ltr' id='par_1_66' title="bbox 143 3802 1707 3880">
     <span class='ocr_line' id='line_1_66' title="bbox 143 3802 1707 3880; baseline -0.005 -20"><span class='ocrx_word' id='word_1_505' title='bbox 143 3808 304 3880; x_wconf 84' lang='grc' dir='ltr'><strong>χολῆς</strong></span> <span class='ocrx_word' id='word_1_506' title='bbox 354 3807 618 3877; x_wconf 67' lang='grc' dir='ltr'><strong>ἐγεύσατο</strong></span> <span class='ocrx_word' id='word_1_507' title='bbox 656 3806 746 3859; x_wconf 85' lang='grc' dir='ltr'>διὰ</span> <span class='ocrx_word' id='word_1_508' title='bbox 796 3804 890 3858; x_wconf 74' lang='grc' dir='ltr'><strong>σέσ</strong></span> <span class='ocrx_word' id='word_1_509' title='bbox 931 3803 1065 3857; x_wconf 83' lang='grc' dir='ltr'><strong>ἀλλὰ</strong></span> <span class='ocrx_word' id='word_1_510' title='bbox 1111 3804 1367 3874; x_wconf 86' lang='grc' dir='ltr'><strong>δακρύεις</strong></span> <span class='ocrx_word' id='word_1_511' title='bbox 1406 3802 1474 3857; x_wconf 83' lang='grc' dir='ltr'><strong>δι’</strong></span> <span class='ocrx_word' id='word_1_512' title='bbox 1516 3803 1707 3872; x_wconf 82' lang='grc' dir='ltr'><strong>αὑτήνο</strong></span> 
     </span>
    </p>
   </div>
   <div class='ocr_carea' id='block_1_67' title="bbox 144 3894 1711 3968">
    <p class='ocr_par' dir='ltr' id='par_1_67' title="bbox 144 3894 1711 3968">
     <span class='ocr_line' id='line_1_67' title="bbox 144 3894 1711 3968; baseline -0.006 -13"><span class='ocrx_word' id='word_1_513' title='bbox 144 3902 263 3955; x_wconf 84' lang='grc' dir='ltr'><strong>ούδέ</strong></span> <span class='ocrx_word' id='word_1_514' title='bbox 318 3917 451 3955; x_wconf 87' lang='grc' dir='ltr'><strong>ποτε</strong></span> <span class='ocrx_word' id='word_1_515' title='bbox 506 3901 581 3958; x_wconf 84' lang='grc' dir='ltr'><strong>ὼς</strong></span> <span class='ocrx_word' id='word_1_516' title='bbox 632 3900 661 3951; x_wconf 91' lang='lat'><strong>6</strong></span> <span class='ocrx_word' id='word_1_517' title='bbox 707 3898 917 3961; x_wconf 81' lang='grc' dir='ltr'><strong>Παῦλος</strong></span> <span class='ocrx_word' id='word_1_518' title='bbox 955 3896 1045 3950; x_wconf 83' lang='grc' dir='ltr'><strong>διὰ</strong></span> <span class='ocrx_word' id='word_1_519' title='bbox 1080 3896 1174 3968; x_wconf 73' lang='grc' dir='ltr'><strong>τὴν</strong></span> <span class='ocrx_word' id='word_1_520' title='bbox 1199 3897 1404 3966; x_wconf 80' lang='grc' dir='ltr'><strong>ἑτέρων</strong></span> <span class='ocrx_word' id='word_1_521' title='bbox 1436 3894 1711 3964; x_wconf 85' lang='grc' dir='ltr'><strong>σωτηρίαν</strong></span> 
     </span>
    </p>
   </div>
   <div class='ocr_carea' id='block_1_68' title="bbox 147 3985 1711 4063">
    <p class='ocr_par' dir='ltr' id='par_1_68' title="bbox 147 3985 1711 4063">
     <span class='ocr_line' id='line_1_68' title="bbox 147 3985 1711 4063; baseline -0.004 -18"><span class='ocrx_word' id='word_1_522' title='bbox 147 3994 464 4063; x_wconf 73' lang='grc' dir='ltr'><strong>ἐδάκρυσας.</strong></span> <span class='ocrx_word' id='word_1_523' title='bbox 507 3992 597 4045; x_wconf 83' lang='grc' dir='ltr'><strong>Ἐν</strong></span> <span class='ocrx_word' id='word_1_524' title='bbox 651 3989 861 4054; x_wconf 88' lang='grc' dir='ltr'><strong>τούτοις</strong></span> <span class='ocrx_word' id='word_1_525' title='bbox 902 3988 1136 4058; x_wconf 80' lang='grc' dir='ltr'><strong>σεαυτὴν</strong></span> <span class='ocrx_word' id='word_1_526' title='bbox 1194 3985 1524 4057; x_wconf 74' lang='grc' dir='ltr'><strong>παρακάλειο</strong></span> <span class='ocrx_word' id='word_1_527' title='bbox 1574 3986 1711 4055; x_wconf 73' lang='grc' dir='ltr'><strong>πρὸς</strong></span> 
     </span>
    </p>
   </div>
   <div class='ocr_carea' id='block_1_69' title="bbox 144 4077 1713 4157">
    <p class='ocr_par' dir='ltr' id='par_1_69' title="bbox 144 4077 1713 4157">
     <span class='ocr_line' id='line_1_69' title="bbox 144 4077 1713 4157; baseline -0.005 -20"><span class='ocrx_word' id='word_1_528' title='bbox 144 4085 318 4155; x_wconf 81' lang='grc' dir='ltr'><strong>ὀλίγον</strong></span> <span class='ocrx_word' id='word_1_529' title='bbox 341 4086 534 4157; x_wconf 89' lang='grc' dir='ltr'><strong>χρόνον</strong></span> <span class='ocrx_word' id='word_1_530' title='bbox 556 4087 584 4138; x_wconf 92' lang='lat'><strong>6</strong></span> <span class='ocrx_word' id='word_1_531' title='bbox 605 4083 869 4153; x_wconf 87' lang='grc' dir='ltr'><strong>κάματος,</strong></span> <span class='ocrx_word' id='word_1_532' title='bbox 898 4082 990 4134; x_wconf 75' lang='grc' dir='ltr'><strong>καὶ</strong></span> <span class='ocrx_word' id='word_1_533' title='bbox 1010 4082 1091 4144; x_wconf 82' lang='grc' dir='ltr'><strong>είς</strong></span> <span class='ocrx_word' id='word_1_534' title='bbox 1115 4079 1286 4134; x_wconf 80' lang='grc' dir='ltr'><strong>αἰῶνα</strong></span> <span class='ocrx_word' id='word_1_535' title='bbox 1309 4078 1504 4141; x_wconf 83' lang='grc' dir='ltr'><strong>αἰῶνος</strong></span> <span class='ocrx_word' id='word_1_536' title='bbox 1525 4078 1558 4149; x_wconf 82' lang='grc' dir='ltr'><strong>ή</strong></span> <span class='ocrx_word' id='word_1_537' title='bbox 1588 4077 1713 4130; x_wconf 82' lang='grc' dir='ltr'><strong>ἀνά-</strong></span> 
     </span>
    </p>
   </div>
   <div class='ocr_carea' id='block_1_70' title="bbox 145 4169 1710 4250">
    <p class='ocr_par' dir='ltr' id='par_1_70' title="bbox 145 4169 1710 4250">
     <span class='ocr_line' id='line_1_70' title="bbox 145 4169 1710 4250; baseline -0.006 -19"><span class='ocrx_word' id='word_1_538' title='bbox 145 4195 360 4242; x_wconf 88' lang='grc' dir='ltr'><strong>παυσις.</strong></span> <span class='ocrx_word' id='word_1_539' title='bbox 397 4178 691 4250; x_wconf 78' lang='grc' dir='ltr'><strong>Νέκρωσον</strong></span> <span class='ocrx_word' id='word_1_540' title='bbox 711 4178 778 4246; x_wconf 76' lang='grc' dir='ltr'><strong>τῇ</strong></span> <span class='ocrx_word' id='word_1_541' title='bbox 811 4172 1109 4246; x_wconf 80' lang='grc' dir='ltr'><strong>προσδοκίᾳ</strong></span> <span class='ocrx_word' id='word_1_542' title='bbox 1141 4172 1233 4225; x_wconf 82' lang='grc' dir='ltr'><strong>τὸν</strong></span> <span class='ocrx_word' id='word_1_543' title='bbox 1261 4170 1443 4236; x_wconf 83' lang='grc' dir='ltr'><strong>πόνον,</strong></span> <span class='ocrx_word' id='word_1_544' title='bbox 1470 4170 1570 4242; x_wconf 79' lang='grc' dir='ltr'><strong>τὴν</strong></span> <span class='ocrx_word' id='word_1_545' title='bbox 1603 4169 1710 4241; x_wconf 79' lang='grc' dir='ltr'><strong>γὰρ</strong></span> 
     </span>
    </p>
   </div>
   <div class='ocr_carea' id='block_1_71' title="bbox 1810 3069 3380 3142">
    <p class='ocr_par' dir='ltr' id='par_1_71' title="bbox 1810 3069 3380 3142">
     <span class='ocr_line' id='line_1_71' title="bbox 1810 3069 3380 3142; baseline 0.001 -18"><span class='ocrx_word' id='word_1_546' title='bbox 1810 3081 2082 3142; x_wconf 87' lang='lat' dir='ltr'><strong>martyres</strong></span> <span class='ocrx_word' id='word_1_547' title='bbox 2124 3072 2335 3128; x_wconf 88' lang='lat' dir='ltr'><strong>animas</strong></span> <span class='ocrx_word' id='word_1_548' title='bbox 2376 3087 2506 3128; x_wconf 88' lang='lat' dir='ltr'><strong>snas</strong></span> <span class='ocrx_word' id='word_1_549' title='bbox 2542 3071 2829 3137; x_wconf 89' lang='lat' dir='ltr'><strong>dederunt,</strong></span> <span class='ocrx_word' id='word_1_550' title='bbox 2882 3086 2983 3126; x_wconf 91' lang='lat' dir='ltr'><strong>nos</strong></span> <span class='ocrx_word' id='word_1_551' title='bbox 3037 3071 3227 3127; x_wconf 86' lang='lat' dir='ltr'><strong>saltem</strong></span> <span class='ocrx_word' id='word_1_552' title='bbox 3278 3069 3380 3126; x_wconf 82' lang='lat' dir='ltr'><strong>lla-</strong></span> 
     </span>
    </p>
   </div>
   <div class='ocr_carea' id='block_1_72' title="bbox 1806 3162 3377 3234">
    <p class='ocr_par' dir='ltr' id='par_1_72' title="bbox 1806 3162 3377 3234">
     <span class='ocr_line' id='line_1_72' title="bbox 1806 3162 3377 3234; baseline 0.001 -15"><span class='ocrx_word' id='word_1_553' title='bbox 1806 3164 2152 3234; x_wconf 85' lang='lat' dir='ltr'><strong>gellationem</strong></span> <span class='ocrx_word' id='word_1_554' title='bbox 2202 3173 2447 3220; x_wconf 85' lang='lat' dir='ltr'><strong>nostram</strong></span> <span class='ocrx_word' id='word_1_555' title='bbox 2498 3162 2815 3219; x_wconf 62' lang='lat' dir='ltr'><strong>oneramus.</strong></span> <span class='ocrx_word' id='word_1_556' title='bbox 2878 3162 3065 3219; x_wconf 88' lang='lat' dir='ltr'><strong>Dulcis</strong></span> <span class='ocrx_word' id='word_1_557' title='bbox 3148 3178 3377 3221; x_wconf 86' lang='lat' dir='ltr'><strong>somnus</strong></span> 
     </span>
    </p>
   </div>
   <div class='ocr_carea' id='block_1_73' title="bbox 1808 3256 3379 3328">
    <p class='ocr_par' dir='ltr' id='par_1_73' title="bbox 1808 3256 3379 3328">
     <span class='ocr_line' id='line_1_73' title="bbox 1808 3256 3379 3328; baseline 0.001 -18"><span class='ocrx_word' id='word_1_558' title='bbox 1808 3270 1966 3311; x_wconf 87' lang='lat' dir='ltr'><strong>nocte</strong></span> <span class='ocrx_word' id='word_1_559' title='bbox 2001 3258 2235 3320; x_wconf 84' lang='lat' dir='ltr'><strong>videtur,</strong></span> <span class='ocrx_word' id='word_1_560' title='bbox 2272 3258 2366 3311; x_wconf 89' lang='lat' dir='ltr'><strong>sed</strong></span> <span class='ocrx_word' id='word_1_561' title='bbox 2396 3258 2534 3313; x_wconf 89' lang='lat' dir='ltr'><strong>bene</strong></span> <span class='ocrx_word' id='word_1_562' title='bbox 2588 3258 2730 3313; x_wconf 88' lang='lat' dir='ltr'><strong>nosti</strong></span> <span class='ocrx_word' id='word_1_563' title='bbox 2768 3257 2913 3326; x_wconf 91' lang='lat' dir='ltr'><strong>quod</strong></span> <span class='ocrx_word' id='word_1_564' title='bbox 2947 3256 3083 3312; x_wconf 90' lang='lat' dir='ltr'><strong>nihil</strong></span> <span class='ocrx_word' id='word_1_565' title='bbox 3138 3257 3379 3328; x_wconf 88' lang='lat' dir='ltr'><strong>psalmo-</strong></span> 
     </span>
    </p>
   </div>
   <div class='ocr_carea' id='block_1_74' title="bbox 1806 3352 3380 3423">
    <p class='ocr_par' dir='ltr' id='par_1_74' title="bbox 1806 3352 3380 3423">
     <span class='ocr_line' id='line_1_74' title="bbox 1806 3352 3380 3423; baseline 0.001 -16"><span class='ocrx_word' id='word_1_566' title='bbox 1806 3352 1895 3407; x_wconf 86' lang='lat' dir='ltr'><strong>dia</strong></span> <span class='ocrx_word' id='word_1_567' title='bbox 1920 3352 2155 3408; x_wconf 89' lang='lat' dir='ltr'><strong>dulcius.</strong></span> <span class='ocrx_word' id='word_1_568' title='bbox 2186 3354 2255 3407; x_wconf 84' lang='lat' dir='ltr'><strong>At</strong></span> <span class='ocrx_word' id='word_1_569' title='bbox 2279 3367 2445 3422; x_wconf 77' lang='lat' dir='ltr'><strong>grave</strong></span> <span class='ocrx_word' id='word_1_570' title='bbox 2472 3352 2568 3407; x_wconf 87' lang='lat' dir='ltr'><strong>tibi</strong></span> <span class='ocrx_word' id='word_1_571' title='bbox 2595 3352 2743 3407; x_wconf 86' lang='lat' dir='ltr'><strong>humi</strong></span> <span class='ocrx_word' id='word_1_572' title='bbox 2772 3352 3016 3408; x_wconf 81' lang='lat' dir='ltr'><strong>cuhare?</strong></span> <span class='ocrx_word' id='word_1_573' title='bbox 3044 3354 3217 3422; x_wconf 74' lang='lat' dir='ltr'><strong>cogita</strong></span> <span class='ocrx_word' id='word_1_574' title='bbox 3234 3352 3380 3423; x_wconf 86' lang='lat' dir='ltr'><strong>quod</strong></span> 
     </span>
    </p>
   </div>
   <div class='ocr_carea' id='block_1_75' title="bbox 1808 3444 3380 3516">
    <p class='ocr_par' dir='ltr' id='par_1_75' title="bbox 1808 3444 3380 3516">
     <span class='ocr_line' id='line_1_75' title="bbox 1808 3444 3380 3516; baseline 0.003 -19"><span class='ocrx_word' id='word_1_575' title='bbox 1808 3455 2075 3516; x_wconf 87' lang='lat' dir='ltr'><strong>martyres</strong></span> <span class='ocrx_word' id='word_1_576' title='bbox 2121 3460 2285 3515; x_wconf 85' lang='lat' dir='ltr'><strong>super</strong></span> <span class='ocrx_word' id='word_1_577' title='bbox 2312 3446 2580 3499; x_wconf 83' lang='lat' dir='ltr'><strong>carbones</strong></span> <span class='ocrx_word' id='word_1_578' title='bbox 2606 3445 2975 3515; x_wconf 73' lang='lat' dir='ltr'><strong>iactabantur.</strong></span> <span class='ocrx_word' id='word_1_579' title='bbox 3021 3444 3091 3500; x_wconf 78' lang='lat' dir='ltr'><strong>At</strong></span> <span class='ocrx_word' id='word_1_580' title='bbox 3138 3445 3380 3502; x_wconf 88' lang='lat' dir='ltr'><strong>amarius</strong></span> 
     </span>
    </p>
   </div>
   <div class='ocr_carea' id='block_1_76' title="bbox 1808 3533 3378 3606">
    <p class='ocr_par' dir='ltr' id='par_1_76' title="bbox 1808 3533 3378 3606">
     <span class='ocr_line' id='line_1_76' title="bbox 1808 3533 3378 3606; baseline 0 -16"><span class='ocrx_word' id='word_1_581' title='bbox 1808 3552 1872 3591; x_wconf 89' lang='lat' dir='ltr'><strong>os</strong></span> <span class='ocrx_word' id='word_1_582' title='bbox 1930 3534 2060 3591; x_wconf 84' lang='lat' dir='ltr'><strong>facit</strong></span> <span class='ocrx_word' id='word_1_583' title='bbox 2094 3534 2357 3606; x_wconf 82' lang='lat' dir='ltr'><strong>iejunium</strong></span> <span class='ocrx_word' id='word_1_584' title='bbox 2382 3536 2406 3589; x_wconf 87' lang='lat'><strong>?</strong></span> <span class='ocrx_word' id='word_1_585' title='bbox 2435 3533 2688 3590; x_wconf 81' lang='lat' dir='ltr'><strong>Christus</strong></span> <span class='ocrx_word' id='word_1_586' title='bbox 2721 3535 2813 3606; x_wconf 88' lang='lat' dir='ltr'><strong>qui</strong></span> <span class='ocrx_word' id='word_1_587' title='bbox 2837 3536 3011 3590; x_wconf 74' lang='lat' dir='ltr'><strong>mellis</strong></span> <span class='ocrx_word' id='word_1_588' title='bbox 3039 3535 3378 3590; x_wconf 83' lang='lat' dir='ltr'><strong>dulcedinem</strong></span> 
     </span>
    </p>
   </div>
   <div class='ocr_carea' id='block_1_77' title="bbox 1808 3625 3383 3698">
    <p class='ocr_par' dir='ltr' id='par_1_77' title="bbox 1808 3625 3383 3698">
     <span class='ocr_line' id='line_1_77' title="bbox 1808 3625 3383 3698; baseline 0 -15"><span class='ocrx_word' id='word_1_589' title='bbox 1808 3629 2033 3695; x_wconf 79' lang='lat' dir='ltr'><strong>creavit,</strong></span> <span class='ocrx_word' id='word_1_590' title='bbox 2065 3626 2137 3682; x_wconf 81' lang='lat' dir='ltr'><strong>fel</strong></span> <span class='ocrx_word' id='word_1_591' title='bbox 2186 3634 2405 3698; x_wconf 84' lang='lat' dir='ltr'><strong>propter</strong></span> <span class='ocrx_word' id='word_1_592' title='bbox 2453 3635 2508 3682; x_wconf 89' lang='lat' dir='ltr'><strong>te</strong></span> <span class='ocrx_word' id='word_1_593' title='bbox 2557 3628 2814 3698; x_wconf 74' lang='lat' dir='ltr'><strong>gustavit.</strong></span> <span class='ocrx_word' id='word_1_594' title='bbox 2876 3625 2982 3682; x_wconf 90' lang='lat' dir='ltr'><strong>Sed</strong></span> <span class='ocrx_word' id='word_1_595' title='bbox 3042 3627 3193 3696; x_wconf 80' lang='lat' dir='ltr'><strong>luges</strong></span> <span class='ocrx_word' id='word_1_596' title='bbox 3255 3642 3383 3697; x_wconf 87' lang='lat' dir='ltr'><strong>pro-</strong></span> 
     </span>
    </p>
   </div>
   <div class='ocr_carea' id='block_1_78' title="bbox 1811 3718 3383 3789">
    <p class='ocr_par' dir='ltr' id='par_1_78' title="bbox 1811 3718 3383 3789">
     <span class='ocr_line' id='line_1_78' title="bbox 1811 3718 3383 3789; baseline -0.001 -17"><span class='ocrx_word' id='word_1_597' title='bbox 1811 3728 1931 3789; x_wconf 88' lang='lat' dir='ltr'><strong>pter</strong></span> <span class='ocrx_word' id='word_1_598' title='bbox 1961 3728 2015 3774; x_wconf 92' lang='lat' dir='ltr'><strong>te</strong></span> <span class='ocrx_word' id='word_1_599' title='bbox 2058 3718 2272 3787; x_wconf 74' lang='lat' dir='ltr'><strong>ipsam?</strong></span> <span class='ocrx_word' id='word_1_600' title='bbox 2303 3733 2579 3788; x_wconf 80' lang='lat' dir='ltr'><strong>nunquam</strong></span> <span class='ocrx_word' id='word_1_601' title='bbox 2613 3719 2758 3773; x_wconf 91' lang='lat' dir='ltr'><strong>sicut</strong></span> <span class='ocrx_word' id='word_1_602' title='bbox 2785 3718 2987 3773; x_wconf 87' lang='lat' dir='ltr'><strong>Paulus</strong></span> <span class='ocrx_word' id='word_1_603' title='bbox 3013 3728 3233 3788; x_wconf 90' lang='lat' dir='ltr'><strong>propter</strong></span> <span class='ocrx_word' id='word_1_604' title='bbox 3254 3719 3383 3772; x_wconf 90' lang='lat' dir='ltr'><strong>alio-</strong></span> 
     </span>
    </p>
   </div>
   <div class='ocr_carea' id='block_1_79' title="bbox 1812 3809 3379 3882">
    <p class='ocr_par' dir='ltr' id='par_1_79' title="bbox 1812 3809 3379 3882">
     <span class='ocr_line' id='line_1_79' title="bbox 1812 3809 3379 3882; baseline -0.001 -17"><span class='ocrx_word' id='word_1_605' title='bbox 1812 3826 1932 3865; x_wconf 85' lang='lat' dir='ltr'><strong>rum</strong></span> <span class='ocrx_word' id='word_1_606' title='bbox 1992 3811 2222 3866; x_wconf 89' lang='lat' dir='ltr'><strong>salutem</strong></span> <span class='ocrx_word' id='word_1_607' title='bbox 2281 3812 2551 3882; x_wconf 88' lang='lat' dir='ltr'><strong>lacrymas</strong></span> <span class='ocrx_word' id='word_1_608' title='bbox 2609 3809 2822 3866; x_wconf 88' lang='lat' dir='ltr'><strong>ludisti.</strong></span> <span class='ocrx_word' id='word_1_609' title='bbox 2884 3811 2942 3866; x_wconf 86' lang='lat' dir='ltr'><strong>In</strong></span> <span class='ocrx_word' id='word_1_610' title='bbox 3001 3811 3087 3867; x_wconf 85' lang='lat' dir='ltr'><strong>his</strong></span> <span class='ocrx_word' id='word_1_611' title='bbox 3154 3811 3379 3880; x_wconf 86' lang='lat' dir='ltr'><strong>teipsam</strong></span> 
     </span>
    </p>
   </div>
   <div class='ocr_carea' id='block_1_80' title="bbox 1813 3902 3379 3974">
    <p class='ocr_par' dir='ltr' id='par_1_80' title="bbox 1813 3902 3379 3974">
     <span class='ocr_line' id='line_1_80' title="bbox 1813 3902 3379 3974; baseline -0.001 -15"><span class='ocrx_word' id='word_1_612' title='bbox 1813 3903 2097 3959; x_wconf 88' lang='lat' dir='ltr'><strong>consolare</strong></span> <span class='ocrx_word' id='word_1_613' title='bbox 2139 3922 2151 3957; x_wconf 93' lang='lat'><strong>:</strong></span> <span class='ocrx_word' id='word_1_614' title='bbox 2202 3902 2270 3958; x_wconf 90' lang='lat' dir='ltr'><strong>ad</strong></span> <span class='ocrx_word' id='word_1_615' title='bbox 2332 3904 2607 3959; x_wconf 90' lang='lat' dir='ltr'><strong>modicum</strong></span> <span class='ocrx_word' id='word_1_616' title='bbox 2665 3904 2924 3974; x_wconf 90' lang='lat' dir='ltr'><strong>temporis</strong></span> <span class='ocrx_word' id='word_1_617' title='bbox 2974 3903 3165 3971; x_wconf 90' lang='lat' dir='ltr'><strong>labor,</strong></span> <span class='ocrx_word' id='word_1_618' title='bbox 3224 3911 3280 3960; x_wconf 91' lang='lat' dir='ltr'><strong>et</strong></span> <span class='ocrx_word' id='word_1_619' title='bbox 3326 3904 3379 3958; x_wconf 91' lang='lat' dir='ltr'><strong>in</strong></span> 
     </span>
    </p>
   </div>
   <div class='ocr_carea' id='block_1_81' title="bbox 1818 3995 3383 4067">
    <p class='ocr_par' dir='ltr' id='par_1_81' title="bbox 1818 3995 3383 4067">
     <span class='ocr_line' id='line_1_81' title="bbox 1818 3995 3383 4067; baseline 0 -16"><span class='ocrx_word' id='word_1_620' title='bbox 1818 3996 2074 4051; x_wconf 66' lang='lat' dir='ltr'><strong>saeculum</strong></span> <span class='ocrx_word' id='word_1_621' title='bbox 2119 3996 2303 4053; x_wconf 65' lang='lat' dir='ltr'><strong>saeculi</strong></span> <span class='ocrx_word' id='word_1_622' title='bbox 2338 3996 2588 4067; x_wconf 80' lang='lat' dir='ltr'><strong>requies:</strong></span> <span class='ocrx_word' id='word_1_623' title='bbox 2623 3995 2810 4067; x_wconf 86' lang='lat' dir='ltr'><strong>mitiga</strong></span> <span class='ocrx_word' id='word_1_624' title='bbox 2835 4011 2930 4067; x_wconf 81' lang='lat' dir='ltr'><strong>spe</strong></span> <span class='ocrx_word' id='word_1_625' title='bbox 2958 3996 3224 4063; x_wconf 85' lang='lat' dir='ltr'><strong>laborem,</strong></span> <span class='ocrx_word' id='word_1_626' title='bbox 3281 3997 3383 4051; x_wconf 88' lang='lat' dir='ltr'><strong>tri-</strong></span> 
     </span>
    </p>
   </div>
   <div class='ocr_carea' id='block_1_82' title="bbox 1817 4087 3379 4159">
    <p class='ocr_par' dir='ltr' id='par_1_82' title="bbox 1817 4087 3379 4159">
     <span class='ocr_line' id='line_1_82' title="bbox 1817 4087 3379 4159; baseline 0.001 -16"><span class='ocrx_word' id='word_1_627' title='bbox 1817 4088 2079 4143; x_wconf 75' lang='lat' dir='ltr'><strong>liulationi</strong></span> <span class='ocrx_word' id='word_1_628' title='bbox 2107 4089 2252 4142; x_wconf 87' lang='lat' dir='ltr'><strong>enim</strong></span> <span class='ocrx_word' id='word_1_629' title='bbox 2287 4088 2473 4144; x_wconf 70' lang='lat' dir='ltr'><strong>laetitia</strong></span> <span class='ocrx_word' id='word_1_630' title='bbox 2530 4088 2796 4144; x_wconf 85' lang='lat' dir='ltr'><strong>succedit.</strong></span> <span class='ocrx_word' id='word_1_631' title='bbox 2825 4087 3038 4159; x_wconf 89' lang='lat' dir='ltr'><strong>Cogita,</strong></span> <span class='ocrx_word' id='word_1_632' title='bbox 3071 4088 3217 4159; x_wconf 89' lang='lat' dir='ltr'><strong>quod</strong></span> <span class='ocrx_word' id='word_1_633' title='bbox 3257 4104 3379 4159; x_wconf 63' lang='lat' dir='ltr'><strong>qua</strong></span> 
     </span>
    </p>
   </div>
   <div class='ocr_carea' id='block_1_83' title="bbox 1814 4178 3381 4252">
    <p class='ocr_par' dir='ltr' id='par_1_83' title="bbox 1814 4178 3381 4252">
     <span class='ocr_line' id='line_1_83' title="bbox 1814 4178 3381 4252; baseline 0.001 -18"><span class='ocrx_word' id='word_1_634' title='bbox 1814 4178 1883 4234; x_wconf 84' lang='lat' dir='ltr'><strong>ad</strong></span> <span class='ocrx_word' id='word_1_635' title='bbox 1914 4188 2129 4250; x_wconf 90' lang='lat' dir='ltr'><strong>tempus</strong></span> <span class='ocrx_word' id='word_1_636' title='bbox 2158 4180 2370 4235; x_wconf 90' lang='lat' dir='ltr'><strong>videtur</strong></span> <span class='ocrx_word' id='word_1_637' title='bbox 2403 4181 2655 4250; x_wconf 82' lang='lat' dir='ltr'><strong>voluptas</strong></span> <span class='ocrx_word' id='word_1_638' title='bbox 2715 4190 2981 4235; x_wconf 69' lang='lat' dir='ltr'><strong>aeternum</strong></span> <span class='ocrx_word' id='word_1_639' title='bbox 3044 4190 3199 4250; x_wconf 84' lang='lat' dir='ltr'><strong>parat</strong></span> <span class='ocrx_word' id='word_1_640' title='bbox 3248 4197 3381 4252; x_wconf 80' lang='lat' dir='ltr'><strong>sup-</strong></span> 
     </span>
    </p>
   </div>
   <div class='ocr_carea' id='block_1_84' title="bbox 147 4263 1705 4367">
    <p class='ocr_par' dir='ltr' id='par_1_84' title="bbox 147 4263 1705 4340">
     <span class='ocr_line' id='line_1_84' title="bbox 147 4263 1705 4340; baseline -0.003 -20"><span class='ocrx_word' id='word_1_641' title='bbox 147 4268 318 4340; x_wconf 77' lang='grc' dir='ltr'><strong>θλῖψιν</strong></span> <span class='ocrx_word' id='word_1_642' title='bbox 360 4272 396 4339; x_wconf 81' lang='grc' dir='ltr'><strong>η</strong></span> <span class='ocrx_word' id='word_1_643' title='bbox 435 4270 576 4339; x_wconf 68' lang='grc' dir='ltr'><strong>χαρὰ</strong></span> <span class='ocrx_word' id='word_1_644' title='bbox 606 4267 928 4336; x_wconf 80' lang='grc' dir='ltr'><strong>διαδέχεται.</strong></span> <span class='ocrx_word' id='word_1_645' title='bbox 972 4263 1273 4333; x_wconf 82' lang='grc' dir='ltr'><strong>Ἐννόησον.</strong></span> <span class='ocrx_word' id='word_1_646' title='bbox 1302 4264 1384 4316; x_wconf 83' lang='grc' dir='ltr'><strong>ὅτι</strong></span> <span class='ocrx_word' id='word_1_647' title='bbox 1419 4263 1554 4334; x_wconf 88' lang='grc' dir='ltr'><strong>πρὸς</strong></span> <span class='ocrx_word' id='word_1_648' title='bbox 1587 4278 1705 4316; x_wconf 87' lang='grc' dir='ltr'><strong>και·</strong></span> 
     </span>
    </p>
   </div>
   <div class='ocr_carea' id='block_1_85' title="bbox 1810 4263 3379 4367">
    <p class='ocr_par' dir='ltr' id='par_1_85' title="bbox 1811 4272 3379 4345">
     <span class='ocr_line' id='line_1_85' title="bbox 1811 4272 3379 4345; baseline 0.002 -19"><span class='ocrx_word' id='word_1_649' title='bbox 1811 4272 2053 4337; x_wconf 86' lang='lat' dir='ltr'><strong>plicium,</strong></span> <span class='ocrx_word' id='word_1_650' title='bbox 2076 4282 2131 4328; x_wconf 89' lang='lat' dir='ltr'><strong>et</strong></span> <span class='ocrx_word' id='word_1_651' title='bbox 2152 4283 2371 4344; x_wconf 89' lang='lat' dir='ltr'><strong>propter</strong></span> <span class='ocrx_word' id='word_1_652' title='bbox 2384 4274 2790 4330; x_wconf 86' lang='lat' dir='ltr'><strong>tribulationem</strong></span> <span class='ocrx_word' id='word_1_653' title='bbox 2815 4273 2940 4345; x_wconf 78' lang='lat' dir='ltr'><strong>fuge</strong></span> <span class='ocrx_word' id='word_1_654' title='bbox 2968 4272 3379 4329; x_wconf 81' lang='lat' dir='ltr'><strong>delectationem</strong></span> 
     </span>
    </p>
   </div>
   <div class='ocr_carea' id='block_1_86' title="bbox 148 4354 1705 4437">
    <p class='ocr_par' dir='ltr' id='par_1_86' title="bbox 148 4354 1705 4432">
     <span class='ocr_line' id='line_1_86' title="bbox 148 4354 1705 4432; baseline -0.004 -18"><span class='ocrx_word' id='word_1_655' title='bbox 148 4361 237 4428; x_wconf 75' lang='grc' dir='ltr'><strong>ρδν</strong></span> <span class='ocrx_word' id='word_1_656' title='bbox 263 4363 590 4432; x_wconf 75' lang='grc' dir='ltr'><strong>νομιζομένη</strong></span> <span class='ocrx_word' id='word_1_657' title='bbox 617 4358 797 4432; x_wconf 76' lang='grc' dir='ltr'><strong>ἡδονὴ,</strong></span> <span class='ocrx_word' id='word_1_658' title='bbox 820 4358 1043 4411; x_wconf 76' lang='grc' dir='ltr'><strong>αἰωνίαν</strong></span> <span class='ocrx_word' id='word_1_659' title='bbox 1074 4355 1296 4410; x_wconf 84' lang='grc' dir='ltr'><strong>κόλασιν</strong></span> <span class='ocrx_word' id='word_1_660' title='bbox 1322 4357 1592 4427; x_wconf 81' lang='grc' dir='ltr'><strong>προξενεῖ,</strong></span> <span class='ocrx_word' id='word_1_661' title='bbox 1614 4354 1705 4409; x_wconf 81' lang='grc' dir='ltr'><strong>καὶ</strong></span> 
     </span>
    </p>
   </div>
   <div class='ocr_carea' id='block_1_87' title="bbox 1810 4354 3383 4437">
    <p class='ocr_par' dir='ltr' id='par_1_87' title="bbox 1815 4366 3383 4437">
     <span class='ocr_line' id='line_1_87' title="bbox 1815 4366 3383 4437; baseline 0.002 -17"><span class='ocrx_word' id='word_1_662' title='bbox 1815 4382 1884 4421; x_wconf 89' lang='lat' dir='ltr'><strong>ne</strong></span> <span class='ocrx_word' id='word_1_663' title='bbox 1942 4366 2200 4421; x_wconf 87' lang='lat' dir='ltr'><strong>membris</strong></span> <span class='ocrx_word' id='word_1_664' title='bbox 2230 4366 2339 4420; x_wconf 85' lang='lat' dir='ltr'><strong>tuis</strong></span> <span class='ocrx_word' id='word_1_665' title='bbox 2399 4366 2454 4419; x_wconf 95' lang='lat' dir='ltr'><strong>in</strong></span> <span class='ocrx_word' id='word_1_666' title='bbox 2493 4367 2722 4437; x_wconf 81' lang='lat' dir='ltr'><strong>sagittas</strong></span> <span class='ocrx_word' id='word_1_667' title='bbox 2780 4375 2968 4421; x_wconf 89' lang='lat' dir='ltr'><strong>contra</strong></span> <span class='ocrx_word' id='word_1_668' title='bbox 3021 4375 3076 4423; x_wconf 85' lang='lat' dir='ltr'><strong>te</strong></span> <span class='ocrx_word' id='word_1_669' title='bbox 3132 4366 3383 4423; x_wconf 86' lang='lat' dir='ltr'><strong>diabolus</strong></span> 
     </span>
    </p>
   </div>
   <div class='ocr_carea' id='block_1_88' title="bbox 147 4446 1708 4523">
    <p class='ocr_par' dir='ltr' id='par_1_88' title="bbox 147 4446 1708 4523">
     <span class='ocr_line' id='line_1_88' title="bbox 147 4446 1708 4523; baseline -0.001 -21"><span class='ocrx_word' id='word_1_670' title='bbox 147 4450 279 4519; x_wconf 88' lang='grc' dir='ltr'><strong>φύγε</strong></span> <span class='ocrx_word' id='word_1_671' title='bbox 308 4451 408 4523; x_wconf 81' lang='grc' dir='ltr'><strong>τὴν</strong></span> <span class='ocrx_word' id='word_1_672' title='bbox 435 4450 645 4521; x_wconf 80' lang='grc' dir='ltr'><strong>τέρψιν,</strong></span> <span class='ocrx_word' id='word_1_673' title='bbox 678 4448 764 4502; x_wconf 76' lang='grc' dir='ltr'><strong>διὰ</strong></span> <span class='ocrx_word' id='word_1_674' title='bbox 791 4449 892 4519; x_wconf 78' lang='grc' dir='ltr'><strong>τὴν</strong></span> <span class='ocrx_word' id='word_1_675' title='bbox 914 4448 1114 4517; x_wconf 81' lang='grc' dir='ltr'><strong>θλῖψιν⁶</strong></span> <span class='ocrx_word' id='word_1_676' title='bbox 1142 4450 1217 4519; x_wconf 77' lang='grc' dir='ltr'><strong>μὴ</strong></span> <span class='ocrx_word' id='word_1_677' title='bbox 1245 4450 1359 4511; x_wconf 81' lang='grc' dir='ltr'><strong>τοῖς</strong></span> <span class='ocrx_word' id='word_1_678' title='bbox 1383 4449 1495 4510; x_wconf 79' lang='grc' dir='ltr'><strong>σοῖς</strong></span> <span class='ocrx_word' id='word_1_679' title='bbox 1521 4446 1708 4516; x_wconf 76' lang='grc' dir='ltr'><strong>μέλεσι</strong></span> 
     </span>
    </p>
   </div>
   <div class='ocr_carea' id='block_1_89' title="bbox 148 4535 1707 4612">
    <p class='ocr_par' dir='ltr' id='par_1_89' title="bbox 148 4535 1707 4612">
     <span class='ocr_line' id='line_1_89' title="bbox 148 4535 1707 4612; baseline -0.003 -18"><span class='ocrx_word' id='word_1_680' title='bbox 148 4543 285 4597; x_wconf 78' lang='grc' dir='ltr'><strong>κατά</strong></span> <span class='ocrx_word' id='word_1_681' title='bbox 322 4542 416 4597; x_wconf 79' lang='grc' dir='ltr'><strong>σοῦ</strong></span> <span class='ocrx_word' id='word_1_682' title='bbox 448 4541 624 4611; x_wconf 79' lang='grc' dir='ltr'><strong>βέλεσι</strong></span> <span class='ocrx_word' id='word_1_683' title='bbox 655 4541 925 4612; x_wconf 78' lang='grc' dir='ltr'><strong>χρήσηται</strong></span> <span class='ocrx_word' id='word_1_684' title='bbox 959 4542 988 4592; x_wconf 90' lang='lat'><strong>6</strong></span> <span class='ocrx_word' id='word_1_685' title='bbox 1020 4538 1288 4602; x_wconf 87' lang='grc' dir='ltr'><strong>διάϐολος,</strong></span> <span class='ocrx_word' id='word_1_686' title='bbox 1311 4537 1391 4609; x_wconf 85' lang='grc' dir='ltr'><strong>τῷ</strong></span> <span class='ocrx_word' id='word_1_687' title='bbox 1422 4535 1707 4607; x_wconf 73' lang='grc' dir='ltr'><strong>ὀφθαλμῷ,</strong></span> 
     </span>
    </p>
   </div>
   <div class='ocr_carea' id='block_1_90' title="bbox 144 4629 1709 4707">
    <p class='ocr_par' dir='ltr' id='par_1_90' title="bbox 144 4629 1709 4707">
     <span class='ocr_line' id='line_1_90' title="bbox 144 4629 1709 4707; baseline -0.002 -22"><span class='ocrx_word' id='word_1_688' title='bbox 144 4636 209 4704; x_wconf 84' lang='grc' dir='ltr'><strong>τῇ</strong></span> <span class='ocrx_word' id='word_1_689' title='bbox 234 4634 389 4707; x_wconf 78' lang='grc' dir='ltr'><strong>ἀκοῇ,</strong></span> <span class='ocrx_word' id='word_1_690' title='bbox 427 4634 505 4705; x_wconf 85' lang='grc' dir='ltr'><strong>τῷ</strong></span> <span class='ocrx_word' id='word_1_691' title='bbox 534 4635 782 4702; x_wconf 87' lang='grc' dir='ltr'><strong>στόματι,</strong></span> <span class='ocrx_word' id='word_1_692' title='bbox 812 4635 879 4705; x_wconf 75' lang='grc' dir='ltr'><strong>τῇ</strong></span> <span class='ocrx_word' id='word_1_693' title='bbox 912 4631 1073 4703; x_wconf 72' lang='grc' dir='ltr'><strong>χειρίσ</strong></span> <span class='ocrx_word' id='word_1_694' title='bbox 1111 4633 1187 4703; x_wconf 78' lang='grc' dir='ltr'><strong>μὴ</strong></span> <span class='ocrx_word' id='word_1_695' title='bbox 1221 4630 1410 4703; x_wconf 71' lang='grc' dir='ltr'><strong>πέμψῃ</strong></span> <span class='ocrx_word' id='word_1_696' title='bbox 1445 4647 1527 4684; x_wconf 82' lang='grc' dir='ltr'><strong>σοι</strong></span> <span class='ocrx_word' id='word_1_697' title='bbox 1558 4629 1709 4701; x_wconf 77' lang='grc' dir='ltr'><strong>βέλος</strong></span> 
     </span>
    </p>
   </div>
   <div class='ocr_carea' id='block_1_91' title="bbox 146 4722 1711 4800">
    <p class='ocr_par' dir='ltr' id='par_1_91' title="bbox 146 4722 1711 4800">
     <span class='ocr_line' id='line_1_91' title="bbox 146 4722 1711 4800; baseline -0.003 -21"><span class='ocrx_word' id='word_1_698' title='bbox 146 4726 600 4800; x_wconf 86' lang='grc' dir='ltr'><strong>γαστριμαργίας.</strong></span> <span class='ocrx_word' id='word_1_699' title='bbox 633 4722 761 4779; x_wconf 82' lang='grc' dir='ltr'>Οἶδα</span> <span class='ocrx_word' id='word_1_700' title='bbox 790 4726 898 4797; x_wconf 75' lang='grc' dir='ltr'><strong>γὰρ</strong></span> <span class='ocrx_word' id='word_1_701' title='bbox 920 4727 1067 4790; x_wconf 84' lang='grc' dir='ltr'><strong>ὅπως</strong></span> <span class='ocrx_word' id='word_1_702' title='bbox 1090 4725 1120 4779; x_wconf 94' lang='lat'><strong>6</strong></span> <span class='ocrx_word' id='word_1_703' title='bbox 1150 4724 1271 4777; x_wconf 88' lang='grc' dir='ltr'><strong>τότε</strong></span> <span class='ocrx_word' id='word_1_704' title='bbox 1300 4723 1427 4787; x_wconf 77' lang='grc' dir='ltr'><strong>λαὸς</strong></span> <span class='ocrx_word' id='word_1_705' title='bbox 1455 4723 1593 4793; x_wconf 76' lang='grc' dir='ltr'><strong>μετὰ</strong></span> <span class='ocrx_word' id='word_1_706' title='bbox 1612 4740 1711 4793; x_wconf 88' lang='grc' dir='ltr'><strong>νη-</strong></span> 
     </span>
    </p>
   </div>
   <div class='ocr_carea' id='block_1_92' title="bbox 148 4811 1711 4888">
    <p class='ocr_par' dir='ltr' id='par_1_92' title="bbox 148 4811 1711 4888">
     <span class='ocr_line' id='line_1_92' title="bbox 148 4811 1711 4888; baseline -0.003 -20"><span class='ocrx_word' id='word_1_707' title='bbox 148 4817 327 4879; x_wconf 89' lang='grc' dir='ltr'><strong>στείας</strong></span> <span class='ocrx_word' id='word_1_708' title='bbox 366 4816 614 4888; x_wconf 84' lang='grc' dir='ltr'><strong>περάσας</strong></span> <span class='ocrx_word' id='word_1_709' title='bbox 647 4817 745 4886; x_wconf 78' lang='grc' dir='ltr'><strong>τὴν</strong></span> <span class='ocrx_word' id='word_1_710' title='bbox 781 4815 1080 4878; x_wconf 84' lang='grc' dir='ltr'><strong>θάλασσαν,</strong></span> <span class='ocrx_word' id='word_1_711' title='bbox 1126 4812 1235 4867; x_wconf 74' lang='grc' dir='ltr'><strong>άπὸ</strong></span> <span class='ocrx_word' id='word_1_712' title='bbox 1278 4811 1448 4883; x_wconf 82' lang='grc' dir='ltr'><strong>μέθης</strong></span> <span class='ocrx_word' id='word_1_713' title='bbox 1480 4811 1711 4883; x_wconf 70' lang='grc' dir='ltr'><strong>τρωθεὶς</strong></span> 
     </span>
    </p>
   </div>
   <div class='ocr_carea' id='block_1_93' title="bbox 147 4905 1711 4983">
    <p class='ocr_par' dir='ltr' id='par_1_93' title="bbox 147 4905 1711 4983">
     <span class='ocr_line' id='line_1_93' title="bbox 147 4905 1711 4983; baseline -0.003 -18"><span class='ocrx_word' id='word_1_714' title='bbox 147 4911 285 4965; x_wconf 84' lang='grc' dir='ltr'><strong>κατὰ</strong></span> <span class='ocrx_word' id='word_1_715' title='bbox 315 4912 414 4983; x_wconf 86' lang='grc' dir='ltr'><strong>τὴν</strong></span> <span class='ocrx_word' id='word_1_716' title='bbox 436 4910 663 4982; x_wconf 74' lang='grc' dir='ltr'><strong>ἦπειρον</strong></span> <span class='ocrx_word' id='word_1_717' title='bbox 700 4909 1025 4979; x_wconf 84' lang='grc' dir='ltr'><strong>ὲναυάγησε.</strong></span> <span class='ocrx_word' id='word_1_718' title='bbox 1048 4906 1220 4960; x_wconf 77' lang='grc' dir='ltr'><strong>Βλέπε</strong></span> <span class='ocrx_word' id='word_1_719' title='bbox 1252 4905 1313 4959; x_wconf 86' lang='grc' dir='ltr'><strong>τδ</strong></span> <span class='ocrx_word' id='word_1_720' title='bbox 1344 4906 1567 4960; x_wconf 75' lang='grc' dir='ltr'><strong>ἐκείνων</strong></span> <span class='ocrx_word' id='word_1_721' title='bbox 1607 4906 1711 4961; x_wconf 82' lang='grc' dir='ltr'><strong>πά·</strong></span> 
     </span>
    </p>
   </div>
   <div class='ocr_carea' id='block_1_94' title="bbox 147 4996 1711 5072">
    <p class='ocr_par' dir='ltr' id='par_1_94' title="bbox 147 4996 1711 5072">
     <span class='ocr_line' id='line_1_94' title="bbox 147 4996 1711 5072; baseline -0.003 -18"><span class='ocrx_word' id='word_1_722' title='bbox 147 5001 256 5064; x_wconf 86' lang='grc' dir='ltr'><strong>θος,</strong></span> <span class='ocrx_word' id='word_1_723' title='bbox 295 5010 389 5056; x_wconf 80' lang='grc' dir='ltr'><strong>καὶ</strong></span> <span class='ocrx_word' id='word_1_724' title='bbox 421 5001 591 5072; x_wconf 74' lang='grc' dir='ltr'><strong>φεῦγε</strong></span> <span class='ocrx_word' id='word_1_725' title='bbox 615 5002 677 5055; x_wconf 85' lang='grc' dir='ltr'><strong>τὸ</strong></span> <span class='ocrx_word' id='word_1_726' title='bbox 703 5000 923 5070; x_wconf 84' lang='grc' dir='ltr'><strong>πτῶμα.</strong></span> <span class='ocrx_word' id='word_1_727' title='bbox 959 5000 1022 5052; x_wconf 84' lang='lat' dir='ltr'><strong>El</strong></span> <span class='ocrx_word' id='word_1_728' title='bbox 1070 4998 1179 5068; x_wconf 84' lang='grc' dir='ltr'><strong>γὰρ</strong></span> <span class='ocrx_word' id='word_1_729' title='bbox 1210 4998 1320 5051; x_wconf 88' lang='grc' dir='ltr'><strong>τῶν</strong></span> <span class='ocrx_word' id='word_1_730' title='bbox 1368 4998 1510 5051; x_wconf 84' lang='grc' dir='ltr'><strong>κατὰ</strong></span> <span class='ocrx_word' id='word_1_731' title='bbox 1546 4996 1711 5065; x_wconf 86' lang='grc' dir='ltr'><strong>φύσιν</strong></span> 
     </span>
    </p>
   </div>
   <div class='ocr_carea' id='block_1_95' title="bbox 148 5090 1706 5161">
    <p class='ocr_par' dir='ltr' id='par_1_95' title="bbox 148 5090 1706 5161">
     <span class='ocr_line' id='line_1_95' title="bbox 148 5090 1706 5161; baseline -0.003 -15"><span class='ocrx_word' id='word_1_732' title='bbox 148 5094 353 5149; x_wconf 87' lang='grc' dir='ltr'><strong>κλάδων</strong></span> <span class='ocrx_word' id='word_1_733' title='bbox 383 5097 483 5148; x_wconf 79' lang='grc' dir='ltr'><strong>οὐκ</strong></span> <span class='ocrx_word' id='word_1_734' title='bbox 516 5092 770 5161; x_wconf 71' lang='grc' dir='ltr'><strong>ἐφείσατο</strong></span> <span class='ocrx_word' id='word_1_735' title='bbox 813 5093 843 5144; x_wconf 91' lang='lat'><strong>6</strong></span> <span class='ocrx_word' id='word_1_736' title='bbox 874 5091 1135 5161; x_wconf 85' lang='grc' dir='ltr'><strong>δεσπότης</strong></span> <span class='ocrx_word' id='word_1_737' title='bbox 1172 5090 1427 5161; x_wconf 80' lang='grc' dir='ltr'><strong>Χριστὸς,</strong></span> <span class='ocrx_word' id='word_1_738' title='bbox 1460 5090 1582 5144; x_wconf 83' lang='grc' dir='ltr'><strong>ούδέ</strong></span> <span class='ocrx_word' id='word_1_739' title='bbox 1614 5107 1706 5143; x_wconf 93' lang='grc' dir='ltr'><strong>σου</strong></span> 
     </span>
    </p>
   </div>
   <div class='ocr_carea' id='block_1_96' title="bbox 150 5182 1710 5256">
    <p class='ocr_par' dir='ltr' id='par_1_96' title="bbox 150 5182 1710 5256">
     <span class='ocr_line' id='line_1_96' title="bbox 150 5182 1710 5256; baseline -0.002 -18"><span class='ocrx_word' id='word_1_740' title='bbox 150 5187 393 5254; x_wconf 85' lang='grc' dir='ltr'><strong>φείσεται</strong></span> <span class='ocrx_word' id='word_1_741' title='bbox 422 5185 749 5256; x_wconf 81' lang='grc' dir='ltr'><strong>ἀμελούσης.</strong></span> <span class='ocrx_word' id='word_1_742' title='bbox 796 5184 922 5237; x_wconf 81' lang='grc' dir='ltr'><strong>Ἐάν</strong></span> <span class='ocrx_word' id='word_1_743' title='bbox 959 5183 1017 5236; x_wconf 84' lang='grc' dir='ltr'><strong>δὲ</strong></span> <span class='ocrx_word' id='word_1_744' title='bbox 1053 5183 1149 5255; x_wconf 82' lang='grc' dir='ltr'><strong>ὅλῃ</strong></span> <span class='ocrx_word' id='word_1_745' title='bbox 1186 5185 1250 5253; x_wconf 80' lang='grc' dir='ltr'><strong>τῇ</strong></span> <span class='ocrx_word' id='word_1_746' title='bbox 1276 5183 1421 5253; x_wconf 77' lang='grc' dir='ltr'><strong>ψυχῇ</strong></span> <span class='ocrx_word' id='word_1_747' title='bbox 1469 5184 1565 5236; x_wconf 76' lang='grc' dir='ltr'><strong>καὶ</strong></span> <span class='ocrx_word' id='word_1_748' title='bbox 1594 5182 1710 5236; x_wconf 84' lang='grc' dir='ltr'><strong>ὁλο-</strong></span> 
     </span>
    </p>
   </div>
   <div class='ocr_carea' id='block_1_97' title="bbox 148 5276 1709 5349">
    <p class='ocr_par' dir='ltr' id='par_1_97' title="bbox 148 5276 1709 5349">
     <span class='ocr_line' id='line_1_97' title="bbox 148 5276 1709 5349; baseline -0.003 -16"><span class='ocrx_word' id='word_1_749' title='bbox 148 5278 331 5349; x_wconf 78' lang='grc' dir='ltr'><strong>κλήρῳ</strong></span> <span class='ocrx_word' id='word_1_750' title='bbox 359 5280 542 5335; x_wconf 75' lang='grc' dir='ltr'><strong>πίστει</strong></span> <span class='ocrx_word' id='word_1_751' title='bbox 570 5277 833 5347; x_wconf 78' lang='grc' dir='ltr'><strong>ἀγωνίσῃ,</strong></span> <span class='ocrx_word' id='word_1_752' title='bbox 868 5276 1007 5346; x_wconf 84' lang='grc' dir='ltr'><strong>μετὰ</strong></span> <span class='ocrx_word' id='word_1_753' title='bbox 1031 5277 1247 5329; x_wconf 83' lang='grc' dir='ltr'><strong>πάντων</strong></span> <span class='ocrx_word' id='word_1_754' title='bbox 1276 5277 1445 5342; x_wconf 80' lang='grc' dir='ltr'><strong>ἁγίων</strong></span> <span class='ocrx_word' id='word_1_755' title='bbox 1474 5277 1709 5345; x_wconf 81' lang='grc' dir='ltr'><strong>εὐφραν-</strong></span> 
     </span>
    </p>
   </div>
   <div class='ocr_carea' id='block_1_98' title="bbox 149 5366 1707 5442">
    <p class='ocr_par' dir='ltr' id='par_1_98' title="bbox 149 5366 1707 5442">
     <span class='ocr_line' id='line_1_98' title="bbox 149 5366 1707 5442; baseline 0.001 -23"><span class='ocrx_word' id='word_1_756' title='bbox 149 5368 305 5442; x_wconf 77' lang='grc' dir='ltr'><strong>θήσῃ·</strong></span> <span class='ocrx_word' id='word_1_757' title='bbox 339 5372 521 5441; x_wconf 79' lang='grc' dir='ltr'><strong>χάριτι</strong></span> <span class='ocrx_word' id='word_1_758' title='bbox 544 5370 639 5421; x_wconf 74' lang='grc' dir='ltr'><strong>καὶ</strong></span> <span class='ocrx_word' id='word_1_759' title='bbox 668 5366 1047 5438; x_wconf 71' lang='grc' dir='ltr'><strong>φιλανθρωπία</strong></span> <span class='ocrx_word' id='word_1_760' title='bbox 1071 5367 1165 5420; x_wconf 76' lang='grc' dir='ltr'><strong>τοῦ</strong></span> <span class='ocrx_word' id='word_1_761' title='bbox 1194 5367 1395 5438; x_wconf 84' lang='grc' dir='ltr'><strong>Κυρίου</strong></span> <span class='ocrx_word' id='word_1_762' title='bbox 1422 5368 1578 5437; x_wconf 79' lang='grc' dir='ltr'><strong>ἡμῶν</strong></span> <span class='ocrx_word' id='word_1_763' title='bbox 1600 5367 1707 5434; x_wconf 82' lang='grc' dir='ltr'><strong>Ἰη-</strong></span> 
     </span>
    </p>
   </div>
   <div class='ocr_carea' id='block_1_99' title="bbox 1816 4459 3384 4531">
    <p class='ocr_par' dir='ltr' id='par_1_99' title="bbox 1816 4459 3384 4531">
     <span class='ocr_line' id='line_1_99' title="bbox 1816 4459 3384 4531; baseline 0.001 -18"><span class='ocrx_word' id='word_1_764' title='bbox 1816 4468 2024 4524; x_wconf 87' lang='lat' dir='ltr'><strong>utatur,</strong></span> <span class='ocrx_word' id='word_1_765' title='bbox 2065 4460 2246 4524; x_wconf 90' lang='lat' dir='ltr'><strong>oculo,</strong></span> <span class='ocrx_word' id='word_1_766' title='bbox 2280 4459 2527 4525; x_wconf 87' lang='lat' dir='ltr'><strong>auribus,</strong></span> <span class='ocrx_word' id='word_1_767' title='bbox 2573 4474 2688 4527; x_wconf 91' lang='lat' dir='ltr'><strong>ore,</strong></span> <span class='ocrx_word' id='word_1_768' title='bbox 2732 4475 2921 4525; x_wconf 85' lang='lat' dir='ltr'><strong>manu,</strong></span> <span class='ocrx_word' id='word_1_769' title='bbox 2977 4476 3044 4515; x_wconf 87' lang='lat' dir='ltr'><strong>ne</strong></span> <span class='ocrx_word' id='word_1_770' title='bbox 3099 4461 3194 4515; x_wconf 91' lang='lat' dir='ltr'><strong>tibi</strong></span> <span class='ocrx_word' id='word_1_771' title='bbox 3244 4462 3384 4531; x_wconf 68' lang='lat' dir='ltr'><strong>gulae</strong></span> 
     </span>
    </p>
   </div>
   <div class='ocr_carea' id='block_1_100' title="bbox 1818 4550 3384 4622">
    <p class='ocr_par' dir='ltr' id='par_1_100' title="bbox 1818 4550 3384 4622">
     <span class='ocr_line' id='line_1_100' title="bbox 1818 4550 3384 4622; baseline 0 -16"><span class='ocrx_word' id='word_1_772' title='bbox 1818 4553 2070 4621; x_wconf 72' lang='lat' dir='ltr'><strong>sagittam</strong></span> <span class='ocrx_word' id='word_1_773' title='bbox 2107 4551 2382 4606; x_wconf 88' lang='lat' dir='ltr'><strong>immittat.</strong></span> <span class='ocrx_word' id='word_1_774' title='bbox 2433 4550 2566 4606; x_wconf 77' lang='lat' dir='ltr'><strong>Novi</strong></span> <span class='ocrx_word' id='word_1_775' title='bbox 2616 4551 2760 4606; x_wconf 89' lang='lat' dir='ltr'><strong>enim</strong></span> <span class='ocrx_word' id='word_1_776' title='bbox 2815 4553 3091 4622; x_wconf 88' lang='lat' dir='ltr'><strong>quomodo</strong></span> <span class='ocrx_word' id='word_1_777' title='bbox 3154 4553 3384 4621; x_wconf 89' lang='lat' dir='ltr'><strong>populus</strong></span> 
     </span>
    </p>
   </div>
   <div class='ocr_carea' id='block_1_101' title="bbox 1817 4643 3382 4714">
    <p class='ocr_par' dir='ltr' id='par_1_101' title="bbox 1817 4643 3382 4714">
     <span class='ocr_line' id='line_1_101' title="bbox 1817 4643 3382 4714; baseline -0.001 -18"><span class='ocrx_word' id='word_1_778' title='bbox 1817 4644 1960 4698; x_wconf 90' lang='lat' dir='ltr'><strong>illius</strong></span> <span class='ocrx_word' id='word_1_779' title='bbox 1994 4644 2268 4714; x_wconf 89' lang='lat' dir='ltr'><strong>temporis,</strong></span> <span class='ocrx_word' id='word_1_780' title='bbox 2318 4643 2411 4712; x_wconf 84' lang='lat' dir='ltr'><strong>qui</strong></span> <span class='ocrx_word' id='word_1_781' title='bbox 2445 4659 2567 4698; x_wconf 91' lang='lat' dir='ltr'><strong>cum</strong></span> <span class='ocrx_word' id='word_1_782' title='bbox 2588 4643 2801 4714; x_wconf 88' lang='lat' dir='ltr'><strong>jejunio</strong></span> <span class='ocrx_word' id='word_1_783' title='bbox 2854 4658 3006 4698; x_wconf 91' lang='lat' dir='ltr'><strong>mare</strong></span> <span class='ocrx_word' id='word_1_784' title='bbox 3076 4654 3382 4712; x_wconf 75' lang='lat' dir='ltr'><strong>transgres-</strong></span> 
     </span>
    </p>
   </div>
   <div class='ocr_carea' id='block_1_102' title="bbox 1811 4733 3381 4803">
    <p class='ocr_par' dir='ltr' id='par_1_102' title="bbox 1811 4733 3381 4803">
     <span class='ocr_line' id='line_1_102' title="bbox 1811 4733 3381 4803; baseline -0.003 -14"><span class='ocrx_word' id='word_1_785' title='bbox 1811 4748 1907 4789; x_wconf 85' lang='lat' dir='ltr'><strong>sus</strong></span> <span class='ocrx_word' id='word_1_786' title='bbox 1940 4744 2043 4798; x_wconf 90' lang='lat' dir='ltr'><strong>est,</strong></span> <span class='ocrx_word' id='word_1_787' title='bbox 2075 4733 2339 4788; x_wconf 89' lang='lat' dir='ltr'><strong>ebrietate</strong></span> <span class='ocrx_word' id='word_1_788' title='bbox 2371 4748 2685 4802; x_wconf 89' lang='lat' dir='ltr'><strong>percussus,</strong></span> <span class='ocrx_word' id='word_1_789' title='bbox 2735 4748 2830 4803; x_wconf 91' lang='lat' dir='ltr'><strong>per</strong></span> <span class='ocrx_word' id='word_1_790' title='bbox 2852 4733 3218 4788; x_wconf 85' lang='lat' dir='ltr'><strong>continentem</strong></span> <span class='ocrx_word' id='word_1_791' title='bbox 3269 4742 3381 4786; x_wconf 87' lang='lat' dir='ltr'><strong>ter-</strong></span> 
     </span>
    </p>
   </div>
   <div class='ocr_carea' id='block_1_103' title="bbox 1814 4821 3382 4893">
    <p class='ocr_par' dir='ltr' id='par_1_103' title="bbox 1814 4821 3382 4893">
     <span class='ocr_line' id='line_1_103' title="bbox 1814 4821 3382 4893; baseline -0.001 -14"><span class='ocrx_word' id='word_1_792' title='bbox 1814 4839 1929 4879; x_wconf 88' lang='lat' dir='ltr'><strong>ram</strong></span> <span class='ocrx_word' id='word_1_793' title='bbox 1957 4824 2301 4892; x_wconf 82' lang='lat' dir='ltr'><strong>naufragium</strong></span> <span class='ocrx_word' id='word_1_794' title='bbox 2333 4821 2479 4878; x_wconf 81' lang='lat' dir='ltr'><strong>fecit.</strong></span> <span class='ocrx_word' id='word_1_795' title='bbox 2509 4822 2738 4893; x_wconf 83' lang='lat' dir='ltr'><strong>Respice</strong></span> <span class='ocrx_word' id='word_1_796' title='bbox 2792 4824 3007 4878; x_wconf 90' lang='lat' dir='ltr'><strong>illorum</strong></span> <span class='ocrx_word' id='word_1_797' title='bbox 3067 4823 3285 4887; x_wconf 89' lang='lat' dir='ltr'><strong>vitium,</strong></span> <span class='ocrx_word' id='word_1_798' title='bbox 3329 4834 3382 4877; x_wconf 90' lang='lat' dir='ltr'><strong>et</strong></span> 
     </span>
    </p>
   </div>
   <div class='ocr_carea' id='block_1_104' title="bbox 1816 4910 3349 4983">
    <p class='ocr_par' dir='ltr' id='par_1_104' title="bbox 1816 4910 3349 4983">
     <span class='ocr_line' id='line_1_104' title="bbox 1816 4910 3349 4983; baseline -0.002 -16"><span class='ocrx_word' id='word_1_799' title='bbox 1816 4913 2028 4967; x_wconf 90' lang='lat' dir='ltr'><strong>ruinam</strong></span> <span class='ocrx_word' id='word_1_800' title='bbox 2061 4911 2265 4983; x_wconf 82' lang='lat' dir='ltr'><strong>reluge.</strong></span> <span class='ocrx_word' id='word_1_801' title='bbox 2294 4910 2350 4967; x_wconf 90' lang='lat' dir='ltr'><strong>Si</strong></span> <span class='ocrx_word' id='word_1_802' title='bbox 2376 4914 2521 4967; x_wconf 83' lang='lat' dir='ltr'><strong>enim</strong></span> <span class='ocrx_word' id='word_1_803' title='bbox 2550 4912 2894 4968; x_wconf 90' lang='lat' dir='ltr'><strong>naturalibus</strong></span> <span class='ocrx_word' id='word_1_804' title='bbox 2920 4912 3089 4968; x_wconf 89' lang='lat' dir='ltr'><strong>ramis</strong></span> <span class='ocrx_word' id='word_1_805' title='bbox 3117 4910 3349 4965; x_wconf 88' lang='lat' dir='ltr'><strong>Dominn</strong></span> 
     </span>
    </p>
   </div>
   <div class='ocr_carea' id='block_1_105' title="bbox 1812 5000 3379 5072">
    <p class='ocr_par' dir='ltr' id='par_1_105' title="bbox 1812 5000 3379 5072">
     <span class='ocr_line' id='line_1_105' title="bbox 1812 5000 3379 5072; baseline -0.002 -15"><span class='ocrx_word' id='word_1_806' title='bbox 1812 5003 2065 5058; x_wconf 82' lang='lat' dir='ltr'><strong>Christus</strong></span> <span class='ocrx_word' id='word_1_807' title='bbox 2081 5018 2185 5057; x_wconf 93' lang='lat' dir='ltr'><strong>non</strong></span> <span class='ocrx_word' id='word_1_808' title='bbox 2202 5002 2487 5072; x_wconf 87' lang='lat' dir='ltr'><strong>perpercit,</strong></span> <span class='ocrx_word' id='word_1_809' title='bbox 2504 5018 2678 5072; x_wconf 88' lang='lat' dir='ltr'><strong>neque</strong></span> <span class='ocrx_word' id='word_1_810' title='bbox 2695 5002 2788 5057; x_wconf 90' lang='lat' dir='ltr'><strong>tibi</strong></span> <span class='ocrx_word' id='word_1_811' title='bbox 2807 5010 2991 5072; x_wconf 85' lang='lat' dir='ltr'><strong>parcet</strong></span> <span class='ocrx_word' id='word_1_812' title='bbox 3009 5000 3299 5071; x_wconf 78' lang='lat' dir='ltr'><strong>negligenti</strong></span> <span class='ocrx_word' id='word_1_813' title='bbox 3313 5000 3379 5054; x_wconf 85' lang='lat'><strong>“.</strong></span> 
     </span>
    </p>
   </div>
   <div class='ocr_carea' id='block_1_106' title="bbox 1816 5094 3377 5166">
    <p class='ocr_par' dir='ltr' id='par_1_106' title="bbox 1816 5094 3377 5166">
     <span class='ocr_line' id='line_1_106' title="bbox 1816 5094 3377 5166; baseline -0.001 -17"><span class='ocrx_word' id='word_1_814' title='bbox 1816 5094 1873 5149; x_wconf 85' lang='lat' dir='ltr'><strong>Si</strong></span> <span class='ocrx_word' id='word_1_815' title='bbox 1901 5109 2027 5149; x_wconf 91' lang='lat' dir='ltr'><strong>vero</strong></span> <span class='ocrx_word' id='word_1_816' title='bbox 2061 5102 2169 5148; x_wconf 89' lang='lat' dir='ltr'><strong>tota</strong></span> <span class='ocrx_word' id='word_1_817' title='bbox 2193 5094 2375 5149; x_wconf 85' lang='lat' dir='ltr'><strong>anima</strong></span> <span class='ocrx_word' id='word_1_818' title='bbox 2401 5105 2455 5150; x_wconf 93' lang='lat' dir='ltr'><strong>et</strong></span> <span class='ocrx_word' id='word_1_819' title='bbox 2478 5096 2687 5166; x_wconf 89' lang='lat' dir='ltr'><strong>integra</strong></span> <span class='ocrx_word' id='word_1_820' title='bbox 2739 5096 2845 5150; x_wconf 82' lang='lat' dir='ltr'><strong>ﬁde</strong></span> <span class='ocrx_word' id='word_1_821' title='bbox 2868 5096 3216 5165; x_wconf 76' lang='lat' dir='ltr'><strong>pugnaveris,</strong></span> <span class='ocrx_word' id='word_1_822' title='bbox 3251 5110 3377 5148; x_wconf 88' lang='lat' dir='ltr'><strong>cum</strong></span> 
     </span>
    </p>
   </div>
   <div class='ocr_carea' id='block_1_107' title="bbox 1813 5186 3381 5258">
    <p class='ocr_par' dir='ltr' id='par_1_107' title="bbox 1813 5186 3381 5258">
     <span class='ocr_line' id='line_1_107' title="bbox 1813 5186 3381 5258; baseline -0.001 -17"><span class='ocrx_word' id='word_1_823' title='bbox 1813 5188 2069 5242; x_wconf 86' lang='lat' dir='ltr'><strong>onmihus</strong></span> <span class='ocrx_word' id='word_1_824' title='bbox 2122 5187 2328 5241; x_wconf 83' lang='lat' dir='ltr'><strong>sanctis</strong></span> <span class='ocrx_word' id='word_1_825' title='bbox 2378 5188 2667 5253; x_wconf 67' lang='lat' dir='ltr'><strong>laetaberis,</strong></span> <span class='ocrx_word' id='word_1_826' title='bbox 2712 5188 2881 5258; x_wconf 88' lang='lat' dir='ltr'><strong>gratia</strong></span> <span class='ocrx_word' id='word_1_827' title='bbox 2935 5194 2993 5242; x_wconf 86' lang='lat' dir='ltr'><strong>et</strong></span> <span class='ocrx_word' id='word_1_828' title='bbox 3042 5186 3381 5256; x_wconf 69' lang='lat' dir='ltr'><strong>benignitate</strong></span> 
     </span>
    </p>
   </div>
   <div class='ocr_carea' id='block_1_108' title="bbox 1815 5277 3381 5352">
    <p class='ocr_par' dir='ltr' id='par_1_108' title="bbox 1815 5277 3381 5352">
     <span class='ocr_line' id='line_1_108' title="bbox 1815 5277 3381 5352; baseline 0.001 -21"><span class='ocrx_word' id='word_1_829' title='bbox 1815 5278 2030 5333; x_wconf 85' lang='lat' dir='ltr'><strong>Domini</strong></span> <span class='ocrx_word' id='word_1_830' title='bbox 2063 5279 2236 5333; x_wconf 83' lang='lat' dir='ltr'><strong>nostri</strong></span> <span class='ocrx_word' id='word_1_831' title='bbox 2289 5277 2415 5334; x_wconf 81' lang='lat' dir='ltr'><strong>Jesu</strong></span> <span class='ocrx_word' id='word_1_832' title='bbox 2441 5279 2681 5347; x_wconf 88' lang='lat' dir='ltr'><strong>Christi,</strong></span> <span class='ocrx_word' id='word_1_833' title='bbox 2712 5296 2835 5336; x_wconf 91' lang='lat' dir='ltr'><strong>cum</strong></span> <span class='ocrx_word' id='word_1_834' title='bbox 2867 5295 2979 5352; x_wconf 89' lang='lat' dir='ltr'><strong>quo</strong></span> <span class='ocrx_word' id='word_1_835' title='bbox 3002 5277 3153 5333; x_wconf 84' lang='lat' dir='ltr'><strong>Patri</strong></span> <span class='ocrx_word' id='word_1_836' title='bbox 3216 5280 3381 5333; x_wconf 89' lang='lat' dir='ltr'><strong>simu.</strong></span> 
     </span>
    </p>
   </div>
   <div class='ocr_carea' id='block_1_109' title="bbox 1811 5368 3378 5441">
    <p class='ocr_par' dir='ltr' id='par_1_109' title="bbox 1811 5368 3378 5441">
     <span class='ocr_line' id='line_1_109' title="bbox 1811 5368 3378 5441; baseline -0.003 -16"><span class='ocrx_word' id='word_1_837' title='bbox 1811 5382 1865 5425; x_wconf 80' lang='lat' dir='ltr'><strong>et</strong></span> <span class='ocrx_word' id='word_1_838' title='bbox 1892 5379 2081 5425; x_wconf 91' lang='lat' dir='ltr'><strong>sancto</strong></span> <span class='ocrx_word' id='word_1_839' title='bbox 2108 5368 2333 5440; x_wconf 89' lang='lat' dir='ltr'><strong>Spiritui</strong></span> <span class='ocrx_word' id='word_1_840' title='bbox 2363 5372 2551 5441; x_wconf 82' lang='lat' dir='ltr'><strong>gloria,</strong></span> <span class='ocrx_word' id='word_1_841' title='bbox 2587 5372 2763 5427; x_wconf 84' lang='lat' dir='ltr'><strong>honor</strong></span> <span class='ocrx_word' id='word_1_842' title='bbox 2781 5380 2836 5427; x_wconf 86' lang='lat' dir='ltr'><strong>et</strong></span> <span class='ocrx_word' id='word_1_843' title='bbox 2871 5381 3107 5441; x_wconf 90' lang='lat' dir='ltr'><strong>potestas</strong></span> <span class='ocrx_word' id='word_1_844' title='bbox 3142 5384 3378 5434; x_wconf 87' lang='lat' dir='ltr'><strong>summa,</strong></span> 
     </span>
    </p>
   </div>
   <div class='ocr_carea' id='block_1_110' title="bbox 151 5458 1705 5535">
    <p class='ocr_par' dir='ltr' id='par_1_110' title="bbox 151 5458 1696 5533">
     <span class='ocr_line' id='line_1_110' title="bbox 151 5458 1696 5533; baseline 0 -22"><span class='ocrx_word' id='word_1_845' title='bbox 151 5462 241 5513; x_wconf 73' lang='grc' dir='ltr'><strong>σοῦ</strong></span> <span class='ocrx_word' id='word_1_846' title='bbox 276 5461 534 5533; x_wconf 80' lang='grc' dir='ltr'><strong>Χριστοῦ,</strong></span> <span class='ocrx_word' id='word_1_847' title='bbox 578 5463 697 5532; x_wconf 81' lang='grc' dir='ltr'><strong>μεθ’</strong></span> <span class='ocrx_word' id='word_1_848' title='bbox 717 5458 779 5513; x_wconf 74' lang='grc' dir='ltr'>οὒ</span> <span class='ocrx_word' id='word_1_849' title='bbox 811 5461 940 5526; x_wconf 78' lang='grc' dir='ltr'><strong>δόξα</strong></span> <span class='ocrx_word' id='word_1_850' title='bbox 970 5460 1048 5530; x_wconf 83' lang='grc' dir='ltr'><strong>τῷ</strong></span> <span class='ocrx_word' id='word_1_851' title='bbox 1077 5460 1251 5531; x_wconf 71' lang='lat' dir='ltr'><strong>Ila.th</strong></span> <span class='ocrx_word' id='word_1_852' title='bbox 1300 5458 1417 5529; x_wconf 75' lang='grc' dir='ltr'><strong>ἅμα</strong></span> <span class='ocrx_word' id='word_1_853' title='bbox 1447 5459 1524 5530; x_wconf 81' lang='grc' dir='ltr'><strong>τῷ</strong></span> <span class='ocrx_word' id='word_1_854' title='bbox 1558 5459 1696 5529; x_wconf 79' lang='grc' dir='ltr'><strong>ἁγίῳ</strong></span> 
     </span>
    </p>
   </div>
   <div class='ocr_carea' id='block_1_111' title="bbox 1810 5458 3303 5535">
    <p class='ocr_par' dir='ltr' id='par_1_111' title="bbox 1810 5464 3303 5535">
     <span class='ocr_line' id='line_1_111' title="bbox 1810 5464 3303 5535; baseline -0.002 -17"><span class='ocrx_word' id='word_1_855' title='bbox 1810 5479 1948 5518; x_wconf 91' lang='lat' dir='ltr'><strong>nunc</strong></span> <span class='ocrx_word' id='word_1_856' title='bbox 1981 5474 2036 5517; x_wconf 91' lang='lat' dir='ltr'><strong>et</strong></span> <span class='ocrx_word' id='word_1_857' title='bbox 2067 5479 2300 5535; x_wconf 88' lang='lat' dir='ltr'><strong>semper,</strong></span> <span class='ocrx_word' id='word_1_858' title='bbox 2328 5475 2381 5521; x_wconf 89' lang='lat' dir='ltr'><strong>et</strong></span> <span class='ocrx_word' id='word_1_859' title='bbox 2408 5465 2460 5519; x_wconf 92' lang='lat' dir='ltr'><strong>in</strong></span> <span class='ocrx_word' id='word_1_860' title='bbox 2490 5465 2688 5520; x_wconf 67' lang='lat' dir='ltr'><strong>saecula</strong></span> <span class='ocrx_word' id='word_1_861' title='bbox 2729 5466 3075 5521; x_wconf 72' lang='lat' dir='ltr'><strong>szecnlorum.</strong></span> <span class='ocrx_word' id='word_1_862' title='bbox 3108 5464 3303 5518; x_wconf 79' lang='lat' dir='ltr'><strong>Amen.</strong></span> 
     </span>
    </p>
   </div>
   <div class='ocr_carea' id='block_1_112' title="bbox 153 5551 2035 5626">
    <p class='ocr_par' dir='ltr' id='par_1_112' title="bbox 153 5551 2035 5626">
     <span class='ocr_line' id='line_1_112' title="bbox 153 5551 2035 5626; baseline 0.002 -21"><span class='ocrx_word' id='word_1_863' title='bbox 153 5554 448 5626; x_wconf 85' lang='grc' dir='ltr'><strong>Πνεύματι,</strong></span> <span class='ocrx_word' id='word_1_864' title='bbox 470 5554 564 5609; x_wconf 79' lang='grc' dir='ltr'>νῦν</span> <span class='ocrx_word' id='word_1_865' title='bbox 587 5557 682 5608; x_wconf 73' lang='grc' dir='ltr'><strong>καὶ</strong></span> <span class='ocrx_word' id='word_1_866' title='bbox 711 5555 817 5620; x_wconf 77' lang='grc' dir='ltr'><strong>ἀεὶ,</strong></span> <span class='ocrx_word' id='word_1_867' title='bbox 840 5555 933 5608; x_wconf 72' lang='grc' dir='ltr'><strong>καὶ</strong></span> <span class='ocrx_word' id='word_1_868' title='bbox 960 5556 1040 5616; x_wconf 81' lang='grc' dir='ltr'><strong>είς</strong></span> <span class='ocrx_word' id='word_1_869' title='bbox 1060 5553 1185 5616; x_wconf 78' lang='grc' dir='ltr'><strong>τοὺς</strong></span> <span class='ocrx_word' id='word_1_870' title='bbox 1208 5551 1411 5616; x_wconf 71' lang='grc' dir='ltr'><strong>αἰῶνας</strong></span> <span class='ocrx_word' id='word_1_871' title='bbox 1439 5552 1546 5605; x_wconf 87' lang='grc' dir='ltr'><strong>τῶν</strong></span> <span class='ocrx_word' id='word_1_872' title='bbox 1568 5551 1795 5610; x_wconf 84' lang='grc' dir='ltr'><strong>αἰώνων.</strong></span> <span class='ocrx_word' id='word_1_873' title='bbox 1844 5556 2035 5625; x_wconf 78' lang='grc' dir='ltr'><strong>Ἀμήν.</strong></span> 
     </span>
    </p>
   </div>
   <div class='ocr_carea' id='block_1_113' title="bbox 223 5737 615 5798">
    <p class='ocr_par' dir='ltr' id='par_1_113' title="bbox 223 5737 615 5798">
     <span class='ocr_line' id='line_1_113' title="bbox 223 5737 615 5798; baseline -0.008 -5"><span class='ocrx_word' id='word_1_874' title='bbox 223 5738 262 5768; x_wconf 83' lang='grc'><strong>⁶¹</strong></span> <span class='ocrx_word' id='word_1_875' title='bbox 294 5737 433 5793; x_wconf 79' lang='lat' dir='ltr'><strong>Psal.</strong></span> <span class='ocrx_word' id='word_1_876' title='bbox 472 5754 527 5798; x_wconf 73' lang='grc' dir='ltr'><strong>ι,</strong></span> <span class='ocrx_word' id='word_1_877' title='bbox 560 5738 615 5792; x_wconf 77' lang='lat'><strong>2.</strong></span> 
     </span>
    </p>
   </div>
   <div class='ocr_carea' id='block_1_114' title="bbox 720 5737 1187 5806">
    <p class='ocr_par' dir='ltr' id='par_1_114' title="bbox 720 5737 1187 5806">
     <span class='ocr_line' id='line_1_114' title="bbox 720 5737 1187 5806; baseline 0.006 -14"><span class='ocrx_word' id='word_1_878' title='bbox 720 5738 763 5769; x_wconf 83' lang='lat'><strong>&quot;</strong></span> <span class='ocrx_word' id='word_1_879' title='bbox 791 5737 932 5793; x_wconf 79' lang='lat' dir='ltr'><strong>Psal.</strong></span> <span class='ocrx_word' id='word_1_880' title='bbox 996 5756 1101 5806; x_wconf 80' lang='lat' dir='ltr'><strong>LIV,</strong></span> <span class='ocrx_word' id='word_1_881' title='bbox 1136 5738 1187 5795; x_wconf 83' lang='lat'><strong>7.</strong></span> 
     </span>
    </p>
   </div>
   <div class='ocr_carea' id='block_1_115' title="bbox 156 5806 607 5874">
    <p class='ocr_par' dir='ltr' id='par_1_115' title="bbox 156 5806 607 5874">
     <span class='ocr_line' id='line_1_115' title="bbox 156 5806 607 5874; baseline 0.002 -13"><span class='ocrx_word' id='word_1_882' title='bbox 156 5806 197 5837; x_wconf 60' lang='grc' dir='ltr'><strong>*ε</strong></span> <span class='ocrx_word' id='word_1_883' title='bbox 229 5807 383 5863; x_wconf 80' lang='lat' dir='ltr'><strong>llum.</strong></span> <span class='ocrx_word' id='word_1_884' title='bbox 414 5824 490 5874; x_wconf 68' lang='lat' dir='ltr'><strong>at,</strong></span> <span class='ocrx_word' id='word_1_885' title='bbox 516 5809 607 5863; x_wconf 71' lang='grc'><strong>21.</strong></span> 
     </span>
    </p>
   </div>
   <div class='ocr_carea' id='block_1_116' title="bbox 1295 5736 1925 5803">
    <p class='ocr_par' dir='ltr' id='par_1_116' title="bbox 1295 5736 1925 5803">
     <span class='ocr_line' id='line_1_116' title="bbox 1295 5736 1925 5803; baseline -0.002 -10"><span class='ocrx_word' id='word_1_886' title='bbox 1295 5736 1512 5803; x_wconf 77' lang='lat' dir='ltr'><strong>“Psal,</strong></span> <span class='ocrx_word' id='word_1_887' title='bbox 1585 5751 1765 5800; x_wconf 73' lang='lat' dir='ltr'><strong>cxvtu,</strong></span> <span class='ocrx_word' id='word_1_888' title='bbox 1840 5740 1925 5793; x_wconf 75' lang='lat' dir='ltr'><strong>(il.</strong></span> 
     </span>
    </p>
   </div>
   <div class='ocr_carea' id='block_1_117' title="bbox 2032 5734 3366 5805">
    <p class='ocr_par' dir='ltr' id='par_1_117' title="bbox 2032 5734 3366 5805">
     <span class='ocr_line' id='line_1_117' title="bbox 2032 5734 3366 5805; baseline -0.009 -8"><span class='ocrx_word' id='word_1_889' title='bbox 2032 5742 2076 5774; x_wconf 75' lang='lat'><strong>“</strong></span> <span class='ocrx_word' id='word_1_890' title='bbox 2129 5740 2271 5796; x_wconf 81' lang='lat' dir='ltr'><strong>Psal.</strong></span> <span class='ocrx_word' id='word_1_891' title='bbox 2319 5754 2512 5805; x_wconf 74' lang='lat' dir='ltr'><strong>cxnn,</strong></span> <span class='ocrx_word' id='word_1_892' title='bbox 2575 5737 2631 5793; x_wconf 87' lang='lat'><strong>7.</strong></span> <span class='ocrx_word' id='word_1_893' title='bbox 2741 5736 3036 5799; x_wconf 72' lang='grc' dir='ltr'><strong>⁸⁸Αοι.ι·ιι,</strong></span> <span class='ocrx_word' id='word_1_894' title='bbox 3109 5734 3176 5789; x_wconf 65' lang='grc' dir='ltr'><strong><em>ὃὸ</em></strong></span> <span class='ocrx_word' id='word_1_895' title='bbox 3237 5749 3366 5801; x_wconf 76' lang='lat' dir='ltr'><strong>seqq</strong></span> 
     </span>
    </p>
   </div>
  </div>
