4020 6346
1701 347 1850 355 __-
1863 348 3403 363 .__________________.__________

1023 535 1656 645 EPISTOLA
1735 538 2640 647 DEDICATORIA.

227 924 581 979 Illustrissimo
612 941 675 978 ac
726 928 1140 981 rererendissimo
1189 929 1398 983 domino
1439 927 1508 982 D.
1569 928 1789 1008 Nicolaa
1835 930 2058 985 Antonio
2105 928 2388 984 Justiniani
2434 945 2498 986 ex
2523 929 2848 984 Benedictino
2898 931 3166 987 Casinensi
3220 933 3488 998 monacho,

679 1019 922 1088 episcopo
951 1016 1227 1088 Patavina,
1259 1019 1490 1075 Michael
1519 1022 1744 1092 Angelus
1775 1021 1938 1076 Luchi
1963 1021 2192 1094 ejusdem
2229 1019 2458 1076 sodalitii
2487 1021 2765 1076 monachus
2790 1020 2853 1098 VS.
2886 1019 2950 1076 P.
2983 1019 3053 1076 Β.

294 1132 404 1187 Tibi
433 1135 648 1188 omnino
678 1143 864 1203 tuaque
889 1136 1105 1200 nomini,
1139 1135 1328 1203 praesul
1359 1135 1706 1190 illustrissime
1727 1152 1788 1189 ac
1834 1136 2268 1202 reverendissime,
2318 1135 2414 1188 hac
2439 1134 2604 1206 aperis
2631 1133 2942 1188 debebatur:
2967 1136 3104 1203 quod
3132 1137 3177 1189 si
3221 1153 3356 1192 nunc
3384 1155 3495 1210 pu-

236 1225 400 1278 blicam
429 1227 483 1278 in
513 1227 683 1279 lucem
705 1227 897 1297 prodit,
927 1227 1015 1280 tibi
1046 1243 1257 1295 prorsus
1283 1237 1546 1297 acceptum
1568 1236 1642 1282 est
1666 1229 2011 1298 referendum.
2041 1225 2121 1281 Tu
2141 1227 2278 1281 enim
2301 1225 2442 1281 illius
2467 1241 2582 1279 cum
2607 1224 2944 1296 aggrediendi
2966 1232 3012 1277 et
3040 1224 3318 1281 inchoandi
3369 1231 3494 1284 mihi

233 1327 416 1380 auctor,
451 1327 557 1370 tum
584 1317 639 1370 in
660 1317 962 1373 absolvenda
993 1320 1408 1388 perficiendaque
1435 1319 1646 1391 adjutor
1674 1328 1720 1373 et
1751 1335 1946 1386 auspex
1972 1319 2114 1374 omni
2139 1328 2366 1389 tempore
2389 1317 2632 1372 exstitisti
2661 1331 2682 1371 ,ο
2703 1331 2808 1370 non
2837 1315 3004 1370 solum
3035 1331 3205 1370 curam
3227 1326 3275 1370 et
3305 1320 3497 1375 sollici-

233 1409 452 1463 tudinem
483 1409 786 1478 impendens
805 1453 820 1478 ,
865 1412 956 1464 sed
983 1412 1133 1464 etiam
1159 1411 1493 1483 suppeditans
1522 1419 1758 1480 sumptus
1794 1411 2121 1465 necessarias.
2155 1409 2514 1475 Quamobrem,
2545 1407 2638 1462 etsi
2672 1407 2816 1461 nulla
2841 1406 2950 1459 alia
2987 1407 3118 1476 forte
3155 1419 3279 1462 esset
3333 1426 3491 1466 causa

231 1503 287 1553 ob
312 1516 462 1567 quam
495 1509 584 1553 tuo
607 1500 801 1554 nomini
824 1501 906 1554 hic
927 1517 1069 1556 meus
1099 1502 1242 1556 labar
1265 1512 1668 1573 nuncuparetur,
1698 1501 1822 1555 satis
1849 1501 1943 1555 illa
1971 1517 2075 1554 una
2119 1500 2382 1565 omnibus,
2430 1498 2610 1553 saltem
2654 1497 2814 1568 aequis
2844 1513 3014 1551 rerum
3063 1499 3452 1556 astimataribus
3472 1543 3489 1568 ,

229 1592 356 1661 jusla
381 1599 427 1644 et
456 1601 797 1646 consentanea
821 1592 1096 1647 videretur.
1147 1591 1278 1647 Cum
1303 1601 1477 1646 autem
1506 1591 1682 1646 eodem
1710 1591 1923 1645 accedat
1955 1600 2010 1644 ut
2041 1600 2145 1645 tam
2171 1590 2395 1662 insignia
2426 1597 2631 1659 tamque
2661 1587 2885 1641 illustria
2921 1597 3218 1642 ornamenta
3265 1591 3368 1644 sive
3410 1593 3490 1662 fa-

231 1681 379 1734 milia
405 1691 452 1734 et
483 1682 714 1752 generis,
753 1681 858 1735 sive
883 1685 1074 1753 gradus
1103 1691 1149 1737 et
1179 1683 1447 1754 dignitatis
1472 1726 1487 1748 ,
1531 1684 1634 1737 sive
1662 1683 1819 1735 animi
1849 1690 1896 1736 et
1945 1683 2174 1751 ingenii,
2230 1683 2298 1735 ad
2334 1691 2380 1735 te
2415 1679 2847 1735 cohonestandum
2889 1679 3335 1752 extallendumque
3362 1685 3492 1738 mira

233 1773 551 1824 consensione
592 1772 1017 1841 conspiraverint,
1049 1783 1242 1844 quanta
1270 1774 1475 1844 difficile
1510 1775 1563 1827 in
1600 1774 1710 1827 ulla
1753 1774 1856 1827 alia
1897 1773 2102 1828 homine
2143 1775 2366 1845 reperire
2390 1775 2502 1842 quis
2550 1774 2730 1840 possit,
2771 1773 2849 1827 vel
2889 1774 3172 1842 optandum
3214 1775 3340 1828 mihi
3396 1777 3495 1846 fuit

233 1879 542 1932 summopere
567 1872 623 1915 ut
648 1864 890 1931 auspiciis
914 1865 1011 1918 tuis
1041 1873 1087 1918 et
1141 1867 1426 1935 patrocinia
1471 1865 1569 1919 hoc
1592 1864 1942 1936 qualecunque
1972 1881 2101 1935 apus
2131 1881 2299 1918 meum
2330 1873 2373 1918 et
2405 1863 2551 1917 labor
2579 1864 2924 1919 decoraretur.
2957 1865 3031 1918 Ac
3075 1881 3196 1919 sane
3231 1867 3276 1920 si
3302 1883 3489 1938 genus,

232 1965 275 2004 et
296 1955 559 2022 familiam,
587 1971 619 2008 a
643 1971 744 2024 qua
772 1965 912 2009 ortus
934 1971 1007 2019 es,
1039 1967 1266 2026 spectare
1291 1957 1460 2022 velim,
1493 1956 1600 2010 hinc
1630 1958 1761 2010 inter
1799 1955 2016 2009 Venetas
2045 1956 2292 2024 patricias
2339 1958 2515 2008 domos
2540 1955 2901 2019 vetustissima,
2942 1964 2989 2008 et
3037 1956 3354 2010 nobilissima
3394 1975 3494 2012 nu-

233 2057 463 2113 meratur,
497 2064 527 2099 a
557 2063 660 2118 qua
685 2056 731 2101 et
760 2049 1050 2116 reipublicaz
1078 2050 1312 2119 gerenda:
1336 2049 1624 2119 gravissimi
1646 2047 2101 2115 sapientissimique
2127 2046 2472 2099 moderatores
2502 2047 2638 2099 omni
2667 2055 2890 2114 tempore
2911 2045 3020 2099 dati
3041 2056 3184 2112 sunt;
3211 2056 3258 2102 et
3308 2047 3490 2104 Eccle-

235 2137 314 2190 siis
341 2137 764 2190 administrandis
793 2138 907 2191 navi
936 2146 983 2191 et
1011 2138 1251 2192 industrii
1278 2139 1540 2207 prwsules;
1567 2148 1614 2193 et
1637 2137 1762 2192 cmla
1794 2139 1964 2204 plures
1993 2137 2169 2190 heroes
2194 2137 2322 2201 nati,
2349 2137 2551 2206 egregia
2578 2136 2784 2205 pietate,
2814 2145 2863 2190 et
2891 2136 3134 2206 religione
3187 2141 3472 2209 conspicui.

237 2229 291 2282 Si
314 2246 422 2283 cera
451 2232 749 2303 dignitatem
786 2241 926 2284 tuam
953 2239 998 2285 et
1032 2231 1203 2286 locum
1249 2233 1563 2286 considerem
1587 2272 1604 2298 ,
1647 2232 1730 2286 illi
1754 2247 1912 2300 prices
1937 2229 2180 2285 Ecclesia:
2204 2245 2320 2299 qua:
2361 2231 2540 2284 merito
2571 2239 2642 2284 tot
2694 2230 2810 2284 aliis
2849 2231 3121 2297 splendore
3143 2271 3158 2296 ,
3203 2242 3448 2286 vetustate
3467 2277 3481 2300 ,

235 2331 479 2390 pastorum
500 2322 657 2386 serie,
682 2322 881 2384 virtute,
910 2338 1140 2386 numero,
1170 2325 1638 2394 prterogativisque,
1670 2323 1868 2378 cteteris
1892 2323 2132 2394 praelucet
2156 2333 2202 2376 et
2225 2322 2507 2385 antecellit,
2538 2331 2592 2375 ut
2618 2322 2830 2394 proinde
2869 2339 2982 2376 eam
3007 2321 3302 2391 dignitatem
3321 2367 3336 2392 ,
3371 2342 3486 2394 quoe

232 2411 302 2462 vel
327 2411 443 2464 aliis
472 2411 714 2466 Ecclesia:
744 2413 1082 2484 principibus,
1111 2416 1216 2468 sive
1246 2415 1538 2483 pastoribus
1567 2415 1851 2468 communis
1873 2425 2030 2468 tecum
2054 2423 2148 2478 est,
2179 2413 2321 2467 illius
2341 2430 2491 2484 quam
2515 2423 2652 2468 tenes
2677 2414 2810 2468 sedis
2837 2414 3124 2483 amplitudo
3167 2416 3486 2485 splendidio-

234 2517 331 2554 rem
362 2503 415 2555 in
444 2513 491 2555 te
519 2503 676 2572 faciat
720 2505 1094 2573 quodammodo
1120 2547 1133 2568 ,
1182 2516 1336 2578 atque
1370 2507 1738 2578 augustiorem.
1764 2505 2030 2560 Postremo
2058 2507 2218 2559 animi
2248 2507 2354 2572 tui,
2398 2515 2445 2560 et
2477 2507 2669 2576 ingenii
2699 2515 2998 2561 ornamenta
3034 2522 3150 2560 cum
3192 2508 3316 2561 editi
3361 2525 3393 2561 a
3443 2519 3491 2563 te

235 2591 378 2659 libri,
443 2595 585 2646 omni
628 2594 915 2648 liberaliore
966 2596 1241 2666 disciplina
1284 2598 1502 2668 referti,
1556 2607 1601 2652 et
1651 2598 1910 2652 industria
1965 2599 2240 2667 perpoliti,
2302 2608 2403 2651 tum
2455 2599 2704 2665 imprimis
2749 2601 2801 2652 in
2853 2597 3084 2652 Ecclesia
3126 2609 3212 2653 tua
3264 2602 3486 2672 regenda

235 2687 574 2755 pascendaque
599 2704 749 2757 grege
777 2687 1094 2752 sollicitudo,
1122 2691 1410 2758 diligentia,
1439 2690 1493 2742 in
1517 2705 1761 2758 pauperes
1785 2689 2086 2754 liberalitas,
2117 2701 2161 2742 et
2180 2690 2231 2742 in
2253 2691 2567 2759 amplissima
2588 2689 2902 2744 xenodachio
2924 2689 3124 2744 Patavii
3169 2694 3480 2746 exstruendo

235 2778 438 2830 stadium
480 2787 528 2831 et
565 2780 937 2846 muniﬁcentia,
991 2782 1116 2834 satis
1148 2782 1361 2850 probant
1384 2791 1432 2835 et
1462 2781 1747 2835 ostendunt.
1799 2782 1926 2848 Quw
1954 2783 2186 2850 profecta
2235 2783 2436 2852 singula
2491 2783 2746 2847 eiusmodi
2787 2794 2906 2836 sunt
2935 2791 2987 2835 ut
3016 2799 3104 2852 per
3129 2799 3181 2838 se
3216 2785 3330 2839 sola
3369 2803 3487 2840 cum

235 2882 388 2920 veram
417 2869 738 2939 solidamque
763 2871 967 2924 laudem
997 2871 1085 2924 tibi
1106 2872 1332 2942 pariant,
1368 2885 1474 2925 tum
1501 2872 1579 2925 vel
1602 2873 1772 2940 alteri,
1811 2873 1897 2940 qui
1924 2882 2010 2926 tuo
2041 2877 2242 2941 fruatur
2281 2874 2590 2942 patrocinio,
2623 2876 2900 2943 plurimum
2927 2876 3056 2928 lucis
3086 2885 3131 2928 et
3179 2880 3378 2946 fructus
3414 2880 3482 2931 ad

236 2962 710 3016 commendationem
739 2960 927 3016 laboris
977 2973 1024 3016 et
1051 2963 1242 3034 ingenii
1270 2962 1455 3030 afferre
1491 2965 1707 3034 possint.
1758 2963 1911 3019 Hisce
1947 2965 2080 3018 illud
2103 2965 2256 3018 etiam
2297 2965 2600 3036 adjungitur
2639 2967 2777 3037 quod
2809 2966 3082 3020 Venantius
3126 2966 3443 3024 Fortunatus
3465 3014 3478 3037 ,

234 3051 368 3119 cujus
411 3061 647 3120 poemata
692 3054 978 3123 scriptaque
1003 3054 1108 3106 alia
1137 3055 1274 3108 hisce
1311 3053 1511 3108 duobus
1553 3056 1892 3110 voluminibus
1936 3058 2300 3123 comprehensa
2342 3057 2540 3110 edimus
2566 3097 2581 3122 ,
2635 3057 2896 3127 Duplavili
2942 3069 3081 3114 ortus
3113 3058 3222 3132 [qui
3248 3063 3387 3116 locus
3413 3065 3481 3115 ad

236 3149 366 3194 tuam
393 3143 647 3197 dicecesim
674 3141 912 3215 pertinet]
941 3153 989 3198 te
1015 3153 1284 3214 patronunt
1305 3154 1352 3199 et
1376 3146 1636 3214 auspicem
1663 3147 2042 3216 quodammodo
2088 3147 2378 3202 desiderare
2401 3149 2650 3217 videatur,
2684 3160 2739 3204 ut
2768 3151 2852 3220 qui
2875 3151 2996 3204 alim
3018 3153 3186 3206 vivens
3216 3153 3266 3206 in
3297 3153 3481 3209 Galliis

234 3231 464 3307 Gregorio
513 3233 816 3302 Turonensi,
859 3236 1150 3291 doctissimo
1176 3237 1306 3303 viro,
1357 3246 1404 3290 et
1445 3237 1752 3292 amicissimo
1774 3253 1891 3304 suo,
1944 3247 2064 3291 tunc
2091 3239 2329 3308 temporis
2353 3240 2615 3311 primaria:
2655 3242 2788 3294 sedis
2829 3243 3062 3310 antistiti,
3114 3253 3350 3311 poemata
3390 3262 3482 3300 sua

231 3325 416 3378 dicarat
438 3334 485 3380 et
506 3325 859 3396 inscripserat,
891 3327 1027 3381 ident
1056 3335 1167 3397 post
1194 3331 1304 3397 fata
1335 3337 1580 3396 tanquam
1607 3328 1907 3382 reviviscens
1945 3343 2076 3381 nova
2102 3329 2327 3399 Operum
2355 3345 2568 3383 suorunt
2597 3328 2857 3394 Editiane,
2906 3342 2953 3386 te
2984 3343 3250 3402 patronum
3302 3337 3481 3390 merito

233 3417 464 3486 efflagitet
492 3426 538 3471 et
565 3425 805 3485 exposcat
827 3434 846 3484 ;
875 3420 1020 3488 cujus
1049 3417 1232 3473 ditiani
1256 3429 1303 3472 et
1332 3419 1644 3483 auctoritati,
1680 3418 1744 3473 ob
1767 3418 1906 3473 sedis
1932 3435 2086 3488 quam
2111 3428 2248 3473 tenes
2277 3420 2684 3486 amplitudinem,
2717 3423 2887 3476 natale
2911 3424 3140 3494 ejusdem
3168 3425 3333 3479 solum
3362 3427 3483 3480 sub-

233 3507 411 3573 iicitur.
440 3508 567 3575 Qui:
590 3525 706 3563 cum
729 3510 802 3564 ita
822 3511 944 3578 sint,
970 3512 1066 3564 hoc
1093 3527 1242 3580 opus,
1267 3511 1406 3581 quod
1433 3519 1521 3564 tuo
1547 3511 1750 3566 nomine
1772 3510 2072 3581 insignitum
2110 3510 2366 3581 publicam
2390 3511 2441 3564 in
2471 3511 2632 3565 lucem
2656 3513 2824 3583 prodit
2847 3554 2861 3577 ,
2913 3515 2987 3567 sic
3035 3516 3259 3586 excipias
3287 3517 3436 3572 velim
3462 3562 3478 3586 ,

232 3611 282 3652 ut
306 3609 350 3655 et
376 3608 621 3670 tanquam
648 3601 871 3656 debitum
912 3602 999 3655 tibi
1024 3617 1207 3656 munus
1235 3610 1504 3672 respectes,
1554 3610 1601 3656 et
1629 3617 1730 3654 una
1759 3600 2020 3668 offerentis
2049 3602 2283 3654 animum
2307 3601 2664 3673 amplectaris;
2691 3603 2781 3673 qui
2811 3620 2929 3657 cum
2969 3605 3140 3660 multis
3186 3608 3477 3662 nominibus

232 3693 565 3760 observantiie,
589 3694 832 3763 obsequii,
871 3695 1134 3764 devatique
1155 3693 1314 3748 animi
1343 3693 1614 3748 obstrictus
1638 3692 1727 3746 tibi
1763 3693 1879 3758 sint,
1929 3702 2033 3745 tum
2055 3690 2135 3746 vel
2158 3692 2250 3746 illa
2275 3696 2490 3763 majoris
2517 3693 2668 3762 ofﬁcii
2688 3709 2844 3748 causa
2887 3697 3114 3764 accedit,
3161 3701 3300 3768 quod
3346 3699 3480 3752 idem

231 3785 487 3840 Casinense
514 3785 812 3840 sodalitium
841 3803 922 3841 me
945 3787 1169 3840 educarit
1191 3826 1208 3852 ,
1251 3785 1559 3847 instituerit,
1590 3783 1868 3854 confot'erit
1886 3825 1900 3848 ,
1951 3786 2102 3854 cujus
2127 3792 2183 3836 tu
2207 3800 2408 3854 quoque
2439 3784 2654 3854 familia:
2696 3785 2819 3838 olim
2860 3786 3280 3841 adnumerabaris
3306 3831 3320 3853 ,
3363 3788 3479 3844 licet

229 3888 392 3946 postea
415 3894 506 3949 pro
534 3878 652 3932 vita:
675 3879 961 3932 innocentia
983 3917 999 3944 ,
1031 3888 1078 3932 et
1106 3878 1283 3932 merita
1302 3920 1316 3943 ,
1347 3878 1415 3932 ad
1444 3879 1610 3946 majus
1638 3875 1944 3930 Christiana:
1996 3875 2290 3940 reipublicae
2338 3874 2552 3938 bonum,
2599 3873 2843 3928 Ecclesiis
2876 3875 3184 3930 Torcellensi
3227 3878 3476 3946 primum,

229 3969 403 4022 deinde
436 3968 742 4034 Veronensi,
787 3985 850 4022 ac
875 3979 1129 4040 postrema
1173 3967 1440 4022 Patavina:
1465 3967 1698 4039 regendis
1727 3972 1982 4028 evocatus,
2015 3963 2308 4017 monasterii
2337 3963 2594 4016 silentium
2622 3979 2682 4016 ac
2710 3965 3032 4019 solitudinem
3085 3983 3200 4020 cum
3245 3971 3479 4039 frequen-

227 4059 530 4114 tissimorum
562 4059 916 4114 Ecclesiarum
941 4069 1091 4129 atque
1113 4061 1313 4115 sedium
1343 4059 1613 4127 splendore
1656 4065 1700 4112 et
1727 4055 2014 4111 celebritate
2058 4053 2463 4108 commutaveris.
2510 4053 2623 4126 Ego
2645 4069 2761 4108 vero
2815 4071 2930 4108 cum
2967 4055 3142 4127 aliqua
3191 4059 3478 4114 testimonia

227 4167 383 4204 meum
413 4170 532 4224 erga
558 4162 608 4206 te
637 4153 1006 4207 observantiam
1034 4152 1570 4220 necessitudinemque,
1605 4166 1669 4204 ex
1694 4149 1756 4202 iis
1778 4163 1905 4215 quas
1936 4146 2047 4200 dixi
2077 4148 2244 4199 causis
2283 4144 2584 4213 profectam,
2619 4148 2886 4200 cantestari
2900 4149 3218 4219 jampridem
3258 4161 3474 4221 exapta-

233 4258 355 4311 rem,
387 4245 480 4300 hoc
506 4246 826 4316 aptissimum
847 4247 1008 4299 visum
1036 4255 1129 4311 est,
1162 4245 1297 4314 quod
1325 4245 1608 4297 litterarum
1633 4239 1974 4296 monumentis
2000 4252 2294 4306 expressum
2319 4278 2334 4302 ,
2371 4244 2417 4288 et
2465 4237 2518 4288 in
2545 4237 2722 4307 vulgus
2743 4237 2956 4304 editum,
3005 4255 3096 4292 nec
3124 4242 3281 4295 latere
3302 4259 3475 4309 quem-

225 4351 370 4402 quam
397 4346 585 4407 posset,
619 4348 665 4391 et
694 4339 879 4391 nostris
909 4338 1219 4405 temporibus
1245 4345 1497 4405 superstes
1535 4333 1612 4387 vel
1651 4331 1718 4385 ad
1743 4345 1912 4384 seram
1941 4328 2285 4399 posteritatem
2321 4328 2619 4396 pervmiret.
2661 4325 2687 4379 1
2698 4337 2868 4381 nterea
2896 4333 3125 4398 quamvis
3152 4331 3331 4400 procul
3380 4333 3475 4386 ab-

223 4431 314 4480 sim
339 4446 571 4501 carpare,
609 4431 775 4501 longis
807 4439 1054 4486 terrarum
1082 4431 1263 4499 spatiis
1291 4429 1531 4495 dissitus,
1585 4437 1752 4481 tamen
1795 4439 2018 4494 praesens
2062 4424 2233 4478 animo
2258 4464 2272 4487 ,
2312 4438 2487 4477 sacras
2531 4424 2620 4477 tibi
2669 4439 2850 4478 manus
2899 4426 3340 4496 obsefttenlissime
3385 4430 3478 4483 de~

221 4524 441 4577 osculor.

365 4618 572 4684 Roma,
624 4617 788 4672 Nonis
809 4615 970 4672 Iuliis
1003 4614 1164 4671 I786.

1485 4919 2203 5028 PB/EFATIO.

275 5171 419 5227 Cum
451 5184 645 5225 novam
677 5168 814 5222 hanc
839 5162 1084 5220 V'enantii
1114 5157 1392 5214 Fortunati
1422 5158 1653 5227 Operum
1681 5158 1974 5214 Editionem
2006 5157 2241 5229 aggressi
2274 5158 2531 5214 fuerimus
2561 5157 2902 5213 illustrissimi
2935 5174 2997 5216 ac
3047 5161 3474 5217 reverendissimi

209 5267 414 5321 domini
458 5263 663 5320 Nicolai
690 5260 910 5318 Antonii
952 5255 1264 5319 Iustiniani,
1311 5270 1376 5310 ex
1408 5253 1672 5309 monacho
1699 5255 2042 5310 Benedictino
2068 5255 2343 5310 Casinensi
2391 5254 2627 5325 episc0pi
2660 5254 2917 5316 Patavini,
2949 5255 3100 5325 jussu
3129 5271 3192 5310 ac
3226 5254 3473 5319 consilio,

209 5372 460 5427 quanam
506 5369 666 5411 causa
704 5352 1061 5408 clarissimum
1104 5362 1169 5403 ac
1205 5346 1573 5402 doctissimum
1611 5345 1783 5401 virum
1829 5345 2099 5416 impulerit
2133 5345 2200 5400 ad
2248 5359 2438 5400 novam
2489 5345 2876 5416 procurandam
2917 5345 3195 5402 Fortunati
3241 5346 3473 5414 Operum

209 5450 546 5514 Editionem,
589 5447 730 5502 haud
763 5447 866 5502 erit
911 5444 1144 5499 alienum
1185 5443 1370 5512 paucis
1413 5441 1500 5497 hic
1539 5440 1761 5498 referre.
1819 5441 1897 5497 Ac
1939 5440 2112 5510 primo
2153 5441 2418 5495 neminem
2463 5441 2625 5508 latet,
2656 5441 2744 5510 qui
2781 5441 2863 5497 vel
2901 5441 3170 5511 paululum
3205 5441 3254 5494 in
3283 5442 3477 5498 studiis

208 5544 549 5612 antiquitatis
600 5552 841 5596 versatus
887 5540 978 5606 sit,
1026 5545 1277 5605 quantum
1329 5533 1550 5590 subsidii
1601 5547 1662 5590 ac
1701 5533 1916 5589 luminis
1961 5548 1992 5588 e
2039 5531 2251 5602 scriptis
2303 5531 2578 5587 Fortunati
2629 5532 2694 5585 ad
2742 5532 3016 5586 historiam
3064 5546 3115 5586 vr
3159 5532 3384 5598 saeculi,
3413 5548 3477 5589 ac

210 5639 488 5706 praecipue
522 5633 773 5687 Ecclesiae
814 5631 1070 5699 regnique
1100 5625 1315 5692 Galliae,
1361 5624 1726 5678 illustrandam
1767 5632 1949 5693 petere
1993 5639 2179 5678 omnes
2222 5627 2613 5679 consueverint.
2673 5622 2761 5678 Vir
2798 5623 2938 5678 enim
2979 5623 3090 5691 ille,
3119 5631 3175 5680 et
3207 5624 3470 5692 doctrina,

208 5738 262 5783 et
308 5727 518 5799 pietate
558 5739 671 5780 sua:
714 5720 918 5783 aetatis,
967 5717 1328 5783 clarissimus,
1373 5731 1492 5772 cum
1539 5716 1816 5786 praecipui-
1866 5715 2048 5772 C.‘.’i;e
2095 5715 2410 5786 prmsulibus
2457 5715 2546 5786 qui
2588 5722 2680 5770 aut
2707 5713 2986 5769 sanctitate
3031 5723 3124 5771 aut
3173 5715 3473 5773 eruditione

620 5842 892 5902 Ριτιοι.
941 5832 1354 5898 LXXXVIII.

3049 5831 3080 5893 1
