4020 6346
507 243 570 302 ii
1071 242 1579 301 PROLEGOMENA
1615 242 1709 299 AD
1750 238 2075 297 VENANTII
2114 237 2273 295 BDN.
2313 238 2521 298 CLEM.
2563 237 2960 297 FORTUNATI
2998 236 3247 297 OPERA.
3716 237 3779 293 l2

505 354 890 427 przestiterunt,
922 366 1183 427 prmterea
1225 372 1345 411 cum
1378 355 1615 425 pluribus
1640 353 1761 409 aliis
1795 354 1945 425 regni
1982 353 2128 409 illius
2158 349 2467 421 proceribus
2506 367 2569 409 ac
2595 351 2925 424 principibus
2957 352 3083 407 viris
3114 349 3427 421 coniunctus
3462 351 3776 411 amicissima

505 450 695 519 gratia,
741 449 869 519 quin
910 449 1069 503 etiam
1113 448 1243 519 ipsis
1289 448 1500 517 regibus
1542 446 1629 516 qui
1662 456 1784 499 tunc
1825 445 2079 512 temporis
2126 446 2177 499 in
2209 444 2375 500 Gallia
2404 460 2586 500 rerum
2619 445 2979 514 potiebantur,
3013 458 3077 498 ac
3104 443 3265 511 regiis
3311 456 3496 497 eorum
3549 441 3773 512 familiis,

505 550 690 610 gratus
724 550 1113 611 acceptusque,
1150 541 1310 596 multa
1353 540 1421 596 de
1458 538 1541 593 liis
1575 548 1736 608 atque
1782 537 1849 592 ad
1894 534 2054 593 hosce
2094 520 2309 609 scripsit
2348 536 2462 593 sive
2498 539 2707 607 soluta,
2755 537 2870 593 sive
2904 536 3127 592 metrica
3168 536 3437 601 oratione,
3469 551 3589 604 quae
3624 543 3676 590 et
3712 535 3778 591 ad

513 637 747 706 privatas
783 634 997 689 illorum
1038 649 1123 689 res
1174 648 1238 688 ac
1275 632 1537 698 fortunas,
1568 638 1623 685 ct
1662 630 1729 686 ad
1760 630 1969 700 publica
2010 631 2245 701 negotia,
2275 644 2339 685 ac
2379 632 2538 685 totius
2576 632 2725 700 regni
2766 639 2967 684 statum
3006 627 3402 694 illustrandum,
3436 630 3778 697 pertinerent.

504 732 766 800 Quocirca
818 738 933 784 tuto
980 728 1113 783 illud
1158 725 1426 781 afﬁrmare
1471 726 1671 794 possim
1701 764 1717 791 ,
1774 723 2004 792 plurium
2044 724 2157 794 jam
2204 722 2321 779 sive
2364 724 2734 793 episcoporum
2786 723 2933 778 illius
2985 722 3277 789 temporis,
3336 721 3451 775 sive
3500 735 3777 789 procerum

505 820 657 889 regni
687 820 903 887 Gallim,
941 818 1157 879 nomina
1192 830 1255 869 ac
1294 828 1382 869 res
1414 825 1578 885 gesta:
1617 823 1869 883 perpetua
1919 814 1973 868 in
2024 815 2287 871 oblivione
2321 815 2648 885 jacuissent,
2696 815 2799 870 nisi
2848 813 3034 869 eadem
3074 812 3185 867 suis
3232 810 3423 866 litteris
3453 809 3779 866 Fortunatus

506 922 644 966 sere
679 908 975 980 posteritati
1016 904 1356 977 prodidisset.
1387 904 1617 974 Hujtuee
1653 904 1894 960 carmina
1932 920 2053 960 eum
2094 906 2278 964 eorum
2320 908 2557 974 nomina,
2594 920 2658 962 ac
2685 907 2841 961 sedes
2881 906 2949 961 ab
2991 903 3261 960 oblivione
3287 902 3641 967 vindicarunt,
3673 902 3782 958 tuti

503 1005 569 1059 ad
605 1003 865 1060 notandas
904 1002 1293 1072 signandasquo
1335 1006 1635 1069 temporum
1678 999 1919 1055 rationes
1957 1001 2149 1070 quibus
2186 1008 2280 1055 aut
2320 1000 2421 1070 ipsi
2461 1000 2737 1066 vixerunt,
2772 1006 2867 1054 aut
2898 998 3097 1069 aiiquid
3175 998 3432 1053 memoria
3473 998 3689 1067 dignum
3731 996 3787 1052 in

503 1111 691 1154 eorum
748 1096 964 1151 urbibus
1009 1109 1071 1149 ac
1121 1092 1407 1165 provinciis
1454 1091 1689 1158 accidit,
1736 1091 2022 1161 plurimum
2070 1091 2284 1149 luminis
2332 1092 2736 1162 adjumentique
2781 1090 3034 1147 afferunt.
3089 1089 3225 1144 Hinc
3272 1088 3468 1143 mirum
3515 1101 3637 1143 esse
3680 1103 3786 1147 non

500 1190 659 1247 debet
696 1199 761 1242 ex
805 1188 908 1241 hoc
949 1183 1099 1239 fonte
1127 1196 1315 1239 omnes
1362 1181 1475 1240 fere
1520 1182 1761 1238 hausisse
1806 1184 1897 1253 qui
1940 1184 2005 1240 de
2033 1183 2220 1240 Gailite
2262 1187 2427 1242 rebus
2464 1183 2717 1254 deinceps
2760 1184 2867 1239 ulla
2910 1191 3067 1240 aetate
3106 1184 3455 1251 scripserunt.
3502 1183 3622 1239 Jam
3663 1199 3790 1244 vero

500 1296 601 1338 nec
636 1294 824 1350 pauca,
871 1291 970 1333 nec
1008 1292 1203 1346 parva,
1241 1286 1335 1332 aut
1366 1278 1617 1344 obscura,
1650 1292 1714 1333 ea
1755 1289 1880 1334 sunt
1918 1294 2039 1350 quas
2077 1278 2147 1334 ad
2190 1281 2463 1350 religionis
2501 1281 2669 1350 ipsius
2710 1280 2961 1351 dogmata
2998 1277 3362 1334 conﬁrmanda
3391 1287 3448 1334 et
3474 1279 3790 1338 vindicanda

506 1372 575 1426 ab
615 1369 1061 1425 heterodoxorum
1110 1365 1335 1437 ingeniis
1380 1382 1447 1423 ao
1487 1369 1641 1423 novis
1680 1370 1999 1425 commentis
2035 1384 2069 1425 o
2108 1370 2390 1427 Fortunati
2439 1373 2706 1442 Oporibus
2754 1374 2892 1428 sumi
2945 1381 3167 1442 possunt
3214 1387 3411 1441 τιμίω,
3465 1371 3611 1427 haud
3663 1384 3795 1429 sane

505 1459 909 1519 contemnendae
938 1458 1286 1528 antiquitatis
1351 1459 1659 1516 testimonio
1703 1470 1758 1516 et
1801 1464 2120 1520 auctoritate
2178 1464 2560 1534 cumprobota,
2628 1465 2695 1520 ad
2745 1464 3067 1520 refellendas
3130 1464 3443 1519 earumdem
3492 1464 3791 1519 calumnias

502 1558 682 1614 valere
708 1555 1001 1626 plurimum
1023 1554 1241 1612 debent.
1269 1551 1422 1609 Adde
1452 1555 1537 1609 his
1562 1553 1800 1610 cultioris
1828 1555 2110 1626 elegantiae
2134 1568 2468 1614 venustatem
2487 1596 2502 1625 ,
2538 1574 2658 1629 qua:
2689 1561 2883 1628 passim
2918 1559 2971 1615 in
2998 1557 3242 1630 ejusdeu
3270 1557 3549 1612 Fortunati
3582 1557 3796 1626 scriptis

507 1667 760 1725 expressa
787 1649 1229 1721 deprehenditur,
1259 1656 1321 1703 ut
1357 1661 1465 1703 non
1496 1661 1622 1717 una,
1652 1646 1746 1702 sed
1789 1647 2030 1718 pluribus
2055 1648 2125 1705 de
2149 1654 2324 1705 causis
2363 1666 2470 1706 non
2508 1652 2789 1706 minimum
2835 1651 3070 1721 intersit,
3111 1649 3156 1704 si
3195 1649 3490 1718 cujuSpiam
3544 1648 3790 1712 alterius,

511 1756 659 1801 certe
704 1744 787 1799 vel
825 1741 1102 1797 Fortunati
1153 1740 1322 1811 ipsius
1359 1740 1554 1811 Opera,
1593 1754 1757 1810 quam
1798 1740 1914 1796 fieri
1958 1746 2135 1811 potest
2180 1743 2431 1807 maxime,
2481 1743 2767 1815 illustrata,
2801 1745 3079 1802 emendata
3124 1755 3182 1800 et
3224 1754 3376 1799 aucta
3426 1744 3699 1814 publicam
3742 1744 3797 1799 ia

512 1837 687 1893 lucem
716 1833 965 1907 proferri.

578 1928 710 1984 Cum
755 1939 931 1983 autem
968 1927 1147 1999 plures
1185 1940 1250 1982 ea
1290 1925 1346 1981 in
1379 1940 1441 1982 re
1481 1925 1907 1992 elaboraverint,
1951 1941 2016 1982 ac
2053 1940 2198 1998 sape
2239 1928 2434 1998 szepius
2480 1928 2668 1984 eadem
2706 1928 2847 1984 edita
2888 1943 2953 1983 ac
2997 1927 3150 1983 novis
3198 1927 3604 1984 accessionibus
3642 1936 3800 1984 aucta

510 2022 740 2087 fuerint,
771 2021 955 2076 nescio
995 2028 1174 2073 tamen
1201 2018 1472 2088 quomodo
1515 2019 1688 2088 majus
1726 2019 1819 2073 illa
1855 2019 2056 2086 lumen,
2097 2020 2339 2075 omnium
2377 2034 2511 2088 pene
2550 2021 2689 2076 votis
2727 2034 2789 2074 ac
2828 2019 3053 2087 judicio,
3098 2018 3405 2073 desiderare
3451 2019 3798 2087 videbantur,

504 2116 583 2169 Ac
617 2113 854 2183 profecto
886 2126 1004 2181 quae
1036 2112 1266 2181 primum
1299 2111 1475 2166 Editio
1503 2112 1735 2181 Operum
1768 2110 2042 2166 Fortunati
2070 2109 2245 2166 Galari
2280 2110 2333 2164 in
2362 2110 2608 2165 Sardinia
2637 2124 2777 2164 anno
2802 2111 2943 2164 i573
2972 2109 3205 2178 perfecta
3246 2117 3349 2175 est,
3391 2108 3524 2163 nihil
3554 2114 3802 2165 continet

501 2205 643 2260 aliud
679 2220 837 2275 quam
880 2204 1119 2274 ejusdem
1157 2203 1405 2275 hymnos,
1431 2202 1719 2259 Cassandri
1757 2218 1920 2273 opera
1959 2203 2292 2271 emendatos,
2323 2218 2385 2259 ac
2414 2204 2674 2273 pristinae,
2711 2211 2773 2258 ut
2796 2205 2841 2258 is
2873 2198 3172 2271 profitetur,
3201 2202 3439 2257 redditos
3467 2204 3799 2273 integritati.

500 2301 787 2369 Exemplar
825 2312 953 2354 vero
979 2299 1214 2368 Operum
1248 2297 1489 2368 ejusdem
1536 2297 1666 2353 item
1694 2298 1900 2367 Balari,
1933 2306 2303 2368 consequente
2328 2312 2490 2365 anno,
2521 2311 2684 2367 opera
2726 2311 2791 2352 ac
2828 2296 3005 2352 studio
3031 2294 3216 2351 Jacobi
3245 2296 3543 2351 Salvatoris
3575 2298 3802 2367 Solani,

502 2390 644 2462 typis
672 2390 877 2445 Nicolai
906 2389 1210 2462 Canyelles,
1250 2389 1448 2445 editum
1494 2399 1596 2456 est,
1625 2397 1746 2443 octo
1783 2388 1835 2443 in
1880 2388 2046 2444 libros
2075 2390 2454 2456 distributum;
2516 2404 2723 2454 verum,
2773 2388 3210 2445 doctissimorum
3245 2388 3520 2443 hominum
3565 2390 3802 2459 judicio,

507 2495 757 2535 mancum
787 2480 914 2534 illud
934 2494 997 2535 ac
1024 2480 1289 2547 ututilum,
1322 2488 1433 2534 tum
1462 2480 1761 2535 innumeris
1786 2495 1948 2550 prope
1974 2480 2181 2538 mendis
2200 2479 2546 2551 depravatum
2579 2494 2634 2538 et
2671 2491 3002 2549 corruptum.
3029 2480 3183 2549 Quod
3216 2482 3269 2536 in
3296 2481 3556 2538 Venetam
3583 2494 3807 2556 quoque

503 2572 834 2640 Editionem,
873 2573 1012 2641 apud
1057 2573 1296 2628 haeredes
1334 2572 1517 2629 Jacobi
1567 2573 1847 2640 Siutbenii,
1889 2588 1976 2629 an.
2022 2573 2193 2642 1578,
2232 2577 2583 2644 translatum,
2630 2576 2819 2631 iisdem
2863 2585 3023 2642 atque
3065 2577 3227 2630 etiam
3279 2572 3527 2645 pluribus
3580 2576 3807 2632 mendis

501 2667 756 2722 iniectum
787 2680 849 2721 ac
872 2665 1108 2721 deforme
1137 2666 1351 2735 prodiit.
1396 2666 1541 2721 idem
1579 2680 1761 2721 rursus
1791 2665 1967 2720 Calari
1991 2709 2004 2732 ,
2048 2681 2139 2723 an.
2171 2668 2337 2738 1584,
2375 2679 2431 2725 et
2461 2669 2723 2737 Colonia,
2778 2684 2865 2724 an.
2903 2669 3062 2737 ibOO,
3096 2683 3361 2736 recursum,
3395 2668 3594 2724 additis
3636 2672 3809 2726 etiam

502 2759 943 2831 Expositionihus
984 2762 1034 2812 iu
1074 2757 1386 2828 Symbolum
1437 2770 1491 2813 et
1535 2758 1843 2814 Orationem
1894 2759 2250 2829 Dominica'm,
2294 2764 2463 2817 nihilo
2510 2761 2821 2818 defaecatius
2867 2774 2929 2817 ac
2971 2762 3149 2831 purius
3198 2762 3419 2816 exetitit.
3473 2762 3609 2817 Haec
3661 2764 3810 2820 inter

499 2853 803 2909 Parisiense
840 2853 1138 2920 exemplar,
1179 2853 1321 2920 quod
1359 2854 1412 2906 in
1455 2861 1655 2907 tomum
1697 2852 1804 2906 Vlll
1836 2853 2181 2910 liibliothecte
2217 2864 2457 2909 veterum
2500 2855 2760 2910 Ecclesia:
2794 2852 3011 2907 Patrum
3048 2854 3309 2907 insertum
3352 2860 3457 2916 est,
3494 2863 3554 2908 et
3592 2856 3811 2912 editum

501 2948 759 3013 Parisiis,
804 2944 1013 3000 ceteris
1070 2944 1316 2999 omnibus
1368 2946 1626 3000 librorum
1682 2960 1927 3013 numero,
1978 2947 2246 3012 anteibat;
2314 2947 2364 3003 id
2418 2950 2592 3016 ipsum
2642 2957 2821 3002 tamen
2873 2948 3163 3001 multorum
3219 2952 3531 3015 poematum
3590 2948 3812 3019 jactura

501 3040 778 3107 lacerum,
836 3050 899 3090 ac
947 3036 1229 3102 mutilum,
1275 3047 1329 3092 et
1378 3048 1627 3104 perversa
1677 3040 1974 3105 vitiosaque
2022 3040 2285 3106 lectione,
2341 3040 2580 3110 pluribus
2631 3041 2685 3095 in
2735 3039 2897 3101 locis,
2952 3040 3292 3108 depravatum
3322 3080 3337 3105 ,
3386 3039 3813 3111 diligentiOrem

502 3132 899 3200 auctioremque
929 3130 1228 3185 Editionem
1273 3142 1495 3199 poscere
1531 3128 1826 3184 videbatur.
1861 3128 2008 3185 Hanc
2050 3136 2332 3202 aggressus
2375 3133 2443 3188 cl.
2475 3135 2557 3188 vir
2586 3134 2643 3187 P.
2673 3130 3091 3202 Christophorus
3111 3130 3417 3199 Browerus,
3461 3146 3491 3188 e
3535 3138 3814 3196 ‘societate

500 3222 649 3290 Jesu,
682 3221 905 3292 perfecit
941 3231 1100 3289 atque
1140 3216 1305 3276 edidit
1347 3219 1662 3287 Moguntim,
1698 3234 1839 3276 anno
1866 3223 2040 3288 1605,
2091 3225 2228 3295 typis
2256 3224 2551 3279 Balthasari
2583 3225 2792 3295 Lippii;
2833 3233 2886 3279 et
2926 3225 3174 3280 eamdem
3213 3228 3489 3283 renovavit
3532 3234 3811 3289 emenda-

509 3315 689 3384 vitque
717 3328 806 3366 an.
833 3311 992 3377 1617,
1024 3313 1151 3367 item
1181 3312 1466 3381 Maguntite
1508 3311 1705 3366 editam
1748 3316 2053 3384 'sumptibus
2088 3315 2346 3373 Bernardi
2385 3317 2687 3387 Gualthcri,
2732 3316 3043 3388 bibliopola:
3085 3318 3442 3385 Coloniensis,
3488 3327 3814 3385 excudente

510 3406 717 3463 Joanne
744 3404 1035 3461 Voimario.
1070 3405 1196 3460 Haec
1216 3414 1364 3460 certe
1403 3403 1582 3459 Editio
1610 3406 1846 3475 Operum
1875 3406 2182 3479 Fortunati,
2227 3408 2437 3467 deteris
2465 3413 2734 3479 Omnibus,
2782 3420 2901 3481 quae
2943 3410 3171 3469 antehac
3208 3412 3501 3469 elaboratis
3552 3414 3809 3488 fuerant,

500 3502 727 3566 auctior,
760 3499 1086 3569 diligentior,
1117 3508 1171 3553 et
1200 3499 1438 3553 ornatior
1463 3500 1727 3568 apparuit.
1773 3498 1819 3556 is
1848 3503 2015 3570 enim,
2042 3508 2143 3574 ope
2172 3510 2304 3560 mss.
2321 3495 2617 3571 'Codicum,
2646 3512 2701 3559 et
2729 3505 2886 3574 plura
2915 3510 3034 3576 qua:
3070 3512 3226 3561 antea
3255 3505 3396 3561 edita
3440 3512 3553 3562 nun
3589 3512 3819 3566 fuerant

503 3594 799 3664 exemplari
837 3606 935 3647 suo
976 3592 1203 3657 addidit,
1243 3596 1299 3646 et
1336 3592 1455 3660 quae
1496 3591 1833 3673 ibnn‘umeris
1872 3600 2007 3666 pene
2051 3596 2327 3653 scat‘cbant
2369 3592 2966 3673 erroribus'diligeuter
3002 3600 3327 3656 emendavit.
3375 3600 3555 3668 Qitam
3586 3604 3662 3659 ad
3692 3618 3816 3660 rem

494 3686 674 3742 tribus
707 3685 971 3756 praecipue
1010 3699 1141 3739 mss.
1171 3697 1230 3738 se
1268 3696 1422 3738 usum
1458 3682 1702 3753 tes’tat‘ut‘,
1738 3672 1842 3742 fide
1874 3689 2197 3758 dignissimis
2229 3709 2240 3744 :
2275 3688 2577 3748 Trevirensi
2617 3698 2743 3760 uno,
2790 3692 2959 3749 altero
3000 3693 3110 3765 (cui
3148 3695 3195 3749 is
3236 3692 3354 3763 plus
3385 3708 3551 3762 quam
3586 3700 3819 3756 czeteris

496 3779 655 3847 pretii
689 3777 893 3846 tribuit)
928 3790 992 3829 ex
1023 3774 1235 3828 abbatia
1264 3770 1662 3841 San-Gallensi,
1708 3780 1771 3832 ac
1808 3779 1964 3834 tertio
2005 3790 2071 3835 ex
2107 3768 2322 3837 abbatia
2352 3780 2758 3853 Sigeb'ergens‘i;
2790 3787 2917 3854 quin
2961 3792 3014 3841 et
3052 3785 3408 3855 fragmentum
3440 3798 3549 3842 ms.
3583 3786 3819 3845 Codicis

503 3873 630 3926 item
664 3870 1000 3925 Trevirensis
1032 3866 1310 3934 Ecclesia),
1350 3872 1409 3923 'et
1450 3862 1591 3922 aliud
1634 3884 1733 3924 ms.
1770 3867 2131 3943 fragmentum
2173 3874 2445 3932 Cosanum
2488 3882 2653 3934 relert
2696 3879 2753 3932 tu
2804 3878 3046 3934 munibus
3094 3890 3154 3934 se
3195 3876 3470 3933 habuisse.
3522 3879 3820 3941 Praeterea

498 3963 779 4029 exemplar
823 3972 978 4015 suum
1020 3954 1243 4014 contulit
1288 3966 1407 4012 eum
1441 3956 1607 4014 Editis
1632 3959 1962 4027 Calaritano,
1992 3962 2221 4033 veneto,
2250 3962 2535 4024 Parisiensi
2575 3969 2629 4021 in
2658 3968 2993 4024 Bibliouicca
3025 3960 3262 4034 Patrum,
3293 3967 3520 4038 Ceorgii
3556 3966 3816 4031 Fabricii

494 4060 551 4113 in
582 4055 764 4111 Poetis
792 4054 992 4121 Sacris,
1035 4048 1343 4123 addiditQue
1372 4064 1523 4110 vetus
1553 4072 1654 4113 ms.
1687 4064 1740 4112 et
1776 4060 1911 4113 rarae
1939 4066 2077 4115 notae
2102 4046 2357 4118 Friderici
2387 4050 2728 4133 Tiliobrogae,
2751 4071 2805 4118 et
2844 4061 3043 4117 librum
3073 4072 3171 4116 HIS.
3208 4062 3477 4117 Theodori
3506 4064 3823 4132 Pulmanni

494 4143 865 4215 Craneburgii,
904 4142 971 4196 ab
1018 4142 1133 4211 ipso
1161 4142 1445 4200 Theodoro
1473 4159 1593 4200 cum
1641 4149 1875 4217 antiquis
1920 4146 2072 4205 libris
2101 4152 2386 4221 diligenter
2423 4154 2696 4220 collatum,
2746 4167 2809 4208 ac
2840 4152 3168 4221 descriptum
3210 4150 3492 4223 “.1570,
3523 4170 3585 4215 et
3620 4168 3819 4220 varias

494 4241 761 4299 lcetioncs
809 4236 876 4291 ad
918 4236 1209 4307 marginem
1240 4238 1537 4308 expressit.
1586 4239 1734 4296 Hanc
1782 4251 1960 4299 autem
2000 4240 2304 4302 Editionem
2355 4252 2507 4301 suam
2555 4246 2838 4302 Browerhs
2880 4258 3006 4301 ‘cuui
3055 4247 3365 4302 elucubrata
3411 4262 3441 4303 a
3494 4268 3631 4311 sese
3685 4257 3821 4317 Vita

495 4332 795 4400 Fortunati,
845 4341 955 4385 tum
1002 4333 1222 4399 prolixis
1266 4333 1406 4388 notis
1455 4335 1755 4401 exornavit,
1809 4334 1967 4407 atque
2010 4337 2178 4406 auxit,
2218 4348 2275 4393 ut
2320 4354 2446 4394 vere
2487 4339 2533 4395 is
2576 4337 2643 4394 de
2672 4337 2964 4394 Fortunato
3015 4346 3197 4394 nostro
3248 4340 3513 4409 praeclare
3574 4353 3826 4409 meritus

497 4424 603 4480 dici
635 4433 688 4475 et
719 4419 905 4475 haberi
949 4416 1411 4511 possit._Brovveri
1459 4424 1735 4494 exemplar
1787 4420 1908 4480 cum
1948 4425 2068 4484 Vita
2099 4416 2376 4485 Fortunati
2424 4440 2675 4487 recnsum
2728 4432 2825 4486 fuit
2874 4433 3066 4487 deinde
3113 4426 3353 4503 Lugdoni
3400 4440 3494 4491 att.
3538 4438 3719 4511 1677,
3768 4444 3827 4502 in

494 4512 823 4569 Bibliotheca
865 4517 1101 4562 veterum
1133 4507 1369 4579 Patrum,
1414 4513 1683 4567 nonnullis
1732 4522 1911 4570 tamen
1952 4517 2163 4572 mendis
2200 4518 2282 4589 (ut
2320 4521 2434 4589 ipse
2470 4536 2536 4578 ex
2581 4522 2865 4577 collatione
2913 4539 3038 4578 cum
3088 4525 3383 4595 exemplari
3413 4507 3826 4605 Broweriauo,

498 4607 641 4661 edito
673 4601 955 4672 Moguntim
986 4616 1128 4654 anno
1162 4600 1315 4666 1617,
1346 4615 1674 4669 cognoscere
1704 4604 1898 4675 potui),
1936 4607 2384 4677 typographorum
2417 4609 2649 4679 incuria,
2686 4614 2883 4680 passim
2916 4624 3242 4681 reSpersum.

568 4698 736 4755 Porro
761 4694 861 4749 etsi
894 4693 1227 4746 Broweriana
1262 4692 1441 4747 Editio
1469 4694 1682 4748 czeteris
1713 4696 1957 4750 omnibus
1981 4712 2100 4767 qua:
2127 4697 2194 4752 ad
2226 4697 2354 4752 illud
2392 4714 2559 4770 usque
2591 4711 2800 4770 tempus
2832 4702 3145 4770 prodierant
3175 4704 3381 4757 felicior
3408 4713 3465 4759 et
3492 4708 3830 4772 absolutior

496 4788 699 4857 fuerit,
749 4793 905 4842 erant
952 4793 1128 4839 tamen
1176 4783 1352 4838 adhuc
1404 4786 1659 4840 nonnulla
1703 4800 1822 4854 quae
1869 4787 2043 4841 eidem
2106 4787 2378 4855 addenda,
2435 4796 2528 4843 aut
2582 4789 2957 4854 emendanda,
3030 4799 3123 4844 aut
3172 4792 3474 4846 accuratius
3525 4805 3828 4875 notanda,

494 4882 832 4939 videbantur.
874 4875 1004 4931 Nam
1047 4886 1101 4929 et
1138 4876 1372 4930 carmina
1417 4878 1684 4946 quaedam,
1710 4892 1838 4951 quae
1868 4877 2115 4933 Broweri
2152 4886 2313 4933 astate
2361 4885 2515 4933 erant
2553 4877 2753 4947 ignota,
2782 4888 2874 4931 aut
2914 4884 3061 4933 certe
3098 4878 3151 4932 in
3196 4880 3313 4945 ejus
3346 4895 3546 4939 manus
3578 4892 3831 4951 minime

495 4981 876 5046 pervenerant,
919 4978 1099 5035 postea
1134 4969 1187 5023 in
1232 4968 1402 5024 lucem
1432 4950 1870 5038 prodierefquda,
1904 4960 2009 5023 hac
2032 4967 2158 5023 illac
2197 4967 2387 5022 alienis
2430 4966 2488 5021 in
2518 4968 2775 5036 operibus
2807 4964 3077 5034 dispersa,
3108 4966 3405 5034 colligenda
3454 4970 3721 5050 fuerant,
3761 4998 3831 5040 ac

498 5067 857 5121 Browerianm
902 5063 1128 5119 Editioni
1182 5059 1508 5125 attexcnda;
1562 5067 1671 5112 tum
1723 5059 2013 5128 pleraque,
2070 5057 2246 5111 soluta
2296 5056 2495 5124 scripta
2552 5057 2839 5116 oratione,
2887 5069 3003 5122 qum
3052 5055 3342 5110 Browerus
3389 5056 3647 5121 Editioni
3702 5084 3830 5127 sua;

498 5157 833 5227 adjuugcnda
863 5171 969 5210 non
1000 5153 1230 5220 censuit,
1261 5152 1473 5206 caeteris
1501 5147 1779 5205 Fortunati
1806 5146 2070 5215 Operiths
2096 5145 2295 5201 merito
2324 5143 2572 5200 addenda
2604 5142 2944 5207 videbantur,
2978 5150 3036 5197 ut
3060 5150 3346 5213 quthuot,
3374 5146 3494 5201 sive
3528 5158 3828 5229 carmine,

499 5253 612 5306 sive
652 5266 829 5321 prosa,
857 5250 923 5303 ab
958 5247 1149 5301 eodem
1192 5243 1499 5301 elucubrata
1540 5237 1865 5309 accepimus,
1892 5242 2201 5307 u‘uo'opere
2244 5236 2496 5291 universa
2527 5231 3130 5301 comprehenderentur.
3174 5231 3295 5288 Jam
3324 5246 3456 5288 vero
3502 5253 3665 5300 ιιοιω
3711 5249 3834 5306 ma,

422 5380 423 5387 η
501 5342 694 5411 quibus
748 5340 887 5395 idem
934 5336 1222 5390 Browcrus
1271 5330 1518 5388 Venantii
1566 5327 1846 5384 Fortunati
1906 5328 2104 5398 scripta
2158 5325 2399 5382 ornanda
2447 5334 2501 5381 et
2549 5324 2860 5380 iiiustranda
2924 5324 3252 5381 existimavit
3307 5333 3579 5397 quamvis
3632 5337 3833 5399 doctae

500 5434 814 5504 plerumque
860 5440 915 5486 et
961 5429 1205 5490 eruditae,
1248 5425 1444 5479 eadem
1494 5432 1671 5477 tamen
1716 5429 1817 5489 qua
1860 5419 2079 5473 nimium
2128 5417 2370 5487 prolixa},
2416 5430 2523 5487 qua
2557 5426 2687 5471 vero
2724 5428 2930 5470 manete
2973 5424 3028 5469 et
3064 5415 3286 5484 iejunaa,
3336 5424 3447 5484 aut,
3484 5430 3832 5495 temporum

504 5525 855 5580 notaudurum
895 5534 1099 5588 errore,
1144 5532 1205 5574 a'c
1240 5516 1643 5589 perturbatione
1678 5520 1883 5581 rerum,
1926 5509 2073 5565 falsa:
2108 5507 2380 5564 interdum
2419 5520 2483 5562 ac
2521 5505 2819 5570 mendosae,
2850 5504 3071 5559 alterius
3113 5520 3331 5561 manum
3365 5517 3419 5562 et
3450 5509 3831 5583 diligentiam

504 5618 889 5672 ciﬁzteitabau‘t.

504 5621 558 5672 ei
597 5632 621 5671 ει
663 5618 889 5672 itabau‘t.

466 5752 475 5777 ,
559 5617 730 5767 riiigscc
758 5706 936 5779 itaque
962 5705 1031 5762 de
1059 5702 1235 5760 causis
1262 5697 1655 5757 illustrissimus
1682 5704 1740 5752 et
1764 5689 2250 5753 revereudissimus
2276 5689 2458 5763 (quem
2488 5688 2736 5763 superius
2760 5688 3203 5759 commemoravi)
3234 5688 3490 5749 Nicolaus
3523 5697 3837 5765 Antonius
