4020 6346
233 297 295 353 ta
803 284 823 300 ‘
1680 276 2061 350 primario;
3436 282 3505 356 ιε

237 404 576 463 lustiniauus
602 419 797 461 novam
827 403 1057 475 Operam
1088 403 1361 461 Fortunati
1390 402 1687 459 Editionem
1723 404 2112 473 procurandum
2142 402 2372 468 censuit,
2402 410 2566 474 atque
2594 403 2648 459 id
2682 405 2921 461 muneris
2949 405 3081 463 mihi
3125 396 3505 479 denuntiavit,

234 497 635 564 qualescunque
675 495 890 549 demum
937 495 1003 549 ad
1043 494 1170 548 illud
1215 494 1594 561 perﬁciendum
1632 494 1774 549 vires
1818 493 2012 549 δῦθι-ιθ
2053 495 2338 564 potuerim.
2394 493 2530 551 Hinc
2560 496 2704 550 enim
2752 512 2874 552 cum
2923 498 3169 554 utilitatis
3207 498 3501 567 plurimum

232 604 289 643 ac
334 588 566 651 fructus,
618 595 681 640 ut
728 602 889 656 supra
939 585 1110 652 innui,
1159 586 1224 640 ad
1277 586 1588 657 religionem
1640 584 2087 651 conﬁrmandam,
2136 594 2190 653 et
2242 585 2383 639 illius
2434 585 2692 653 temporis
2738 588 3055 642 memoriam
3101 588 3500 660 illustrandam,

232 682 291 734 ad
340 681 555 734 litteras
605 679 839 747 denique
889 678 1033 747 ipsas
1077 677 1368 743 ornandas,
1426 686 1804 747 provesturutn
1857 673 2213 740 existimavit,
2261 682 2375 727 tum
2428 674 2695 728 Patavina:
2744 674 3004 731 Ecclesiae
3052 679 3238 747 (quam
3287 678 3502 748 egregia

231 770 596 827 sollicitudine
640 786 703 822 ne
732 770 1009 840 diligentia
1060 769 1229 837 pascit
1276 778 1333 823 et
1376 768 1535 837 regit)
1565 782 1672 821 non
1721 766 2002 820 minimum
2049 762 2265 818 decoris
2303 769 2360 816 et
2402 761 2615 815 luminis
2656 776 3003 819 accessurum
3045 772 3130 820 est
3175 765 3497 836 arbitratus,

232 861 377 930 cuius
428 860 499 912 ad
558 858 838 914 dimcesim
893 859 1122 927 pertinet
1176 857 1468 927 Duplavilis
1498 873 1680 926 quam,
1714 857 1951 911 nativum
1992 868 2114 911 esse
2164 852 2442 909 Fortunati
2495 850 2669 908 solum
2720 854 3025 915 certissim
3075 865 3132 913 et
3181 857 3501 928 gravissima

239 960 591 1008 monumenta
622 952 704 1020 (ut
735 950 976 1020 ejusdem
1007 950 1061 1005 in
1095 949 1210 1004 Vita
1241 948 1612 1018 ostendemus)
1640 947 1980 1003 conﬁrmant.

292 1042 469 1106 Nunc,
502 1051 558 1095 ut
590 1041 789 1095 laboris
814 1041 917 1094 mei
950 1048 1004 1094 et
1031 1040 1210 1109 operis
1239 1040 1380 1109 quod
1413 1040 1466 1094 in
1493 1037 1858 1104 conferendis,
1885 1036 2241 1103 illustrandis,
2269 1033 2531 1103 augendis
2558 1032 2805 1093 Venantii
2835 1034 3048 1103 scriptis
3104 1038 3262 1105 posui
3285 1036 3507 1101 reddam

224 1132 486 1186 rationem
538 1130 771 1198 aliquam
799 1173 813 1195 ,
862 1144 924 1184 ae
970 1128 1255 1199 quamdam
1306 1129 1472 1183 totius
1524 1129 1786 1184 Editionis
1833 1143 1994 1201 quam
2047 1143 2167 1183 sum
2220 1139 2507 1197 aggressus
2554 1124 2748 1179 (aciem
2792 1139 2888 1180 seu
2935 1127 3160 1185 [oratam
3206 1130 3279 1185 ob
3318 1131 3508 1195 oculos

224 1234 437 1289 ponam,
485 1218 817 1274 Broweriani
861 1219 1075 1287 quidem
1121 1219 1483 1289 exemptaris,
1531 1234 1593 1274 ac
1644 1219 1848 1275 laboris
1892 1219 2151 1290 quidquid
2213 1226 2329 1274 erat
2375 1215 2719 1273 retinendu-
2764 1230 2830 1273 ac
2877 1219 3240 1284 servandum,
3280 1222 3505 1287 retinui,

226 1310 332 1367 Hoc
376 1327 513 1366 sane
552 1326 650 1380 per
676 1325 762 1365 me
796 1310 868 1364 cl.
897 1311 1011 1364 viro
1048 1310 1138 1377 sit,
1182 1321 1242 1364 ut
1277 1313 1384 1366 erit
1423 1326 1657 1378 semper,
1690 1326 1794 1366 non
1826 1311 2028 1379 vulgari
2071 1308 2235 1375 laudi,
2263 1308 2403 1376 quod
2444 1315 2522 1361 tot
2551 1305 2830 1365 Fortunati
2874 1316 3141 1377 postulata,
3185 1324 3307 1379 quae
3344 1321 3501 1367 antea

224 1401 461 1455 omnium
502 1400 555 1453 in
594 1400 925 1470 ignoratione
957 1399 1310 1454 versabantur
1347 1401 1401 1453 in
1434 1409 1675 1455 veterum
1707 1399 2151 1456 bibliothecarum
2195 1396 2414 1453 latebris
2452 1406 2508 1452 et
2542 1395 2772 1455 occultis
2800 1398 3104 1454 recessibus
3142 1399 3500 1472 investigarit,

224 1489 633 1552 emendaverit,
662 1489 963 1557 protulerit,
995 1503 1220 1558 quaeque
1264 1488 1378 1558 jam
1428 1489 1642 1545 inerant
1692 1492 1837 1545 edita
1888 1492 1955 1546 ad
2006 1505 2137 1545 mss.
2192 1488 2449 1545 Codicum
2496 1489 2871 1544 "auctoritatem
2923 1498 2993 1548 et.
3032 1489 3191 1546 tidem
3243 1492 3503 1561 probarit,

225 1579 587 1649 castigaret-it,
633 1578 950 1633 correxerit.
983 1578 1343 1646 Quamobrem
1376 1579 1774 1635 Browerianum
1807 1582 2101 1648 exemplar,
2135 1578 2278 1649 quod
2314 1578 2383 1643 is,
2432 1586 2488 1632 ιιι
2536 1578 2784 1647 superius
2824 1577 2961 1643 disi,
3001 1578 3068 1633 ad
3101 1580 3317 1649 optimae
3360 1591 3509 1636 uota

229 1667 446 1723 Codices
486 1681 622 1722 mss.
642 1679 920 1737 exegerat,
955 1668 1008 1722 in
1046 1677 1286 1723 nostram
1329 1670 1466 1724 hanc
1509 1671 1808 1726 Editionem
1852 1672 2112 1740 integrum
2156 1669 2546 1735 transtulimus,
2578 1669 2679 1725 rati
2707 1684 2895 1725 eonum
2920 1671 3179 1727 Codicum
3225 1671 3504 1743 lectiones,

230 1774 356 1831 quas
402 1759 510 1829 ipsi
563 1760 619 1813 in
672 1757 919 1813 manibus
963 1758 1165 1814 habere
1210 1774 1318 1816 non
1362 1760 1654 1828 potuimus,
1706 1759 1837 1814 satis
1882 1760 1934 1814 in
1988 1760 2079 1814 illo
2125 1758 2348 1816 indicari
2396 1767 2450 1814 et
2496 1758 2758 1827 exprimi;
2803 1758 2850 1814 si
2891 1758 3017 1830 quid
3052 1775 3178 1816 vero
3225 1759 3326 1816 fuit
3362 1761 3509 1832 quod

233 1851 403 1904 minus
446 1849 722 1920 placeret,
769 1857 823 1904 et
867 1848 1085 1903 aliunde
1132 1849 1325 1904 melius
1374 1849 1735 1918 suppleretur,
1788 1848 2075 1902 maluimus
2116 1848 2375 1903 adnotare
2424 1863 2582 1916 quam
2634 1848 2981 1904 Broweriano
3032 1850 3084 1904 in
3130 1858 3309 1917 textu,
3354 1864 3513 1906 secus

232 1950 383 2011 atque
424 1941 637 1995 editum
680 1937 893 2003 fuerat,
943 1938 1144 2008 aliquid
1193 1940 1495 1994 immutare.
1546 1939 1806 2006 Quocirca
1854 1936 2033 1993 Editio
2075 1937 2191 1992 base
2242 1945 2424 1991 nostra
2471 1937 2670 2005 (tarpio:
2717 1938 2881 1993 veluti
2929 1938 3205 2008 exemplar
3244 1939 3507 2009 continet,

232 2042 283 2086 et
303 2031 447 2101 quod
473 2033 707 2102 primum
738 2030 1024 2086 Browerus
1052 2029 1241 2097 edidit,
1270 2037 1327 2083 et
1348 2028 1492 2098 quod
1520 2041 1619 2081 nos
1646 2026 1771 2096 ipsi,
1803 2027 2053 2081 meliores
2086 2027 2350 2082 lectiones
2373 2025 2682 2095 iudicando,
2711 2026 3082 2096 adiunximus.

298 2143 483 2198 Omnia
530 2142 799 2212 siquidem
829 2140 1104 2196 Fortunati
1135 2140 1331 2210 Opera,
1364 2156 1481 2208 quae
1525 2140 1700 2209 primo
1727 2138 1998 2193 volumine
2043 2138 2407 2205 continentur,
2452 2153 2574 2193 cum
2618 2140 2788 2194 tribus
2832 2152 2965 2195 mss.
3003 2137 3177 2193 Codd.
3206 2138 3507 2212 Vaticanis,

233 2230 350 2285 olim
394 2230 739 2285 bibliotheca!
765 2229 1038 2300 Palatium,
1082 2237 1136 2284 et
1175 2230 1242 2283 iis
1284 2229 1526 2298 integris,
1572 2244 1729 2299 quam
1774 2228 2039 2297 potuimus
2080 2228 2362 2297 diligenter
2408 2228 2753 2297 contulimus,
2800 2244 2932 2300 quos
2970 2229 3115 2284 circa
3158 2245 3354 2286 nonum
3394 2231 3509 2291 fere

234 2319 499 2387 saeculum,
544 2329 637 2374 aut
677 2318 966 2385 decimum,
1014 2328 1262 2374 exaratos
1309 2320 1474 2373 fuisse
1516 2319 1865 2388 conjecimus.
1905 2319 2044 2387 Quin
2087 2327 2141 2373 et
2180 2334 2248 2374 ex
2282 2318 2477 2375 laceris
2520 2320 2837 2390 derosisque
2877 2323 3225 2388 membranis,
3275 2323 3321 2378 si
3363 2325 3507 2395 quod

234 2406 502 2463 Fortunati
541 2423 728 2478 poema
766 2416 855 2462 aut
900 2407 1067 2463 fetum
1104 2407 1268 2461 alium
1310 2424 1420 2478 pra:
1457 2423 1517 2462 se
1556 2407 1700 2465 ferre
1734 2410 1863 2466 visae
1901 2419 2047 2477 sunt,
2092 2410 2347 2481 quidquid
2380 2412 2588 2467 rarium
2636 2413 2686 2467 in
2730 2412 2960 2470 lectione
2995 2413 3092 2470 fuit
3117 2417 3507 2490 excerpsimus,

234 2509 294 2550 ac
330 2498 442 2550 suis
483 2497 618 2552 locis
666 2497 854 2551 sedulo
903 2498 1339 2565 subscripsimus.
1389 2497 1522 2552 Cum
1555 2507 1736 2554 autem
1785 2501 1849 2570 in_
1888 2501 2056 2555 tribus
2105 2501 2171 2556 iis
2215 2515 2349 2572 quos
2395 2505 2818 2560 commemoravi
2868 2519 2997 2560 mss.
3042 2504 3213 2563 Codd.
3263 2509 3509 2575 omnibus

236 2584 662 2641 desiderarentur
712 2600 929 2640 carmen
983 2588 1015 2639 6
1054 2586 1092 2640 l.
1125 2601 1245 2653 vm,
1288 2595 1343 2641 et
1389 2597 1615 2657 quatuor
1662 2588 1783 2644 libri
1828 2589 1894 2644 de
1927 2589 2045 2645 Vita
2094 2593 2263 2646 sancti
2315 2592 2549 2659 Martini,
2602 2596 2718 2650 haec
2764 2596 2918 2651 nobis
2966 2600 3327 2669 suppeditavit
3373 2601 3511 2662 alius

236 2691 337 2732 non
362 2676 633 2733 interioris
663 2677 991 2747 antiquitatis
1014 2676 1200 2733 Codex
1240 2682 1365 2733 item
1395 2678 1737 2734 bibliothecae
1769 2677 2039 2736 Vaticana;
2073 2681 2141 2735 ad
2169 2696 2330 2751 quem
2359 2681 2477 2751 ipsa
2508 2684 2755 2741 conferre
2787 2688 3082 2753 potuimus.

305 2787 435 2855 Quin
478 2787 644 2843 etiam
671 2786 986 2842 Calarit'anaa
1012 2786 1275 2845 Editionis
1317 2790 1610 2861 exemplar,
1654 2791 1793 2860 quod
1824 2790 2057 2847 Venetiis
2096 2794 2303 2848 editum
2348 2804 2461 2866 est,
2503 2806 2557 2851 ut
2594 2805 2842 2868 superius
2880 2801 3135 2871 diximus,
3168 2817 3310 2859 anno
3340 2794 3507 2891 15³18,

235 2892 326 2952 per
359 2880 601 2937 baeredes
630 2879 815 2937 Jacobi
850 2881 1131 2945 Simbenii,
1169 2882 1234 2935 ad
1269 2882 1501 2936 Broweri
1533 2882 1804 2953 exemplar
1841 2882 2034 2937 iterum
2065 2885 2410 2950 contulimus,
2451 2900 2676 2956 qumque
2715 2889 2782 2942 ab
2812 2902 2879 2944 eo
2918 2890 3096 2945 minus
3130 2879 3507 2963 animadversa

235 2984 295 3029 ac
319 2982 489 3028 notata
518 2971 752 3038 fuerant,
779 2987 899 3027 cum
926 2973 1252 3042 caeteroquin
1297 2972 1453 3041 digna
1496 2972 1958 3028 animadversione
2001 2973 2156 3028 nobis
2184 2974 2298 3028 visa
2337 2974 2475 3042 sint,
2516 2975 2912 3044 adnotavimus,
2943 2992 3068 3034 cum
3118 2978 3186 3034 ab
3217 2980 3509 3053 innumeri;

234 3076 392 3135 prope
420 3065 636 3121 mendis
664 3064 858 3136 quibus
890 3066 976 3119 illa
1007 3073 1177 3121 scatet
1202 3064 1384 3119 Editio
1421 3063 1705 3132 diligenter
1740 3063 1931 3145 eadem
1966 3064 2402 3121 secrevissemus.
2440 3063 2623 3134 Neque
2648 3079 2795 3133 vero,
2832 3068 2879 3122 si
2915 3066 2970 3121 in
2998 3067 3103 3124 ulla
3135 3068 3383 3129 Editione
3403 3072 3508 3142 alia

232 3154 433 3211 varium
459 3153 668 3224 aliquid
701 3153 1026 3218 invenimus,
1055 3153 1430 3224 negligendum
1454 3154 1876 3209 existimavimus

299 3244 418 3301 iam
448 3259 579 3300 vero
630 3258 750 3311 qua:
788 3244 853 3298 ad
881 3242 1122 3299 notitiam
1152 3252 1390 3300 nostram
1424 3244 1703 3314 pervenire
1735 3253 2043 3316 potuerunt,
2088 3255 2333 3314 poemata
2362 3246 2664 3317 Fortunati,
2692 3264 2920 3321 quaeque
2949 3250 3174 3309 deerant
3202 3251 3257 3309 in
3288 3254 3509 3314 Browe—

232 3336 376 3395 riana
408 3336 676 3405 Editione,
702 3336 825 3392 huic
845 3346 1044 3393 nostrae
1074 3336 1442 3407 adiunximus.
1493 3335 1569 3391 ita
1596 3336 1633 3391 Ι.
1665 3353 1728 3405 ιι,
1760 3353 1811 3393 c.
1848 3338 1935 3403 10,
1968 3340 2291 3394 attexuimus
2339 3339 2598 3412 hymnum
2627 3356 2657 3396 a
2691 3342 2989 3398 Fortunato
3020 3357 3205 3401 uestro
3249 3347 3510 3417 scriptum

234 3427 285 3484 in
307 3438 557 3485 sanctum
587 3429 902 3500 Dionysium
930 3437 1245 3502 martyrem,
1294 3430 1527 3500 primum
1556 3429 1917 3487 Parisiensem
1950 3432 2301 3500 pontiﬁcem,
2345 3448 2505 3504 quem
2547 3434 2717 3491 edidit
2759 3437 2829 3493 cl.
2861 3437 3140 3496 Dubletius
3171 3441 3225 3497 in
3254 3443 3509 3514 Antiqui-

235 3524 426 3580 tatibus
475 3520 984 3594 San-Dionysianis.
1037 3521 1228 3580 Eidem
1260 3522 1297 3575 ι.
1346 3536 1386 3577 ιι
1431 3521 1742 3591 adjunctum
1786 3529 1873 3578 est
1916 3536 2132 3579 carmen
2179 3521 2213 3577 8
2259 3525 2312 3581 in
2353 3540 2570 3581 sacrum
2617 3527 2974 3599 baptismum,
3023 3540 3080 3587 et
3123 3528 3157 3585 9
3198 3531 3253 3588 in
3292 3534 3510 3595 laudem

231 3615 553 3682 chrismatis,
584 3615 714 3673 item
761 3620 959 3684 scripta
990 3629 1021 3669 a
1049 3613 1367 3685 Fortunato,
1420 3614 1497 3668 uti
1547 3616 1660 3670 suis
1704 3613 1836 3671 locis
1866 3615 2280 3683 adnotavimus;
2328 3625 2438 3672 tum
2489 3634 2704 3675 carmen
2737 3620 2839 3690 21,
2890 3622 3148 3693 scriptum
3186 3625 3240 3681 in
3290 3625 3507 3686 laudem

232 3710 399 3765 sancti
428 3707 713 3776 Martialis,
742 3708 899 3780 primi
930 3708 1259 3764 Lemovicini
1288 3708 1550 3779 episcopi,
1596 3707 1738 3778 quod
1769 3708 1835 3763 ad
1879 3708 1980 3764 hoc
2018 3722 2184 3777 usque
2233 3717 2444 3778 tempus
2490 3709 2778 3785 Florentia:
2818 3712 2871 3768 in
2915 3712 3275 3772 Laurentiana
3319 3718 3512 3779 biblio»

232 3801 382 3858 theca
412 3812 691 3857 exaratum
720 3801 776 3856 in
804 3800 1001 3855 Codice
1028 3802 1210 3857 szeculi
1239 3817 1313 3859 xu
1357 3802 1589 3859 ineuntis
1618 3802 1852 3868 delituit,
1893 3815 1957 3855 ac
1985 3802 2216 3871 primum
2246 3801 2433 3857 Romae
2472 3801 2674 3857 editum
2710 3813 2791 3859 est
2820 3819 2909 3858 an.
2944 3804 3106 3875 1783,
3137 3806 3194 3861 in
3220 3806 3509 3869 Anecdotir

232 3890 356 3962 litt.,
380 3894 494 3951 vol.
529 3893 619 3958 ιν,
646 3896 943 3953 excudente
974 3895 1209 3953 Antonio
1235 3894 1522 3964 Fulgonio.
1558 3893 1825 3949 Prmterea
1856 3892 1991 3954 duos
2032 3893 2281 3963 hymnos,
2328 3893 2521 3963 quibus
2554 3895 2791 3950 Ecclesia
2842 3896 3008 3951 utitur
3035 3897 3091 3952 in
3134 3898 3309 3955 FOStis
3334 3902 3508 3963 beata

227 3980 401 4041 lari:
423 3984 670 4055 virginis,
702 4000 930 4055 quorum
958 4000 1095 4041 unus
1125 3985 1311 4055 incipit
1344 3987 1506 4053 Quem
1530 3994 1691 4048 terra.
1724 3993 1909 4055 pontus
1935 4003 1957 4054 ;
1986 3988 2197 4053 (stiterit,
2230 3986 2368 4041 alter
2405 4001 2533 4041 vero
2559 3986 2684 4057 Ave,
2713 3987 2867 4042 maris
2890 3988 3078 4056 Stella,
3123 4005 3192 4048 ex
3220 3992 3508 4064 Hymnarie

228 4072 297 4127 cl.
318 4077 470 4129 card.
505 4075 721 4130 Tomasi
753 4076 1160 4145 exsctipsimus,
1215 4077 1267 4130 in
1294 4092 1398 4147 quo
1423 4078 1521 4131 sub
1552 4079 1765 4134 nomine
1798 4078 2043 4139 Venantii
2074 4078 2356 4137 Fortunati
2387 4079 2674 4149 leguntur;
2724 4089 2779 4139 et
2804 4079 2900 4139 lib.
2930 4095 3046 4148 vut,
3076 4082 3177 4138 sub
3205 4099 3362 4155 capp.
3389 4083 3428 4140 ι
3453 4094 3511 4145 et

228 4167 281 4237 5,
309 4168 660 4222 inseruimus.
694 4168 882 4223 Eidem
917 4168 1055 4223 libro
1082 4168 1383 4223 addidimus
1423 4184 1638 4224 carmen
1669 4170 1724 4238 8,
1750 4170 1895 4242 quod
1923 4170 1978 4225 in
2006 4185 2115 4224 uno
2144 4169 2276 4227 Cod.
2305 4168 2423 4225 Vat.
2458 4170 2701 4225 exstabat
2729 4171 2795 4226 ad
2826 4172 3024 4231 calcem
3050 4172 3282 4243 Operum
3317 4176 3509 4235 Fortur

228 4261 371 4325 nati;
414 4260 558 4328 quod
587 4261 709 4330 quia
749 4261 944 4332 stylum
974 4273 1025 4315 et
1057 4261 1288 4317 indolem
1320 4261 1595 4316 Fortunati
1628 4262 1795 4331 ipsius
1839 4264 1891 4318 in
1932 4264 2219 4320 scribendo
2248 4278 2442 4333 sapere
2486 4266 2657 4321 visum
2688 4275 2792 4334 est,
2837 4267 2894 4322 in
2943 4278 3179 4327 nostram
3208 4271 3346 4330 hanc
3371 4274 3507 4333 Edi-

227 4349 428 4407 tionem
460 4351 715 4408 duximus
742 4353 1194 4409 transferendum.
1243 4354 1557 4425 Quanquam
1590 4354 1717 4408 illud
1748 4355 1988 4424 pluribus
2026 4354 2234 4411 mendis
2263 4369 2330 4411 ex
2361 4354 2629 4427 imperitia
2671 4358 3076 4415 amanuensium
3106 4376 3385 4431 aspersum
3416 4367 3508 4424 vix

228 4444 504 4500 emendari
538 4459 691 4513 posse
720 4445 999 4500 videbatur
1024 4460 1039 4511 ;
1069 4459 1132 4500 ac
1160 4460 1369 4513 revera,
1399 4444 1644 4513 quamvis
1670 4444 1924 4514 pleraque
1957 4446 2248 4516 integritati
2292 4461 2403 4502 sum
2430 4448 2674 4503 restituta
2721 4464 2750 4503 a
2779 4464 2865 4504 me
2896 4449 3024 4517 sint,
3054 4451 3229 4509 adhuc
3258 4463 3385 4511 sunt
3411 4442 3518 4514 ali-A

226 4550 321 4606 qua
352 4535 552 4603 quibus
580 4534 911 4609 corrigendis
940 4535 1082 4593 nulla
1109 4535 1419 4604 conjectura
1454 4537 1743 4605 probabilis
1772 4536 1951 4592 ail‘erri
1980 4536 2170 4609 potuit.
2205 4536 2359 4607 Item,
2398 4553 2450 4593 c.
2480 4540 2513 4596 9
2545 4542 2583 4595 l.
2611 4557 2646 4596 ι
2670 4541 2973 4600 addidimus
2998 4559 3216 4602 carmen
3244 4550 3507 4620 scriptum

222 4624 273 4680 in
302 4625 523 4682 laudem
551 4625 876 4686 Cbildeberti
908 4628 1068 4695 regis,
1094 4626 1235 4701 quod
1267 4626 1336 4680 cl.
1371 4625 1714 4682 Mabillonius
1742 4628 1982 4690 ediderat
2009 4637 2249 4685 veterum
2278 4631 2526 4686 Analect.
2559 4641 2601 4685 t.
2628 4631 2671 4700 Ι,
2715 4648 2836 4705 pag.
2869 4635 2997 4704 560,
3026 4646 3081 4699 et
3108 4637 3164 4699 in
3186 4638 3293 4701 ﬁne
3320 4640 3416 4699 lib.
3450 4621 3523 4701 η’

221 4717 565 4773 adtexnimus
604 4733 795 4788 poema
840 4720 1142 4791 recitatum,
1181 4719 1257 4779 uti
1300 4717 1526 4784 videtur,
1567 4732 1597 4773 a
1640 4717 1930 4777 Fortunato
1967 4720 2020 4775 in
2048 4729 2313 4779 conventu
2350 4721 2664 4779 mouialium
2695 4739 2841 4781 mon.
2884 4725 3116 4799 Pictam,
3146 4729 3286 4787 forte
3322 4746 3389 4789 eo
3412 4732 3510 4799 die

224 4824 326 4879 quo
368 4811 663 4883 episcopus
700 4811 1043 4881 inauguratus
1079 4822 1162 4871 est
1194 4829 1207 4865 :
1235 4811 1378 4883 quod
1418 4810 1573 4867 nobis
1601 4811 1962 4882 suppeditavit
2002 4812 2195 4871 derosa
2236 4814 2461 4884 sclteda,
2489 4815 2698 4889 adjecta
2737 4819 2830 4876 uni
2869 4835 2902 4877 e
2926 4819 3097 4887 Codd.
3128 4822 3272 4895 Vat.,
3300 4826 3379 4883 uti
3399 4841 3507 4893 suo

221 4902 335 4957 loco
361 4903 743 4959 indicavimus.

290 4993 483 5049 Altera
520 5008 651 5048 vero
682 4993 947 5049 Ediuoms
983 5002 1182 5051 nostrae
1220 5010 1342 5066 pars
1376 4996 1755 5066 complectitur
1780 4996 1929 5053 Vitas
1967 5007 2297 5068 sanctorum,
2323 5015 2456 5070 quas
2486 5016 2517 5062 a
2546 5002 2842 5063 Fortunato
2882 5007 3222 5073 elucubratas
3265 5019 3505 5081 veterum

221 5086 559 5152 testimonia,
590 5100 653 5141 ac
677 5086 802 5159 styli
830 5086 1066 5144 afﬁnitas
1090 5087 1479 5159 prodiderunt;
1509 5104 1733 5159 quaeque
1762 5090 2016 5147 hactenus
2047 5092 2223 5147 varios
2249 5093 2394 5164 apud
2436 5102 2759 5155 tractatores
2785 5099 3066 5173 dispersae,
3103 5120 3246 5165 nunc
3268 5106 3501 5176 primum

225 5174 387 5247 (quod
430 5177 656 5247 quidem
697 5189 798 5247 ego
834 5177 1023 5251 sciam)
1068 5194 1185 5239 cum
1231 5179 1443 5249 steteris
1475 5178 1752 5237 Fortunati
1791 5182 2053 5249 Operibus
2092 5184 2331 5243 collectae
2380 5188 2435 5244 in
2478 5189 2659 5247 lucem
2698 5193 2985 5264 prodeunt.
3033 5196 3232 5257 [larum
3270 5174 3411 5255 alias
3433 5214 3504 5261 ex

225 5268 370 5327 Actis
411 5280 730 5327 sanctorum
777 5270 983 5326 ordinis
1027 5275 1197 5331 sancti
1234 5272 1507 5331 Benedicti
1560 5274 1908 5343 sumpsimus,
1956 5276 2087 5332 alias
2132 5279 2494 5353 Bollandistte,
2546 5286 2665 5344 sive
2710 5296 2961 5347 auctores
3007 5291 3133 5358 alii,
3178 5292 3333 5349 nobis
3369 5309 3504 5366 sup.-

229 5361 575 5429 peditarunt,
623 5361 696 5415 uti
745 5361 855 5417 suis
896 5361 1027 5416 locis
1066 5362 1346 5432 diligenter
1391 5364 1765 5419 indicavimus.
1816 5366 1955 5435 Quin
2002 5378 2055 5424 et
2094 5370 2435 5430 doetissnnas
2482 5384 2673 5449 notas,
2723 5382 2919 5451 quibus
2965 5384 3178 5439 easdem
3226 5395 3409 5444 auctas

224 5461 447 5507 Ornatas
492 5467 526 5507 a
566 5451 773 5506 clariss.
818 5452 1122 5508 Editoribus
1152 5456 1473 5520 invenimus,
1504 5457 1836 5514 subscribere
1868 5461 2039 5516 visunt
2086 5474 2197 5530 est;
2240 5467 2443 5536 aliquas
2488 5472 2646 5524 etiam
2684 5472 2755 5528 de
2791 5486 2996 5544 nostro,
3023 5477 3111 5531 ubi
3141 5488 3500 5547 opportunum

228 5544 533 5611 videbatur,
558 5545 877 5613 adjecimus.
907 5548 1223 5602 Addiditle
1264 5560 1319 5603 et
1349 5550 1480 5602 Acta
1512 5551 1777 5619 passionis
1820 5556 1989 5610 sancti
2018 5555 2254 5628 Dionysii
2281 5564 2515 5629 episcopi
2549 5565 2890 5637 Parisieusis,
2922 5584 3044 5637 quae
3060 5544 3235 5627 edidit
3279 5574 3346 5628 cl.

229 5648 454 5708 squetus
495 5640 549 5693 in
582 5638 786 5695 llistor.
836 5638 981 5696 Eccl.
1014 5641 1221 5710 Canite,
1250 5656 1302 5709 p.
1333 5642 1391 5709 2,
1417 5654 1471 5697 et
1498 5660 1601 5699 una
1646 5646 1959 5714 protulimus
2008 5650 2243 5715 rationes
2260 5654 2464 5724 quibus
2490 5657 2767 5719 Adrianus
2810 5662 3051 5721 Valesius
3078 5666 3336 5725 adversus
3359 5667 3502 5727 lau-

229 5729 413 5787 uoium
444 5730 742 5788 ostendere
763 5740 987 5789 conatur
1014 5733 1179 5788 fuisse
1197 5731 1289 5788 illa
1316 5749 1348 5790 a
1371 5732 1669 5794 Fortunato
1697 5736 2029 5796 elucubrata.

297 5823 589 5883 Postremo
619 5825 744 5883 loco
771 5825 1045 5899 posuimus
1074 5825 1409 5909 Symbolum,
1456 5830 1613 5905 vulgo
1640 5830 2095 5906 Athanasianum,
2132 5852 2197 5895 ac
2244 5840 2496 5913 scriptam
2524 5844 2580 5901 in
2606 5844 2736 5905 illud
2780 5849 3178 5927 expositionem
3217 5868 3378 5931 quam
3419 5852 3493 5915 cl.
