4020 6346
477 256 550 314 l5
1016 256 1530 316 PROLEGOMENA
1569 259 1661 315 AD
1703 259 2028 315 VENANTII
2071 259 2230 317 "ON.
2271 258 2477 315 CLEM.
2522 257 2916 314 FORTUNATI
2957 259 3213 315 OPEBA.
3699 260 3762 314 16

473 367 795 425 “oratorius
825 368 1029 424 Anecd.
1063 378 1101 424 t.
1134 369 1196 438 ll,
1232 386 1352 443 pag.
1400 371 1526 438 2m,
1578 372 1818 440 protulit.
1875 389 1939 428 ex
1991 375 2401 430 membranaceo
2446 371 2642 427 Codice
2686 371 3025 427 bibliotheca:
3071 373 3446 428 Ambrosiante
3471 381 3700 438 erutam,
3729 387 3762 429 e

475 461 671 532 quibus
703 461 1018 530 alterutrum
1047 463 1160 530 ipse
1193 464 1484 518 Fortunato
1511 472 1699 517 nostro
1747 466 2145 520 attribuendum
2188 465 2323 520 forte
2353 473 2555 531 censet,
2595 478 2658 518 ac
2706 472 2976 517 momenta
3015 465 3208 534 quibus
3257 465 3400 520 idem
3453 465 3758 534 opinionem

477 573 633 630 suam
669 568 849 613 tuetur
869 560 1171 624 attulimus,
1200 571 1254 613 et
1279 558 1404 629 quid
1437 561 1762 614 sentiremus
1792 559 1892 629 ipsi
1923 562 2275 617 ostendimus.

547 653 701 721 Quod
733 669 860 708 vero
885 654 1077 708 attinet
1107 654 1172 707 ad
1213 661 1369 706 notas
1421 652 1658 706 Broweri
1691 653 1742 707 in
1795 666 2034 722 poemata
2085 655 2386 722 Fortunati,
2441 664 2560 710 erat
2607 653 2822 724 quidem
2855 653 2909 706 in
2940 653 3119 706 animo
3153 653 3389 722 integras
3419 653 3641 708 easdem
3669 653 3760 708 ad-

477 746 608 803 dere
639 745 760 799 huic
811 755 1012 801 nostrm
1061 744 1330 809 Editinni;
1379 743 1474 799 sed
1519 759 1640 798 cum
1674 745 1838 799 nimia
1871 761 2054 801 earum
2105 755 2160 801 et
2189 762 2332 816 smpe
2389 746 2591 800 inutilis
2633 745 2911 814 prolixitas
2959 746 3270 810 absterruit,
3324 755 3434 799 tum
3466 760 3680 802 errores
3707 746 3757 802 in

475 853 614 907 quos
647 838 912 893 interdum
960 838 1137 905 lapsus
1181 835 1624 904 deprehenditur,
1669 837 1736 888 ab
1765 836 1856 890 illo
1886 838 2113 892 consilio
2159 852 2256 891 nos
2286 838 2441 906 plane
2485 846 2803 889 avocarunt.
2854 834 3033 890 Satius
3082 834 3260 902 itaque
3291 834 3548 889 duximus
3578 837 3757 890 eBro-

474 943 624 983 vvero
653 944 716 984 ea
745 929 973 998 seligere
998 943 1115 997 quae
1162 927 1230 981 ab
1257 941 1442 982 errore
1473 934 1627 981 erant
1665 937 1889 992 remota,
1932 937 1986 981 et
2014 942 2133 997 qua:
2178 926 2244 980 ad
2278 927 2449 980 lucem
2475 925 2707 994 aliquam
2751 923 2910 978 rebus
2943 923 3270 978 atl'erendam
3300 937 3598 992 opportuna
3648 925 3756 979 visa

473 1029 620 1086 sunt,
644 1035 674 1074 a
706 1021 803 1074 viri
832 1021 898 1072 cl.
931 1018 1230 1073 eruditione
1278 1016 1536 1087 profecta,
1561 1032 1718 1086 quam
1751 1016 2049 1085 promiscue
2077 1016 2257 1070 omnia
2303 1013 2586 1084 subjicere.
2619 1011 2822 1079 Quibus
2862 1020 3040 1066 autem
3072 1011 3124 1066 in
3156 1012 3289 1065 locis
3315 1013 3429 1066 sive
3471 1014 3756 1068 Browerus

470 1109 604 1178 ipse,
637 1121 728 1165 aut
749 1111 1010 1180 quispiam
1051 1111 1185 1164 alius
1218 1109 1326 1163 falli
1355 1108 1496 1162 visus
1525 1117 1628 1173 est,
1672 1106 1933 1176 judicium
1962 1118 2223 1173 nostrum,
2257 1113 2314 1157 ut
2340 1103 2629 1174 potuimus,
2657 1099 3083 1167 declaravimus,
3129 1101 3375 1155 eamdem
3418 1116 3665 1171 operam,
3711 1103 3754 1158 si

471 1199 595 1269 quid
625 1199 706 1253 vel
739 1199 862 1267 ipsi,
896 1209 953 1252 ut
979 1199 1244 1263 homines,
1276 1197 1585 1251 liallucinati
1616 1199 1891 1263 fuerimus,
1923 1197 2066 1252 bono
2096 1197 2274 1250 animo
2307 1196 2374 1248 ab
2393 1194 2512 1250 aliis
2541 1203 2941 1261 exspectantes.

543 1284 620 1340 Ac
652 1286 907 1355 quidquid
939 1287 1006 1342 ad
1036 1287 1318 1342 Fortunati
1350 1286 1515 1356 ipsius
1544 1287 1716 1356 Opera
1744 1287 2059 1343 illustranda
2089 1289 2360 1358 pertinere
2409 1295 2643 1356 poterat,
2693 1294 2749 1339 et
2777 1285 2842 1339 ad
2871 1286 3153 1341 scientiam
3201 1296 3437 1341 nostram
3488 1289 3752 1358 pervenit,

469 1375 706 1444 undique
738 1375 1034 1440 hausimus,
1060 1384 1114 1430 et
1142 1378 1532 1444 excerpsimus,
1581 1377 1911 1446 singulorum
1945 1380 2158 1433 nomina
2182 1394 2213 1433 a
2245 1378 2440 1447 quibus
2472 1376 2698 1432 mutuati
2729 1391 2915 1432 sumus
2953 1377 3154 1447 aliquid
3185 1379 3413 1435 ﬁdeliter
3441 1396 3506 1435 ac
3533 1382 3650 1437 sine
3680 1383 3754 1437 in-

469 1465 610 1520 vidia
641 1466 996 1522 ascribentes.
1028 1467 1196 1534 Quam
1225 1466 1290 1520 ad
1320 1481 1430 1521 rem
1462 1466 1626 1538 Greg.
1661 1467 1790 1522 Tur.
1824 1468 1877 1522 in
1911 1470 2112 1536 primis,
2143 1480 2328 1524 nostro
2357 1469 2648 1522 Fortunato
2693 1481 2925 1533 coaevus,
2959 1473 3068 1521 tam
3100 1467 3187 1520 alii
3219 1482 3399 1522 rerum
3431 1469 3751 1526 Gallicarum

465 1559 760 1626 scriptores
793 1572 1038 1627 magnam
1064 1573 1219 1626 opem
1253 1558 1406 1612 nobis
1435 1561 1750 1612 attulerunt.
1789 1559 2070 1614 Browerus
2100 1560 2260 1613 etiam
2291 1560 2357 1612 ad
2381 1558 2682 1613 Germaniae
2710 1557 2847 1624 loca,
2874 1571 3101 1625 quorum
3129 1557 3372 1612 meminit
3401 1557 3749 1628 Fortunatus,

465 1650 696 1703 notanda
728 1659 782 1704 et
809 1649 1134 1718 designanda
1169 1651 1454 1718 plurimum
1485 1649 1778 1720 adjumenti
1812 1650 2036 1703 contulit
2066 1667 2080 1715 ;
2132 1649 2285 1718 cujus
2311 1647 2639 1711 auctoritati,
2687 1647 2831 1716 quod
2863 1645 2954 1700 ille
2983 1645 3046 1698 iis
3075 1643 3204 1714 ipsis
3233 1645 3286 1700 in
3331 1645 3460 1700 locis
3489 1662 3608 1701 cum
3660 1648 3744 1702 illa

460 1737 735 1791 scribebat
763 1748 1089 1802 versaretur,
1121 1738 1407 1808 plurimum
1442 1739 1744 1805 tribuimus,
1772 1747 1931 1809 atque
1962 1740 2082 1795 ideo
2111 1756 2216 1794 non
2240 1739 2606 1795 dubitavimus
2635 1740 2839 1808 integra
2862 1737 3103 1806 ejusdem
3129 1737 3433 1794 testimonia
3461 1739 3749 1810 aliquando

459 1827 795 1881 exscribere.

535 1914 630 1968 llic
655 1925 833 1970 autem
865 1925 980 1972 erat
1027 1917 1174 1972 locus
1205 1918 1433 1974 fortasse
1462 1928 1517 1972 ut
1545 1934 1606 1974 ea
1639 1920 2068 1989 expenderemus
2098 1936 2217 1990 qua:
2249 1922 2302 1976 in
2334 1919 2595 1990 Operibus
2623 1921 2900 1976 Fortunati
2929 1922 3091 1978 duoia
3117 1922 3383 1977 interdum
3415 1931 3471 1978 et
3519 1923 3746 1980 obscura

459 2016 746 2062 occurrunt
772 2025 788 2075 ;
819 2009 913 2064 sed
945 2010 1231 2064 maluimus
1280 2011 1488 2080 singula
1514 2011 1627 2066 suis
1657 2012 1708 2065 in
1743 2012 1870 2066 locis
1894 2027 2151 2068 revocare
2195 2012 2262 2066 ad
2294 2027 2520 2066 examen
2544 2054 2559 2079 ,
2611 2024 2674 2064 ac
2702 2011 2830 2079 quid
2859 2010 2928 2066 de
2958 2011 3088 2080 ipsis
3129 2013 3453 2066 sentiremus
3483 2014 3742 2083 proferre,

460 2115 620 2173 quam
652 2100 777 2155 inde
806 2101 1044 2171 legentes
1076 2103 1410 2166 abstrahere,
1445 2115 1499 2158 et
1528 2104 1593 2157 ad
1627 2105 1740 2158 loca
1769 2105 1872 2157 alia
1903 2105 2212 2158 amandare.

533 2192 662 2245 lllud
693 2193 866 2260 potius
894 2193 1253 2262 indagandum
1289 2194 1450 2248 modo
1482 2194 1706 2260 videtur,
1759 2210 2000 2264 quaenam
2029 2211 2092 2247 ex
2134 2194 2215 2248 his
2236 2207 2357 2262 qua:
2389 2207 2417 2243 a
2451 2190 2745 2244 Fortunato
2793 2190 3099 2244 elucubrata
3134 2191 3439 2258 accepimus
3486 2190 3746 2260 Operibus

456 2285 714 2350 temporis
749 2281 944 2352 injuria
975 2284 1253 2351 deperdita
1283 2283 1413 2348 sint,
1438 2296 1532 2339 aut
1561 2298 1807 2353 quaenam
1836 2283 2066 2339 diversis
2098 2283 2265 2337 titulis
2295 2291 2482 2336 ornata
2507 2297 2536 2334 a
2568 2281 2860 2346 veteribus,
2892 2281 2994 2334 alia
3022 2281 3265 2348 cuiquam
3295 2282 3463 2335 videri
3496 2294 3738 2350 possunt,

459 2387 618 2443 quam
652 2388 770 2440 quae
803 2373 853 2426 in
885 2373 1132 2426 manilius
1157 2373 1267 2443 jam
1304 2373 1588 2440 habemus,
1643 2373 1766 2427 licet
1800 2389 1902 2426 non
1937 2374 2122 2427 iisdem
2152 2382 2457 2447 επιγραφαῐς
2505 2372 2782 2440 inscripta.
2819 2370 3017 2424 Paulus
3071 2370 3354 2435 Diaconus,
3400 2371 3540 2426 llist.
3577 2373 3741 2442 Long.

454 2461 551 2517 lib.
589 2479 647 2529 tt,
681 2479 831 2518 num.
871 2464 960 2528 15,
994 2473 1176 2517 narrat
1209 2463 1439 2536 hymnos
1468 2464 1796 2533 singularum
1829 2465 2178 2518 l'estivitatum
2217 2478 2244 2514 a
2275 2461 2566 2516 Fortunato
2597 2460 2760 2516 fuisse
2800 2461 3179 2525 concinnatos;
3211 2474 3273 2514 ac
3301 2459 3648 2527 Trithemius,
3692 2463 3743 2518 in

455 2552 550 2610 lib.
591 2553 658 2606 de
698 2551 960 2622 Scriptor.
1011 2553 1424 2616 ecclesiasticis,
1476 2563 1664 2608 texens
1693 2552 1977 2607 elenchum
2008 2551 2240 2621 Operum
2270 2552 2564 2618 Fortunati,
2606 2553 2832 2623 hymnos
2881 2567 3065 2605 Lxxvtt
3118 2561 3418 2617 enumerat,
3470 2553 3743 2622 colligatos

451 2655 615 2695 unum
648 2643 699 2695 in
730 2643 1008 2706 volumen,
1036 2657 1171 2710 quos
1209 2642 1277 2695 ab
1307 2643 1423 2712 ipso
1456 2642 1746 2696 Fortunato
1778 2642 2011 2709 scriptos
2039 2641 2202 2695 fuisse
2231 2653 2619 2698 commemorat
2646 2663 2656 2696 :
2691 2658 2914 2712 quorum
2951 2643 3178 2711 primum
3213 2641 3358 2711 ponit
3387 2643 3537 2698 illum
3572 2647 3662 2713 qui
3689 2646 3739 2701 iu

458 2741 640 2788 nostra
674 2733 915 2789 Editione
943 2745 1117 2790 exstat
1147 2748 1265 2803 cap.
1298 2734 1330 2785 3
1363 2734 1454 2788 lib.
1485 2749 1600 2800 vni,
1651 2733 1846 2803 quique
1879 2733 2064 2803 incipit
2089 2731 2343 2803 Agnoscat
2392 2749 2541 2787 omne
2567 2735 2834 2800 swculum,
2866 2743 2970 2787 etc.
3003 2734 3072 2786 At
3100 2746 3198 2786 nos
3229 2747 3525 2801 perpaucos
3555 2737 3739 2787 admo-

457 2825 583 2882 dum
613 2826 840 2897 hymnos
864 2843 1000 2898 quos
1041 2825 1255 2896 quidem
1283 2842 1312 2879 a
1346 2825 1612 2880 Venantio
1657 2827 1992 2894 conscriptos
2025 2824 2331 2879 noverimus
2378 2823 2659 2887 habemus,
2690 2832 2848 2890 atque
2882 2823 2999 2876 illos
3045 2822 3244 2890 passim
3285 2822 3560 2888 dispersos
3605 2822 3740 2876 inter

451 2925 646 2974 caetera
678 2918 956 2973 Fortunati
1011 2922 1206 2987 Opera,
1240 2927 1297 2971 ut
1323 2919 1541 2972 eosdem
1581 2916 1801 2970 minime
1845 2930 1963 2970 esse
2001 2912 2344 2983 iudicandum
2376 2913 2445 2964 sit
2473 2911 2540 2966 de
2570 2911 2762 2980 quibus
2791 2910 2982 2964 Paulus
3015 2911 3160 2963 Diae.
3195 2918 3248 2962 et
3279 2909 3606 2962 'l‘rithemius
3652 2910 3740 2964 lo-

448 3020 703 3080 quuntur.
747 3011 1008 3078 Quocirca
1052 3019 1315 3066 vetustate
1346 3010 1464 3063 illos
1495 3009 1701 3063 deletos
1753 3007 1916 3061 fuisse
1968 3004 2308 3073 judicandum
2339 3009 2441 3066 est,
2495 3011 2587 3054 aut
2632 3001 2926 3069 incognitos
2954 2998 3127 3051 adhuc
3159 2997 3365 3064 uspiatn
3393 2997 3596 3065 jacere,
3651 3006 3739 3054 aut

451 3116 581 3154 vero
613 3100 732 3155 illos
761 3102 950 3157 alienis
996 3103 1096 3155 sub
1127 3100 1434 3155 nominibus
1466 3098 1750 3152 venditari.
1807 3096 2088 3148 Brnwerns
2131 3103 2306 3145 tamen
2340 3089 2486 3142 nullo
2517 3089 2676 3142 modo
2705 3088 2994 3142 assentitur
3044 3096 3122 3140 tot
3151 3102 3178 3156 a
3212 3085 3477 3139 Venantio
3503 3089 3739 3142 conscri-

451 3181 572 3262 ptos
605 3193 830 3264 hymnos
861 3194 1025 3248 fuisse
1057 3203 1186 3263 quot
1210 3197 1455 3245 recenset
1484 3187 1831 3251 'l‘rithemius,
1866 3200 1985 3238 cum
2019 3181 2276 3243 universi,
2319 3180 2413 3243 ait,
2447 3191 2585 3244 quos
2619 3178 2862 3231 Ecclesia
2893 3191 2984 3245 per
3017 3191 3215 3230 annum
3243 3174 3452 3240 recitat,
3486 3192 3616 3243 XCII,
3650 3183 3739 3232 aut

445 3297 550 3336 non
585 3283 750 3337 multo
784 3282 984 3352 plures,
1017 3284 1138 3346 sint,
1171 3295 1396 3352 quorum
1431 3279 1714 3348 plerosque
1745 3276 1810 3329 ad
1841 3291 1964 3329 suos
1994 3283 2241 3327 auctores
2285 3280 2398 3324 tuto
2443 3271 2646 3325 referre
2698 3270 2843 3332 licet,
2896 3283 3194 3337 perpaucos
3245 3269 3309 3322 ad
3364 3269 3732 3326 Fortunatum.

447 3368 675 3424 Perinde
704 3381 863 3438 atque
895 3387 999 3425 non
1033 3382 1273 3438 tempore
1306 3367 1456 3424 Pauli
1505 3367 1720 3420 Diacoui
1751 3365 1946 3432 passim
1982 3365 2033 3417 in
2085 3363 2255 3417 Gallia
2303 3362 2486 3432 hymni
2522 3363 2702 3431 plures
2731 3375 2758 3414 a
2795 3360 3059 3415 Venantio
3111 3372 3294 3418 nostro
3325 3364 3621 3418 elucubrati
3671 3365 3735 3420 ad

443 3471 752 3516 sanctorum
777 3462 906 3517 [θεία
959 3461 1280 3515 celebranda
1329 3468 1382 3511 et
1413 3457 1668 3522 deinceps
1697 3453 1939 3508 adhiberi
1969 3453 2262 3520 potuerint,
2293 3466 2516 3518 quorum
2549 3451 2601 3505 in
2636 3450 2834 3512 locum,
2867 3460 2924 3504 ut
2949 3465 3091 3518 smpe
3121 3451 3199 3518 lit,
3245 3451 3334 3505 alii
3367 3452 3574 3507 sulfecti
3605 3453 3732 3520 sint,

442 3559 558 3607 aut.
587 3551 654 3603 ab
683 3549 797 3602 aliis
828 3550 1068 3617 castigati
1101 3557 1151 3601 ct
1176 3546 1482 3609 restaurati,
1517 3545 1622 3599 dici
1672 3543 1946 3597 Fortunati
1976 3543 2114 3611 apud
2147 3543 2427 3612 plerosque
2450 3542 2731 3604 desierint,
2765 3541 2856 3611 qui
2880 3543 3091 3598 collecti
3124 3560 3152 3596 a
3197 3544 3448 3613 quopiam
3480 3561 3645 3599 unum
3680 3547 3731 3600 in

444 3642 738 3706 volumcni,
771 3642 833 3694 ad
864 3640 1150 3693 'l'ritheniii
1182 3656 1348 3709 usque
1379 3647 1594 3691 aetatem
1626 3636 2036 3705 permanserint.
2067 3633 2225 3689 Certe
2260 3635 2486 3702 hymnus
2514 3633 2744 3699 scriptus
2775 3649 2805 3686 a
2838 3633 3132 3687 Fortunato
3162 3633 3215 3686 in
3260 3641 3504 3686 sanctum
3539 3633 3733 3705 Dionyo

442 3729 582 3783 sium
604 3741 896 3799 martyicm
929 3731 1018 3798 (de
1052 3744 1155 3798 quo
1182 3744 1340 3794 supra
1375 3727 1536 3781 locuti
1566 3727 1796 3794 sumus),
1827 3725 2181 3793 conscriptus,
2215 3733 2272 3776 ut
2303 3723 2534 3786 videtur,
2562 3724 2628 3777 ad
2662 3739 2816 3776 usuin
2852 3723 3103 3785 Ecclesiae
3133 3725 3475 3791 Parisiensis,
3508 3726 3551 3779 is
3577 3725 3730 3780 dein»

444 3835 574 3889 ceps
599 3821 895 3885 obsoletus,
927 3831 980 3874 et
1007 3831 1305 3890 expunctus
1333 3836 1399 3873 ex
1433 3820 1754 3890 hymnorum
1786 3821 2051 3888 catalogo,
2083 3818 2330 3872 omnibus
2361 3820 2591 3886 ignotus,
2629 3818 2810 3872 tandiu
2837 3817 3006 3886 jacnit
3046 3821 3097 3872 in
3130 3820 3355 3889 pulvere
3385 3835 3449 3876 ac
3492 3823 3728 3876 tenebris

441 3912 617 3976 quoad
651 3913 779 3965 clar.
819 3911 1099 3964 Dubletius
1136 3925 1255 3964 eum
1287 3920 1523 3972 erueret,
1557 3920 1716 3976 atque
1744 3909 2009 3964 ederetin
2044 3910 2223 3979 Antiq.
2271 3909 2771 3980 San-Dionysianis.
2817 3909 2949 3966 ltem
2983 3922 3225 3968 vetustus
3249 3912 3428 3969 Codex
3457 3913 3527 3968 cl.
3578 3915 3722 3970 card.

445 3995 661 4049 Tomasi
689 3999 824 4050 duos
855 3997 1084 4066 hymnos
1112 3997 1341 4064 scriptos
1368 3998 1419 4050 in
1454 3999 1668 4052 laudem
1701 3998 1869 4052 beatae
1921 3999 2098 4054 Maria:
2128 4000 2368 4069 virginis,
2421 4015 2484 4056 ac
2513 4011 2772 4072 perpetuo
2811 4019 2909 4058 usu
2939 4003 3009 4058 ab
3061 4005 3300 4060 Ecclesia
3349 4015 3630 4074 usurpatos
3674 4014 3726 4062 et

452 4096 711 4150 retentos,
749 4087 1025 4141 Fortunati
1049 4103 1170 4142 esse
1198 4089 1450 4151 ostendit,
1485 4097 1543 4141 ut
1572 4101 1733 4157 supra
1756 4087 2005 4141 diximus.

514 4192 811 4262 Sigihcrtus
845 4194 1029 4255 etiam,
1062 4193 1113 4246 in
1146 4194 1237 4248 lib.
1271 4195 1337 4249 de
1367 4197 1564 4264 Script.
1600 4195 1840 4262 Eccles.,
1887 4211 2006 4265 cap.
2055 4197 2158 4264 45,
2189 4200 2516 4254 mentionem
2545 4201 2669 4256 lacit
2696 4202 3045 4273 Hodoeperici
3081 4205 3384 4274 Fortunati,
3417 4210 3560 4279 quod
3593 4226 3723 4280 Opti-

453 4288 659 4337 sculuui
691 4285 949 4338 incertum
984 4295 1064 4337 est
1093 4295 1268 4337 utrum
1313 4302 1377 4339 ne
1406 4289 1646 4357 perierit,
1695 4302 1762 4339 an
1797 4303 1958 4340 unum
1989 4287 2058 4341 sit
2086 4304 2150 4342 ex
2183 4285 2248 4341 iis
2278 4289 2491 4357 aliquod
2542 4307 2658 4359 qua:
2689 4303 2921 4358 exstant,
2972 4305 3027 4349 et
3081 4295 3133 4349 in
3177 4296 3371 4365 quibus
3403 4299 3727 4354 Fortunatus

444 4378 558 4445 ipse
583 4379 683 4433 iter
713 4379 879 4434 ullum
912 4395 1089 4442 suum,
1121 4382 1202 4433 vel
1236 4380 1373 4448 quod
1400 4397 1464 4433 ex
1504 4380 1652 4433 Italia
1686 4381 1738 4434 iu
1773 4379 2018 4448 Galliam,
2045 4381 2127 4434 vel
2161 4397 2255 4450 per
2280 4382 2506 4436 Galliam
2535 4385 2782 4454 quopiam
2814 4396 2904 4439 aut
2927 4385 3294 4456 Germaniam,
3349 4393 3722 4456 contenderat,

440 4467 720 4522 describit.
770 4469 896 4522 lllud
927 4469 1096 4536 ipsum
1133 4469 1535 4537 llodoeporicou
1569 4467 1806 4522 indicare
1834 4470 2042 4524 videtur
2075 4470 2271 4524 Paulus
2299 4472 2585 4540 Diaconus,
2634 4490 2754 4528 cum
2782 4476 3013 4530 afﬁrmat
3061 4482 3255 4548 smpius
3283 4483 3446 4537 citato
3475 4484 3591 4537 loco
3625 4485 3726 4538 \‘e-

440 4564 680 4613 nantiuni
715 4561 825 4614 suis
856 4561 905 4614 in
931 4562 1256 4615 carminibus
1292 4561 1412 4628 iter,
1445 4576 1551 4630 quo
1582 4559 1632 4612 in
1662 4559 1884 4613 Galliam
1917 4560 2188 4629 profectus
2216 4572 2319 4626 est,
2363 4578 2603 4618 narrare.
2634 4563 2745 4618 Nisi
2793 4566 2839 4620 is
2869 4568 3007 4622 forte
3038 4569 3181 4624 illam
3225 4574 3480 4628 carminis
3513 4582 3721 4640 partem

443 4652 611 4705 voluit
642 4655 862 4707 innuere
893 4667 996 4719 qua
1029 4654 1368 4718 Fortunatus,
1418 4652 1509 4706 lib.
1543 4666 1592 4703 iv
1631 4650 1758 4704 Vitae
1786 4653 1954 4706 sancti
2004 4651 2234 4718 Martini,
2281 4653 2463 4708 libello
2492 4668 2609 4719 suo,
2662 4669 2817 4724 quem
2846 4671 2876 4711 e
2905 4654 3071 4711 Gallia
3121 4659 3343 4715 mittens
3395 4663 3446 4716 in
3492 4659 3719 4725 Italiam,

439 4745 653 4810 poetico
680 4757 830 4796 more
857 4742 1162 4810 alloquitur,
1197 4743 1296 4795 iter
1323 4743 1460 4808 quod
1496 4752 1680 4796 tenere
1710 4742 1870 4796 debet
1897 4743 2151 4810 ostendit,
2182 4759 2244 4798 ea
2277 4745 2390 4814 ipsa
2421 4747 2533 4800 loca
2567 4761 2662 4815 per
2685 4762 2802 4815 quae
2830 4748 2944 4814 ipse
2971 4763 3035 4802 ex
3082 4750 3228 4803 italia
3259 4751 3312 4804 in
3342 4750 3567 4805 Galliam
3601 4768 3725 4822 per-

446 4849 578 4905 gens
611 4841 896 4890 transierat
924 4849 1180 4888 conversa
1211 4836 1415 4888 ratione
1442 4847 1892 4890 cominonstrans.
1942 4837 2020 4890 Ac
2067 4838 2304 4906 profecto
2334 4839 2547 4892 nomina
2579 4838 2850 4892 civitatum
2882 4852 2944 4891 ac
2974 4840 3251 4906 regionum
3285 4856 3404 4909 qua:
3434 4842 3546 4896 illic
3573 4860 3719 4899 com-

441 4938 808 4982 memorantur
839 4928 922 4982 his
951 4936 1073 4995 apte
1102 4927 1428 4995 respondent
1459 4942 1576 4996 quin
1600 4927 1793 4981 Paulus
1825 4936 2125 4997 percenset.
2165 4929 2257 4982 Vel
2311 4929 2638 4984 Trithemius
2683 4941 2947 4986 memorat
2976 4933 3401 5002 Hodoeporicum
3435 4934 3718 4994 Fortunati

440 5035 562 5074 cum
595 5018 696 5074 hoc
725 5020 876 5073 titulo
903 5038 915 5071 :
956 5018 1366 5089 Ilodoeporicum
1393 5020 1486 5071 via:
1513 5034 1642 5082 suae,
1690 5019 1814 5072 liber
1857 5035 1896 5084 ι,
1929 5029 2088 5088 atque
2118 5019 2247 5073 illud
2275 5035 2302 5072 a
2337 5020 2428 5073 lib.
2461 5035 2512 5073 tv
2559 5019 2698 5074 Vita:
2727 5023 2899 5076 sancti
2928 5021 3137 5076 Martini
3168 5023 3382 5079 videtur
3407 5027 3714 5098 sejungere.

440 5110 630 5167 Potest
656 5111 844 5180 aliquis
869 5111 1125 5178 suspicari
1160 5110 1563 5177 llodoeporicon
1597 5108 1748 5175 illud,
1778 5109 1845 5164 de
1871 5125 1977 5179 quo
2007 5109 2332 5164 Trithemius
2364 5119 2417 5163 et
2458 5108 2783 5180 Sigibertus,
2829 5123 2951 5165 esse
2977 5125 3191 5165 carmen
3220 5111 3286 5166 lt)
3311 5112 3403 5168 lib.
3440 5131 3494 5182 x,
3525 5116 3578 5171 in
3609 5133 3716 5187 quo

442 5202 488 5258 is
515 5205 719 5273 prolixe
749 5205 847 5256 iter
894 5217 998 5270 quo
1026 5202 1210 5255 Mettas
1237 5211 1572 5270 pervenerat,
1600 5201 1668 5255 ad
1694 5200 2097 5257 Childebertum
2144 5215 2346 5271 regem,
2396 5208 2452 5254 et
2480 5199 2600 5254 inde
2633 5200 2904 5270 digressus
2934 5216 3037 5254 una
3068 5215 3190 5256 cum
3237 5203 3376 5272 regia
3410 5203 3608 5260 familia
3658 5218 3714 5263 et

440 5297 715 5360 comitatu,
748 5294 1126 5364 Mosellamque
1155 5302 1209 5347 et
1235 5294 1366 5347 alios
1394 5294 1586 5348 ﬂuvios
1616 5293 1908 5361 ingressus,
1955 5286 2359 5360 circumpositas
2392 5289 2552 5344 urbes
2600 5299 2658 5346 et
2681 5291 2874 5359 Oppida
2910 5290 3248 5354 lustraverat,
3285 5305 3498 5348 enarrat
3526 5314 3537 5348 :
3593 5311 3712 5366 quae

435 5377 676 5456 suSpicio
701 5387 839 5439 haud
862 5385 1072 5441 videtur
1093 5400 1212 5441 esse
1235 5383 1602 5454 improbanda.
1627 5384 1908 5437 Browerus
1930 5391 2082 5451 putat
2102 5381 2322 5435 indicari
2345 5395 2374 5433 a
2397 5379 2694 5434 Tritliemio
2718 5394 2932 5434 carmen
2953 5380 3075 5433 271.
3095 5394 3171 5445 xi,
3188 5380 3327 5449 quod
3348 5391 3432 5437 est
3456 5385 3708 5454 scriptum

440 5477 507 5533 ad
536 5479 812 5546 Agnetem,
847 5490 895 5534 et
929 5477 1156 5548 Radeg.,
1187 5478 1433 5548 quodque
1461 5476 1767 5532 inscribitur
1797 5480 1858 5529 de
1898 5475 2076 5526 itinere
2123 5489 2233 5525 suo.
2281 5473 2598 5540 Quanquam
2652 5470 2844 5524 mirum
2877 5469 3121 5539 cuiquam
3170 5469 3338 5526 videri
3387 5481 3556 5540 potest
3604 5482 3708 5529 tam

445 5570 602 5624 breve
631 5586 844 5625 carmen
876 5572 993 5625 libri
1026 5569 1240 5626 nomine
1263 5570 1489 5626 censeri.
1541 5567 1609 5621 At
1638 5566 1901 5629 Giraldus,
1953 5566 2005 5618 in
2037 5563 2174 5618 Hist.
2207 5562 2273 5616 de
2304 5562 2505 5626 Poetis,
2556 5559 2683 5615 dial.
2712 5558 2765 5626 5,
2799 5559 3102 5627 Hodoepor.
3137 5559 3282 5614 Fort.
3329 5563 3543 5616 videtur
3581 5577 3707 5617 con-

439 5660 664 5717 fundere
692 5663 810 5717 cum
841 5677 1085 5736 poemate
1127 5664 1269 5735 quod
1311 5664 1424 5731 ipse
1453 5661 1669 5729 scripsit
1697 5659 1761 5712 ad
1793 5656 2054 5712 Justinum
2087 5656 2214 5722 imp.
2267 5661 2315 5708 et
2349 5652 2514 5721 SOph.
2547 5656 2706 5719 Aug.,
2738 5652 2953 5705 nomine
3001 5650 3361 5718 Radegundis.
3418 5649 3548 5704 Nam
3583 5665 3704 5704 cum

440 5751 488 5808 is
518 5754 655 5808 inter
681 5755 853 5824 Gpera
878 5754 1156 5810 Fortunati
1189 5752 1547 5810 recensuisset
1588 5764 1801 5804 carmen
1843 5749 1907 5802 de
1939 5747 2122 5802 Excid.
2147 5745 2432 5813 'l’huring.,
2455 5745 2631 5798 subdit
2667 5760 2788 5798 cum
2820 5744 3101 5816 scripsisse
3146 5743 3565 5808 Hodoeporirnm
3613 5745 3706 5797 via:
