4020 6346
174 369 236 423 17
1095 370 1104 378 '
1367 321 1370 323 Α
1635 363 1761 418 PRA

1870 364 2023 420 tTNL
2912 415 2918 424 ,
3220 339 3226 348 ’
3384 359 3457 415 is

178 494 281 531 sua:
300 477 367 530 ad
397 478 946 548 Justinumjuniorem
986 480 1112 548 imp.
1140 489 1186 534 et
1221 480 1287 532 ad
1315 478 1566 548 Sophiam
1591 479 1901 548 Augustam.
1933 476 2070 542 Quin
2099 485 2153 530 et
2188 475 2422 541 Vossius,
2455 475 2521 530 de
2555 474 2688 531 Hist.
2723 475 2869 542 Lat.,
2896 473 2989 530 lib.
3017 489 3075 540 tt,
3108 483 3161 528 et
3189 474 3238 528 .l.
3271 472 3456 528 Alher.

181 566 413 631 Fabric.,
448 569 500 622 in
531 568 664 623 Bibl.
697 570 810 624 Lat.
843 569 1030 625 media:
1058 579 1113 624 et
1140 569 1337 623 inﬁmae
1369 568 1563 634 aetatis,
1608 569 1747 623 idem
1798 582 2014 623 carmen
2045 568 2212 622 citant
2257 568 2358 621 sub
2386 567 2575 622 eodem
2625 567 2798 633 titulo,
2831 576 2889 621 ut
2916 567 3176 634 suspicari
3211 567 3369 620 liccat
3401 563 3457 621 in

181 655 500 722 quibusdam
528 657 654 712 Mss.
685 658 810 712 illud
846 660 1123 713 inventum
1156 655 1341 722 fuisse,
1368 658 1766 728 llodoeporicon
1804 659 2136 728 inscriptum.
2189 660 2270 713 Au
2302 657 2438 714 forte
2458 659 2599 726 quod
2648 659 2781 713 illud
2827 669 3076 729 tanquam
3125 659 3224 712 vire
3275 669 3461 714 comes

184 743 362 798 datum
396 745 461 799 iis
494 757 662 813 esset,
693 763 828 817 quos
855 748 1197 818 Radt-gundis
1224 751 1367 804 misit
1394 750 1936 820 Constantinopolim,
1982 749 2184 820 gratias
2203 749 2412 805 Justino
2439 763 2489 806 et
2522 751 2692 821 Soph.
2743 753 2914 821 Augg.
2948 762 3162 806 acturos
3193 767 3288 819 pro
3317 750 3461 819 ligno

183 842 380 888 sancta
411 836 610 901 crucis,
640 837 814 894 eidem
846 838 1156 910 Radegundi
1195 839 1356 894 domo
1385 841 1570 907 misso,
1604 851 1656 896 et
1685 841 1989 897 deferentes
2031 842 2342 896 munuscula
2371 883 2388 910 ,
2441 843 2517 897 uti
2548 846 2712 899 refert
2742 843 3068 898 Baudonivia
3098 845 3150 898 in
3183 842 3302 897 Vita
3328 857 3464 895 sau-

187 932 281 976 ctaa
311 920 684 994 Radegundis,
713 943 860 982 num.
890 928 1003 981 ﬁt)?

255 1035 401 1091 Idem
431 1037 701 1105 Giraldus,
731 1041 784 1096 in
809 1041 1010 1098 Histor.
1041 1043 1110 1100 de
1140 1044 1337 1113 Poetis,
1372 1045 1500 1100 dial.
1548 1047 1600 1108 5,
1629 1048 1860 1116 itemque
1887 1046 2114 1110 Platina,
2147 1048 2198 1102 in
2227 1047 2320 1102 lib.
2371 1049 2436 1104 de
2469 1047 2604 1104 Vitis
2637 1048 2976 1113 Pontificum,
3025 1046 3078 1102 in
3133 1048 3251 1103 Vita
3300 1047 3466 1103 Joan.

188 1125 271 1190 ill,
304 1127 635 1182 mentionem
669 1132 867 1186 faciunt
897 1133 1016 1189 libri
1047 1135 1111 1189 de
1145 1136 1320 1206 Regna
1349 1136 1696 1206 gubernando,
1726 1152 1882 1206 quem
1914 1141 2062 1192 aiunt
2091 1137 2405 1193 Venantium
2457 1141 2736 1209 scripsisse
2777 1141 2842 1194 ad
2885 1140 3211 1208 Sigibertum
3258 1151 3463 1208 regem.

191 1214 268 1268 En
301 1214 528 1270 Platinaa
555 1221 712 1275 verba
741 1239 753 1274 :
787 1219 1106 1278 Fortunatus
1144 1226 1220 1277 uir
1247 1227 1524 1295 singularis
1555 1228 1853 1283 litteratura:
1889 1239 1935 1283 et
1963 1228 2264 1300 eloquentia:
2304 1231 2482 1286 Gallos
2509 1235 2578 1285 ad
2603 1234 2851 1286 mitiorem
2897 1232 3090 1286 cultum
3113 1233 3303 1303 redegit
3331 1233 3466 1285 scri-

192 1305 287 1395 ptis
317 1314 366 1358 et
397 1310 644 1375 exemplo.
698 1311 778 1364 Ad
809 1311 1125 1385 Sigibertum
1175 1318 1329 1381 enim,
1379 1333 1554 1372 eorum
1600 1336 1789 1389 regem,
1834 1319 2064 1374 libellum
2093 1324 2156 1375 de
2185 1324 2514 1391 gubernando
2555 1323 2733 1395 Regna
2758 1326 3070 1393 perscripsit.
3104 1327 3183 1379 An
3217 1327 3352 1379 forte
3379 1322 3466 1378 hic

194 1393 326 1447 liber
357 1404 442 1450 est
469 1412 685 1454 carmen
713 1399 746 1452 2
781 1402 870 1455 lib.
907 1419 976 1464 vi,
1011 1405 1061 1457 in
1090 1421 1196 1473 quo
1230 1407 1583 1472 Fortunatus,
1615 1411 1866 1480 Sigiberti
1896 1412 2119 1467 virtutes
2149 1413 2393 1480 laudans,
2441 1393 2675 1471 ostendit
2705 1418 2872 1486 qualis
2915 1419 2957 1471 is
3003 1432 3122 1472 esse
3153 1418 3341 1472 debeat
3368 1414 3464 1486 qui

193 1500 313 1540 cum
340 1487 570 1556 imperio
593 1493 800 1547 caeteris
830 1497 1120 1562 praesidet?
1147 1497 1298 1563 Quod
1326 1499 1370 1553 si
1393 1499 1524 1554 alius
1556 1499 1644 1554 ille
1673 1501 1884 1556 libellus
1913 1515 2016 1569 est,
2062 1511 2120 1557 ut
2145 1504 2483 1560 verisimilius
2513 1505 2743 1572 videtur,
2777 1515 2868 1560 aut
2897 1508 3060 1561 latere
3085 1505 3258 1560 adhuc
3283 1504 3465 1560 dicen-

196 1573 291 1628 dus
321 1587 425 1642 est,
454 1589 546 1632 aut
577 1581 796 1648 periisse
829 1596 1108 1640 vetustate.

265 1688 385 1745 iam
419 1707 551 1747 vero
579 1697 749 1749 sancti
779 1695 1021 1753 Severini
1055 1699 1255 1769 Vitam,
1285 1698 1521 1773 episcopi
1561 1705 1966 1776 Burdegalensis
1992 1708 2082 1778 (de
2106 1723 2212 1778 quo
2239 1709 2462 1776 Gregor.
2495 1709 2722 1775 Turon.,
2754 1709 2847 1763 lih.
2878 1709 2947 1764 de
2973 1709 3151 1764 Gloria
3184 1709 3467 1772 Confess.,

204 1795 320 1850 cap.
372 1783 471 1854 45)
522 1801 552 1839 a
588 1786 880 1844 Fortunato
909 1796 1162 1861 scriptam
1196 1794 1375 1859 fuisse,
1405 1796 1554 1850 testis
1584 1807 1667 1851 est
1696 1797 1838 1852 idem
1867 1797 2156 1868 Gregorius
2189 1800 2271 1854 his
2305 1800 2482 1855 verbis
2509 1817 2522 1854 :
2557 1799 2730 1854 Vitam
2761 1802 2914 1870 huius
2947 1801 3140 1872 (sancti
3171 1799 3464 1869 Severini),

201 1885 373 1943 postea
425 1898 582 1950 quam
638 1885 746 1938 hac
798 1886 1116 1955 scripsimus,
1176 1905 1207 1940 a
1255 1887 1547 1944 Fortunato
1580 1893 1872 1962 presbytero
1896 1895 2145 1962 scriptam
2167 1896 2519 1966 cognovimus.
2555 1895 2700 1950 Hanc
2723 1907 2900 1951 autem
2933 1896 3106 1951 Vitam
3135 1896 3466 1965 deperditam

201 1982 325 2026 esse
359 1973 647 2029 Brovverus
677 1992 797 2045 cap.
856 1976 890 2031 5
941 1979 1074 2034 Vita:
1104 1980 1405 2048 Fortunati,
1431 1993 1486 2038 et
1515 1983 1603 2038 alii
1634 1985 1926 2052 affirmant,
1961 2001 2060 2043 nec
2082 1999 2183 2056 ego
2227 1997 2493 2058 repertam
2536 2004 2567 2043 a
2596 1989 2846 2060 quopiam
2876 1999 2968 2046 aut
2997 1989 3196 2046 editam
3228 1987 3471 2045 invenire

204 2067 370 2134 potui.

271 2178 457 2246 Neque
507 2197 634 2237 vero
683 2184 922 2240 dubitem
972 2187 1322 2244 Fortunatam
1352 2191 1502 2258 plura
1535 2193 1816 2262 scripsisse
1847 2196 1972 2261 alia,
1997 2200 2110 2252 sive
2135 2199 2379 2266 metrica,
2414 2201 2526 2258 sive
2545 2202 2715 2258 soluta
2745 2201 3010 2264 oratione,
3043 2215 3161 2269 qua!
3190 2206 3286 2253 aut
3315 2198 3471 2266 plane

209 2269 514 2364 interierint
536 2284 822 2341 vetustate,
848 2287 939 2331 aut
960 2277 1186 2335 fortasse
1217 2283 1420 2350 uspiam
1451 2284 1837 2355 delitescentia,
1865 2303 1928 2342 ac
1959 2289 2212 2356 tenebris,
2244 2293 2459 2364 situque
2489 2294 2682 2359 obsita,
2713 2293 2934 2349 alterius
2965 2293 3239 2364 diligentia
3269 2301 3473 2346 etcura

211 2362 465 2428 in_lucem
497 2367 788 2436 aliquando
821 2368 1179 2439 proferentur,
1224 2373 1384 2444 idque
1426 2390 1492 2431 ex
1525 2375 1758 2432 hominis
1787 2379 2002 2448 ingenio
2047 2391 2099 2434 et
2124 2362 2650 2453 facundia‘coujicio.
2684 2387 2857 2453 Atque
2908 2362 3107 2437 utinam
3136 2379 3478 2438 clarissimus

211 2466 262 2510 et
289 2460 692 2517 eruditissimus
721 2469 802 2518 vir
835 2464 1117 2534 Philippus
1146 2466 1430 2534 Labbzeus,
1481 2485 1512 2524 e
1541 2469 1799 2525 societate
1822 2471 1972 2541 Jesu,
2016 2472 2318 2530 Editionem
2349 2475 2495 2530 illam
2526 2491 2677 2531 suam
2708 2476 2940 2546 Operum
2974 2476 3278 2542 Fortunati,
3313 2490 3474 2546 quant

215 2552 483 2620 pollicitus
532 2553 730 2621 fuerat,
777 2558 1098 2615 confecisset
1134 2572 1224 2616 aut
1255 2563 1606 2632 prodidisset!
1644 2565 1862 2621 minime
1891 2568 2221 2623 dubium‘est
2245 2571 2371 2639 quin
2402 2573 2614 2626 caeteris
2641 2571 2889 2627 omnibus
2911 2573 3122 2626 auctior
3152 2580 3206 2626 et
3235 2572 3476 2626 ornatior

220 2641 415 2699 fuisset.
445 2644 515 2698 Ct
546 2646 688 2701 enim
713 2647 757 2703 is
781 2657 1004 2705 testatur
1036 2651 1088 2706 iu
1121 2654 1336 2710 dissert.
1361 2657 1430 2712 de
1459 2655 1656 2726 Script.
1685 2657 1917 2724 Eccles.,
1943 2670 1982 2715 t.
2015 2659 2085 2731 ll,
2113 2670 2298 2732 postea
2329 2678 2488 2731 quam
2516 2661 2882 2732 Christophori
2911 2664 3148 2718 Broweri
3179 2662 3481 2719 Editionem

221 2747 689 2793 commemorasset
720 2756 736 2794 :
772 2739 884 2795 Nos
934 2745 1112 2797 eadem
1167 2746 1337 2800 omnia
1393 2748 1657 2816 Opuscula
1707 2746 2018 2818 Fortunati,
2068 2753 2287 2824 inﬁnitis
2317 2756 2461 2820 locis,
2495 2757 2680 2826 partim
2710 2773 2771 2810 ex
2799 2757 3005 2824 aptimw
3025 2765 3160 2811 noue
3181 2756 3484 2821 Codicibus,

225 2829 397 2894 partim
449 2847 518 2885 ea:
557 2834 709 2889 certis
757 2840 1065 2904 coniecturis
1105 2843 1392 2908 emendata,
1423 2852 1577 2913 atque
1617 2843 1767 2898 editis
1793 2846 2048 2912 auctiora,
2079 2846 2220 2915 prelo
2236 2848 2572 2914 jamdudum,
2598 2864 2712 2900 cum
2733 2865 2790 2901 se
2817 2849 3015 2902 dederit
3045 2849 3265 2912 occasio,
3299 2857 3484 2916 parata

227 2921 477 2978 habemus.
529 2926 692 2998 Cujus
747 2931 983 3002 incaspto
1040 2934 1166 3004 quid
1215 2936 1509 3005 obstiterit,
1553 2937 1694 2994 haud
1742 2938 1900 2996 facile
1949 2949 2033 2995 est
2067 2939 2336 3006 divinare;
2374 2955 2472 2996 nec
2501 2947 2628 2997 v‘ero
2656 2941 2808 3012 cujus
2836 2943 2886 2996 in
2912 2957 3122 3006 manus,
3156 2941 3346 2997 eodem
3378 2942 3486 2998 vita

229 3012 422 3106 functo,
482 3025 834 3089 pervenerint
879 3042 942 3082 ea
999 3043 1116 3098 quae
1165 3030 1283 3100 ipse
1322 3031 1472 3100 prelo
1498 3045 1557 3088 se
1587 3042 1771 3102 parata
1810 3034 1920 3104 jam
1955 3033 2207 3089 habuisse
2230 3036 2534 3105 proﬁtetur,
2565 3035 2808 3106 quamvis
2837 3052 3052 3092 omnem
3084 3035 3489 3091 adhibuerimus

229 3105 576 3180 diligentiam,
633 3117 848 3186 assequi
895 3121 1186 3188 potuimus.
1242 3122 1296 3176 lu
1327 3139 1444 3178 eam
1466 3139 1616 3195 spem
1645 3141 1964 3182 veneramus
1988 3142 2095 3198 quo
2121 3127 2210 3184 ille
2233 3128 2286 3182 in
2311 3129 2428 3183 loco
2453 3129 2761 3186 decesserat
2783 3131 2968 3186 eadem
2996 3131 3228 3187 fortasse
3261 3131 3488 3200 reperiri

233 3215 400 3270 posse.
451 3205 502 3260 is
533 3223 659 3263 vero
689 3209 913 3268 Parisiis
939 3215 1071 3268 obiit
1099 3230 1190 3272 an.
1232 3216 1393 3271 l667.
1424 3217 1551 3284 Sed,
1577 3234 1701 3275 cum
1750 3219 1942 3274 litteris
1970 3219 2110 3275 datis
2135 3211 2617 3291 inquisivissemus,
2642 3231 2697 3277 et
2716 3222 2783 3277 ad
2804 3237 2922 3277 eam
2954 3238 3071 3277 rem
3096 3238 3256 3292 opera
3291 3223 3480 3278 fuisse-

233 3310 342 3350 mus
400 3300 479 3352 usi
537 3301 824 3358 admodum
874 3304 941 3359 ii.
970 3304 1030 3359 P.
1056 3306 1118 3361 D.
1153 3307 1393 3376 Patertii,
1427 3309 1739 3365 monasterii
1765 3309 1936 3365 sancti
1965 3307 2218 3365 Germani
2249 3325 2278 3364 a
2307 3310 2482 3365 Pratis
2507 3310 2924 3377 hihliothecarii,
2957 3312 3002 3366 is
3033 3312 3309 3378 reSpondit
3341 3313 3488 3367 hisce

236 3390 404 3444 verbis
436 3409 448 3442 :
487 3391 662 3458 Quant
689 3395 722 3446 ὰ
746 3393 800 3447 la
827 3413 1102 3466 promesse,
1141 3416 1239 3467 que
1259 3401 1318 3470 ﬁt
1338 3400 1376 3452 il
1406 3418 1438 3472 ῃ
1459 3419 1490 3455 a
1509 3403 1624 3472 plus
1651 3403 1774 3458 d’un
1803 3403 1956 3458 siécle
1977 3403 2024 3458 le
2058 3401 2124 3458 P.
2157 3403 2343 3472 Labbe,
2376 3407 2438 3460 de
2460 3405 2655 3460 donner
2684 3423 2782 3460 une
2808 3404 3021 3460 Edition
3041 3406 3105 3460 de
3131 3406 3408 3474 Fortunas,
3432 3411 3490 3480 je

236 3498 294 3536 ne
330 3486 541 3538 connois
589 3503 760 3541 aucun
809 3492 992 3560 vestige
1019 3496 1082 3546 de
1103 3509 1196 3547 son
1227 3494 1430 3548 travait.
1463 3492 1579 3566 J'ay
1614 3495 1691 3550 eté
1720 3497 1946 3566 pendant
1974 3497 2109 3550 deus:
2138 3512 2230 3549 ans
2276 3497 2322 3550 le
2353 3496 2674 3564 Depositaire
2701 3499 2790 3552 des
2818 3499 3122 3552 manuscrits
3153 3499 3241 3553 des
3291 3499 3324 3552 5
3353 3499 3494 3554 Mai-

239 3593 349 3632 sons
374 3579 462 3632 des
500 3579 726 3636 Jésuites
753 3584 816 3636 de
849 3583 1000 3639 Paris
1022 3586 1127 3640 lors
1158 3589 1221 3642 de
1251 3588 1363 3642 leur
1394 3591 1708 3644 destruction
1737 3599 1782 3643 et
1811 3590 1874 3643 de
1904 3589 1954 3643 la
1981 3601 2124 3645 vente
2154 3591 2216 3644 de
2245 3591 2381 3644 Ieurs
2413 3590 2550 3645 biens
2579 3601 2625 3644 et
2652 3590 2798 3658 elfets
2843 3593 3122 3656 mobiliers,
3157 3609 3218 3647 en
3247 3592 3405 3657 I762,
3447 3601 3495 3648 et

240 3672 284 3740 je
317 3671 397 3738 n‘g
425 3687 490 3740 ay
521 3672 633 3726 rien
669 3675 851 3815 (ratio:5
871 3676 1090 3731 d'aucuu
1122 3678 1214 3732 des
1240 3686 1456 3734 travaux
1481 3681 1755 3734 litteraires
1785 3680 1854 3734 du
1889 3679 1958 3735 P.
1996 3679 2185 3736 Labbe.
2215 3681 2282 3736 Jé
2325 3699 2386 3737 ne
2417 3685 2550 3749 scais
2579 3699 2646 3738 ou
2675 3693 2790 3738 tous
2812 3683 2886 3739 les
2908 3687 3114 3752 paaiers
3140 3696 3328 3742 auront
3345 3687 3500 3750 passi

241 3775 379 3815 aures
405 3777 465 3813 sa
492 3772 624 3815 mort
653 3779 715 3815 en
748 3763 813 3815 16
855 3763 909 3815 7.

241 3775 379 3823 aps-es
405 3777 465 3813 sa
492 3772 624 3816 mort
653 3779 715 3816 en
748 3763 909 3819 1667.

307 3882 481 3950 Atque
533 3882 648 3937 haec
692 3882 761 3938 de
790 3883 1008 3953 scriptis
1061 3884 1340 3940 Fortunati
1388 3901 1508 3956 quae
1536 3887 1732 3941 amissa
1759 3886 1882 3956 jure
1908 3885 2207 3956 meritoque
2238 3886 2677 3956 conquerendum
2704 3896 2807 3942 est.
2836 3885 2989 3955 Quod
3011 3901 3137 3942 vero
3156 3886 3224 3941 ad
3247 3887 3488 3955 ejusdem

243 3973 561 4040 doctrinam,
612 3984 668 4029 et
707 3975 998 4046 ingenium,
1051 3989 1105 4033 et
1133 3979 1185 4033 in
1215 3978 1502 4036 scribendo
1529 3979 1861 4046 facultatem,
1896 3979 2107 4044 attinet,
2140 3993 2247 4032 non
2277 3979 2495 4034 omnino
2525 3978 2734 4034 videtur
2769 3980 2870 4034 hoc
2900 3979 3018 4034 loco
3045 3981 3496 4050 praetereundum,

248 4069 363 4124 licet
393 4067 530 4122 alias
575 4078 823 4123 occurret
850 4070 1072 4124 mentio.
1105 4071 1239 4125 Cum
1274 4072 1452 4139 itaque
1482 4070 1795 4139 theologicis
1816 4071 1868 4126 in
1900 4070 2060 4126 rebus
2082 4077 2204 4138 apte
2234 4069 2478 4124 eruditus
2505 4081 2560 4126 et
2586 4070 2777 4125 doctus
2807 4071 3015 4126 videtur
3044 4073 3206 4142 (quod
3237 4073 3288 4126 in
3315 4073 3498 4138 primis

249 4160 523 4229 Expositio
545 4159 788 4230 ejusdem
816 4160 869 4215 in
893 4161 1202 4217 Orationem
1235 4161 1570 4217 Dominicam
1600 4161 1880 4230 declarat),
1909 4170 2018 4214 tum
2045 4157 2353 4214 Graecorum
2383 4167 2440 4214 et
2460 4158 2770 4214 Latinorum
2801 4174 3099 4228 poetarum,
3134 4161 3250 4216 sive
3278 4162 3502 4218 aliorum

248 4252 592 4318 scriptorum,
651 4252 704 4306 in
756 4253 988 4308 lectione
1033 4255 1278 4323 apprime
1306 4263 1548 4308 versatus
1577 4251 1742 4307 fuisse
1767 4251 2089 4315 ostenditur,
2122 4251 2212 4320 qui
2246 4249 2558 4312 Homerum,
2586 4251 2960 4315 Menandrum,
2988 4251 3233 4315 Aratum,
3262 4251 3502 4320 Sappho,

249 4345 577 4413 Pyndarum,
607 4345 843 4414 itemque
870 4345 1150 4411 Catonem,
1186 4345 1565 4416 Pythagoram,
1597 4343 1974 4415 Chrysippum,
2000 4343 2302 4408 Platonem,
2331 4340 2685 4409 Cleanthem;
2717 4359 2784 4398 ex
2814 4343 3017 4398 Latinis
3048 4359 3176 4399 vero
3201 4345 3504 4416 Virgilium,

257 4423 555 4507 Horatium,
582 4439 853 4505 Ovidium,
888 4439 1142 4504 Tullium,
1174 4440 1302 4494 citet
1325 4437 1658 4504 nominatim,
1684 4444 1737 4491 et
1758 4437 2082 4491 celebriores
2111 4436 2248 4490 inter
2281 4435 2498 4490 Latinos
2531 4435 2854 4506 Graecosque
2880 4435 3065 4492 Patres
3094 4448 3506 4503 commemoret,

251 4550 476 4603 quorum
509 4533 749 4587 omnium
781 4531 1070 4588 identidem
1098 4532 1334 4600 leporem
1369 4545 1430 4584 ac
1454 4529 1754 4584 doctrinam
1786 4529 1839 4581 in
1862 4527 2147 4584 scribendo
2176 4537 2394 4582 secutus
2415 4540 2534 4581 esse
2555 4535 2610 4580 et
2630 4531 2961 4594 expressisse
2986 4526 3188 4590 aliquid
3221 4527 3511 4596 deprehen-

252 4630 411 4684 ditur.
443 4628 582 4682 lllud
611 4636 790 4681 autem
820 4624 1043 4680 oﬂendit
1072 4624 1385 4689 nonnullos,
1414 4621 1554 4690 quod
1580 4622 1839 4676 falsorum
1874 4621 2176 4684 numinum,
2209 4634 2326 4688 qua:
2359 4632 2503 4672 czeca
2521 4617 2789 4685 quondam
2817 4616 3106 4685 antiquitas
3129 4619 3504 4685 venerabatur,

255 4721 470 4778 nomina
491 4735 599 4774 non
628 4717 888 4774 dubitarit
917 4715 1200 4786 aliquando
1231 4729 1508 4783 usurpare.
1540 4715 1618 4768 Ac
1644 4713 1752 4782 jam
1783 4715 1922 4769 inter
1950 4720 2150 4768 caetera
2178 4711 2420 4782 ejusdem
2449 4710 2684 4764 carmina
2719 4709 2926 4778 insigne
2954 4721 3038 4766 est
3063 4709 3113 4764 id
3145 4712 3359 4779 generis
3384 4712 3514 4767 illud

256 4813 390 4884 quod
450 4819 629 4867 exstat
687 4808 782 4864 lib.
839 4824 908 4874 vi,
956 4823 1074 4876 cap.
1131 4807 1188 4874 2,
1221 4806 1275 4861 in
1298 4823 1402 4876 quo
1434 4807 1599 4872 idem,
1628 4821 1828 4860 canens
1856 4804 2256 4876 epithalamium
2283 4801 2533 4872 Sigiberti
2563 4802 2854 4858 Austrasize
2876 4804 3041 4874 regis,
3070 4811 3126 4858 et
3157 4804 3518 4860 Brunichildis

259 4910 481 4980 nuptiis,
511 4904 828 4975 Cupidinem
855 4919 919 4959 ac
941 4902 1229 4970 Venerem,
1259 4903 1469 4972 poetico
1492 4917 1642 4957 more
1665 4945 1681 4969 ,
1715 4901 1947 4967 inducit,
1978 4901 2220 4970 proprias
2253 4897 2528 4965 utriusque
2560 4896 2745 4951 laudes
2771 4896 3126 4952 celebrantes.
3155 4897 3348 4953 Verum
3369 4911 3424 4954 et
3454 4916 3519 4955 eo

259 5016 504 5073 tempore
549 5000 825 5056 scribebat
870 4999 1194 5054 Fortunatus
1240 5013 1348 5064 quo
1388 4997 1562 5052 minus
1603 5005 1717 5050 erat
1750 4996 1968 5066 periculi
1995 5011 2061 5049 ne
2092 4991 2339 5047 homines
2359 4991 2581 5046 deorum
2613 4991 2874 5062 ejusmodi
2907 5007 3092 5048 errore
3120 4992 3519 5062 deciperentur,

267 5100 463 5169 ubique
498 5091 790 5147 Galliarum
832 5087 1135 5143 Christiana
1167 5087 1446 5157 religione,
1475 5087 1730 5156 piissimis
1768 5089 2063 5156 principum
2094 5084 2236 5140 curis
2262 5099 2327 5139 ac
2355 5083 2652 5153 diligentia,
2683 5084 3059 5155 clarorumque
3087 5087 3397 5156 pontiﬁcum
3429 5089 3523 5143 do.

271 5193 433 5246 ctrina
451 5197 509 5244 et
530 5184 838 5247 virtutibus,
858 5181 1112 5246 ﬂorente;
1137 5188 1191 5235 et
1207 5179 1423 5234 minime
1447 5179 1636 5233 mirum
1654 5193 1774 5232 esse
1799 5177 1957 5234 debet
1982 5176 2330 5231 Fortunatum
2348 5176 2617 5240 eumdem,
2638 5176 2813 5230 adhuc
2836 5176 3112 5246 juvenem,
3137 5192 3198 5232 ea
3221 5181 3517 5246 praesertim

274 5287 321 5340 in
339 5304 395 5342 re
423 5298 548 5355 qua:
570 5280 812 5336 festivius
839 5277 1098 5332 orationis
1127 5291 1296 5346 genus
1315 5275 1582 5344 postulare
1602 5273 1900 5341 videbatur,
1932 5273 2090 5343 paulo
2114 5273 2335 5328 liberius
2358 5273 2515 5343 genio
2539 5271 2847 5339 indulsisse,
2873 5281 2928 5329 et
2957 5274 3255 5329 ornamenti
3285 5287 3348 5326 ac
3375 5271 3524 5340 lepo-

278 5382 348 5435 ris
372 5393 538 5434 causa
564 5375 860 5439 induxisse,
891 5373 1017 5426 olim
1045 5370 1272 5426 ethnicis
1314 5369 1486 5440 poetis
1512 5367 1817 5434 familiaria,
1840 5367 2061 5423 deorum
2091 5366 2357 5436 colloquia
2383 5385 2396 5432 ;
2423 5365 2514 5436 qui
2545 5367 2802 5421 maturior
2820 5375 2974 5422 astate
3003 5377 3053 5423 et
3085 5365 3309 5421 consilio
3329 5363 3522 5432 factus,

281 5487 378 5526 non
426 5469 593 5526 modo
648 5483 678 5522 a
726 5466 875 5536 nugis
926 5464 1030 5519 illis
1062 5463 1400 5527 abstinuerit,
1425 5461 1519 5516 sed
1551 5461 1709 5515 etiam
1742 5459 2073 5526 gravioribus
2094 5457 2283 5512 studiis
2312 5457 2575 5511 dediderit
2598 5471 2719 5513 sese
2747 5458 2980 5526 penitus,
3011 5471 3073 5511 ac
3096 5469 3282 5512 versus
3311 5457 3526 5512 nonnisi

280 5577 420 5630 raro,
452 5572 511 5620 et
531 5562 600 5616 ab
633 5558 824 5614 amicis
854 5557 1131 5610 laceSsitus
1162 5555 1239 5624 (ut
1267 5553 1380 5621 ipse
1403 5552 1469 5606 de
1496 5567 1555 5608 se
1589 5549 1869 5622 proﬁtetur
1901 5549 1992 5604 lib.
2026 5565 2086 5618 li,
2113 5563 2231 5617 cap.
2270 5548 2377 5616 15),
2403 5547 2805 5615 conscripserit.

351 5677 495 5732 Idem
527 5688 635 5729 non
667 5670 933 5738 vulgarem
961 5665 1197 5720 historiae
1225 5673 1280 5719 et
1299 5663 1631 5733 geographia:
1661 5661 1936 5717 scientiam
1966 5676 2073 5729 pra:
2094 5675 2154 5716 se
2179 5660 2302 5725 fert,
2336 5675 2438 5714 non
2464 5659 2636 5715 solum
2661 5659 2802 5729 quod
2830 5666 3032 5728 spectat
3061 5657 3126 5710 ad
3156 5672 3247 5711 eas
3277 5657 3525 5728 regiones

287 5786 409 5840 quas
435 5770 554 5825 inse
582 5761 908 5836 peragravit,
941 5772 1179 5827 quasque
1203 5771 1437 5826 praesens
1463 5767 1788 5824 cognoscere
1817 5752 2008 5821 potuit,
2032 5751 2127 5806 sed
2155 5751 2318 5805 etiam
2347 5750 2522 5819 quoad
2551 5751 2670 5804 illas
2699 5763 2830 5818 quas
2860 5749 2972 5815 ipse
2991 5747 3201 5840 adierat
3227 5761 3525 5840 nunquam,

294 5838 348 5918 έιι
372 5855 669 5930 Hispaniae,
688 5853 958 5927 totiusque
980 5845 1234 5904 Orientis.
1261 5847 1394 5904 Hinc
1417 5854 1495 5902 tot
1516 5845 1792 5901 ﬂuminum
1817 5843 2208 5916 descriptiones
2225 5857 2288 5898 ac
2309 5842 2582 5898 civitatum
2609 5841 2822 5898 nomina
2848 5850 2901 5895 et
2925 5840 3160 5914 gentium
3184 5838 3534 5901 barbararum
