4020 6346
480 347 547 407 19
1016 344 1526 405 PROLEGOMENA
1566 346 1658 400 AD
1701 341 2028 400 VENANTII
2064 342 2067 396 Ξ

2167 341 2225 399 Ν.
2266 340 2474 398 CLEM.
2517 338 2916 397 FORTUNATI
2954 335 3210 396 OPERA.
3683 323 3754 385 20

480 476 639 520 sedes
667 476 860 532 resque
887 468 1075 532 gesta,
1100 472 1156 518 et
1179 462 1229 517 id
1260 476 1426 533 genus
1452 461 1579 525 alia,
1602 471 1725 528 quas
1752 455 2087 512 eumdem’ut
2114 457 2167 512 in
2191 455 2437 524 historia,
2468 456 2543 512 ita
2564 462 2618 511 et
2648 454 2701 510 in
2721 451 3078 526 geographia,
3098 464 3205 507 non
3231 446 3393 505 modo
3418 461 3526 503 non
3547 442 3758 502 rudem.

478 548 578 609 sed
606 550 766 608 etiam
796 552 1013 607 doctum
1044 552 1212 609 fuisse
1241 564 1293 609 et
1313 553 1578 607 eruditum
1608 550 1918 606 ostendunt.

552 642 690 713 Quid
737 661 867 701 vero
909 646 976 703 de
1026 646 1260 717 physicis
1289 644 1480 699 studiis
1508 644 1722 700 dicam?
1758 644 1810 698 in
1834 642 2029 713 quibus
2059 642 2233 712 ipsum
2260 656 2366 696 non
2398 640 2748 696 mediocriter
2789 638 3138 694 exercitatum
3171 635 3339 691 fuisse
3368 641 3424 687 et
3446 642 3554 686 tam
3585 628 3749 684 varia

481 723 797 804 herbarum,
846 740 1124 805 arborum,
1175 739 1434 808 lapidum,
1476 752 1832 808 gemmarum,
1862 745 2190 803 aruinatum,
2232 735 2467 804 produnt
2496 735 2707 803 species
2737 747 2802 788 ac
2832 733 3071 795 nomina,
3106 730 3300 799 quibus
3328 724 3522 781 crebro
3553 722 3762 808 utitur;

481 824 535 879 ét
567 825 633 881 ab
665 826 782 899 ipso
804 828 1138 896 investigata:
1163 806 1509 897 quaesitisque
1538 827 1828 882 identidem
1854 841 2034 881 rerum
2064 826 2392 880 naturalium
2422 839 2622 889 canere,
2654 823 3110 895 quemadmodum
3140 822 3221 892 (ut
3249 820 3352 874 alia
3376 826 3582 871 taceam
3610 806 3754 881 loca)

482 904 577 971 lib.
630 932 681 972 tv
714 917 848 972 Vitae
874 920 1043 972 sancti
1077 919 1315 986 Martini,
1356 934 1572 975 causam
1602 920 1899 988 inquirens,
1934 931 2211 988 poetarum
2244 935 2413 982 mure,
2446 935 2549 989 qua
2575 920 2783 973 ratione
2812 917 3091 977 Martinus.
3119 915 3253 971 ο‹τιιει
3284 912 3545 977 inclusus,
3578 920 3765 963 mona-

480 1009 641 1065 chum
670 1011 736 1065 ad
762 1010 962 1078 fucum,
986 1012 1184 1067 nudato
1214 1010 1449 1082 inguine,
1478 1012 1757 1067 sedentem
1781 1015 2097 1082 conspicere
2123 1022 2177 1070 et
2197 1014 2485 1083 objurgare
2511 1013 2771 1082 potuerit,
2804 1011 2922 1067 haec
2950 1010 3160 1081 profert
3196 1027 3209 1061 :

607 1118 729 1185 Quid
753 1118 841 1171 fuit
862 1121 994 1172 hoc?
1027 1124 1156 1173 docti
1186 1138 1272 1173 vos
1294 1125 1465 1182 dicite,
1486 1137 1674 1185 quaeso,
1698 1124 1947 1185 sophista
2300 1122 2361 1173 Et
2384 1124 2521 1174 stetit
2544 1125 2814 1181 incolumis,
2838 1122 3007 1183 rapido
3029 1133 3296 1184 suSpensus
3314 1120 3365 1169 in
3392 1117 3489 1166 ictu
3510 1131 3524 1175 ;

608 1184 802 1252 Ilartinl
829 1192 942 1252 ante
962 1189 1128 1252 oculos
1153 1188 1338 1249 paries,
1364 1181 1674 1252 qua’si'lintea
1704 1181 1822 1250 luci,
2298 1186 2489 1252 ISobilis
2514 1194 2599 1236 aut
2620 1189 2755 1235 aries
2775 1181 3022 1235 Ot'ttktmm
3049 1193 3101 1252 et
3118 1181 3359 1252 ’πωνιειοη
3385 1181 3582 1252 ῐτὲτιξίῐν

606 1246 855 1311 gutqutsi
883 1248 961 1295 lilo
984 1242 1389 1311 ιιςὶιθθέοιιῐρέήί
1403 1262 1581 1297 aranea
1602 1249 1747 1308 telas,
1807 1242 1821 1250 ⁷
2301 1248 2483 1298 Clarinr
2503 1264 2557 1298 ac
2582 1252 2711 1297 visus
2737 1263 2823 1310 per
2844 1255 3015 1297 Cttttt‘ltt
3040 1246 3288 1294 obstacula
3314 1242 3508 1311 pergit?

603 1300 748 1374 Belia
776 1309 849 1374 vel
876 1300 1129 1371 neiisupt'r
1156 1325 1260 1358 rara
1283 1312 1308 1358 l‘.
1332 1314 1515 1360 nmina
1543 1311 1673 1359 lilis?
1736 1300 1767 1374 ’μ
1847 1373 1855 1374 7
2304 1312 2555 1371 Pennigrr
2580 1326 2638 1358 an
2662 1300 2814 1360 (διειῧεί
2839 1310 3055 1358 νιιιὶῐθνίι
3078 1311 3135 1355 ad
3163 1322 3243 1374 ora
3279 1300 3521 1374 niinis‘tv-I‘.

609 1367 749 1434 {lude
775 1371 852 1419 hic
873 1379 967 1419 tam
992 1363 1155 1421 tennis
1178 1382 1421 1421 structura
1445 1376 1645 1433 patescit
1671 1371 1865 1423 hiulca?
2303 1376 2373 1424 Ac
2398 1363 2729 1434 poi-opertum
2750 1374 2996 1434 aperit,et
3018 1374 3065 1419 iu
3096 1373 3219 1419 int-iu
3249 1371 3446 1434 nuntius
3469 1363 3649 1434 intrat?

605 1430 684 1497 4n
704 1446 760 1497 se
779 1446 897 1482 saxa
919 1436 1095 1497 lt’vttlll,
1123 1448 1176 1483 ac
1193 1436 1402 1485 reddunt
1429 1427 1576 1482 scissa
1598 1434 1886 1497 fenestram,
2303 1438 2375 1485 An
2398 1427 2513 1497 quia
2540 1427 2703 1483 lumen
2726 1427 2848 1492 erat,
2876 1427 3029 1483 totum
3056 1435 3170 1482 forts
3195 1434 3326 1497 intus
3346 1427 3591 1497 habebat?

608 1490 710 1560 Seu
733 1495 839 1543 duri
867 1496 1049 1554 lapides
1074 1496 1207 1560 lento
1229 1510 1285 1545 se
1306 1497 1494 1555 glutine
1518 1496 1749 1546 solvunt?
1874 1490 1884 1496 ⁷
2310 1490 2469 1548 Carne
2492 1498 2702 1560 sedente.
2729 1490 2852 1556 loco,
2883 1496 3020 1544 \elux
3048 1508 3106 1560 an
3132 1496 3331 1560 spiritus
3363 1490 3508 1560 ibat?

502 1566 509 1573 '
603 1555 679 1621 At)
703 1568 808 1605 casa
834 1552 1055 1606 materia;
1075 1559 1231 1621 titreo
1252 1552 1318 1607 se
1331 1560 1552 1620 margine
1578 1560 1777 1619 pandit?
2312 1552 3254 1621 Pandite,dortilomii,comprelieznltte
3276 1552 3436 1621 clausa
3465 1552 3654 1611 diserti,

614 1619 689 1682 ᾼη
706 1621 974 1682 speculare
993 1620 1147 1680 dedit,
1171 1634 1267 1680 quo
1286 1618 1479 1670 sanctus
1500 1618 1686 1670 lumine
1705 1622 1911 1672 transit?
2312 1622 2402 1681 Qui
2430 1618 2667 1681 numeris,
2693 1618 2884 1682 utentis,
2910 1622 3098 1669 ratione
3124 1618 3345 1679 potestis,
3374 1622 3425 1665 et
3448 1627 3555 1663 ore.

609 1679 685 1729 An
706 1680 861 1730 levior
884 1684 1046 1743 paries
1069 1679 1291 1734 revoluto
1313 1684 1462 1733 cessit
1482 1685 1530 1733 in
1550 1696 1685 1744 arcu,

562 1782 818 1847 Quamvis
861 1794 1042 1842 autem
1093 1802 1181 1854 eo,
1216 1803 1322 1858 quo
1350 1788 1480 1854 dixi,
1509 1790 1726 1859 ingenio
1754 1806 1817 1849 ac
1836 1791 2084 1848 doctrina
2121 1794 2268 1849 esset
2297 1790 2645 1855 Fortunatus,
2675 1788 2896 1844 minime
2921 1795 3101 1843 tamen
3130 1785 3260 1841 illud
3294 1780 3638 1838 inliciaudum
3662 1784 3766 1845 est,

493 1872 743 1929 eumdem
800 1877 940 1930 vitiis
971 1876 1239 1934 interdum
1284 1882 1558 1936 nonnullis
1587 1883 1639 1936 in
1670 1885 1957 1940 scribendo
1988 1885 2282 1941 laborasse.
2317 1886 2473 1954 Nam,
2506 1894 2563 1938 ut
2593 1884 2846 1939 barbaras
2875 1882 3121 1937 omittam
3151 1890 3202 1936 et
3234 1880 3318 1934 vix
3351 1878 3567 1932 Latinas
3605 1888 3770 1930 voces

486 1964 680 2035 quibus
704 1968 872 2023 utitur
913 1971 1206 2040 aliquando
1244 1973 1496 2042 (quarum
1526 1975 1812 2032 elenchum
1848 1979 2136 2033 Browertts
2165 1975 2357 2043 texuit,
2387 1976 2453 2029 ad
2481 1985 2786 2031 extremum
2808 1990 2836 2028 a
2858 1975 3017 2029 nobis
3042 1972 3166 2028 huic
3192 1970 3427 2025 Editioni
3450 1978 3650 2022 nostra:
3677 1965 3763 2020 ad-

484 2050 826 2128 jiciendum),
858 2058 999 2115 idem
1030 2063 1293 2118 obscurus
1329 2080 1564 2136 perszepe
1591 2078 1640 2122 et
1667 2069 1937 2138 implexus
1967 2080 2071 2138 est,
2105 2085 2167 2125 ac
2197 2069 2431 2125 maxime
2459 2085 2578 2123 cum
2608 2070 2777 2122 sulttta
2810 2068 3001 2121 scribit
3030 2068 3297 2132 oratione,
3330 2063 3514 2119 saeculi
3537 2061 3619 2117 sui
3646 2059 3773 2114 vitia

493 2154 680 2220 refert,
731 2157 916 2226 longas
975 2160 1178 2216 ducens
1229 2163 1498 2232 periodos,
1532 2166 1753 2222 minime
1785 2168 2038 2231 naturali,
2074 2166 2168 2222 sed
2198 2166 2358 2220 nimis
2389 2165 2678 2219 artilicioso
2705 2163 2909 2217 ambitu
2937 2171 2992 2218 et
3014 2169 3229 2226 ornatu,
3255 2160 3344 2230 qui
3375 2167 3519 2213 totus
3542 2156 3593 2211 in
3624 2155 3766 2209 luxu-

495 2245 640 2303 riosa
689 2263 751 2303 ac
777 2251 1114 2307 redundante
1147 2254 1433 2311 verborum
1463 2259 1638 2329 copia,
1664 2258 1729 2313 ad
1757 2260 2126 2329 grandiloqutn
2148 2258 2466 2326 eloquentia:
2490 2257 2725 2326 speciem
2752 2270 3123 2310 connexorum
3162 2267 3223 2307 ac
3252 2251 3519 2307 interdum
3553 2246 3765 2319 syllaba

497 2348 614 2394 rum
649 2341 915 2409 parilitate
944 2343 1047 2399 sibi
1073 2348 1510 2416 respondentium
1553 2351 1829 2416 consistit;
1862 2351 2007 2406 unde
2034 2359 2092 2404 et
2123 2350 2423 2404 obscuritas
2448 2350 2682 2418 gignitur
2709 2347 2961 2414 orationi,
2995 2355 3050 2401 et
3079 2345 3131 2399 in
3161 2343 3349 2399 eadem
3374 2341 3612 2397 ornanda
3646 2338 3753 2394 deli

494 2429 791 2485 notioribus
848 2431 1068 2488 auribus
1116 2433 1338 2492 minime
1386 2436 1601 2493 l‘erenda
1644 2439 1929 2495 curiositas
1960 2454 2023 2494 ac
2051 2439 2328 2493 sedulitas.
2377 2439 2480 2493 Sed
2509 2437 2619 2508 jam
2646 2437 2768 2503 hoc,
2794 2445 2853 2491 ut
2880 2437 3014 2502 dixi,
3048 2451 3335 2491 commune
3360 2434 3470 2490 fere
3492 2434 3680 2487 vitium
3703 2432 3782 2485 est

497 2527 800 2589 temporum
836 2523 1070 2594 illorum,
1117 2534 1176 2581 ut
1218 2541 1286 2584 ex
1324 2527 1552 2585 aliorum
1582 2531 1797 2601 scriptis
1822 2523 1908 2601 qui
1932 2532 2121 2587 eadem
2149 2545 2250 2601 qua
2276 2529 2602 2584 Fortunatus
2631 2538 2790 2584 mtatc
2814 2529 3115 2584 ﬂoruerunt
3144 2527 3378 2598 perspici
3411 2532 3605 2596 potest.
3639 2523 3785 2577 Idem

497 2616 677 2669 tamen
702 2614 755 2669 in
779 2614 1210 2687 expositionibus
1233 2635 1367 2689 quas
1387 2618 1600 2692 scripsit
1626 2624 1677 2676 in
1706 2623 2019 2694 Symbolum
2042 2633 2099 2680 et
2130 2624 2442 2678 Orationem
2475 2623 2807 2679 Dominicam
2835 2624 2990 2694 (quas
3014 2624 3081 2689 is,
3102 2622 3213 2693 jam
3239 2631 3453 2677 creatus
3475 2622 3785 2690 episcopus,

495 2712 754 2766 recitasse
802 2709 866 2765 ad
912 2713 1164 2782 populum
1211 2714 1470 2789 videtur),
1514 2717 1725 2787 planior
1750 2733 1814 2775 ac
1850 2719 2057 2775 facilior
2083 2730 2193 2786 est;
2248 2722 2486 2792 itemque
2512 2721 2565 2776 in
2592 2721 2727 2775 Vitis
2762 2731 3073 2776 sanctorum
3107 2734 3211 2775 non
3243 2720 3385 2775 idem
3416 2717 3705 2773 artiﬁcium
3736 2723 3788 2771 et

497 2799 866 2857 curiositatem
899 2802 955 2858 in
985 2804 1215 2859 texenda
1246 2808 1490 2862 oratione
1522 2802 1775 2865 affectare
1800 2812 2101 2880 consuevit,
2129 2827 2290 2884 quam
2320 2813 2371 2867 in
2400 2813 2663 2883 epistolis,
2678 2813 2823 2871 forte
2842 2829 3027 2871 eorum
3051 2813 3228 2885 gustui
3255 2813 3532 2883 indulgens
3554 2809 3623 2867 ad
3647 2824 3781 2882 quos

494 2893 791 2962 scribebat,
822 2897 1064 2955 studiose
1087 2899 1348 2958 adhibere
1378 2902 1823 2973 deprehenditur.

573 2986 697 3044 Suis
715 3001 847 3045 vero
877 2991 928 3045 in
958 2993 1286 3049 carminibus
1315 2994 1456 3049 idem
1489 2997 1651 3051 modo
1684 2998 1883 3054 cultior
1912 3006 1968 3054 et
1995 2999 2296 3069 elegantior
2323 3013 2482 3062 quam
2514 3006 2574 3053 ut
2597 3008 2727 3055 aetas
2754 2999 2808 3053 in
2859 3014 3017 3067 quam
3048 2997 3311 3053 inciderat
3340 2995 3484 3052 ferre
3512 2994 3791 3067 videatur,

498 3080 663 3136 modo
708 3083 972 3152 agrestior
1017 3094 1071 3141 et
1125 3085 1449 3154 incomptior
1492 3097 1606 3153 est;
1652 3089 1796 3158 quod
1842 3090 2075 3144 maxime
2126 3092 2179 3143 in
2218 3089 2284 3143 iis
2313 3088 2578 3145 accidisse
2603 3090 2933 3146 carminibus
2963 3090 3251 3146 dicendum
3283 3098 3365 3146 est
3394 3104 3515 3160 quae
3543 3098 3635 3143 aut
3665 3087 3791 3142 aliis

500 3171 767 3230 distentus
790 3175 1019 3246 negotiis
1049 3177 1128 3249 (ut
1155 3178 1208 3234 in
1234 3176 1476 3248 ejusdem
1502 3176 1624 3233 Vita
1657 3182 1888 3254 dicetur)
1920 3198 2088 3252 pr0pe
2113 3181 2251 3237 l'udit
2274 3198 2342 3237 ex
2366 3191 2628 3252 tempore,
2658 3192 2754 3238 aut
2780 3199 2900 3254 quae
2927 3186 3219 3241 oscitanter
3256 3185 3501 3240 scribens
3531 3183 3596 3237 ad
3632 3181 3791 3237 lami-

498 3266 847 3338 liarlssimos,
902 3271 979 3327 uti
1008 3269 1331 3343 Gregorium
1362 3270 1754 3345 Turonensem,
1791 3278 2062 3347 perpolire
2103 3278 2357 3348 neglexit.
2386 3277 2651 3333 Caeterum
2676 3279 2728 3334 in
2752 3278 2976 3349 singulis
3007 3278 3143 3333 mira
3174 3276 3419 3347 ejusdem
3443 3277 3497 3331 in
3532 3276 3682 3347 poesi
3712 3272 3793 3331 fa-

501 3359 678 3416 cultas
725 3371 887 3433 atque
932 3363 1163 3420 facilitas
1182 3364 1506 3434 ostenditur,
1536 3382 1601 3423 ac
1626 3376 1754 3423 tunc
1774 3369 2007 3424 maxime
2034 3384 2157 3425 cum
2181 3369 2416 3440 regionis
2440 3370 2691 3439 alicujus,
2724 3381 2815 3425 aut
2838 3371 2976 3443 agri,
3007 3379 3100 3425 aut
3126 3369 3383 3438 ﬂuminis,
3412 3370 3573 3422 situm
3598 3383 3661 3423 ac
3692 3381 3789 3422 na-

501 3460 675 3508 turam
724 3452 1003 3521 describit,
1048 3468 1209 3524 quam
1253 3454 1563 3527 ingeniosus
1622 3460 1758 3527 ipse,
1816 3467 1873 3515 et
1921 3461 2172 3531 elegans,
2227 3461 2565 3531 festivusque
2605 3464 2718 3522 est!
2753 3472 2810 3517 ut
2832 3476 2979 3533 stepe
3009 3461 3061 3517 in
3102 3461 3348 3532 ejusdem
3382 3459 3711 3516 carminibus
3743 3465 3795 3513 et

500 3545 786 3617 descriptos
831 3548 1099 3601 vinearum
1144 3549 1374 3615 ordines,
1407 3559 1462 3606 et
1491 3562 1757 3607 vernantes
1804 3553 2018 3620 ﬂoribus
2037 3569 2267 3626 campos,
2310 3564 2365 3609 et
2388 3555 2719 3623 ﬂavescentes
2746 3554 2927 3608 aristis
2950 3562 3162 3623 segetes,
3196 3562 3251 3608 et
3276 3555 3585 3623 ﬂuctuantes
3614 3549 3798 3605 herbas

499 3635 681 3707 c(nnis,
712 3650 769 3695 et
795 3641 1030 3709 perennis
1058 3654 1209 3711 aqua
1236 3643 1425 3713 fontes,
1451 3660 1556 3699 non
1585 3647 1756 3701 solum
1785 3646 1990 3718 legere,
2022 3646 2118 3701 sed
2149 3647 2311 3701 etiam
2334 3644 2506 3701 oculis
2536 3660 2763 3702 cernere
2786 3644 3038 3701 videaris.
3060 3646 3214 3713 Quod
3236 3646 3282 3698 si
3314 3644 3384 3711 is,
3409 3653 3542 3700 mstu
3573 3643 3797 3713 ingenii,

501 3742 599 3787 seu
620 3732 800 3802 potius
829 3744 1014 3788 rerum
1041 3744 1176 3805 quas
1211 3735 1451 3789 carmine
1481 3735 1875 3804 complectitur,
1918 3736 2202 3806 majestate
2227 3737 2504 3806 abreptus,
2535 3739 2744 3793 numeri
2778 3737 3064 3807 aliquando
3092 3745 3148 3793 et
3175 3738 3543 3792 communium
3573 3750 3800 3803 poeseos

502 3822 684 3894 legum
733 3822 1089 3893 obliviscitur,
1123 3824 1225 3879 hoc
1253 3824 1330 3880 illi
1362 3826 1446 3881 vel
1468 3842 1591 3882 cum
1619 3829 1830 3883 caeteris
1858 3824 1972 3882 fere
2000 3826 2321 3883 Christianis
2353 3830 2523 3897 poetis
2546 3845 2833 3885 commune
2851 3841 2959 3895 est,
2991 3831 3307 3895 utAratori,
3338 3840 3395 3884 ut
3422 3829 3669 3895 Sedulie,
3698 3828 3794 3899 qui

506 3913 673 3971 rebus
713 3917 905 3989 magis,
960 3925 1016 3971 et
1043 3926 1229 3973 eorum
1258 3915 1503 3987 dignitati
1532 3918 1595 3973 de
1626 3918 1817 3990 quibus
1846 3919 2103 3990 agebant,
2127 3935 2289 3991 quam
2319 3922 2581 3987 numeris,
2611 3937 2761 3978 more
2786 3932 3065 3991 poetarum
3097 3922 3460 3990 ethnicorum,
3494 3923 3598 3976 sibi
3627 3920 3803 3977 inser-

505 4005 764 4061 viendum
792 4006 1215 4062 arbitrabantur.
1249 4008 1424 4078 Atque
1465 4010 1580 4064 haec
1609 4008 1677 4066 de
1706 4009 1896 4080 Operis
1924 4011 2093 4066 nostri
2126 4014 2423 4083 proposito,
2447 4013 2618 4083 deque
2649 4015 2889 4085 scriptis,
2919 4024 2977 4071 et
3006 4016 3249 4086 ingenio,
3281 4030 3345 4070 ac
3370 4015 3636 4084 doctrina,
3665 4014 3802 4069 For-

505 4100 679 4155 tunati
700 4100 836 4154 satis
856 4099 999 4154 dicta
1022 4100 1297 4155 existimo.

583 4196 652 4252 Ut
688 4206 871 4252 autem
921 4183 1008 4251 vel
1049 4210 1237 4252 eorum
1284 4195 1614 4253 mentionem
1659 4197 1891 4269 aliquam
1935 4196 2126 4253 faciam
2161 4200 2245 4268 qui
2276 4200 2343 4255 de
2366 4200 2467 4254 hac
2500 4199 2749 4254 Editione
2781 4201 3036 4269 praeclare
3066 4201 3243 4255 meriti
3284 4208 3431 4266 sunt,
3460 4211 3513 4255 et
3537 4200 3603 4254 ad
3631 4201 3805 4268 ipsam

508 4290 872 4351 inchoandam
919 4297 1013 4344 aut
1042 4288 1426 4359 perﬁciendam
1459 4291 1577 4359 opis
1606 4300 1664 4346 et
1689 4290 1982 4361 adjumenti
2012 4292 2211 4361 aliquid
2236 4292 2541 4356 contulere,
2572 4293 2777 4360 primas
2796 4304 2946 4347 certe
2976 4292 3021 4347 is
3042 4294 3145 4348 sibi
3172 4292 3430 4359 vindicat,
3457 4308 3614 4363 quem
3644 4306 3806 4360 supe-

511 4389 623 4447 t'itts
671 4386 1115 4452 commemoravi,
1175 4384 1569 4441 illustrissimus
1620 4400 1684 4441 ac
1712 4387 2198 4442 reverendissimus
2243 4386 2494 4440 Nicolaus
2524 4387 2790 4441 Antonius
2820 4387 3135 4450 Justiniani,
3170 4386 3457 4440 Pataviuns
3490 4385 3799 4453 episcopus,

518 4479 760 4551 hujusce,
808 4479 885 4533 uti
928 4476 1183 4547 diximus,
1219 4475 1483 4532 Editionis
1511 4477 1862 4546 procuranda:
1892 4477 2076 4533 auctor
2105 4489 2158 4535 et
2197 4477 2434 4547 adjutor.
2484 4478 2613 4532 Item
2639 4477 3030 4532 illustrissimus
3074 4492 3138 4533 ac
3159 4477 3644 4534 reverendissimus
3675 4475 3809 4530 Ste-

523 4577 725 4643 phanus
767 4568 985 4641 Iurgia,
1039 4582 1207 4624 sacras
1230 4571 1662 4639 congregationis
1691 4570 1760 4625 de
1800 4571 2140 4640 l’ropaganda
2172 4571 2306 4626 Fide
2334 4587 2365 4627 a
2393 4572 2640 4638 secretis,
2669 4572 2749 4625 vir
2778 4571 3110 4629 clarissimus
3137 4584 3194 4628 et
3225 4570 3645 4635 eruditissimus,
3676 4584 3806 4625 cum

515 4680 604 4722 me
629 4679 775 4735 saepe
794 4664 931 4734 jutit
955 4663 1201 4729 consilio,
1239 4673 1350 4717 tum
1377 4663 1481 4717 duo
1508 4663 1745 4717 carmina
1776 4665 2025 4718 indicavit
2047 4680 2165 4733 qua:
2190 4666 2370 4721 Brow.
2403 4665 2637 4721 Editioni
2666 4665 2872 4731 addidi,
2902 4666 2998 4721 lib.
3028 4683 3087 4733 it,
3110 4682 3266 4737 capp.
3297 4665 3332 4719 8
3361 4675 3416 4721 et
3442 4667 3495 4721 9.
3522 4665 3811 4720 Postremo

521 4758 856 4815 clarissimus
901 4769 954 4814 et
990 4757 1333 4811 doctissimus
1365 4756 1444 4810 vir
1472 4753 1803 4813 Rambaldus
1832 4757 1897 4811 de
1939 4756 2191 4813 Azzuniis
2218 4758 2527 4828 advocatus,
2563 4759 2859 4813 Tarvisina!
2888 4759 3144 4814 Ecclesiae
3194 4759 3507 4825 canonicos,
3551 4757 3808 4827 quaedam

527 4857 874 4905 monumenta
925 4850 1055 4903 mihi
1104 4847 1496 4918 benignissime
1548 4848 1984 4916 communicavit,
2039 4851 2114 4904 uti
2145 4864 2243 4905 suo
2298 4850 2416 4905 loco
2473 4850 2846 4906 indicabimus.
2895 4849 3016 4905 Jam
3069 4864 3199 4905 vero
3226 4849 3464 4905 sodalitii
3495 4850 3665 4905 nostri
3693 4863 3814 4904 mo-

521 4943 681 4999 uacui
732 4954 886 4997 suam
933 4941 1065 4996 mihi
1115 4941 1486 5010 sedulitatem,
1528 4956 1775 5013 cperam,
1805 4942 2158 5013 diligentiam,
2189 4942 2328 4997 hanc
2351 4942 2651 4999 Editioncm
2675 4943 2984 5014 adornanti,
3018 4957 3163 5014 saepe
3188 4942 3566 5000 amantissime
3596 4942 3817 5015 praesti-

518 5044 722 5093 terunt.

542 5152 3639 5184 Mm

3652 5164 3815 5184 ~—

806 5270 1126 5382 VITA
1198 5269 1845 5381 VENANTII
1920 5272 2231 5378 HON.
2315 5196 2723 5441 CLEM.
2786 5267 3543 5381 FORTUNATI

1781 5452 2065 5507 EPISCOPI
2100 5454 2557 5508 PICTAVIENSIS.

600 5646 653 5702 l.
681 5642 975 5700 Venantius
1003 5637 1269 5696 Honorius
1296 5636 1693 5695 Clementianus
1752 5634 2115 5703 Fortunatus,
2226 5636 2384 5701 solet,
2416 5634 2662 5704 quintum
2714 5630 2935 5685 sibimet
2980 5630 3127 5685 aliud
3173 5627 3466 5685 attribuere
3492 5623 3724 5691 videtur,
3759 5634 3827 5680 ut

529 5743 816 5816 cpiscopus
844 5739 1219 5806 Pictaviensis,
1253 5739 1457 5808 origine
1481 5752 1545 5791 ac
1574 5734 1787 5791 natione
1812 5732 1973 5787 Italus
1995 5731 2115 5785 fuit.
2226 5727 2616 5784 animadvertit
2645 5725 2730 5779 vir
2752 5724 3147 5780 eruditissimus
3175 5723 3330 5816 imm.
3357 5717 3824 5816 lose-phusbimti-

539 5805 740 5895 Frieter
765 5834 878 5890 lmc
906 5842 1138 5901 quatuor
1170 5805 1409 5899 nomina,
1433 5830 1628 5901 quibus
1658 5827 1767 5885 l'ere
1790 5826 1968 5883 notior
1992 5838 2117 5882 esse
2227 5822 2282 5877 in
2328 5821 2508 5891 Opere
2549 5818 2695 5889 quod
2757 5818 3035 5889 inscripsit
3079 5832 3093 5871 ι
3133 5812 3341 5869 b'ott'aie
3388 5808 3520 5865 delle
3573 5805 3691 5864 Vite
3749 5809 3825 5864 ed
