4020 6346
240 346 310 417 gi
1408 343 1559 411 nrt
1602 342 1848 403 VENAN'.

1966 346 2382 421 roaruus'rt.
3452 345 3523 413 :23

249 475 395 531 opere
414 459 588 512 scritte
610 458 684 512 da
721 457 975 512 Letterari
1006 458 1092 512 del
1128 457 1321 525 Friuli,
1370 459 1483 521 vol.
1514 460 1557 527 Ι.
1591 474 1710 531 cap.
1746 461 1835 521 12.
1865 464 1917 531 Α
1943 466 2055 531 nati
2075 464 2339 533 vocabulo
2369 471 2426 521 et
2445 478 2543 535 sua
2574 473 2631 541 et
2654 471 3020 541 consequente
3046 471 3205 529 aelate
3225 462 3385 535 fuerit
3410 462 3522 535 fere

249 555 294 609 Is
319 568 549 621 namque
598 551 845 607 scribens
891 550 1214 623 epitaphium
1263 551 1498 621 Leontii,
1548 553 1835 619 anterioris

249 647 484 717 episcopi
542 644 984 713 Bnrdegalensis,
1036 646 1129 701 lib.
1163 661 1240 711 tv,
1288 661 1411 714 cap.
1446 645 1507 715 9,
1557 647 1637 702 sic
1686 646 1837 702 illum

247 739 540 808 alloquitur
570 735 638 790 ad
671 752 972 793 extremum
1004 753 1018 789 :

365 850 481 915 Haec
504 851 592 899 tibi
612 862 757 915 parva
782 851 943 911 nimis,
970 862 1077 899 cum
1098 856 1148 898 tn
1167 851 1408 899 merearis
1424 851 1604 915 Opima,

428 914 651 963 Carmina
676 914 983 963 Theodosius
1007 915 1213 976 praebet,
1233 926 1397 963 amore
1422 919 1557 964 tuus.

238 1016 356 1073 ﬂisi
387 1016 676 1072 dicendum
709 1017 941 1073 fortasse
987 1015 1339 1074 Fortunatam
1387 1020 1667 1089 scripsisse
1715 1033 1838 1075 car-

246 1125 368 1166 men
415 1110 547 1164 illud
576 1110 802 1165 alterius
839 1112 938 1166 sub
968 1126 1195 1180 persona
1228 1128 1292 1167 ac
1320 1114 1559 1177 nomine,
1606 1129 1837 1183 praeser-

244 1205 340 1261 tim
380 1221 508 1260 cum
557 1205 776 1260 aliunde
816 1222 923 1260 non
973 1216 1181 1262 constet
1222 1207 1473 1262 eumdem
1512 1207 1564 1261 id
1610 1207 1840 1262 nominis

246 1310 441 1371 praeter
467 1315 529 1355 ea
554 1301 751 1370 quibus
775 1310 932 1356 notus
961 1311 1043 1356 est
1073 1301 1344 1357 habuisse.
1374 1301 1513 1357 Sane
1541 1303 1641 1357 hoc
1690 1301 1841 1357 facti-

246 1402 410 1450 tatum
442 1411 473 1450 a
505 1393 838 1463 Fortunato,
894 1404 954 1450 ut
1000 1406 1249 1465 poemata
1307 1411 1402 1451 sua
1459 1396 1682 1451 alterius
1722 1411 1841 1465 per-

245 1503 392 1544 sonae
422 1487 700 1542 interdum
754 1489 1149 1554 commodaret,
1182 1504 1247 1544 ex
1297 1489 1539 1558 pluribus
1594 1489 1839 1558 ejusdem

247 1579 579 1635 carminibus
619 1579 922 1649 intelligere
968 1595 1286 1649 possumus;
1348 1594 1410 1635 ac
1466 1596 1534 1637 ne
1570 1582 1840 1635 abeamus

250 1669 483 1741 longius,
529 1673 670 1740 quod
712 1673 958 1740 sequitur
1027 1690 1152 1727 mox
1202 1674 1422 1728 citatum
1463 1689 1702 1738 carmen,
1745 1674 1839 1731 lib.

250 1776 339 1829 tv,
390 1777 515 1831 cap.
545 1763 624 1829 9,
680 1764 941 1831 scriptum
1000 1765 1052 1819 in
1110 1765 1269 1821 funus
1314 1765 1521 1820 Leontii
1569 1765 1839 1836 junioris,

249 1858 485 1926 episcopi
542 1859 667 1912 item
718 1858 1141 1927 Burdegalensis
1170 1900 1187 1925 ,

258 1948 624 2015 concluditur,
655 1950 963 2017 Placidinm,
1020 1950 1228 2006 Leontii
1286 1951 1561 2019 quondam
1615 1952 1843 2020 uxoris,

252 2041 467 2097 inducta
502 2056 730 2111 persona
768 2058 830 2096 ac
860 2043 1094 2108 nomine,
1126 2043 1229 2098 hoc
1254 2042 1415 2098 modo
1430 2061 1458 2099 τε

370 2155 589 2219 Funeris
611 2156 837 2215 oliicium,
855 2159 1019 2217 magni
1036 2157 1250 2207 solamen
1275 2160 1470 2219 amoris,

434 2217 607 2269 Dulcis
629 2219 787 2268 adnue
807 2223 963 2269 cmeri
987 2220 1069 2269 dat
1094 2220 1340 2270 Placidiua
1376 2217 1465 2272 tibi
1486 2222 1533 2269 ⁸.

323 2323 379 2377 2.
410 2322 475 2379 P.
520 2313 940 2394 ChristOpborns
990 2325 1297 2393 Browerus,
1330 2327 1382 2382 in
1420 2326 1540 2382 Vita
1594 2327 1842 2397 Furtum,

255 2431 372 2487 cap.
419 2419 483 2485 i,
541 2427 729 2473 censet
773 2419 1020 2473 eumdem
1072 2436 1268 2475 nomen
1317 2418 1559 2475 Venantii
1599 2436 1629 2477 a
1659 2430 1846 2476 sancto

261 2507 526 2563 Venantio
565 2511 908 2574 Bituricensi,
964 2510 1053 2579 qui
1084 2526 1276 2579 magna
1319 2512 1587 2582 quondam
1629 2513 1685 2568 in
1721 2512 1846 2568 Gal-

258 2599 338 2654 liis
363 2602 667 2657 sanctitatis
710 2602 869 2657 laude
899 2601 1096 2670 ﬂoruit,
1141 2612 1442 2658 mutuatum
1473 2604 1658 2670 fuisse,
1690 2602 1848 2659 item-

262 2710 363 2764 que
413 2710 616 2750 nomen
649 2690 929 2749 Fortunati
981 2710 1014 2751 a
1045 2706 1232 2752 sancto
1284 2695 1621 2764 Fortunato,
1680 2695 1848 2767 Aqui-

264 2786 476 2844 leiensis
507 2788 772 2844 Ecclesiae
798 2798 1059 2861 martyre,
1090 2806 1248 2861 quem
1277 2791 1372 2847 ille
1402 2791 1666 2861 praecipua
1699 2805 1845 2847 sem-

264 2892 354 2947 per
379 2879 584 2948 pietate
611 2894 674 2935 ac
701 2881 964 2951 religione
1005 2881 1169 2937 fuerit
1196 2891 1535 2953 prosecutus.
1572 2883 1678 2940 Sed
1708 2883 1845 2948 haec,

263 2980 315 3024 et
338 2972 387 3025 id
413 2987 588 3042 genus
618 2972 741 3038 alia,
773 2989 895 3041 qua:
918 2976 1191 3030 curiosius
1216 2976 1508 3033 Browerus
1538 2976 1859 3049 investigat,

264 3064 401 3120 haud
422 3074 584 3120 vacat
609 3064 853 3133 pluribus
875 3068 1186 3137 exquirere.

329 3156 386 3211 3.
414 3158 587 3213 Porro
610 3173 678 3214 ex
708 3158 812 3214 hoc
842 3161 1120 3215 nominum
1145 3161 1338 3232 quibus
1364 3161 1690 3218 Fortunatus
1711 3178 1849 3232 prat-

261 3250 403 3307 ditus
429 3252 532 3306 fuit
556 3267 812 3319 numero,
853 3261 981 3307 sunt
1009 3253 1099 3325 qui
1144 3253 1437 3325 conjiciunt
1486 3252 1719 3325 (Lirut.,
1744 3253 1846 3310 loc.

262 3345 375 3414 cit.)
397 3346 651 3401 eumdem
683 3360 747 3400 es
778 3345 955 3415 prisca
978 3345 1346 3403 Romanorum
1375 3355 1535 3417 gente
1572 3361 1637 3403 ac
1682 3347 1851 3418 stirpe

260 3447 435 3492 ortum
467 3436 806 3504 fuisse,cum
857 3439 914 3495 id
963 3439 1239 3499 veteribus
1298 3440 1555 3495 Romanis
1610 3441 1852 3498 solemne

260 3530 440 3599 fuerit,
474 3533 633 3604 plura
662 3532 765 3588 sibi
793 3534 1040 3601 nomina,
1075 3548 1196 3589 cum
1251 3533 1316 3589 ad
1372 3533 1589 3589 familia:
1616 3534 1847 3606 insigne,

262 3633 371 3680 tum
402 3625 472 3680 ad
502 3625 720 3680 virtutis
767 3626 995 3697 alicujus
1027 3635 1081 3682 et
1119 3627 1335 3682 habitus
1373 3626 1848 3698 significationem,

265 3732 552 3787 usurpare,
581 3719 651 3774 de
680 3719 875 3788 quibus
927 3721 1208 3791 Appianus
1261 3720 1444 3789 Alex.,
1498 3719 1552 3775 in
1586 3720 1742 3775 Praef.
1783 3721 1852 3776 ad

266 3809 410 3865 Bella
450 3810 637 3876 Hann,
668 3810 787 3868 base
837 3813 1065 3868 scribit:
1101 3812 1306 3868 Nomen
1359 3814 1481 3868 olim
1524 3814 1706 3883 cuique
1743 3814 1851 3868 llo-

262 3919 412 3958 mano
435 3920 599 3958 unum
644 3914 774 3971 erat,
804 3916 861 3959 ut
890 3906 1088 3961 ueteris
1112 3907 1435 3972 hominibus;
1487 3916 1601 3975 post
1646 3908 1854 3960 accessit

261 3997 501 4065 alterum,
532 4012 627 4050 nec
677 3997 752 4052 ita
792 3998 989 4052 dudum
1043 4001 1197 4053 etiam
1255 4001 1459 4053 tertium
1511 4006 1733 4066 coeptum
1778 4007 1853 4053 est

263 4087 381 4141 addi
427 4089 756 4159 quibusdam,
805 4106 903 4159 quo
947 4088 1110 4161 magis
1138 4101 1536 4163 agnoscerentur
1561 4107 1624 4145 ea:
1674 4090 1853 4162 aliqua

264 4191 381 4233 nota
412 4184 671 4252 corporis,
722 4191 809 4237 aut
836 4184 1022 4237 virtute
1062 4185 1266 4250 animi,
1326 4185 1756 4254 quemadmodum
1805 4195 1853 4241 et

265 4270 430 4329 Graeci
475 4275 676 4346 aliquot
724 4276 1013 4331 nominibus
1063 4278 1316 4350 adjuncta
1363 4277 1613 4332 habebant
1665 4293 1849 4350 cogno-

266 4383 424 4422 mma.

331 4459 389 4512 4.
418 4457 537 4521 Etsi
566 4458 780 4524 autem;
800 4456 973 4521 adhuc
989 4465 1165 4514 stante
1193 4458 1352 4517 Rom.
1385 4473 1529 4530 rep.,
1555 4472 1677 4515 eum
1702 4458 1852 4528 plura

264 4548 615 4644 assumebant
644 4548 840 4644 singuli
884 4551 1121 4644 nomina,
1157 4554 1259 4644 hoc
1288 4552 1429 4619 quod
1474 4553 1649 4621 primo
1680 4567 1848 4621 pone.
1882 4580 1936 4644 ι)

264 4640 420 4701 batur
469 4642 592 4705 loco
643 4640 722 4713 (ut
771 4627 1151 4703 animadvertit
1180 4642 1260 4707 vel
1312 4644 1521 4714 Brow.)
1566 4654 1855 4705 vocanetur

264 4749 603 4802 praenomen,
637 4735 778 4806 quod
828 4736 957 4793 inde
1011 4735 1287 4804 proprium
1336 4746 1480 4792 esset
1535 4735 1711 4807 gentis
1760 4746 1857 4803 ant

267 4826 509 4897 familiai,
532 4828 747 4891 tertium
774 4844 1097 4901 cognomen,
1130 4837 1186 4885 et
1207 4828 1332 4887 huic
1361 4830 1632 4889 interdum
1663 4836 1855 4900 quarto

265 4920 385 4979 loco
414 4935 683 4993 agnomen
715 4921 1028 4989 adderetur,
1060 4921 1313 4981 citeriore
1360 4929 1539 4981 tamen
1590 4936 1707 4979 tero
1737 4922 1857 4981 huic

266 5016 584 5084 promiscue
612 5015 862 5075 adhiberi
909 5024 1210 5086 eruperunt,
1243 5030 1308 5071 ac
1339 5016 1656 5088 plerumque
1711 5018 1855 5088 quod

267 5110 458 5167 ultimo
507 5110 809 5179 ponebatur
854 5108 973 5165 loco
1018 5109 1363 5178 praenominis
1417 5109 1521 5165 vim
1580 5108 1850 5178 habebat,

268 5201 385 5257 sive
416 5216 527 5270 quo
552 5215 585 5259 a
612 5201 828 5266 caneris
855 5200 1099 5270 ejusdem
1120 5202 1313 5263 domus
1333 5217 1396 5259 ac
1417 5201 1594 5273 gentis
1622 5202 1857 5261 nomini-

266 5291 368 5349 bus
394 5294 591 5363 singuli
612 5293 1055 5352 secernebantur.
1086 5294 1199 5360 Qua
1243 5294 1311 5349 de
1332 5310 1393 5349 re
1422 5295 1602 5367 legere
1630 5303 1857 5365 prmstat

268 5386 336 5440 cl.
369 5384 717 5442 Sirmoudnm
743 5427 760 5454 ,
810 5387 864 5441 iu
916 5388 1049 5443 diss.
1078 5389 1292 5457 praefixa
1321 5387 1423 5455 Op.
1453 5388 1661 5449 Sidonii
1690 5388 1857 5459 Apol-

270 5478 478 5545 linaris,
508 5478 562 5533 in
600 5494 703 5549 qua
736 5479 803 5535 de
833 5496 983 5541 more
1030 5481 1316 5537 inferioris
1361 5483 1535 5538 aetatis
1570 5482 1852 5543 hominum

268 5569 322 5629 in
350 5572 700 5631 assumth
745 5574 997 5642 pluribus
1052 5573 1365 5631 nominibus
1408 5575 1626 5633 disserit
1657 5576 1853 5632 fusius.

270 5662 346 5723 Es
394 5666 495 5725 bac
550 5668 661 5736 ipsa
709 5669 1099 5724 consuetudine
1155 5670 1349 5727 factum
1388 5676 1483 5743 est
1534 5675 1593 5729 ut
1624 5668 1712 5725 hic
1753 5683 1856 5727 no-

269 5767 412 5827 ster,
435 5762 683 5830 quamvis
712 5761 899 5815 multis
944 5760 1253 5815 nominibus
1275 5759 1346 5815 sit
1371 5759 1621 5831 insignis,
1661 5760 1859 5818 Fortu-

339 5876 370 5907 ⁸
399 5874 535 5934 Vide
558 5889 679 5948 qua
706 5875 938 5936 diximus
961 5878 1013 5937 in
1040 5878 1184 5937 netis
1213 5875 1281 5933 ad
1300 5890 1409 5935 car.
1433 5876 1489 5949 9,
1515 5875 1557 5934 l.
1580 5891 1654 5933 tv.

1942 555 2141 625 notior.
2188 604 2191 607 .

1922 710 1945 725 υ
2013 648 2069 705 ὅ.
2102 649 2228 705 Erat
2266 656 2445 717 autem
2496 650 2675 707 eidem
2704 665 2881 717 soror,
2928 651 3139 707 Titiana
3170 649 3411 717 nomine.
3454 646 3524 709 de

1928 755 2043 815 qua
2068 741 2116 801 is
2141 745 2470 803 mentionem
2512 743 2640 807 facit
2691 745 2790 801 lib.
2821 761 2896 813 st,
2930 760 3050 817 cap.
3081 744 3136 817 6,
3182 744 3427 817 scribens
3455 739 3523 811 ad

1954 835 2215 909 Agnetem
2245 835 2571 903 abbatissam
2615 836 2699 895 bis
2729 838 2912 905 verbis
2944 854 2960 891 :

2125 927 2198 978 Te
2218 930 2331 978 mibi
2351 942 2445 979 non
2462 930 2569 979 aliis
2591 931 2745 980 oculis
2765 933 3027 992 animoque
3047 929 3197 981 fuisse

2189 992 2342 1051 Quam
2362 1006 2499 1043 soror
2523 1006 2586 1042 ex
2606 1000 2748 1043 utero
2764 1002 2834 1056 tu,
2850 994 3058 1055 Titiana,
3082 992 3231 1043 fores.

1944 1070 2079 1127 ilinc
2106 1088 2268 1143 porro
2309 1075 2528 1145 conjicit
2563 1076 2635 1132 cl.
2667 1076 2833 1132 Liruti
2880 1076 3233 1131 Fortunatnm
3269 1075 3527 1133 habuisse

1942 1162 2159 1219 Patrem
2195 1166 2421 1234 Titium,
2470 1182 2569 1224 seu
2626 1168 2922 1236 Titianum,
2974 1184 3039 1224 ex
3088 1178 3273 1224 vetere
3323 1170 3533 1224 scilicet

1944 1257 2105 1314 Rom.
2138 1275 2313 1327 more,
2356 1276 2461 1331 quo
2493 1260 2737 1317 solemne
2767 1271 2880 1317 erat
2910 1261 3110 1317 eisdem
3145 1263 3277 1316 tilias
3303 1273 3524 1330 paterno

1945 1368 2011 1408 ex
2046 1354 2267 1410 nomine
2322 1356 2632 1439 appellare;
2683 1364 2844 1426 atque
2874 1356 3021 1411 addit
3069 1356 3199 1410 illud
3243 1357 3521 1425 proprium

1944 1450 2157 1516 generis
2187 1462 2280 1502 seu
2328 1447 2544 1502 familiae
2594 1464 2663 1503 ex
2717 1464 2821 1519 qua
2860 1448 2907 1503 is
2938 1458 3085 1503 ortus
3130 1450 3298 1503 luerat
3326 1462 3522 1503 nomen

1945 1540 2235 1594 exstitisse.
2270 1539 2373 1594 Sed
2398 1541 2587 1608 miror,
2609 1541 2654 1595 si
2687 1540 2822 1595 illud
2863 1551 2978 1595 erat
3004 1540 3278 1611 proprium
3311 1538 3526 1615 familia:

1944 1647 2270 1705 cognomen,
2302 1648 2367 1688 ex
2394 1633 2490 1688 illo
2512 1648 2756 1688 sororem
2788 1634 2965 1703 potius
2988 1649 3145 1701 quam
3177 1632 3528 1687 Fortunatum

1945 1736 2191 1782 vocatum
2215 1726 2401 1789 fuisse,
2429 1741 2530 1781 nec
2570 1727 2759 1781 saltem
2786 1728 3000 1797 utrique
3029 1727 3194 1780 fuisse
3219 1738 3528 1781 commune:

1246 1818 1661 1914 haudﬁéﬂgw
1687 1818 1842 1916 εζέοῖιέ
1872 1836 1920 1897 Β
1948 1818 2307 1886 Quamobrem
2340 1818 2637 1874 Sirmondo
2687 1819 2960 1874 assentior
2986 1862 3001 1886 ,
3056 1819 3146 1888 qui
3177 1818 3341 1873 citato
3368 1830 3529 1886 supra

1949 1910 2071 1965 loco
2101 1925 2165 1965 ex
2200 1912 2522 1967 testimoniis
2563 1919 2813 1968 veterum
2846 1920 3320 1967 monumentorum
3352 1919 3535 1965 osten-

1946 2003 2024 2059 dit
2054 2007 2446 2074 posterioribns
2479 2007 2691 2062 saeculis
2741 2006 2880 2062 hanc
2932 2006 3382 2076 imponendorum
3437 2019 3534 2060 no-

1947 2101 2150 2157 minum
2198 2101 2647 2157 consuetudinem
2697 2102 2932 2171 viguisse
2976 2118 2991 2155 :
3051 2100 3133 2156 Ut.
3166 2109 3273 2155 tum
3323 2100 3533 2173 prapria

1947 2198 2211 2265 cujusque,
2257 2205 2364 2249 tum
2393 2196 2641 2267 adjuncta
2664 2235 2680 2263 ,
2730 2212 2821 2249 seu
2867 2196 3196 2266 cognomina,
3228 2210 3316 2249 seu
3342 2206 3535 2265 prono-

1947 2291 2087 2344 mina
2131 2290 2268 2362 (qute
2296 2290 2465 2344 omnia
2514 2290 2568 2343 in
2612 2290 2830 2361 singulis
2867 2304 3027 2361 prope
3068 2287 3321 2359 capitibus
3366 2286 3537 2341 varia-

1950 2379 2137 2451 bant),
2167 2398 2197 2433 a
2223 2383 2520 2451 parentibus
2549 2389 2605 2435 ut
2628 2382 2942 2451 plurimum,
2983 2380 3331 2454 cegnatisque,
3374 2379 3540 2448 patri-

1948 2473 2062 2540 bus,
2104 2473 2341 2544 patruis,
2386 2473 2496 2527 avis
2522 2515 2535 2540 ,
2595 2472 2841 2543 proavis,
2891 2473 3204 2543 reliquisque
3248 2470 3535 2537 affectibus,

1949 2574 2404 2622 mutuarentur...
2455 2566 2634 2636 Neque
2675 2567 2808 2622 enim
2846 2575 2985 2621 certa
3011 2576 3058 2621 et
3101 2576 3257 2635 stata,
3308 2573 3364 2618 ut
3392 2565 3538 2630 olim,

1952 2663 2149 2734 generis
2169 2674 2217 2717 et
2245 2661 2456 2733 familia:
2483 2661 2736 2716 vocabula
2777 2661 2832 2715 in
2872 2676 2972 2716 usu
3009 2668 3133 2713 tunc
3163 2663 3396 2730 fuerunt,
3428 2671 3543 2727 qua:

1952 2763 2001 2809 et
2059 2754 2309 2809 matribus
2358 2755 2651 2809 communia
2706 2761 2869 2809 essent
2907 2762 2956 2808 et
3001 2752 3069 2806 ad
3108 2760 3335 2822 posteros
3375 2758 3545 2804 trans-

1950 2846 2102 2914 irent,
2135 2855 2189 2900 ut
2219 2862 2335 2899 cum
2376 2845 2602 2901 Cornelii
2626 2856 2714 2900 aut
2744 2845 2879 2900 Julii
2902 2861 3075 2901 omnes
3108 2844 3408 2899 dicebantur
3455 2842 3546 2912 qui

1950 2957 1982 2994 a
2013 2949 2158 3010 gente
2187 2938 2429 2995 Cornelia
2458 2948 2549 2993 aut
2593 2938 2740 2993 Julia
2798 2938 2908 2992 nati
2959 2946 3145 3002 essent,
3178 2945 3226 2990 et
3275 2934 3546 3005 Scipiones

1954 3030 2100 3095 item,
2123 3038 2213 3083 aut
2234 3028 2522 3095 Cicerones,
2553 3029 2642 3100 qui
2671 3028 2727 3082 in
2756 3027 2905 3082 domo
2935 3037 2983 3082 et
3006 3025 3209 3096 familia
3239 3024 3544 3095 Scipionum

1953 3128 2044 3175 aut
2071 3120 2396 3193 Ciceronum,
2424 3122 2513 3175 sed
2562 3121 2736 3175 omnia
2761 3136 2882 3175 mox
2927 3136 3043 3174 cum
3092 3135 3295 3173 occasu.
3320 3116 3541 3188 reipubl.

1878 3210 1927 3281 C.
1956 3214 2149 3267 mutari
2187 3214 2373 3268 sensim
2421 3229 2481 3266 ac
2513 3212 2614 3267 labi
2662 3221 2941 3285 coeperunt,
2971 3222 3027 3267 ut
3071 3230 3363 3285 quanquam
3391 3214 3545 3268 initio

1955 3306 2152 3376 antiqui
2179 3307 2337 3360 moris
2388 3307 2566 3375 aliqua
2614 3307 2855 3361 haeserint
2906 3307 3122 3378 vestigia
3176 3308 3231 3361 in
3281 3307 3549 3380 gentilitiis

1958 3400 2272 3467 nominibus,
2326 3416 2499 3471 quaen
2529 3400 2794 3455 nonnullis
2842 3401 3056 3472 familiis
3107 3402 3546 3461 retinebantur...

1956 3495 2281 3566 postmodum
2311 3503 2480 3548 tamen
2511 3492 2608 3547 hoc
2647 3494 2817 3565 ipsum
2861 3509 3065 3565 quoque
3092 3494 3376 3565 neglectum
3424 3494 3547 3566 fuit,

1954 3587 2085 3641 adeo
2122 3595 2179 3639 ut
2209 3585 2412 3639 nullum
2457 3585 2660 3638 tandem
2700 3585 2931 3654 familiae,
2965 3584 3167 3639 nullum
3195 3586 3395 3658 generis
3440 3601 3548 3639 cer-

1956 3685 2281 3731 tum-nomen
2310 3675 2483 3745 fuerit.
2520 3674 2649 3729 Filii
2687 3676 2840 3729 etiam
2870 3693 2901 3728 a
2946 3676 3174 3746 patribus
3202 3685 3249 3730 et
3298 3676 3548 3747 fratribus

1954 3767 2090 3822 inter
2117 3785 2189 3833 se,
2239 3767 2471 3823 omnibus
2500 3784 2634 3839 sarpe
2678 3750 2987 3834 nominibus,
3011 3780 3099 3823 aut
3136 3769 3245 3837 fere
3292 3769 3545 3838 omnibus,

1957 3861 2315 3931 discrepurint.

2029 3955 2082 4009 6.
2121 3954 2273 4031 Quod
2316 3969 2449 4011 vero
2493 3954 2688 4009 attinet
2742 3953 2809 4009 ad
2856 3950 3083 4023 patriam
3130 3940 3453 4018 Fortunati,
3501 3950 3549 4008 is

1952 4044 2241 4101 Tarvisino
2270 4046 2323 4100 in
2364 4060 2493 4116 gro
2518 4053 2675 4101 natus
2694 4055 2779 4101 est
2807 4059 2873 4101 eo
2898 4046 2951 4100 in
2984 4047 3101 4101 ioco
3122 4044 3213 4116 qui
3236 4042 3544 4114 Duplavilis,

1957 4138 2072 4194 sive
2123 4135 2428 4209 Duplabilis,
2460 4146 2551 4193 aut
2606 4137 2922 4207 Duplaveuis
2962 4136 3358 4202 nominabatur,
3388 4134 3548 4203 idque

1958 4240 2171 4288 constat
2199 4247 2267 4286 ex
2302 4233 2503 4300 apertis
2527 4246 2649 4287 cum
2694 4231 2976 4287 Fortunati
3006 4231 3199 4300 ipsius,
3247 4238 3357 4283 tum
3413 4227 3545 4281 alio-

1959 4341 2108 4392 rum,
2139 4323 2489 4380 testimoniis.
2546 4323 2596 4378 is
2628 4333 2799 4393 certe,
2834 4324 2928 4380 lib.
2959 4340 3009 4379 tv
3042 4324 3176 4378 Vita:
3207 4321 3376 4377 sancti
3407 4320 3548 4375 Mar-

1963 4418 2081 4489 tini,
2107 4418 2303 4473 librum
2336 4432 2517 4484 suum,
2566 4433 2725 4487 quem
2756 4434 2824 4473 ex
2848 4416 3020 4472 Gallia
3053 4418 3104 4471 in
3139 4415 3341 4470 Italiam
3371 4414 3548 4469 mitte-

1962 4512 2078 4579 bat,
2109 4512 2389 4583 alloquens
2448 4511 2665 4581 poetico
2721 4525 2896 4577 more,
2946 4526 3005 4566 se
3055 4508 3317 4580 Duplavili
3360 4517 3547 4565 natum

1961 4621 2085 4664 esse
2112 4615 2362 4673 teStatur,
2390 4605 2476 4661 his
2506 4607 2688 4661 verbis
2713 4622 2747 4658 ες

2056 4702 2163 4762 Qua
2185 4714 2297 4752 mea
2318 4699 2555 4762 Tarvisns,
2570 4700 2777 4761 residet,
2800 4699 2839 4747 si
2856 4697 3070 4748 molliter
3093 4699 3266 4759 intras,

2055 4761 2304 4816 illustrem
2320 4762 2502 4813 socium
2524 4761 2969 4823 Felicem,-queso,
2990 4765 3212 4822 require.

2056 4827 2157 4890 Per
2177 4826 2409 4890 Ceuetam
2426 4823 2680 4890 gradiens,
2705 4831 2757 4890 et
2773 4827 2953 4876 amicos
2976 4824 3149 4890 Duplnt
3163 4825 3366 4886 ilenscs,

2057 4888 2167 4951 Qua
2187 4887 2353 4937 natale
2368 4887 2525 4937 solum
2552 4895 2626 4936 est
2650 4888 2769 4935 mihi
2795 4888 3183 4951 sanguine,s_ede
3208 4895 3481 4951 parentum,

2058 4950 2219 5005 Prolis
2237 4952 2377 5010 origo
2400 4958 2611 5012 patrum,
2636 4956 2813 5005 mater.
2839 4962 2989 5005 soror,
3015 4949 3132 4998 ordo
3155 4961 3336 5012 nepotu
3357 4969 3405 5009 η,

2056 5012 2189 5074 Quos
2212 5011 2318 5062 colo
2341 5013 2509 5074 corde,
2533 5011 2646 5072 fide,
2672 5012 2916 5074 breviter,
2942 5017 3075 5073 peto,
3095 5011 3248 5059 redde
3273 5014 3498 5075 salutem,

1961 5099 2165 5156 Paulus
2203 5114 2416 5171 quoque
2438 5098 2728 5162 Diaconus,
2762 5097 2855 5152 lib.
2889 5112 2927 5151 ll
2958 5096 3094 5151 Hist.
3128 5096 3390 5168 Longob.,
3422 5110 3544 5167 cap.

1964 5193 2054 5264 15,
2082 5193 2331 5261 eumdem
2363 5202 2546 5249 natum
2587 5192 2853 5262 Duplavili
2877 5192 3079 5248 diserte
3128 5194 3426 5262 profitetur,
3457 5189 3544 5246 in-

1962 5287 2154 5358 guiens
2182 5303 2196 5340 :
2229 5285 2569 5353 Fortunatus,
2603 5293 2754 5340 natus
2792 5282 2999 5357 quidem
3053 5285 3106 5337 in
3149 5283 3260 5336 loco
3289 5281 3376 5351 qui
3434 5280 3545 5337 Du-

1952 5381 2167 5451 plavilis
2207 5380 2393 5435 dicitur
2421 5381 2544 5450 fuit,
2588 5378 2675 5449 qui
2706 5377 2849 5433 locus
2894 5376 3033 5455 haud
3063 5376 3208 5445 longe
3234 5391 3267 5427 a
3293 5371 3547 5429 Cenitensi

1962 5482 2130 5531 castro
2172 5473 2247 5527 vel
2285 5471 2587 5527 Tarvisiana
2628 5473 2786 5526 distat
2825 5471 3045 5525 civitate.

2034 5568 2091 5623 7.
2119 5566 2305 5638 itaque
2334 5566 2661 5631 Fortunatus
2691 5564 2975 5621 Tarvisino
3004 5562 3058 5615 in
3102 5576 3232 5631 agro
3262 5570 3419 5617 natus
3460 5553 3568 5614 es?

1965 5660 2257 5730 Duplavili,
2289 5659 2403 5715 sive
2430 5659 2520 5715 ille
2552 5673 2718 5729 pagus
2757 5666 2851 5713 aut
2902 5655 3156 5724 oppidum
3212 5652 3391 5721 fuerit,
3425 5652 3538 5707 sive

1960 5753 2202 5824 regionis
2229 5760 2429 5810 tractus
2459 5749 2678 5823 aliquis,
2707 5748 2778 5807 ad
2823 5746 3033 5805 Plavim
3067 5746 3290 5803 ﬂuvium
3347 5757 3542 5814 expor-
