4020 6346
481 347 566 404 23
1019 345 1534 402 PROLEGOMENA
1575 346 1665 400 AD
1714 345 2039 404 VENANTII
2081 347 2241 403 “ON.
2284 347 2492 405 CLEM.
2538 349 2935 408 FORTUNA'I‘!
2977 351 3227 410 OPERA.

481 471 680 526 rectus,
711 475 739 514 a
769 475 875 531 quo
919 462 1081 517 etiam
1133 477 1328 517 nomen
1364 461 1577 517 videtur
1628 447 1924 534 accepisse.
1958 463 2065 519 Ho-
2099 468 2148 527 Α
2177 479 2333 520 suum
2359 467 2663 538 alloquens,
2693 468 2906 539 inquit:

479 552 670 624 dieque
698 551 762 609 iis
785 553 836 608 in
863 553 993 610 locis
1035 569 1224 625 pagus,
1251 556 1366 610 sive
1395 555 1677 626 oppidum,
1724 555 1892 626 jacet,
1920 555 2064 625 quod

481 644 690 716 vulgari
762 659 1014 701 sermone
1083 644 1479 701 Valdebiadena
1559 645 1886 702 nominatur.
1951 643 2068 704 Hoc

473 733 581 796 'sibi
632 739 989 797 Fortunatum
1056 751 1299 797 nostrum
1352 752 1412 797 ut
1462 743 1633 799 civem
1677 756 1831 796 suum
1875 750 1928 798 et
1981 742 2066 796 in-

479 832 725 903 digenam
754 833 1013 903 vindicat,
1045 834 1552 891 honestissimorum
1598 834 1842 890 virorum
1888 833 2066 891 domi-

475 924 680 980 cilium.

553 1015 606 1073 8.
655 1015 965 1086 Cluverius,
993 1027 1034 1073 t.
1086 1019 1105 1073 l
1151 1017 1264 1074 Ital.
1306 1019 1500 1091 antiq.,
1558 1035 1680 1090 cap.
1732 1021 1822 1090 18,
1881 1030 2066 1078 censet

477 1108 811 1177 Duplavilem
837 1125 903 1165 eo
942 1110 993 1165 in
1021 1111 1138 1166 loco
1171 1111 1334 1167 fuisse
1361 1114 1446 1167 ubi
1477 1120 1635 1182 nunc,
1673 1115 1871 1185 inquit,
1906 1117 2060 1188 oppi-

473 1197 597 1252 dum
623 1199 674 1252 in
700 1200 835 1254 edito
879 1201 989 1254 loco
1019 1204 1332 1272 conspicitur
1353 1205 1421 1257 ad
1461 1205 1638 1260 laevam
1667 1209 1835 1262 amnis
1865 1209 2058 1279 ripam,

471 1293 674 1362 uulgari
700 1295 1047 1365 appellatione
1097 1295 1157 1349 δ.
1191 1295 1500 1352 Salvadore.
1533 1299 1642 1356 Sed
1693 1301 1775 1356 vir
1806 1303 2060 1358 eruditis-

466 1386 657 1454 simus,
687 1392 1191 1458 ornatts‘SImusque,
1224 1405 1407 1447 comes
1434 1392 1764 1451 Rambalbus
1786 1397 1854 1453 de
1878 1400 2056 1453 Ληο-

463 1475 609 1543 niis,
663 1479 955 1534 Tarvisinze
1016 1480 1275 1539 Ecclesite
1325 1487 1616 1544 canonicus
1670 1489 1873 1560 (quem
1923 1492 2058 1548 alias

463 1569 756 1637 laudavi),
809 1573 859 1624 iu
931 1571 1150 1628 dissert.
1213 1576 1264 1630 in
1321 1591 1423 1647 qua
1483 1577 1617 1635 Ven.
1696 1580 2053 1638 Fortunatam

460 1661 631 1730 patria
673 1660 1011 1720 Tarvisinum
1042 1680 1164 1722 esse
1193 1670 1431 1724 ostendit
1460 1672 1756 1744 (quamque
1787 1675 1917 1731 mihi
1948 1676 2048 1732 be-

461 1755 797 1824 nignissime,
835 1761 1079 1814 utetiam
1111 1763 1235 1831 alia,
1268 1766 1678 1838 commodavit),
1708 1769 2049 1838 gravissimis

458 1853 748 1907 momentis
777 1854 975 1909 evincit
1025 1855 1356 1926 Duplavilem
1407 1860 1547 1915 haud
1607 1863 1845 1931 potuisse
1901 1849 2051 1919 eam-

457 1943 578 1998 dem
603 1960 724 2000 esse
741 1962 804 2000 ac
821 1948 1074 2016 oppidum
1100 1950 1227 2005 illud
1243 1950 1310 2006 de
1325 1967 1430 2021 quo
1447 1953 1758 2022 Cluverius,
1782 1971 1902 2011 cum
1921 1956 2054 2012 For-

457 2045 690 2103 tunatus,
727 2039 816 2094 ubi
849 2040 986 2096 libro
1013 2058 1112 2097 suo
1142 2044 1246 2098 iter
1283 2059 1351 2099 ex
1387 2045 1561 2101 Gallia
1594 2049 1646 2103 itt
1676 2049 1880 2104 Italiam
1905 2065 2054 2105 com-

463 2138 750 2196 monstrat,
785 2147 851 2188 ex
885 2133 1126 2203 Aquileia
1158 2134 1539 2203 Concordiam,
1579 2150 1736 2211 atque
1765 2142 1888 2197 inde
1919 2142 2053 2198 Tar-

459 2219 672 2288 visium,
703 2231 814 2277 tum
871 2225 1131 2280 Cenetam
1183 2237 1239 2282 et
1297 2229 1670 2299 Duplavilem,
1729 2235 2050 2291 veniendum

456 2317 727 2384 ostendat,
761 2319 1034 2376 Patavium
1071 2339 1255 2378 versus
1312 2327 1694 2396 proficiscenti,
1735 2339 1791 2384 ut
1823 2331 2050 2400 proinde

455 2406 772 2476 Duplavilis,
827 2413 992 2479 patria
1029 2413 1333 2481 Fortunati,
1367 2432 1474 2473 non
1503 2429 1648 2476 esset
1695 2421 1872 2476 media
1905 2423 2046 2478 Tar-

453 2498 642 2554 visium
677 2499 818 2557 inter
842 2517 904 2560 ac
932 2503 1216 2575 Cenetam,
1251 2507 1346 2563 sed
1396 2511 1532 2564 ultra
1563 2511 1845 2582 Cenetam,
1893 2515 2049 2570 Pata-

453 2593 596 2647 vium
629 2610 839 2664 versus,
879 2598 980 2653 iter
1008 2602 1209 2671 agenti,
1263 2602 1568 2674 cujusmodi
1621 2622 1726 2661 non
1758 2616 1842 2662 est
1895 2609 2048 2678 oppi-

451 2683 576 2738 dum
611 2686 737 2742 illud
767 2687 828 2745 S.
855 2690 1172 2758 Salvadore,
1206 2695 1349 2763 quod
1384 2705 1687 2768 utrumque,
1737 2699 2045 2756 Tarvisium

451 2777 656 2834 scilicet
705 2795 768 2835 ac
824 2782 1079 2840 Cenetam
1110 2829 1125 2851 ,
1183 2789 1566 2852 intermedium
1614 2793 1776 2860 jacet.
1842 2792 2045 2850 Deinde

447 2867 588 2925 istud
619 2873 873 2940 Oppidum
906 2876 1109 2930 nullum
1139 2887 1256 2934 erat
1308 2882 1506 2936 saeculo
1533 2898 1585 2937 vt
1628 2894 1680 2938 et
1722 2884 1787 2938 ad
1836 2900 2040 2940 annum

447 2975 616 3032 usque
664 2962 803 3017 1245
859 2967 1007 3022 solus
1057 2984 1117 3024 ac
1177 2971 1426 3027 desertus
1474 2977 1887 3032 montis'clivus
1918 2995 2042 3048 per-

447 3055 666 3108 mansit.
700 3055 962 3121 Quocirca
992 3059 1212 3116 miuime
1243 3063 1289 3117 is
1312 3062 1522 3119 dubitat
1553 3067 1678 3135 quin
1713 3068 2037 3138 Duplavilis,

446 3161 500 3200 tn
547 3160 650 3215 qua
686 3149 863 3204 natale
912 3149 1186 3206 Fortunati
1247 3155 1446 3222 solum,
1491 3156 1678 3214 eadem
1705 3160 1776 3214 sit
1805 3175 1870 3216 ac
1915 3178 2036 3232 qua:

451 3238 847 3298 Valdebiadena
875 3245 1032 3316 vulgo
1060 3249 1390 3318 appellatur,
1435 3253 1607 3322 posita
1665 3254 1717 3311 in
1751 3255 2036 3315 Tarvisino

446 3345 596 3402 agro,
639 3348 760 3390 cum
809 3344 863 3390 et
913 3338 1212 3395 similitudo
1264 3343 1496 3399 nominis
1546 3345 1629 3417 (ut
1676 3363 1743 3402 ex
1801 3349 2037 3420 antiquis

447 3430 814 3486 monumentis
845 3446 963 3500 quae
1021 3433 1088 3488 ab
1135 3435 1250 3503 ipso
1299 3437 1642 3504 proferuntur
1692 3443 1862 3513 magis
1907 3460 2038 3500 con-

446 3519 590 3589 stat)
645 3523 766 3578 huic
819 3527 1102 3583 sententiae
1151 3530 1440 3587 admodum
1496 3534 1675 3592 favere
1730 3537 2035 3608 deprehen-

442 3612 621 3670 datur.

509 3707 562 3761 9.
599 3712 664 3762 At
692 3709 847 3765 Joan.
881 3711 1146 3783 Josephus
1192 3715 1363 3773 Liruti
1396 3733 1519 3774 cum
1571 3722 1870 3778 assentitnr
1904 3725 2032 3780 Clu-

439 3802 590 3857 verio
619 3802 718 3858 hac
751 3804 802 3858 in
837 3820 913 3873 re,
941 3815 1052 3863 tum
1089 3809 1219 3865 illud
1245 3811 1313 3867 de
1361 3826 1459 3867 suo
1490 3813 1659 3881 addit,
1695 3813 2029 3884 Duplavilem

442 3895 655 3952 nonnisi
687 3898 888 3955 avitum
939 3912 1034 3958 aut
1093 3916 1379 3976 paternum
1437 3907 1714 3962 Fortunati
1766 3909 2028 3978 praedium

443 3987 628 4054 fuisse,
657 3989 710 4044 in
737 3991 882 4060 quod
913 3993 1031 4064 ejus
1059 4007 1328 4064 parentes,
1355 4005 1463 4052 uut‘
1487 3999 1595 4066 avi,
1624 4001 1769 4056 cives
1801 4001 1884 4075 (ut
1916 4003 2031 4074 ipse

439 4083 714 4157 opinatur)
746 4085 1140 4156 Aquileienses,
1167 4101 1527 4157 secesserant,
1579 4108 1683 4163 quo
1729 4093 1936 4162 Attilae,
1966 4110 2031 4152 ac

440 4186 766 4232 caeterorum
799 4179 1182 4247 Barbarorum,
1228 4183 1317 4252 qui
1365 4184 1476 4238 suis
1513 4200 1656 4254 saepe
1699 4187 2028 4244 exercitibus

437 4269 743 4338 Aquileiam
806 4270 1150 4340 infestarunt,
1214 4276 1605 4333 immanitatem
1658 4289 1712 4335 et
1753 4295 2028 4336 armorum

434 4360 671 4418 furorem
695 4364 1052 4422 declinarent.

515 4456 599 4511 10.
642 4458 749 4514 Sed
802 4459 942 4516 haud
1003 4463 1117 4519 scio
1171 4475 1428 4536 quantum
1479 4467 1601 4522 huic
1633 4469 1889 4539 singulari
1926 4468 2027 4524 viri

446 4552 774 4622 czetcroquin
807 4553 1105 4610 doctissimi
1136 4557 1376 4624 Opinioni
1410 4560 1752 4615 tribuendum
1783 4562 1875 4628 sit,
1898 4577 2019 4617 cum
2053 4577 2102 4637 ι)

440 4652 550 4698 tam
585 4643 866 4714 perspicue
888 4643 940 4699 in
964 4645 1125 4701 allato
1147 4651 1395 4718 superius
1417 4653 1654 4708 carmine
1676 4653 2020 4723 Fortunatus,

434 4752 541 4791 non
563 4737 734 4791 solum
759 4736 1041 4792 Tarvisum
1066 4755 1214 4793 suam
1247 4757 1367 4796 csse
1394 4743 1556 4810 dicat,
1588 4754 1641 4799 ct
1671 4747 1863 4800 amicos
1887 4746 2027 4801 inter

434 4827 829 4898 Duplavilenaes
876 4836 1052 4885 natale
1097 4833 1263 4886 solum
1301 4849 1423 4890 esse
1467 4837 1570 4891 sibi
1619 4839 1869 4911 sanguine
1910 4839 2028 4894 sede

435 4916 760 4988 Parentum,
802 4921 897 4977 sed
946 4923 1106 4977 etiam
1151 4925 1313 4993 prolis
1369 4927 1616 4998 originem
1652 4940 1888 4998 patrum,
1920 4944 2025 5000 quo

433 5011 575 5066 haud
604 5014 720 5069 scio
757 5029 826 5068 an
865 5016 1172 5072 evidentius
1221 5019 1421 5089 aliquid
1464 5020 1532 5075 ad
1581 5023 1810 5090 patriam
1841 5023 2025 5092 cujus-

445 5119 548 5174 que
572 5105 844 5175 regionem
887 5106 1226 5164 indicandam
1271 5112 1442 5180 possit
1489 5113 1733 5182 proferri.

509 5198 596 5254 ll.
654 5199 786 5254 Illud
819 5209 994 5257 tamen
1027 5203 1170 5259 haud
1202 5204 1398 5259 invitus
1428 5205 1570 5271 dem,
1599 5206 1848 5262 eumdem
1881 5207 2022 5264 haud

435 5291 528 5348 diu
552 5301 772 5363 paterna
805 5295 858 5349 in
891 5295 1054 5352 domo
1085 5311 1149 5353 ac
1177 5298 1399 5367 regione
1418 5297 1745 5362 subsedisse,
1779 5300 1868 5368 qui
1909 5300 2018 5369 pri-

436 5386 620 5442 maivis
676 5385 745 5441 ab
794 5389 950 5442 annis
996 5389 1226 5458 spatium
1305 5389 1562 5456 temporis
1618 5388 1876 5458 aliquod,
1935 5391 2021 5447 vel

434 5481 716 5552 Aquileiai,
761 5482 1154 5552 potentissima:
1205 5479 1473 5551 quondam
1530 5481 1784 5548 civitatis,
1822 5483 2020 5540 vixisse

431 5571 884 5644 deprehendatur,
926 5583 985 5630 ut
1016 5576 1130 5645 ipse
1159 5573 1225 5629 de
1252 5588 1312 5628 se
1345 5574 1607 5641 alfirmat,
1656 5575 1754 5630 lib.
1791 5590 1840 5628 tv
1887 5575 2020 5630 Vitae
2099 5601 2104 5606 ο

433 5667 605 5722 sancti
663 5666 898 5735 Martini,
932 5668 1081 5723 hisce
1130 5665 1352 5732 verbis,
1402 5666 1592 5736 quibus
1643 5666 1770 5722 item
1827 5667 2017 5722 librum

505 5815 530 5842 ιι
569 5804 700 5858 Vide
736 5803 910 5858 Vitam
941 5804 1116 5876 Rutini
1163 5802 1436 5876 praefixum
1469 5802 1708 5872 ejusdem
1736 5804 1838 5875 0p.
1876 5804 2015 5860 Edit.

436 5878 627 5937 Veron.
665 5876 822 5942 1745,
857 5877 892 5933 Ι,
926 5891 964 5944 ι⁹
997 5890 1050 5930 η,
1077 5875 1130 5931 5,

2293 557 2390 634 aut
2413 558 2780 634 {Aquileiensem
2805 563 2844 634 si
2870 562 2994 634 torte
3017 567 3285 634 accesseris
3307 568 3509 634 urbem,

2297 621 2548 672 Cassianos
2571 622 2759 672 Domini
2786 626 2986 674 nimium
3014 630 3271 677 venereris
3295 621 3510 682 amicos?

2292 683 2362 754 ῥα
2388 682 2634 754 Fortunati
2651 685 3206 754 benedicgaminartyris
3234 705 3428 754 urnam,-

2293 744 2678 819 gontiﬁcem'que
2703 750 2834 819 pium
2862 749 3065 819 Paulum
3088 744 3350 819 cupienter
3374 744 3544 819 adora,

2294 808 2386 866 Qui
2413 821 2492 857 me
2515 808 2757 870 priiurevis
2779 813 2996 862 converti
3017 808 3216 874 Optabat
3236 818 3298 864 ah
3319 819 3478 868 anuis.

2241 889 2328 944 12.
2372 890 2526 946 llisce
2555 893 2841 960 postremis
2891 909 2922 948 e
2948 894 3126 950 verbis
3157 896 3319 953 infert
3343 898 3498 956 Joan.
3523 902 3750 974 Joseph.

2165 981 2336 1037 Liruti
2369 982 2715 1038 Fortunatum
2742 985 3001 1056 Aquileiae
3029 1002 3058 1042 a
3086 986 3271 1057 Paulo,
3295 990 3414 1060 ejus
3447 994 3592 1050 urbis
3616 1011 3753 1064 pon-

2166 1075 2325 1141 tilice,
2377 1073 2697 1145 baptismum
2747 1079 3040 1147 accepisse,
3093 1080 3235 1149 quod
3282 1086 3568 1143 sententiae
3618 1102 3754 1156 sua,

2164 1183 2264 1238 qua
2299 1167 2447 1222 illum
2495 1169 2667 1224 civem
2723 1170 3123 1240 Aquileiensem
3174 1176 3424 1245 opinatur
3470 1178 3658 1248 fuisse,
3699 1181 3756 1240 in

2164 1262 2350 1331 primis
2380 1262 2659 1332 sull'ragari
2712 1265 3023 1320 arbitratur.

2237 1351 2320 1408 15.
2355 1353 2572 1420 Verum,
2620 1365 2673 1410 ut
2720 1355 2850 1412 illud
2899 1357 3170 1424 omittam,
3203 1377 3272 1417 ex
3303 1379 3369 1419 eo
3395 1366 3534 1435 quod
3560 1367 3755 1426 Paulus

2159 1453 2366 1514 Optaret
2395 1445 2748 1503 Fortunatam
2779 1463 2808 1502 a
2833 1451 3102 1520 primaevis
3131 1455 3286 1509 annis
3316 1460 3580 1525 converti,
3612 1462 3755 1519 haud

2159 1553 2317 1606 posse
2338 1538 2589 1594 concludi
2620 1540 2703 1595 vel
2731 1541 2897 1598 fuisse
2919 1558 3260 1613 conversum,
3298 1548 3427 1604 illud
3461 1553 3591 1607 mihi
3619 1553 3755 1608 mul-

2159 1638 2213 1682 to
2242 1631 2590 1688 verisimilius
2622 1633 2854 1701 videtur,
2889 1635 3134 1705 Paulum,
3167 1638 3563 1710 Aquileiensem
3594 1645 3753 1701 Anti-

2155 1719 2359 1786 stitem,
2393 1721 2446 1776 id
2477 1732 2694 1792 optasse
2750 1726 2946 1795 potius,
2994 1736 3051 1782 ut
3073 1728 3237 1797 idem,
3272 1746 3403 1800 puer
3427 1733 3623 1805 adhuc,
3667 1737 3754 1794 vel

2085 1837 2134 1897 Β
2165 1815 2498 1885 adulescens,
2532 1817 2754 1888 abiectis
2784 1829 3098 1878 caeterarum
3139 1840 3318 1882 rerum
3369 1842 3538 1895 curis,
3569 1844 3753 1886 mona-

2162 1909 2350 1963 sticam
2375 1910 2537 1964 vitam
2569 1911 2830 1981 Aquileia:
2852 1915 3284 1985 amplecteretur,
3333 1936 3452 1975 cum
3479 1931 3654 1976 tamen
3685 1922 3750 1988 is,

2158 2001 2230 2056 ob
2283 2001 2429 2056 illam
2480 2002 2617 2059 forte
2642 2019 2880 2075 causam,
2929 2009 3074 2078 quod
3123 2009 3430 2068 Ravennam
3488 2015 3752 2085 proﬁcisci

2155 2095 2436 2163 cogitaret,
2496 2106 2550 2150 ut
2579 2111 2641 2150 ea
2670 2097 2722 2151 in
2757 2098 2912 2164 urbe,
2967 2107 3215 2171 tanquam
3239 2104 3586 2162 scientiarum
3634 2123 3751 2163 om-

2156 2189 2300 2243 nium
2335 2188 2545 2260 Lycaeo,
2576 2191 2768 2246 studiis
2819 2193 3120 2249 litterarum
3157 2197 3309 2252 daret
3334 2215 3574 2269 operam,
3607 2202 3747 2258 votis

2155 2281 2422 2352 pontificis
2474 2283 2695 2338 minime
2731 2283 3140 2354 obsequendum
3180 2289 3472 2346 censuerit.
3504 2293 3665 2348 Certe
3694 2292 3749 2351 id

2151 2384 2268 2430 erat
2326 2375 2586 2430 usitatum
2637 2376 2707 2430 iis
2754 2378 3106 2447 temporibus,
3167 2391 3224 2435 ut
3270 2381 3362 2452 qui
3412 2385 3746 2440 monasticen

2149 2471 2588 2536 amplecteretur,
2621 2468 2668 2523 is
2694 2467 2965 2525 diceretur
2993 2473 3262 2527 converti.
3293 2473 3389 2542 Ac,
3415 2484 3473 2528 ut
3502 2476 3745 2533 omittam

2148 2563 2323 2616 sancti
2372 2562 2576 2618 Bened.
2624 2565 2771 2621 c.58
2821 2565 2975 2637 Reg.,
3014 2576 3069 2622 et
3117 2569 3286 2623 sancti
3311 2569 3535 2641 Gregor.
3565 2572 3746 2643 magni

2151 2655 2481 2722 testimonia,
2518 2655 2610 2711 lib.
2639 2672 2696 2723 tt,
2728 2659 2885 2727 epist.
2937 2657 2970 2711 4
3001 2669 3055 2714 et
3087 2657 3156 2714 66
3190 2660 3333 2715 Edit.
3383 2661 3578 2728 Paris.,
3606 2663 3746 2718 Bau-

2148 2745 2382 2811 donivia,
2417 2762 2596 2803 coaeva
2643 2747 2957 2818 Fortunato,
3005 2766 3072 2826 ac,
3097 2753 3522 2810 sanctimonialis
3553 2771 3741 2814 mona-

2145 2839 2292 2892 sterii
2319 2839 2693 2906 Pictaviensis,
2713 2842 2767 2896 in
2797 2842 2914 2898 Vita
2934 2843 3105 2899 beata:
3125 2844 3489 2915 Radegundis,
3509 2863 3657 2902 num.
3681 2846 3737 2914 3,

2145 2934 2223 2990 sic
2271 2933 2339 2990 de
2381 2936 2494 3004 ipsa
2539 2937 2814 3008 loquitur:
2869 2939 3173 3010 Postquam,
3244 2941 3436 3010 inquit,
3503 2952 3742 3013 aperante

2144 3026 2321 3080 divina
2350 3030 2596 3098 potentia,
2625 3048 2657 3084 a
2685 3048 2802 3103 rege
2829 3042 3028 3087 terreno
3056 3034 3315 3098 discessit,
3344 3035 3483 3104 quod
3505 3051 3602 3088 sua
3627 3045 3740 3090 vota

2144 3121 2440 3192 poscebant,
2463 3125 2587 3177 dum
2619 3125 2845 3180 Suada:
2867 3126 2921 3180 in
2953 3125 3101 3193 villa,
3130 3143 3288 3197 quam
3314 3126 3360 3181 ei
3389 3143 3480 3181 rem
3506 3127 3736 3192 dederat,

2067 3210 2115 3274 C
2145 3212 2405 3280 resideret,
2439 3216 2493 3267 in
2530 3216 2699 3283 primo
2741 3233 2879 3270 anno
2935 3218 3282 3272 conversionis
3327 3234 3455 3287 sua,
3484 3228 3590 3274 etc.
3621 3219 3739 3276 iam

2143 3320 2272 3360 vero
2298 3317 2501 3362 certum
2533 3317 2615 3363 est
2643 3307 3053 3380 Radegundem,
3108 3310 3413 3366 Christiana
3456 3309 3509 3367 in
3539 3311 3738 3382 pietate

2141 3400 2208 3456 ab
2237 3411 2474 3456 extrema
2507 3403 2733 3472 pueritia
2760 3403 3066 3472 educatam,
3094 3418 3220 3459 cum
3251 3419 3280 3458 a
3315 3404 3552 3460 Clotario
3583 3420 3732 3476 rege,

2139 3493 2366 3565 conjuge
2387 3510 2509 3562 suo,
2555 3497 2918 3569 discessisset,
2952 3507 3010 3552 ut
3040 3498 3177 3554 infra
3218 3498 3426 3554 dicetur
3453 3499 3730 3569 (Furtum,

2041 3607 2046 3614 -
2138 3585 2191 3639 in
2227 3585 2341 3641 Vita
2362 3587 2421 3642 S.
2455 3588 2617 3655 καφ,
2639 3606 2691 3643 u.
2725 3567 2837 3659 ii),
2865 3590 3146 3646 confestim
3174 3590 3489 3663 Noviomagt
3515 3610 3545 3646 a
3577 3567 3734 3649 beato

2139 3675 2395 3733 Medardo
2442 3679 2700 3752 episcopo
2777 3680 3133 3736 monasticum
3193 3683 3382 3748 velum,
3425 3685 3725 3754 accepisse,

2137 3779 2297 3841 atque
2329 3771 2414 3827 hic
2446 3773 2672 3842 proinde
2711 3789 2884 3830 annus
2935 3779 3046 3847 ejus
3069 3778 3418 3832 conuersionis
3469 3779 3672 3848 primus
3702 3793 3731 3836 a

2139 3863 2463 3919 Baudonivia
2519 3867 2842 3938 appellatur.
2919 3868 3070 3924 Haud
3139 3884 3298 3926 aecus
3373 3869 3724 3939 Fortunatus,

2135 3957 2228 4013 lib.
2261 3974 2334 4028 tv,
2378 3975 2496 4029 cap.
2541 3961 2632 4030 25,
2681 3963 2903 4032 loquens
2945 3964 3016 4020 de
3067 3966 3302 4036 quodam
3348 3965 3581 4037 Iuliano,
3637 3968 3729 4038 qui

2133 4060 2288 4105 antea
2335 4059 2692 4106 mercaturam
2746 4063 3082 4123 exercuerat,
3135 4065 3272 4123 tum,
3303 4056 3403 4110 hac
3430 4055 3636 4124 relicta,
3667 4071 3728 4113 se

2137 4149 2306 4196 totum
2366 4143 2474 4196 Deo
2520 4156 2948 4212 consecraverat,
3018 4155 3168 4216 parta
3225 4146 3467 4204 tribuens
3517 4149 3724 4221 egenis,

2133 4233 2301 4306 inquit
2334 4254 2345 4288 :

2257 4348 2498 4414 Mercator
2522 4349 2783 4414 quondam,
2812 4363 3078 4402 conversus
3094 4351 3189 4414 ﬁne
3215 4353 3376 4414 beato,

2349 4411 2531 4472 Raptus
2544 4411 2614 4460 ab
2639 4413 2729 4459 hoc.
2750 4413 2926 4462 mundo
2946 4416 3148 4464 crimine
3174 4413 3300 4464 liber
3325 4411 3484 4466 homo.

2258 4471 2466 4540 Collegit
2490 4476 2709 4540 nimium,
2735 4477 2822 4524 sed
2847 4478 3022 4536 sparsit
3048 4479 3311 4538 egentibus
3327 4491 3518 4540 aurum,

2352 4533 2611 4584 I'rtemittit
2628 4545 2828 4586 cunctas
2841 4533 2960 4600 quas
2979 4534 3279 4602 sequeretur
3299 4553 3440 4603 Opes.

2208 4645 2296 4701 14.
2338 4644 2466 4701 Erat
2488 4657 2664 4704 autem
2693 4650 3004 4719 percelebre
3027 4653 3285 4722 Aquileiae
3303 4654 3710 4720 monasterium,

2133 4738 2217 4794 vel
2249 4738 2363 4807 ipsa
2392 4740 2569 4794 Rufini
2598 4748 2781 4810 artate,
2836 4743 2925 4812 qui
2985 4747 3285 4802 monachus
3316 4747 3367 4801 in
3389 4763 3456 4803 eo
3485 4747 3712 4814 vixerat,

2131 4846 2254 4888 cum
2290 4833 2514 4898 interea,
2570 4834 2616 4888 si
2674 4850 2833 4889 unum
2887 4835 3228 4894 V'ercellense
3268 4839 3527 4909 excipias,
3575 4841 3718 4897 aliud

2131 4924 2244 4978 fere
2290 4924 2342 4978 in
2372 4923 2521 4978 Italia
2575 4935 2722 4981 esset
2779 4927 2984 4983 nullum
3028 4941 3075 4984 ι.
3118 4929 3383 4986 Credibile
3432 4932 3610 5002 itaque
3635 4943 3719 4989 est

2128 5015 2196 5070 ad
2223 5017 2324 5071 hoc
2349 5016 2696 5087 Aquileiense
2742 5023 3134 5096 monasterium
3157 5022 3506 5078 Fortunatum
3536 5035 3658 5080 tunc
3686 5039 3717 5080 a

2129 5107 2296 5164 Paulo
2325 5111 2604 5165 invitatum
2648 5111 2840 5180 fuisse,
2885 5131 2991 5185 quo
3031 5115 3167 5170 forte
3191 5126 3243 5170 et
3275 5115 3421 5171 clero
3454 5115 3569 5186 (qui
3602 5117 3714 5173 fere

2128 5214 2344 5271 semper
2393 5201 2698 5272 adjunctam
2762 5214 2887 5261 tunc
2943 5205 3199 5276 temporis
3249 5206 3558 5264 monasticae
3591 5209 3716 5265 vita:

2128 5293 2518 5362 professionem
2587 5295 2844 5365 habebat)
2898 5297 3117 5364 ascitus,
3183 5299 3382 5369 majora
3457 5301 3712 5370 deinceps

2128 5391 2457 5463 Aquileiensi
2503 5393 2755 5450 Ecclesia:
2800 5394 3001 5460 ufiicia,
3025 5407 3027 5410 ‘
3053 5393 3149 5465 pro
3195 5397 3285 5451 illa
3317 5414 3418 5469 qua
3447 5407 3563 5454 erat
3592 5397 3714 5454 vita

2125 5485 2450 5556 innocentia,
2483 5496 2533 5543 et
2556 5487 2752 5556 ingenii
2782 5490 2919 5554 acie,
2950 5483 3230 5558 pra-staret
3266 5490 3316 5547 δ.

2197 5581 2284 5634 15.
2327 5580 2663 5648 Quanquam,
2696 5596 2817 5635 cum
2865 5580 2993 5636 illud
3037 5583 3422 5648 animadverto,
3466 5582 3712 5650 Paulum,

2123 5670 2234 5725 sive
2261 5669 2540 5723 Paulinum
2565 5670 2658 5738 (de
2683 5687 2789 5742 quo
2816 5672 2963 5742 plura
2990 5673 3243 5746 Ughellus
3268 5676 3319 5729 in
3343 5673 3500 5728 Italia
3524 5673 3711 5750 Sacra)

2192 5804 2217 5842 ι’
2266 5805 2394 5860 Vide
2422 5805 2612 5876 Ruin.,
2655 5807 2707 5862 in
2735 5809 2885 5878 prmi".
2928 5811 3026 5884 Op.
3059 5813 3116 5868 S.
3149 5812 3308 5882 Grcg.
3336 5809 3490 5876 Tun,
3513 5827 3564 5870 tt.
3591 5809 3680 5869 '55.
