4020 6346
247 350 313 404 '23;
812 345 814 347 '
1390 331 1548 410 vim
1590 352 1917 410 VENANTII
1962 354 2382 412 FORTUNATI.
3458 363 3529 420 so

249 467 603 539 Aquileiensis
655 467 910 524 Ecclesiae
969 467 1152 526 sedem
1183 482 1288 523 non
1337 477 1464 525 ante
1495 479 1679 525 tenere
1711 485 1825 524 cte-
1859 475 1907 531 Α
1935 469 2089 538 alius,
2122 473 2668 541 certe'l‘heodericus,
2703 476 2946 545 quamvis
2969 476 3233 533 interdum
3265 492 3441 534 saevus
3463 457 3526 536 ac

249 565 382 632 pisse
411 579 575 633 quam
631 578 776 618 anno
805 561 932 631 558,
969 564 1053 618 vel
1102 561 1229 628 559,
1285 562 1438 618 facile
1470 563 1728 631 adducor,
1779 571 1837 618 ut

246 657 481 722 credam,
515 656 870 713 Fortunatum
901 672 1005 713 non
1039 669 1144 712 tam
1169 659 1454 713 immatura
1485 665 1642 712 aetate
1671 656 1837 728 Aqui-

247 749 360 804 leia:
414 761 812 806 commoratum
875 750 1039 806 fuisse
1108 752 1155 804 ⁸.
1215 751 1345 805 Nam
1403 751 1449 805 si
1504 752 1617 820 ipse
1678 760 1836 804 natus

245 841 479 896 creditur
522 842 666 897 circa
726 858 924 896 annum
973 841 1098 908 550,
1127 821 1348 912 jamque
1400 857 1568 897 senex
1600 841 1832 895 Pictavis

243 934 390 998 obiit,
421 936 626 989 saeculo
659 936 892 1004 septimo
916 935 1084 990 ferme
1138 936 1376 1000 ineunte,
1430 935 1476 990 is
1517 933 1832 1005 vigesimum

243 1035 515 1090 octavum,
554 1038 646 1083 aut
675 1028 1157 1098 undetrigesimum
1208 1044 1405 1083 annum
1437 1030 1650 1097 agebat,
1686 1042 1832 1090 cum,

240 1121 336 1175 sub
382 1121 612 1176 Paulino
653 1122 926 1192 pontiﬁce,
961 1121 1222 1192 Aquileiae
1251 1121 1525 1177 habitabat
1552 1118 1580 1156 ι)
1627 1161 1641 1175 .
1675 1120 1831 1188 Quod

238 1215 279 1268 si
306 1213 452 1269 idem
503 1223 706 1280 narrat,
761 1214 902 1285 quod
955 1215 1209 1283 primazvis
1233 1217 1296 1268 ab
1326 1215 1474 1268 annis
1503 1229 1562 1269 se
1592 1213 1830 1267 invitarit

241 1301 436 1359 Paulus
489 1313 551 1358 ut
601 1313 1031 1370 converteretur,
1091 1313 1183 1359 aut
1242 1304 1295 1359 id
1349 1316 1504 1374 poeta
1549 1304 1834 1374 scripsisse

238 1395 501 1452 dicendus
528 1407 612 1453 est
639 1412 705 1452 eo
735 1408 974 1466 spectato
1008 1409 1249 1468 tempore
1277 1399 1521 1468 quoillos
1552 1398 1619 1452 de
1654 1396 1832 1452 sancti

239 1487 444 1543 Martini
473 1487 592 1542 Vita
625 1489 791 1544 libros
820 1490 1218 1556 conscribebat,
1254 1501 1379 1545 ante
1407 1507 1607 1544 annum
1642 1490 1834 1544 videli-

237 1591 316 1637 cet
339 1582 449 1638 376
494 1592 542 1648 ο,
584 1595 676 1638 aut
704 1600 831 1639 vero
869 1585 1082 1650 Paulus,
1128 1595 1416 1654 antequam
1470 1584 1832 1653 Aquileiensis

238 1677 471 1744 pontifex
497 1686 642 1732 esset
669 1686 903 1743 creatus,
931 1693 1052 1732 cum
1084 1677 1230 1733 idem
1260 1687 1437 1733 tamen
1480 1677 1616 1732 forte
1647 1677 1833 1732 Eccle-

236 1766 323 1821 siae
341 1768 493 1822 illius
521 1768 774 1834 clericus,
799 1781 888 1824 aut
909 1769 1205 1825 monachus
1226 1779 1391 1835 esset,
1415 1770 1482 1824 ad
1499 1785 1681 1839 parem
1708 1771 1832 1824 vitae

1941 564 2252 632 vehemens,
2280 579 2401 620 cum
2430 566 2600 621 doctis
2629 567 2932 623 hominibus
2956 568 3102 636 lavit,
3122 577 3230 626 tum
3248 569 3361 638 ipse
3389 571 3529 626 litte-

1939 672 2118 711 rarum
2138 659 2562 714 studiosissimus
2586 661 2701 716 luit.
2731 661 2800 716 Ut
2823 663 2964 717 enim
2993 663 3039 718 is
3059 663 3127 719 de
3142 678 3202 718 se
3228 665 3528 732 proﬁtetur,

1939 749 2181 806 scribens
2232 751 2297 804 ad
2355 751 2728 806 Cassiodorum
2761 770 2776 807 :
2811 751 3004 808 Gratus
3045 765 3118 808 est
3168 754 3312 808 nobis
3352 771 3529 810 eorum

1938 857 2134 913 semper
2156 854 2410 912 aspectus,
2469 845 2556 912 qui
2578 845 2764 897 nostris
2821 846 3030 910 unitatis,
3089 847 3326 918 gloriosis
3370 847 3531 900 actio-

1940 935 2104 998 nibus,
2136 936 2453 1001 insederunt,
2485 936 2726 1003 quoniam
2781 945 3082 1005 perpetuum
3114 937 3338 990 obsidem
3364 937 3522 990 dede-

1938 1029 2272 1080 runtamoris
2299 1029 2399 1091 sui,
2433 1027 2520 1095 qui
2569 1027 2710 1096 apud
2761 1044 2852 1082 nos
2901 1030 3100 1096 probati
3151 1037 3275 1083 sunt
3322 1030 3525 1084 studere

1939 1125 2114 1177 virtuti
2157 1124 2349 1198 (Epist.
2401 1123 2494 1192 28,
2523 1126 2562 1181 ι.
2589 1125 2693 1197 ιιι).
2752 1126 3002 1195 Ejusdem
3053 1143 3178 1182 vero
3209 1130 3260 1183 in
3289 1128 3530 1184 colendis

1938 1216 2236 1273 litterarum
2271 1219 2462 1274 studiis
2511 1220 2843 1290 diligentiam
2875 1231 2928 1275 et
2955 1213 3325 1276 assiduitatem
3356 1220 3528 1275 Atha-

1940 1307 2156 1375 laricus,
2187 1311 2276 1379 qui
2305 1308 2452 1364 illum
2485 1311 2537 1364 in
2569 1326 2737 1380 regno
2777 1312 3009 1378 excepit,
3055 1312 3412 1376 commendat,
3446 1311 3530 1366 his

1939 1401 2121 1456 verbis
2172 1403 2417 1458 scribens
2470 1404 2536 1457 ad
2594 1405 2843 1459 eumdem
2897 1403 3272 1460 Cassiodorum
3327 1421 3340 1457 :
3401 1403 3528 1458 Cum

1937 1504 2065 1548 esset
2112 1497 2316 1564 publica
2366 1513 2490 1551 cura
2529 1508 2803 1566 vacuatus,
2856 1499 3130 1552 sententias
3163 1498 3528 1566 prudentuma

1936 1589 2038 1641 luis
2091 1588 2280 1657 fabulis
2328 1591 2579 1660 eligebat,
2631 1601 2687 1645 ut
2737 1593 2890 1662 [actis
2939 1593 3160 1662 prepriis
3212 1608 3264 1644 se
3302 1596 3526 1659 regnaret

1936 1680 2177 1750 antiquis.
2211 1682 2495 1737 Stellarum
2521 1700 2724 1748 cursus,
2747 1685 2904 1738 maris
2924 1687 3091 1751 sinus,
3120 1683 3341 1751 fontium
3367 1683 3524 1734 mira-

1937 1771 2075 1837 cula,
2129 1775 2344 1826 rimator
2388 1776 2740 1839 acutissimus,
2792 1775 3098 1843 inquirebat,
3127 1783 3204 1838 ut,
3231 1790 3404 1827 rerum
3434 1788 3526 1826 na-

237 1865 497 1920 rationem
520 1867 949 1934 amplectendam
975 1865 1345 1930 Fortunatum,
1369 1863 1544 1918 adhuc
1575 1878 1820 1932 puerum,
1859 1856 1904 1915 Β
1934 1866 2062 1918 turis
2133 1866 2429 1936 diligentius
2504 1869 2856 1938 perscrutatis,
2913 1869 3124 1938 quidam
3204 1877 3525 1940 purpuratus

235 1957 313 2012 vel
336 1959 762 2026 adolescentem,
797 1961 1053 2016 dicendus
1078 1961 1354 2018 invitasse.

305 2049 394 2103 16.
432 2050 620 2118 Neque
651 2061 829 2107 tamen
862 2052 914 2106 in
945 2067 1010 2106 eo
1039 2067 1355 2123 repugnem,
1400 2051 1660 2120 Aquileiae
1691 2049 1826 2104 For-

238 2150 482 2199 tunatum’
511 2145 564 2200 in
599 2147 796 2215 pietate
824 2157 876 2201 et
907 2162 1090 2202 carum
1122 2161 1300 2201 rerum
1345 2145 1568 2201 scicntia
1607 2160 1726 2214 qua:
1758 2141 1825 2197 ad

235 2237 516 2291 colendam
559 2238 875 2306 religionem
928 2239 1196 2308 pertinent
1256 2237 1520 2307 proﬁcere
1566 2234 1822 2306 potuisse,

232 2343 293 2382 ac
319 2328 533 2384 Paulini
567 2332 732 2398 opera
760 2331 826 2384 ad
857 2345 974 2386 eam
1004 2347 1118 2386 rem
1162 2347 1317 2385 usum
1360 2328 1590 2384 fortasse
1634 2329 1818 2384 fuisse.

231 2421 380 2487 Quod
419 2437 550 2477 vero
591 2422 707 2492 ejus
754 2423 829 2478 rei
881 2422 1131 2477 indicium
1181 2422 1310 2476 illud
1367 2422 1569 2492 profert
1610 2421 1820 2476 clariss.

234 2513 425 2581 Liruii,
480 2516 626 2582 quod
676 2515 950 2585 Expositio
1001 2515 1266 2586 Symboli,
1327 2530 1484 2585 quam
1513 2513 1683 2569 edidit
1708 2514 1825 2583 ipse

235 2608 586 2676 Fortunatus,
622 2609 779 2679 plane
808 2611 1095 2666 sententiis
1121 2620 1379 2680 congruat
1408 2625 1526 2664 cum
1553 2609 1640 2664 illa
1664 2623 1823 2678 quam

233 2701 486 2771 Ruﬁnus,“
544 2695 904 2772 Aquileiensis
934 2702 1194 2759 Ecclesia:
1235 2703 1518 2773 presbyter
1545 2719 1607 2758 ac
1637 2718 1824 2759 mona-

231 2797 384 2862 chus,
417 2807 544 2852 ante
576 2797 841 2862 ediderat,
869 2797 919 2852 id
947 2798 1077 2851 mihi
1100 2797 1380 2853 declarare
1405 2798 1618 2852 videtur
1646 2797 1824 2866 potius

233 2890 313 2961 {ut
335 2891 515 2946 dicam
548 2906 648 2946 suo
671 2891 812 2959 loco)
845 2891 1218 2957 Fortunatum,
1253 2907 1372 2945 cum
1405 2891 1522 2960 ejus
1551 2891 1603 2944 in
1635 2903 1824 2944 manus

230 2983 320 3039 illa
365 2983 549 3038 Ruﬁni
597 2983 870 3054 Expositio
915 2983 1154 3055 Symboli
1184 2983 1445 3050 venisset,
1481 2982 1724 3038 eamdem
1754 2981 1822 3037 ad

231 3074 494 3129 Ecclesia:
526 3073 876 3129 Pictaviensis
907 3075 1118 3144 plebem
1141 3074 1490 3130 erudiendum
1518 3089 1822 3130 accommo-

228 3169 391 3223 dasse
415 3181 576 3238 quam
609 3176 667 3222 ut
688 3167 811 3222 inde
833 3168 1010 3222 evinci
1057 3167 1226 3237 possit
1263 3177 1520 3238 utrosque
1547 3167 1738 3222 eadem
1767 3166 1821 3222 in

229 3259 476 3316 Ecclesia
538 3259 712 3328 prima
776 3257 1094 3316 Christianas
1165 3259 1439 3330 religionis
1515 3259 1822 3315 rudimenta

228 3353 524 3424 accepisse.
591 3352 896 3408 Praesertim
942 3367 1064 3407 cum
1123 3352 1436 3424 Symbolum
1480 3352 1824 3423 Aquileiense

228 3446 328 3517 (uti
379 3447 533 3500 tesﬁs
569 3454 653 3500 est
703 3445 950 3512 Ruﬁnus,
1013 3445 1105 3500 lib.
1131 3460 1170 3512 ι,
1224 3445 1422 3500 lnvect.
1475 3446 1524 3499 in
1576 3453 1822 3501 sanctum

230 3537 641 3608 Hieronymum)
696 3553 763 3594 es
793 3537 1050 3593 Ecclesiae
1099 3537 1243 3592 illius
1295 3538 1581 3592 traditione
1610 3547 1667 3593 et
1691 3553 1823 3592 con-

227 3632 520 3686 suetudine
568 3629 810 3697 haberet,
835 3639 882 3685 et
934 3631 1102 3685 carnis
1163 3629 1322 3700 hujus
1371 3631 1818 3700 resurrectionem,

227 3723 386 3792 cujus
413 3721 563 3776 verbi
591 3721 845 3778 indicium
876 3723 1079 3778 nullum
1112 3721 1165 3777 in
1193 3721 1456 3793 Symbolo
1481 3721 1623 3792 quod
1652 3735 1822 3791 expo-

227 3817 304 3871 nit
337 3815 687 3872 Fortunatus.

299 3911 394 3964 17.
434 3909 485 3964 Is
513 3909 692 3981 itaque
718 3910 802 3980 (ut
829 3924 896 3965 eo
923 3909 1064 3966 unde
1108 3908 1423 3965 delleximus
1462 3907 1823 3978 revertamur)

229 4002 383 4058 Pauli
414 3993 764 4060 voluntati‘ac
793 4010 932 4061 votis
963 4005 1184 4061 minime
1205 4005 1470 4075 acquievit
1494 4003 1563 4059 ob
1593 4020 1735 4074 eam,
1767 4013 1826 4058 ut

227 4097 364 4164 dixi,
425 4111 644 4153 causam
700 4098 1086 4164 verisimiliter,
1138 4099 1281 4168 quod
1359 4099 1474 4168 ipse
1528 4098 1673 4152 aliud
1723 4097 1825 4152 sibi

229 4191 564 4246 domicilium
622 4207 686 4247 ac
738 4193 946 4258 sedem,
999 4194 1051 4248 in
1103 4209 1208 4261 qua
1265 4193 1566 4248 litterarum
1633 4191 1825 4247 studiis

232 4286 462 4342 liberius
505 4297 559 4341 et
605 4289 961 4356 Opportunius
1029 4301 1224 4343 vacare
1282 4295 1484 4357 posset,
1541 4287 1822 4356 cogitaret.

231 4379 364 4434 Erat
389 4389 593 4444 autem,
621 4395 686 4436 ea
724 4387 902 4443 aetate,
934 4379 1211 4450 aptissima
1255 4380 1395 4434 inter
1423 4389 1645 4435 caeteras
1677 4378 1824 4432 illam

226 4471 293 4526 ad
323 4487 443 4528 rem
494 4472 775 4539 Ravenna,
818 4473 1171 4530 celeberrima
1218 4473 1431 4540 civitas,
1473 4473 1525 4527 in
1552 4487 1653 4543 qua
1685 4471 1823 4542 jam-

1932 1957 2188 2012 videretur
2218 1977 2324 2015 esse
2350 1963 2713 2032 philosophus.
2758 1963 3018 2029 Quocirca
3055 1963 3275 2018 minime
3323 1961 3525 2017 miran-

1933 2050 2058 2104 dum
2113 2063 2198 2109 est
2246 2054 2348 2108 sub
2408 2055 2605 2110 talibus
2677 2057 2892 2125 regibus
2952 2057 3298 2112 scientiarum
3347 2056 3523 2111 studia

1934 2143 2201 2201 Ravenna:
2263 2149 2314 2202 in
2370 2151 2558 2218 primis
2613 2150 2881 2217 ﬂoruisse,
2951 2166 3120 2219 eaque
3188 2147 3411 2219 publicis
3465 2148 3521 2203 in

1931 2239 2223 2308 gymnasiis
2247 2229 2505 2310 praeclare
2556 2243 2872 2309 constituta,
2901 2243 2984 2298 vel
3009 2244 3073 2295 ad
3108 2243 3356 2296 citeriora
3383 2251 3522 2294 tem-

1933 2345 2058 2398 pora
2084 2334 2363 2400 pervenire
2393 2333 2654 2402 potuisse,
2675 2335 2741 2388 ad
2765 2349 2882 2403 qua:
2907 2334 3226 2388 addiscenda
3250 2332 3516 2398 homines,

1931 2421 2228 2478 litterarutn
2258 2425 2459 2495 cupidi,
2500 2427 2734 2496 undique
2758 2432 3126 2482 convenirent.

2004 2515 2090 2572 18.
2130 2515 2244 2572 lluc
2274 2518 2452 2586 itaque
2474 2535 2532 2573 se
2560 2519 2883 2573 Fortunatus
2916 2520 3162 2587 contulit,
3215 2517 3520 2586 ibidemque

1932 2608 2114 2662 tandiu
2142 2621 2509 2665 commoratus
2529 2622 2629 2677 est,
2658 2612 2834 2682 quoad
2869 2611 3087 2666 uberem
3122 2612 3521 2680 pretiosamque

1928 2701 2229 2758 liberalium
2258 2706 2452 2759 artium
2502 2705 2888 2776 supellectilem
2940 2707 3063 2760 inde
3093 2713 3418 2774 exportaret.
3451 2703 3530 2759 Ut

1929 2797 2071 2850 enim
2103 2797 2172 2852 de
2196 2798 2313 2867 ipso
2359 2801 2549 2855 scribit
2599 2801 2792 2854 Paulus
2826 2801 2993 2866 Diac.',
3055 2799 3144 2856 lib.
3178 2817 3237 2865 ll,
3270 2815 3390 2868 cap.
3425 2797 3512 2861 l5,

1929 2887 2064 2944 Hist.
2097 2889 2264 2959 Long.
2294 2907 2308 2943 :
2344 2891 2617 2960 Ravennae,
2671 2893 2863 2962 inquit,
2909 2893 3132 2946 nutritus
3159 2902 3205 2945 et
3253 2893 3436 2945 doctus
3465 2892 3520 2944 in

1926 2990 2034 3034 arte
2087 2987 2444 3052 grammatica,
2491 2985 2592 3038 sive
2623 2984 2898 3050 rhetorica,
2955 3001 3045 3038 seu
3086 2986 3237 3038 etiam
3286 2985 3518 3050 metrica,

1926 3078 2241 3132 clarissimus
2282 3079 2498 3133 exstitit.
2551 3077 2670 3149 Ipse
2698 3081 2883 3144 etiam,
2929 3079 3324 3136 modestissime
3368 3077 3435 3133 de
3461 3093 3521 3134 se

1928 3170 2177 3240 loquens,
2204 3171 2399 3240 quibus
2425 3171 2632 3227 artibus
2656 3173 2710 3227 in
2742 3171 2932 3242 primis
2977 3173 3250 3227 Ravennae
3297 3171 3520 3226 studue-

1929 3259 2018 3328 rit,
2051 3272 2232 3317 narrat
2260 3262 2352 3316 lib.
2386 3278 2422 3315 ι.
2455 3261 2525 3316 de
2553 3261 2672 3316 Vita
2713 3263 2882 3316 sancti
2917 3261 3126 3316 Martini
3174 3260 3256 3314 his
3295 3258 3518 3316 verbis:

2022 3353 2110 3404 Ast
2131 3367 2227 3415 ego
2251 3367 2427 3404 sensus
2451 3355 2611 3415 inops,
2638 3352 2773 3402 Italae
2795 3358 2941 3416 quota
2970 3355 3128 3414 portio
3151 3352 3364 3414 linguaa?

2024 3417 2165 3466 Ftece
2190 3417 2372 3478 gravis,
2399 3429 2632 3465 sermone
2658 3415 3018 3475 Ievis,’ratione
3053 3417 3360 3477 pigresceus,

2025 3479 2192 3529 Mente
2219 3480 2396 3539 hebes,
2426 3487 2532 3527 arte
2555 3489 2746 3534 carens,
2769 3490 2857 3527 usu
2882 3478 3035 3535 rudis,
3057 3489 3147 3526 ore
3167 3489 3259 3525 nec
3283 3488 3486 3540 expers,

2022 3541 2178 3590 Parva
2204 3542 2534 3601 grammaticae
2562 3540 2783 3588 lambens
2803 3540 3084 3588 reﬁuaniina
3109 3548 3282 3599 guttae,

2022 3601 2299 3652 Rhetorica:
2325 3606 2563 3662 exiguum
2591 3601 2850 3662 praehbans
2874 3604 3086 3664 gurgitis
3110 3601 3360 3662 haustum,

2020 3663 2142 3716 Coto
2167 3678 2231 3714 ex
2255 3664 2479 3726 juridica,
2501 3665 2579 3712 cui
2608 3665 2681 3712 vix
2712 3663 3130 3725 rubigo’recessil,

2022 3727 2140 3785 Quae
2168 3731 2299 3788 prius
2321 3727 2550 3786 addidici,
2583 3726 2860 3784 dediscens,
2887 3735 2939 3775 et
2960 3727 3040 3774 cui
3065 3731 3251 3776 tantum

2019 3791 2220 3838 Artibus
2246 3804 2306 3838 ex
2329 3789 2424 3838 illis
2447 3789 2568 3838 odor
2594 3797 2670 3836 est
2693 3791 2736 3834 in
2776 3789 2974 3835 naribus
3001 3788 3106 3836 istis
3134 3799 3145 3834 :

2025 3851 2134 3899 Non
2161 3858 2406 3911 praetexta
2425 3851 2546 3898 mihi
2571 3850 2737 3898 rutilat
2761 3858 2892 3908 toga,
2917 3849 3127 3911 peunula
3154 3847 3312 3911 nulla;

2024 3912 2127 3962 Jam
2153 3909 2263 3961 mea
2291 3912 2417 3960 nuda
2438 3912 2592 3959 fames
2617 3919 2848 3972 superest
2872 3909 2933 3958 de
2961 3922 3178 3972 paupere
3203 3909 3391 3971 lingua.

2001 4016 2088 4070 19.
2132 4015 2266 4070 Hinc
2292 4015 2540 4084 Opinatur
2573 4015 2877 4081 Browerus,
2912 4028 2962 4068 c.
2997 4012 3032 4067 2
3061 4013 3196 4069 Vitae
3244 4013 3416 4079 Fort.,
3445 4024 3518 4068 ita

1929 4109 2076 4164 illum
2113 4108 2286 4161 leviter
2312 4104 2494 4159 litteris
2539 4106 2787 4158 imbutum
2833 4105 3015 4172 fuisse,
3065 4114 3120 4158 ut
3147 4120 3306 4174 neque
3349 4113 3518 4174 togam

1927 4211 2248 4268 prwtextam,
2307 4198 2507 4270 publice
2559 4197 2686 4267 gesti
2761 4198 2982 4250 muneris
3032 4195 3251 4266 insigne,
3297 4211 3520 4265 unquam

1929 4295 2144 4362 adeptus
2169 4293 2256 4360 sit,
2285 4307 2446 4362 neque
2475 4291 2751 4360 pennulam
2781 4289 2997 4343 docendi
3041 4305 3196 4344 causa
3219 4289 3512 4357 sumpserit.

1931 4389 1999 4441 At
2029 4387 2198 4440 multo
2248 4384 2591 4440 verisimilius
2639 4394 2721 4439 est
2766 4383 3139 4447 Fortunatum,
3191 4397 3302 4451 pra:
3351 4382 3518 4436 animi

1929 4479 2194 4534 modestia
2220 4493 2282 4533 ac
2313 4478 2600 4548 prepositaz
2628 4477 2752 4532 vita:
2783 4476 3050 4540 instituto,
3096 4474 3238 4528 ultro
3278 4472 3345 4526 ab
3387 4472 3516 4537 illis,

230 4564 441 4635 pridem
473 4565 769 4632 HonoriUS,
800 4564 1106 4620 Occidentis
1149 4566 1364 4634 impetu
1412 4563 1615 4632 regiam
1639 4561 1822 4618 δεύεαι
1853 4592 1904 4654 υ
1929 4572 1974 4628 si
2004 4571 2286 4642 quierant,
2329 4569 2620 4625 honoribus
2660 4569 3006 4634 abstinuisse,
3033 4581 3192 4636 quam
3242 4566 3514 4620 hominem

229 4659 607 4724 constituerat,
643 4669 779 4724 tum,
810 4656 1069 4713 Romanis
1100 4659 1274 4724 victis,
1319 4672 1382 4711 ac
1411 4657 1576 4726 pulsis
1604 4658 1820 4724 imper.,

228 4752 478 4807 Odoacer
505 4765 601 4806 rex
630 4750 948 4828 Gothorum,
975 4765 1039 4806 ac
1068 4765 1279 4816 rursus,
1311 4749 1413 4805 hoc
1439 4748 1612 4819 pulso,
1642 4748 1823 4803 Theo-

229 4845 476 4912 dericus,
501 4845 801 4900 Gothorum
823 4829 930 4900 luna
959 4854 1016 4900 et
1046 4843 1277 4899 Roman.
1313 4859 1429 4910 rex,
1462 4853 1516 4898 et
1546 4842 1636 4897 alii
1666 4841 1825 4896 dein-

229 4956 381 5010 ceps,
432 4955 531 4995 sua
574 4939 850 4996 domicilia
903 4939 1226 4996 habuerunt.
1271 4938 1457 4995 Solent
1506 4951 1633 4992 vero
1664 4936 1826 5006 regite

229 5034 479 5088 civitates
524 5047 646 5087 cum
686 5041 1003 5087 caeterarum
1059 5047 1239 5087 rerum
1286 5031 1602 5102 opportunis
1653 5029 1826 5096 copiis

231 5126 531 5191 abundare,
559 5136 670 5179 ttnn
701 5128 814 5182 fere
836 5125 918 5181 vel
948 5125 1308 5181 litteratorum
1338 5125 1612 5179 hominum
1638 5136 1828 5178 nume-

235 5235 292 5273 ro
313 5235 378 5274 ac
399 5219 751 5274 scientiarum
809 5219 1018 5273 cultura
1061 5217 1272 5273 caeteris
1316 5215 1662 5280 antecellere,
1693 5229 1827 5285 quos

234 5313 488 5367 nimirum
521 5327 711 5382 regum
759 5311 1071 5376 liberalitas,
1101 5320 1154 5364 et
1185 5309 1448 5363 honorum
1495 5307 1743 5374 ambitio,
1775 5315 1830 5362 et

232 5404 520 5460 commoda
551 5406 654 5459 alia
683 5420 751 5460 ex
778 5404 1031 5459 omnibus
1058 5402 1172 5458 fere
1201 5403 1361 5458 terris
1385 5417 1664 5457 accersere
1692 5415 1826 5455 con-

233 5507 551 5562 sueverant,
599 5499 900 5572 praesertim
930 5510 1059 5551 vero
1087 5495 1135 5550 si
1162 5494 1208 5549 is
1239 5494 1330 5564 qui
1352 5509 1532 5550 rerum
1564 5507 1827 5549 summam

237 5600 388 5646 tenet
418 5606 524 5646 non
557 5591 766 5646 alienus
794 5606 823 5646 a
856 5590 1050 5645 litteris
1089 5588 1356 5645 videatur.
1387 5589 1456 5643 At
1487 5587 1534 5643 si
1563 5588 1828 5658 quispiam

307 5761 335 5789 ιι
382 5751 519 5821 Lege
567 5752 810 5820 Paginm,
850 5750 928 5804 ad
965 5765 1053 5804 an.
1086 5751 1212 5814 559,
1243 5766 1296 5804 n.
1329 5750 1385 5814 9,
1420 5758 1476 5804 et
1505 5750 1728 5816 Murat.,
1761 5751 1829 5806 ad

237 5822 460 5947 2:35:50
488 5834 544 5879 et
571 5822 708 5888 570;
745 5823 967 5877 Paulum
993 5821 1166 5891 Diac.,
1194 5825 1229 5877 Ι.
1264 5838 1324 5896 ιι,
1357 5823 1426 5878 de
1461 5822 1593 5878 Bell.
1631 5823 1827 5895 Long,

237 5909 285 5948 ς.
357 5909 412 5947 υ.
919 5909 924 5914 ·

1931 4681 2036 4719 ιιοιι
2065 4663 2271 4734 vulgari
2301 4662 2519 4732 ingenio
2570 4676 2668 4716 nec
2699 4659 2958 4716 mediocri
2987 4659 3230 4714 doctrina
3255 4666 3516 4728 praestan-

1929 4765 2034 4812 tem
2058 4756 2147 4810 illa
2180 4755 2442 4810 honorum
2470 4752 2721 4822 insignia,
2772 4767 2893 4823 quae
2924 4752 3193 4822 plerisque
3243 4750 3516 4818 patebant,

1928 4864 2027 4918 pro
2073 4847 2315 4903 scientiae
2368 4847 2624 4902 tenuitate
2655 4853 2711 4901 et
2751 4845 3054 4901 litterarum
3101 4843 3279 4913 inopia
3303 4843 3518 4913 assequi

1931 4956 2037 4996 non
2072 4939 2338 5010 potuisse.
2381 4939 2688 4995 Praesertim
2716 4953 2846 4994 vero
2871 4953 2994 4993 cum
3046 4937 3262 4992 aliunde
3306 4943 3518 4993 constet

1936 5036 2186 5090 eumdem
2218 5033 2404 5089 laudes
2426 5048 2550 5089 suas
2580 5032 2906 5088 extenuandi
2947 5045 3162 5100 semper
3191 5027 3522 5086 studiosissi-

1931 5145 2076 5184 mum
2107 5129 2291 5195 luisse,
2324 5136 2384 5183 ut
2414 5137 2697 5196 propterea
2733 5125 3030 5180 mirandum
3062 5140 3166 5180 non
3201 5123 3269 5178 sit
3293 5121 3342 5176 id
3371 5119 3512 5190 quod

1931 5237 2027 5277 suo
2076 5222 2307 5292 quodam
2381 5222 2626 5277 instituto
2670 5232 2725 5276 et
2771 5221 2935 5276 animi
2984 5219 3246 5275 sententia
3292 5213 3516 5284 adipisci

1933 5314 2284 5384 neglexisset,
2316 5311 2382 5366 ad
2413 5313 2557 5367 illam
2581 5327 2700 5381 quae
2721 5312 2789 5378 de
2819 5314 2936 5380 ipso
2961 5319 3078 5366 erat
3098 5306 3294 5379 ingenii
3317 5303 3515 5361 fumant

1932 5416 1988 5462 et
2017 5407 2274 5462 doctrina:
2306 5405 2721 5460 imminuendam
2753 5405 3075 5460 traduxisse.

2003 5499 2185 5556 20.13
2249 5499 2412 5570 igitur
2470 5501 2740 5556 Ravennae
2802 5516 2922 5556 cum
2997 5496 3361 5570 grammaticae,
3417 5497 3522 5552 sive

1934 5597 2220 5661 rhetoricae,
2251 5597 2354 5651 sive
2381 5597 2604 5651 metrica:
2629 5595 2816 5653 sedulo
2848 5609 3080 5666 operam,
3099 5593 3333 5664 navavit,
3366 5594 3518 5663 cujus

2007 5752 2034 5791 ι’
2074 5754 2292 5808 Auctor.
2326 5753 2461 5807 Hist.
2495 5753 2688 5808 Litter.
2719 5754 2975 5808 Francor.

2010 5836 2032 5862 ο
2076 5824 2214 5894 Lege
2252 5840 2371 5893 quae
2427 5825 2797 5879 adnotavimus
2842 5826 2908 5881 ad
2938 5825 2974 5880 I.
3026 5841 3102 5894 tv,
3159 5825 3295 5882 Vitae
3349 5823 3519 5886 sancti

1939 5895 2168 5962 Martini,
2204 5909 2320 5964 pag.
2359 5896 2485 5950 470.
