4020 6346
475 344 564 402 -ιτ
1044 335 1560 393 PROLEGOMENA
1601 334 1692 397 Ab
1733 328 2061 391 VENAN'I’II
2104 323 2260 391 MN.
2299 325 2505 385 CLEtI.
2543 324 2941 387 FORTUNATI
2980 307 3255 386 orsus}
3694 316 3763 374 ss

492 455 696 518 deinde
717 453 851 515 artis
877 465 982 522 (tu
1014 451 1163 519 plura
1194 451 1408 519 scripsit
1434 410 1708 517 praeclare,
1738 446 1854 507 sive
1883 444 2075 510 soluta,
2104 444 2156 505 Δ
2184 442 2401 498 ﬂuvium
2433 444 2644 499 obviam
2675 443 2939 511 processit
2972 458 2986 495 :
3020 441 3186 513 Eique
3208 438 3454 492 Alboinus
3480 435 3584 506 (uti
3622 434 3762 491 cita-

492 551 613 611 slve
660 550 847 619 ligata.
899 548 1163 611 oratione,
1198 556 1395 605 tunae
1421 541 1558 613 juris
1585 542 1797 613 quidem
1836 540 2076 597 scientia:

496 657 701 714 expers
730 641 853 703 fuit.
882 642 1156 710 quamvis.
1181 653 1277 708 pro
1302 636 1560 706 singulari
1584 634 1860 693 modestiae
1878 633 2075 701 Studia,

494 737 591 794 illa
620 751 680 792 se
719 734 962 802 attigisse
1013 732 1198 791 leviter
1250 729 1617 789 tantummodo
1646 744 1711 784 ac
1755 729 1918 785 veluti
1946 727 2079 783 deli-

492 829 654 887 basse
682 828 932 884 fateatur.

553 922 659 996 Si.
702 922 758 975 In
786 920 937 974 hisce
970 932 1095 974 vero
1112 915 1308 973 studiis
1347 915 1535 973 habuit
1559 914 1882 970 Fortunatus
1914 912 2078 982 (quod

492 1026 637 1085 me
660 1020 783 1067 erat
806 1024 1031 1065 necesse
1054 1008 1112 1067 in
1144 1008 1237 1064 illo
1261 1009 1560 1063 litterarum
1598 1004 1888 1073 domicilio)
1921 1004 2078 1070 alios,

494 1120 705 1175 reosque
725 1103 949 1163 scientia
979 1111 1035 1163 et
1064 1102 1277 1173 ingenio
1324 1102 1520 1169 claros,
1572 1099 1771 1165 socios,
1811 1111 1942 1171 quos
1968 1097 2082 1164 ipse

502 1199 784 1257 universos
828 1196 1066 1252 imitans
1126 1196 1194 1257 ad
1250 1195 1423 1251 sancti
1495 1193 1704 1249 Martini
1758 1191 2081 1246 Turonensis

498 1289 766 1362 pontiﬁcis
792 1289 980 1349 laudes
1010 1288 1387 1354 celebrandas,
1414 1287 1494 1345 sic
1542 1302 1639 1357 per
1661 1285 1903 1347 libellum
1926 1299 2080 1339 suum

492 1383 686 1443 ὡιιιι
717 1401 733 1438 :

586 1476 866 1538 Promptius
887 1474 1088 1537 allecto,
1114 1488 1302 1538 precor.
1329 1475 1443 1525 inde
1473 1474 1673 1536 require
1696 1469 1922 1538 sodales;

586 1537 639 1588 Si
665 1536 811 1587 sociis
833 1539 1069 1597 lnqueris,
1098 1536 1283 1585 veniam
1316 1540 1499 1597 ιηὶνιίιιθ
1525 1536 1751 1585 mereris.

586 1598 793 1659 Porrigo
813 1593 1065 1648 materiam
1091 1603 1268 1661 quibus
1292 1593 1411 1647 hanc
1437 1611 1549 1655 ego,
1580 1605 1627 1645 ut
1655 1610 1744 1644 ore
1762 1593 1990 1656 rotundo,

590 1662 787 1715 limini
809 1667 967 1722 gestis
984 1663 1207 1713 florettia
1233 1666 1440 1711 carmina
1468 1666 1699 1721 pangant,

597 1724 658 1783 Et
673 1725 807 1774 claro
832 1728 1028 1785 ingenio
1054 1732 1221 1773 texant
1248 1727 1521 1786 spargenda
1549 1736 1635 1785 per
1660 1723 1849 1769 orbem.

565 1808 657 1862 ‘22.
701 1807 867 1862 Porro
887 1821 1005 1863 cum
1036 1809 1150 1877 ipse
1173 1807 1344 1863 adhuc
1365 1816 1509 1861 esset
1537 1794 1827 1867 Ravennae,
1853 1801 2086 1870 graviter
2115 1820 2162 1891 Β

498 1901 671 1957 oculis
702 1901 947 1956 laborare
977 1900 1160 1968 cmpit,
1208 1908 1263 1952 ut
1286 1899 1394 1968 jam
1444 1914 1627 1952 eorum
1663 1897 1841 1951 lumen
1880 1895 2078 1950 sensim

496 2008 667 2067 prope
696 1994 986 2051 amitteret.
1024 1991 1153 2045 Erat
1183 2007 1245 2049 ea
1279 1994 1329 2045 in
1361 1990 1493 2044 urbe
1524 1989 1742 2051 basilica
1772 2000 2080 2041 sanctorum

500 2094 796 2158 martyrum
824 2084 1048 2140 Joannis
1076 2096 1127 2140 et
1154 2084 1323 2145 Pauli.
1361 2084 1415 2137 in
1444 2083 1666 2153 ipsaque
1703 2082 1871 2136 altare
1905 2081 1956 2134 in
1979 2093 2082 2148 quo

500 2180 758 2234 memoria
790 2179 1065 2234 colebatur
1086 2179 1256 2233 sancti
1285 2178 1329 2232 Μ
1352 2178 1516 2245 ιιυιὶηἰ,
1541 2176 1781 2246 episcopi
1804 2176 2084 2230 Turonen-

495 2273 593 2340 sis,
623 2283 733 2329 toto
758 2272 868 2342 jam
888 2273 1027 2327 .orbe
1079 2272 1218 2327 fama
1272 2269 1570 2325 sanctitatis
1617 2280 1671 2325 et
1723 2268 2085 2338 prodigiorum

504 2366 794 2439 splendore
824 2368 1172 2438 percelebris,
1205 2382 1267 2422 ac
1292 2366 1345 2421 in
1380 2365 1580 2434 pariete
1622 2365 1738 2434 ejus
1768 2364 1941 2434 imago
1972 2371 2089 2418 erat

501 2460 732 2531 depicta.
795 2460 943 2515 lianc
972 2461 1023 2515 in
1056 2458 1329 2514 basilicam
1386 2474 1508 2515 cum
1543 2458 1587 2512 is
1638 2456 1885 2518 feSIinus,
1929 2470 2087 2524 opem

500 2552 908 2625 imploraturus,
952 2554 1213 2621 venisset,
1256 2569 1318 2609 ac
1362 2554 1497 2607 forte
1548 2552 1793 2625 lychnus,
1833 2552 1899 2607 ad
1924 2551 2090 2604 altare

503 2647 709 2720 positus
737 2646 838 2702 sub
862 2648 1090 2719 quadam
1126 2646 1382 2715 fenestra,
1434 2645 1670 2714 arderet,
1700 2645 1807 2701 litis
1861 2660 1925 2698 ex
1970 2644 2089 2705 oleo

505 2735 684 2811 lychni
708 2740 903 2805 oculis,
932 2738 1022 2795 illa
1053 2739 1368 2810 aegritudine
1388 2738 1674 2794 confestim
1702 2747 1784 2793 est
1814 2737 2090 2792 liberatus.

511 2831 605 2893 Sed
636 2840 853 2903 praestat
884 2831 1239 2890 Fortunatum
1290 2832 1465 2901 ipsum
1518 2830 1723 2896 audire,
1748 2844 1864 2886 rem
1898 2839 2089 2895 tatam,

507 2932 563 2979 at
588 2934 739 2999 gesta
766 2932 869 2989 est,
900 2932 1265 2990 enarrantem,
1296 2939 1457 2995 supra
1491 2925 1656 2980 citato
1683 2922 1821 2980 libro
1852 2938 1922 2991 tv,
1954 2922 2092 2978 Vitae

509 3016 675 3072 .ancti
705 3017 941 3086 Martini,
976 3017 1123 3072 hisce
1153 3017 1399 3073 versibus
1434 3035 1447 3072 :

599 3105 719 3171 I_nde
743 3106 1071 3171 Ravennatem
1097 3109 1315 3171 placitam
1343 3116 1458 3171 pete
1477 3106 1864 3171 dulciusiurbem
1887 3119 1901 3154 :

599 3169 663 3232 Et
682 3178 801 3232 pete
822 3170 1018 3220 Ilertini
1042 3169 1272 3231 loculum,
1294 3169 1412 3232 quo,
1431 3172 1541 3230 jure
1564 3170 1748 3228 sacelli,

598 3230 705 3285 Jam
728 3231 1043 3293 desperatum
1062 3233 1226 3287 lumen
1251 3230 1371 3285 mibi
1397 3230 1607 3283 reddidit
1631 3238 1817 3291 auctor,

599 3293 911 3357 Muneraqui
938 3295 1125 3357 tribuit,
1146 3295 1342 3357 saltem,
1368 3306 1508 3356 rogo,
1537 3295 1685 3357 verba
1710 3293 1955 3356 repende,

604 3355 690 3419 Est
712 3356 792 3404 ubi
817 3356 1028 3404 basilicas
1048 3356 1237 3404 culmen
1266 3355 1400 3405 Pauli
1428 3365 1573 3419 atque
1597 3355 1815 3418 Joannis,

604 3417 697 3482 llic
719 3419 878 3482 paries
899 3419 1085 3482 retinet
1099 3421 1250 3482 sancti
1273 3419 1365 3467 sub
1388 3417 1597 3482 imagine
1619 3417 1838 3482 formam,

512 3508 519 3517 ι
603 3480 953 3543 ᾼηιριοσιρηᾶει
980 3482 1083 3542 ipso
1104 3480 1232 3530 dulci
1257 3484 1443 3543 picture
1467 3481 1649 3529 colore.

609 3542 713 3589 Sub
732 3543 941 3599 pedibus
959 3543 1073 3599 justi
1101 3542 1265 3603 partes
1289 3543 1434 3590 habet
1456 3550 1561 3590 arte
1584 3543 1884 3591 fenestram:

606 3603 831 3664 lychnus
850 3604 1007 3665 adest,
1031 3605 1168 3663 cujus
1191 3606 1346 3654 vitrea
1368 3610 1505 3651 natat
1524 3605 1649 3663 ignis
1671 3608 1719 3653 in
1744 3618 1886 3653 urna.

609 3665 718 3728 [lue
743 3679 836 3721 ego
855 3668 970 3713 dum
988 3678 1213 3727 propero,
1241 3666 1396 3713 valido
1419 3672 1681 3728 torquente
1702 3666 1891 3728 dolore,

607 3725 931 3792 Diffugimus,
960 3725 1190 3792 gemens,
1214 3728 1463 3792 oculorum
1490 3730 1597 3775 luce
1618 3726 1875 3792 fenestris;

609 3787 715 3852 Quo
739 3787 903 3852 prorul
920 3787 980 3838 ut
1000 3791 1142 3849 tetigi
1168 3787 1430 3852 benedicti)
1452 3788 1618 3838 lumen
1636 3790 1783 3851 olivo,

609 3849 792 3919 Igneus
816 3851 900 3901 ille
922 3865 1068 3919 vapor
1090 3852 1327 3919 marcenti
1350 3849 1511 3919 fronte
1532 3854 1765 3919 recessit,

605 3911 667 3961 Et
690 3927 910 3973 praesens
930 3911 1149 3965 ur'edicos
1166 3914 1342 3963 blando
1362 3913 1501 3975 fugat
1520 3911 1979 3975 unguine'morbos.

582 3998 680 4059 25.
704 3999 817 4056 Una
842 4014 964 4055 eum
990 3998 1283 4057 Fortunato
1311 3998 1481 4066 Felix,
1507 3998 1750 4067 ejusdem
1786 3996 2097 4066 familiaris,

513 4101 574 4149 et
601 4093 656 4148 iu
687 4092 882 4148 studiis
931 4093 1229 4149 litterarum
1261 4091 1463 4161 socius,
1495 4106 1616 4147 cum
1672 4102 1726 4148 et
1773 4094 1889 4162 ipse
1936 4090 2101 4147 simili

514 4185 832 4256 egritudine
851 4184 1130 4241 oculorum
1150 4185 1445 4254 laboraret,
1477 4199 1545 4239 ex
1570 4186 1744 4245 sancti
1770 4184 1980 4239 Martini
2007 4198 2101 4253 pa—

510 4281 772 4350 trocinio,
800 4288 852 4336 et
880 4278 1000 4349 ejus
1026 4279 1133 4335 olei
1161 4278 1380 4347 virtute,
1415 4278 1673 4343 liberatus
1716 4287 1818 4334 est.
1858 4277 1923 4333 Ut
1953 4276 2098 4333 enim

518 4383 706 4447 narrat
745 4374 813 4431 tle
866 4373 1109 4442 utrisque
1159 4372 1357 4427 Paulus
1410 4370 1586 4437 Diac.,
1636 4371 1731 4425 lib.
1771 4386 1831 4435 ιι,
1859 4383 1977 4438 cap.
2012 4368 2098 4432 15,

508 4468 721 4525 ίείἱδιοτ.
752 4467 920 4536 Long.
950 4484 963 4520 :
994 4464 1092 4519 Hic
1118 4462 1488 4536 (Fortunatus)
1539 4479 1655 4521 cum
1696 4463 1961 4517 oculorum
2007 4462 2101 4515 do-

2106 3185 2164 3263 ς

2182 543 2235 593 ιο
2266 536 2382 591 loco
2416 536 2578 589 refert
2603 535 2797 607 I’aulus
2833 534 3141 601 Diaconus),
3174 543 3229 586 ut
3273 541 3381 585 erat
3414 528 3759 601 largissimus,

2180 642 2349 684 omnes
2373 625 2618 681 Ecclesia:
2638 643 2747 681 sua:
2772 628 3047 697 facultates
3093 624 3373 689 postulanti
3424 621 3694 685 concessit,
3719 628 3765 675 ct

2178 734 2269 788 per
2296 734 2444 771 suum
2488 719 2876 787 prammaticum
2925 714 3183 785 postulata
3237 715 3477 783 firmarit.
3533 712 3767 780 Hujusce

2181 809 2376 867 Felicis
2399 812 2721 865 mentionem
2740 810 2865 865 facit
2887 807 3212 865 Fortunatus
3237 809 3332 862 lib.
3359 822 3408 860 IV
3437 806 3571 861 Vita:
3591 801 3768 861 sancti

2180 898 2411 964 Martini,
2442 902 2528 954 his
2558 900 2734 955 verbis
2763 917 2776 953 ;

2307 994 2409 1050 Qua
2434 1007 2544 1043 mea
2568 994 2799 1043 'I‘arvisus
2821 994 3025 1053 residet,
3047 994 3088 1041 si
3108 989 3321 1042 molliter
3348 991 3512 1052 intras,

2306 1058 2551 1105 Illustrern
2577 1057 2758 1104 socium
2786 1056 3021 1113 Felicem,
3049 1068 3234 1115 quasso,
3264 1054 3484 1113 require,

2307 1120 2393 1169 Cui
2414 1132 2604 1167 mecum
2630 1120 2792 1166 lumen
2818 1118 3053 1166 Manilius
3084 1117 3301 1165 reddidit
3323 1117 3455 1163 olim.

2255 1201 2349 1255 25.
2382 1202 2458 1254 Ex
2490 1199 2717 1270 hujusce
2748 1211 2952 1265 autem,
2980 1200 3122 1265 quod
3173 1201 3571 1264 impetraverat,
3606 1196 3773 1253 bene-

2184 1292 2290 1347 ﬁcii
2319 1293 2685 1361 magnitudine
2710 1302 2767 1346 et
2792 1294 2956 1359 gratia
3004 1292 3330 1345 Fortunatus
3381 1289 3586 1359 majore
3610 1301 3771 1356 quam

2185 1396 2309 1440 ante
2343 1388 2541 1454 pietate
2570 1401 2634 1438 ae
2666 1384 2923 1453 religione
2954 1386 3005 1439 in
3030 1386 3249 1438 beatum
3293 1383 3574 1437 Martinam
3604 1381 3774 1449 coepit

2185 1478 2561 1539 crardescere.
2586 1492 2651 1532 ac
2679 1494 2835 1531 suum
2872 1477 2925 1529 in
2953 1476 3184 1531 Galliam
3214 1478 3315 1529 iter
3359 1474 3624 1537 meditari,
3667 1487 3774 1541 quo

2184 1569 2355 1639 ipsius
2379 1570 2488 1625 divi
2523 1571 2734 1624 Martini
2765 1572 3068 1637 sepulcrum
3097 1570 3287 1632 adiret,
3320 1582 3381 1621 ac
3406 1579 3643 1633 praesens
3674 1579 3770 1620 ve—

2186 1676 2490 1731 neraretur,
2519 1675 2748 1731 votaque
2773 1662 3105 1717 exsolveret.
3140 1661 3207 1716 Ut
3236 1675 3377 1713 enirn
3400 1662 3469 1713 de
3499 1660 3616 1728 ipso
3642 1673 3772 1711 narc-

2185 1767 2272 1814 rat
2303 1758 2517 1823 Paulus,
2543 1759 2662 1813 loco
2689 1759 2888 1825 saepius
2933 1758 3094 1810 citato
3125 1771 3140 1807 :
3192 1755 3305 1819 Qua
3331 1752 3394 1807 de
3430 1769 3586 1807 causa
3638 1749 3777 1805 Fov-

2188 1862 2401 1907 tunatus
2425 1854 2477 1906 in
2518 1862 2719 1906 tantum
2740 1852 2941 1905 beatum
2972 1850 3255 1903 Mai-tinum
3278 1855 3545 1901 perterritus
3569 1854 3661 1910 est,
3696 1852 3775 1911 ut,

2184 1946 2364 1998 relicta
2397 1947 2586 2011 patria,
2612 1946 2772 2012 paulo
2814 1953 2933 1999 ante
2984 1956 3139 2011 quam
3190 1938 3516 2009 Longoburdi
3563 1934 3777 1989 Italiam

2180 2036 2501 2103 invaderent,
2528 2036 2750 2091 Turonis
2786 2035 2855 2089 ad
2901 2033 3126 2103 ejusdem
3172 2031 3306 2085 beati
3352 2030 3450 2085 viri
3489 2030 3779 2099 sepulcrum

2186 2138 2504 2200 properaret.
2540 2130 2793 2184 Eaindem
2821 2140 2875 2184 et
2903 2130 3019 2198 ipse
3051 2128 3260 2182 itineris
3281 2126 3361 2180 sui
3379 2139 3592 2179 causam
3615 2124 3778 2179 luisse

2188 2223 2374 2289 refert,
2399 2221 2491 2276 lib.
2526 2238 2546 2277 ι
2578 2223 2643 2277 de
2678 2222 2795 2276 Vita
2825 2222 2993 2276 sancti
3043 2218 3276 2285 Martini,
3326 2218 3486 2289 paulo
3530 2224 3649 2285 post
3671 2215 3779 2270 ini-

2192 2316 2345 2371 tium.
2372 2317 2579 2372 Interea
2610 2332 2738 2370 vero
2761 2326 2817 2370 et
2848 2317 3069 2371 bellicos
3110 2314 3390 2377 tumultus,
3423 2311 3513 2381 qui
3547 2310 3781 2380 undique

2185 2407 2320 2478 jam.
2354 2410 2565 2462 miserae
2596 2408 2762 2463 Italiae
2792 2424 2854 2461 ex
2891 2409 3242 2462 Barbarortun
3290 2407 3455 2460 armis
3499 2401 3781 2470 impende-

2192 2501 2345 2568 bant,
2373 2511 2465 2556 aut
2496 2503 2691 2572 quibus
2734 2501 2938 2555 dudum
2966 2501 3279 2563 vexabatur,
3311 2499 3512 2554 exitum
3546 2495 3778 2565 aliquem

2194 2594 2469 2650 habituros
2500 2607 2717 2663 sperare
2764 2594 2955 2661 potuit,
3001 2601 3080 2658 ut,
3131 2590 3336 2647 reddita
3377 2589 3574 2644 deinde
3626 2595 3778 2642 tran-

2191 2686 2477 2756 quillitate,
2529 2694 2583 2741 et
2634 2687 2837 2755 pacatis
2878 2686 3063 2752 rebus,
3115 2682 3181 2739 ad
3222 2681 3450 2752 patriam
3502 2679 3780 2749 regionem

2193 2786 2353 2847 atque
2375 2778 2439 2833 ad
2467 2794 2592 2834 suos
2623 2780 2960 2849 remigraret.

2266 2870 2357 2927 26.
2390 2871 2558 2937 Quem
2602 2886 2730 2927 vero
2773 2870 2840 2925 ad
2894 2883 3093 2925 annum
3147 2868 3472 2923 Fortunatus
3517 2863 3667 2920 Italia
3701 2862 3785 2919 di-

2190 2978 2411 3035 gressus
2439 2964 2530 3031 sit,
2580 2972 2635 3019 et
2683 2962 2954 3033 profectus
3002 2962 3055 3017 in
3116 2960 3367 3026 Galliam,
3434 2973 3541 3013 non
3570 2971 3670 3011 una
3700 2963 3785 3010 est

2182 3058 2432 3113 omnium
2462 3057 2751 3112 sententia.
2784 3057 3074 3111 Browerus
3110 3052 3361 3111 eumdem
3412 3065 3554 3107 anno
3582 3047 3687 3103 565
3726 3049 3782 3103 in

2196 3152 2400 3208 Gallias
2421 3152 2732 3222 pervenisse
2754 3150 3006 3207 afﬁrmat.
3066 3148 3210 3204 Idem
3251 3147 3415 3202 sentit
3460 3145 3676 3214 Pagins,
3729 3143 3784 3199 in

2192 3246 2340 3302 notis
2361 3245 2427 3301 ad
2458 3245 2678 3310 Baron.,
2701 3243 2768 3299 ad
2797 3258 2887 3297 an.
2911 3241 3039 3298 564.
3072 3239 3231 3296 Certe
3255 3239 3302 3295 is
3337 3253 3445 3293 non
3474 3236 3643 3291 multo
3691 3247 3771 3288 an-

2193 3350 2410 3411 tequam
2433 3337 2777 3408 Langobardi
2807 3336 3009 3392 Italiam
3032 3334 3368 3398 invaderent,
3404 3329 3674 3402 profectus
3704 3333 3789 3383 est

2192 3436 2247 3490 in
2276 3433 2498 3499 Gallias,
2543 3433 2618 3487 uti
2666 3430 2820 3487 testis
2849 3438 2933 3487 est
2978 3428 3173 3485 Paulus
3218 3428 3368 3484 Diae.
3424 3427 3546 3481 loco
3587 3421 3786 3491 saepius

2182 3527 2381 3583 citato.
2425 3528 2495 3580 At
2544 3521 2883 3593 Longobardi
2936 3521 2988 3576 in
3042 3520 3244 3575 Italiam
3274 3520 3537 3584 irrupere,
3580 3515 3646 3573 ad
3695 3528 3790 3573 an.

2196 3618 2323 3685 568,
2356 3616 2547 3673 eodem
2576 3616 2746 3673 Paulo
2800 3612 2951 3670 Diae.
2982 3610 3264 3680 testc,lib.
3311 3625 3350 3667 ιι
3398 3608 3538 3667 Hist.
3585 3607 3784 3678 Long.,

2192 3724 2315 3781 cap.
2348 3708 2440 3765 55.

2272 3801 2363 3855 27.
2396 3800 2523 3857 llaec
2552 3814 2681 3856 vero
2706 3806 2831 3855 sunt
2856 3812 2975 3868 quae
3006 3794 3244 3851 Broweri
3269 3800 3324 3851 et
3368 3791 3519 3864 Ριεῆ
3567 3796 3792 3849 senten-

2198 3895 2332 3951 tiam
2353 3894 2681 3951 conﬁrmare
2707 3894 2978 3949 videntur.
3004 3890 3331 3947 Fortunatus
3355 3890 3552 3960 quippe
3588 3895 3703 3943 erat
3733 3888 3791 3941 ir.

2201 3987 2397 4053 Gallia,
2431 4002 2554 4044 cum
2584 3986 2910 4056 Sigibertns,
2943 3999 3037 4040 rex
3071 3981 3385 4045 Austrasiae,
3442 3982 3621 4046 nupsit
3661 3978 3799 4033 Bruu

2200 4077 2463 4144 nichildi,
2497 4076 2860 4143 Athanagilili,
2915 4075 3056 4143 regis
3106 4073 3402 4129 Gothorum
3427 4069 3478 4123 in
3509 4070 3789 4136 Hispania,

2204 4170 2350 4237 tiliae,
2398 4167 2596 4239 quippe
2622 4167 2709 4237 qui
2742 4165 2931 4221 iisdem
2976 4163 3173 4242 cecinit
3199 4161 3623 4232 epithalamium,
3653 4157 3796 4228 quod

2204 4265 2388 4335 lcgcre
2412 4272 2502 4319 est
2539 4276 2660 4331 cap.
2695 4260 2754 4329 2,
2782 4260 2877 4314 lib.
2913 4273 2991 4313 v1.
3020 4258 3090 4313 At
3115 4256 3411 4327 Sigibertus
3433 4253 3548 4308 iniit
3572 4252 3668 4306 has
3700 4265 3803 4305 ttu-

2207 4360 2345 4428 ptias
2372 4370 2515 4413 uno
2544 4355 2733 4425 quinto
2761 4352 2909 4421 regni
2936 4350 3021 4406 sui
3041 4366 3160 4407 cum
3191 4347 3411 4407 an.~561
3440 4359 3664 4417 regnare
3688 4356 3804 4398 cm-

2209 4452 2396 4520 pisset,
2419 4448 2659 4506 Clotario
2686 4452 2866 4516 patre,
2898 4444 3087 4507 eodem
3121 4455 3287 4508 anno,
3319 4440 3425 4495 vita
3481 4436 3688 4501 functo,
3741 4443 3803 4490 ut

519 4561 682 4614 larem
703 4527 1199 4614 velamentin
1223 4527 1504 4627 pateretur,
1532 4563 1583 4611 ιι
1630 4542 1962 4610 pii/litamina}
1994 4551 2102 4608 Fc.
2126 4556 2181 4618 1)
2212 4545 2362 4597 testis
2406 4548 2490 4598 est
2532 4541 2696 4609 Greg.
2728 4540 2928 4599 'l'urou.
2960 4537 3058 4594 lib.
3083 4551 3134 4589 tv
3182 4534 3318 4590 Hist.
3369 4530 3587 4599 Franc.,
3618 4544 3669 4587 c.
3702 4527 3799 4583 21.

518 4650 730 4716 ιὶεὸιιε,
754 4651 918 4721 ipsius
938 4650 1127 4717 socius,
1166 4650 1282 4721 pari
1316 4647 1469 4703 modo
1499 4649 1674 4703 oculos
1703 4647 1920 4727 doleret,
1965 4656 2105 4701 uter-

518 4763 621 4819 que
640 4746 708 4800 ad
737 4746 1002 4802 basilicam
1026 4747 1290 4805 beatorum
1330 4742 1488 4799 Pauli
1526 4755 1677 4814 atque
1699 4740 1733 4795 .1
1740 4742 1939 4806 cannis,
1988 4758 2105 4812 qum

510 4838 659 4892 intra
677 4839 905 4895 eamdem
930 4838 1104 4893 urbem
1124 4837 1222 4893 sita
1244 4844 1341 4902 est,
1365 4844 1730 4906 perrexerunt;
1753 4836 1805 4888 in
1825 4850 1928 4905 qua
1952 4835 2106 4891 etiam

521 4932 765 4986 altarium
794 4933 849 4986 in
866 4932 1117 4986 honorent
1139 4931 1270 4985 beati
1300 4928 1512 4984 Martini
1550 4926 1854 4998 confessoris
1876 4933 2109 4981 constru-

519 5034 660 5081 ctum
688 5024 1203 5096 propinquam/tabat
1226 5023 1524 5089 fenestram,
1554 5021 1615 5074 in
1644 5035 1746 5087 qua
1781 5019 2009 5083 lucerna,
2039 5017 2108 5073 ad

523 5118 864 5174 exhibendum
906 5121 1078 5173 lumen
1114 5124 1187 5172 est
1221 5116 1513 5179 constituta,
1548 5112 1612 5167 de
1656 5113 1805 5182 cuius
1849 5109 1958 5163 aleo
1988 5123 2109 5163 mea:

523 5209 620 5265 sibi
641 5210 748 5278 isti,
785 5208 1105 5264 Fortunatus
1137 5208 1328 5263 scilicet
1357 5216 1405 5261 et
1434 5203 1611 5268 Felix,
1644 5201 1872 5257 dolentia
1914 5200 2109 5254 Iuntina

522 5307 820 5377 tetigerunt,
841 5303 985 5357 illico
1008 5300 1183 5356 dolare
1227 5300 1404 5371 fugato
1428 5342 1443 5366 ,
1474 5296 1750 5351 sanitatem
1778 5307 1931 5357 quam
1957 5298 2108 5359 apta-

530 5396 650 5451 bant
678 5395 851 5464 adepti
872 5403 1013 5449 sunt.
1050 5393 1195 5448 Idem
1234 5398 1420 5446 narrat
1444 5386 1612 5457 Greg.
1660 5386 1891 5452 Tutum,
1926 5384 1964 5439 I.
1996 5398 2012 5436 ι
2040 5383 2111 5439 de

534 5486 842 5545 Mir.'sancti
866 5485 1105 5548 Martini,
1134 5499 1188 5538 c.
1232 5482 1322 5537 15.

604 5581 697 5636 24.
738 5580 836 5636 llic
852 5580 942 5635 ille
968 5578 1113 5635 Felix
1138 5574 1241 5631 fuit
1273 5590 1376 5631 non
1409 5571 1576 5635 multo
1594 5578 1716 5639 post
1743 5576 1960 5622 creatus
1981 5566 2113 5621 Tar-

530 5676 739 5730 visinus
768 5674 1073 5743 episcopus,
1131 5670 1381 5731 Alhoino,
1438 5663 1911 5732 Longobardorum
1974 5660 2110 5730 regi,

535 5780 656 5821 cum
688 5765 892 5834 magnis
936 5763 1105 5835 copiis
1130 5762 1185 5817 in
1210 5760 1421 5816 Italiam
1450 5756 1789 5826 irrumpenti,
1814 5754 1879 5808 ad
1909 5754 2113 5808 Plavim

2212 4635 2475 4703 Quocirca
2507 4649 2597 4691 an.
2627 4630 2733 4687 566
2760 4640 2879 4687 erat
2916 4632 3029 4700 jam
3075 4630 3129 4684 in
3156 4627 3330 4687 Gallia
3365 4626 3708 4690 Fortunatus,
3736 4636 3803 4679 ac

2206 4731 2488 4789 fruebatur
2513 4730 2655 4799 regis
2676 4727 2934 4796 Sigiberti
2964 4723 3259 4793 patrocinio
3282 4732 3336 4776 et
3354 4719 3524 4789 gratia
3572 4727 3620 4773 ⁸.

2282 4824 2374 4881 28.
2418 4824 2683 4883 Presterea
2718 4820 2857 4874 idem
2888 4816 3116 4879 Pictavis
3158 4813 3270 4883 jam
3332 4808 3624 4875 habitabat,
3678 4822 3800 4871 cum

2212 4916 2591 4979 Gelesuintha,
2650 4909 3009 4969 Brunichildis
3048 4920 3245 4974 soror,
3297 4902 3419 4959 illac
3470 4898 3800 4973 pertransiit,

2217 5008 2548 5078 Chilperico,
2582 5006 2728 5061 fratri
2761 5001 3036 5073 Sigibcrti,
3085 5007 3335 5070 nuptura,
3386 4993 3455 5051 de
3508 5004 3613 5063 qua
3658 4989 3801 5047 idem

2212 5105 2330 5162 hinc
2357 5103 2543 5160 scribit
2568 5100 2657 5155 lib.
2683 5114 2755 5163 ιιι,
2787 5112 2909 5163 cap.
2941 5095 2994 5151 7.

2339 5198 2457 5250 Past.
2479 5196 2665 5258 aliquas
2685 5193 2853 5252 urbes,
2874 5189 3097 5240 Pictavas
3119 5188 3276 5258 attigit
3298 5196 3457 5245 arces,

2402 5254 2577 5319 ΒρίξΜί
2604 5270 2771 5318 puinpa
2800 5259 3133 5316 prmiaronnte
3153 5254 3295 5319 viam”.

2336 5309 2977 5381 ﬂanc'ego'nvmpe'novus
2998 5316 3232 5374 conspexi
3272 5309 3680 5381 praetereuntem,

2404 5375 2615 5435 Molhier
2642 5375 2833 5440 argenti
2854 5386 2993 5427 turre
3016 5385 3211 5426 rotante
3235 5375 3367 5422 vehi.

2222 5468 2292 5525 At
2321 5468 2404 5529 lue
2435 5465 2631 5533 nuptiae
2660 5463 2723 5516 ad
2756 5476 2957 5516 annum
2982 5463 3208 5514 alterum
3266 5464 3447 5526 postea
3476 5464 3635 5522 quant
3666 5445 3809 5518 Sigi-

2221 5562 2399 5616 bertus
2430 5558 2657 5619 duxerat
2686 5553 3083 5608 Bruuichildesn
3128 5547 3452 5619 referuntur,
3514 5558 3635 5597 cum
3683 5539 3806 5608 qni-

2220 5656 2339 5711 dem
2372 5653 2693 5709 Fortunatus
2720 5666 2825 5705 non
2857 5656 2979 5702 ante
3007 5648 3273 5700 Pictavum
3299 5642 3489 5694 fuisset
3536 5634 3809 5704 profectus

2221 5766 2379 5822 quam
2411 5744 2628 5816 aliquod
2661 5753 2871 5810 tempus
2902 5740 3042 5810 apud
3075 5739 3395 5806 Sigibertum
3451 5732 3699 5801 vixisset,
3745 5740 3817 5797 aq

610 5887 638 5918 ι
674 5877 809 5935 Vide
831 5878 982 5930 Pam.
1013 5880 1078 5933 ad
1099 5894 1188 5934 an.
1211 5876 1410 5933 56.}.ct
1436 5873 1504 5930 ad
1529 5887 1616 5933 an.
1652 5869 1776 5936 567,
1806 5885 1861 5926 n.
1881 5868 1936 5929 9.
1962 5868 2101 5941 Lege
2138 5874 2193 5927 et
2220 5868 2359 5923 Ann.
2396 5862 2588 5919 Franc.
2625 5858 2879 5931 praeﬁxos
2907 5858 3008 5930 0p.
3044 5854 3271 5942 Gregor.
3317 5850 3448 5910 'I‘ur.
