4020 6346
254 351 317 411 29
1398 350 1559 407 VlTA
1596 349 1921 409 VENANTH
1961 350 2380 411 FORTUNATI.
3440 356 3510 415 δυ

250 481 391 524 suum
442 476 658 531 votum,
688 466 941 531 Turonis.
986 466 1053 523 ad
1085 467 1390 549 sepulcrum
1442 470 1613 526 sancti
1670 469 1824 525 Mart.
1855 472 1903 530 A
1931 483 2051 527 esse
2079 470 2334 535 Felicem.
2366 471 2625 540 mqualcm
2658 471 2971 543 Fortunato,
2995 482 3154 546 atque
3188 476 3327 537 adeo
3352 477 3508 547 inve.

251 559 569 641 exsolvisset
623 557 850 623 (Paulus
881 561 992 613 loco
1021 561 1206 630 sepius
1234 558 1435 630 citato).

311 656 399 709 Β.
439 656 608 709 Addit
635 655 921 710 Browerus
964 655 1166 711 laudari
1201 655 1528 724 Sigibertum
1567 671 1596 709 a
1628 656 1832 711 Fortu-

249 756 367 803 nato
394 747 433 800 l.
478 763 539 811 ιι,
575 761 629 802 c.
664 749 755 812 Π,
784 746 927 817 quod
957 748 1003 801 is
1034 748 1305 802 basilicam
1362 748 1531 802 sancti
1572 748 1830 819 Medatdi,

248 838 530 894 aClotario
558 848 795 907 emptam
828 840 1168 904 exaedificari,
1201 854 1412 894 summo
1452 839 1629 895 studio
1679 850 1831 895 com-

249 930 411 999 pleret
432 942 598 999 atque
619 931 793 985 eidem
822 929 1089 998 fastigium
1114 932 1226 999 jam
1256 929 1620 999 imposuisset.
1651 930 1830 999 Ipsum

246 1023 383 1079 enim
404 1032 652 1079 sanctum
680 1023 989 1078 Medarduni
1021 1024 1310 1093 alloquitur
1338 1034 1495 1093 poeta
1540 1023 1606 1077 ad
1654 1031 1832 1081 extre-

248 1130 386 1171 mm
418 1117 702 1180 carminis,
738 1117 837 1169 hoc
866 1115 1026 1171 modo
1052 1132 1066 1167 :

364 1208 446 1270 En,
460 1215 546 1258 tua
564 1209 745 1268 templa
764 1207 880 1258 colit
903 1209 1050 1258 nimio
1070 1208 1351 1267 Sigibertus
1374 1220 1562 1270 amore,

433 1268 677 1318 insistens
700 1272 838 1327 aperi
864 1276 1111 1330 promptus
1135 1282 1302 1318 amore
1329 1273 1415 1318 tui.

366 1332 589 1382 Culmina
615 1334 819 1392 mistodi,
846 1335 929 1393 qui
948 1332 1131 1385 templa
1156 1334 1205 1379 in
1223 1332 1431 1380 culmine
1457 1331 1617 1393 duxit,

432 1394 654 1457 Protege
671 1408 761 1458 pro
779 1397 969 1444 meritis
986 1396 1070 1456 qui
1097 1396 1181 1443 tibi
1203 1393 1385 1457 templa
1408 1393 1562 1443 dedit.

249 1478 310 1537 At
334 1478 601 1535 credibile
624 1487 730 1545 est,
777 1479 969 1548 inquit,
1004 1476 1326 1544 Sigibertum
1358 1493 1466 1532 non
1499 1477 1668 1533 multo
1712 1483 1833 1546 post

247 1571 470 1629 Clotarii
518 1576 726 1630 obitum
755 1576 809 1630 in
838 1574 972 1629 illud
1009 1572 1186 1643 operis
1236 1572 1567 1635 incubuisse,
1623 1571 1692 1625 de
1730 1586 1835 1639 quo

246 1676 451 1733 patrem
486 1678 594 1723 uim
619 1666 906 1723 sollicitum
933 1673 988 1720 et
1012 1664 1251 1735 ejusdem
1284 1662 1592 1733 perﬁciendi
1627 1660 1835 1719 studio-

246 1770 361 1815 sam
392 1767 647 1823 noverat,
680 1766 736 1813 et
764 1772 871 1826 quo
896 1756 950 1813 in
974 1757 1093 1812 loco
1124 1754 1332 1811 humari
1357 1754 1616 1809 voluerat.

1938 561 2027 615 nili
2058 570 2232 623 mtate.
2258 563 2323 617 iis
2354 563 2687 632 temporibus
2713 576 2949 627 creatum
2979 566 3143 625 fuisse
3173 568 3505 631 Tarvisituim

1935 652 2264 722 episcopum,
2296 654 2485 723 quibus
2505 655 2569 710 ad
2599 656 2743 711 illum
2784 672 3093 725 supremum
3145 659 3364 718 honoris
3390 678 3510 734 gra-

1934 744 2060 798 dum
2090 746 2298 800 nonnisi
2330 756 2530 803 matura
2555 748 2664 817 jam
2694 758 2853 805 aetate
2888 765 3141 808 ascensus
3182 754 3507 822 pedetentim

1934 851 2031 905 per
2050 850 2243 891 omnes
2268 837 2529 894 bonorum
2558 841 2753 911 gradus
2783 844 3019 913 patebat,
3050 853 3108 901 ut
3154 845 3289 905 nihil
3331 847 3508 905 dicam

1933 926 2002 984 de
2035 930 2246 985 illorum
2272 940 2567 999 temporum
2598 933 2896 1004 disciplina,
2926 938 3117 1004 quibus
3151 953 3296 1009 saepe
3343 941 3513 1001 virtue

1935 1020 2104 1089 magis
2129 1036 2289 1090 quam
2315 1033 2446 1077 tetas
2470 1026 2832 1093 spectabatur,
2870 1036 2927 1083 ut
2964 1027 3203 1099 pluribus
3244 1034 3514 1102 emundis

1934 1128 2146 1183 possem
2177 1113 2481 1199 ostendere,
2539 1110 2596 1172 ut
2645 1117 2776 1173 illud
2832 1120 2990 1177 etiam
3022 1107 3339 1194 concedam,
3372 1124 3514 1183 Fati-

1934 1219 2050 1263 cem
2102 1206 2259 1274 plane
2303 1208 2561 1276 aequalem
2610 1208 2886 1267 Fortunati
2927 1210 3110 1280 fuisse,
3166 1212 3290 1269 hinc
3336 1217 3515 1285 potius

1933 1299 2197 1353 evincitur
2221 1300 2361 1355 hunc
2391 1300 2528 1357 haud
2552 1302 2620 1355 ita
2642 1302 2894 1368 juvenem
2928 1304 2980 1359 in
3012 1302 3207 1363 Gallias
3228 1312 3512 1378 migrasse,

1937 1399 1993 1443 ut
2025 1392 2067 1444 is
2093 1390 2163 1455 si,
2193 1400 2242 1443 ut
2271 1392 2527 1458 creditur,
2550 1408 2691 1448 anno
2717 1394 2931 1451 circiter
2956 1393 3057 1453 550
3085 1404 3237 1455 natus
3282 1408 3385 1466 est,
3419 1414 3516 1459 au-

1934 1498 2063 1538 num
2113 1492 2298 1554 ageret
2346 1484 2674 1551 trigesimum
2719 1484 2959 1554 quintum
2989 1528 3005 1555 ,
3053 1497 3144 1545 aut
3182 1491 3512 1560 trigesimum

1934 1584 2173 1639 sextum,
2203 1588 2322 1627 cuin
2354 1572 2406 1627 in
2435 1574 2662 1631 Galliam
2686 1585 2769 1631 est
2797 1575 3089 1645 profectus.

2007 1664 2098 1720 53.
2128 1665 2238 1719 Cur
2264 1676 2443 1720 autem
2498 1668 2599 1723 iter
2630 1667 2912 1727 Fortunati
2945 1671 2996 1725 in
3045 1671 3268 1728 Galliam
3311 1675 3377 1733 ad
3423 1690 3512 1735 an.

1942 1759 2044 1815 567
2069 1761 2417 1817 referendum
2439 1763 2528 1828 sit,
2558 1763 2656 1818 hac
2684 1767 2893 1819 ratione
2924 1765 3258 1835 potissimum
3280 1769 3361 1827 vir
3382 1769 3512 1826 clar.

312 1848 408 1905 50-
441 1852 515 1905 Αῑ
536 1850 611 1906 (³1·
636 1850 717 1904 Vir
741 1848 899 1904 ³0³οο
926 1848 1191 1917 ³0⁸⁸9³1⁸³³
1213 1846 1383 1903 Lini”
1407 1860 1435 1900 ³
1475 1845 1723 1900 BTOWCI‘O
1751 1843 1837 1899 ali-
1867 1827 1914 1887 Β
1942 1852 2154 1908 ducitur
2179 1895 2192 1920 ,
2240 1854 2382 1920 quod
2437 1827 2619 1910 narret
2666 1827 2992 1911 Fortunatus
3040 1872 3100 1913 se
3166 1868 3291 1915 tunc
3331 1876 3519 1915 novum

248 1943 371 2014 quid
394 1952 449 1998 et
474 1943 643 2013 Pagio
670 1941 939 2006 dissentit,
963 1940 1089 1997 dum
1116 1939 1226 1997 vult
1244 1939 1531 1997 adventum
1557 1938 1834 1993 Fortunati

246 2036 300 2092 in
325 2036 534 2092 Gallias
553 2036 622 2090 ad
644 2050 736 2090 an.
758 2035 888 2102 567,
923 2035 1199 2089 minimum
1250 2048 1378 2089 vero
1428 2034 1495 2088 ad
1550 2031 1675 2099 £366,
1718 2046 1836 2089 esse

246 2132 615 2188 mlerendum.
641 2130 826 2200 Neque
845 2130 1078 2186 alienum
1122 2136 1204 2184 est
1239 2129 1461 2197 hujusce
1490 2128 1832 2195 sententiam,

244 2239 407 2294 quam
435 2223 524 2278 vel
554 2223 678 2277 aliis
704 2237 1043 2277 communem
1066 2234 1188 2276 esse
1218 2218 1398 2286 video,
1432 2219 1611 2288 paucis
1634 2233 1836 2289 expen-

246 2315 392 2377 dere,
419 2331 544 2385 qua:
572 2316 639 2368 ad
683 2329 802 2371 eam
832 2328 949 2369 rem
975 2312 1043 2369 de
1068 2328 1173 2382 qua
1215 2314 1424 2378 agimus
1471 2311 1837 2367 illustrandum

249 2410 467 2465 laminis
498 2410 700 2481 aliquid
749 2409 945 2464 aﬂ‘erre
968 2418 1215 2479 possunt.
1249 2410 1369 2477 ipse
1418 2408 1582 2478 igitur
1629 2408 1839 2465 dubitat

250 2503 476 2574 primm
500 2512 755 2558 utrumne
783 2502 1107 2558 Fortunatus
1155 2500 1310 2569 paulo
1365 2510 1650 2569 antequam
1692 2499 1837 2556 Lon-

248 2594 468 2666 gobardi
526 2594 732 2650 Italiam
765 2594 1157 2650 invaderentin
1189 2592 1391 2648 Gallias
1443 2592 1714 2663 prolicisci
1740 2607 1835 2661 po-

248 2689 427 2744 tuerit.
452 2687 589 2742 Nam
620 2701 766 2753 cum,
791 2687 981 2742 eodem
1016 2687 1178 2742 Paulo
1206 2686 1443 2742 Diacono
1487 2694 1642 2752 teste,
1687 2685 1839 2743 Felix

246 2781 426 2836 locitas
449 2780 757 2849 Fortunati,
785 2789 840 2835 et
863 2779 1076 2847 quidem
1110 2778 1189 2850 (ut
1219 2779 1335 2848 ipse.
1361 2779 1654 2844 existimat)
1680 2779 1838 2834 itine-

244 2874 325 2929 ris
352 2875 560 2940 socius,
586 2882 804 2928 creatus
826 2873 936 2943 jam
963 2873 1272 2929 Tarvisinus
1294 2872 1576 2943 episcopus
1595 2914 1611 2938 ,
1654 2872 1837 2927 Alboi-

244 2980 338 3032 eo,
372 2969 487 3037 regi
534 2966 1038 3037 Langobardorum,
1068 2968 1137 3022 ad
1169 2967 1395 3035 Plavim,
1429 2974 1487 3020 ut
1505 2981 1666 3036 supra
1695 2964 1841 3021 dice-

226 3062 463 3124 bamus,
494 3060 817 3129 occurrerit,
849 3060 932 3115 vix
966 3060 1079 3114 ﬁeri
1115 3060 1287 3129 potuit
1321 3068 1379 3113 ut
1433 3068 1542 3113 tam
1592 3057 1840 3128 perbrevi

248 3152 423 3221 spatio
448 3150 603 3207 Felix
630 3151 734 3207 iret
756 3152 806 3206 in
836 3150 1085 3221 Galliam,
1111 3167 1174 3207 ac
1202 3152 1329 3208 inde
1352 3152 1404 3206 in
1428 3151 1630 3206 Italiam
1659 3165 1842 3205 rever-

1942 1942 2175 2001 Pictavis
2218 1946 2404 2015 fuisse,
2462 1962 2583 2003 cum
2633 1946 2752 2005 illac
2801 1951 3104 2016 pertransiit
3136 1950 3514 2019 Gelesuintba,

1940 2034 2246 2106 Chilperico
2288 2048 2541 2109 nuptura.
2600 2040 2656 2095 ld
2705 2056 2835 2096 vero
2868 2058 3008 2103 anno
3053 2045 3275 2111 contigit
3304 2044 3428 2112 567,
3463 2054 3520 2103 ut

1941 2144 2101 2200 supra
2134 2129 2510 2188 indicavimus.
2556 2130 2626 2186 At
2653 2133 2832 2186 statim
2858 2142 3016 2202 atque
3050 2134 3370 2191 Fortunatus
3399 2151 3521 2206 per-

1940 2223 2086 2279 venit
2128 2223 2181 2277 in
2215 2222 2460 2289 Galliam,
2489 2224 2553 2279 ad
2586 2226 2756 2279 sancti
2797 2224 3006 2280 Martini
3037 2227 3338 2295 sepulcrum
3390 2243 3519 2298 per-

1941 2314 2152 2381 rexisse
2202 2314 2460 2369 dicendus
2506 2323 2609 2381 est,
2650 2315 2776 2371 inde
2834 2331 2958 2373 vero
3009 2318 3185 2371 statim
3247 2317 3520 2377 Pictavutn

1942 2409 2172 2474 venisse,
2207 2409 2296 2479 qui
2329 2409 2411 2480 (ut
2444 2409 2511 2463 de
2542 2410 2657 2479 ipso
2683 2409 2870 2464 scribit
2916 2409 3109 2465 Paulus
3158 2409 3331 2480 Diae.)
3382 2418 3523 2480 post-

1938 2517 2095 2572 quam
2116 2500 2335 2557 Turonis
2356 2502 2508 2573 juxta
2537 2512 2709 2556 vatum
2751 2502 3015 2573 preprium
3043 2502 3263 2568 advenit,
3301 2501 3523 2556 Pictavis

1942 2597 2291 2669 pertransienr
2320 2596 2426 2651 illic
2454 2597 2715 2653 habitavit.
2747 2596 3009 2666 Quocirca
3055 2595 3377 2655 Fortunatus
3401 2610 3524 2655 noo-

1936 2691 2043 2749 nisi
2073 2706 2162 2746 an.
2187 2690 2314 2755 567,
2341 2700 2434 2746 aut
2463 2692 2769 2758 minimum,
2797 2706 2886 2746 an.
2916 2689 3054 2762 566,,
3094 2692 3148 2747 in
3180 2690 3377 2753 Gallias
3403 2704 3525 2760 per-

1942 2784 2107 2840 venit.
2142 2784 2265 2838 llaec
2294 2784 2404 2839 ille.

2013 2873 2105 2931 54.
2136 2874 2331 2929 Verum
2362 2889 2468 2932 non
2517 2874 2676 2930 video
2724 2890 2820 2929 cur
2864 2874 2965 2931 bac
3012 2874 3162 2931 Pauli
3208 2873 3525 2933 auctoritate

1942 2967 2150 3022 moveri
2197 2967 2281 3021 vir
2330 2966 2401 3020 el.
2449 2966 2666 3033 debeat,
2723 2968 2837 3035 qui,
2881 2965 2999 3035 ipso
3052 2973 3207 3030 teste,
3257 2964 3311 3021 in
3363 2963 3523 3021 rebus

1942 3057 2241 3115 referendis
2261 3057 2330 3115 ab
2356 3066 2516 3115 aetate
2545 3073 2642 3113 sua
2679 3057 2902 3115 remotis
2930 3072 3313 3127 nonnunquam
3342 3071 3525 3115 errore

1940 3156 2160 3223 labitur,
2188 3157 2312 3212 utsi
2337 3158 2379 3211 is
2404 3156 2456 3210 in
2479 3153 2788 3211 deliniendo
2813 3162 3056 3225 tempore
3077 3169 3182 3224 quo
3204 3154 3525 3215 Fortunatus

250 3253 479 3309 teretur,
512 3254 624 3298 tum
664 3253 880 3300 creatus
919 3244 1234 3299 Tarvisinus
1282 3244 1565 3312 episcopus
1607 3239 1841 3298 Alboino
1870 3239 1915 3262 υ
1936 3250 1999 3304 in
2031 3248 2255 3304 Galliam
2312 3249 2583 3317 prolectus
2632 3248 2849 3302 circiter
2902 3257 2986 3305 est
3033 3262 3215 3303 errare
3270 3245 3523 3316 potuerit,

250 3338 465 3394 obviam
496 3338 829 3407 procederet.
861 3337 1120 3407 Quocirca
1141 3339 1389 3406 Opinatur
1425 3337 1650 3392 Paulum
1670 3336 1724 3390 in
1756 3350 1842 3389 re-

252 3430 517 3487 busasua
544 3431 846 3499 prtesertim
892 3439 1051 3486 aetate
1082 3430 1304 3485 remotis
1360 3428 1645 3483 narrandis
1700 3442 1844 3498 sazpe

250 3523 432 3577 minus
456 3522 797 3592 diligentem,
824 3523 908 3578 vel
936 3523 1035 3578 hac
1061 3522 1114 3578 in
1139 3537 1198 3578 re
1223 3536 1255 3575 a
1286 3530 1587 3593 temporum
1617 3522 1844 3576 veritate

251 3616 507 3669 aberrare
537 3615 798 3681 potuisse.
1342 3672 1352 3678 ,

322 3708 417 3762 Si.
438 3707 577 3772 Sed,
601 3714 663 3762 ut
694 3706 827 3763 nihil
856 3705 945 3762 hic
975 3704 1194 3762 Paulum
1219 3705 1369 3762 Diae.
1397 3720 1613 3774 purgem
1658 3712 1713 3758 et
1750 3702 1847 3757 de-

254 3799 504 3864 fendam,
535 3811 685 3854 certe
702 3814 810 3854 non
838 3807 956 3855 erat
981 3813 1077 3853 cur
1104 3797 1350 3853 laudatus
1373 3795 1600 3866 scriptor
1626 3805 1848 3866 propter

250 3907 377 3949 eam
404 3906 630 3947 causam
659 3905 822 3961 quam
871 3891 1031 3947 allen
1066 3891 1137 3946 de
1174 3889 1415 3959 ejusdem
1446 3888 1719 3958 diligentia
1756 3896 1848 3941 aut

252 3988 364 4042 ﬁde
387 3988 682 4042 dubitaret.
711 3986 867 4042 Nullo
882 3988 1081 4058 quippe
1107 4002 1174 4040 ex
1227 3982 1534 4039 testimonio
1573 3992 1667 4036 aut
1708 3982 1851 4037 litte-

252 4097 439 4136 rarum
473 4089 827 4135 monumento
854 4089 1063 4134 constat
1094 4080 1377 4148 (quantum
1428 4074 1676 4144 equidem
1705 4087 1851 4128 asse-

256 4172 348 4241 qui
373 4174 550 4242 potui)
588 4171 821 4226 Felicem
858 4185 965 4225 una
1012 4184 1135 4224 cum
1196 4168 1492 4223 Fortunato
1544 4164 1595 4218 in
1653 4161 1853 4219 Gallias

257 4268 562 4334 profectum
596 4264 804 4318 fuisse:
838 4278 944 4317 non
978 4262 1173 4316 Paulus
1202 4260 1472 4313 Diaconos
1502 4256 1553 4312 id
1597 4256 1850 4321 afﬁrmat,

254 4355 385 4413 licet
417 4367 602 4411 narret
623 4368 929 4424 utrumque,
950 4353 1185 4409 Felicem
1231 4367 1294 4407 ac
1338 4350 1715 4414 Fortunatum,
1764 4362 1857 4401 ea-

257 4450 382 4505 dem
415 4449 699 4505 oculorum
731 4447 1049 4520 aegritudine
1088 4446 1318 4500 afﬂictos
1370 4445 1552 4506 fuisse,
1613 4451 1665 4497 et
1696 4441 1856 4497 simili

1944 3340 2115 3395 multo
2142 3340 2311 3409 magis
2340 3340 2391 3395 in
2421 3338 2706 3395 statuendo
2731 3339 3068 3410 quandouam
3120 3338 3412 3401 Pictavum,
3470 3344 3528 3395 ut

1944 3433 2052 3489 illic
2082 3433 2369 3502 habitaret,
2396 3434 2751 3489 concesserit.
2801 3432 2907 3488 Sed
2954 3441 3011 3489 ut
3042 3431 3142 3491 hoc
3195 3430 3525 3497 omittamus,

1943 3541 2066 3583 cum
2096 3526 2227 3581 illud
2258 3526 2514 3582 credibile
2562 3534 2668 3593 est,
2717 3525 3069 3585 Fortunatum
3120 3542 3225 3580 non
3274 3524 3529 3583 continuo

1942 3630 2067 3690 post
2092 3619 2376 3679 adventum
2407 3636 2560 3677 suum
2584 3622 2637 3677 in
2669 3618 2888 3675 Galliam
2923 3619 3153 3677 Turonis
3202 3616 3526 3685 porrexisse,

1944 3713 2039 3773 sed
2060 3714 2316 3787 temporis
2335 3715 2565 3783 spatium
2587 3712 2801 3782 aliquod
2828 3712 2963 3782 apud
2985 3707 3306 3781 Sigibertum
3327 3723 3527 3777 regem,

1945 3804 2143 3873 Multis,
2164 3817 2255 3860 aut
2278 3805 2502 3861 Rhemis
2531 3806 2747 3876 (quibus
2773 3806 2826 3859 in
2860 3804 3075 3859 urbibus
3098 3802 3353 3857 sedebant
3376 3814 3531 3870 reges

1950 3896 2272 3965 Austrasiai)
2296 3897 2628 3959 substitisse,
2657 3895 2854 3962 quippe
2898 3894 2982 3946 cui
3010 3891 3413 3960 epithalamium
3443 3904 3534 3945 ce-

1950 3988 2101 4053 cinit,
2124 3997 2179 4042 et
2205 4005 2231 4041 a
2258 4003 2364 4057 quo
2389 3986 2620 4054 itineris,
2646 3986 2789 4054 quod
2819 4000 2911 4053 per
2943 3982 3171 4040 Galliam
3209 3993 3324 4038 erat
3350 3995 3552 4041 susce-.

1952 4090 2160 4150 pturus,
2195 4080 2445 4133 comitem
2488 4078 2569 4150 (ut
2594 4077 2734 4132 infra
2763 4077 2975 4132 dicetur
3004 4074 3046 4146 ),
3077 4083 3133 4129 et
3160 4074 3354 4130 ducem
3381 4086 3533 4129 acce-

1956 4173 2069 4241 pit;
2109 4181 2219 4225 tum
2243 4186 2308 4227 ex
2340 4170 2432 4227 illo
2454 4169 2613 4226 Pauli
2639 4170 2946 4226 testimonio
2972 4185 3077 4225 non
3103 4168 3312 4225 videtur
3341 4165 3532 4223 saltem

1955 4266 2253 4319 luculenter
2278 4263 2494 4320 ostendi
2524 4280 2684 4337 posse
2741 4264 3089 4318 Fortunatum
3145 4264 3325 4316 statim
3375 4269 3535 4328 atque

1955 4356 2186 4412 Turonis
2213 4358 2474 4413 abscessit
2522 4355 2797 4414 Pictavum
2843 4359 3075 4421 venisse,
3117 4369 3235 4409 cum
3270 4353 3323 4409 id
3359 4352 3533 4411 solum

1957 4450 2153 4505 Paulus
2176 4460 2472 4519 asseveret,
2501 4450 2774 4515 eumdem,
2807 4458 3147 4518 posteaquam
3177 4446 3406 4499 Turonis
3445 4458 3535 4496 vo-

255 4543 426 4599 modo
454 4559 522 4598 ex
550 4544 850 4613 patrocinio
895 4542 958 4596 D.
1009 4539 1215 4594 Martini
1251 4538 1534 4604 liberatos;
1559 4536 1651 4592 sed
1684 4536 1856 4603 potius
1883 4560 1936 4621 Ι)
1962 4552 2070 4597 tum
2102 4559 2255 4598 suum
2280 4544 2393 4614 jam
2420 4541 2740 4606 absolverat,
2775 4541 3067 4604 Pictavum,
3102 4537 3310 4593 itineris
3350 4550 3532 4602 causa,

253 4639 329 4694 de
381 4638 686 4694 Fortunato
728 4646 782 4692 et
810 4628 926 4703 ejus
946 4642 1073 4689 voto
1118 4636 1170 4687 in
1199 4631 1426 4688 Galliam
1477 4628 1847 4698 proﬁciscendi

258 4732 337 4786 ita
364 4733 626 4800 loquitur,
658 4737 717 4782 ut
745 4726 976 4783 Felicem
1033 4725 1191 4796 plane
1239 4724 1522 4794 sejungcre
1573 4721 1849 4788 videatur;

262 4838 375 4878 non
411 4820 579 4892 Greg.
629 4820 980 4883 Turonensis,
1036 4819 1158 4873 licet
1209 4815 1454 4871 eamdem
1513 4828 1628 4869 rem
1674 4821 1855 4867 narret

257 4928 430 4985 quam
460 4912 660 4968 Paulus
691 4911 861 4979 Diac.,
889 4910 982 4965 lib.
1018 4909 1125 4965 Ide
1155 4909 1340 4964 Mirac.
1369 4906 1541 4962 sancti
1591 4905 1770 4972 Marb,
1801 4920 1850 4960 c.

259 5004 372 5073 i5;
404 5013 682 5077 postremo
710 5019 819 5059 non
843 5002 1165 5058 Fortunatus
1216 5002 1329 5070 ipse
1357 5001 1410 5056 id
1459 5000 1663 5070 uspiam
1720 4998 1857 5053 indi-

260 5110 378 5167 cat,
411 5100 539 5154 licet
570 5098 767 5167 sapius
792 5097 942 5154 locus
969 5097 1020 5152 in
1049 5095 1293 5167 ejusdem
1344 5095 1558 5163 scriptis
1605 5110 1668 5149 ac
1719 5103 1856 5148 tem-

266 5206 375 5263 pus
399 5191 451 5244 id
481 5190 821 5262 signiiicandi
854 5190 921 5261 (si
948 5190 1161 5258 quidem
1187 5199 1365 5243 actum
1398 5187 1736 5257 contigerat)
1780 5187 1863 5240 in-

264 5286 517 5341 cidisset.
550 5285 822 5352 Quinimo,
846 5285 901 5339 in
932 5282 1155 5354 epistola
1198 5282 1262 5336 ad
1293 5281 1454 5353 Greg.
1481 5281 1636 5347 Tur.,
1679 5279 1772 5334 lib.
1820 5296 1857 5345 ι,

260 5396 319 5437 c.
360 5381 415 5443 I,
442 5380 649 5435 nullum
679 5392 739 5434 se
760 5378 1013 5433 habuisse
1043 5374 1254 5429 itineris
1283 5372 1388 5443 sui,
1421 5373 1561 5443 quod
1613 5388 1681 5426 ex
1715 5371 1859 5425 Italia

266 5474 325 5529 in
353 5473 584 5529 Galliam
636 5471 1008 5534 centenderat,
1060 5471 1286 5529 socium,
1331 5467 1463 5521 satis
1509 5466 1749 5519 declarat
1799 5465 1863 5517 iis

268 5567 459 5643 verbis
489 5586 505 5623 :
531 5566 671 5633 Quid
696 5568 831 5621 inter
862 5567 969 5620 hinc
999 5573 1229 5630 extensa,
1273 5562 1458 5615 viatica
1507 5559 1734 5614 consulte
1762 5559 1864 5613 dici

268 5663 729 5734 potuerit,ceusar
771 5660 881 5729 ipse
923 5673 1186 5725 mensura,
1246 5655 1329 5709 ubi
1377 5673 1477 5709 non
1534 5653 1741 5724 urgebat
1791 5652 1867 5707 vel

272 5769 443 5812 metas
467 5771 531 5810 ea:
538 5755 787 5825 judice...
825 5767 912 5805 nec
940 5750 1183 5805 invitabat
1214 5750 1362 5821 favor
1386 5765 1449 5802 ea:
1487 5749 1689 5812 comite,
1724 5756 1827 5800 etc.

347 5848 444 5907 32.
478 5845 636 5919 Quod
670 5859 805 5905 vero
857 5845 999 5907 idem
1042 5844 1209 5917 addit,
1264 5842 1484 5903 minime
1539 5839 1864 5901 credendum

1956 4636 2271 4699 accessisse,
2298 4645 2458 4703 atque
2507 4634 2616 4688 illic
2668 4634 2960 4698 habitasse,
2994 4630 3122 4700 quia
3169 4638 3375 4683 certum
3423 4637 3535 4695 sta-

1955 4737 2066 4784 tuat
2091 4736 2299 4798 tempus
2325 4727 2465 4795 quod
2490 4732 2775 4795 utrumque
2814 4724 3132 4780 interlucrit.
3164 4720 3280 4776 iam
3324 4735 3456 4779 vero
3485 4728 3535 4773 et

1957 4819 2085 4875 illud
2108 4821 2372 4874 incertum
2395 4827 2499 4883 est,
2530 4828 2790 4889 quantum
2844 4819 3103 4888 temporis
3132 4816 3359 4870 Turonis
3413 4800 3534 4885 per-

1958 4911 2239 4977 manserit,
2290 4927 2410 4967 cutn
2461 4927 2587 4982 erga
2616 4912 2786 4968 sancti
2818 4912 3026 4967 Martini
3068 4910 3277 4965 cineres
3326 4909 3536 4980 pietatis

1959 5020 2022 5060 ac
2074 5005 2347 5075 religionis
2376 5019 2564 5069 causa,
2614 5014 2728 5059 tum
2782 5004 2868 5064 vel
2914 5003 3253 5072 Euphronii,
3302 4998 3538 5070 episcOpi

1960 5100 2161 5155 Turon.
2195 5099 2302 5171 (cui
2326 5102 2440 5170 ipse
2460 5099 2929 5169 conjunctissimns
2958 5097 3104 5168 fuit),
3138 5095 3325 5150 olliciis
3353 5102 3408 5149 et
3437 5092 3539 5146 hu-

1963 5194 2222 5247 manitate
2272 5193 2543 5245 detentus.
2577 5192 2891 5260 Quanquam
2933 5191 3058 5260 quid
3090 5189 3173 5243 vel
3204 5187 3328 5241 illud
3363 5185 3515 5253 probi

1963 5285 2053 5341 bet
2082 5285 2361 5352 scripsisse
2389 5282 2737 5345 Fortunatum
2766 5297 2824 5337 se
2846 5294 2971 5337 tunc
3000 5297 3181 5335 navum
3210 5279 3389 5340 fuisse,
3418 5291 3543 5333 cum

1965 5378 2086 5432 illac
2106 5376 2453 5437 Gelesuintba
2480 5377 2807 5446 pertransiit,
2824 5393 2889 5432 eo
2909 5383 3148 5443 Spectato
3174 5383 3415 5440 tempore
3436 5387 3543 5442 quo

1965 5470 2200 5524 funebre
2232 5486 2448 5524 carmen
2472 5468 2740 5524 scribebat
2772 5469 2823 5522 in
2852 5468 2968 5537 ejus
2996 5475 3245 5532 mortem,
3267 5480 3385 5536 quze
3416 5478 3547 5519 sane

1966 5566 2239 5631 aliquanto
2269 5575 2389 5632 post
2417 5564 2611 5617 accidit
2637 5563 2660 5617 7
2690 5562 2839 5629 Quod
2872 5577 3000 5614 vero
3030 5576 3283 5629 magnum
3319 5559 3402 5614 his
3433 5573 3547 5612 mo-

1968 5669 2206 5712 mentum
2240 5656 2403 5714 addit.
2439 5655 2563 5709 illud
2597 5665 2695 5717 est,
2749 5653 2888 5723 (“rod
2921 5661 3044 5708 ante
3073 5669 3267 5706 annum
3302 5652 3402 5707 5οἻ
3452 5664 3546 5704 ne-

1971 5749 2207 5805 cessario
2234 5751 2284 5804 in
2312 5747 2478 5803 Gallia
2514 5748 2831 5805 Fortunatus
2859 5748 2975 5815 fuit,
3000 5749 3088 5819 qui
3136 5755 3188 5800 ct
3218 5747 3427 5813 nuptias
3455 5742 3545 5799 Si-

1972 5842 2162 5914 giberti
2185 5856 2306 5899 cum
2330 5837 2693 5906 Bruniebilde,
2717 5853 2805 5896 an.
2838 5839 2966 5912 566,
2990 5852 3045 5897 ut
3075 5841 3268 5910 smpitts
3287 5833 3539 5907 diximus,
