4020 6346
490 253 557 311 δι
1030 257 1549 320 PROLEGOMENA
1589 263 1679 321 AD
1725 261 2046 320 VENANTII
2088 259 2246 324 NON.
2291 269 2492 326 CLEM.
2539 272 2932 330 FORTUNA'I‘I
2973 269 3230 330 OPERA.
3690 269 3764 326 52

495 371 678 440 initas,
721 375 961 433 carmine
986 377 1306 447 celebrarit,
1339 390 1395 436 et
1451 397 1572 436 cum
1618 377 1823 436 Nicetio
1878 379 2326 452 Trevi-Apula,
2390 385 2609 441 brumali
2663 389 2753 441 sub
2807 390 3021 458 frigore,
3081 388 3236 441 Musa
3288 387 3542 456 hortante,
3595 390 3767 446 nescio

494 467 642 524 rensi
671 468 926 541 episcopo
971 472 1286 542 conjunctus
1334 473 1564 528 amicitia
1607 473 1788 541 fuerit,
1821 474 1887 528 ad
1915 490 2075 544 quem

489 561 667 618 adhuc
698 566 1042 634 superstitem
1063 568 1278 636 scripsit
1306 569 1612 624 carmen“
1663 569 1759 625 lib.
1820 585 1900 624 ιιι.
1953 570 2072 626 Jam

490 669 619 710 vero
645 655 882 713 Nicetius
909 675 1000 713 an.
1033 658 1248 715 circiter
1270 659 1373 711 566
1403 661 1615 717 labente
1641 663 1793 729 obiit,
1826 663 2074 732 utconji-

485 748 558 802 cit
576 747 820 805 Cointius
850 751 917 806 ad
947 751 1090 807 hunc
1118 768 1338 821 annum,
1369 769 1423 807 n.
1456 755 1544 809 60.

566 842 654 896 35.
684 842 758 896 Ex
788 843 869 898 his
902 843 1063 912 igitur
1085 845 1332 899 omnibus
1362 847 1701 901 statuendum
1735 848 2070 904 videturiter

495 933 775 990 Fortunati
828 937 880 990 in
913 935 1138 992 Ga‘lliam
1196 939 1247 992 in
1287 953 1483 994 annum
1533 940 1638 996 565
1683 941 2071 1009 conjiciendum

492 1040 646 1093 esse;
674 1037 819 1083 certe
844 1043 942 1083 nec
965 1037 1089 1084 ante
1116 1045 1313 1085 annum
1359 1032 1485 1100 564,
1523 1048 1620 1087 nec
1653 1041 1772 1100 post.
1800 1033 1924 1095 566,
1955 1049 2074 1090 esse

492 1119 821 1187 ponendum.
855 1119 1023 1187 Quam
1052 1132 1230 1177 autem
1255 1123 1368 1192 ipse
1393 1125 1554 1189 viam,
1589 1125 1640 1179 in
1674 1125 1873 1180 Gallias
1902 1126 2076 1194 proli-

487 1212 715 1277 ciscens,
744 1217 994 1284 tenuerit,
1028 1232 1145 1286 quae
1171 1217 1284 1272 loca
1308 1218 1521 1285 adierit,
1554 1220 1684 1274 satis
1730 1219 1868 1274 idem
1919 1233 2075 1274 enar-

493 1313 596 1371 rat,
622 1304 863 1360 scribens
903 1308 966 1360 ad
1001 1305 1161 1379 Greg.
1194 1309 1346 1376 'l‘urg,
1383 1312 1474 1364 lib.
1507 1327 1546 1380 1,
1599 1327 1716 1382 cap.
1748 1313 1796 1377 1,
1843 1313 1925 1368 his
1956 1328 2074 1368 ver-

495 1395 614 1450 bis:
650 1395 943 1453 Pra'sertint
970 1402 1109 1471 quod
1148 1420 1239 1472 ego
1266 1404 1530 1474 imperitus
1572 1406 1634 1458 de
1671 1404 1916 1459 Ravenna
1955 1423 2075 1477 pro-

487 1489 745 1557 grediens,
801 1490 1029 1557 Padum,
1081 1496 1324 1558 Athesim,
1369 1494 1668 1563 Brintham,
1713 1497 1946 1563 Plavem,
1988 1497 2074 1552 Li-

490 1586 772 1651 quentiam,
804 1582 1266 1654 Tiliamentumque
1292 1598 1520 1655 tranans,
1549 1606 1637 1658 per
1666 1590 1848 1657 Alpem
1876 1590 2075 1643 Juliant

489 1674 743 1740 pendulus
758 1678 1012 1730 montanis
1032 1677 1367 1746 anfractibus,
1391 1679 1621 1734 Dravum
1635 1681 1848 1745 Norico,
1865 1681 2071 1735 (Enum

2180 476 2348 547 gelida
2395 482 2557 550 magis
2590 498 2655 535 att
2699 482 2856 548 ebria,
2907 497 3062 536 novus
3111 481 3344 553 Orpheus
3375 481 3588 552 Lyricus
3625 483 3768 540 silva:

2179 586 2326 625 voces
2370 573 2577 639 dabant,
2637 575 2764 629 silva
2820 576 3078 630 reddebat.
3130 576 3176 629 A
3236 575 3477 630 barbaris
3523 578 3685 631 etiam
3712 587 3768 634 et

2178 663 2479 730 agrestibus
2507 665 2836 732 hominibus,
2872 682 2967 735 per
2995 680 3126 735 quos
3156 667 3256 720 iter
3285 663 3533 732 faciebat,
3567 667 3765 722 invita-

2183 763 2292 821 tus,
2323 763 2377 810 et
2404 757 2636 825 hospitio
2665 767 2946 828 exceptus,
2995 773 3183 813 eorum
3228 773 3374 827 saepe
3422 758 3473 812 in
3507 759 3767 816 conviviis

2176 849 2412 902 carmina
2445 850 2718 918 fundebat,
2754 850 2860 915 ubi,
2891 852 2984 916 ait,
3016 850 3130 905 sola
3169 866 3306 921 stupe
3335 851 3623 906 bombicans
3648 852 3768 905 bar-

2178 937 2326 992 baros
2357 941 2535 994 lendas
2565 942 2730 1009 Itarpa
2751 943 3016 995 relidebat.
3044 947 3220 1011 Atque
3248 942 3294 996 is
3314 943 3450 997 hanc
3474 943 3524 996 in
3548 957 3764 998 causam

2179 1032 2346 1085 refert
2374 1047 2469 1086 cur
2518 1033 2763 1100 quaedam
2815 1049 2909 1088 sua
2967 1044 3213 1103 poemata
3271 1037 3446 1087 minus
3494 1034 3768 1102 eleganter

2177 1121 2375 1188 scripta
2407 1131 2612 1191 essent,
2657 1139 2722 1178 ac
2761 1125 2939 1178 minus
2997 1125 3178 1178 limata
3205 1132 3261 1179 et
3292 1125 3568 1194 perpolita.
3625 1123 3765 1191 Quid

2178 1214 2336 1280 enim,
2373 1216 2565 1284 inquit,
2597 1217 2686 1270 tibi
2734 1215 2929 1282 aﬂ‘abre
2982 1217 3175 1270 dictum
3231 1218 3319 1280 sit,
3353 1217 3438 1270 ubi
3468 1217 3580 1285 quis
3608 1232 3768 1272 sanus

2179 1321 2280 1358 non
2305 1307 2553 1371 creditur,
2589 1308 2689 1360 nisi
2718 1323 2887 1360 secum
2919 1309 3109 1373 pariter
3157 1309 3436 1375 insanitur,
3461 1314 3559 1378 quo
3587 1317 3766 1379 gratu-

2179 1396 2275 1449 lari
2305 1399 2465 1464 magis
2493 1409 2566 1452 est
2589 1401 2634 1452 si
2663 1401 2826 1454 vivere
2845 1401 2961 1454 licet
2993 1411 3107 1470 post
3137 1401 3340 1454 bibere?

2250 1489 2341 1543 38.
2383 1490 2558 1559 Atque
2589 1491 2640 1544 in
2677 1491 2774 1546 hoc
2799 1494 2915 1562 ipso
2960 1509 3054 1562 per
3083 1493 3429 1548 Germaniam
3460 1501 3513 1548 et
3536 1492 3764 1550 Galliam

2179 1581 2373 1637 itinere
2420 1598 2540 1637 cum
2575 1585 2930 1640 nobilissimis
2970 1601 3032 1641 ac
3065 1587 3263 1642 virtute
3313 1599 3368 1642 et
3398 1586 3602 1642 honore
3631 1603 3765 1658 prte-

2178 1679 2443 1733 stantibus
2475 1680 2601 1734 viris
2634 1681 2926 1736 amicitiam
2985 1682 3143 1748 inire,
3178 1697 3240 1737 ac
3269 1697 3454 1737 eorum
3505 1683 3606 1738 sibi
3647 1698 3765 1753 gra-

485 1763 722 1834 Brconis,
760 1767 966 1822 Liccam
995 1759 1226 1840 Bajaria,
1259 1773 1554 1827 Danubium
1584 1774 1912 1840 Alemannia,
1939 1775 2073 1829 the-
2105 1751 2151 1810 Β
2182 1770 2306 1822 liam
2334 1773 2648 1838 promereri,
2685 1774 2836 1828 facile
2879 1776 3069 1842 potuit,
3103 1791 3224 1829 Cum
3256 1775 3324 1830 ob
3349 1778 3471 1830 vitae
3501 1775 3764 1831 innocen-

489 1870 610 1908 num
639 1856 916 1913 Germania
937 1863 1208 1928 transiens,
1259 1880 1318 1916 ac
1368 1876 1478 1929 post
1519 1865 1812 1930 Musellam,
1850 1865 2071 1936 Mosam,

487 1947 744 2015 Axonam,
788 1964 834 2004 et
862 1953 1176 2021 Sequanam,
1209 1955 1431 2024 Ligerim
1462 1967 1509 2009 et
1553 1956 1888 2026 Garumnam,
1919 1961 2076 2028 Aqui-

485 2042 638 2096 tania:
685 2047 910 2100 maafima
950 2051 1173 2116 ﬂuenta,
1244 2050 1507 2121 Pyrenwis
1565 2070 1869 2119 occurrens,
1927 2055 2074 2109 Julia

485 2151 654 2190 mense
693 2140 900 2203 nivosis,
951 2129 1079 2209 pene
1127 2152 1213 2196 aut
1257 2147 1557 2211 equitando,
1595 2159 1684 2200 aut
1724 2149 2072 2209 dormitando.

485 2228 898 2300 conscripserim.
927 2233 1147 2288 Brevius
1178 2235 1354 2289 adhuc
1409 2236 1606 2290 Paulus
1652 2238 1798 2292 Diae.
1847 2238 1945 2291 hoc
1973 2239 2076 2294 iter

490 2317 766 2375 Fortunati
797 2326 1190 2393 cumplecnitur,
1226 2327 1472 2396 inquiens
1525 2347 1536 2381 :
1586 2330 1686 2394 Qui
1731 2330 1828 2382 sibi
1856 2327 2074 2397 (Fortu-

487 2417 685 2482 natus),
715 2425 769 2468 ut
821 2419 872 2469 in
901 2418 1005 2470 suis
1037 2419 1144 2486 ipse
1173 2421 1484 2474 carminibus
1514 2427 1687 2490 refert,
1736 2422 1857 2474 illuc
1887 2437 2072 2490 prope-

487 2506 626 2558 ranti
647 2524 737 2576 per
765 2507 1019 2576 ﬂuentilia
1056 2512 1210 2563 menti
1241 2510 1493 2581 [Forsan,
1524 2514 1716 2579 fluenta
1760 2511 2070 2584 Tiliamenti]

482 2605 528 2650 et
561 2597 813 2664 llounam,
866 2617 1054 2671 perque
1107 2603 1358 2670 Usupum,
1413 2612 1462 2655 et
1513 2619 1602 2672 per
1630 2603 1810 2672 Alpem
1851 2602 2067 2670 Juliam,

483 2703 668 2755 perque
716 2691 976 2761 Aguntum
1029 2688 1289 2758 Castrum,
1344 2690 1697 2762 Dravumque,
1748 2701 1796 2746 et
1846 2692 2072 2763 Byrrum

481 2779 690 2846 ﬂuvios,
717 2790 764 2834 et
789 2779 1022 2847 Briones,
1044 2793 1090 2836 et
1114 2787 1393 2853 Augustam
1418 2784 1693 2850 civitatem,
1727 2801 1881 2854 quant
1909 2785 2068 2840 Virdo

485 2879 532 2923 et
563 2869 695 2924 Lech
725 2872 799 2943 (id
831 2883 933 2940 est,
970 2873 1140 2927 Vincla
1162 2885 1207 2929 et
1231 2872 1459 2945 Lyc/tus)
1483 2878 1751 2945 ﬂucntant,
1787 2877 1882 2929 iter
1913 2877 2071 2945 fuisse

480 2963 738 3018 describit.

556 3055 647 3108 56.
691 3055 773 3109 Ex
823 3057 906 3110 his
950 3058 1112 3128 igitur
1154 3060 1492 3128 perspicuum
1543 3069 1626 3114 est
1657 3062 1926 3127 eumdem,
1959 3059 2066 3113 Ra-

486 3161 656 3201 venna
675 3148 999 3218 digressum,
1018 3151 1316 3221 Patavium,
1333 3155 1648 3209 continuato
1668 3155 1880 3220 itinere,
1901 3164 2064 3224 atque

486 3237 614 3294 inde
637 3239 962 3309 Tarvisium,
985 3244 1198 3299 venisse
1222 3245 1388 3313 (cum,
1424 3253 1482 3299 ut
1523 3244 1811 3301 verisimile
1833 3255 1938 3311 est,
1961 3244 2070 3298 Du-

480 3331 714 3403 plavilim
769 3335 1077 3394 divertisset
1121 3337 1188 3392 ad
1238 3353 1366 3394 suos
1422 3339 1785 3410 invisendos),
1829 3351 1938 3394 tum
1973 3355 2070 3410 per

481 3424 649 3495 Alpes
670 3425 912 3493 Noricas,
949 3431 1287 3488 Germaniam
1322 3436 1641 3504 ingressum,
1691 3435 1816 3490 hinc
1866 3438 1916 3490 in
1947 3437 2069 3491 Gal-

481 3514 582 3571 lias
631 3519 796 3588 (quod
851 3531 978 3578 tunc
1027 3532 1144 3579 erat
1174 3526 1357 3581 tritum
1379 3537 1432 3583 et
1462 3529 1714 3582 usitatum
1747 3528 1802 3582 in
1846 3543 2067 3598 regnum

481 3609 608 3665 illud
643 3614 768 3682 iter)
811 3615 1105 3686 trajecisse.
1154 3619 1419 3686 Quocirca
1465 3619 1632 3687 idem,
1682 3619 1778 3674 lib.
1832 3634 1884 3674 tv
1935 3619 2068 3674 Vita:

478 3706 649 3761 sancti
706 3708 938 3776 Martini,
990 3712 1171 3768 libello
1219 3729 1318 3768 suo
1353 3713 1598 3769 eamdem
1647 3713 1807 3779 viam,
1858 3728 1888 3767 e
1943 3711 2068 3768 Gal-

479 3798 546 3852 lia
581 3800 632 3854 in
668 3801 869 3858 Italiam
924 3805 1304 3874 proﬁciscenti,
1355 3817 1749 3864 commonstrat
1809 3807 1894 3862 liis
1948 3823 2066 3862 ver-

477 3890 621 3946 sibus
664 3910 679 3946 :

540 3981 598 4055 'S'i
616 3983 704 4055 tibi
725 3985 1001 4055 barbaricos
1024 3992 1307 4041 conceditur
1333 3995 1408 4043 ire
1431 4007 1521 4055 per
1545 4005 1732 4049 amnes,

543 4043 606 4118 lit
623 4045 812 4118 placide
830 4047 1062 4118 Δῐίιιθιιιιιιι
1083 4057 1417 4118 transmittere
1433 4043 1651 4118 'possiset
1677 4043 1910 4111 Histrum,

542 4106 719 4179 Bergis
735 4112 794 4179 ad
819 4113 1104 4179 Augustam,
1128 4128 1270 4175 quam
1297 4106 1469 4179 Yindii,
1495 4115 1749 4177 Lycusque
1774 4106 2033 4178 liuentem,

542 4168 593 4238 ξι
620 4179 755 4238 vacat
777 4172 848 4219 ire
874 4177 1020 4238 viam,
1048 4168 1211 4238 neque
1232 4185 1282 4226 te
1306 4168 1554 4236 Bajoarins
1574 4168 1749 4238 obstat,

541 4230 644 4304 Qua
670 4236 822 4304 vicina
843 4230 1020 4304 sedent
1044 4230 1286 4286 Brennum
1317 4230 1436 4297 loca,
1460 4253 1619 4304 perge
1639 4230 1948 4304 per'Alpem,

544 4291 838 4362 ingrediens
861 4299 1028 4362 (alligo
1051 4313 1143 4359 qua
1173 4304 1369 4362 gurgite
1395 4291 1604 4351 volvitur
1623 4291 1812 4351 Olinus.

546 4352 666 4426 inde
697 4352 939 4406 Valentini
961 4352 1217 4426 Beneficii
1243 4352 1422 4426 tEmpIa
1450 4367 1675 4424 require,

539 4415 711 4480 Eoriea
734 4432 846 4468 rura
867 4427 1060 4480 petens,
1087 4424 1166 4472 ubi
1194 4415 1360 4473 Birrus
1381 4415 1586 4474 vertitur
1609 4415 1768 4476 undis.

542 4477 640 4548 iter
661 4479 871 4528 Dravum
899 4484 994 4548 itur
1019 4477 1130 4544 iter,
1150 4500 1243 4547 qua
1263 4501 1319 4535 se
1343 4489 1542 4537 castella
1568 4489 1811 4548 supinant.

658 4553 881 4592 monlana
905 4547 1085 4594 sedens
1107 4540 1151 4594 in
1169 4540 1300 4610 colle
1327 4551 1551 4610 superbit
1575 4540 1813 4609 Aguntus.

541 4602 667 4674 liiqc
691 4613 808 4666 pete
835 4616 973 4669 rapte
996 4611 1114 4670 vias,
1143 4611 1225 4658 ubi
1249 4602 1817 4674 Julia'panditurvAlpes,

547 4665 1006 4735 {illiusassurgeng
1031 4665 1242 4720 etinons
1266 4677 1310 4721 in
1350 4665 1508 4722 nubila
1541 4665 1722 4735 pergit;

544 4725 665 4797 inde
694 4729 817 4778 Foro
840 4725 955 4797 Julii
979 4734 1044 4781 de
1071 4735 1267 4782 nomine
1295 4725 1631 4797 principis'exi

547 4789 646 4858 fer
671 4804 838 4858 rupes,
859 4796 1042 4857 Usope,
1066 4803 1189 4849 tuas.
1219 4789 1316 4858 qua
1342 4789 1519 4845 lanit'ur
1541 4799 1704 4856 undis,

541 4849 604 4901 Et
626 4849 777 4913 super
802 4849 945 4905 instat
962 4849 1105 4914 aquis
1125 4849 1310 4907 Reunia
1330 4859 1631 4908 'l‘iliamenti.

547 4914 940 4986 Minc_Venetutt't
959 4919 1436 4986 saltus,_campestria
1465 4935 1619 4986 perge
1640 4935 1732 4986 per
1763 4933 1872 4969 arra
1901 4923 2066 4986 (etc.),

544 4980 642 5045 ᾼιιι
661 4979 1026 5045 Aquileiensem
1059 4986 1097 5031 si
1127 4979 1552 5032 furte'accesseris
1580 4979 1751 5031 urbem
1777 4979 1942 5045 (etc),

548 5041 648 5107 Qua
675 5055 781 5107 mea
813 5042 1043 5090 'l'art'isns
1068 5046 1272 5107 residet,
1296 5049 1334 5094 si
1361 5046 1572 5094 molliter
1599 5047 1766 5103 intras,

547 5101 655 5170 yet;
669 5103 901 5152 Cenetam
923 5109 1168 5165 gradiens,
1196 5101 1449 5156 et'anxicos
1475 5101 1879 5170 Duplavenenses
1902 5106 2068 5170 (etc.),

545 5166 596 5231 δί
619 5166 852 5231 Patavina
878 5171 962 5215 tibi
991 5176 1154 5228 pateat
1181 5171 1258 5218 via
1295 5172 1460 5231 pergis
1484 5169 1540 5216 ad
1558 5166 1740 5218 urbem
1770 5166 1942 5231 (eux);

543 5226 664 5277 lude
688 5226 1022 5278 llakuatum
1050 5231 1266 5292 placnam
1293 5226 1409 5292 pete
1429 5232 1618 5280 dulcius
1647 5226 1817 5280 urbem
1846 5226 2006 5292 (etc)

563 5310 655 5364 57.
710 5310 822 5365 lluc
862 5323 1037 5366 autem
1071 5314 1298 5379 itineris,
1323 5314 1463 5383 quod
1493 5330 1583 5383 per
1613 5315 1724 5367 sola
1759 5313 2071 5382 plerumque

491 5415 554 5457 ac
583 5402 792 5458 deserta
821 5404 935 5458 loca
969 5406 1190 5460 iaciebat
1225 5405 1573 5469 Fortunatus,
1593 5405 1917 5459 carminibus
1942 5421 2066 5474 pan-

491 5496 700 5565 gendis,
734 5498 884 5565 quasi
917 5497 1145 5566 qundam
1173 5499 1441 5552 Musarum
1475 5499 1814 5554 condimento
1837 5515 1900 5554 ac
1932 5511 2065 5555 tem-

480 5590 781 5659 peratione,
808 5591 1104 5647 solabatur.
1136 5592 1189 5646 ld
1214 5593 1281 5646 de
1307 5608 1365 5646 se
1409 5581 1706 5660 profitetur,
1740 5593 1981 5648 scribens
2004 5593 2069 5648 ad

481 5679 643 5746 Greg.
677 5681 902 5748 Turon.,
941 5683 1033 5737 lib.
1066 5701 1102 5752 ι,
1157 5698 1275 5752 cap.
1338 5685 1389 5751 l,
1442 5683 1684 5752 inquiens
1716 5703 1727 5737 :
1766 5681 1909 5737 Inter
1933 5683 2068 5737 Bar-

477 5770 652 5840 baros,
677 5772 830 5844 longo
855 5784 1041 5843 tractu,
1065 5776 1324 5848 gradiens,
1373 5784 1462 5829 aut
1505 5778 1586 5830 via
1616 5777 1798 5848 fessus,
1843 5786 1930 5830 aut
1957 5793 2068 5831 cra-

2181 1860 2329 1926 tiam,
2360 1877 2422 1916 ac
2451 1877 2658 1917 morum
2694 1864 3035 1933 suavitatem,
3070 1874 3177 1918 tum
3207 1864 3276 1919 ob
3319 1865 3530 1919 laudem
3564 1865 3764 1921 littera-

2179 1967 2294 2006 rum
2327 1963 2380 2007 et
2408 1953 2628 2022 ingenii,
2663 1954 2714 2008 in
2751 1955 2940 2022 primis
2989 1971 3116 2009 vero
3139 1972 3202 2009 ex
3234 1957 3462 2025 quadam
3497 1956 3762 2011 Musarum

2177 2045 2678 2109 commendatione,
2711 2060 2833 2114 quae
2870 2047 2951 2101 vel
2993 2047 3304 2116 peregrinos
3346 2054 3400 2099 et
3429 2044 3638 2114 ignotos
3669 2045 3763 2099 ho-

2179 2136 2352 2189 mines
2376 2137 2578 2190 exteris
2605 2137 2912 2191 nationibus
2939 2140 3168 2206 probare
3219 2152 3432 2206 semper
3460 2139 3760 2193 consuevit.

2175 2225 2336 2281 Certe
2363 2229 2747 2297 quamplurimi
2771 2241 3085 2298 occurrunt,
3121 2229 3187 2283 de
3217 2229 3408 2298 quibus
3437 2229 3762 2284 Fortunatus

2175 2321 2286 2375 suis
2336 2320 2390 2374 in
2445 2322 2771 2377 carminibus
2803 2324 3134 2377 mentionem
3169 2322 3317 2390 facit,
3367 2320 3455 2391 qui
3509 2323 3758 2377 eumdem

2176 2425 2274 2481 per
2303 2411 2646 2467 Germaniam
2699 2414 2934 2483 hospitio
2985 2414 3291 2484 excepisse,
3323 2423 3376 2467 et
3402 2429 3496 2466 sua
3525 2413 3760 2468 amicitia

2174 2503 2393 2576 dignum
2441 2507 2732 2574 judicasse,
2788 2517 2844 2562 et
2889 2505 3082 2560 officiis
3132 2506 3253 2559 aliis
3295 2506 3561 2575 prosecuti
3613 2518 3756 2573 esse,

2175 2597 2428 2652 videntur
2461 2616 2472 2651 :
2507 2614 2642 2668 quos
2675 2599 2815 2653 inter
2846 2599 3084 2653 eminent
3108 2598 3287 2664 Lupus
3321 2608 3376 2651 et
3407 2597 3574 2666 Gogo,
3605 2596 3755 2666 prin-

2176 2689 2325 2757 cipes
2350 2691 2492 2759 apud
2518 2705 2700 2759 regem
2723 2689 3014 2745 Austrasite
3044 2687 3303 2757 dignitate
3352 2687 3471 2752 viri,
3519 2686 3756 2754 Magnul-

2174 2781 2333 2850 phus,
2374 2781 2507 2848 Lupi
2561 2783 2749 2844 frater,
2808 2781 3030 2835 Jovinus
3084 2778 3388 2848 praefectus,
3443 2779 3756 2848 Bodigisilus

2171 2872 2300 2938 dux,
2336 2883 2392 2926 et
2438 2872 2547 2936 alii,
2581 2888 2712 2941 quos
2754 2873 2808 2926 in
2860 2869 3145 2925 Germania
3175 2885 3234 2924 se
3284 2869 3500 2934 vidisse,
3534 2880 3586 2922 et
3614 2868 3754 2939 apud

2171 2978 2266 3017 eos
2298 2963 2469 3018 fuisse
2492 2966 2847 3030 diversatum,
2883 2976 3262 3031 nonnunquam
3296 2970 3541 3016 testatur.
3573 2961 3754 3030 Itaque

2171 3056 2237 3110 ad
2271 3055 2478 3126 Lupum
2503 3057 2762 3121 scribens,
2790 3057 2885 3110 lib.
2909 3071 3005 3121 vn,
3034 3069 3154 3124 cap.
3184 3055 3216 3106 8
3250 3071 3265 3108 :

2297 3171 2414 3234 Cum
2435 3175 2692 3232 peregrina
2706 3170 2816 3234 (ait)
2830 3182 2968 3219 meos
2990 3170 3149 3234 tenuit
3169 3167 3426 3218 Germania
3455 3167 3606 3228 visus,

2358 3233 2430 3283 Tu
2452 3242 2608 3295 pater,
2638 3243 2688 3282 et
2713 3236 2879 3294 patrne
2901 3233 3230 3295 consuliturus
3254 3242 3382 3295 eras.

2297 3291 2534 3346 Conse‘rui
2559 3291 2752 3356 quoties
2769 3304 2931 3342 vestro
2946 3306 3175 3342 sermone
3205 3291 3442 3354 loquelas,

2358 3357 2552 3408 Credidi
2579 3359 2630 3405 in
2651 3357 2906 3404 ambrosiis
2926 3369 3006 3405 me
3026 3357 3266 3405 recubare
3291 3357 3435 3404 rosis.

2175 3462 2319 3519 ldem
2348 3462 2589 3518 scribens
2621 3461 2684 3515 ad
2713 3459 2979 3528 Jovinum,
3016 3475 3133 3529 cap.
3170 3459 3257 3526 12,
3287 3459 3457 3529 inquit
3488 3476 3505 3515 :

2294 3562 2399 3612 Non
2421 3564 2484 3611 ita
2511 3562 2652 3610 rebar
2677 3575 2844 3623 ovans,
2865 3565 3113 3623 postquam
3141 3560 3397 3610 Germania
3417 3566 3607 3610 nostros

2357 3623 2641 3674 Contulerat
2662 3625 2810 3683 visus,
2841 3631 2895 3671 ut
2912 3623 3130 3671 resiliret
3152 3635 3304 3672 amor.

2246 3708 2340 3765 39.
2378 3708 2775 3777 Sigismundum
2807 3721 3018 3776 quoque
3047 3717 3102 3761 et
3128 3705 3446 3775 Aregisilum
3477 3704 3668 3759 fratres
3690 3703 3750 3759 in

2175 3815 2234 3856 se
2263 3800 2510 3854 liberales
2535 3813 2598 3853 ac
2640 3798 2912 3853 beneﬁcos
2954 3797 3019 3851 iis
3069 3795 3120 3849 in
3154 3795 3287 3850 locis
3321 3793 3484 3850 fuisse
3509 3805 3756 3863 testatur,

2170 3907 2306 3963 quos
2333 3901 2616 3961 prepterea
2651 3906 2755 3944 non
2786 3889 2992 3944 dubitat
3018 3887 3334 3958 parentibus
3364 3885 3478 3940 suis
3510 3901 3604 3956 pro
3622 3886 3758 3940 cha-

2172 3984 2331 4039 ritate
2355 3999 2417 4038 ac
2445 3981 2798 4038 beneficentia
2829 3994 3133 4050 exrequare.
3165 3980 3255 4033 Sic
3275 3979 3417 4033 enim
3446 3977 3514 4032 ad
3536 3975 3755 4033 eosdem

2169 4077 2377 4143 scribit,
2407 4075 2500 4131 lib.
2526 4091 2620 4141 vn,
2645 4091 2763 4144 cap.
2790 4074 2854 4127 21
2890 4091 2900 4125 :

2293 4189 2498 4239 Nomina
2525 4191 2787 4236 amicorum
2810 4186 2923 4234 mihi
2943 4185 3101 4234 dulcis
3124 4183 3329 4246 epistola
3353 4185 3536 4246 pandit,

2355 4249 2801 4308 Hinc,Sigimnude
2817 4251 2996 4307 nitens,
3020 4248 3128 4294 hinc
3146 4246 3375 4308 Aregisle
3400 4248 3604 4296 decens.

2295 4313 2410 4363 Pest
2437 4310 2580 4360 Italas
2603 4320 2764 4361 terras
2782 4310 2934 4356 mittis
2957 4310 3094 4369 mihi,
3120 4310 3310 4367 ltlteue,
3341 4315 3599 4370 parentes;

2355 4376 2580 4424 Adventu
2606 4373 2826 4433 fratrum,
2845 4384 2941 4419 non
2965 4372 3259 4433 peregrinus
3277 4383 3383 4419 ero.

2089 4483 2144 4544 ι)
2237 4481 2330 4534 40.
2374 4478 2450 4532 Ex
2479 4477 2562 4531 his
2589 4485 2765 4532 autem
2792 4476 3031 4546 proclive
3075 4483 3160 4531 est
3205 4475 3473 4546 conjicere
3498 4472 3749 4530 eumdem

2170 4571 2384 4641 aliquod
2413 4569 2644 4640 spatium
2693 4569 2950 4639 temporis
3002 4571 3056 4624 in
3112 4568 3397 4625 Germania
3423 4579 3474 4624 et
3501 4568 3758 4637 proximis

2170 4665 2483 4735 regionibus
2512 4675 2909 4718 commoratum
2962 4663 3150 4730 fuisse,
3191 4665 3368 4733 quoad
3411 4663 3616 4717 scilicet
3643 4663 3754 4715 cla-

2172 4757 2444 4823 rissimos,
2468 4771 2601 4826 quos
2643 4772 2790 4824 saepe
2818 4757 2929 4811 suis
2959 4757 3288 4811 carminibus
3327 4754 3582 4821 celebrat,
3616 4755 3756 4809 viros

2171 4849 2404 4905 invisere
2457 4860 2510 4903 et
2555 4850 2838 4904 commode
2874 4847 3044 4912 adire,
3077 4855 3131 4900 et
3161 4846 3529 4915 frequentibus
3559 4844 3755 4900 officiis

2170 4959 2359 4998 eorum
2389 4943 2440 4996 in
2469 4959 2529 4997 se
2554 4942 2842 4996 amicitiam
2889 4940 3199 5004 conciliare,
3259 4947 3458 5008 posset,
3511 4947 3588 4993 tot
3619 4955 3756 5006 prae-

2174 5046 2315 5089 terea
2351 5037 2508 5088 urbes
2525 5044 2584 5089 et
2615 5035 2887 5105 regiones,
2921 5047 3150 5101 quarum
3179 5031 3406 5102 diligens
3431 5044 3485 5086 et
3506 5040 3756 5085 accurata

2175 5127 2227 5180 in
2254 5127 2497 5196 ejusdem
2523 5127 2863 5196 poematibus
2881 5124 3176 5194 descriptio
3195 5125 3447 5186 occurrit,
3466 5136 3756 5192 cognosce-

2175 5227 2256 5273 ret
2283 5234 2345 5272 ac
2369 5227 2700 5287 peragraret.

2245 5311 2338 5364 41.
2373 5311 2538 5364 Porro
2564 5310 2910 5364 Fortunatum
2959 5310 3012 5362 in
3041 5307 3240 5363 Gallias
3273 5308 3574 5363 venientem
3603 5319 3754 5360 exce-

2175 5405 2253 5473 pit
2284 5405 2327 5457 is
2349 5404 2500 5473 cujus
2538 5418 2680 5470 s:epe
2712 5402 3080 5466 meminimus,
3117 5400 3436 5470 Sigibertus,
3469 5397 3756 5454 Austrasim
3817 5463 3820 5465 Α

2175 5512 2292 5561 rex,
2347 5513 2408 5549 ac
2460 5495 2602 5549 omni
2634 5493 2954 5548 liberalitate
2982 5503 3036 5546 et
3066 5491 3247 5548 ofﬁcio
3289 5503 3371 5549 est
3417 5499 3752 5560 prosecutus,

2175 5605 2296 5644 cum
2353 5589 2757 5658 plurimorum,
2811 5597 2868 5641 ut
2914 5586 3173 5641 credibile
3229 5597 3333 5650 est,
3391 5584 3752 5655 praestantium

2175 5682 2436 5751 dignitate
2485 5682 2722 5735 virorum
2780 5680 2938 5751 (quos
2984 5680 3083 5733 sibi
3137 5694 3232 5748 per
3279 5676 3618 5733 Germaniam
3662 5675 3751 5728 de-

2175 5775 2448 5848 vinxerat)
2497 5774 2690 5830 litteris
2717 5789 2779 5831 ac
2811 5772 3131 5832 testimoniis
3166 5770 3619 5837 commendatum,
3647 5778 3751 5824 tum
