4020 6346
203 299 211 336 :
232 280 282 337 55
1361 260 1522 320 VITA
1560 251 1885 314 VENANTII
1927 247 2344 306 FOIlTUNATlu

3409 243 3476 300 δι

226 413 280 454 ex
305 390 497 464 ingenii
524 390 897 459 doctrinaaque
920 386 1059 441 fama
1091 382 1226 439 satis
1251 378 1513 449 insignem
1538 381 1592 430 et
1607 369 1788 441 cogni-
1822 370 1870 426 A
1899 365 2180 464 Ρτυάεξηιῖθ
2211 377 2274 416 ac
2313 359 2577 464 δθτῐηοξξῖε
2607 359 2891 463 smmi)”.
2915 368 3277 462 Ρΐτξξειθηίθῐηο
3303 359 3472 427 Quam

227 497 360 631 “1:2.
407 577 492 632 Cl.
549 576 628 630 vir
683 574 839 629 Joan.
889 568 1152 638 Josephus
1201 565 1392 628 Liruti,
1435 573 1681 631 qumrens
1727 570 1793 611 ac

229 687 385 726 secum
417 669 698 723 admirans
726 681 829 734 qua
881 662 996 716 fieri
1052 661 1256 715 ratione
1289 655 1516 727 potuerit
1550 661 1608 707 ut
1638 653 1685 706 is
1717 656 1796 703 tot

226 777 388 830 regum
416 775 482 814 ac
515 758 820 829 principum
843 757 1082 809 virorum
1129 751 1417 805 amicitiam
1450 747 1603 812 inire,
1635 752 1796 815 alque

226 867 390 908 eorum
443 851 660 904 animos
705 848 808 904 sibi
862 845 1136 902 devincire
1185 841 1450 912 potuerit,
1505 839 1797 892 arbitratur

225 961 324 1000 eam
354 959 460 1012 qua
487 952 603 996 erat
638 941 891 1010 praeditus
917 937 1128 1008 generis
1158 950 1221 988 ae
1243 933 1428 1001 stirpis
1458 931 1794 985 nobilitatem

221 1037 266 1092 in
288 1050 437 1089 causa
472 1034 637 1087 fuisse
661 1047 757 1086 cur
784 1031 848 1084 ad
875 1030 1176 1098 principum
1202 1036 1360 1090 atque
1392 1037 1576 1092 regum
1609 1018 1800 1088 amici-

222 1127 312 1181 tias
338 1126 514 1179 facilis
540 1123 719 1176 eidem
753 1121 931 1175 aditus
962 1129 1144 1188 patere
1169 1115 1420 1185 potuerit.
1447 1115 1558 1180 Qua
1583 1112 1634 1164 in
1658 1125 1716 1164 re
1742 1117 1798 1162 ut

227 1219 297 1272 vel
342 1219 461 1284 ipse
511 1215 752 1283 aperiam
808 1211 950 1282 qttnd
1008 1209 1206 1278 sentio,
1242 1207 1397 1276 plane
1423 1204 1640 1258 difﬁcile
1668 1200 1797 1256 mihi

225 1311 417 1366 videtur
451 1309 727 1362 hominem
775 1307 865 1376 qui
914 1303 1126 1368 humili,
1177 1314 1274 1356 nec
1317 1299 1447 1353 satis
1495 1295 1694 1351 celebri
1749 1294 1800 1348 in

225 1405 328 1460 loco
360 1401 655 1472 (Duplavili
687 1399 857 1468 dico),
888 1407 1168 1468 paternam
1218 1395 1401 1450 sedem
1456 1407 1518 1446 ac
1557 1392 1799 1456 domum,

229 1499 360 1569 quin,
397 1506 456 1551 ut
512 1498 628 1566 ipse
684 1495 752 1550 de
796 1509 856 1549 se
904 1494 1203 1562 proﬁtetur,
1249 1491 1512 1559 majorum
1543 1487 1803 1556 originem

237 1591 466 1652 haberet,
527 1587 735 1641 nullum
788 1586 1058 1652 publicum
1099 1583 1356 1652 gessisset
1413 1581 1802 1650 magistratum,

228 1683 417 1737 nullum
452 1691 662 1735 certum
697 1678 919 1733 honoris
949 1693 1012 1732 ac
1063 1677 1337 1744 dignitatis
1370 1675 1577 1742 insigne
1620 1671 1806 1725 fuisset

234 1773 448 1843 adeptus
481 1772 563 1843 (ut
592 1771 840 1840 superius
884 1769 1324 1850 declaravimus),
1379 1778 1482 1820 tam
1527 1766 1725 1820 claram
1753 1775 1808 1819 et
1834 1739 1887 1800 Β

230 1866 510 1938 gloriosam
545 1864 761 1934 generis
791 1862 1127 1916 nobilitatem
1154 1859 1387 1914 nancisci
1418 1858 1680 1926 potuisse,
1704 1872 1820 1933 qua.

231 1973 326 2012 non
367 1958 546 2011 solum
577 1956 631 2010 in
662 1955 836 2023 Italia,
870 1953 963 2008 sed
995 1953 1156 2006 etiam
1189 1952 1241 2006 in
1293 1950 1578 2006 Germania
1629 1957 1810 2003 extre-

235 2066 415 2120 maque
462 2048 635 2103 Gallia
689 2048 1088 2112 inclaresceret,
1125 2046 1422 2114 praesertim
1455 2058 1574 2098 cum
1627 2042 1810 2096 turbu-

235 2143 383 2198 lentis
411 2141 551 2196 adeo
577 2140 930 2211 temporibus,
963 2139 1159 2208 quibus
1185 2137 1293 2207 jam
1319 2136 1473 2190 bellis
1502 2149 1563 2189 ac
1589 2133 1809 2189 seditio-

234 2236 375 2290 nibus
403 2237 588 2288 omnia
621 2233 1008 2294 miscebantur,
1063 2231 1143 2285 vel
1197 2230 1527 2284 nobiliorum
1571 2227 1805 2280 virorum

234 2329 423 2398 generi,
457 2328 560 2381 nisi
589 2342 817 2396 quorum
846 2340 1008 2394 opera
1053 2325 1106 2378 in
1160 2324 1317 2378 bellis
1365 2319 1809 2375 administrandis

243 2430 323 2474 aut
350 2421 584 2490 gerenda
614 2419 760 2472 domi
797 2433 912 2487 rep.
943 2416 1309 2486 praestitisset,
1345 2414 1578 2468 tenebrae
1609 2411 1807 2466 oll'undi

241 2511 384 2567 facile
411 2512 730 2580 potuissent.
760 2510 935 2563 Malim
967 2509 1149 2577 itaque
1196 2521 1315 2560 cum
1371 2505 1660 2559 Hincmaro
1687 2520 1811 2560 sen-

245 2607 356 2671 tire,
387 2607 499 2673 qui,
527 2605 579 2658 in
608 2603 759 2673 praef.
789 2604 853 2656 ad
882 2601 1056 2655 Vitam
1085 2600 1256 2655 sancti
1289 2599 1514 2667 Remigii
1538 2599 1723 2651 scribit
1745 2597 1812 2651 de

246 2697 547 2763 Fortunato,
580 2696 721 2766 quod
754 2713 787 2748 a
815 2695 988 2748 multis
1020 2693 1305 2762 potentibus
1335 2704 1381 2746 et
1428 2690 1811 2744 honorabilibus

247 2793 346 2843 eiris
373 2794 426 2844 in
449 2793 527 2845 his
557 2790 775 2844 Gallicis
826 2799 873 2842 et
913 2787 1132 2860 Belgicis
1173 2787 1462 2857 regionibus
1492 2803 1580 2852 per
1608 2786 1812 2838 diversa

248 2881 343 2935 loca
363 2895 477 2936 tunc
507 2884 646 2948 uiue,
669 2899 730 2934 ac
749 2881 974 2934 scientia:
1001 2896 1108 2933 sua:
1128 2879 1307 2932 merito
1329 2877 1662 2931 invitabatur.

305 2979 387 3031 «55.
427 2978 692 3044 Quoniam
756 2990 885 3029 vero
942 2987 1130 3042 magna
1182 2982 1236 3026 et
1264 2971 1528 3039 praecipua
1561 2969 1811 3038 Sigiberti

255 3071 298 3124 in
322 3071 563 3125 eumdem
589 3069 934 3124 humanitatis
962 3082 1024 3122 ac
1052 3065 1422 3120 beneﬁcentia:
1449 3063 1620 3118 officia
1646 3062 1813 3117 exsti—

248 3172 368 3228 tere,
397 3162 464 3216 de
494 3164 725 3230 ipsoque
747 3169 802 3215 et
835 3158 957 3223 fuit,
993 3166 1048 3211 et
1076 3155 1177 3210 erit
1205 3155 1401 3223 saepius
1431 3169 1629 3218 sermo,
1673 3153 1812 3208 haud

249 3254 464 3308 alienum
493 3254 561 3308 sit
587 3253 656 3306 de
683 3253 872 3306 eodem
919 3251 1141 3319 ejusque
1179 3262 1366 3316 regno,
1402 3261 1502 3300 nec
1535 3261 1638 3299 non
1671 3246 1816 3314 regia

247 3347 403 3415 stirpe
440 3360 502 3399 ac
546 3344 886 3412 cognatione,
938 3341 1133 3409 aliquid
1197 3339 1297 3392 hoc
1351 3339 1469 3392 loco
1518 3339 1717 3392 dicere.
1769 3335 1819 3391 is

247 3435 416 3505 itaque
440 3436 580 3490 ﬁlius
604 3434 705 3488 fuit
726 3433 944 3488 Clotarii
971 3434 1012 3498 Ι,
1040 3433 1366 3494 Francorum
1390 3431 1552 3500 regis,
1580 3431 1817 3484 omnium

248 3543 336 3583 sua
386 3539 544 3584 aetate
596 3529 981 3598 potentissimi,
1044 3524 1133 3596 qui
1193 3537 1309 3594 post
1357 3525 1608 3579 Clodovei
1654 3526 1821 3595 patris

251 3622 446 3675 obitum
487 3635 716 3690 regnare
771 3627 1028 3687 (mperat,
1085 3627 1308 3684 paterno
1364 3631 1530 3687 regno
1558 3631 1738 3686 mquas
1770 3619 1821 3671 in

249 3727 418 3781 partes
457 3696 628 3767 diviso
679 3729 799 3766 cum
851 3711 1022 3766 tribus
1064 3708 1314 3763 fratribus
1364 3708 1542 3779 (Greg.
1599 3707 1820 3775 Turon.,

247 3810 282 3862 ι.
306 3825 359 3863 ιιι
391 3809 530 3864 Hist.
564 3808 785 3873 Franc.,
817 3825 863 3861 c.
901 3807 953 3876 l)
976 3824 990 3871 ;
1015 3805 1205 3875 quibus
1236 3805 1340 3857 vita
1363 3804 1580 3868 functis,
1610 3805 1822 3857 univer-

245 3917 359 3958 sum
388 3904 488 3958 sibi
516 3902 846 3958 Francorum
889 3901 1199 3968 imperium,
1256 3899 1451 3968 partim
1485 3896 1820 3959 haereditate,

247 3997 435 4062 partim
486 3997 652 4049 armis
703 4009 767 4048 ac
809 3991 1069 4063 potentia,
1125 3990 1508 4045 vindicaverat.
1550 3986 1669 4055 Ipse
1699 4001 1826 4041 vero

244 4089 510 4144 Clotarius
562 4088 799 4144 moriens
847 4093 1076 4157 quatuor
1121 4094 1238 4155 post
1289 4099 1349 4139 se
1398 4083 1536 4138 filios
1587 4079 1824 4148 reliquit,

242 4179 644 4246 Cbarihertum,
697 4179 1108 4243 Guntramnum,
1158 4176 1538 4244 Chilpericum,
1591 4171 1827 4240 Sigiber-

244 4283 379 4339 tum,
412 4276 502 4344 qui
529 4290 750 4343 regnum
785 4274 924 4328 inter
955 4288 1034 4336 se,
1061 4272 1200 4340 jacta
1231 4281 1396 4336 sorte,
1420 4269 1738 4332 diviserunt,
1767 4280 1828 4319 ac

242 4367 515 4434 Sigibcrto
547 4366 629 4434 (ut
659 4365 839 4418 verbis
869 4373 986 4416 utar
1010 4362 1272 4431 Gregorii,
1301 4361 1337 4414 l.
1364 4377 1413 4414 tv
1435 4359 1572 4413 Hist.
1608 4358 1826 4419 Franc.,

1897 471 2024 510 cum
2055 455 2422 523 impetrasset,
2452 451 2627 506 eidem
2659 453 2836 522 nupsit
2889 452 3029 522 regia
3081 465 3273 519 pompa
3305 462 3357 505 et
3385 465 3477 520 ap-

1905 556 2120 617 paratu,
2149 547 2419 614 totiusque
2446 546 2597 614 regni
2623 560 2744 599 cum
2769 561 2974 598 summa
3010 546 3190 599 laetitia
3216 559 3276 598 ac
3304 552 3484 613 gratu-

1899 638 2097 694 latione
2125 635 2302 708 (Greg.
2341 636 2490 702 Tur.,
2523 637 2561 691 ι.
2593 651 2664 703 tv,
2692 653 2742 691 c.
2770 637 2886 707 27).
2921 636 3082 690 Hisce
3128 636 3328 704 nuptiis
3370 633 3483 704 epi-

1902 728 2218 786 thalamium
2238 727 2433 782 cecinit
2458 727 2798 794 Fortunatus,
2830 729 2896 781 de
2923 743 3030 798 quo
3075 742 3258 794 supra,
3300 742 3354 781 n.
3388 716 3479 793 34,

1902 822 2066 876 locuti
2096 837 2314 887 sumus;
2353 820 2599 890 idemque
2632 821 2876 876 scribens
2921 822 2986 874 ad
3040 820 3340 890 Gogonem,
3367 833 3480 874 rem

1903 930 2088 969 recens
2119 923 2324 984 gestam
2349 913 2586 968 declarat
2617 914 2696 967 his
2722 914 2899 968 verbis
2927 932 2939 966 :

2026 1005 2194 1078 Nuper
2210 1005 2270 1078 ab
2288 1004 2518 1078 Hispanis
2551 1018 2636 1078 per
2653 1003 2798 1053 multa
2824 1004 3036 1078 pericula
3060 1007 3226 1067 terris,

2088 1067 2306 1130 Egregia
2329 1069 2439 1128 regi
2475 1069 2645 1128 gaudia
2667 1080 2849 1114 summa
2876 1068 3030 1116 vehis.

1979 1149 2065 1204 45.
2117 1149 2485 1218 Cbilpericus,
2538 1149 2790 1218 Sigiberti
2846 1147 3048 1216 frater,
3096 1150 3217 1217 ejus
3265 1149 3480 1219 nuptias

1904 1243 2205 1309 aemulatus,
2262 1244 2406 1298 misit
2441 1252 2494 1297 et
2544 1243 2659 1312 ipse
2716 1244 2767 1297 in
2823 1243 3129 1312 Hispaniam
3184 1244 3272 1313 qui
3328 1243 3487 1298 Gele-

1904 1338 2199 1403 suiutham,
2245 1337 2608 1392 Brunichildis
2639 1352 2901 1404 sororem,
2951 1338 3052 1392 sibi
3102 1346 3364 1405 peterent,
3399 1337 3486 1390 cui

1906 1428 2152 1495 nuberet,
2185 1444 2344 1499 quam
2375 1443 2518 1483 anno
2543 1427 2655 1484 fere
2684 1437 2805 1497 post
2834 1444 2988 1498 quam
3021 1427 3319 1496 Sigibertus
3355 1427 3487 1481 Bru-

1909 1519 2196 1576 nichildem
2247 1520 2348 1574 sibi
2400 1520 2742 1590 copulaverat
2791 1520 2942 1574 duxit
2993 1535 3239 1584 uxorem,
3288 1517 3490 1575 Frede-

1901 1608 2102 1684 ‘gnnde,
2149 1613 2301 1682 cujus
2327 1613 2600 1667 amoribus
2633 1613 2937 1679 tenebatur,
2970 1612 3139 1668 infimi
3180 1613 3394 1685 generis
3426 1628 3488 1669 ac

1911 1705 2097 1759 servili
2125 1721 2188 1759 ex
2225 1705 2530 1760 conditione
2560 1707 2785 1760 muliere
2829 1705 3046 1775 rejecta.
3079 1708 3150 1762 At
3192 1722 3296 1761 non
3327 1707 3493 1762 multo

1915 1809 2058 1869 post,
2081 1815 2202 1855 cum
2232 1799 2597 1864 Gelesuintha,
2649 1785 2933 1868 Chilperici
2985 1799 3208 1868 perﬁdia
3263 1799 3488 1865 offensa,

1914 1894 2138 1949 reditum
2171 1895 2222 1948 in
2267 1894 2572 1964 HiSpaniam
2625 1903 2854 1963 pararet,
2895 1893 3012 1963 ejus
3039 1894 3217 1964 jussu,
3267 1894 3391 1948 dum
3442 1894 3493 1948 in

1915 1985 2110 2040 lectulo
2135 1987 2377 2052 cubaret,
2425 1986 2704 2040 interfecta
2734 1995 2852 2050 est;
2904 1996 3064 2054 atque
3123 2001 3321 2055 paucos
3374 1995 3492 2054 post

1913 2080 2026 2133 dies
2045 2079 2374 2148 Chilpericus
2399 2077 2803 2145 Fredegundcm
2839 2075 3063 2145 recepit,
3101 2077 3253 2145 cujus
3298 2077 3493 2132 deinde

1912 2169 2098 2225 fraude
2147 2180 2202 2224 et
2239 2170 2442 2224 insidiis
2481 2184 2603 2224 cum
2634 2169 2955 2238 Sigibertus,
3007 2179 3117 2223 tum
3162 2169 3492 2238 Cbilpericus

1912 2263 2062 2330 ipse,
2118 2262 2281 2316 occisi
2333 2271 2474 2315 sunt.
2541 2259 2980 2328 Gelesuintham,
3031 2267 3488 2329 pertranseuntem

1912 2354 2162 2419 Pictavis,
2193 2354 2328 2408 vidit
2356 2352 2702 2416 Fortunatus.
2748 2368 2870 2408 cum
2917 2352 3091 2407 adhuc
3141 2367 3202 2407 ea
3260 2352 3313 2406 in
3360 2352 3494 2407 urbe

1915 2463 2084 2502 novus
2125 2455 2290 2513 esset,
2338 2453 2395 2500 et
2446 2445 2563 2515 ejus
2617 2445 2775 2499 funus
2820 2445 3232 2500 acerbissimum
3282 2443 3490 2513 lugubri

1914 2542 2154 2597 carmine
2177 2540 2461 2609 expressit,
2492 2539 2632 2608 quod
2662 2539 2840 2608 legere
2862 2548 2941 2592 est
2976 2538 3012 2592 l.
3047 2553 3121 2602 vr,
3153 2551 3202 2591 c.
3237 2538 3291 2591 7.

1987 2631 2078 2687 46.
2127 2631 2423 2701 Sigibertus
2473 2631 2652 2699 itaque
2701 2631 2782 2700 (ut
2814 2630 2879 2683 ad
2923 2629 2976 2684 id
3008 2629 3149 2685 unde
3178 2627 3497 2684 delleximus

1918 2725 2281 2796 revertamur)
2317 2723 2682 2779 nobilissimus
2713 2726 2774 2778 iis
2799 2724 3146 2794 temporibus,
3173 2738 3236 2778 ac
3261 2725 3495 2792 pruden-

1917 2819 2156 2873 tissimus
2187 2833 2274 2872 rex
2311 2819 2486 2886 (Cujus
2512 2819 2740 2871 virtutes
2797 2816 2994 2886 passim
3053 2814 3327 2870 celebrant
3370 2814 3500 2868 For-

1919 2921 2135 2967 tunatus
2161 2922 2216 2966 et
2239 2912 2402 2983 Greg.
2438 2911 2594 2977 Tur.,
2628 2911 2822 2980 aliique
2854 2907 3057 2979 plures)
3088 2909 3334 2964 eumdem
3363 2908 3497 2964 For-

1919 3013 2185 3072 tunatum,
2217 3005 2270 3058 in
2299 3005 2526 3059 Galliam
2585 3004 2909 3069 venientem,
2963 3001 3355 3071 perbonorilice
3406 3017 3502 3056 ex-

1848 3101 1895 3168 C
1927 3100 2106 3168 cepit,
2169 3109 2330 3168 atque
2357 3098 2431 3152 illi
2480 3098 2784 3167 Sigoaldum
2843 3098 3092 3152 comitem
3147 3111 3243 3166 pro
3264 3096 3410 3150 socio
3441 3111 3503 3152 ac

1921 3195 2060 3250 duce
2106 3193 2355 3249 itinerum
2385 3209 2505 3262 quae
2536 3209 2630 3261 per
2657 3193 2883 3248 Galliam
2915 3191 3121 3263 agenda
3154 3191 3253 3260 ipsi
3290 3191 3506 3246 fuerant

1919 3289 2090 3353 dedit,
2120 3303 2228 3357 quo
2251 3287 2460 3342 scilicet
2487 3302 2703 3355 operam
2735 3302 2909 3352 suam,
2951 3295 3006 3340 et
3032 3285 3420 3349 assiduitatem,
3452 3293 3506 3340 et

1923 3381 2142 3436 tutelam
2194 3380 2389 3447 eidem,
2442 3381 2555 3435 sive
2594 3381 2840 3436 Turonos
2888 3378 3126 3444 adeunti,
3179 3378 3292 3434 sive
3347 3378 3504 3433 urbes

1923 3473 2078 3540 alias,
2105 3486 2168 3527 ac
2197 3473 2444 3542 regiones
2473 3472 2655 3527 Galliae
2685 3471 3009 3541 peragranti,
3059 3477 3355 3540 praestaret.
3387 3469 3500 3522 Hoc

1924 3582 1989 3622 ex
2014 3568 2132 3637 ipso
2161 3569 2406 3621 novimus
2437 3565 2748 3630 Fortunato,
2777 3566 2892 3636 qui,
2926 3563 2962 3618 l.
2990 3579 3043 3630 κ,
3069 3578 3116 3619 c.
3162 3562 3251 3628 20,
3305 3561 3372 3616 ad
3417 3561 3500 3616 Si-

1926 3661 2174 3732 goaldum
2198 3659 2382 3715 scribit
2413 3659 2496 3713 his
2517 3659 2697 3714 verbis
2732 3677 2743 3710 :

2053 3752 2254 3802 Finibus
2279 3753 2428 3802 ltaliaa
2452 3767 2560 3802 cum
2583 3755 2788 3814 primum
2812 3752 2869 3800 ad
2887 3764 3041 3813 regna
3068 3750 3309 3812 venirem,

2113 3815 2183 3864 'l‘e
2209 3817 2326 3864 mihi
2347 3816 2596 3864 constituit
2615 3829 2702 3864 rex
2730 3816 3010 3873 Sigzbertus
3031 3824 3195 3873 Opem,

2052 3876 2224 3926 Tutior
2249 3884 2303 3925 ut
2319 3878 2572 3938 graderer,
2595 3883 2757 3924 tecum
2782 3874 3272 3938 catt‘iitando,_viator,

2112 3938 2273 3999 Atque
2301 3935 2554 3998 pararetur
2578 3939 2686 3986 hinc
2709 3949 2884 3998 equus,
2909 3936 3022 3984 inde
3039 3935 3195 3986 cibus.

2057 4000 2276 4061 lmplesti
2299 4001 2504 4049 ollicium
2524 4000 2778 4067 (etc.)....;

2006 4088 2092 4142 47.
2121 4086 2380 4140 Eumdem
2423 4100 2550 4140 vero
2600 4084 2831 4139 Turonis
2886 4083 3204 4152 confestim,
3246 4099 3367 4140 cum
3417 4099 3512 4154 per

1934 4194 2114 4248 regem
2143 4179 2463 4250 Sigibertum
2498 4177 2663 4243 licuit,
2695 4178 2759 4232 ad
2788 4177 2955 4233 sancti
2977 4178 3184 4233 Martini
3203 4179 3502 4248 sepulcrum

1932 4273 2298 4327 venerandum
2327 4273 2666 4341 perrexisse,
2697 4271 3023 4327 credendum
3084 4280 3202 4338 est,
3251 4280 3310 4326 ut
3356 4286 3512 4342 quem

1934 4362 2202 4419 Ravenna:
2229 4374 2331 4417 tam
2366 4367 2620 4431 praeclare
2650 4365 2716 4419 de
2756 4381 2815 4418 se
2844 4364 3092 4419 meritum
3137 4374 3392 4432 noverat,
3422 4379 3512 4417 cu-

241 4474 293 4513 c.
324 4458 423 4530 22)
471 4475 686 4528 regnum
745 4456 1050 4510 Theuderici
1093 4454 1336 4527 (Clotarii
1381 4452 1582 4519 fratris)
1633 4450 1827 4518 obtigit,
1862 4471 1916 4531 ι)
1938 4456 2135 4525 jusque
2156 4469 2317 4510 causa
2341 4457 2393 4509 in
2425 4454 2651 4510 Gauiam
2673 4455 2982 4521 advenerat,
3005 4455 3119 4522 eius
3147 4454 3357 4510 cineres
3379 4468 3517 4524 pra}-

236 4552 515 4620 sedemque
540 4548 722 4602 habere
743 4547 1092 4602 Ilhemensem.
1117 4547 1281 4600 Porro
1307 4559 1490 4615 regum
1517 4541 1826 4608 Austrasize,

237 4644 330 4712 qui
355 4641 590 4695 Rhemis
620 4639 906 4703 sedebant,
935 4637 1216 4707 imperium
1249 4637 1336 4690 vel
1388 4637 1438 4688 in
1489 4633 1828 4688 Germaniam

237 4734 405 4805 longe
432 4733 818 4804 procurrebat;
842 4731 910 4786 de
937 4747 1043 4802 quo
1070 4732 1187 4801 lege
1231 4729 1405 4793 Fort.,
1467 4728 1560 4782 lib.
1594 4741 1668 4792 vr,
1694 4743 1742 4782 c.
1771 4725 1827 4792 2,

239 4839 293 4882 et
324 4829 517 4891 Ruin.,
554 4829 608 4880 in
640 4827 780 4880 notis
805 4826 869 4879 ad
902 4825 1064 4895 Greg.
1097 4825 1252 4888 Tur.,
1285 4824 1323 4878 l.
1350 4839 1400 4877 tv
1433 4821 1596 4886 Hist.,
1627 4835 1676 4874 e.
1702 4820 1792 4874 22.

311 4921 407 4974 44.
444 4920 652 4974 Interea
684 4918 1000 4988 Sigibertus,
1037 4932 1157 4970 cum
1195 4916 1389 4970 fratres
1418 4929 1542 4967 suos
1573 4925 1729 4983 reges
1758 4911 1832 4964 vi-

240 5013 415 5068 disset
468 5011 651 5065 intima
703 5019 758 5064 et
807 5009 988 5063 servili
1035 5007 1340 5063 conditione
1371 5004 1688 5059 mulieribus
1739 5017 1833 5056 nu-

238 5107 445 5174 psisse,
485 5103 686 5157 oblitos
714 5105 928 5172 generis
955 5116 1017 5155 ac
1063 5099 1336 5171 dignitatis
1376 5114 1508 5164 sum,
1541 5099 1688 5166 regio
1718 5096 1832 5165 ipse

243 5199 435 5252 animo
459 5206 517 5251 et
546 5196 775 5250 consilio
803 5208 1026 5249 uxorem
1078 5192 1244 5261 regali
1275 5206 1306 5245 e
1337 5192 1503 5257 stirpe
1534 5188 1832 5242 ducendam

243 5291 482 5346 censuit.
517 5291 690 5354 Quam
736 5287 800 5342 ad
832 5302 946 5342 rem
991 5286 1193 5355 legatos
1219 5285 1365 5339 misit
1409 5284 1460 5336 in
1506 5281 1832 5349 Hispaniam,

243 5385 338 5452 qui
397 5381 834 5446 Brunichildem,
883 5377 1224 5448 Athanagildi
1281 5376 1423 5446 regis
1473 5376 1524 5428 in
1575 5373 1832 5442 HiSpania

245 5475 443 5541 ﬁliam,
469 5475 572 5528 sibi
604 5483 848 5543 peterent
873 5472 940 5526 ad
971 5471 1206 5542 nuptias,
1236 5469 1462 5538 puellam
1492 5483 1614 5523 cum
1667 5467 1838 5522 forma

245 5547 519 5636 corporis,
553 5575 663 5618 tum
689 5563 950 5618 industria
968 5572 1022 5618 et
1049 5577 1258 5616 morum
1288 5561 1596 5626 honestate,
1623 5558 1839 5615 consilii

1939 4565 2067 4607 sens
2107 4551 2330 4617 coleret,
2380 4565 2443 4606 ac
2490 4559 2670 4604 votum
2699 4565 2852 4604 suum
2903 4550 3229 4605 exsolveret.
3283 4549 3519 4604 Praeerat

1942 4655 2068 4702 tunc
2106 4647 2362 4715 temporis
2422 4645 2669 4699 Ecclesia:
2715 4643 3010 4698 Turonensi
3059 4651 3086 4678 τι
3135 4641 3514 4710 Euphronius,

1941 4754 2108 4808 nepos
2139 4739 2307 4793 sancti
2341 4738 2524 4807 Greg.,
2556 4737 2790 4808 episcopi
2833 4737 3210 4806 Lingonensis,
3265 4735 3347 4790 vir
3393 4751 3514 4791 cum

1942 4847 2139 4901 genere
2188 4830 2588 4896 nobilissimus',
2641 4839 2753 4884 tum
2812 4830 3097 4885 sanctitate
3147 4828 3511 4893 clarissimus,

1948 4939 2105 4993 quem
2154 4921 2411 4992 deinceps
2459 4922 2760 4977 Fortunato
2784 4921 3038 4991 singulari
3070 4919 3442 4975 benevolentia
3469 4929 3522 4974 et

1946 5013 2196 5068 amicitiae
2228 5014 2622 5068 necessitudine
2651 5013 2815 5068 fuisse
2842 5013 3188 5081 cunjunctum
3210 5052 3228 5078 ,
3263 5017 3521 5064 testantur

1947 5107 2168 5176 hujusce
2218 5108 2284 5162 ad
2338 5106 2484 5161 illum
2517 5106 2728 5176 scriptae
2761 5104 3024 5174 epistolae,
3068 5104 3103 5157 Ι.
3145 5118 3224 5167 m,
3250 5116 3300 5157 c.
3331 5104 3354 5156 1
3385 5111 3437 5156 et
3461 5101 3517 5158 2.

1945 5201 2207 5256 Eumdem
2241 5202 2420 5271 itaque
2444 5212 2566 5256 tunc
2593 5200 2906 5256 convenisse
2935 5200 3253 5256 Fortunatus
3273 5239 3286 5262 ,
3317 5205 3369 5252 et
3398 5197 3514 5266 ejus

1946 5299 2196 5354 amicitiae
2226 5297 2572 5353 fundamenta
2599 5297 2844 5368 quaedam
2874 5295 3099 5366 jecisse,
3151 5308 3270 5364 quae
3300 5301 3517 5361 postea,

1949 5393 2149 5447 mutuis
2193 5391 2396 5446 ofﬁciis
2427 5391 2567 5446 culta
2598 5400 2652 5447 et
2677 5399 2857 5455 aucta,
2890 5404 2957 5444 eo
2986 5386 3248 5458 pervenit,
3301 5394 3360 5439 ut
3407 5384 3522 5455 ipse

1948 5485 2097 5540 illum
2131 5485 2364 5555 parentis
2393 5483 2446 5538 in
2477 5484 2594 5538 loco
2620 5482 2862 5546 haberet,
2896 5479 3153 5535 dicendus
3179 5485 3283 5531 est.

2018 5579 2110 5634 48.
2138 5580 2340 5634 Interea
2358 5579 2589 5634 Turonis
2609 5579 2902 5646 digressus,
2933 5590 3076 5635 cum,
3101 5570 3310 5627 itineris
3335 5587 3518 5636 causa,

319 5713 345 5740 ³
388 5704 528 5759 Male
579 5705 759 5758 Brow.
805 5704 857 5756 in
900 5702 1018 5757 Vita
1053 5704 1197 5758 Fort.
1253 5701 1401 5770 ponit
1456 5711 1578 5756 tunc
1630 5696 1888 5768 temporis
1926 5687 2156 5756 Turonis
2201 5698 2408 5755 sedisse
2459 5695 2793 5767 Gregorium.
2851 5694 2938 5764 qui
3001 5691 3215 5746 nonnisi
3275 5705 3362 5744 an.
3399 5691 3516 5744 575

248 5777 400 5834 illam
436 5777 620 5832 sedem
653 5784 736 5829 est
768 5775 1013 5846 adeptus.
