4020 6346
512 299 586 357 55
1045 287 1561 375 PROLEGOMENA
1600 286 1694 343 AD
1732 282 2065 342 VENANTII
2104 283 2116 341 1

2222 282 2263 341 1.
2308 282 2514 340 CLEM.
2556 280 2951 340 FORTUNATI
2989 282 3244 342 OPERA.

3706 276 3784 343 36

516 412 799 470 Pictavum
826 407 1086 474 venisset,
1116 423 1179 464 ea
1206 372 1269 463 in
1305 407 1437 462 urbe
1473 404 1800 460 domicilium
1830 417 1984 457 suum
2031 416 2097 459 ac
2123 407 2172 465 Α
2200 401 2511 457 exsolverat
2532 392 2678 473 (quc
2702 415 2971 471 praecipua
3020 401 3196 456 Inerat
3220 372 3380 456 causa
3422 415 3489 456 ex
3517 400 3672 457 Italia
3723 401 3787 459 In

520 504 708 566 scdem
737 505 1036 562 constituit.
1060 504 1115 558 Id
1146 520 1267 559 cum
1297 519 1361 557 ex
1392 501 1543 556 Pauli
1595 499 1813 554 Diaconi
1856 503 2100 554 testimo-

521 604 612 659 n‘io
656 597 936 665 discimus,
988 605 1099 652 tum
1128 598 1244 665 ipse
1272 596 1594 650 Fortunatus
1616 591 1686 647 de
1710 605 1768 648 se
1792 591 2097 663 proﬁtetur,

517 695 557 751 I.
587 694 702 759 vni,
726 708 776 748 e.
810 694 861 755 I.
895 692 973 746 sic
1002 691 1246 745 scribens
1275 705 1287 740 :

612 785 903 834 Fortunatus
928 796 1024 844 ego
1048 782 1156 829 hinc
1176 781 1349 844 humili
1374 792 1543 841 prece,
1571 790 1691 829 voce
1714 777 1873 829 saluto
1897 791 1913 829 :

671 846 820 895 Italiae
846 842 1063 907 genitum
1083 842 1259 891 Gallic:
1285 856 1396 891 rura
1424 852 1615 907 tenent.

614 908 820 957 Pictavis
846 903 1197 965 residens,-qua
1217 915 1414 952 Sanctus
1438 904 1648 952 Hilarius
1672 903 1786 952 olim

673 970 826 1019 Natus
848 971 896 1019 in
919 970 1039 1018 urbe
1057 968 1166 1030 fuit,
1186 976 1331 1016 notus
1352 969 1399 1014 in
1414 970 1539 1015 orbe
1566 967 1729 1016 Pater.

420 1052 425 1057 ’
519 1053 769 1122 Quinimo
821 1052 873 1105 id
934 1053 1188 1120 deinceps
1237 1050 1573 1119 promeruit,
1634 1058 1690 1102 at
1742 1048 1887 1103 illius
1945 1046 2103 1103 Urbis

518 1146 689 1213 clero,
733 1144 975 1214 quamvis
1021 1144 1256 1210 advena,
1290 1143 1668 1207 ascriberetur,
1703 1156 1765 1196 ac
1795 1139 2104 1196 sacerdotio

518 1238 853 1305 iriitiaretur,
908 1238 1051 1307 quod
1101 1250 1234 1292 sane
1281 1251 1473 1307 magno
1499 1245 1581 1290 est
1612 1235 1754 1289 illius
1788 1234 2008 1290 virtutis
2042 1250 2106 1291 ac

517 1329 640 1383 vitae
670 1330 995 1399 integritatis
1024 1337 1079 1385 et
1105 1331 1425 1383 immoentia:
1457 1338 1793 1397 argumento.
1822 1327 1941 1394 Quo
1970 1340 2105 1383 vero

515 1432 660 1475 anno
708 1421 1064 1476 Pictaviensis
1121 1418 1373 1476 Ecclesiae
1428 1422 1711 1492 presbyter
1781 1420 1953 1475 Iactus
2000 1419 2103 1488 sit,

519 1514 658 1566 haud
690 1513 760 1567 ita
802 1513 960 1568 facile
1001 1522 1082 1568 cst
1109 1522 1369 1569 statuere.
1403 1511 1599 1567 Paulus
1635 1513 1934 1580 Diacouus,
1976 1508 2105 1567 dum

516 1614 699 1659 narrat
742 1605 811 1660 de
859 1605 1051 1661 eodem
1104 1606 1246 1676 quod
1303 1606 1571 1660 novissime
1610 1607 1661 1659 in
1691 1607 1864 1660 eadem
1903 1606 2108 1661 civitate

516 1696 763 1766 (scilicet
792 1697 1060 1767 Pictavis)
1094 1698 1317 1770 primunt
1359 1698 1641 1770 presbyter,
1675 1698 1861 1752 deinde
1901 1699 2102 1767 episco-

2202 494 2426 550 Galliam
2472 495 2764 563 veniendi),
2817 495 2991 547 adhuc
3019 493 3316 547 substiti-rit
3361 496 3413 548 in
3446 493 3613 548 Gallia
3634 533 3650 558 ,
3682 509 3788 553 nee

2201 589 2266 643 sd
2290 604 2414 643 suos
2442 588 2714 644 remearit.
2748 586 2812 643 Ρ.
2843 588 3148 653 Brovverus,
3175 600 3296 656 cap.
3328 588 3363 641 2
3390 587 3460 641 de
3486 587 3605 643 Vita
3651 588 3791 646 For-

2204 681 2395 749 tunati,
2428 681 2548 750 ejus
2580 681 2659 735 rei
2689 696 2904 735 causam
2939 678 3102 734 refert
3148 680 3202 734 in
3258 680 3481 734 bellicos
3525 682 3788 738 tumultus

2203 774 2396 842 quibus
2441 773 2593 827 Italia
2642 772 3118 842 Longobardorum
3163 772 3331 825 armis
3381 782 3507 826 tunc
3552 772 3789 829 maxime

2202 865 2401 919 alliicta
2439 875 2542 920 est.
2574 864 2691 931 Quo
2719 879 2848 920 sane
2876 873 3120 933 tempore
3148 862 3471 929 Tarvisium,
3496 849 3784 922 Fortunati

2206 959 2404 1026 patria,
2439 967 2491 1012 et
2520 958 2832 1027 propinquae
2863 960 3130 1028 regiones,
3162 962 3346 1027 positae
3380 961 3430 1012 in
3455 961 3620 1029 ipsius
3640 959 3791 1016 Ger-

2204 1054 2401 1107 maniae
2452 1066 2548 1107 ore
2577 1066 2640 1105 ac
2668 1053 2932 1117 faucibus,
2984 1052 3267 1107 hostilibus
3297 1054 3709 1108 excursionibus
3733 1062 3793 1110 et

2204 1142 2416 1211 injuriis
2437 1143 2489 1197 in
2522 1142 2707 1211 primis
2734 1153 2973 1211 patuere.
3013 1143 3059 1197 Is
3104 1144 3312 1197 interea
3360 1144 3460 1198 sibi
3513 1143 3567 1198 in
3616 1144 3791 1198 Gallia

2204 1234 2590 1290 subsidendum
2632 1235 2807 1300 duxit,
2860 1237 3070 1301 donec,
3113 1250 3245 1303 pace
3289 1243 3346 1289 et
3400 1234 3794 1303 tranquillitate

2206 1327 2371 1383 Italia
2406 1328 2631 1392 reddita,
2663 1338 2778 1382 tuto
2808 1338 3082 1396 paternam
3112 1328 3181 1381 ad
3208 1328 3477 1396 regionem
3507 1336 3670 1396 atque
3695 1326 3794 1381 do-

2206 1436 2355 1475 mum
2389 1422 2689 1492 remigrare
2712 1429 2917 1490 posset.
2938 1420 3079 1475 Sane
3111 1420 3250 1474 haud
3284 1420 3399 1490 ipse
3428 1435 3583 1490 aequo
3612 1421 3793 1475 animo

2206 1513 2263 1570 in
2311 1514 2478 1569 Gallia
2518 1515 2973 1579 commorabatur,
3019 1526 3118 1568 nec
3167 1524 3449 1581 propterea
3492 1511 3793 1568 videturex

2207 1609 2373 1664 animi
2403 1610 2681 1678 proposito
2730 1609 2960 1662 alienam
3012 1608 3285 1675 regionem
3340 1604 3526 1673 patria:
3573 1619 3636 1660 ac
3680 1604 3795 1661 suis
3891 1681 3901 1690 .

2207 1707 2598 1776 anteposuisse,
2631 1705 2721 1774 qui
2743 1703 2983 1759 scribens
3009 1703 3076 1758 ad
3099 1702 3329 1772 Lupum,
3364 1699 3455 1756 lib.
3475 1714 3573 1777 vn,
3590 1713 3709 1769 cap.
3732 1696 3793 1769 9,

517 1798 618 1859 ptis
650 1791 919 1845 ordinatus
960 1791 1055 1859 sit,
1113 1791 1324 1845 videtur
1358 1791 1423 1845 ad
1454 1802 1752 1846 extremum
1784 1790 1900 1863 ejus
1930 1792 2107 1849 anatis
2132 1778 2185 1847 Β
2212 1798 2330 1854 haec
2354 1800 2422 1853 de
2451 1813 2510 1852 se
2538 1796 2812 1865 loquitur:
2910 1827 2919 1836 -

519 1890 733 1951 tempus
764 1884 812 1937 id
843 1883 1044 1939 factum
1093 1884 1323 1941 referre.
1380 1888 1450 1940 At
1507 1901 1628 1941 cum
1682 1884 1841 1957 Gteg.
1900 1887 2105 1944 Turon.

519 1974 870 2032 Fortunatum
901 1980 1013 2034 suis
1045 1977 1098 2032 in
1142 1979 1291 2033 libris
1345 1980 1721 2050 presbyterum
1758 1981 1957 2052 passim
2013 1998 2108 2054 ap-

516 2069 705 2140 pellet,
740 2070 894 2126 ahter
926 2071 1140 2126 videtur
1160 2071 1534 2143 judicandum.
1557 2073 1689 2129 Nam
1721 2074 1754 2130 l.
1784 2092 1797 2129 ι
1822 2068 1890 2131 de
1917 2075 2106 2134 Mirac.

438 2238 441 2241 η
515 2164 690 2216 sancti
726 2162 971 2229 Martini,
1028 2161 1221 2230 c.15,
1282 2166 1528 2220 eumdem
1585 2178 1767 2232 aperte
1814 2186 2111 2223 conservum

518 2268 668 2309 suum
694 2297 709 2324 ,
764 2256 1112 2313 Fortunatam
1174 2262 1521 2331 presbyterum
1552 2274 1725 2318 vocat.
1761 2268 1827 2319 At
1880 2265 2106 2336 Gregor.

516 2347 723 2404 Turon.
758 2348 924 2406 libros
955 2352 1023 2407 de
1043 2353 1225 2408 Mirac.
1248 2355 1419 2409 sancti
1447 2354 1659 2411 Martini
1686 2360 2106 2431 conscripserat,

517 2446 803 2508 antequam
836 2439 1164 2498 Fortunatus
1204 2456 1333 2500 suos
1387 2444 1510 2500 illos
1560 2462 1614 2501 tv
1669 2446 1736 2503 de
1771 2449 1884 2504 \‘ita
1938 2452 2109 2508 sancti

522 2524 734 2586 Martini
766 2534 1007 2588 versibus
1038 2546 1305 2605 exararet,
1338 2552 1457 2593 cum
1492 2537 1546 2592 in
1573 2538 1802 2609 epistola
1836 2543 1936 2598 illis
1967 2559 2108 2613 prte-

516 2629 618 2684 fixa
661 2629 863 2683 scribat
894 2628 1179 2700 Gregorio,
1212 2642 1292 2701 ut,
1336 2648 1456 2688 cum
1495 2635 1738 2707 jussisset
1794 2653 1921 2707 Opus
1974 2638 2111 2693 illud

517 2723 654 2794 quod
703 2723 817 2793 ipse
849 2720 1143 2792 Gregorius
1174 2725 1235 2778 de
1284 2726 1556 2783 virtutibus
1582 2730 1746 2783 sancti
1778 2724 1993 2784 Martini
2020 2746 2112 2786 ex-

518 2817 1040 2884 pt‘icneratversibns
1067 2816 1318 2886 exprimi,
1375 2820 1479 2875 sibi
1526 2820 1658 2876 illud
1703 2823 2109 2891 transmitteret,

516 2909 659 2979 quod
690 2909 928 2963 carmine
958 2909 1431 2978 complecteretur.
1454 2910 1574 2968 Iam
1609 2928 1740 2968 vero
1774 2914 2101 2973 Fortunatus

518 2999 850 3053 elucubravit
880 2998 1045 3053 libros
1075 3012 1127 3052 tv
1150 3001 1221 3055 de
1252 2999 1370 3055 Vita
1401 3003 1571 3055 sancti
1624 3003 1862 3070 Martini,
1922 3014 2111 3061 sancto

520 3092 812 3158 Germano,
844 3091 1137 3146 f‘arisiensi
1164 3092 1426 3160 antistite,
1461 3091 1636 3147 adhuc
1665 3094 1975 3163 superstite,
2018 3095 2109 3164 qui

520 3202 611 3243 an.
644 3186 747 3244 576
776 3202 1086 3258 supremum
1126 3188 1271 3245 diem
1300 3189 1454 3256 obiit,
1490 3192 1563 3245 uti
1612 3192 1987 3248 adnotavimus
2041 3194 2108 3248 ad

522 3283 616 3340 lib.
657 3299 710 3339 tv
757 3284 865 3340 Vit.
914 3286 1087 3339 sancti
1140 3282 1370 3351 Martini,
1419 3303 1535 3357 pag.
1585 3285 1714 3341 470.
1775 3286 1857 3340 Ex
1917 3287 2112 3357 quibus

522 3375 803 3432 coiiﬂcitur
855 3376 968 3445 jam
1000 3391 1071 3430 ex
1105 3377 1199 3430 illo
1232 3383 1473 3446 tempore
1509 3375 1863 3431 Furtunatum
1891 3380 2113 3451 presby-

525 3477 698 3524 terum
730 3468 917 3523 fuisse.
971 3466 1109 3537 Quin
1138 3480 1197 3523 ut
1224 3469 1326 3524 hac
1372 3471 1425 3523 in
1470 3484 1528 3525 re
1577 3471 1716 3541 quod
1757 3467 1933 3526 sentio
1988 3487 2114 3542 pro-

527 3561 718 3625 feram,
752 3560 965 3617 videtur
992 3561 1121 3616 mihi
1170 3560 1494 3618 Fortunatus
1544 3561 1655 3634 jam
1713 3572 1840 3619 tunc
1887 3564 2115 3622 clericus

528 3652 717 3718 fuisse,
740 3666 861 3707 cum
890 3656 959 3710 ab
991 3652 1138 3708 Italia
1170 3661 1255 3708 est
1277 3654 1580 3722 profectus;
1609 3655 1765 3726 idque
1790 3671 1854 3710 ex
1884 3671 1951 3710 eo
1979 3672 2112 3713 con—
2168 3646 2192 3658 ”

528 3745 672 3818 jicio,
705 3747 844 3816 quod
877 3749 943 3802 ab
966 3747 1083 3816 ejus
1111 3762 1293 3802 cowvo
1326 3746 1489 3819 Grcg.
1524 3748 1649 3803 Tur.
1682 3746 1959 3820 Presbyter
1998 3747 2114 3802 Ita-

530 3839 663 3893 licus
693 3842 890 3909 passim
920 3842 1251 3912 nominetur,
1282 3856 1441 3913 quem
1472 3841 1684 3898 titulum
1708 3843 1789 3898 vel
1817 3841 1934 3911 ejus
1957 3857 2117 3912 opera

535 3948 645 4004 pra:
677 3950 736 3989 se
769 3934 974 3991 feriunt.

605 4027 696 4081 49.
725 4028 894 4083 Multo
916 4041 1046 4080 vero
1073 4024 1345 4081 difﬁcilius
1367 4034 1449 4082 est
1470 4033 1705 4083 statuere
1725 4042 1961 4096 quonam
1982 4035 2121 4084 tem-

534 4135 667 4191 pore
713 4120 857 4175 idem
900 4118 1017 4187 ipse
1060 4119 1291 4187 hOSpitio
1332 4134 1457 4172 usus
1484 4120 1645 4174 fuerit
1696 4121 1990 4188 Agricolae,
2024 4136 2119 4175 seu

537 4214 865 4284 Agroeculac,
914 4212 1588 4282 episcOpiCabillonensis,
1640 4214 1772 4279 sive,
1828 4221 1888 4267 ut
1935 4216 2123 4271 verisio

538 4309 719 4365 milius
769 4306 1003 4373 videtur,
1058 4306 1431 4372 Nivernensis,
1481 4306 1621 4362 sicut
1650 4309 2026 4365 adnotavimus
2055 4310 2123 4366 ad

541 4415 660 4469 cap.
686 4397 757 4452 ‘24
788 4397 880 4454 lib.
906 4413 961 4453 ιιι
988 4396 1087 4466 Op.
1111 4397 1259 4453 Fort.
1281 4399 1329 4454 Is
1345 4398 1486 4453 enim
1507 4401 1747 4456 scribens
1765 4402 1830 4456 ad
1852 4405 2122 4470 eumdem,

2337 1888 2487 1938 Exsul
2506 1889 2567 1937 ab
2592 1887 2721 1937 Italia
2748 1898 2893 1947 nono,
2922 1892 3058 1947 puto,
3081 1886 3248 1936 volvor
3266 1898 3315 1934 .n
3336 1897 3481 1944 anno,

2398 1951 2595 2000 Litteris
2620 1954 2803 2000 Oceani
2828 1953 3143 2010 coutiguaute
3175 1948 3293 1998 salo.

2334 2010 2575 2075 Tempora
2595 2022 2665 2062 tut
2689 2011 2904 2075 fugiunt,
2927 2020 2977 2061 et
2996 2012 3150 2059 adhuc
3178 2013 3457 2075 perscripta
3476 2015 3732 2075 parentum

2397 2076 2571 2125 Nullus
2601 2077 2660 2123 ab
2679 2074 2896 2124 exclusis
2915 2090 2994 2123 me
3020 2078 3265 2124 recreaxit
3287 2086 3430 2136 apex.

2210 2159 2402 2215 Adhuc
2424 2174 2553 2215 vero
2582 2159 2948 2213 miserabilius
2984 2174 3139 2213 suum
3178 2159 3248 2212 ab
3294 2158 3444 2213 Italia
3491 2157 3792 2229 digressum

2212 2253 2535 2307 lamentatur
2564 2252 2657 2304 lib.
2690 2268 2763 2319 vr,
2792 2266 2896 2320 cap
2920 2252 3009 2316 IO,
3043 2253 3123 2305 his
3151 2251 3375 2306 verbis?

2306 2344 2518 2394 Tristius
2539 2354 2651 2392 erro
2676 2343 2839 2402 nimis,
2872 2344 3038 2405 patriis
3058 2354 3213 2401 vagus
3235 2341 3378 2391 exsul
3401 2342 3462 2389 ab
3482 2343 3601 2405 oris,

2366 2405 2521 2466 Quam
2544 2407 2608 2455 sit
2623 2406 2893 2466 Apolloniis
2911 2404 3174 2469 naufragus
3197 2406 3378 2469 hospes
3397 2405 3550 2467 aquis.

2283 2489 2375 2546 5f.
2424 2491 2608 2562 Neque
2646 2491 2810 2547 altera
2844 2492 3216 2561 praetereunda
3240 2503 3404 2545 eausa
3434 2499 3518 2546 est
3538 2488 3608 2544 ob
3634 2502 3797 2559 quam

2210 2584 2255 2640 is
2298 2583 2352 2638 in
2392 2583 2567 2638 Gallia
2598 2586 2980 2655 permanserit,
3009 2599 3111 2640 nec
3152 2583 3221 2639 ad
3262 2597 3392 2641 suos
3435 2582 3664 2653 amplius
3702 2595 3796 2639 re-

2211 2694 2399 2736 versus
2430 2680 2521 2733 sit.
2554 2677 2702 2735 liauc
2732 2687 2911 2735 autem
2941 2679 3057 2749 ipse
3082 2678 3239 2736 nobis
3262 2678 3501 2735 declarat
3532 2678 3634 2735 lib.
3662 2690 3783 2746 vur,

2212 2786 2331 2842 cap.
2360 2772 2413 2840 l,
2440 2772 2724 2841 inquiens:

2309 2862 2562 2926 Mat-tinum
2587 2866 2806 2924 cupiens,
2834 2871 2946 2915 voto
2980 2861 3296 2926 Radeguudis
3318 2863 3517 2924 adhasl.

2360 2925 2519 2985 Quam
2541 2928 2714 2988 genuit
2736 2926 2862 2977 coelo
2880 2934 3009 2976 terra
3031 2925 3241 2989 'i‘oringa
3266 2940 3424 2977 sacro.

2211 3011 2270 3067 id
2293 3021 2412 3078 eet,
2459 3026 2580 3065 cum
2621 3026 2686 3066 eo
2729 3012 2953 3066 consilio
2976 3013 3030 3067 in
3081 3012 3309 3067 Galliam
3366 3011 3637 3080 venisset,
3692 3026 3799 3082 quo

2214 3108 2386 3160 sancti
2408 3104 2613 3159 Martini
2644 3106 2950 3175 sepulcrum
2979 3106 3252 3175 inviseret,
3274 3119 3337 3161 ac
3360 3118 3469 3161 Suro
3499 3122 3625 3179 erga
3650 3107 3800 3163 illum

2216 3199 2399 3268 pietati
2429 3197 2763 3254 satisfaceret
2796 3241 2812 3266 ,
2854 3198 3222 3270 Radegundis,
3254 3201 3511 3270 piissimo:
3560 3201 3796 3273 femime,

2212 3293 2463 3361 precibus
2509 3308 2572 3348 ac
2604 3294 2745 3348 vctis
2790 3303 3031 3349 retentus
3059 3304 3166 3360 est,
3194 3296 3482 3364 quominus
3514 3296 3565 3349 in
3591 3293 3800 3349 Italiam

2213 3396 2608 3449 reverteretur;
2641 3401 2704 3439 ac
2742 3385 2868 3440 inde
2911 3386 3110 3441 factum
3153 3398 3210 3442 ut
3237 3387 3292 3443 in
3337 3385 3507 3443 Gallia
3536 3388 3801 3458 reliquum

2216 3477 2338 3531 vita:
2367 3492 2479 3531 suae
2505 3478 2737 3545 Spatium
2763 3478 3084 3534 traduceret.
3768 3458 3777 3465 ’

2289 3570 2379 3627 52.
2432 3570 2695 3640 Quoniam
2756 3587 2888 3627 vero
2936 3572 3004 3627 de
3073 3571 3401 3644 Radegunde
3458 3565 3659 3626 mentio
3722 3578 3807 3625 est

2218 3663 2378 3731 facta,
2401 3666 2555 3735 cujus
2580 3664 2814 3719 maxime
2846 3680 3010 3736 opera
3034 3665 3084 3720 id
3110 3666 3401 3737 praestitum
3434 3665 3554 3732 fuit,
3587 3672 3642 3717 ut
3672 3663 3805 3718 It'or—

2220 3769 2433 3815 lunatas
2492 3760 2547 3812 in
2596 3757 2768 3813 Gallia
2812 3770 3139 3825 remaneret,
3190 3775 3457 3829 quemque
3506 3758 3596 3812 illa
3640 3755 3809 3811 coluit

2221 3865 2459 3922 semper,
2491 3860 2653 3921 atque
2684 3851 2936 3905 omnibus
2968 3852 3303 3906 liberalitatis
3332 3860 3387 3905 et
3417 3848 3809 3906 benevolentia:

2222 3944 2414 3999 officiis
2450 3955 2530 4001 est
2563 3954 2862 4016 prosecuta,
2898 3945 3040 3999 haud
3091 3945 3193 4000 erit
3251 3944 3485 3999 alienum
3543 3942 3611 3997 de
3662 3941 3810 4011 regio

2222 4037 2338 4108 ejus
2369 4052 2565 4107 genere
2598 4052 2661 4092 ac
2689 4035 2928 4105 fortuna,
2964 4052 3061 4091 nec
3092 4053 3196 4090 non
3241 4038 3309 4092 de
3352 4036 3563 4107 egregia
3611 4036 3811 4094 virtute

2224 4147 2286 4185 ac
2320 4133 2693 4199 sanctimoitia,
2741 4130 3228 4198 nonnulla'dicere,
3252 4131 3501 4201 equibus
3536 4130 3601 4184 ad
3636 4130 3815 4189 Vitam

2226 4223 2503 4279 Fortunati
2525 4238 2577 4278 et
2607 4228 2857 4295 pleraque
2902 4227 3019 4294 ejus
3054 4235 3299 4296 poemata
3331 4226 3643 4280 illustranda
3696 4227 3817 4295 plu-

2226 4316 2419 4371 rimum
2467 4317 2600 4371 lucis
2658 4315 2783 4371 addi
2833 4317 3021 4386 p05sit.
3072 4317 3195 4372 Fuit
3247 4318 3427 4388 itaque
3471 4316 3817 4389 ltadegundis

2230 4411 2513 4476 Bertharii,
2544 4414 2685 4480 regis
2711 4408 3130 4483 Tuuriugorum,
3161 4412 3292 4480 lilia,
3335 4427 3494 4482 quem
3525 4426 3645 4466 cum
3682 4410 3819 4466 lier-

543 4508 649 4551 non
681 4493 852 4547 solum
886 4507 944 4547 se
969 4507 1089 4547 cum
1122 4491 1215 4548 illo
1245 4492 1442 4549 vixisse
1470 4509 1657 4561 priest:
1685 4497 1807 4562 fert,
1830 4498 1931 4552 sed
1959 4498 2124 4553 etiam
2148 4516 2204 4581 θ
2232 4506 2579 4572 menebidus,
2613 4519 2902 4576 germanus
2935 4507 3178 4575 ejusdem
3206 4507 3389 4574 frater,
3434 4507 3815 4577 oppressisset,

542 4588 611 4645 ab
637 4590 841 4658 optimo
866 4587 1111 4657 ejusdem
1152 4595 1379 4656 parente
1416 4589 1669 4657 doctum,
1722 4591 2021 4647 institutum
2064 4604 2130 4649 ac

546 4693 760 4753 pastum
792 4682 982 4747 fuisse,
1015 4687 1241 4734 testatur
1270 4680 1419 4736 hisce
1445 4682 1689 4738 versibus
1724 4702 1739 4738 :

670 4794 791 4860 Cum
810 4807 918 4860 mea
943 4800 1246 4860 terramauu
1271 4794 1454 4860 meruit
1465 4795 1713 4860 genitoris
1735 4799 1883 4860 arari,

730 4848 979 4905 Reddatur
1003 4858 1099 4905 nati
1127 4868 1328 4904 vomere
1361 4848 1500 4905 culta?
1512 4859 1604 4907 sui.

669 4918 791 4984 Nutu
819 4927 973 4984 pater,
993 4917 1173 4967 affectu
1191 4917 1340 4984 dulci,
1360 4918 1695 4968 memorabilis
1712 4918 1842 4984 orbi,

736 4982 817 5030 Ie
841 4983 1084 5030 vobiscum
1111 4994 1209 5030 uno
1226 4982 1343 5031 fovit
1366 4993 1531 5031 amore
1557 4984 1697 5031 duos.

672 5042 828 5113 Coide
856 5058 1047 5113 parens,
1074 5055 1211 5113 p-stu
1233 5046 1417 5113 nutrix,
1439 5046 1602 5113 bonus
1613 5057 1699 5113 ore
1720 5046 1978 5109 magister,

738 5104 943 5165 Dileslt,
971 5104 1141 5166 roln'it,
1168 5109 1319 5167 rexit,
1348 5108 1554 5155 honesta
1574 5107 1728 5157 dedit.

666 5169 766 5218 Ille
784 5172 866 5227 pio
878 5171 1040 5217 studio
1060 5169 1241 5217 sulcata
1266 5167 1454 5219 novalia
1479 5172 1638 5221 sevit:

740 5230 875 5290 Quod
902 5231 1048 5281 Pater
1072 5233 1262 5295 eti‘udit,
1286 5234 1378 5283 hoc
1399 5233 1523 5282 mihi
1543 5244 1587 5280 St
1603 5243 1717 5282 men
1736 5230 1835 5282 ale.

558 5338 670 5395 [Ioc
714 5339 895 5409 itaque
939 5340 1173 5410 ImSpitio
1219 5354 1372 5394 usum
1424 5338 1745 5395 crediderim
1788 5337 2138 5397 Fortunatutn

559 5442 842 5499 antequam
880 5432 1191 5501 Itattcgundi
1227 5433 1327 5502 (de
1364 5447 1469 5500 qua
1517 5444 1645 5489 mox
1687 5433 1792 5488 erit
1820 5433 2040 5505 sermo)
2084 5443 2141 5491 et

559 5525 675 5594 ejus
726 5524 953 5595 Negotiis
1000 5525 1350 5579 Conﬁciendis
1404 5541 1463 5581 se
1518 5527 1736 5593 penitus
1780 5528 1949 5593 daret,
1982 5542 2141 5600 aqua

560 5618 751 5673 deinde
779 5619 916 5673 haud
944 5620 1143 5675 diutius
1176 5619 1382 5672 videtur
1411 5608 1681 5677 abfuisse.-

634 5711 723 5763 b’O.
757 5712 887 5765 Illud
921 5728 1048 5768 vero
1080 5714 1181 5770 hoc
1210 5713 1312 5769 loci
1336 5715 1504 5785 quaeri
1533 5716 1697 5783 solet,
1724 5716 2046 5788 quibusnam
2074 5717 2146 5775 de

558 5801 740 5865 causis
769 5800 1113 5875 Fortunatus,
1146 5819 1490 5881 posteaquam
1521 5817 1701 5868 votum
1726 5826 1882 5869 suum
1907 5811 2142 5875 Turonis

2233 4598 2602 4669 Radegundis,
2635 4602 2822 4656 adhuc
2847 4603 3043 4673 puella,
3075 4612 3229 4674 patre
3256 4604 3408 4671 orba,
3444 4602 3615 4670 patrui
3647 4602 3699 4656 in
3734 4610 3820 4658 tu-

2234 4693 2345 4747 tela
2377 4694 2558 4749 rclicta
2590 4703 2674 4748 est
2705 4691 2887 4765 (Greg.
2919 4692 3115 4749 Turon.
3149 4710 3207 4750 ιιι
3233 4693 3375 4749 Hist.
3408 4691 3628 4762 Frena,
3658 4710 3703 4750 ο.
3736 4692 3819 4766 4).

2236 4784 2427 4841 Postea
2457 4800 2589 4841 vero
2622 4784 3036 4842 Hermenefrido
3088 4789 3203 4858 ipso
3257 4802 3287 4841 a
3317 4786 3645 4844 Francorum
3676 4788 3824 4857 regi—
3918 4826 3933 4835 .

2235 4876 2334 4932 bus
2387 4877 2623 4934 Clotario
2672 4885 2725 4932 et
2772 4877 3118 4933 Theoderico
3168 4888 3422 4949 superato
3474 4887 3527 4934 et
3577 4879 3823 4949 devicto,

2237 4967 2498 5022 eademin
2524 4965 2751 5023 Galliam
2797 4968 3022 5049 adducta
3050 4971 3260 5042 captiva
3290 4982 3403 5039 est;
3446 4971 3516 5028 de
3552 4987 3657 5044 qua
3700 4988 3826 5030 cum

2239 5062 2629 5120 Theodericum
2684 5066 2823 5121 inter
2881 5083 2945 5122 ac
2990 5068 3290 5126 Clotarium
3333 5070 3610 5128 contentio
3635 5068 3830 5127 fuisset

2241 5167 2448 5224 exorta,
2503 5159 2607 5213 utri
2678 5174 2813 5214 uxor
2861 5161 3185 5233 obtingeret,
3244 5164 3372 5219 vicit
3427 5163 3717 5228 Ciotarius,
3762 5179 3830 5238 ac

2241 5250 2436 5318 eidem,
2464 5252 2644 5307 statim
2668 5263 2829 5325 atque
2861 5270 2955 5322 per
2978 5267 3187 5312 aetatem
3215 5257 3401 5326 puellm
3427 5257 3599 5325 licuit,
3623 5258 3827 5328 nupsit,

2242 5350 2363 5392 cum
2392 5352 2511 5392 eam
2544 5341 2750 5394 interea
2783 5340 2926 5411 regia
2954 5341 3007 5396 in
3050 5343 3172 5395 villa
3226 5342 3555 5397 educandam
3610 5360 3673 5398 ac
3725 5360 3826 5398 uu-

2206 5431 2511 5496 ,triendam
2561 5436 2880 5490 custodibus
2914 5436 3220 5490 tradidisset
3264 5436 3467 5508 (Fam,
3516 5455 3568 5491 η.
3604 5436 3636 5489 2
3696 5437 3831 5494 Vita

2246 5524 2432 5597 Ruit).
2468 5525 2660 5581 Verum
2697 5530 2903 5596 regales
2948 5529 3145 5599 nuptiae
3195 5529 3506 5600 deliciaaque
3550 5531 3685 5584 aulae
3731 5546 3828 5603 pog

2248 5623 2561 5679 lentissima:
2593 5623 2718 5677 illud
2752 5622 2966 5691 pietatis
2995 5639 3057 5678 ac
3103 5624 3378 5693 τειιοίυιιῐε
3421 5624 3655 5679 studium
3686 5624 3828 5694 quod

2244 5710 2300 5775 in
2333 5721 2556 5789 luscinia
2587 5719 2699 5789 jam
2739 5720 3012 5788 eluserat,
3050 5722 3206 5776 solita
3236 5721 3351 5776 suis
3380 5722 3629 5776 manibus
3664 5722 3829 5779 imam

2248 5815 2500 5872 altarium
2532 5824 2734 5885 partem
2769 5824 2998 5888 tergere,
3046 5825 3098 5873 et
3143 5829 3426 5886 puerorum
3475 5813 3693 5884 choros,
3747 5815 3829 5875 di-
